3497 4404
1807 201 0 0 252

191 298 142 47 Franz
364 298 163 47 Müller
559 296 89 50 und
678 298 281 48 sämmtliche
988 296 251 64 Anhänger
1269 296 80 47 der
1373 313 50 30 so
1453 303 261 57 genannten

188 389 145 32 neuen
364 375 196 47 Schule?
616 375 74 47 Sie
728 375 84 47 alle
842 374 261 48 verkünden
1136 390 81 31 uns
1247 373 84 47 den
1363 388 185 49 grossen
1584 374 104 44 Fort-

187 451 173 56 schritt,
403 451 100 47 dass
543 451 97 55 „die
675 451 316 64 Fntwicklung
1021 450 79 48 der
1131 451 238 47 Tonkunst
1396 450 91 47 sich
1522 449 77 47 mit
1628 449 86 47 den

187 527 197 47 Schulen
414 529 207 47 Mozart's
653 529 88 45 und
776 529 291 45 Beethoven's
1104 527 229 64 erschöpft
1363 526 135 56 habe,
1540 525 101 47 dass
1670 525 44 47 in

188 605 145 47 dieser
361 605 337 65 Entwicklung,
739 605 70 48 die
851 605 92 48 sich
983 614 155 56 streng
1178 605 81 47 auf
1294 604 78 48 das
1405 604 310 47 musicalische

188 682 163 46 Gebiet
380 681 312 55 beschränkte,
724 699 78 32 wo
833 686 39 45 A
891 684 34 45 11
941 699 55 32 es
1039 681 328 66 ausgelebt,
1411 680 303 47 erstorben

187 759 217 56 schien,
438 759 209 63 Wagner
673 757 87 50 den
783 760 189 47 Anstoss
1001 776 51 31 zu
1084 760 124 47 einer
1231 775 146 31 neuen
1401 756 287 48 Kunstentfal-

187 842 110 58 tung
328 835 206 63 gegeben
567 836 132 48 habe.
758 837 82 47 Die
880 837 148 49 Musik
1075 854 95 30 war
1213 836 67 47 bei
1325 836 146 46 ihrem
1509 835 180 47 Schluss-

188 912 170 65 punkte
389 914 352 63 angekommen,
784 914 80 49 der
896 914 170 54 Boden,
1110 912 196 50 welcher
1343 912 151 47 bisher
1524 911 69 47 ihr
1625 912 60 47 Ge-

186 990 161 47 deihen
379 990 219 56 förderte,
630 1008 112 31 war
780 992 151 47 nicht
971 992 148 46 mehr
1160 990 345 48 vorhanden.
1556 988 159 49 Dieser

190 1069 156 46 Boden
377 1085 94 30 war
501 1070 326 62 vorzugsweise
863 1069 80 48 das
978 1070 42 47 in
1059 1069 92 46 sich
1190 1069 404 63 zurückgezogene
1626 1069 59 45 Ge-

188 1146 304 55 müthsleben,
515 1146 69 46 die
607 1146 243 65 subjective
874 1146 332 48 Innerlichkeit.
1235 1147 117 46 Jetzt
1373 1146 52 46 ist
1449 1146 98 46 eine
1569 1145 109 47 Wen-

187 1223 123 63 dung
352 1222 113 47 nach
510 1239 160 31 aussen
714 1225 72 47 hin
828 1225 300 62 eingetreten,
1160 1240 103 30 man
1294 1223 78 47 hat
1401 1222 142 47 dieses
1571 1221 143 48 Reich

186 1300 76 47 des
283 1300 164 45 Innern
471 1301 238 47 verlassen.
741 1298 73 68 [Ja
840 1302 137 55 wohl,
1000 1301 49 65 ja
1072 1300 161 64 wohl!]
1265 1301 123 47 Alles
1411 1301 164 63 drängt
1598 1298 114 49 nach

190 1376 336 57 Wirklichkeit,
569 1378 115 47 nach
729 1380 270 63 Gestaltung
1042 1378 80 49 der
1162 1383 212 44 äusseren
1420 1377 144 48 Welt.
1620 1378 94 46 Das

184 1470 116 30 neue
332 1455 274 47 Kunstwerk
652 1456 53 47 ist
747 1456 70 48 die
851 1457 154 64 jenem
1037 1457 188 62 Drange
1266 1456 114 47 nach
1424 1471 160 32 aussen
1616 1461 74 41 ent-

184 1531 279 65 sprechende
482 1532 313 66 Erscheinung
813 1533 81 50 auf
907 1535 357 47 musicalischem
1547 1533 137 61 (Bren-

184 1610 88 53 del,
304 1608 268 49 Geschichte
602 1611 79 47 der
711 1612 164 53 Musik,
905 1612 72 55 IL,
1009 1610 144 66 593.)

304 1686 255 56 Wahrlich,
590 1704 45 30 es
667 1688 90 47 hält
784 1690 195 54 schwer,
1009 1688 122 49 diese
1161 1688 92 47 und
1278 1687 208 48 ähnliche
1509 1687 202 47 Phrasen

184 1763 121 46 nicht
336 1763 74 46 für
441 1762 160 48 bittere
631 1766 148 47 Ironie
814 1782 54 32 zu
907 1766 172 48 halten!
1139 1766 295 62 Wenigstens
1476 1763 239 64 widerlegt

183 1841 142 47 nichts
369 1841 152 47 besser
563 1841 121 49 diese
725 1860 141 47 ganze
911 1844 215 54 Theorie,
1170 1844 63 47 als
1280 1843 72 47 die
1388 1843 324 64 Behauptung,

183 1918 100 47 dass
314 1918 77 47 das
431 1919 70 55 „in
544 1919 91 47 sich
676 1921 404 64 zurückgezogene
1109 1921 359 48 Gemüthsleben
1507 1919 90 49 und
1642 1919 72 49 die

182 1994 244 65 subjective
831 2015 80 31 aus
935 1998 80 48 der
1034 1998 131 48 Welt
1186 1997 359 48 verschwunden
1569 1997 143 47 seien!

300 2074 199 63 Zufällig
536 2076 107 62 liegt
685 2092 81 31 uns
803 2077 56 48 da
902 2077 116 48 noch
1059 2078 69 46 ein
1160 2077 218 47 Büchlein
1423 2092 80 31 vor
1533 2078 182 61 Augen,

184 2149 78 46 das
291 2148 245 50 denselben
563 2152 113 47 Titel
710 2153 142 57 führt,
884 2154 84 47 wie
993 2170 135 31 unser
1151 2154 110 49 altes
1286 2170 82 31 von
1401 2152 163 54 1795,
1587 2157 96 43 näm-

183 2227 111 48 lich:
342 2229 142 54 „Der
526 2229 158 49 Geist
724 2231 97 48 der
1226 2248 84 31 von
1355 2233 80 46 Dr.
1476 2231 239 64 Ludwig

186 2304 155 47 Nohl.
398 2304 235 50 Wiewohl
664 2308 121 47 Herr
813 2308 119 48 Nohl
969 2309 123 47 nicht
1119 2309 45 47 in
1194 2307 80 49 das
1303 2308 132 47 Horn
1465 2308 81 48 der
1575 2325 112 31 neue-

184 2388 96 41 sten
311 2382 167 48 Schule
516 2387 147 54 stösst,
700 2385 194 49 sondern
936 2388 116 46 noch
1096 2403 55 32 an
1181 2387 289 48 Autoritäten
1503 2387 84 47 wie
1616 2387 66 47 Vi-

184 2459 190 56 schel-,
405 2459 55 48 0.
483 2460 168 56 Jahn,
681 2463 116 47 auch
828 2464 159 47 Marx
1016 2464 177 64 glaubt,
1223 2481 80 30 aus
1327 2464 139 47 deren
1490 2463 225 48 Schriften

186 2553 47 31 er
262 2538 98 55 viel,
398 2538 105 47 sehr
532 2539 80 47 viel
653 2558 293 46 genommen,
991 2559 93 31 was
1122 2559 49 31 er
1213 2542 217 63 übrigens
1473 2542 116 47 auch
1634 2558 82 48 gar

187 2614 121 47 nicht
348 2615 198 64 läugnet,
588 2632 49 32 so
677 2618 52 47 ist
766 2634 46 32 es
841 2619 117 47 doch
996 2618 270 57 sonderbar,
1310 2618 100 48 dass
1454 2634 47 32 er
1543 2619 171 47 seinem

191 2692 213 47 Büchlein
436 2693 128 47 einen
595 2709 48 32 so
673 2697 395 63 anspruchsvollen
1100 2698 114 47 Titel
1254 2698 226 63 gegeben,
1523 2697 57 47 da
1611 2713 104 32 man

188 2784 84 32 von
304 2769 367 66 Erläuterungen
715 2774 111 46 oder
856 2774 319 65 Belehrungen
1217 2773 116 48 über
1363 2773 86 49 den
1480 2774 126 48 Geist
1634 2773 82 49 der

190 2847 237 46 Tonkunst
456 2848 56 47 im
539 2850 313 63 Allgemeinen
874 2867 47 32 so
946 2859 82 56 gut
1058 2853 83 46 wie
1170 2852 143 47 nichts
1344 2852 138 47 findet
1517 2852 89 47 und
1637 2853 79 47 das

190 2924 149 47 Ganze
371 2925 128 47 mehr
529 2927 97 47 eine
658 2928 264 48 historische
946 2928 270 49 Uebersicht
1245 2929 115 48 über
1390 2929 71 47 die
1485 2930 202 47 Entwick-

188 3001 107 63 lung
327 3001 78 49 der
435 3003 146 47 Musik
615 3005 77 46 mit
722 3007 298 63 eingefügten
1045 3007 418 48 Charakteristiken
1495 3008 222 47 einzelner

188 3079 200 48 Musiker
430 3080 111 48 oder
586 3083 222 48 einzelner
841 3084 178 48 Werke
1058 3084 239 50 derselben
1335 3085 109 62 gibt.
1501 3087 84 47 Die
1614 3088 103 54 Art,

190 3156 83 47 wie
304 3158 120 47 Herr
452 3159 121 47 Nohl
604 3178 31 29 z.
670 3161 48 47 B.
747 3178 55 30 an
835 3163 174 47 Mozart
1035 3163 132 65 zeigt,
1212 3163 84 47 wie
1327 3163 145 47 dieser
1501 3164 218 48 Künstler

190 3234 78 47 das
303 3234 170 48 Wesen
503 3235 80 47 der
614 3239 146 46 Musik
804 3240 112 47 nach
963 3240 225 48 Vischer's
1231 3240 117 47 oben
1390 3241 326 63 angeführtem

191 3311 289 64 Ausspruche
524 3313 40 47 in
605 3315 151 47 seinen
791 3316 206 49 Werken
1035 3334 79 31 zur
1147 3318 316 63 Erscheinung
1498 3319 221 62 gebracht

190 3388 135 57 habe,
367 3393 134 61 möge
531 3391 62 47 als
625 3393 98 47 eine
756 3393 149 48 Probe
932 3395 145 48 seiner
1108 3395 296 64 Darstellung
1434 3395 97 48 hier
1559 3396 158 47 stehen

191 3465 63 65 (S.
290 3466 99 49 101
426 3468 90 64 ff.):

319 3545 113 53 „Die
463 3546 127 64 Oper
620 3549 102 46 Don
751 3549 118 48 Juan
907 3550 53 47 ist
991 3556 112 41 trotz
1133 3549 76 48 des
1240 3549 127 49 darin
1396 3550 289 48 vorkommen-

192 3620 85 48 den
313 3621 235 47 Wunders
591 3624 79 47 der
713 3626 352 47 unermessliche
1110 3628 294 63 Fortgang
1444 3644 113 32 vom
1603 3629 76 65 My-

192 3700 125 47 thos
353 3716 92 31 zur
482 3701 334 66 lebendigen
858 3704 425 49 Wirklichkeit.
1326 3706 174 47 Mozart
1531 3723 95 32 war
1655 3724 64 39 es,

191 3776 80 48 der
303 3777 80 47 der
413 3779 146 47 Musik
592 3779 69 47 die
691 3798 139 45 ganze
863 3782 128 47 Welt
1019 3782 81 47 der
1131 3782 149 49 realen
1311 3782 142 49 Stoffe
1482 3785 235 48 erschloss.

192 3856 104 47 Man
320 3855 116 48 sieht
454 3855 92 48 dies
571 3856 213 65 nirgends
807 3859 264 57 deutlicher,
1101 3860 64 49 als
1195 3875 56 32 an
1282 3860 143 48 dieser
1449 3863 73 63 Op
1529 3879 61 30 er.
1635 3864 84 47 Die

192 3932 333 64 gespenstische
555 3934 268 48 Geschichte
854 3936 78 47 der
965 3936 314 65 Erscheinung
1308 3936 77 48 des
1410 3939 307 49 Commodore

195 4007 128 65 [Wie
347 4010 173 48 kommt
544 4012 120 46 Herr
690 4012 118 47 Nohl
832 4012 128 58 dazu,
986 4014 85 48 den
1091 4014 454 50 Commendatorezu
1570 4017 146 49 einem

197 4086 201 48 Admiral
421 4106 49 30 zu
498 4089 241 63 machen?]
770 4091 55 47 ist
852 4099 112 40 trotz
996 4094 130 47 allem
1159 4092 335 50 wunderbaren
1524 4095 193 49 Scheine

1790 294 142 48 nichts
1962 294 63 47 als
2055 294 69 46 ein
2158 291 394 66 psychologischer
2583 291 237 64 Vorgang,
2868 291 80 50 der
2987 308 80 32 aus
3108 294 102 46 dem
3251 295 48 46 In-

1790 389 109 29 nern
1931 373 77 45 des
2037 371 325 63 Wollüstlings
2394 370 102 46 Don
2529 370 217 47 Giovanni
2790 387 55 30 an
2877 370 80 47 das
2987 370 131 47 Licht
3147 371 79 47 der
3258 373 39 45 le-

1791 449 224 63 bendigen
2055 453 214 43 äusseren
2312 446 315 64 Erscheinung
2670 464 202 47 gezogen
2917 446 131 57 wird,
3091 447 143 47 damit
3277 465 48 31 er

1790 526 263 62 überhaupt
2096 541 87 31 nur
2225 522 275 49 dramatisch
2533 522 273 49 darstellbar
2836 524 168 47 werde.
3060 525 66 47 Er
3155 525 55 46 ist
3241 526 84 47 wie

1790 604 70 47 die
1893 602 315 63 Erscheinung
2248 601 78 47 des
2361 600 259 65 Erdgeistes
2658 601 59 47 im
2760 602 154 54 Faust,
2958 601 71 47 die
3058 602 164 47 Hexen
3265 604 58 47 im

1790 680 231 53 Macbeth,
2051 680 80 46 der
2162 679 126 47 Geist
2317 679 57 47 im
2401 679 202 53 Hamlet,
2633 679 122 47 nicht
2778 679 99 47 eine
2901 679 395 47 Theater-Maschi-

1790 759 139 54 nerie,
1954 774 74 30 um
2061 756 72 47 die
2158 756 201 62 Figuren
2383 754 77 48 des
2484 755 191 47 Stückes
2707 756 42 46 in
2775 756 266 62 Bewegung
3076 774 51 29 zu
3152 764 167 51 setzen,

1788 834 199 48 sondern
2018 850 46 32 es
2095 835 53 46 ist
2177 834 97 47 hier
2303 832 80 47 das
2412 834 180 53 Innere,
2623 832 77 49 das
2718 832 232 49 Gewissen
2976 834 79 47 des
3079 835 245 46 Menschen

1791 911 362 65 herausgestellt,
2196 910 81 48 der
2313 910 94 47 sich
2437 910 78 48 des
2548 911 145 47 Bösen
2726 910 200 48 bewusst
2956 910 69 57 ist,
3070 910 101 48 dass
3202 928 48 30 er
3283 911 42 47 in

1788 990 171 47 seinem
1994 988 295 65 Eigenwillen
2329 987 92 47 sich
2454 1004 146 47 gegen
2632 986 86 48 den
2754 988 170 47 Willen
2956 987 80 48 der
3067 988 224 47 Gesammt-

1788 1066 92 48 heit
1909 1070 180 61 empört
2120 1065 90 48 hat.
2269 1066 59 46 Es
2368 1063 54 49 ist
2455 1063 341 58 Wirklichkeit,
2841 1065 214 66 lebendig
3093 1066 233 63 gefühlter

1791 1145 235 63 Vorgang,
2060 1143 92 49 und
2182 1142 210 48 desshalb
2422 1159 84 31 von
2536 1141 83 48 der
2650 1142 148 48 Musik
2831 1143 79 47 mit
2938 1160 48 30 so
3018 1143 283 47 unübertreff-

1787 1222 140 47 licher
1960 1221 250 51 Wahrheit
2239 1220 281 64 dargestellt,
2563 1220 85 47 wie
2683 1237 85 30 nur
2798 1220 122 48 diese
2952 1222 148 46 Kunst
3128 1221 200 48 innerste

1785 1300 228 48 Zustände
2045 1301 80 46 der
2154 1297 370 50 Menschenseele
2554 1296 300 49 darzustellen
2886 1314 200 48 vermag.
3132 1298 113 47 Hier
3274 1298 55 47 ist

1787 1377 70 47 ein
1884 1377 208 65 Beispiel,
2122 1376 93 47 und
2244 1375 70 47 ein
2349 1373 335 55 bedeutsames,
2717 1375 84 47 wie
2832 1375 176 48 Mozart
3037 1375 70 47 die
3137 1376 157 47 Seelen-

1788 1455 180 64 kämpfe
2011 1455 77 47 des
2126 1452 310 48 Individuums
2465 1452 282 48 aufzufassen
2785 1452 91 47 und
2915 1452 300 48 darzustellen
3246 1470 52 47 ge-

1790 1540 138 39 wusst
1968 1532 92 55 hat,
2102 1531 90 48 und
2225 1530 178 48 Goethe
2446 1530 125 48 hatte
2610 1530 120 47 wohl
2763 1530 97 48 eine
2891 1531 204 62 Ahnung
3126 1547 84 31 von
3241 1530 82 48 der

1790 1610 332 64 Congenialität
2147 1608 142 47 dieses
2314 1607 206 48 Meisters
2544 1607 79 47 mit
2652 1608 111 55 ihm,
2793 1625 132 30 wenn
2957 1625 49 30 er
3036 1607 76 48 ihn
3144 1608 63 47 als
3238 1608 85 47 den

1790 1688 213 62 Einzigen
2035 1686 306 56 bezeichnete,
2388 1684 81 47 der
2498 1684 71 47 die
2601 1684 150 47 Musik
2789 1702 52 31 zu
2881 1686 171 47 seinem
3095 1687 140 46 Faust
3272 1702 52 31 zu

1786 1766 239 47 schreiben
2055 1764 277 49 vermöchte.
2383 1763 283 48 Gleichwohl
2699 1763 197 48 übersah
2929 1780 65 39 er,
3024 1763 100 48 dass
3155 1764 170 61 gerade

1786 1843 71 47 ein
1877 1843 122 48 solch
2026 1842 329 63 ebenbürtiger
2378 1841 124 48 Geist
2531 1839 122 49 nicht
2683 1839 115 50 dazu
2827 1841 60 47 im
2912 1841 172 48 Stande
3113 1857 212 47 gewesen

1790 1924 138 53 wäre,
1960 1921 91 48 und
2079 1937 121 31 zwar
2232 1936 81 32 aus
2342 1918 103 48 dem
2477 1917 189 49 Grunde
2696 1917 81 49 der
2807 1918 401 65 Ebenbürtigkeit.

1876 1999 116 56 „Die
2015 2006 228 58 genannte
2267 1998 145 47 Scene
2442 2013 81 31 aus
2554 1996 102 48 dem
2683 1997 102 48 Don
2807 1997 121 47 Juan
2958 1997 99 63 gibt
3085 1997 131 48 einen
3249 1997 51 48 be-

1787 2076 268 48 deutsamen
2087 2074 267 51 Aufschluss
2393 2074 116 47 über
2538 2074 211 49 Mozart's
2793 2091 142 46 ganze
2966 2074 330 65 Anschauungs-

1791 2154 133 49 weise
1948 2154 42 47 in
2012 2154 88 47 den
2125 2153 217 50 höchsten
2366 2153 196 62 Dingen.
2592 2153 99 47 Nur
2722 2152 70 47 ein
2815 2152 141 56 Geist,
2986 2152 98 56 der,
3109 2153 83 46 wir
3217 2154 81 47 wol-

1790 2233 70 46 len
1891 2233 124 47 nicht
2040 2250 157 47 sagen,
2239 2232 43 47 in
2313 2231 102 47 dem
2449 2231 157 47 klaren
2639 2231 320 55 Bewusstsein,
3004 2231 113 47 aber
3161 2231 41 47 in
3246 2231 82 47 der

1790 2309 221 63 gewissen
2035 2307 316 67 Empfindung
2382 2307 107 54 lebt,
2520 2308 102 47 dass
2646 2307 71 47 die
2740 2307 188 54 Schuld,
2958 2323 48 32 so
3032 2308 85 47 wie
3140 2309 61 46 sie
3226 2325 99 31 vom

1790 2387 246 47 Menschen
2067 2387 138 47 selbst
2234 2385 92 47 und
2354 2401 86 30 von
2472 2384 91 47 ihm
2596 2384 131 47 allein
2755 2384 258 64 begangen,
3042 2401 48 31 so
3122 2385 116 47 auch
3271 2402 57 32 an

1791 2466 91 46 ihm
1915 2466 131 46 allein
2093 2464 89 48 und
2224 2464 70 47 bei
2335 2463 153 48 seinen
2519 2462 245 48 Lebzeiten
2793 2463 188 63 gerächt
3013 2463 169 55 werde,
3230 2481 74 30 ver-

1794 2542 177 48 mochte
1999 2558 49 31 so
2078 2543 104 46 sehr
2214 2542 80 47 mit
2319 2540 252 49 Wahrheit
2599 2539 80 48 das
2708 2539 400 65 Schaudergefühl
3142 2540 89 47 und
3258 2540 71 49 die

1791 2622 147 61 Angst
1966 2620 78 49 des
2075 2620 261 49 erwachten
2362 2619 257 47 Gewissens
2644 2636 54 29 zu
2730 2619 161 47 malen.
2921 2619 116 47 Hier
3065 2619 53 47 ist
3147 2619 70 47 die
3244 2620 57 46 Er-

1790 2698 250 63 scheinung
2070 2699 121 46 eines
2222 2697 208 48 Richters
2469 2713 79 31 aus
2571 2695 133 64 jener
2737 2695 145 55 Welt,
2925 2695 118 47 denn
3075 2697 129 47 einen
3235 2697 66 47 sol-

1790 2775 114 47 chen
1934 2775 119 47 stellt
2083 2775 79 47 der
2186 2773 311 51 Commodore
2528 2773 99 54 dar,
2657 2774 122 46 nicht
2811 2773 129 47 mehr
2970 2774 69 46 ein
3067 2774 178 47 Glaube
3274 2792 51 29 zu

1791 2869 197 38 nennen,
2032 2854 41 46 in
2116 2853 102 47 dem
2249 2852 82 47 der
2362 2853 188 46 Dichter
2591 2850 225 65 befangen
2848 2855 139 50 wäre,
3028 2852 197 45 sondern
3257 2852 69 47 ein

1792 2930 297 65 Geglaubtes,
2131 2932 70 47 ein
2230 2947 102 32 vom
2365 2929 199 48 dunklen
2596 2929 159 47 Theile
2784 2928 78 48 des
2892 2929 169 47 Volkes
3091 2947 87 29 nur
3210 2930 115 47 noch

1792 3009 98 46 hier
1918 3009 93 47 und
2041 3008 57 48 da
2129 3007 296 66 Geglaubtes.
2467 3008 101 47 Nur
2597 3007 146 47 einem
2777 3007 166 54 Geiste,
2975 3007 80 47 der
3084 3007 43 47 in
3158 3008 168 47 seinem

1792 3087 230 47 innersten
2054 3087 178 47 Fühlen
2257 3084 213 65 jedwede
2509 3083 346 49 Transcendenz
2888 3084 316 48 überwunden
3253 3085 76 47 hat

1792 3164 92 47 und
1914 3164 43 47 in
1988 3165 91 47 sich
2115 3164 164 65 gewiss
2314 3164 70 55 ist,
2423 3163 102 48 dass
2554 3163 80 47 das
2666 3163 159 63 Ewige
2858 3161 86 49 und
2978 3163 228 47 Göttliche
3236 3163 92 48 sich

1794 3241 123 47 nicht
1947 3243 114 47 hoch
2092 3243 119 47 oben
2251 3241 114 47 über
2401 3240 87 48 den
2523 3240 203 48 Wolken
2771 3240 195 55 aufhält,
3009 3240 197 48 sondern
3246 3257 83 31 uns

1795 3320 40 46 in
1867 3320 264 65 lebendiger
2157 3320 282 64 Gegenwart
2462 3319 57 47 da
2543 3318 91 48 und
2658 3318 105 47 dort
2785 3316 91 49 und
2902 3319 175 47 überall
3105 3318 221 57 umweht,

1795 3396 119 47 kann
1955 3398 93 47 sich
2091 3398 100 47 eine
2229 3396 153 49 solche
2421 3395 127 48 Tiefe
2592 3395 78 48 des
2700 3394 515 57 Schuldbewusstseins,
3259 3396 70 47 ein

1792 3475 177 47 solcher
2015 3475 121 47 Blick
2178 3475 44 46 in
2266 3474 85 48 den
2396 3474 227 47 innersten
2655 3473 403 63 Zusammenhang
3102 3474 110 47 aller
3246 3474 55 46 Er-

1792 3553 310 63 scheinungen
2147 3551 77 49 des
2261 3551 180 49 Lebens
2484 3550 224 56 eröffnen,
2751 3550 85 47 wie
2879 3567 50 31 er
2971 3551 93 46 sich
3103 3551 43 46 in
3183 3550 146 48 dieser

1792 3630 130 65 Oper
1945 3631 128 64 zeigt.
2103 3631 99 47 Nur
2233 3631 76 46 für
2338 3630 130 48 einen
2497 3630 183 47 solchen
2712 3629 54 47 ist
2793 3645 46 31 es
2868 3628 121 48 dann
3019 3629 150 47 ferner
3201 3633 96 61 mög-

1792 3708 103 54 lich,
1938 3708 102 48 dass
2082 3709 110 52 ihm,
2237 3709 84 47 wie
2364 3724 211 32 unserem
2619 3706 203 54 Meister,
2878 3705 80 48 der
3004 3708 203 55 Mensch,
3250 3706 79 47 der

1792 3785 209 65 alleinige
2051 3785 202 56 Mensch,
2303 3802 100 30 zum
2456 3782 321 67 Mittelpunkte
2826 3782 105 49 alles
2990 3785 206 52 Daseins,
3251 3800 78 31 zur

1792 3863 239 63 alleinigen
2054 3863 164 57 Quelle
2248 3863 78 46 des
2347 3861 165 50 Stoffes
2544 3861 76 47 für
2651 3861 123 47 seine
2797 3861 338 48 wunderbaren
3161 3863 140 45 Kunst-

1791 3940 312 66 schöpfungen
2130 3940 125 48 wird.
2289 3941 114 47 Dass
2429 3941 175 46 Mozart
2632 3939 138 47 selbst
2792 3939 91 47 sich
2909 3940 143 47 dieses
3084 3940 122 47 nicht
3226 3955 102 31 zum

1794 4020 157 47 klaren
1978 4020 302 47 Bewusstsein
2304 4017 222 65 gebracht
2553 4017 93 55 hat,
2671 4016 99 48 dass
2793 4017 91 47 sein
2911 4017 277 65 alltägliches
3216 4016 83 47 Ver-

1794 4097 168 55 halten,
2004 4099 92 45 sein
2128 4095 377 48 Kirchenbesuch
2550 4094 103 48 dem
2691 4095 131 48 allem
2865 4113 52 29 zu
2961 4095 365 64 widersprechen
