2321 3820
706 223 140 27 NOTES
883 223 86 27 SUR
1002 224 79 26 LES
1114 224 230 33 MUSIQUES
1378 226 248 32 EXOTIQUES

155 224 81 36 474

157 321 39 39 la
219 321 240 47 troisième,
503 320 66 40 sol
583 319 37 50 b,
647 334 112 39 pour
802 323 167 39 arriver
1006 326 22 35 à
1063 322 39 40 la
1143 322 205 45 dixième,
1370 323 65 39 sol
1450 323 16 33 b
1479 355 8 17 ,
1508 338 116 27 nous
1665 338 165 26 aurons
1863 339 86 26 une
1987 338 181 38 gamme

158 388 212 51 majeure,
390 388 107 40 celle
532 402 54 26 en
607 388 97 40 solb
725 388 187 53 majeur,
939 404 104 26 avec
1067 404 69 27 ses
1170 393 63 38 six
1257 390 174 42 bémols
1449 395 21 36 à
1493 392 38 40 la
1557 391 97 42 clef.

216 455 81 41 Cet
336 466 316 41 arrangement
699 459 239 50 ingénieux
981 459 125 41 est-il
1149 460 57 40 dû
1247 473 56 27 au
1336 460 179 49 hasard,
1557 470 42 31 et
1641 469 110 32 cette
1789 460 296 41 conbinaison
2118 462 52 40 de

159 524 112 40 deux
294 539 205 35 gammes
523 526 177 40 est-elle
720 526 181 41 fortuite
922 527 80 54 ?Je
1026 541 54 26 ne
1113 528 39 40 le
1173 529 113 39 crois
1323 542 96 38 pas,
1455 543 74 26 car
1558 529 72 52 j'ai
1664 543 59 38 pu
1758 528 212 42 observer
2004 527 165 42 d'assez

159 592 247 41 nombreux
456 595 311 51 instruments,
807 605 40 31 et
884 609 191 39 presque
1119 598 199 50 toujours
1359 597 63 40 les
1463 611 105 27 sons
1611 599 165 39 étaient
1818 599 353 51 identiquement

159 661 182 52 pareils.
365 660 79 47 Or,
465 676 46 26 ce
534 663 186 41 résultat
744 673 65 31 est
833 678 123 26 assez
975 664 314 53 remarquable
1306 665 103 40 chez
1436 667 77 40 des
1548 679 112 38 gens
1694 668 74 50 qui
1794 665 123 42 n'ont
1956 680 86 39 que
2077 667 94 40 leur

161 738 187 33 couteau
378 743 114 39 pour
515 731 146 41 tailler
694 741 40 32 et
759 731 195 42 retailler
977 748 60 26 un
1074 734 159 51 simple
1268 747 209 27 morceau
1501 734 51 40 de
1577 734 113 40 bois.

215 797 254 50 D'ailleurs,
494 814 58 26 un
569 799 79 42 fait
673 801 102 40 tend
800 806 22 34 à
847 802 263 40 corroborer
1134 811 108 31 cette
1264 804 185 50 opinion
1477 813 6 24 :
1507 803 29 40 il
1560 803 129 39 m'est
1707 804 143 39 arrivé
1872 805 191 38 maintes
2089 802 83 42 fois

161 867 53 41 de
252 868 188 51 prendre
474 883 59 25 un
574 868 148 41 niverk
727 901 9 14 ,
762 879 118 32 sorte
915 870 53 40 de
1007 871 92 51 lyre
1142 884 53 26 en
1230 884 141 37 usage
1406 872 253 49 également
1694 873 70 47 ici,
1796 880 41 32 et
1862 872 53 40 de
1954 872 219 50 déranger

161 934 186 42 l'accord
370 950 54 26 en
442 945 210 33 tournant
672 938 62 40 les
757 938 106 40 clefs
883 943 21 35 à
928 939 143 40 droite
1091 952 56 28 ou
1174 943 21 35 à
1219 940 189 49 gauche.
1438 939 391 51 Invariablement,
1860 941 40 40 le
1936 942 235 47 musicien,

162 1003 202 54 lorsqu'il
392 1006 170 39 voulait
598 1006 124 52 jouer
755 1011 21 35 à
811 1020 79 27 son
929 1016 116 38 tour,
1082 1013 127 46 après
1244 1008 217 52 quelques
1482 1008 199 51 accords,
1705 1009 261 52 approchait
1990 1008 185 42 l'oreille

163 1074 54 39 de
238 1086 79 27 son
341 1075 285 49 instrument,
650 1082 41 32 et
708 1075 40 39 le
772 1075 274 40 réaccordait
1065 1075 54 40 de
1141 1089 223 27 nouveau.

219 1140 125 40 Dans
364 1150 111 31 cette
498 1143 209 51 musique
741 1141 125 51 fang,
891 1158 59 25 un
981 1142 78 42 fait
1082 1154 66 31 est
1183 1145 254 49 également
1461 1149 21 35 à
1521 1145 198 50 signaler
1745 1156 7 28 :
1780 1145 224 52 plusieurs
2048 1154 126 31 notes

164 1217 100 32 sont
287 1209 105 40 d'un
422 1209 64 51 1/4
515 1210 52 40 de
592 1218 75 32 ton
692 1211 243 40 au-dessus
968 1212 54 39 de
1046 1212 38 40 la
1111 1221 103 32 note
1237 1213 54 40 de
1314 1221 127 32 notre
1467 1227 197 36 gamme,
1710 1227 47 26 ce
1796 1216 76 49 qui
1896 1215 149 39 donne
2086 1227 88 28 une

162 1286 104 31 note
289 1275 181 42 difficile
496 1282 22 35 à
559 1280 131 39 saisir
711 1292 114 39 pour
859 1289 130 32 notre
1012 1281 154 40 oreille
1199 1296 8 24 :
1249 1295 58 27 on
1331 1290 96 32 sent
1461 1296 86 39 que
1585 1296 47 26 ce
1673 1283 112 39 n'est
1827 1297 79 37 pas
1931 1283 131 52 juste,
2090 1296 85 39 que

164 1346 248 51 cependant
436 1359 45 26 ce
499 1344 111 43 n'est
634 1361 79 38 pas
737 1347 118 50 faux,
882 1357 40 32 et
939 1362 115 27 nous
1073 1363 138 27 avons
1235 1357 145 33 toutes
1404 1350 63 40 les
1487 1352 153 50 peines
1661 1350 60 41 du
1741 1352 165 39 monde
1921 1355 21 35 à
1967 1351 39 40 la
2029 1364 124 40 repro-

164 1415 140 40 duire.
330 1413 206 52 Lorsque
559 1429 83 27 nos
663 1418 131 50 petits
817 1416 222 41 chrétiens
1059 1427 308 31 commencent
1392 1423 22 35 à
1439 1420 250 50 apprendre
1719 1432 81 27 nos
1832 1421 252 51 cantiques,
2121 1420 54 40 ils

165 1483 95 39 leur
283 1482 199 40 donnent
501 1484 115 39 ainsi
630 1482 331 54 fréquemment
983 1500 59 26 un
1060 1495 75 31 ton
1150 1495 95 32 tout
1263 1487 271 52 particulier,
1548 1496 40 32 et
1610 1489 75 51 qui
1700 1501 114 27 nous
1828 1492 144 48 paraît
1992 1493 184 46 étrange

167 1555 21 35 à
209 1552 219 50 première
449 1564 99 27 vue.

221 1618 237 41 Peut-être
481 1620 248 52 cependant
767 1620 249 42 faudrait-il
1039 1624 97 39 voir
1172 1623 112 40 dans
1308 1632 65 31 cet
1401 1623 230 41 ensemble
1653 1624 53 40 de
1735 1624 72 39 dix
1832 1632 127 33 notes
1980 1639 60 26 un
2065 1633 110 39 tout,

168 1686 236 41 recherché
420 1702 79 37 par
522 1688 187 41 l'oreille
732 1690 77 40 des
833 1690 211 53 primitifs
1068 1704 173 27 comme
1255 1691 231 41 ensemble
1508 1693 315 52 harmonique.

223 1754 87 41 Les
330 1754 131 52 fangs
479 1770 46 26 se
545 1767 175 31 servent
734 1771 159 28 encore
917 1759 132 40 d'une
1066 1759 138 53 harpe
1228 1764 21 36 à
1275 1775 19 36 7
1320 1761 174 47 cordes,
1520 1761 89 41 dite
1629 1764 179 51 mvègue
1815 1792 8 18 ,
1842 1769 40 32 et
1903 1759 134 43 d'une
2056 1770 124 32 autre

172 1832 119 31 toute
313 1826 240 50 primitive,
573 1825 194 41 obtenue
797 1840 54 27 en
879 1828 234 41 soulevant
1134 1830 109 39 trois
1275 1827 136 42 fibres
1432 1829 132 41 d'une
1595 1831 90 49 tige
1721 1830 53 40 de
1797 1830 176 53 raphia,
1999 1839 42 31 et
2074 1830 107 41 dont

172 1891 39 40 la
237 1891 222 51 longueur
481 1893 225 42 diminuée
730 1897 414 50 progressivement
1167 1911 81 38 par
1266 1898 77 39 des
1364 1897 141 41 lianes
1531 1899 73 51 qui
1630 1898 63 40 les
1712 1907 245 32 resserrent
1978 1903 21 35 à
2022 1898 40 40 la
2090 1900 91 49 tige

172 1961 198 39 donnent
399 1964 24 37 6
446 1970 128 31 notes
610 1961 255 43 différentes
891 1976 8 27 :
924 1963 84 53 j'en
1026 1967 39 37 ai
1090 1965 123 52 parlé
1232 1965 111 40 dans
1368 1965 62 40 les
1444 1964 209 42 Missions
1675 1966 277 54 catholiques.

226 2027 132 50 Mais,
383 2042 114 38 pour
520 2044 59 25 un
596 2030 187 51 profane
802 2036 21 34 à
848 2032 41 39 la
914 2035 224 49 musique,
1164 2042 111 31 cette
1295 2034 125 40 lettre
1462 2043 65 31 est
1552 2034 96 53 déjà
1688 2034 104 40 bien
1832 2035 182 50 longue.
2054 2035 102 41 Puis-

174 2097 219 40 siez-vous
417 2100 267 38 néanmoins
699 2114 27 37 y
759 2108 180 32 trouver
963 2102 217 51 quelques
1213 2103 386 49 renseignements
1631 2102 323 41 intéressants!

227 2163 50 55 Je
309 2164 210 41 demeure
542 2164 226 43 d'ailleurs
792 2172 20 35 à
844 2177 124 32 votre
1007 2170 284 51 disposition,
1336 2178 41 32 et
1398 2184 114 26 vous
1544 2172 95 50 prie
1674 2171 217 51 d'agréer,
1916 2180 80 32 etc.

409 2251 161 52 Congo
603 2252 210 52 français,
851 2270 43 25 21
936 2265 111 42 sept.

1535 2325 129 41 Abbé
1688 2326 54 40 H.
1769 2326 189 50 TRILLE,

1656 2393 268 33 Missionnaire.

219 2493 99 32 ISous
341 2504 110 23 avons
474 2505 81 30 reçu
580 2505 57 23 ces
660 2495 163 41 jours-ci,
847 2496 43 33 de
917 2497 45 31 M.
995 2498 162 39 Rabaud,
1187 2500 192 33 secrétaire
1408 2500 210 41 particulier
1647 2501 46 32 du
1716 2512 235 32 gouverneur
1972 2503 148 42 général
2140 2504 45 31 du

178 2542 169 43 Sénégal,
374 2544 182 39 plusieurs
579 2545 235 33 instruments
835 2547 43 31 de
894 2547 168 42 musique
1082 2548 181 41 africains,
1287 2550 88 33 dont
1419 2550 74 32 l'un
1517 2551 140 40 répond
1680 2559 222 26 exactement
1928 2552 19 32 à
1970 2552 30 33 la
2028 2553 138 41 descrip-

178 2592 75 31 tion
274 2593 180 33 ci-dessus
472 2594 43 31 de
549 2595 45 30 M.
627 2596 119 31 l'abbé
770 2596 115 32 Trille.
909 2596 107 33 Enfin
1040 2599 47 30 M.
1122 2599 475 40 Gervais-Courtellement,
1621 2601 253 41 l'explorateur
1901 2602 82 32 bien
2006 2613 134 30 connu,
2170 2613 16 23 a

178 2641 83 33 bien
283 2643 111 32 voulu
422 2654 91 22 nous
531 2654 159 32 envoyer
710 2655 16 21 2
751 2646 171 33 hautbois
945 2655 32 24 et
995 2658 71 22 une
1087 2648 99 40 paire
1206 2649 43 32 de
1271 2649 184 42 cymbales
1478 2658 202 32 provenant
1703 2651 46 32 du
1771 2651 144 33 Thibet.

221 2692 101 32 Nous
345 2693 191 33 adressons
562 2697 18 29 à
600 2705 66 22 nos
685 2696 307 40 correspondants
1013 2709 65 21 nos
1099 2701 82 36 plus
1204 2698 67 33 vifs
1295 2699 304 33 remerciements.

223 2832 97 31 Pour
343 2833 186 39 terminer,
554 2842 32 25 et
609 2845 94 31 pour
732 2837 200 39 compléter
952 2836 333 45 (provisoirement)
1303 2843 49 28 les
1380 2840 252 43 témoignages
1664 2853 71 31 que
1755 2855 91 21 nous
1867 2845 125 34 avions
2011 2847 137 40 promis
2172 2849 16 30 à

180 2881 47 32 M.
253 2882 140 38 Pollak,
412 2894 92 22 nous
531 2884 158 34 citerons
708 2895 57 23 ces
786 2888 178 40 quelques
982 2887 119 43 lignes
1121 2887 107 34 d'une
1247 2892 103 30 lettre
1374 2892 70 31 très
1472 2891 255 35 considérable
1745 2906 7 19 :

345 2968 128 42 Voici
503 2985 60 25 un
585 2970 231 53 problème
841 2986 85 38 que
949 2973 39 52 je
1019 2987 71 26 me
1128 2983 194 43 permets
1354 2975 53 40 de
1444 2988 111 28 vous
1580 2986 259 33 soumettre.
1874 2978 230 54 Pourquoi
2128 2980 61 40 les

181 3033 172 43 Arabes
377 3038 157 40 ont-ils
569 3053 59 25 un
651 3039 167 50 dégoût
842 3042 35 38 si
903 3046 226 46 prononcé
1150 3054 115 39 pour
1283 3051 126 32 notre
1432 3045 224 50 musique,
1698 3054 42 32 et
1775 3048 416 52 réciproquement?

181 3102 87 41 Les
292 3107 255 50 exceptions
571 3116 100 31 sont
696 3122 134 27 rares.
859 3107 150 42 Est-ce
1033 3124 86 26 une
1143 3112 159 51 simple
1319 3113 208 50 question
1547 3113 309 43 d'éducation?
1886 3115 33 41 11
1943 3125 65 32 est
2037 3130 128 39 cepen-

183 3170 106 42 dant
312 3171 172 42 bizarre
517 3189 85 37 que
626 3184 99 33 tous
758 3177 63 40 les
846 3176 262 53 Orientaux,
1133 3194 27 37 y
1183 3182 193 50 compris
1400 3180 62 40 les
1488 3180 222 51 Hindous,
1736 3188 146 37 même
1917 3199 107 27 ceux
2048 3186 143 40 élevés

184 3239 103 39 chez
308 3253 115 27 nous
452 3255 55 27 ou
541 3256 54 27 en
616 3243 198 54 Europe,
841 3248 118 39 aient
985 3247 38 40 le
1047 3251 144 37 même
1214 3253 109 46 goût
1347 3262 112 40 pour
1481 3263 86 27 une
1600 3265 182 36 gamme
1814 3262 41 32 et
1891 3268 87 27 une
2001 3255 190 40 mélodie

187 3313 87 34 très
298 3307 255 44 différentes
577 3313 77 39 des
674 3316 166 45 nôtres,
866 3323 42 33 et
929 3329 55 27 ne
1004 3327 322 41 comprennent
1346 3320 93 39 rien
1462 3323 22 35 à
1505 3318 282 43 l'harmonie.

410 3390 244 54 Beyrouth,
698 3408 40 38 15
775 3398 267 49 septembre.

1540 3468 94 42 COR.
1639 3485 80 26 LAN
1729 3485 157 35 GETTE,

974 3534 213 33 Professeur
1210 3537 17 30 à
1258 3538 32 29 la
1316 3536 149 32 Faculté
1487 3536 42 32 cle
1559 3537 186 33 médecine
1768 3540 43 32 de
1836 3541 187 40 Beyrouth
2048 3540 131 41 (Syrie)
