3124 4424
123 4211 55 26 686

126 83 125 34 Glanz

128 155 49 29 Ich
197 155 78 31 liege
297 151 96 30 krank
416 159 47 20 am
485 150 142 33 Fenster;

127 203 275 33 Frühlingsaroma.

127 253 138 29 Hundert
287 252 132 28 Schritte
440 251 73 27 über
536 251 56 27 den
616 251 184 31 zartgrünen

512 299 217 29 Wiesenrasen
752 298 46 28 bis
822 305 53 20 zur
899 296 124 28 Donau:

125 353 134 32 Drüben,
278 352 113 33 gerade
412 350 184 34 gegenüber,
619 351 37 27 ist
677 350 66 27 eine
764 347 148 32 Lichtung

841 398 28 27 in
894 397 52 27 der
969 395 55 33 Au,

126 453 53 29 Ein
204 452 111 34 großer
340 451 198 33 Obstgarten,

127 504 184 28 Birnbäume
330 503 26 27 in
376 499 245 31 schneeweißem
638 497 243 30 Blütenschauer

452 551 59 28 und
537 548 253 33 rosaknospende
813 546 210 34 Apfelbäume.

127 603 144 29 Dahinter
292 601 164 34 verriegelt
476 601 48 28 die
543 599 162 29 schwarze
722 597 193 33 Waldkuppe

420 652 54 27 mit
500 651 69 28 dem
595 649 173 29 betürmten
793 643 231 36 Klosterschloß

124 705 68 29 Und
218 703 111 34 rechts,
355 701 86 34 links,
468 700 183 29 schimmern
678 697 185 30 bläulichere

652 747 185 34 Waldköpfe
862 748 159 31 entgegen.

125 803 26 29 O
180 803 217 29 Blütenbaum!
447 800 107 30 Hinter
583 800 58 29 den
671 799 110 28 blauen
811 796 128 34 Hügeln.

124 854 50 30 Ich
195 854 97 29 lächle
316 854 39 28 im
378 851 184 33 Radfahren,

122 904 105 30 Neben
242 905 57 28 mir
316 903 79 29 mein
411 901 130 34 Freund,
558 901 77 28 auch
654 908 33 20 er
706 898 146 29 erhellten
870 895 153 30 Gesichts.

123 954 57 30 Die
202 952 217 34 Reichsstraße
440 953 38 28 ist
501 950 75 35 glatt
597 950 61 29 wie
680 947 136 30 Parkett.

122 1004 121 35 Blauer,
270 1003 128 30 frischer
426 1002 197 33 Sommertag
650 1001 60 28 und

596 1049 216 33 Sonnenglanz
840 1047 59 29 und
927 1044 95 30 Stille.

122 1106 56 28 Die
203 1103 280 35 Apfelbaumalleen
510 1102 66 28 sind
602 1100 63 34 reif,
689 1100 58 27 wir
774 1106 89 21 essen

746 1157 276 34 ununterbrochen,

122 1197 85 30 Nach
235 1201 52 28 der
313 1200 111 31 Straße
452 1203 117 29 fernem
595 1204 264 31 Qlitzerschwanz

122 1247 123 36 Fliegen
268 1251 57 30 wir
346 1252 149 35 lächelnd,
518 1262 79 25 ganz
617 1256 28 27 in

557 1304 238 34 Vergessenheit
818 1308 205 34 aufgewacht,

122 1348 54 31 Bis
198 1352 28 27 in
252 1352 57 28 den
332 1352 117 29 Abend.

120 1644 136 58 Der
301 1646 375 74 Vagabund

120 1748 91 34 Von
234 1749 90 35 Otto
348 1751 121 40 Rung

197 1822 40 30 Es
259 1823 86 31 hatte
366 1834 69 20 zum
460 1827 171 31 drittenmal
655 1838 38 20 an
717 1830 145 32 Klerkers
886 1833 61 29 Tür
969 1842 36 26 ge-

121 1872 105 35 klopft,
249 1875 58 28 und
329 1876 125 30 diesmal
476 1878 80 29 nicht
576 1880 86 31 mehr
683 1881 162 31 behutsam
865 1885 60 27 wie
949 1893 54 20 vor-

122 1924 63 33 her,
203 1926 133 29 sondern
357 1927 124 30 äußerst
502 1931 169 32 energisch.

197 1975 127 32 Klerker
350 1979 118 28 seufzte
493 1980 59 29 und
579 1981 94 29 erhob
701 1983 62 30 sich
791 1984 147 34 langsam.
982 1985 39 30 Er

119 2026 73 33 ging
218 2027 93 28 durch
338 2029 47 27 die
410 2030 67 28 vier
501 2030 131 30 Zimmer
661 2032 53 30 der
741 2037 158 27 untersten
926 2036 96 34 Etage

123 2077 53 28 der
198 2076 86 35 Villa,
306 2079 131 29 zündete
460 2080 86 30 Licht
570 2090 37 20 an
630 2084 59 28 und
712 2084 121 30 öffnete.
877 2086 144 29 Draußen

121 2126 52 28 auf
197 2128 52 28 der
272 2128 195 36 Steintreppe
491 2134 98 34 stand,
613 2134 61 29 wie
698 2143 32 20 er
755 2139 148 27 erwartet
926 2137 95 34 hatte,

122 2178 46 27 ein
195 2177 120 36 großer,
343 2180 115 30 breiter
484 2181 92 30 Mann
606 2185 27 26 in
663 2186 178 35 geduckter,
868 2188 153 29 bittender

120 2226 146 36 Stellung,
282 2229 78 29 ohne
379 2234 88 26 unter
485 2232 68 29 dem
567 2233 159 31 Halbdach
744 2236 114 30 Schutz
875 2247 58 20 vor
953 2240 68 27 dem

122 2277 103 34 Regen
246 2288 34 19 zu
301 2281 122 35 suchen,
443 2283 53 28 der
516 2284 25 28 in
562 2286 273 33 unergründlichen
853 2288 94 29 Nebel
969 2298 35 25 ge-

120 2328 82 33 hüllt,
226 2330 74 29 über
323 2332 47 28 die
393 2331 98 35 Wege
513 2334 142 34 hinfegte.

198 2380 126 31 Klerker
347 2383 104 29 wußte
474 2385 99 29 nichts
595 2395 37 20 zu
658 2396 109 27 sagen;
792 2391 59 27 und
878 2391 45 28 die
949 2399 72 25 paar

121 2430 152 33 stumpfen
301 2432 112 33 Silben,
441 2435 46 28 die
517 2436 52 28 der
597 2436 92 29 Mann
719 2438 203 36 hervorstieß,
951 2450 53 20 ver-

136 2483 88 27 stand
246 2491 33 20 er
296 2484 89 28 nicht.
423 2484 86 30 Doch
528 2495 32 20 er
579 2488 116 33 begriff,
717 2489 54 29 daß
795 2491 53 28 der
866 2490 93 31 Mann
981 2493 36 28 ob-

123 2531 125 30 dachlos
268 2541 76 21 war.
385 2534 62 30 Vor
469 2537 82 29 einer
573 2537 98 30 Weile
692 2539 85 30 hatte
798 2549 32 21 er
854 2542 56 28 den
933 2542 89 29 Hund

123 2582 55 28 des
205 2581 160 32 Nachbars
394 2585 98 30 hinter
520 2588 82 28 einer
630 2588 71 33 Tür,
732 2591 46 28 die
809 2592 70 28 sehr
908 2593 113 29 schnell

124 2634 196 31 zugeworfen
340 2637 127 28 worden
486 2646 75 25 war,
581 2641 126 28 wütend
728 2641 98 29 bellen
846 2643 105 29 hören.

200 2683 40 28 Er
271 2684 173 35 überlegte:
477 2688 99 29 dieser
607 2688 94 30 Mann
734 2691 51 29 hat
816 2693 65 28 also
913 2694 82 29 wahr-

123 2733 164 30 scheinlich
318 2735 89 30 heute
439 2738 99 29 abend
572 2740 93 28 durch
696 2742 63 28 sein
792 2744 229 34 gewalttätiges

121 2784 161 29 Aussehen
301 2787 93 28 schon
412 2789 160 29 manchem
593 2792 86 28 einen
699 2792 165 34 gehörigen
886 2793 135 30 Schreck

124 2835 160 34 eingejagt.
328 2836 112 30 Darum
467 2839 50 29 hat
542 2848 68 21 man
637 2841 58 28 ihm
724 2843 46 28 die
795 2843 64 29 Tür
885 2853 58 20 vor
969 2846 54 27 der

120 2883 82 31 Nase
230 2887 233 34 zugeschlagen.
508 2890 55 29 Die
590 2891 216 34 Aengstlichen
833 2893 109 36 haben,
969 2895 36 28 ab-

123 2936 133 33 gesehen
289 2946 60 20 von
381 2940 57 28 den
468 2941 141 34 wenigen
639 2941 137 31 Minuten
806 2943 215 35 Unbehagens,

122 2985 108 30 keinen
249 2989 147 28 weiteren
416 2989 140 31 Schaden
576 2991 129 31 erlitten.
742 2992 39 30 Er
799 2994 96 30 selbst
912 2997 38 27 ist
969 2996 52 29 der

123 3038 116 33 einzige
264 3039 136 29 wirklich
428 3040 214 36 Geschädigte,
670 3044 68 28 weil
768 3045 46 27 die
839 3045 96 29 Leute
963 3046 58 28 ihm

121 3086 109 30 keinen
249 3088 104 30 Einlaß
373 3091 167 32 gewähren
559 3093 133 28 wollten.
722 3093 58 29 Um
801 3095 57 28 den
881 3094 142 30 Schaden

123 3139 81 28 nicht
221 3140 77 28 noch
317 3149 36 19 zu
373 3142 193 35 vermehren,
587 3144 38 28 ist
642 3152 37 22 es
699 3153 48 19 am
769 3146 187 34 richtigsten,
975 3147 46 28 ich

123 3188 81 29 lasse
237 3189 47 29 ihn
315 3191 112 29 herein.

198 3239 67 29 Und
289 3249 34 20 so
344 3241 135 30 forderte
501 3252 33 19 er
556 3245 56 27 den
638 3243 216 31 Obdachlosen
879 3246 58 31 auf,
961 3247 46 27 ein-

124 3292 148 26 zutreten.

197 3340 46 29 Da
259 3343 86 29 stand
364 3351 57 20 nun
440 3345 37 27 im
495 3344 105 29 Lichte
620 3346 53 27 der
689 3343 190 36 Lampe,'die
894 3346 128 32 Klerker

122 3391 82 35 hielt,
228 3393 45 27 ein
296 3393 190 34 rothaariger
509 3395 105 33 junger
638 3394 137 30 Bursche
800 3405 60 20 von
887 3397 136 29 starkem

122 3440 179 34 Körperbau
317 3444 53 27 mit
386 3443 136 35 großem,
541 3445 113 29 leerem
674 3445 120 29 weißen
812 3446 134 32 Gesicht,
968 3448 54 28 das

123 3492 55 28 der
200 3491 104 34 Regen
328 3494 156 33 gründlich
508 3495 125 30 benetzt
656 3495 98 36 hatte;
779 3499 86 26 unter
889 3497 56 29 den
970 3505 35 25 ge-

124 3542 208 30 schwollenen
363 3544 111 29 Lidern
505 3545 146 29 schielten
684 3546 46 28 die
762 3546 122 29 blassen
915 3547 106 33 Augen

122 3591 157 30 kränklich
304 3593 123 29 hervor.
472 3594 73 30 Eine
571 3598 134 26 rostrote
733 3596 94 28 Jacke
855 3596 102 30 klebte
985 3605 37 20 an

124 3643 71 28 dem
213 3645 184 33 gewaltigen
416 3644 109 30 Torso.

199 3693 81 30 Jetzt
295 3695 147 28 verstand
460 3695 126 32 Klerker
605 3697 46 28 ein
667 3706 73 23 paar
759 3697 123 28 Worte:
903 3697 119 34 „Krank

121 3762 39 3 —
175 3744 127 33 hungrig
317 3763 38 4 —
369 3744 151 30 Seemann
540 3746 77 28 ohne
633 3746 101 29 Heuer
752 3766 38 2 —
805 3747 89 30 keine
912 3746 92 29 Unter-

266 3794 67 29 Und
355 3803 35 21 so
411 3798 98 26 etwas
532 3796 98 28 durfte
653 3796 80 30 nicht
754 3798 73 28 sein.
849 3796 39 30 Er
910 3797 113 29 öffnete

126 3845 46 28 die
194 3844 61 29 Tür
275 3854 68 20 zum
366 3845 239 35 Wohnzimmer,
627 3848 70 33 ging
721 3855 113 20 voran:
856 3847 167 35 „Kommen

124 3894 52 29 Sie

201 3945 55 29 Die
283 3945 82 29 Füße
393 3947 54 29 des
475 3946 133 29 Bettlers
635 3948 164 33 bewegten
828 3948 63 29 sich
919 3948 87 28 schar-

127 3996 75 28 rend
230 3996 73 29 über
331 3997 46 27 die
404 3996 162 30 Schwelle.
612 3996 131 35 „Setzen
771 3996 51 30 Sie
851 3998 63 29 sich

128 4048 86 30 sagte
242 4046 136 34 Klerker,
406 4047 59 28 und
493 4047 52 29 der
571 4046 92 29 Mann
693 4050 99 27 setzte
818 4047 73 29 sich.
937 4047 87 29 Dann

127 4096 101 30 stellte
247 4096 58 28 ihm
324 4095 136 36 Klerker,
479 4097 53 28 der
552 4097 99 30 selber
668 4098 115 32 gerade
802 4098 80 28 beim
902 4097 102 29 Abend-

127 4145 71 29 brot
216 4155 75 23 war,
313 4148 85 27 einen
418 4146 100 29 Teller
541 4147 132 29 zurecht.

1181 76 147 31 Therese,
1357 76 54 27 des
1441 74 187 32 Schwagers
1676 73 99 32 junge,
1826 72 183 32 unmündige

1107 126 141 32 Tochter,
1279 126 47 27 die
1356 125 69 28 dem
1450 124 99 29 Onkel
1578 124 48 27 bei
1656 124 56 27 den
1744 120 183 30 Mahlzeiten
1956 128 53 20 zur

1107 176 87 28 Hand
1222 177 80 32 ging,
1347 175 53 28 sah
1427 176 54 27 mit
1510 174 82 28 ihren
1621 173 140 32 blanken,
1809 172 201 33 aufrichtigen

1106 227 105 32 Augen
1227 235 45 19 zu.
1309 225 71 29 Eine
1397 225 96 33 große
1508 224 91 29 Blase
1614 225 111 27 formte
1742 223 63 29 sich
1824 223 74 28 über
1915 223 95 27 ihrem

1107 276 258 33 weitgeöffneten,
1411 277 178 26 erstaunten
1619 273 121 28 Munde.
1787 272 66 35 „Du
1899 272 111 27 kannst

1107 327 76 28 nach
1213 326 103 29 Hause
1345 326 108 34 gehen,
1483 326 154 31 Therese,'
1642 327 5 8 1
1676 327 87 31 sagte
1792 324 127 31 Klerker
1950 323 58 29 und

1107 377 101 29 nickte
1236 376 43 30 ihr
1307 385 45 20 zu.
1399 376 63 28 Das
1488 374 153 30 Mädchen
1669 375 90 29 stand
1806 374 98 28 sofort
1951 373 59 33 auf,

1105 428 161 28 wünschte
1284 428 168 32 gesegnete
1473 425 145 29 Mahlzeit
1641 426 58 27 und
1717 424 116 29 verließ
1856 426 56 27 das
1931 423 60 28 Zim-

1105 486 75 23 mer,
1200 478 78 28 ohne
1298 477 64 29 sich
1386 477 196 28 umzusehen.
1622 475 50 29 Sie
1696 475 50 28 lief
1768 476 26 27 in
1818 474 108 29 wilder
1947 473 63 29 Eile

1106 527 74 28 über
1197 527 47 28 die
1263 526 244 33 aufgeweichten
1528 525 98 34 Wege
1646 526 78 28 nach
1745 526 68 27 dem
1834 524 104 29 Hause
1956 526 54 27 der

1105 576 112 34 Eltern,
1246 578 55 28 das
1327 585 50 19 am
1402 577 114 28 andern
1543 576 84 29 Ende
1656 577 53 28 der
1735 576 183 29 Villenstadt
1945 576 64 34 lag;

1106 626 44 28 sie
1176 625 84 29 hatte
1287 627 107 33 Angst,
1422 627 76 29 doch
1527 629 210 28 interessierte
1764 629 55 29 das
1848 628 161 30 Gesehene

1107 677 42 28 sie
1175 677 183 32 ungeheuer.

1180 727 128 32 Klerker
1353 729 93 28 strich
1492 730 103 27 seinen
1640 730 118 32 langen,
1802 732 208 32 viereckigen,

1105 785 115 25 grauen
1246 777 84 34 Bart,
1357 779 148 28 während
1534 781 54 28 der
1612 780 77 29 Gast
1714 780 46 28 aß.
1804 780 71 29 Sein
1903 781 90 28 tabak-

1105 827 132 29 brauner
1254 827 138 30 Daumen
1410 829 66 33 glitt
1491 830 138 33 langsam
1647 831 51 27 auf
1715 832 53 28 der
1786 831 125 29 starken
1929 831 81 30 Nase

1105 878 49 29 hin
1173 879 61 28 und
1249 879 63 29 her.
1328 879 116 34 „Essen
1464 880 51 28 Sie
1645 884 88 30 sagte
1752 890 33 20 er
1803 882 207 29 ermunternd.

1107 928 45 29 Da
1174 930 53 28 der
1248 929 118 30 Bettler
1387 931 170 34 vorsichtig
1579 933 59 28 und
1658 932 136 29 maßvoll
1815 932 47 36 aß,
1883 933 48 29 fiel
1951 933 60 29 ihm

1107 981 57 33 ein,
1183 980 56 29 daß
1256 980 180 35 Menschen,
1454 982 48 30 die
1518 982 70 29 sehr
1604 983 89 33 lange
1713 983 170 33 gehungert
1902 983 109 34 haben,

1105 1029 211 31 Widerwillen
1335 1040 58 20 vor
1410 1032 75 29 aller
1500 1032 146 35 Nahrung
1662 1034 183 33 empfinden,
1864 1036 60 28 und
1944 1035 51 28 dar-

1107 1089 50 19 um
1175 1082 203 29 wiederholte
1401 1091 31 20 er
1455 1084 47 28 die
1523 1083 227 34 Aufforderung
1770 1084 90 29 nicht.

1181 1132 62 29 Der
1269 1132 94 30 Mann
1392 1134 94 28 erhob
1515 1134 78 35 sich;
1623 1136 27 26 in
1681 1135 53 29 der
1762 1135 89 30 Hand
1879 1136 73 28 hielt
1978 1145 33 19 er

1107 1185 87 26 einen
1220 1192 111 21 nassen
1359 1184 124 35 Fetzen,
1531 1186 54 27 der
1613 1187 87 28 seine
1726 1185 105 30 Mütze
1879 1195 37 20 zu
1946 1188 64 28 sein

1107 1234 111 29 schien.
1269 1234 38 29 Er
1340 1235 182 30 schwankte
1573 1237 50 28 auf
1654 1237 56 28 den
1742 1237 269 34 ausgehungerten

1105 1284 115 29 Beinen
1239 1286 49 28 hin
1307 1287 59 27 und
1385 1286 63 35 her,
1466 1288 59 27 und
1542 1287 123 29 machte
1682 1289 65 28 eine
1769 1288 145 34 Drehung
1935 1289 76 28 nach

1106 1336 53 28 der
1189 1336 61 28 Tür
1280 1336 58 30 hin.
1387 1337 128 32 Klerker
1543 1338 85 29 hatte
1656 1347 79 25 ganz
1783 1339 209 33 gewohnheits-

1105 1386 102 34 mäßig
1225 1389 66 27 eine
1310 1387 228 35 Zigarrenkiste
1559 1398 55 20 aus
1636 1390 68 28 dem
1726 1389 137 29 Schrank
1885 1399 105 25 genom-

1107 1446 78 26 men,
1206 1439 45 27 ein
1273 1439 179 32 plötzlicher
1472 1442 149 27 stummer
1643 1442 59 27 und
1726 1441 177 28 erbitterter
1925 1440 86 29 Blick

1104 1489 101 29 seines
1235 1489 114 30 Gastes
1376 1491 153 28 erinnerte
1558 1490 57 33 ihn,
1644 1489 57 30 daß
1733 1491 52 28 der
1815 1491 179 33 augenblick-

1106 1549 58 29 lich
1185 1558 38 20 an
1244 1549 75 29 alles
1341 1551 114 27 andere
1476 1550 46 28 als
1542 1558 37 20 an
1598 1549 146 34 Zigarren
1768 1551 118 29 dachte.
1927 1552 68 31 Kler-

1105 1596 56 29 ker
1185 1597 111 29 öffnete
1320 1600 66 28 eine
1410 1599 99 30 kleine
1531 1599 258 35 Nebenkammer,
1815 1604 27 27 in
1869 1604 54 29 der
1948 1603 63 30 sich

1107 1648 46 28 ein
1178 1648 85 29 recht
1286 1649 217 35 unbequemes,
1548 1651 74 29 aber
1664 1651 198 32 hinreichend
1905 1653 106 35 langes

1104 1697 173 31 Schlafsofa
1303 1700 121 29 befand.
1468 1700 65 35 „Da
1559 1701 50 29 Sie
1635 1702 169 29 obdachlos
1829 1703 76 34 sind,
1931 1704 80 28 weiß

1105 1750 47 29 ich
1171 1750 110 29 keinen
1302 1752 114 28 andern
1439 1752 68 32 Rat,
1526 1752 44 30 als
1591 1753 57 29 daß
1667 1753 52 29 Sie
1740 1754 63 29 sich
1827 1756 36 27 da
1886 1756 125 28 drinnen

1180 1858 63 30 Der
1271 1859 118 30 Bettler
1418 1861 164 30 vollführte
1610 1863 66 28 eine
1705 1863 145 35 Drehung
1895 1884 38 2 —
1978 1874 33 20 es

1105 1917 67 21 war
1192 1909 70 35 fast,
1283 1910 45 30 als
1351 1912 68 28 fiele
1443 1921 33 20 er
1498 1921 98 26 gegen
1622 1915 47 28 die
1693 1914 100 29 Wand
1816 1934 38 3 —
1878 1916 59 29 und
1959 1924 34 25 ge-

1105 1961 101 33 langte
1228 1969 35 21 so
1286 1963 27 27 in
1336 1963 47 27 die
1404 1962 86 29 Nähe
1515 1965 53 28 der
1589 1963 63 29 Tür
1674 1964 53 28 der
1749 1964 120 30 kleinen
1892 1965 102 29 Schlaf-

1103 2010 148 29 kammer.
1296 2011 91 30 Seine
1411 2012 115 34 Lippen
1552 2017 100 26 traten
1679 2015 241 35 trichterförmig
1942 2017 51 28 her-

1104 2070 67 20 vor.
1218 2062 52 29 Ein
1299 2065 175 32 saugendes
1499 2064 123 29 Zucken
1650 2066 100 28 seiner
1776 2065 233 33 Halsmuskeln;

1103 2112 75 30 aber
1203 2122 33 20 er
1258 2114 59 33 gab
1342 2114 108 29 keinen
1476 2116 115 28 andern
1617 2115 77 29 Laut
1717 2124 62 20 von
1805 2116 63 29 sich
1893 2117 45 30 als
1963 2118 46 27 ein

1105 2164 113 34 dickes,
1246 2164 132 34 breiiges
1403 2164 73 33 Hä!,
1504 2166 53 29 das
1585 2174 69 20 man
1681 2166 50 28 auf
1756 2167 56 28 alle
1837 2167 171 33 möglichen

1103 2215 94 27 Arten
1228 2216 110 27 deuten
1368 2215 122 29 konnte.
1539 2215 136 34 Klerker,
1703 2219 162 29 zerstreut,
1895 2217 114 30 schloß,

1105 2265 78 28 ohne
1200 2274 32 20 es
1250 2274 37 20 zu
1305 2265 135 31 merken,
1460 2267 46 28 die
1522 2265 62 30 Tür
1603 2275 34 20 so
1654 2267 99 31 rasch,
1771 2267 56 28 daß
1846 2268 47 27 die
1914 2267 95 29 Jacke

1105 2315 52 29 des
1187 2315 210 34 Vagabunden
1448 2316 216 34 eingeklemmt
1695 2318 118 27 wurde.
1862 2318 62 28 Aus
1957 2319 53 27 der

1103 2366 145 32 Kammer
1267 2369 139 28 ertönten
1427 2368 215 30 fürchterliche
1662 2368 215 33 Schimpforte,
1898 2368 46 29 bis
1964 2370 46 26 die

1103 2416 100 29 Sache
1225 2426 25 20 in
1273 2417 148 34 Ordnung
1443 2418 149 33 gebracht
1613 2427 75 19 war.

1179 2476 127 32 Klerker
1331 2481 113 26 starrte
1470 2477 51 29 auf
1548 2479 56 27 den
1631 2478 135 28 braunen
1795 2478 135 34 Lappen,
1957 2479 54 27 der

1105 2528 137 33 langsam
1269 2537 52 19 aus
1347 2529 54 27 der
1424 2527 88 32 Ritze
1537 2528 217 29 verschwand.
1797 2528 86 28 Dann
1907 2527 104 34 ergriff

1105 2587 32 20 er
1156 2579 46 29 die
1218 2579 125 34 Lampe,
1359 2587 50 21 um
1428 2580 55 28 das
1498 2578 132 29 Zimmer
1647 2587 36 20 zu
1700 2579 172 28 verlassen.
1891 2579 31 28 In
1942 2579 69 28 dem

1103 2629 199 35 Augenblick,
1325 2630 45 29 als
1391 2630 56 29 das
1467 2629 86 29 Licht
1575 2629 218 35 verschwand,
1813 2629 121 33 begann
1958 2630 52 28 der

1103 2680 169 33 Vagabund
1303 2681 126 28 drinnen
1478 2689 37 19 zu
1546 2679 154 30 schreien:
1935 2679 74 28 und:

1104 2730 109 35 „Mach
1233 2731 58 33 auf,
1312 2732 37 27 du
1632 2730 85 29 Dann
1739 2730 123 29 deutete
1882 2738 32 20 er
1932 2728 79 29 noch

1105 2791 47 25 an,
1176 2782 56 29 daß
1255 2791 31 19 er
1310 2784 26 27 in
1359 2784 66 26 eine
1448 2781 82 29 Falle
1554 2784 127 30 geraten
1707 2782 52 33 sei,
1784 2780 59 29 und
1869 2779 57 30 daß
1951 2787 59 21 nun

1105 2834 45 28 die
1174 2833 116 29 Polizei
1316 2833 144 28 kommen
1485 2833 116 27 werde.
1644 2831 201 34 Gleichzeitig
1869 2829 124 30 bearbei-

1105 2887 62 26 tete
1190 2893 31 20 er
1244 2885 46 28 die
1312 2883 63 28 Tür
1399 2884 53 27 mit
1479 2883 56 28 den
1561 2881 142 32 Fäusten,
1730 2881 56 28 daß
1813 2882 47 28 die
1884 2879 126 33 Füllung

1103 2935 136 29 krachte.

1178 2986 127 31 Klerker
1329 2986 89 27 stand
1441 2985 54 27 mit
1519 2984 53 28 der
1593 2983 116 32 Lampe
1732 2984 27 26 in
1784 2983 53 28 der
1859 2980 91 29 Hand
1973 2980 37 28 da

1105 3038 59 27 und
1191 3036 144 33 bewegte
1361 3037 43 27 sie
1430 3036 168 31 vorwärts,
1625 3033 44 29 als
1695 3032 105 28 wollte
1829 3040 31 20 er
1888 3032 53 28 mit
1966 3029 44 30 ihr

1103 3095 98 26 gegen
1230 3088 56 27 den
1312 3087 92 27 Lärm
1432 3085 148 34 angehen.
1627 3083 79 35 „Na!
1862 3083 89 31 sagte
1978 3088 33 21 er

1105 3137 223 33 besänftigend.
1505 3134 86 29 Dann
1611 3133 116 29 verließ
1745 3142 31 20 er
1794 3132 56 29 das
1869 3131 142 29 Zimmer.

1104 3187 40 30 Es
1163 3196 67 21 war
1250 3191 63 25 erst
1333 3186 77 29 zehn
1432 3186 71 33 Uhr,
1525 3186 59 28 und
1606 3193 59 20 vor
1687 3185 79 27 zwei
1788 3182 63 29 Uhr
1874 3184 82 31 legte
1978 3189 33 21 er

1106 3239 63 29 sich
1190 3240 47 27 nie
1259 3238 145 29 schlafen.
1446 3236 39 29 Er
1507 3237 71 32 ging
1598 3237 27 27 in
1650 3237 55 27 das
1726 3233 204 29 Eckzimmer.
1952 3231 59 29 Auf

1105 3290 69 28 dem
1198 3288 154 29 Sofatisch
1376 3288 47 33 lag
1447 3286 258 34 Schopenhauers
1956 3282 55 29 Ein

1104 3339 144 33 farbiges,
1300 3338 210 34 geflochtenes
1540 3336 213 29 Buchzeichen
1784 3334 121 29 steckte
1936 3334 57 28 zwi-

1106 3389 93 30 schen
1220 3390 56 28 den
1296 3389 103 28 Seiten
1422 3387 54 29 416
1495 3388 59 27 und
1577 3387 62 32 417,
1662 3386 112 29 soweit
1795 3393 67 21 war
1883 3383 128 33 Klerker

1107 3443 26 26 in
1157 3441 52 28 der
1233 3441 112 28 letzten
1369 3439 99 29 Nacht
1492 3438 194 34 gekommen.
1730 3436 138 28 Seitdem
1893 3443 31 21 er
1947 3433 63 31 sich

1106 3500 57 20 vor
1189 3493 76 27 zwei
1293 3491 113 29 Jahren
1433 3498 62 20 von
1523 3490 116 28 seinem
1666 3486 149 30 Geschäft
1841 3484 152 34 zurückge-

1105 3551 97 25 zogen
1222 3542 92 32 hatte,
1335 3542 43 28 las
1400 3550 32 19 er
1454 3539 104 31 solche
1577 3538 125 33 Werke,
1721 3538 137 32 weniger
1880 3544 50 21 um
1952 3535 45 28 sei-

1106 3603 56 19 nen
1190 3593 87 29 Geist
1303 3592 208 32 auszubilden,
1537 3589 133 30 sondern
1694 3588 70 28 weil
1791 3596 33 21 es
1850 3587 60 28 ihm
1935 3585 57 28 Ver-

1105 3645 120 32 gnügen
1246 3643 160 28 bereitete.
1445 3640 192 29 Namentlich
1657 3638 107 33 Henry
1788 3636 140 33 Georges
1951 3634 60 29 und

1105 3694 124 32 Renans
1249 3692 246 35 philosophische
1516 3690 116 29 Werke
1656 3688 138 29 lieferten
1818 3687 100 29 seiner
1939 3685 54 29 ord-

1105 3745 120 29 nenden
1255 3741 384 31 Gedankenwirksamkeit
1690 3744 91 28 guten
1812 3736 88 29 Stoff.
1951 3735 40 32 Sy-

1107 3798 98 27 steme
1232 3795 229 28 interessierten
1490 3791 57 34 ihn,
1577 3790 77 29 ohne
1684 3789 84 29 seine
1797 3785 214 35 persönlichen

1105 3846 285 32 Ueberzeugungen
1411 3852 37 19 zu
1467 3842 184 28 verändern.
1691 3838 75 36 „Die
1787 3835 205 34 Philosophie,

1107 3899 87 31 sagte
1218 3904 40 26 er,
1283 3894 129 35 „gleicht
1436 3895 83 29 einer
1540 3890 274 35 Registrierkasse.
1853 3887 74 28 Man
1949 3886 62 32 legt

1107 3949 87 28 einen
1220 3946 114 33 Betrag
1360 3946 28 27 in
1415 3945 55 28 den
1499 3942 153 34 Behälter,
1681 3939 88 31 dreht
1796 3939 66 28 eine
1889 3935 122 34 Kurbel,

1107 3999 60 28 und
1192 3997 97 31 sofort
1317 3996 119 33 springt
1460 3995 46 27 ein
1531 3992 162 29 Plättchen
1720 3991 54 28 mit
1801 3990 53 27 der
1880 3986 113 30 numeri-

1107 4049 94 30 schen
1225 4047 216 32 Bezeichnung
1464 4053 55 20 aus
1544 4044 53 27 der
1618 4040 226 32 Weltordnung
1867 4038 125 28 hervor.

1106 4098 239 34 Schopenhauer
1365 4095 140 32 erschien
1524 4093 61 29 ihm
1604 4093 145 32 übrigens
1766 4089 87 30 recht
1869 4094 122 22 verwor-

1108 4155 62 23 ren,
1192 4146 73 28 aber
1286 4155 31 19 er
1338 4146 45 28 las
1406 4145 58 33 ihn,
1484 4144 70 30 weil
1577 4153 31 19 er
1631 4144 60 29 ihm
1710 4144 69 28 kein
1801 4142 136 30 Unrecht
1959 4149 35 21 zu-

2091 69 91 32 fügen
2207 68 114 30 wollte,
2345 68 101 28 indem
2468 76 33 20 er
2525 67 47 28 ihn
2596 67 156 33 überging.
2796 66 62 30 Der
2883 68 96 27 leiden-

2094 118 178 28 schaftliche
2304 117 219 29 Pessimismus
2556 118 55 28 des
2641 115 116 37 großen
2788 116 204 33 Philosophen

2092 169 70 29 kam
2180 167 59 29 ihm
2257 168 113 28 absurd
2388 167 58 28 und
2465 166 249 29 verwunderlich
2732 174 67 20 vor.
2834 165 39 29 Er
2891 166 105 28 schlief

2093 226 36 20 an
2151 219 116 28 diesem
2288 218 107 28 Abend
2417 217 74 29 über
2513 217 99 28 seiner
2634 216 132 29 Lektüre
2789 217 55 27 ein.

2168 268 52 28 Als
2237 267 128 32 Klerker
2382 275 48 21 am
2450 267 148 29 nächsten
2617 266 128 33 Morgen
2763 268 45 28 ins
2824 266 172 29 Eßzimmer

2093 319 80 32 kam,
2199 327 66 20 war
2291 319 47 28 die
2366 317 263 33 vierzehnjährige
2656 317 136 28 Therese
2819 318 26 27 in
2873 316 124 34 größter

2091 367 63 29 Eile
2185 369 93 27 damit
2306 367 194 33 beschäftigt,
2551 368 56 28 den
2635 367 168 28 Fußboden
2850 366 129 29 aufzuwi-

2093 418 103 28 schen.
2243 417 50 29 Sie
2323 418 94 29 erhob
2445 417 63 29 sich
2536 425 79 26 ganz
2643 416 95 30 außer
2765 417 99 34 Atem,
2893 416 105 33 schlug

2094 468 48 28 die
2161 467 231 29 Haarsträhnen
2412 476 55 20 aus
2490 468 68 29 dem
2580 467 126 29 Gesicht
2725 467 114 29 zurück
2862 468 59 28 und
2943 467 42 28 flü-

2095 521 109 27 sterte:
2235 518 82 34 ~Der
2347 517 94 29 Mann
2471 517 110 29 schläft
2770 517 128 31 Klerker
2928 518 70 32 ging

2094 569 126 28 deshalb
2251 568 98 29 außen
2381 576 49 20 um
2461 569 54 28 das
2544 567 84 30 Haus
2658 568 107 28 herum
2797 568 58 27 und
2886 566 112 34 guckte

2095 619 93 29 durch
2215 620 56 28 das
2297 619 99 28 kleine
2425 618 128 29 Fenster
2580 618 54 28 der
2661 617 248 29 Nebenkammer
2935 618 48 28 hin-

2095 670 55 28 ein.
2194 668 103 30 lieber
2324 670 54 27 der
2401 668 100 29 hohen
2527 668 196 29 Seitenlehne
2748 669 54 28 des
2829 667 94 29 Sofas
2947 668 35 28 be-

2093 719 120 29 merkte
2232 728 33 20 er
2281 720 59 28 den
2357 720 88 28 einen
2463 717 62 30 Fuß
2546 720 55 28 des
2617 718 228 34 Heimatlosen;
2865 719 67 28 eine
2948 726 35 25 ge-

2093 770 134 33 waltige,
2246 769 99 29 flache
2363 768 228 30 Wandersohle
2608 771 86 30 ragte
2716 770 27 27 in
2764 769 47 27 die
2827 767 80 35 Luft,
2925 767 76 34 glatt

2095 820 177 33 geschliffen
2291 828 74 21 vom
2384 820 123 29 Traben
2528 820 50 28 auf
2596 818 77 29 allen
2694 818 120 33 Wegen
2836 819 52 28 der
2909 817 92 34 Welt,

2095 879 48 21 am
2166 870 88 32 Rand
2276 871 73 28 rauh
2373 871 61 29 und
2457 870 192 34 aufgerissen
2673 877 62 21 von
2758 868 159 29 Scherben
2940 869 61 28 und

2093 921 127 33 Nägeln.
2265 921 56 34 Da,
2344 930 51 20 wo
2420 922 56 29 das
2500 921 99 29 Leder
2625 920 136 34 geplatzt
2785 928 77 26 war,
2888 921 114 27 starrte

2095 974 67 28 eine
2183 971 94 34 große
2300 971 129 29 hellrote
2453 971 80 30 Zehe
2554 971 116 28 hervor
2692 989 39 3 —
2750 971 45 28 als
2817 969 106 29 wollte
2948 970 54 27 der

2096 1022 248 35 ungeschlachte,
2377 1023 109 32 riesige
2518 1021 118 33 Körper
2667 1021 53 28 mit
2752 1020 126 28 Gewalt
2908 1018 95 30 durch

2096 1075 48 29 die
2163 1073 188 35 geborstene
2371 1072 188 32 Kulturhülle
2578 1073 47 27 ins
2641 1071 97 29 Freie.
2780 1070 85 30 Auch
2886 1079 38 19 an
2944 1070 58 28 den

2095 1125 94 32 Knien
2209 1125 60 28 und
2283 1123 148 33 Ellbogen
2449 1122 109 29 wuchs
2575 1123 48 27 die
2641 1121 82 29 Haut
2741 1121 113 28 heraus
2872 1120 61 28 und
2949 1119 36 28 be-

2095 1177 132 33 gegnete
2250 1175 53 28 der
2321 1174 134 33 offenen,
2474 1173 124 33 weiten,
2620 1172 131 29 nackten
2773 1171 106 33 Natur,
2902 1171 28 27 in
2950 1170 53 27 der

2096 1227 47 28 ein
2167 1226 171 33 Vagabund
2364 1233 37 20 zu
2427 1223 103 29 Hause
2558 1225 47 27 ist.
2650 1222 82 29 Jetzt
2756 1221 75 29 aber
2856 1221 69 28 fuhr
2951 1220 53 28 der

2098 1276 91 30 Mann
2206 1277 53 28 mit
2277 1277 100 28 einem
2393 1274 87 33 Ruck
2497 1282 116 25 empor,
2632 1281 100 25 genau
2751 1280 45 25 so,
2813 1272 61 28 wie
2892 1279 32 20 er
2940 1268 64 30 sich

2098 1337 56 20 aus
2185 1329 99 28 einem
2318 1326 125 29 Graben
2475 1325 75 28 oder
2580 1322 203 30 Heuschober
2834 1320 171 30 aufrichten

2096 1378 133 35 mochte,
2247 1386 93 20 wenn
2359 1376 51 29 auf
2430 1376 70 28 dem
2517 1374 80 33 Weg
2613 1373 135 29 Schritte
2767 1373 151 28 ertönten.
2935 1369 70 29 Und

2097 1439 59 19 nun
2183 1430 89 29 stand
2298 1437 33 20 er
2356 1429 45 32 da,
2425 1427 48 28 die
2497 1425 82 30 Nase
2602 1432 99 26 gegen
2726 1425 47 28 die
2796 1422 134 29 Scheibe
2952 1429 36 25 ge-

2097 1480 97 34 preßt,
2218 1481 47 28 die
2289 1479 114 28 Fäuste
2425 1476 129 35 geballt:
2578 1475 110 33 bereit,
2710 1474 63 29 sich
2798 1481 36 20 zu
2858 1470 130 30 verteidi-

2095 1539 58 25 gen
2179 1532 60 28 und
2263 1529 113 30 blickte
2399 1528 130 33 Klerker
2552 1527 115 32 zornig,
2693 1526 139 28 erstaunt
2855 1522 61 28 und
2940 1521 48 28 lau-

2098 1582 74 28 ernd
2192 1583 26 26 in
2239 1582 47 27 die
2309 1580 116 33 Augen.

2419 1666 174 30 Fortsetzung
2614 1665 63 31 folgt

2091 1755 106 31 Einzige
2216 1753 165 26 autorisierte
2402 1751 199 30 Uebersetzung
2620 1757 47 17 aus
2688 1750 58 24 dem
2768 1748 149 24 Dänischen
2936 1755 50 17 von

2093 1796 169 26 HERMANN
2282 1795 56 24 KIY

2092 2177 403 56 Doktrinäre
2542 2173 137 56 und
2728 2172 164 57 Lehr-

2093 2261 271 57 meister
2411 2257 119 57 der
2576 2256 217 57 Kunst

2092 2373 92 33 Von
2207 2372 149 34 Lothar
2379 2379 84 25 von
2489 2369 235 35 Kunowski

2170 2456 62 29 Vor
2255 2455 141 33 zwanzig
2418 2455 113 28 Jahren
2554 2454 179 32 disputierte
2760 2453 45 28 ich
2828 2453 46 28 als
2897 2453 105 32 junger

2094 2507 93 29 Mann
2213 2508 52 27 mit
2288 2506 165 33 Künstlern
2477 2506 60 28 und
2560 2505 156 28 Literaten
2740 2506 28 26 in
2793 2504 100 28 einem
2914 2501 66 29 Mün-

2094 2559 114 28 chener
2237 2558 86 29 Cafe.
2370 2557 66 29 Alle
2464 2565 107 20 waren
2601 2556 52 28 der
2683 2554 155 33 Meinung,
2869 2552 57 30 daß
2956 2553 46 28 ein

2095 2610 121 29 rechter
2240 2609 144 32 Künstler
2407 2606 234 31 ausschließlich
2664 2607 54 29 mit
2742 2605 95 33 Kohle
2861 2606 60 28 und
2946 2603 56 29 Oel

2094 2662 138 29 arbeiten
2251 2661 95 29 dürfe.
2386 2660 50 28 Ich
2453 2659 160 29 erwähnte
2632 2659 47 28 die
2699 2657 108 35 Feder,
2827 2658 58 27 den
2904 2655 98 33 Rötel,

2094 2711 57 28 den
2176 2710 103 30 Pinsel
2303 2711 48 28 für
2377 2710 184 34 Zeichnung.
2605 2709 73 30 Man
2705 2711 101 28 lachte
2834 2710 79 29 mich
2939 2718 63 20 aus.

2094 2761 55 30 Die
2171 2770 98 25 ganze
2291 2761 207 30 Gesellschaft
2519 2761 122 29 machte
2665 2761 79 28 mich
2768 2761 150 29 mundtot.
2942 2760 40 29 Da-

2093 2812 78 29 mals
2188 2812 54 30 saß
2261 2813 46 28 ein
2328 2812 153 34 künftiger
2498 2812 211 29 Lehrmeister
2726 2813 57 28 der
2803 2812 98 32 Kunst
2919 2812 63 28 Dok-

2094 2865 134 27 trinären
2255 2865 188 33 gegenüber,
2471 2865 46 28 die
2545 2866 73 29 jetzt
2645 2864 201 29 wesentliche
2873 2863 128 29 Stützen

2095 2917 52 27 der
2391 2916 27 28 in
2444 2914 102 30 Berlin
2572 2916 76 28 sind.
2691 2914 79 30 Was
2794 2923 71 20 man
2892 2916 27 28 in
2945 2914 56 28 den

2093 2966 159 34 Anfängen
2271 2967 48 34 ist,
2337 2966 95 30 bleibt
2450 2974 70 20 man
2540 2967 65 28 sein
2624 2965 105 29 Leben
2745 2967 80 32 lang.

2168 3016 40 31 Es
2234 3026 66 21 war
2326 3019 47 27 die
2400 3017 190 29 schlimmste
2616 3016 65 30 Zeit
2706 3017 165 29 deutscher
2895 3015 106 33 Kunst.

2093 3068 54 29 Die
2171 3069 123 33 heutige
2319 3068 119 34 Jugend
2462 3068 71 29 ahnt
2554 3076 56 26 gar
2634 3068 82 29 nicht
2736 3067 95 32 mehr,
2853 3075 68 20 was
2945 3067 57 27 wir

2093 3120 242 33 durchgemacht
2356 3120 109 28 haben.
2508 3119 83 29 Jetzt
2613 3120 66 27 sind
2702 3120 143 32 zwanzig
2865 3117 118 29 Lebens-

2093 3171 236 34 möglichkeiten
2381 3171 46 29 für
2476 3172 66 28 eine
2592 3170 143 34 geboten,
2786 3170 47 28 die
2883 3168 119 29 damals

2091 3223 47 29 für
2182 3223 46 29 die
2270 3222 114 34 rechte,
2425 3222 165 33 schlechte,
2632 3226 72 29 gute
2747 3221 98 33 Kunst
2887 3220 115 30 erklärt

2094 3275 117 28 wurde.
2257 3274 40 29 Es
2324 3274 60 34 gab
2411 3282 56 21 nur
2495 3273 155 33 Oelfarbe,
2695 3273 106 34 Kohle,
2848 3271 138 30 Staffelei-

2093 3325 104 29 bilder.
2243 3325 414 33 Moderne-Illustrationen,
2684 3323 138 34 Plakate,
2850 3323 133 33 Kunstge-

2094 3377 116 34 werbe,
2228 3375 201 35 Raumkunst,
2447 3376 113 34 Bilder,
2581 3377 47 29 die
2648 3375 86 28 mehr
2754 3374 45 30 als
2816 3373 165 35 Augenpho-

2095 3427 159 34 tographie
2275 3428 64 28 sein
2357 3428 122 34 wollen,
2500 3435 106 20 waren
2625 3426 79 28 noch
2723 3425 186 29 unbekannt.

2170 3478 82 30 Aber
2284 3479 46 28 die
2361 3478 185 29 Doktrinäre
2578 3485 61 20 von
2673 3476 118 30 damals
2822 3477 66 29 sind
2919 3475 82 29 nicht

2094 3530 235 33 ausgestorben.
2368 3528 112 35 Bilder,
2502 3528 47 28 die
2573 3527 89 29 ihnen
2684 3527 81 29 nicht
2786 3535 122 25 passen,
2929 3534 54 20 nen-

2095 3589 57 20 nen
2180 3582 44 28 sie
2252 3579 283 35 kunstgewerblich
2561 3579 75 28 oder
2665 3578 130 29 Plakate
2822 3578 75 28 oder
2925 3576 57 29 Pro-

2095 3631 92 30 dukte
2214 3632 54 28 des
2291 3630 201 31 Verstandes,
2519 3630 54 29 des
2600 3629 197 32 Gedankens,
2824 3629 54 28 des
2902 3626 80 29 Nach-

2095 3682 146 30 denkens.
2285 3682 87 29 Denn
2397 3682 54 27 mit
2462 3681 85 28 «.dem
2573 3679 203 34 Evangelium
2801 3678 115 35 „Kohle
2942 3678 60 28 und

2204 3732 108 29 wurde
2344 3732 47 28 die
2424 3730 130 30 Doktrin
2586 3730 196 30 verbunden:
2817 3729 52 28 der
2901 3727 100 29 Maler

2094 3784 70 29 muß
2189 3786 101 28 dumm
2312 3784 74 28 sein.
2428 3782 222 33 Stumpfsinnig
2674 3782 76 28 sitze
2772 3789 33 20 er
2828 3781 40 27 im
2887 3779 114 28 Atelier

2095 3836 59 28 und
2173 3835 78 28 male
2272 3843 58 19 vor
2351 3835 63 28 sich
2431 3834 59 28 hin.
2528 3832 139 29 Darüber
2686 3831 229 33 verhungerten
2935 3834 49 25 tau-

2093 3887 78 28 send
2191 3885 147 30 deutsche
2359 3883 109 30 Maler.
2498 3883 65 30 Das
2581 3882 136 29 Ausland
2738 3880 194 29 vernichtete
2953 3880 47 28 die

2094 3936 148 30 deutsche
2260 3936 142 29 Ausfuhr.

2169 3987 167 30 Einstmais
2354 3987 139 29 verband
2514 3987 52 28 der
2589 3984 104 29 Griffel
2718 3985 26 27 in
2765 3984 153 33 winzigen
2940 3982 40 27 An-

2094 4041 175 32 deutungen
2296 4038 58 29 alle
2382 4036 126 34 Künste.
2554 4035 108 31 Maler,
2692 4033 174 33 Bildhauer,
2893 4031 89 30 Archi-

2093 4090 105 30 tekten
2227 4089 257 34 telegraphierten
2514 4085 63 31 sich
2606 4085 62 30 ihre
2696 4083 246 33 Anschauungen
2972 4082 26 26 in

2094 4140 231 33 rhythmischen
2352 4138 225 33 Zeichnungen.
2622 4134 161 31 Gebildete
2808 4133 94 29 Laien
2929 4138 53 21 ver-
