3375 4590
67 100 522 70 Supplément
655 123 92 34 au
815 118 63 39 n°
928 91 54 70 4
1060 100 92 56 du
1220 99 310 57 volume
1589 85 104 72 12
1749 97 94 55 de
1899 97 68 54 la
2029 113 243 37 revue
2324 123 71 40 99
2443 41 196 111 LA
2723 33 333 114 CITE
3101 33 66 38 **
3208 30 158 122 M

81 590 1326 163 BRIQUES

86 1037 381 97 BRIQUE
538 1037 326 97 PLEINE

876 1169 546 74 ORDINAIRE

306 1322 290 63 machinée,
641 1332 132 46 cuite
815 1345 64 31 au
914 1322 111 54 four
1054 1331 222 53 continu,
1322 1322 102 54 dite

307 1421 240 56 BRIQUE
611 1422 79 55 DE
752 1421 120 54 FER.

307 1604 327 54 Dimensions
677 1628 6 29 :
729 1606 121 54 200
890 1628 27 30 x
959 1606 75 55 95
1076 1628 26 29 x
1146 1606 76 52 58

309 1691 152 56 Poids
504 1714 7 31 :
730 1694 33 52 2
808 1694 37 52 k.
889 1694 122 54 300

309 1878 205 57 Solidité
575 1881 407 62 extraordinaire,
1046 1893 296 42 convenant
1406 1879 457 68 particulièrement
1925 1901 130 44 pour
2115 1878 44 56 le
2223 1900 205 47 pavage

310 1975 95 54 des
472 1996 171 42 cours,
709 1996 244 46 garages,
1029 1983 228 54 trottoirs,
1326 1985 95 44 etc.

94 2376 376 94 BRIQUE
584 2376 280 91 PLATE

312 2537 179 55 format
565 2546 192 44 romain
837 2537 122 55 220
1011 2559 27 30 x
1100 2537 115 53 105
1270 2559 27 29 x
1350 2538 80 52 40

97 2940 378 91 BRIQUE
592 2937 277 92 PLATE

91 3085 51 68 A
211 3079 254 77 FACES
526 3067 340 86 SABLÉES

2219 3036 151 56 Poids
2413 3059 6 31 :
2461 3039 17 51 1
2530 3036 77 68 kg.
2654 3038 122 53 800

314 3222 180 54 format
569 3231 192 44 romain
839 3220 120 54 220
1015 3242 28 30 x
1106 3222 113 52 105
1274 3243 26 29 x
1354 3222 80 52 40

875 3478 141 71 Ces
1043 3477 260 86 briques
1327 3488 146 59 sont
1494 3476 377 86 fabriquées
1895 3474 165 72 dans
2094 3488 181 58 notre
2303 3474 199 73 Usine
2543 3476 85 71 de
2652 3477 348 72 WANLIN

879 3613 147 77 près
1071 3603 85 70 de
1203 3601 244 83 Dinant,
1505 3629 86 44 ou
1651 3600 166 71 dans
1878 3600 164 71 celle
2103 3600 85 70 de
2249 3613 181 58 notre
2488 3599 263 75 Société
2811 3601 194 74 Soeur

879 3791 27 20 „
951 3726 162 72 LES
1207 3723 834 74 BRIQUETERIES
2137 3725 115 69 DE

94 4080 528 109 Tuileries
709 4101 114 81 et
919 4075 760 112 Briqueteries
1765 4042 1235 145 d'HENNUYÈHES

97 4240 114 82 et
262 4235 160 87 de
478 4212 635 120 WANIUN,

1181 4329 407 71 Société
1648 4334 559 69 Anonyme.
2273 4332 732 71 HENNUYERES
