3253 4379
2992 4038 128 106 55

89 255 400 158 Etude
621 260 757 191 théorique
1513 265 393 155 dune
2038 273 1021 188 Pinacothèque

89 550 105 52 par
248 526 138 63 Paul
443 527 333 76 FITSCHY,
828 532 356 62 Architecte
1237 531 52 63 S.
1322 533 52 63 B.
1408 533 68 64 U.
1505 535 66 61 A.
1604 535 76 59 M.

84 1095 52 61 1.
188 1094 209 79 Types
447 1096 87 64 de
585 1094 501 70 Construction.

89 1214 75 44 Sur
193 1218 186 42 terrains
411 1215 111 59 plats
552 1236 53 26 ou
637 1236 86 40 peu
753 1217 280 53 accidentés,
1063 1237 54 26 on
1150 1223 108 54 peut
1305 1237 237 40 envisager

88 1280 114 46 deux
231 1281 159 47 modes
419 1283 59 45 de
507 1288 301 41 construction
840 1303 9 26 :

97 1350 34 42 1°
156 1349 51 43 En
231 1349 195 53 surface;

89 1418 22 40 2
158 1416 50 43 En
234 1415 201 47 hauteur.

89 1548 75 45 Sur
190 1552 186 43 terrains
404 1550 250 46 fortement
683 1551 279 53 accidentés,
994 1551 81 46 l'on
1108 1571 155 40 pourra
1292 1557 107 42 tirer
1428 1557 113 56 parti

88 1614 83 46 des
196 1615 324 47 dénivelatîons
548 1636 108 40 pour
681 1617 177 47 aboutir
884 1623 22 41 à
934 1618 82 46 des
1042 1618 208 48 solutions
1278 1624 240 43 intéressan-

86 1687 72 40 tes
181 1710 61 6 —
266 1683 177 57 gradins
468 1702 53 27 ou
549 1689 150 41 autres
720 1713 61 5 —
804 1704 54 26 en
885 1704 48 27 se
960 1686 159 45 basant
1143 1706 67 26 sur
1235 1687 59 46 les
1321 1691 219 56 principes

88 1747 334 60 réglementant
449 1749 230 47 l'érection
709 1751 82 46 des
820 1757 187 47 musées,
1040 1757 84 42 soit
1152 1773 54 26 en
1236 1755 191 53 surface,
1457 1759 84 42 soit

88 1834 53 26 en
169 1815 200 47 hauteur.

87 1982 62 62 2.
204 1982 273 66 Locaux.

89 2102 78 44 Les
195 2100 243 48 bâtiments
465 2111 294 52 proprement
787 2105 87 46 dits
900 2125 48 27 se
976 2105 191 47 classent
1195 2126 53 26 en
1276 2107 114 46 deux
1417 2113 101 41 caté-

89 2171 148 54 gories
266 2187 9 27 :

97 2239 6 39 1
152 2236 78 44 Les
252 2234 124 47 salles
398 2236 297 60 d'exposition
715 2238 141 46 —de
880 2239 274 47 différentes
1176 2241 244 58 grandeurs
1445 2261 72 39 pro-

89 2305 290 54 portionnées
402 2307 22 42 à
448 2302 199 47 l'échelle
672 2305 82 46 des
777 2325 180 27 oeuvres
979 2306 232 46 destinées
1232 2312 22 42 à
1276 2328 25 38 y
1322 2311 99 43 être
1445 2313 72 55 pré-

87 2373 201 42 sentées.

88 2438 22 41 2
158 2437 79 44 Les
263 2440 195 42 services
484 2466 60 5 —
569 2438 146 45 divers
743 2445 47 39 et
817 2442 169 43 variant
1014 2444 385 42 nécessairement
1426 2460 114 28 avec

87 2501 309 60 l'importance
419 2503 56 46 du
498 2509 153 42 musée
677 2524 9 26 :
710 2505 191 46 bureaux
925 2506 59 46 de
1008 2506 377 47 l'administration
1411 2515 47 39 et
1481 2509 59 45 de

86 2568 35 45 la
154 2573 328 51 conservation,
516 2575 216 50 réserves,
766 2572 123 46 salles
935 2573 59 46 de
1039 2575 302 45 conférences
1387 2582 48 38 et
1481 2575 59 46 de

90 2642 173 47 ventes,
287 2636 308 55 laboratoires,
622 2642 232 55 magasins,
879 2639 102 46 salle
1003 2640 60 45 de
1086 2645 235 55 réception
1345 2641 82 46 des
1451 2662 94 26 œu.

88 2721 98 27 vres
215 2702 117 46 d'art
359 2723 114 26 avec
502 2709 161 41 entrée
691 2705 198 59 spéciale
919 2713 48 38 et
997 2711 229 56 entrepôt,
1256 2709 181 45 ateliers
1481 2709 60 45 de

89 2772 205 56 peinture
323 2773 75 43 mis
423 2774 22 42 à
473 2770 35 46 la
536 2770 261 61 disposition
825 2772 82 46 des
932 2773 227 46 étudiants
1185 2780 49 40 et
1260 2774 82 46 des
1371 2776 146 58 profes-

87 2836 199 54 sionnels,
317 2837 384 46 éventuellement
730 2838 324 61 bibliothèque,
1084 2847 250 40 restaurant

89 3005 66 62 3.
209 3003 511 81 Organisation.

87 3127 347 57 L'organisation
461 3128 59 45 de
545 3147 78 27 ces
648 3128 151 46 locaux
822 3135 70 40 est
915 3128 34 46 la
974 3133 206 56 question
1206 3128 34 47 la
1269 3129 89 60 plus
1383 3134 132 56 impor-

87 3198 130 40 tante
244 3193 55 46 du
328 3194 250 58 problème.

87 3260 115 45 Trois
228 3260 201 46 facteurs
454 3261 35 46 la
517 3262 307 46 déterminent
850 3281 9 28 :

86 3328 57 44 A.
212 3328 56 45 Le
297 3327 270 47 classement
598 3329 82 46 des
712 3348 181 27 oeuvres
923 3333 170 42 suivant
1120 3329 61 46 les
1211 3330 241 46 méthodes
1481 3331 59 46 de

214 3396 144 51 visite;

89 3461 39 45 B.
198 3462 55 44 Le
275 3460 271 48 classement
567 3462 82 47 des
672 3482 181 28 oeuvres
872 3467 169 42 suivant
1062 3463 90 47 leur
1173 3464 147 46 valeur
1341 3464 199 54 relative,

87 3528 56 45 C.
214 3527 272 61 L'éclairage
510 3530 168 45 naturel
703 3530 82 46 des
809 3530 151 46 locaux
985 3530 312 61 d'exposition.

86 3663 55 43 A.
210 3661 375 47 CLASSEMENT
610 3664 242 45 SUIVANT
880 3665 309 44 METHODES
1218 3666 64 43 DE
1307 3666 172 44 VISITE.

89 3727 121 45 Nous
243 3746 199 40 pouvons
490 3748 161 40 ranger
684 3730 60 46 les
778 3734 198 43 visiteurs
1008 3749 54 27 en
1096 3734 106 42 trois
1235 3735 261 54 catégories
1531 3751 9 26 :

85 3793 40 59 a)
153 3795 78 44 Les
259 3795 230 58 profanes;

87 3861 42 58 b)
156 3862 78 44 Les
259 3864 157 50 initiés;

85 3928 39 58 c)
151 3929 79 44 Les
254 3932 319 44 connaisseurs.

1620 1063 78 44 Les
1742 1063 307 53 PROFANES,
2094 1063 272 46 totalement
2411 1068 225 54 ignorants
2679 1067 81 45 des
2803 1067 158 48 choses
3006 1069 58 47 de

1617 1128 107 53 l'art,
1755 1131 178 43 visitent
1962 1149 49 26 un
2041 1135 153 41 musée
2222 1150 96 27 sans
2347 1131 234 47 méthode.
2610 1131 43 47 Ils
2679 1135 62 57 s'y
2768 1134 191 46 rendent
2987 1141 51 53 gé-

1616 1196 279 45 néralement
1923 1196 26 45 d
1957 1216 75 27 ans
2060 1196 37 47 le
2126 1197 78 46 but
2233 1197 248 61 d'occuper
2509 1198 109 47 leurs
2644 1199 131 47 loisirs
2801 1201 132 46 d'une
2977 1222 58 26 ma-

1619 1265 121 42 nière
1765 1262 118 47 utile.
1910 1263 43 46 Ils
1978 1264 221 46 voudront
2222 1272 99 38 tout
2347 1270 90 40 voir
2461 1285 53 26 en
2541 1286 83 26 une
2648 1267 84 46 fois
2757 1274 48 39 et
2830 1287 209 41 parcoure-

1617 1335 97 39 ront
1746 1329 59 45 les
1838 1330 190 57 galeries
2058 1336 105 54 trop
2195 1332 286 59 rapidement
2515 1352 109 40 pour
2655 1353 89 40 que
2777 1340 129 40 cette
2938 1339 125 43 visite

1618 1395 89 46 leur
1733 1400 84 41 soit
1844 1398 244 57 profitable
2114 1399 71 59 (/).
2215 1404 104 51 pue
2347 1401 359 53 retiendront-ils,
2737 1420 53 26 en
2818 1403 136 53 effet,
2984 1403 81 45 des

1616 1467 227 56 quantités
1868 1463 60 46 de
1950 1464 131 46 toiles
2103 1469 23 41 à
2156 1469 132 55 peine
2313 1471 241 41 entrevues
2578 1467 108 46 dans
2711 1474 129 40 cette
2867 1468 196 47 enfilade

1616 1538 59 37 de
1704 1530 125 46 salles
1858 1530 120 60 qu'ils
2007 1538 156 39 auront
2194 1552 270 40 parcourues
2493 1533 38 45 le
2563 1533 89 60 plus
2680 1541 187 39 souvent
2896 1539 168 42 suivant

1617 1615 50 26 un
1696 1600 222 43 itinéraire
1945 1597 124 47 laissé
2097 1603 23 41 à
2149 1598 88 46 leur
2262 1599 121 46 seule
2410 1601 238 45 fantaisie?
2679 1603 45 43 Et
2750 1609 228 39 comment
3003 1604 62 57 s'y

1618 1664 311 58 prendront-ils
1955 1684 109 40 pour
2087 1667 62 57 s'y
2173 1672 231 40 retrouver
2427 1667 110 46 dans
2561 1687 56 26 ce
2641 1667 181 54 dédale,
2848 1669 146 60 quand
3023 1671 42 44 ils

1616 1749 54 26 ne
1703 1731 221 46 voudront
1955 1732 192 46 admirer
2179 1732 59 46 les
2272 1734 357 46 manifestations
2676 1738 254 57 artistiques
2977 1755 87 40 que

1616 1797 133 46 d'une
1776 1803 202 49 contrée,
2023 1799 342 58 généralement
2390 1801 34 45 la
2451 1800 117 46 leur?
2613 1801 19 45 Il
2675 1802 136 54 suffit,
2855 1802 207 46 dira-t-on

1617 1864 241 46 d'afficher
1881 1884 49 27 un
1956 1884 86 40 peu
2067 1872 194 53 partout,
2287 1886 49 26 un
2363 1867 95 60 plan
2483 1867 81 47 des
2587 1868 105 46 lieux
2716 1888 113 26 avec
2850 1875 100 40 tous
2972 1889 70 26 ren-

1617 1935 306 54 seignements
1948 1932 169 47 utiles...
2143 1935 132 45 C'est
2300 1953 49 27 un
2378 1935 203 53 remède,
2610 1939 105 42 mais
2741 1955 82 26 non
2850 1955 82 27 une
2959 1936 85 46 solu-

1616 2001 107 42 tion.

1620 2065 68 45 Ne
1719 2065 245 45 vaudrait-il
1999 2085 78 40 pas
2109 2070 139 42 mieux
2279 2086 54 28 ne
2366 2074 195 40 montrer
2592 2088 77 26 aux
2718 2069 212 59 profanes
2977 2089 88 41 que

1616 2131 217 60 quelques
1856 2151 180 27 œuvres
2059 2133 218 59 capitales
2299 2135 164 44 faisant
2488 2135 99 45 bien
2612 2140 199 42 ressortir
2833 2135 62 47 les
2914 2155 126 27 carac-

1616 2202 258 56 téristiques
1902 2199 59 46 de
1988 2199 175 60 chaque
2192 2200 127 46 Ecole
2348 2207 48 39 et
2421 2220 55 27 ce
2502 2205 169 42 suivant
2697 2201 160 47 l'ordre
2883 2203 156 45 chrono-

1616 2264 210 60 logique?
1858 2267 64 44 De
1949 2272 130 40 cette
2110 2271 195 41 manière
2350 2269 230 58 s'opérera
2627 2273 438 57 automatiquement

1618 2351 49 26 un
1696 2339 268 38 classement
1993 2333 162 45 mental
2184 2338 71 55 qui
2284 2334 88 46 leur
2399 2342 248 52 permettra
2677 2336 59 45 de
2765 2340 165 42 retenir
2955 2340 88 42 aisé-

1617 2405 123 38 ment
1765 2398 60 46 les
1850 2399 217 60 quelques
2093 2419 181 27 œuvres
2298 2401 59 45 de
2382 2401 123 45 choix
2528 2402 121 60 qu'ils
2672 2409 157 39 auront
2853 2422 120 27 vues.
3001 2406 63 42 De

1618 2468 147 43 même
1791 2484 109 40 pour
1922 2472 130 39 cette
2078 2471 238 55 catégorie
2342 2468 59 46 de
2427 2472 210 51 visiteurs,
2665 2469 61 47 les
2750 2469 188 59 galeries
2963 2489 77 27 con-

1616 2536 181 42 sacrées
1818 2552 77 26 aux
1919 2534 357 46 manifestations
2297 2539 255 55 artistiques
2573 2535 162 47 locales
2758 2537 185 45 doivent
2966 2540 98 43 être

1618 2598 37 45 le
1686 2598 89 59 plus
1803 2599 306 47 directement
2138 2601 286 51 accessibles.

1618 2733 77 44 Les
1720 2733 190 53 INITIES,
1935 2740 151 39 seront
2108 2733 34 46 la
2166 2739 238 54 catégorie
2426 2736 34 45 la
2486 2735 89 61 plus
2596 2737 284 47 nombreuse.
2904 2737 42 47 Ils
2970 2757 71 41 par-

1616 2805 240 39 coureront
1881 2799 36 46 le
1943 2805 152 41 musée
2121 2801 132 46 d'une
2280 2806 196 42 manière
2501 2803 309 61 méthodique,
2837 2808 84 42 soit
2945 2805 119 59 qu'ils

1617 2865 205 46 veuillent
1844 2885 153 40 passer
2017 2886 53 26 en
2094 2887 148 34 revue,
2265 2868 60 46 les
2348 2888 180 28 œuvres
2549 2870 99 46 d'un
2673 2870 125 46 lieu
2837 2871 190 45 déter-

1617 2935 159 42 miné
1822 2936 168 43 suivant
2020 2933 160 47 l'ordre
2210 2934 365 62 chronologique,
2605 2940 85 43 soit
2719 2937 119 60 qu'ils
2867 2937 197 46 désirent

1616 3002 91 42 voir
1736 3005 47 39 et
1813 3018 238 41 comparer
2081 3000 60 47 les
2172 3003 357 46 manifestations
2559 3007 254 57 artistiques
2841 3004 60 46 de
2930 3004 112 46 diffé-

1618 3072 150 40 rentes
1799 3070 176 55 régions
2005 3071 22 42 à
2060 3087 82 26 une
2173 3073 261 55 époque
2480 3070 452 54 déterminée,
2981 3074 83 42 soit

1618 3132 59 45 les
1720 3151 180 28 œuvres
1940 3134 132 46 d'une
2115 3138 148 43 même
2307 3136 141 54 Ecole,
2491 3141 84 42 soit
2617 3156 50 27 un
2709 3137 106 46 chef
2857 3137 207 46 d'oeuvre

1616 3218 157 27 connu.

1616 3267 95 44 Ces
1739 3269 140 43 initiés
1905 3287 48 26 se
1980 3273 367 42 contenteraient
2374 3270 192 46 d'abord
2596 3271 59 45 de
2684 3273 265 43 n'examiner
2976 3290 87 40 que

1617 3332 60 46 les
1702 3352 180 27 œuvres
1905 3335 231 58 capitales,
2164 3339 92 55 puis
2279 3341 133 54 après
2437 3335 206 60 plusieurs
2667 3341 160 50 visites,
2855 3337 183 59 d'appro-

1616 3400 108 45 fond
1733 3403 29 42 ir
1783 3400 88 46 leur
1891 3420 185 27 examen
2101 3421 77 40 par
2199 3402 34 45 la
2256 3406 126 42 visite
2403 3403 82 46 des
2504 3403 124 47 salles
2649 3404 293 59 d'exposition
2968 3422 72 41 pro-

1619 3473 206 52 prement
1856 3467 131 46 dites.
2020 3469 51 44 Ici
2102 3472 111 42 aussi
2243 3488 53 26 on
2328 3476 98 39 sent
2455 3476 258 40 nettement
2758 3470 33 46 la
2839 3474 223 42 nécessité

1617 3532 131 47 d'une
1780 3534 214 45 sélection
2025 3535 242 54 d'œuvres,
2298 3556 54 25 en
2382 3536 82 46 des
2492 3536 150 46 locaux
2671 3537 214 46 distincts.

1617 3668 78 44 Les
1717 3668 446 45 CONNAISSEURS
2186 3697 60 5 —
2267 3674 191 49 artistes,
2484 3671 238 52 étudiants,
2747 3674 222 56 critiques,
2996 3690 46 26 ex-

1618 3739 167 52 perts...
1806 3762 61 6 —
1889 3741 164 39 venant
2076 3754 52 27 au
2154 3741 153 40 musée
2332 3756 108 40 pour
2462 3737 189 53 étudier,
2676 3741 222 42 examiner
2921 3756 53 27 ou
2999 3756 44 27 re-

1617 3800 208 59 produire
1853 3820 83 27 une
1963 3821 53 26 ou
2046 3802 206 58 plusieurs
2279 3822 179 27 œuvres
2484 3803 322 47 déterminées.

1618 3869 51 43 Ici
1693 3885 181 35 encore,
1901 3887 82 26 une
2009 3868 313 47 classification
2350 3869 308 60 méthodique,
2683 3871 221 45 toutefois
2930 3889 77 40 pas
3032 3873 31 43 si

1617 3937 257 55 rigoureuse
1902 3940 70 40 est
1997 3938 271 44 nécessaire.
