3259 4386
1034 340 172 130 les
1277 343 435 129 dames
1780 373 74 99 à
1923 350 114 124 la
2108 350 272 124 ford

291 556 251 60 D'abord,
570 555 136 52 voici
739 555 91 52 des
863 555 136 53 mois
1023 575 105 52 que
1152 556 109 53 cela
1294 557 133 52 dure
1457 579 8 32 :
1496 559 309 72 impossible
1831 561 65 52 de
1929 564 157 50 sortir
2118 583 123 31 sans
2273 573 309 44 rencontrer
2606 565 75 53 les
2709 567 264 61 héroïnes,
3007 589 122 33 sans

288 627 200 52 croiser
510 627 230 52 certaine
764 634 124 45 auto
914 628 163 60 Ford,
1107 630 281 52 constellee
1412 631 65 52 de
1501 632 249 70 grandes,
1787 634 65 50 de
1883 653 287 53 moyennes
2203 637 50 50 &
2285 636 63 52 de
2379 637 188 71 petites
2600 640 142 51 croix
2766 660 193 51 rouges
2988 661 10 31 :
3033 661 97 51 par

287 701 211 60 devant,
536 720 98 52 par
665 700 251 61 derrière,
949 720 92 33 sur
1064 701 48 52 le
1134 702 309 71 pare-brise,
1474 724 93 33 sur
1596 705 76 52 les
1704 706 276 71 portières,
2018 728 93 31 sur
2140 708 48 51 le
2212 716 170 65 capot,
2419 714 29 48 à
2481 711 187 61 droite,
2697 716 30 48 à
2751 714 222 71 gauche,
3010 715 119 70 &je

289 773 136 51 crois
451 773 332 52 au-dessous.
814 773 84 52 On
924 773 94 52 fait
1039 773 122 54 bien
1181 775 65 52 de
1271 795 55 33 se
1350 782 248 66 protéger
1620 778 253 73 (quoique
1892 787 131 45 cette
2047 781 249 53 amulette
2329 782 100 52 soit
2451 802 65 32 en
2540 785 232 70 général,
2800 805 139 52 pour
2959 786 148 52 l'Alle-

287 866 212 52 magne,
527 865 105 31 une
656 865 144 33 assez
824 847 269 52 mauvaise
1117 849 525 73 recommandation).
1667 853 84 50 Au
1777 852 158 61 front,
1965 853 34 51 il
2024 852 112 53 faut
2154 855 242 52 craindre
2414 856 75 52 les
2509 857 284 61 artilleurs,
2822 858 75 52 les
2916 858 188 52 mitrail-

288 919 161 59 leurs,
474 918 49 51 la
548 918 409 71 mousqueterie,
988 918 75 53 les
1087 921 359 71 crapouillots,
1464 922 76 52 les
1558 923 258 71 grenades
1836 928 29 47 à
1885 926 142 50 main
2047 946 126 32 avec
2191 946 68 32 ou
2285 946 121 33 sans
2431 947 260 52 rugueux,
2720 929 75 53 les
2815 931 310 71 catapultes,

287 1011 104 52 que
415 990 175 72 sais-je
615 1009 207 42 encore,
851 992 48 50 le
926 1011 62 49 77
1017 994 48 50 &
1087 993 49 51 le
1158 994 107 61 420
1290 994 50 51 &
1363 1001 118 47 tous
1505 995 76 53 les
1605 997 225 52 calibres
1854 997 436 54 intermédiaires.
2314 1002 47 49 A
2386 1001 172 61 Paris,
2587 1002 34 51 il
2640 1022 36 52 y
2700 1022 29 32 a
2752 1003 76 51 les
2850 1004 279 71 Zeppelins

289 1065 49 50 &
363 1063 75 52 les
463 1062 230 53 Taubes.
724 1063 42 51 Il
789 1083 35 51 y
848 1083 28 31 a
900 1064 144 51 aussi
1068 1064 65 52 de
1164 1064 190 53 braves
1385 1086 129 52 gens
1538 1087 95 52 pas
1665 1069 272 52 méchants
1970 1070 92 72 qui
2086 1072 248 52 n'aiment
2351 1092 95 52 pas
2469 1073 117 52 voir
2607 1093 104 33 une
2734 1082 125 46 auto
2883 1075 247 53 conduite

288 1156 98 50 par
424 1154 103 32 une
564 1134 208 53 femme.
811 1135 41 51 Il
881 1156 36 50 y
949 1136 174 53 aurait
1152 1138 145 52 aussi
1327 1139 76 52 les
1436 1144 150 48 excès
1629 1140 65 52 de
1723 1142 211 60 vitesse,
1971 1143 140 51 enfin
2144 1150 171 46 toutes
2347 1152 167 45 sortes
2546 1145 65 52 de
2650 1147 248 72 dangers.
2937 1149 85 52 On
3064 1168 65 32 ne

291 1208 202 53 saurait
529 1228 225 52 pousser
791 1214 119 66 trop
943 1209 108 52 loin
1092 1210 75 52 les
1200 1213 337 70 précautions
1559 1234 12 38 ;
1601 1214 362 72 l'Allemagne,
2001 1216 35 51 il
2076 1216 113 53 faut
2226 1216 121 54 bien
2387 1219 49 51 le
2474 1224 349 57 reconnaître,
2860 1222 117 61 elle,
3012 1222 117 52 n'en

291 1280 208 71 néglige
537 1300 224 32 aucune.

289 1354 275 50 L'héroïne
587 1373 29 30 a
641 1373 102 31 une
766 1352 200 52 voisine
993 1373 103 53 que
1111 1355 57 71 je
1192 1354 138 53 crois
1354 1357 143 51 aussi
1521 1357 256 73 héroïque
1791 1379 12 39 ;
1832 1365 171 47 toutes
2028 1361 137 52 deux
2184 1369 211 63 portent
2415 1363 49 50 le
2488 1364 236 71 chapeau
2742 1365 66 52 de
2826 1364 298 73 boy-scout,

289 1426 47 51 le
355 1426 277 71 parapluie
651 1426 71 52 du
747 1426 293 61 chauffeur,
1063 1435 355 46 austerement
1436 1430 135 61 noir,
1596 1432 126 51 elles
1740 1432 284 54 l'arborent
2039 1454 100 52 par
2156 1435 74 52 les
2250 1441 170 66 temps
2440 1436 74 52 les
2537 1437 122 72 plus
2677 1437 151 54 bleus
2847 1440 284 71 (prouvant

279 1498 170 72 jusqu
467 1502 28 47 à
528 1498 17 51 1
562 1498 247 51 évidence
842 1519 72 52 qu
933 1500 125 50 elles
1102 1507 120 45 sont
1261 1506 174 66 prêtes
1479 1505 50 51 &
1562 1524 104 52 que
1713 1505 194 73 l'orage
1948 1511 170 47 même
2160 1507 332 73 improbable
2532 1529 65 33 ne
2640 1511 201 52 saurait
2879 1512 76 52 les
2998 1511 131 52 faire

287 1570 235 71 hésiter).
554 1570 141 52 Elles
719 1576 212 66 portent
952 1571 144 52 aussi
1121 1572 92 52 des
1237 1572 190 55 bottes.

289 1646 46 48 A
378 1643 188 71 Passy,
604 1646 30 48 à
667 1643 332 71 Montrouge,
1041 1648 28 47 à
1110 1646 231 71 l'Opéra,
1389 1647 66 52 ici
1496 1650 48 49 &
1584 1650 68 59 là,
1704 1669 69 33 au
1815 1650 124 52 Bois
1977 1656 189 57 même,
2211 1653 76 52 les
2325 1653 247 54 héroïnes
2611 1662 234 65 passent,
2857 1697 7 6 -
2889 1664 235 64 passent,

289 1716 286 71 dépassent
599 1717 49 49 &
678 1723 292 64 repassent,
1001 1717 42 51 si
1068 1717 121 52 bien
1220 1738 104 49 que
1356 1721 50 50 la
1436 1719 141 54 foule
1609 1741 56 32 se
1695 1722 261 53 demande
1989 1724 44 51 si
2061 1726 127 51 elles
2213 1746 65 32 ne
2302 1733 120 45 sont
2443 1747 96 51 pas
2563 1727 316 74 übiquistes.

291 1788 85 52 Un
402 1788 148 71 jour,
598 1807 201 33 avenue
841 1789 92 51 des
975 1789 501 74 Champs-Elysées,
1529 1813 58 32 ce
1627 1793 80 53 fut
1754 1815 203 33 comme
2005 1817 71 32 un
2125 1798 237 73 bouquet
2400 1799 65 52 de
2503 1799 163 54 fleurs
2710 1822 10 31 :
2771 1802 93 52 des
2913 1802 210 71 gerbes,

291 1860 91 51 des
408 1860 207 70 gerbes,
640 1860 34 51 d
692 1864 67 48 où
778 1862 355 71 émergeaient
1149 1864 305 54 noblement
1472 1865 194 63 raides,
1691 1887 205 33 comme
1915 1868 36 52 il
1971 1869 113 52 sied
2102 1874 29 47 à
2151 1871 139 53 deux
2313 1872 265 62 héroïnes,
2606 1874 76 51 les
2701 1874 137 52 deux
2856 1876 268 52 héroïnes.

291 1930 345 73 Quelquefois
660 1931 76 53 les
762 1933 180 52 dames
966 1934 65 52 de
1055 1935 50 51 la
1130 1935 144 52 Ford
1298 1956 24 33 s
1340 1957 64 32 en
1429 1944 127 46 vont
1578 1958 64 32 en
1667 1959 192 51 guerre
1883 1962 9 30 :
1921 1942 185 52 l'autre
2128 1943 130 71 jour
2279 1944 126 52 elles
2438 1944 272 54 foncèrent
2739 1947 141 52 droit
2902 1967 95 32 sur
3019 1947 108 52 moi

288 2001 65 51 de
394 2009 143 46 toute
575 2005 50 51 la
665 2005 141 52 force
846 2006 63 52 de
947 2006 143 52 leurs
1130 2015 188 65 quatre
1356 2010 230 73 maigres
1634 2013 287 71 cylindres.
1970 2015 424 55 Heureusement
2438 2018 51 52 la
2533 2019 337 53 conductrice
2912 2020 218 54 conduit

287 2074 105 52 mal
418 2076 49 50 &
490 2095 84 32 me
592 2097 232 53 manqua
853 2099 9 31 :
882 2079 58 71 je
963 2080 68 70 l'y
1055 2080 158 52 aidai.

291 2146 277 74 Pourquoi
583 2150 56 71 je
662 2150 76 52 les
762 2152 206 70 appelle
990 2154 265 59 héroïnes,
1277 2174 84 32 me
1385 2155 261 53 demande
1670 2158 48 52 le
1741 2178 204 52 paysan
1971 2160 70 52 du
2067 2161 226 52 Danube
2319 2163 23 50 ?

289 2220 79 51 Ne
396 2220 169 52 faut-il
589 2241 94 51 pas
709 2243 71 31 un
805 2224 292 53 admirable
1120 2226 264 52 héroïsme
1408 2248 137 52 pour
1568 2231 268 51 consentir
1859 2235 28 47 à
1911 2238 231 66 paraître
2166 2234 144 52 aussi
2334 2235 250 53 ridicules
2614 2236 24 51 ?

284 2292 106 65 Qui
415 2312 133 33 nous
585 2295 258 53 délivrera
886 2297 65 52 de
990 2318 86 33 ces
1115 2305 312 67 grotesques
1471 2310 250 63 agaçants
1758 2304 92 72 qui
1897 2311 178 65 gâtent
2125 2307 49 51 la
2213 2328 97 33 rue
2357 2310 182 71 quand
2580 2309 36 52 il
2655 2330 36 52 y
2743 2330 29 31 a
2833 2310 74 53 du
2946 2311 183 52 drame

282 2365 132 51 dans
449 2366 115 50 l'air
592 2367 10 49 !

2224 2454 184 51 AMED
2450 2454 380 51 ATRABILE.

570 2758 583 173 UNE
1422 2739 1417 248 ENQUÊTE

939 3021 40 39 II

279 3080 136 38 Notre
437 3080 331 39 collaborateur
782 3081 172 52 dirigea
968 3086 176 38 ensuite
1163 3096 70 28 ses
1246 3097 78 38 pas
1338 3099 102 28 vers
1458 3088 42 39 la
1517 3088 122 40 fosse

278 3142 240 28 commune
546 3133 39 38 &
611 3132 151 39 carrée
787 3130 57 42 où
867 3135 68 39 les
959 3147 104 29 ours
1093 3141 104 36 sont
1219 3143 196 34 retenus.
1446 3139 193 41 Comme

274 3182 32 37 il
330 3182 315 50 s'approchait,
677 3196 59 27 un
767 3196 225 30 murmure
1022 3189 207 51 atteignit
1258 3201 86 28 son
1369 3191 173 41 oreille.
1568 3194 71 38 Au

274 3234 117 37 bord
425 3236 55 37 de
514 3236 42 37 la
585 3234 146 50 grille,
767 3237 33 38 il
833 3240 199 48 regarda.
1072 3241 466 51 Mélancoliquement
1566 3255 74 28 sur

278 3285 118 38 deux
413 3289 143 46 pattes
579 3288 184 38 lourdes
790 3289 39 38 &
852 3290 179 50 molles,
1053 3303 59 27 un
1138 3304 103 28 ours
1265 3306 53 25 au
1341 3294 161 51 pelage
1526 3295 112 39 brun

275 3337 191 50 dansait;
491 3350 66 27 ses
579 3351 135 40 yeux,
747 3340 144 51 noyés
922 3342 54 39 de
1006 3344 235 51 langueur,
1267 3345 257 41 écoutaient
1549 3359 89 27 une

277 3388 198 40 mélodie
493 3391 237 49 lointaine,
758 3393 39 37 &
822 3392 33 38 il
872 3403 47 28 se
938 3395 172 40 laissait
1126 3397 159 38 bercer
1307 3408 54 28 au
1384 3398 179 50 rythme
1582 3400 56 38 de

275 3439 42 38 la
341 3442 204 48 musique
570 3442 51 38 de
645 3453 84 28 son
752 3444 122 38 rêve.
893 3467 52 5 —
960 3444 37 39 Il
1015 3447 177 39 s'arrêta
1213 3449 224 48 poliment
1455 3450 183 50 lorsque

275 3495 131 35 notre
432 3494 331 39 collaborateur
783 3495 61 38 lui
870 3497 178 38 adressa
1072 3499 42 38 la
1136 3501 169 48 parole,
1333 3501 40 38 &
1396 3505 170 47 voyant
1595 3504 42 37 le

275 3546 103 35 tour
408 3556 83 37 que
523 3546 170 48 prenait
720 3547 43 38 la
790 3549 334 50 conversation,
1156 3552 30 38 il
1215 3552 94 38 s'en
1337 3553 65 40 fut
1424 3565 102 28 vers
1548 3565 89 28 une

275 3595 136 48 petite
443 3595 140 50 hutte,
613 3598 41 38 &
688 3609 55 28 en
772 3600 146 38 revint
949 3600 133 40 coiffé
1106 3603 136 39 d'une
1267 3608 229 47 casquette
1521 3617 88 28 mos-

277 3647 166 38 covite.
471 3647 103 38 Puis
597 3660 87 28 une
709 3654 116 45 patte
851 3662 53 27 au
929 3664 139 36 cœur,
1093 3654 32 38 il
1149 3655 64 39 dit
1234 3668 8 25 :

839 3733 240 48 L'OURS

276 3826 59 5 —
368 3800 131 47 Mort
522 3800 42 48 &
590 3802 295 50 damnation
902 3806 10 46 !
942 3821 81 32 ces
1044 3806 308 58 Allemands,
1378 3824 81 33 ces
1482 3811 130 47 archi-

277 3862 313 48 aristocrates
613 3867 264 61 regardent
902 3872 162 43 toutes
1092 3871 72 47 les
1191 3876 169 43 autres
1383 3876 253 44 créatures

277 3938 118 31 avec
418 3924 288 50 l'insolence
728 3928 68 47 du
820 3930 235 61 seigneur
1078 3932 41 47 &
1142 3936 177 44 maître
1333 3934 11 46 !

278 3984 37 46 Il
341 4000 129 32 nous
494 3988 231 47 enlèvent
748 3990 211 48 femmes
982 3991 41 47 &
1045 3994 211 54 enfants,
1281 4010 131 32 nous
1440 3996 196 47 enchaî-

1763 3035 135 50 nent,
1923 3046 130 32 nous
2075 3031 206 55 battent,
2305 3048 132 33 nous
2459 3039 142 43 tuent
2624 3051 131 46 pour
2771 3036 187 47 vendre
2981 3041 144 44 notre

1762 3107 127 47 peau
1917 3093 40 47 &
1980 3098 144 44 notre
2147 3095 187 62 graisse
2348 3111 11 38 ;

1763 3153 41 47 &
1825 3156 62 45 ils
1910 3170 54 31 se
1986 3157 192 46 croient
2196 3158 188 60 permis
2403 3172 81 32 ces
2502 3158 210 56 forfaits,
2736 3165 198 41 surtout
2950 3165 174 43 contre

1762 3217 45 45 la
1847 3233 113 31 race
1997 3234 155 40 russe,
2192 3219 41 47 &
2267 3219 60 47 ils
2359 3220 255 61 appellent
2641 3223 105 47 cela
2776 3223 73 47 les
2874 3223 159 47 droits
3061 3223 61 47 de

1762 3278 250 49 l'homme.

1762 3341 92 47 Les
1877 3342 159 47 droits
2059 3344 61 45 de
2144 3342 237 49 l'homme
2394 3344 10 45 !
2428 3344 73 47 les
2524 3345 160 48 droits
2705 3346 64 47 de
2792 3346 236 47 l'homme
3042 3346 10 47 !
3083 3346 40 47 &

1762 3405 87 58 qui
1884 3420 127 32 vous
2045 3406 72 46 les
2152 3420 26 30 a
2210 3406 268 61 octroyés?
2506 3421 55 32 ce
2590 3407 122 47 n'est
2737 3424 92 47 pas
2854 3408 46 47 la
2930 3413 191 49 nature,

1760 3466 96 45 elle
1879 3467 121 45 n'est
2023 3482 89 46 pas
2135 3467 273 47 dénaturée
2431 3471 28 43 à
2482 3483 56 31 ce
2561 3471 157 59 point.

1759 3526 305 56 Allemands,
2083 3530 282 46 valez-vous
2389 3530 170 46 mieux
2577 3546 99 47 que
2695 3547 130 32 nous
2842 3534 28 45 à
2888 3547 149 32 cause
3060 3532 61 47 de

1759 3604 93 32 vos
1875 3595 101 43 arts
2000 3591 42 47 &
2064 3591 61 47 de
2148 3606 91 32 vos
2262 3593 245 45 sciences!
2531 3593 140 48 Nous
2695 3599 184 51 autres,
2903 3609 131 32 nous
3057 3609 62 32 ne

1760 3665 224 34 sommes
2007 3669 89 47 pas
2119 3653 87 47 des
2229 3655 184 45 crétins
2437 3660 242 56 pourtant
2693 3656 10 46 !

1759 3725 139 39 Notre
1928 3728 332 38 collaborateur
2281 3731 107 35 nota
2417 3739 74 27 ces
2519 3730 181 48 paroles
2723 3728 301 41 mémorables
3048 3740 75 28 sur

1760 3787 84 26 son
1876 3778 188 48 calepin,
2097 3778 98 49 puis
2224 3789 114 38 pour
2369 3778 251 49 compléter
2647 3780 41 40 &
2715 3780 201 50 préciser
2939 3792 83 28 son
3052 3791 47 29 en-

1760 3826 148 51 quête,
1942 3829 33 38 il
2007 3829 264 51 s'approcha
2308 3830 103 38 d'un
2442 3831 188 50 gardien
2665 3833 40 38 &
2740 3833 62 39 lui
2832 3833 225 38 demanda
3083 3830 38 41 le

1758 3891 109 27 nom
1894 3881 53 37 de
1973 3885 71 34 cet
2068 3892 101 28 ours
2196 3881 182 49 inspiré.

1758 3968 61 6 —
1852 3940 291 56 Atta-Troll,
2167 3943 71 46 lui
2262 3943 127 46 fut-il
2413 3943 245 61 répondu.

2453 4014 116 46 (Suite
2586 4029 47 22 au
2643 4015 170 47 prochain
2830 4017 171 45 numéro.)
