2375 4394
211 211 100 44 498

842 207 324 51 BRUNO'S
1268 210 324 48 WEEKLY

285 313 114 49 The
454 312 224 51 modern
733 312 237 59 authors,
1028 312 63 50 of
1144 313 180 51 whom
1377 315 151 51 there
1583 316 141 51 exist
1779 334 31 32 a
1866 315 234 51 German
2155 332 63 34 or

219 377 207 48 French
469 376 335 61 translation,
847 395 90 33 are
981 378 157 60 being
1177 378 141 51 done
1359 379 113 51 into
1519 381 226 59 English
1788 381 68 61 by
1895 381 320 49 translators

214 457 125 33 now
577 440 90 50 the
695 440 230 60 original
1297 443 123 58 Just
1449 444 127 50 look
1605 454 54 40 at
1687 444 150 51 these
1866 444 349 51 translations

217 505 173 50 which
432 506 175 51 arrive
645 505 131 51 with
816 523 160 43 every
1015 506 226 60 English
1279 508 142 51 boat.
1496 509 24 47 I
1565 508 227 62 daresay
1829 509 117 51 that
1986 519 54 42 at
2082 510 133 50 least

207 570 319 51 .two-thirds
563 570 63 51 of
662 571 151 51 these
849 571 170 51 books
1054 588 149 34 came
1240 581 56 42 to
1335 574 246 59 England
1619 575 88 50 via
1745 575 203 48 France
1986 574 106 49 and
2130 575 85 51 via

217 633 284 60 Germany.
581 635 235 51 Russian
861 653 97 31 can
1004 637 62 49 be
1110 637 295 50 translated
1454 640 115 48 into
1617 637 241 60 English.
1938 637 106 52 But
2089 639 125 59 only

214 698 69 59 by
322 700 127 48 such
488 716 60 33 as
586 700 137 50 have
760 717 67 32 an
865 701 263 49 excellent
1166 701 318 61 knowledge
1523 702 63 51 of
1626 702 225 61 English
1891 703 104 50 and
2036 721 30 32 a
2110 703 106 50 fair

212 764 320 60 knowledge
567 764 63 51 of
666 764 247 51 Russian.
981 766 175 49 There
1191 767 45 49 is
1271 776 92 42 too
1400 768 160 48 much
1594 767 234 51 German
1863 768 106 48 and
2007 769 207 49 French

215 829 170 50 flavor
418 829 104 50 and
558 829 151 58 spirit
739 830 54 49 in
828 832 148 48 these
1007 829 235 51 Russian
1275 832 350 50 translations
1658 833 63 49 of
1753 849 101 33 our
1884 832 147 62 days.
2098 834 116 50 The

214 893 308 50 wonderful
564 894 268 60 primitive
878 910 118 44 way
1038 894 63 51 of
1147 895 316 61 expressing
1506 896 285 50 situations
1839 898 69 59 by
1951 901 231 56 compari-

215 973 141 44 sons,
394 956 63 51 of
492 957 269 61 picturing
796 959 98 49 life
930 959 236 61 through
1203 960 90 51 the
1329 969 142 43 most
1506 960 232 53 difficult
1774 962 204 51 mosaic
2013 964 62 50 of
2116 962 98 51 life

207 1021 60 52 in
302 1021 162 52 detail
501 1022 45 50 is
582 1023 119 50 lost.

278 1087 116 49 The
436 1087 289 49 American
769 1088 349 51 translations
1162 1105 90 34 are
1302 1089 88 50 far
1430 1088 187 52 better.
1693 1091 197 49 Russia
1934 1091 45 49 is
2022 1107 192 33 nearer

208 1159 61 42 to
305 1152 90 49 the
431 1153 152 49 heart
619 1152 63 50 of
716 1152 253 50 America
1004 1153 132 49 than
1170 1162 57 42 to
1261 1154 90 50 the
1391 1154 152 51 heart
1580 1154 65 51 of
1682 1155 264 61 England.
2017 1157 196 49 Russia

200 1216 57 52 is
287 1225 56 41 to
377 1218 253 49 America
661 1216 91 52 the
785 1218 418 58 representative
1235 1219 63 51 of
1330 1220 316 61 everything
1682 1220 176 51 Slavic
1894 1221 53 49 in
1983 1221 228 59 Europe.

212 1281 117 50 The
380 1281 178 51 Slavic
607 1282 229 51 element
883 1284 46 48 is
977 1300 131 42 very
1156 1284 131 51 vital
1335 1285 55 48 in
1438 1301 101 34 our
1588 1284 266 63 everyday
1901 1285 112 51 life.
2096 1288 115 48 The

211 1347 334 60 melancholy
607 1346 64 51 of
730 1347 157 50 those
948 1347 303 62 struggling
1315 1348 89 51 for
1468 1348 381 54 freedom—no
1910 1359 196 42 matter
2166 1350 45 49 if

200 1411 254 58 •spiritual
485 1427 63 35 or
574 1411 362 52 financial—is
968 1412 347 51 well-known
1345 1423 55 41 to
1430 1430 79 34 us.
1572 1413 115 51 The
1715 1413 261 51 technical
2006 1415 171 50 knowl-

211 1474 133 60 edge
395 1474 64 51 of
507 1475 91 51 the
647 1475 265 60 language
962 1475 97 53 has
1110 1495 31 31 a
1194 1477 89 62 big
1334 1478 287 52 assistant:
1673 1478 90 51 the
1816 1479 281 63 sympathy
2148 1481 65 49 of

200 1539 302 53 translator
539 1539 103 51 and
680 1540 63 51 of
780 1540 203 51 reader.

275 1605 115 48 The
423 1604 196 51 Russia
652 1605 63 51 of
747 1623 29 32 a
808 1605 190 60 Gogol,
1030 1606 90 50 the
1156 1606 195 51 Russia
1385 1608 63 50 of
1480 1625 67 32 an
1580 1608 344 50 Arzibasheff
1956 1609 131 51 with
2119 1609 91 51 the

210 1669 303 59 struggling
567 1669 255 59 minority
880 1670 211 58 against
1144 1670 92 51 the
1289 1671 276 61 tryannies
1619 1672 64 51 of
1736 1690 31 33 a
1823 1672 264 51 Czardom
2141 1674 69 59 by

208 1732 196 51 "God's
690 1733 211 60 against
949 1750 315 43 oppressors
1310 1736 123 51 who
1478 1746 145 42 want
1672 1737 241 51 Russia's
1960 1737 245 51 financial

525 1799 123 50 who
687 1808 145 41 want
873 1799 174 51 slaves
1085 1801 54 48 in
1181 1799 153 60 spirit
1372 1801 106 50 and
1518 1802 156 49 meek
1713 1812 246 42 servants
1997 1803 209 51 instead

192 1862 75 50 ■of
304 1862 114 50 free
451 1879 137 42 men,
624 1873 143 41 must
803 1863 110 51 find
948 1881 30 33 a
1012 1865 352 59 sympathetic
1397 1867 132 50 echo
1562 1867 55 49 in
1650 1867 90 52 the
1774 1868 182 51 hearts
1989 1868 65 52 of
2091 1867 114 53 free

202 1926 334 51 Americans.

267 1992 176 49 These
480 1991 363 61 translations,
884 2010 60 33 as
982 1992 282 60 published
1302 1994 199 62 during
1538 1996 90 50 the
1668 2006 119 50 past
1824 2014 129 43 year
1989 1996 70 62 by
2098 1997 106 51 Mr.

201 2056 273 60 Huebsch,
509 2056 106 51 and
649 2057 163 60 lately
845 2057 71 61 by
949 2058 105 50 Mr.
1091 2058 193 60 Knopf
1325 2058 213 61 (whose
1574 2060 236 62 address,
1846 2061 69 61 by
1946 2061 90 51 the
2072 2079 132 44 way,

192 2119 55 54 is
283 2121 54 49 in
375 2137 71 34 no
484 2121 283 61 directory,
807 2122 105 51 and
951 2122 185 51 letters
1174 2132 57 42 to
1270 2124 181 50 whom
1490 2141 91 33 are
1619 2124 159 63 being
1818 2137 116 41 sent
1971 2128 136 50 back
2145 2144 59 33 as

198 2185 400 52 undeliverable
629 2185 358 61 constantly),
1020 2204 89 33 are
1139 2198 96 41 not
1266 2189 127 61 only
1425 2190 243 58 superior
1703 2190 143 51 from
1881 2210 31 31 a
1941 2192 263 51 technical

202 2250 310 60 standpoint
548 2268 59 33 or
663 2251 144 51 from
841 2253 91 49 the
968 2253 310 58 standpoint
1313 2254 64 51 of
1412 2272 31 33 a
1478 2255 234 61 linquist,
1749 2257 95 50 but
1879 2255 125 62 they
2041 2257 163 60 really

189 2331 166 44 carry
385 2324 57 42 to
473 2331 63 35 us
568 2316 159 48 THE
756 2333 261 43 message.
1085 2317 117 50 The
1235 2328 151 52 great
1419 2319 233 49 Russian
1687 2320 237 61 authors,
1959 2321 121 50 who
2113 2338 91 33 are

193 2380 207 59 artists,
455 2380 235 59 apostles
742 2380 63 51 of
859 2399 30 32 a
941 2398 121 34 new
1117 2381 104 52 and
1274 2382 174 51 better
1500 2401 92 33 era
1647 2384 89 52 for
1787 2385 141 51 their
1979 2386 223 52 beloved

201 2443 211 60 Russia,
454 2444 105 50 and
600 2443 208 52 leaders
849 2444 64 53 of
951 2446 143 51 their
1132 2448 188 59 people
1362 2457 53 42 at
1458 2448 147 61 large
1647 2457 55 43 at
1740 2450 90 50 the
1873 2466 145 33 same
2059 2451 142 60 time,

202 2509 163 60 speak
407 2519 58 42 to
509 2527 65 33 us
619 2511 53 49 in
718 2511 142 50 their
903 2528 123 35 own
1072 2512 282 61 language.
1434 2513 64 50 In
1543 2525 142 40 most
1731 2517 64 49 of
1838 2516 91 50 the
1978 2517 223 61 English

197 2574 352 51 translations
582 2574 126 60 they
743 2592 142 33 seem
920 2584 56 42 to
1014 2577 63 49 be
1111 2575 160 61 using
1307 2594 31 32 a
1371 2579 350 59 megaphone.

262 2639 180 51 While
483 2639 222 61 reading
741 2657 31 33 a
813 2639 108 52 few
958 2639 133 62 days
1129 2658 103 44 ago
1271 2641 55 50 in
1365 2659 31 33 a
1435 2643 299 50 Bohemian
1772 2645 277 60 magazine
2087 2645 114 51 that

189 2704 182 52 Oscar
404 2705 226 51 Wilde's
662 2705 248 60 Reading
945 2706 136 51 Gaol
1113 2706 105 51 had
1251 2707 134 51 been
1419 2709 296 50 translated
1752 2710 114 51 into
1904 2710 297 52 Bohemian

200 2770 104 49 and
349 2770 113 50 into
509 2770 225 50 Serbian
777 2771 237 58 recently
1056 2771 104 49 and
1207 2780 117 43 sent
1368 2772 56 50 in
1467 2773 300 51 thousands
1812 2775 65 52 of
1920 2776 180 60 copies
2144 2785 57 40 to

196 2833 236 61 military
462 2833 404 52 concentration
897 2850 197 44 camps,
1131 2834 22 50 I
1190 2834 365 54 remembered
1588 2837 230 52 another
1848 2838 180 61 singer
2058 2839 143 53 amid

196 2899 184 59 prison
428 2899 320 51 walls—one
795 2899 125 52 who
968 2899 236 52 suffered
1251 2899 55 51 in
1355 2900 234 51 Russian
1637 2903 214 58 prisons
1900 2906 104 50 and
2073 2906 127 49 such

198 2972 206 41 torture
450 2964 197 49 houses
691 2980 60 33 as
791 2964 92 51 the
930 2965 457 61 Schluesselburg,
1430 2968 334 61 twenty-five
1806 2986 158 45 years
2008 2970 66 51 of
2116 2972 84 49 his

189 3027 107 51 life
342 3029 89 50 for
471 3029 91 50 the
605 3038 213 50 gravest
859 3029 164 50 crime
1063 3046 103 33 one
1207 3046 99 33 can
1349 3033 220 50 commit
1612 3033 54 49 in
1710 3033 226 62 Russia;
1980 3035 67 51 he
2088 3052 112 33 was

198 3110 69 33 an
299 3093 358 60 independent
689 3093 176 53 editor
894 3093 65 53 of
991 3111 30 33 a
1052 3110 164 44 paper
1244 3095 119 52 that
1392 3096 193 51 should
1619 3097 91 50 tell
1743 3097 83 51 his
1862 3099 216 52 readers
2108 3100 92 51 the

189 3158 157 51 truth
399 3158 105 51 and
555 3158 229 61 nothing
833 3160 96 52 but
981 3160 90 50 the
1138 3161 165 51 truth.
1405 3162 260 51 Nicholas
1734 3165 465 53 Alexandrovitch

198 3224 295 57 Morosow,
542 3241 98 33 son
690 3224 63 51 of
800 3242 31 33 a
874 3224 287 51 nobleman
1208 3224 105 52 and
1359 3243 32 33 a
1435 3237 223 48 peasant
1701 3246 230 44 woman,
1978 3231 146 50 after
2168 3248 31 33 a

196 3289 186 50 liberal
435 3288 283 52 education
769 3290 53 49 in
871 3289 232 60 colleges
1152 3289 106 52 and
1307 3290 356 63 universities,
1713 3292 239 63 decided,
2004 3306 55 41 at
2107 3297 92 49 the

195 3370 100 44 age
341 3353 64 52 of
449 3353 262 61 nineteen,
756 3361 58 44 to
860 3354 114 61 join
1016 3354 90 52 the
1148 3372 173 43 group
1364 3355 65 51 of
1470 3373 181 46 young
1702 3358 277 53 Socialists
2023 3359 174 53 which

195 3426 158 51 went,
399 3417 53 50 in
502 3424 140 54 1874,
685 3417 292 61 preaching
1017 3419 238 61 through
1298 3419 90 50 the
1431 3430 241 52 country,
1717 3422 183 63 trying
1941 3434 58 42 to
2044 3426 155 50 make

195 3500 123 33 men
355 3483 105 51 and
494 3500 211 34 women
742 3501 86 33 see
861 3485 92 49 the
988 3485 108 49 real
1129 3485 156 52 value
1318 3485 65 50 of
1414 3486 113 51 life.

259 3548 89 51 He
381 3558 142 42 went
554 3558 57 42 to
648 3549 76 51 St.
758 3548 328 61 Petersburg
1119 3549 104 51 and
1258 3567 111 33 was
1405 3549 175 52 editor
1613 3552 53 49 in
1699 3552 160 61 quick
1894 3556 302 51 succession

193 3613 65 51 of
304 3613 156 52 those
507 3613 151 51 three
704 3614 247 59 journals
996 3614 117 51 that
1158 3632 140 34 were
1348 3617 238 62 severely
1630 3619 315 56 persecuted
1993 3621 70 60 by
2107 3622 89 49 the

192 3678 236 50 Russian
466 3678 380 53 Government.
915 3680 87 50 He
1035 3679 103 52 left
1172 3679 210 61 Russia,
1418 3681 217 51 warned
1672 3681 68 62 by
1774 3701 30 33 a
1838 3683 142 60 good
2020 3684 176 55 friend
