2375 4394
765 439 323 52 BRUNO'S
1189 439 325 51 WEEKLY

2046 447 90 43 501

204 1774 223 51 Heloise
465 1775 224 59 Haynes
728 1775 154 59 plans
922 1775 89 51 for
1048 1776 94 50 her
1179 1794 160 45 many
1380 1778 207 51 friends
1626 1779 104 50 and
1770 1778 260 51 admirers
2071 1794 66 33 an

138 1837 259 51 informal
432 1837 168 53 dance
642 1839 87 51 for
769 1840 280 60 Saturday,
1086 1843 89 48 the
1212 1843 136 58 19th,
1385 1843 174 49 which
1597 1843 107 49 will
1740 1843 122 50 take
1898 1844 148 58 place
2085 1843 53 48 in

137 1900 97 53 her

126 1999 234 50 Bruno'*
400 1999 201 50 Garret

202 2081 54 50 A
290 2097 170 44 group
497 2080 62 51 of
594 2097 181 44 young
812 2081 232 51 Russian
1081 2083 236 59 painters
1354 2084 107 51 will
1499 2085 205 51 exhibit
1739 2103 31 32 a
1808 2093 300 51 representa-

136 2145 110 51 tive
284 2145 252 51 selection
573 2145 64 51 of
671 2146 140 50 their
841 2146 271 61 paintings
1149 2147 53 50 in
1239 2149 230 49 Bruno's
1504 2147 207 52 Garret.
1781 2149 116 52 The
1932 2149 178 50 exhibi-

136 2211 115 49 tion
296 2226 167 43 opens
502 2227 69 33 on
614 2210 301 61 Thursday,
955 2212 91 50 the
1089 2212 134 60 17th,
1268 2212 104 51 and
1415 2215 106 49 will
1565 2215 102 49 last
1707 2213 136 51 until
1884 2215 90 49 the
2016 2213 123 51 25th

135 2276 66 49 of
234 2276 287 59 February.
586 2276 117 49 The
734 2284 190 51 poetry
955 2276 249 61 readings
1237 2277 106 49 and
1377 2277 241 62 Monday
1650 2278 227 61 evening
1909 2279 230 50 lectures

138 2340 135 51 have
314 2349 57 42 to
412 2340 63 50 be
516 2339 332 60 interrupted
888 2357 70 33 on
1000 2352 226 39 account
1268 2342 63 49 of
1371 2343 89 49 the
1502 2343 95 49 fire
1639 2343 134 51 until
1817 2343 191 49 March
2048 2343 91 49 the

136 2404 106 49 sth.
317 2405 161 57 Upon
524 2404 105 49 this
671 2403 119 61 day,
832 2404 89 49 the
963 2420 286 45 necessary
1292 2406 321 51 restoration
1657 2408 151 49 work
1851 2408 108 50 will
2001 2408 137 49 have

136 2469 132 50 been
312 2469 228 50 finished
581 2469 105 50 and
729 2470 229 49 Bruno's
1001 2469 192 50 Garret
1234 2470 109 51 will
1385 2471 252 50 welcome
1681 2471 303 64 everybody
2022 2471 117 51 that

136 2533 196 50 wishes
371 2542 56 42 to
469 2533 182 50 attend
694 2535 68 48 its
804 2535 475 58 house-warming.

131 2662 386 90 Charles
545 2661 409 90 Edison's
978 2663 285 89 Little
1282 2663 425 90 Thimble
1726 2665 416 89 Theatre

129 2787 401 51 'W'IRGINIA
570 2787 65 51 O.
677 2787 377 59 MADIGAN,
1094 2788 122 51 who
1257 2807 110 34 was
1408 2790 164 51 heard
1611 2791 103 51 last
1755 2792 150 50 week
1943 2790 54 51 in
2037 2791 96 50 her

161 2856 28 23 *
292 2853 279 50 recitation
599 2862 57 42 to
684 2853 170 48 music
882 2853 64 51 of
974 2853 191 51 Victor
1195 2854 256 51 Sardou's
1687 2856 91 51 the
1807 2856 319 61 Forsaken,*

138 2915 98 51 has
293 2917 331 49 remarkable
677 2917 167 51 talent
894 2927 57 41 to
1004 2917 257 59 interpret
1314 2919 130 50 with
1497 2919 96 50 her
1648 2929 187 51 strong
1887 2929 254 42 resonant

136 2983 165 57 voice,
341 2983 89 49 the
470 2981 180 51 words
689 2983 62 49 of
788 2983 90 51 the
918 2984 209 50 author.
1200 2984 178 50 Music
1417 2984 104 51 and
1564 2985 201 59 spoken
1803 2985 151 50 word
1997 3002 141 33 seem

137 3056 57 41 to
232 3064 150 43 grow
421 3056 56 42 to
517 3064 30 33 a
584 3048 117 50 unit
741 3048 176 50 which
953 3048 131 50 does
1122 3059 97 39 not
1262 3048 94 50 fail
1395 3058 56 42 to
1492 3059 84 41 act
1618 3065 143 43 upon
1802 3067 101 33 our
1943 3067 197 34 senses.

138 3112 119 51 Our
297 3129 122 43 eyes
459 3111 105 51 and
604 3129 100 33 our
744 3129 118 33 ears
901 3130 90 32 are
1033 3114 258 61 similarly
1332 3114 277 50 attracted.
1684 3115 138 51 Miss
1864 3115 276 62 Madigan,

137 3177 122 51 who
292 3177 110 60 just
435 3177 297 60 completed
763 3178 96 50 her
886 3178 246 51 eleventh
1160 3194 141 45 year,
1336 3180 106 49 will
1474 3178 250 52 continue
1755 3181 96 49 her
1879 3180 262 52 dramatic

138 3241 217 50 studies.

202 3305 301 61 Thursday,
538 3304 199 62 Friday
768 3307 104 50 and
910 3305 268 63 Saturday
1209 3308 63 51 of
1303 3307 106 50 this
1444 3308 149 51 week
1625 3307 89 52 the
1747 3326 252 43 program
2032 3309 108 51 will

137 3371 212 50 include
384 3389 30 32 a
450 3371 254 50 selection
736 3371 64 51 of
835 3388 163 43 songs
1033 3373 69 59 by
1138 3373 137 49 Miss
1314 3373 133 50 Sara
1486 3374 50 49 S.
1574 3374 333 60 Broughton,
1941 3374 199 52 known

137 3454 58 32 as
227 3436 199 50 church
459 3436 181 60 singer
669 3436 103 51 and
805 3437 122 50 who
958 3437 204 59 aspires
1193 3446 56 41 to
1281 3446 150 41 enter
1459 3454 145 43 upon
1635 3456 31 32 a
1696 3449 216 40 concert
1944 3455 196 36 career.

136 3502 119 50 Her
285 3517 253 45 program
574 3501 268 53 includes:
910 3502 118 51 The
1068 3502 136 61 Star,
1238 3502 68 61 by
1343 3503 239 60 Rogers;
1619 3503 201 51 Where
1853 3521 90 41 my
1974 3503 134 51 Cara-

137 3585 103 34 van
274 3568 117 50 Has
424 3566 213 61 Rested,
669 3567 70 60 by
769 3567 173 60 Lohr;
978 3567 115 51 The
1124 3568 172 50 Years
1329 3578 54 41 at
1413 3568 89 50 the
1540 3568 210 61 Spring,
1781 3568 69 62 by
1882 3568 192 50 Beach.

202 3633 138 50 Miss
378 3633 117 48 Lila
534 3634 121 49 Van
697 3633 136 50 Kirk
870 3633 109 51 will
1021 3633 120 58 give
1179 3633 150 50 three
1370 3633 63 51 of
1470 3632 98 51 her
1606 3633 194 50 Italian
1839 3633 299 51 illustrated

134 3698 379 59 travellogues,
778 3698 200 49 Weeks
1028 3698 54 48 in
1530 3698 164 49 Walk
1740 3698 261 61 Through
2048 3699 90 50 the

139 3761 205 51 Streets
390 3764 62 48 of
849 3761 104 51 and
1298 3763 257 59 Pompeii,
1604 3763 285 59 Vesuvius,
1938 3763 202 50 Venice

143 3826 100 61 (by
270 3826 332 61 moonlight)
645 3827 103 51 and
782 3827 193 51 Italian
1290 3826 133 51 This
1456 3827 163 50 series
1651 3827 43 50 is
1724 3827 263 60 arranged
2019 3845 58 33 as
2109 3846 31 33 a

137 3892 103 60 trip
271 3892 237 60 through
543 3893 151 59 Italy,
727 3911 71 33 on
830 3893 108 51 this
972 3892 113 51 side
1117 3892 65 52 of
1212 3892 89 52 the
1334 3909 165 34 ocean
1534 3892 104 51 and
1673 3892 138 51 Miss
1844 3893 122 50 Van
2002 3893 139 50 Kirk
