5019 7035
623 4707 124 61 Die
788 4707 464 81 Grundpreise
1294 4713 156 61 sind
1490 4717 124 61 mit
1656 4717 124 61 der
1812 4722 271 74 jeweils
2124 4725 471 78 festgesetzten
2639 4729 506 66 Schlüsselzahl
3184 4754 84 42 zu
3309 4739 556 78 multiplizieren.
3947 4742 134 61 Zur
4119 4744 169 61 Zeit:
4330 4746 154 62 2500

1506 4852 538 51 Postscheckkonto
2076 4857 104 48 des
2212 4861 235 57 Verlags
2478 4864 120 46 Der
2627 4866 230 47 Starm;
2889 4869 205 48 Berlin
3123 4871 167 49 NW7
3324 4884 14 34 /
3370 4874 217 49 120658

1074 6198 679 78 Veränderung
1809 6209 569 64 sämtlicher
2439 6215 323 60 Preise
2825 6217 472 69 jederzeit
3357 6222 646 63 vorbehalten

478 6346 576 62 Verantwortlich
1099 6353 112 57 für
1253 6354 109 58 die
1406 6356 552 76 Schriftleitung:
2002 6363 300 59 Lothar
2342 6366 391 75 Schreyer
2788 6383 37 46 /
2872 6373 239 71 Verlag
3160 6376 130 56 Der
3340 6376 235 60 Sturm
3622 6378 75 58 G.
3743 6393 91 44 m.
3876 6378 61 58 b.
3983 6381 80 56 H.
4105 6395 37 46 /
4185 6385 233 57 Berlin
4461 6388 146 58 W9

1763 6458 264 57 Druck:
2071 6459 66 58 C.
2180 6461 264 59 Basista
2486 6466 58 54 &
2588 6464 115 60 Co.
2747 6483 32 39 /
2827 6469 231 56 Berlin
3103 6469 125 56 NO
3272 6474 71 51 18

493 349 1826 143 MONATSSCHRIFT
2386 353 427 142 DER
2884 350 732 145 STURM
3682 407 56 92 /
3829 424 446 59 Vierzehnter
4298 424 339 75 Jahrgang

490 532 361 60 Erscheint
890 549 115 43 am
1044 536 277 57 ftinften
1362 536 198 68 jeden
1601 532 272 61 Monats

490 624 118 63 Mit
646 626 508 77 mehrfarbigen
1193 627 552 78 Kunstbeilagen,
1787 626 527 64 Holzschnitten
2358 634 188 69 (stets
2585 648 162 42 vom
2789 629 207 63 Stock
3040 629 362 78 gedruckt)
3446 631 143 61 und
3629 632 481 78 Zeichnungen

490 725 467 73 Dauerbezug:
984 722 129 61 Ein
1135 722 412 78 Vierteljahr
1565 722 427 78 Grundpreis
2011 724 38 59 2
2072 724 187 62 Mark
2288 727 22 73 /
2331 725 325 61 Ausland:
2676 725 41 61 3
2739 725 391 61 Schweizer
3150 725 313 63 Franken
3485 729 24 73 /
3531 727 383 63 Einzelheft
3934 729 425 78 Grundpreis
4385 731 30 59 1
4447 729 188 61 Mark

488 820 473 73 VollstSndige
1001 822 402 73 Exemplare
1445 822 119 58 dcs
1592 827 54 53 6.
1675 822 107 59 bis
1809 829 54 51 8.
1894 824 369 72 Jahrgangs
2305 841 141 42 nur
2475 825 181 58 noch
2684 827 75 58 in
2786 827 312 71 wenigen
3140 827 452 73 Exemplaren
3633 829 408 57 vorhanden
4085 829 63 69 jc
4200 829 428 73 Grundpreis

488 902 78 54 20
605 898 195 58 Mark
839 896 23 73 /
903 907 56 50 9.
1000 900 106 57 bis
1150 905 88 51 12.
1277 900 336 73 Jahrgang
1655 900 423 74 Grundpreis
2121 907 74 52 10
2236 903 201 58 Mark
2478 903 25 71 /
2546 908 52 53 1.
2634 903 108 58 bis
2781 908 56 55 5.
2881 903 144 60 und
3064 910 54 53 8.
3152 905 339 73 Jahrgang
3528 907 364 72 vergriffen
3932 905 24 71 /
4000 907 425 59 Einzelhefte
4451 908 171 58 alter

487 974 375 73 Jahrginge
905 976 421 73 Grundpreis
1370 983 33 49 1
1445 978 196 56 Mark

490 1066 147 61 Von
676 1066 181 61 alien
900 1066 513 62 Holzschnitten
1453 1068 126 60 der
1618 1068 389 62 Zeitschrift
2049 1068 134 62 Der
2224 1069 229 61 Sturm
2491 1069 158 63 sind
2695 1071 325 78 signierte
3064 1071 142 61 und
3248 1073 490 62 nummerierte
3780 1078 479 67 Handdrucke,
4305 1091 139 44 von
4486 1076 136 61 den

488 1142 290 61 meisten
820 1142 481 78 Zeichnungen
1342 1147 470 59 Kunstdrucke
1855 1144 310 61 kauflich
2205 1164 87 42 zu
2331 1149 387 59 erwerben.
2800 1149 122 59 Die
2964 1149 345 74 Originale
3350 1149 157 59 sind
3548 1150 457 60 verkauflich.

488 1240 471 60 Sturmbuhne
986 1240 24 73 /
1037 1237 352 63 Jahrbuch
1416 1239 120 61 des
1564 1239 330 62 Theaters
1921 1240 125 61 der
2072 1240 604 78 Expressionisten
2723 1245 24 73 /
2788 1244 56 61 1.
2866 1244 108 61 bis
3001 1244 56 61 8.
3077 1242 204 78 Folge
3331 1245 24 75 /
3397 1245 166 77 jede
3590 1245 204 78 Folge
3822 1245 427 80 Grundpreis
4280 1247 191 61 Mark
4496 1249 141 61 0.20

489 1557 2577 149 KUNSTAUSSTELLUNG
3205 1563 471 143 DER
3818 1567 809 142 STURM

489 1753 447 78 BERLIN
983 1756 204 78 19
1261 1783 41 51 /
1380 1756 758 82 POTSDAMER
2192 1760 525 78 STRASSE
2785 1773 217 68 134a
3073 1783 47 55 /
3195 1763 176 75 AM
3435 1763 752 78 POTSDAMER
4245 1763 379 78 PLATZ

487 1890 456 63 Geoffnet
992 1892 369 78 taglich
1408 1907 173 47 von
1632 1895 191 61 10—6
1884 1895 181 63 Uhr
2104 1914 38 46 /
2182 1897 181 63 Son
2391 1914 47 46 n
2457 1904 204 71 tags
2712 1916 176 42 von
2941 1899 190 59 11—2
3180 1897 183 63 Uhr
3413 1921 34 39 /
3500 1899 645 62 Monatlicehr
4196 1899 433 64 Wechsel

491 2088 875 87 Hundertachtzehnte
1424 2092 543 111 Ausstellung

484 2219 198 74 April
724 2225 153 53 1923

486 2395 133 86 M.
663 2396 121 85 H.
828 2396 277 111 Maxy
1161 2422 54 62 /
1278 2425 334 58 Bukarest

2665 2095 931 88 Hundertneunzehnte
3652 2098 544 114 Ausstellung

2668 2225 141 60 Hai
2851 2234 149 52 1923

2663 2400 312 90 Emilio
3037 2405 414 85 Pettoruti
3510 2430 54 60 /
3627 2432 511 61 Buenos'Aires

487 2605 940 89 SturnvGesamtschau

2673 2611 938 89 Sturm'Gesamtschau

486 2954 470 113 Bucher
1026 2994 217 75 aus
1317 2962 276 112 dcm
1649 2960 447 148 Verlag
2159 2964 243 110 Dcr
2463 2959 415 120 Sturm
2946 2965 225 109 mit
3242 3001 392 76 neuen
3710 2964 911 150 Grundpreisen

482 3142 268 72 August
789 3143 303 58 Stramm

482 3231 107 61 Du
630 3235 25 72 I
697 3233 562 78 Liebesgedichte
1300 3238 24 73 /
1363 3235 57 62 4.
1459 3236 273 78 Auflage
1774 3240 24 74 /
1835 3238 41 61 3
1915 3240 186 61 Mark

482 3328 364 79 Tropfblut
884 3335 27 66 /
950 3331 328 61 Gedichte
1326 3338 22 68 /
1393 3335 364 76 gebunden
1796 3338 39 58 7
1874 3338 188 59 Mark

484 3423 450 62 Gesammelte
977 3426 426 78 Dichtungen
1463 3431 23 73 /
1541 3429 40 60 2
1618 3431 231 59 Bande
1906 3434 27 72 /
1991 3431 203 63 Jeder
2240 3434 190 61 Band

2167 3533 39 57 5
2245 3531 190 61 Mark

482 3639 170 58 Paul
692 3641 396 58 Scheerbart

484 3729 586 63 Glasarchitektur
1107 3736 24 73 /
1171 3734 78 59 In
1290 3734 108 61 111
1441 3734 316 80 Kapiteln
1798 3741 24 73 /
1862 3739 39 61 3
1939 3741 189 61 Mark

482 3848 207 57 Ernst
728 3851 269 58 Marcus
2074 3851 17 20 0

482 3939 134 63 Das
657 3942 735 82 Erkenntnisproblem
1431 3951 27 71 /
1497 3949 37 59 3
1574 3949 188 61 Mark

481 4059 171 60 Kurt
692 4063 344 71 Heynicke

481 4149 206 78 Rings
729 4152 210 61 fallen
980 4154 239 61 Sterne
1261 4159 22 73 /
1324 4158 328 62 Gedichte
1695 4164 22 71 /
1757 4161 188 61 Mark
1988 4164 133 61 2.50

482 4269 258 58 Rudolf
773 4273 332 57 Bltimner

481 4361 135 59 Der
657 4362 183 61 Geist
882 4366 120 57 des
1043 4364 374 66 Kubismus
1459 4371 141 59 und
1644 4371 110 61 die
1796 4373 259 62 Kunste
2098 4379 23 71 /
2159 4378 39 57 4
2228 4376 190 64 Mark

482 4479 251 58 Lothar
772 4481 44 58 S
824 4481 273 74 chrcyer

484 4569 120 61 Die
646 4589 178 43 neue
867 4572 221 65 Kunst
1127 4579 24 71 /
1190 4576 190 62 Mark
1422 4579 132 63 1.50

2672 3150 359 59 Herwarth
3071 3152 292 57 Walden

2672 3260 122 59 Die
2822 3277 177 44 neue
3027 3262 278 59 Malerei

2668 3355 434 79 Einfuhrung
3126 3357 72 59 in
3227 3357 136 61 den
3390 3358 636 78 Expressionismus
4069 3363 23 73 /
4135 3360 39 61 3
4201 3363 191 60 Mark

2668 3450 134 61 Das
2841 3451 191 60 Buch
3075 3451 123 61 der
3237 3451 551 63 Menschenliebe
3828 3458 24 71 /
3891 3456 266 61 Roman
4194 3460 24 73 /
4255 3458 39 61 3
4336 3460 188 63 Mark

2670 3570 918 90 SturnvBilderbucher

2668 3699 422 79 Ganzseitige
3126 3702 477 80 Abbildungen
3645 3704 126 61 der
3811 3705 466 80 Hauptwerke

2729 3819 31 57 I
2799 3821 179 55 Marc
3009 3821 279 72 Chagall
3329 3821 23 71 /
3391 3819 56 62 2.
3488 3819 284 76 Auflage

2702 3934 59 56 II
2802 3934 384 59 Alexander
3227 3937 444 73 Archipenko

2665 4047 90 56 III
2795 4049 168 56 Paul
3004 4049 162 58 Klee

2663 4161 88 56 IV
2794 4163 169 57 Kurt
3002 4164 391 60 Schwitters

2663 4251 205 61 Jeder
2909 4254 189 63 Band
3139 4256 39 62 5
3217 4257 193 61 Mark

2690 4371 56 56 V
2792 4373 212 57 Maler
3070 4374 118 60 des
3251 4378 640 71 Expressionismus
3937 4379 25 71 /
4004 4376 75 61 15
4147 4378 474 64 Farbdrucke:

2667 4461 276 81 Chagall
2982 4467 23 73 I
3048 4464 404 81 Kandinsky
3491 4471 24 74 /
3557 4471 183 61 Marc
3783 4489 169 44 usw.
3991 4474 27 75 /
4059 4474 76 59 12
4175 4474 193 61 Mark

2665 4599 721 82 Kokoschka-Mappe:
3427 4603 581 81 Menschenkopfe
4052 4610 23 72 /
4118 4608 74 59 15
4233 4611 195 61 Mark

478 5133 134 58 Der
690 5135 233 59 Sturm
1005 5138 423 61 ubernimmt
1508 5144 110 57 die
1682 5145 528 76 Veranstaltung
2288 5167 141 44 von

478 5211 823 78 Sturm'Ausstellungen
1365 5218 520 73 (Gesamtschau
1950 5228 142 56 und
2156 5230 273 57 Einzel-

478 5291 539 73 ausstellungen)
1098 5294 74 58 in
1252 5296 183 58 alien
1514 5299 280 60 StSdten
1875 5304 141 55 und
2099 5304 330 63 Landern.

478 5365 132 56 Der
691 5367 234 59 Sturm
1005 5372 371 58 vermittelt
1455 5391 46 40 n
1525 5392 45 39 u
1592 5392 34 39 r
1704 5379 130 56 den
1904 5381 313 59 Verkauf
2287 5401 142 42 von

478 5443 300 58 Werken
839 5447 117 56 der
1008 5447 339 69 Ktinstler,
1408 5452 108 56 die
1567 5469 71 40 er
1699 5455 213 58 durch
1973 5459 231 71 eigene
2254 5462 175 57 Aus-

476 5519 388 72 stellungen
905 5525 399 59 anerkennt.

480 5827 399 115 Standige
938 5835 664 90 Verkaufsstelle
1662 5844 133 83 fur
1853 5844 391 111 Graphik

478 5960 244 73 Verlag
764 5965 132 56 Der
937 5965 233 60 Sturm
1216 5969 73 57 G.
1318 5986 91 42 m.
1440 5971 62 57 b.
1531 5974 85 56 H.

478 6059 400 59 Potsdamer
918 6062 232 58 Strafie
1192 6070 112 53 134
1321 6082 39 41 a
1399 6081 39 45 /
1480 6070 429 60 Gartcnhaus
1949 6076 224 55 rechts
2202 6077 56 54 II

2668 5163 282 113 Ncu
3035 5173 738 111 erschienen:

2664 5335 356 112 Ludwig
3084 5340 361 87 Kassak:

2666 5467 351 58 Ma-Buch
3057 5467 27 73 /
3125 5466 328 62 Gedichte

2661 5559 137 61 Aus
2810 5559 156 61 dem
2984 5560 466 80 Ungarischen
3465 5566 410 77 ubertragen
3889 5586 135 44 von
4039 5571 303 64 Andreas
4356 5574 257 80 G&spar

2663 5654 457 81 Grundpreis:
3162 5659 37 61 3
3232 5660 191 60 Mark

2663 5779 225 85 Kurt
2949 5777 520 92 Schwitters:

2659 5909 124 58 Die
2820 5911 244 58 Blume
3093 5914 200 58 Anna
3333 5913 22 71 /
3398 5911 167 61 Eine
3596 5911 674 83 Gedichtsammlung
4309 5935 125 44 aus
4473 5919 135 63 den

3977 6011 252 61 Jahren
4271 6014 341 63 1918-1922

2657 6077 453 80 Grundpreis:
3152 6082 190 61 Mark
3382 6084 136 61 2.50
