<?xml version="1.0" encoding="UTF-8"?>
<alto xmlns:xsi="http://www.w3.org/2001/XMLSchema-instance" xmlns="http://www.loc.gov/standards/alto/ns-v2#" xsi:schemaLocation="http://www.loc.gov/standards/alto/ns-v2# http://www.loc.gov/standards/alto/alto-v2.0.xsd" xmlns:xlink="http://www.w3.org/1999/xlink">
	<Description>
		<MeasurementUnit>mm10</MeasurementUnit>
		<sourceImageInformation>
			<fileName>//fileserver7/IN2/Princeton/Batch5/bmtnabi/1857/09/05_01/00000289.tif</fileName>
		</sourceImageInformation>
		<OCRProcessing ID="OCRPROCESSING_1">
			<preProcessingStep>
				<processingSoftware>
					<softwareCreator>CCS Content Conversion Specialists GmbH, Germany</softwareCreator>
					<softwareName>CCS docWORKS</softwareName>
					<softwareVersion>6.6-1.18</softwareVersion>
				</processingSoftware>
			</preProcessingStep>
			<ocrProcessingStep>
				<processingSoftware>
					<softwareCreator>ABBYY (BIT Software), Russia</softwareCreator>
					<softwareName>FineReader</softwareName>
					<softwareVersion>10.0</softwareVersion>
				</processingSoftware>
			</ocrProcessingStep>
		</OCRProcessing>
		<OCRProcessing ID="OCRPROCESSING_2">
			<preProcessingStep>
				<processingSoftware>
					<softwareCreator>CCS Content Conversion Specialists GmbH, Germany</softwareCreator>
					<softwareName>CCS docWORKS</softwareName>
					<softwareVersion>6.6-1.18</softwareVersion>
				</processingSoftware>
			</preProcessingStep>
			<ocrProcessingStep>
				<processingSoftware>
					<softwareCreator>ABBYY (BIT Software), Russia</softwareCreator>
					<softwareName>NA</softwareName>
				</processingSoftware>
			</ocrProcessingStep>
		</OCRProcessing>
	</Description>
	<Styles>
		<TextStyle ID="TXT_0" FONTSIZE="15" FONTFAMILY="Arial"/>
		<TextStyle ID="TXT_1" FONTSIZE="15" FONTFAMILY="Arial" FONTSTYLE="italics"/>
		<TextStyle ID="TXT_2" FONTSIZE="11" FONTFAMILY="Arial"/>
		<TextStyle ID="TXT_3" FONTSIZE="16" FONTFAMILY="Arial"/>
		<TextStyle ID="TXT_4" FONTSIZE="20" FONTFAMILY="Arial"/>
		<TextStyle ID="TXT_5" FONTSIZE="22" FONTFAMILY="Arial"/>
		<ParagraphStyle ID="PAR_CENTER" ALIGN="Center"/>
		<ParagraphStyle ID="PAR_BLOCK" ALIGN="Block"/>
		<ParagraphStyle ID="PAR_LEFT" ALIGN="Left"/>
		<ParagraphStyle ID="PAR_RIGHT" ALIGN="Right"/>
	</Styles>
	<Layout>
		<Page ID="P3" PHYSICAL_IMG_NR="3" HEIGHT="4412" WIDTH="3449" PRINTED_IMG_NR="283" PC="0.932">
			<TopMargin ID="P3_TM00001" HPOS="0" VPOS="0" WIDTH="3449" HEIGHT="224">
				<TextBlock ID="P3_TB00001" HPOS="1670" VPOS="163" WIDTH="96" HEIGHT="59" STYLEREFS="TXT_0 PAR_CENTER">
					<TextLine ID="P3_TL00001" HPOS="1671" VPOS="167" WIDTH="95" HEIGHT="55">
						<String ID="P3_ST00001" HPOS="1671" VPOS="167" WIDTH="95" HEIGHT="55" CONTENT="283" WC="0.32" CC="577"/>
					</TextLine>
				</TextBlock>
			</TopMargin>
			<LeftMargin ID="P3_LM00001" HPOS="0" VPOS="224" WIDTH="99" HEIGHT="4008"/>
			<RightMargin ID="P3_RM00001" HPOS="3332" VPOS="224" WIDTH="117" HEIGHT="4008"/>
			<BottomMargin ID="P3_BM00001" HPOS="0" VPOS="4232" WIDTH="3449" HEIGHT="180"/>
			<PrintSpace ID="P3_PS00001" HPOS="99" VPOS="224" WIDTH="3233" HEIGHT="4008">
				<TextBlock ID="P3_TB00002" HPOS="99" VPOS="309" WIDTH="1567" HEIGHT="3923" STYLEREFS="TXT_0 PAR_BLOCK">
					<TextLine ID="P3_TL00002" HPOS="101" VPOS="310" WIDTH="1557" HEIGHT="74">
						<String ID="P3_ST00002" HPOS="101" VPOS="317" WIDTH="178" HEIGHT="51" CONTENT="lichkeit" SUBS_TYPE="HypPart2" SUBS_CONTENT="Eigenthümlichkeit" WC="0.78" CC="00077003"/>
						<SP ID="P3_SP00001" HPOS="279" VPOS="368" WIDTH="32"/>
						<String ID="P3_ST00003" HPOS="311" VPOS="335" WIDTH="166" HEIGHT="49" CONTENT="genug." WC="0.99" CC="072000"/>
						<SP ID="P3_SP00002" HPOS="477" VPOS="384" WIDTH="33"/>
						<String ID="P3_ST00004" HPOS="510" VPOS="317" WIDTH="132" HEIGHT="51" CONTENT="Nicht" WC="0.97" CC="02777"/>
						<SP ID="P3_SP00003" HPOS="642" VPOS="384" WIDTH="32"/>
						<String ID="P3_ST00005" HPOS="674" VPOS="314" WIDTH="127" HEIGHT="51" CONTENT="recht" WC="0.98" CC="10065"/>
						<SP ID="P3_SP00004" HPOS="801" VPOS="384" WIDTH="32"/>
						<String ID="P3_ST00006" HPOS="833" VPOS="313" WIDTH="80" HEIGHT="51" CONTENT="mit" WC="0.98" CC="004"/>
						<SP ID="P3_SP00005" HPOS="913" VPOS="384" WIDTH="30"/>
						<String ID="P3_ST00007" HPOS="943" VPOS="313" WIDTH="102" HEIGHT="50" CONTENT="dem" WC="0.97" CC="070"/>
						<SP ID="P3_SP00006" HPOS="1045" VPOS="384" WIDTH="25"/>
						<String ID="P3_ST00008" HPOS="1070" VPOS="310" WIDTH="127" HEIGHT="51" CONTENT="Bilde" WC="0.99" CC="61000"/>
						<SP ID="P3_SP00007" HPOS="1197" VPOS="384" WIDTH="33"/>
						<String ID="P3_ST00009" HPOS="1230" VPOS="312" WIDTH="56" HEIGHT="48" CONTENT="im" WC="0.27" CC="77"/>
						<SP ID="P3_SP00008" HPOS="1286" VPOS="384" WIDTH="23"/>
						<String ID="P3_ST00010" HPOS="1309" VPOS="310" WIDTH="248" HEIGHT="68" CONTENT="Einklänge" WC="0.99" CC="056036700"/>
						<SP ID="P3_SP00009" HPOS="1557" VPOS="384" WIDTH="33"/>
						<String ID="P3_ST00011" HPOS="1590" VPOS="330" WIDTH="46" HEIGHT="31" CONTENT="er" SUBS_TYPE="HypPart1" SUBS_CONTENT="erscheint" WC="0.94" CC="63"/>
						<HYP HPOS="1636" VPOS="330" WIDTH="22" CONTENT="-"/>
					</TextLine>
					<TextLine ID="P3_TL00003" HPOS="100" VPOS="394" WIDTH="1558" HEIGHT="75">
						<String ID="P3_ST00012" HPOS="100" VPOS="402" WIDTH="174" HEIGHT="51" CONTENT="scheint" SUBS_TYPE="HypPart2" SUBS_CONTENT="erscheint" WC="0.98" CC="1050376"/>
						<SP ID="P3_SP00010" HPOS="274" VPOS="453" WIDTH="40"/>
						<String ID="P3_ST00013" HPOS="314" VPOS="401" WIDTH="165" HEIGHT="68" CONTENT="jedoch" WC="0.99" CC="300005"/>
						<SP ID="P3_SP00011" HPOS="479" VPOS="469" WIDTH="43"/>
						<String ID="P3_ST00014" HPOS="522" VPOS="402" WIDTH="47" HEIGHT="49" CONTENT="S." WC="0.54" CC="44"/>
						<SP ID="P3_SP00012" HPOS="569" VPOS="469" WIDTH="30"/>
						<String ID="P3_ST00015" HPOS="599" VPOS="399" WIDTH="31" HEIGHT="51" CONTENT="8" WC="0.61" CC="3"/>
						<SP ID="P3_SP00013" HPOS="630" VPOS="469" WIDTH="48"/>
						<String ID="P3_ST00016" HPOS="678" VPOS="399" WIDTH="69" HEIGHT="50" CONTENT="die" WC="0.98" CC="004"/>
						<SP ID="P3_SP00014" HPOS="747" VPOS="469" WIDTH="43"/>
						<String ID="P3_ST00017" HPOS="790" VPOS="408" WIDTH="142" HEIGHT="40" CONTENT="etwas" WC="0.98" CC="00059"/>
						<SP ID="P3_SP00015" HPOS="932" VPOS="469" WIDTH="43"/>
						<String ID="P3_ST00018" HPOS="975" VPOS="394" WIDTH="135" HEIGHT="50" CONTENT="trübe" WC="1.00" CC="00040"/>
						<SP ID="P3_SP00016" HPOS="1110" VPOS="469" WIDTH="33"/>
						<String ID="P3_ST00019" HPOS="1143" VPOS="394" WIDTH="319" HEIGHT="69" CONTENT="Abweichung" WC="0.99" CC="6000035880"/>
						<SP ID="P3_SP00017" HPOS="1462" VPOS="469" WIDTH="29"/>
						<String ID="P3_ST00020" HPOS="1491" VPOS="398" WIDTH="140" HEIGHT="64" CONTENT="(Tran" SUBS_TYPE="HypPart1" SUBS_CONTENT="(Tranquillo)" WC="1.00" CC="03000"/>
						<HYP HPOS="1631" VPOS="398" WIDTH="27" CONTENT="-"/>
					</TextLine>
					<TextLine ID="P3_TL00004" HPOS="105" VPOS="478" WIDTH="1553" HEIGHT="76">
						<String ID="P3_ST00021" HPOS="105" VPOS="487" WIDTH="163" HEIGHT="67" CONTENT="quillo)" SUBS_TYPE="HypPart2" SUBS_CONTENT="(Tranquillo)" WC="0.80" CC="5000106" STYLEREFS="TXT_1"/>
						<SP ID="P3_SP00018" HPOS="268" VPOS="554" WIDTH="33"/>
						<String ID="P3_ST00022" HPOS="301" VPOS="487" WIDTH="90" HEIGHT="48" CONTENT="und" WC="0.95" CC="480"/>
						<SP ID="P3_SP00019" HPOS="391" VPOS="554" WIDTH="34"/>
						<String ID="P3_ST00023" HPOS="425" VPOS="486" WIDTH="80" HEIGHT="48" CONTENT="der" WC="0.98" CC="060"/>
						<SP ID="P3_SP00020" HPOS="505" VPOS="554" WIDTH="33"/>
						<String ID="P3_ST00024" HPOS="538" VPOS="482" WIDTH="294" HEIGHT="51" CONTENT="unmittelbar" WC="0.99" CC="56457006660"/>
						<SP ID="P3_SP00021" HPOS="832" VPOS="554" WIDTH="31"/>
						<String ID="P3_ST00025" HPOS="863" VPOS="479" WIDTH="164" HEIGHT="51" CONTENT="darauf" WC="0.98" CC="044640"/>
						<SP ID="P3_SP00022" HPOS="1027" VPOS="554" WIDTH="26"/>
						<String ID="P3_ST00026" HPOS="1053" VPOS="478" WIDTH="341" HEIGHT="50" CONTENT="ausbrechende" WC="0.99" CC="077630762402"/>
						<SP ID="P3_SP00023" HPOS="1394" VPOS="554" WIDTH="31"/>
						<String ID="P3_ST00027" HPOS="1425" VPOS="479" WIDTH="122" HEIGHT="50" CONTENT="laute" WC="0.98" CC="04453"/>
						<SP ID="P3_SP00024" HPOS="1547" VPOS="554" WIDTH="30"/>
						<String ID="P3_ST00028" HPOS="1577" VPOS="481" WIDTH="54" HEIGHT="47" CONTENT="Ju" SUBS_TYPE="HypPart1" SUBS_CONTENT="Jubel" WC="0.93" CC="68"/>
						<HYP HPOS="1631" VPOS="481" WIDTH="27" CONTENT="-"/>
					</TextLine>
					<TextLine ID="P3_TL00005" HPOS="103" VPOS="563" WIDTH="1558" HEIGHT="78">
						<String ID="P3_ST00029" HPOS="103" VPOS="571" WIDTH="70" HEIGHT="49" CONTENT="bel" SUBS_TYPE="HypPart2" SUBS_CONTENT="Jubel" WC="0.96" CC="704"/>
						<SP ID="P3_SP00025" HPOS="173" VPOS="620" WIDTH="30"/>
						<String ID="P3_ST00030" HPOS="203" VPOS="572" WIDTH="64" HEIGHT="69" CONTENT="(ff." WC="0.96" CC="8090" STYLEREFS="TXT_1"/>
						<SP ID="P3_SP00026" HPOS="267" VPOS="641" WIDTH="27"/>
						<String ID="P3_ST00031" HPOS="294" VPOS="570" WIDTH="214" HEIGHT="66" CONTENT="pesante)." WC="0.79" CC="000012760" STYLEREFS="TXT_1"/>
						<String ID="P3_ST00032" HPOS="526" VPOS="599" WIDTH="57" HEIGHT="6" CONTENT="—" WC="0.20" CC="8"/>
						<SP ID="P3_SP00027" HPOS="583" VPOS="641" WIDTH="15"/>
						<String ID="P3_ST00033" HPOS="598" VPOS="567" WIDTH="77" HEIGHT="48" CONTENT="Nr." WC="0.97" CC="313"/>
						<SP ID="P3_SP00028" HPOS="675" VPOS="641" WIDTH="35"/>
						<String ID="P3_ST00034" HPOS="710" VPOS="566" WIDTH="52" HEIGHT="56" CONTENT="4," WC="1.00" CC="00"/>
						<SP ID="P3_SP00029" HPOS="762" VPOS="641" WIDTH="42"/>
						<String ID="P3_ST00035" HPOS="804" VPOS="563" WIDTH="367" HEIGHT="59" CONTENT='„Mondnacht".' WC="0.99" CC="206508757374"/>
						<SP ID="P3_SP00030" HPOS="1171" VPOS="641" WIDTH="33"/>
						<String ID="P3_ST00036" HPOS="1204" VPOS="564" WIDTH="211" HEIGHT="50" CONTENT="Andante" WC="0.99" CC="4000040" STYLEREFS="TXT_1"/>
						<SP ID="P3_SP00031" HPOS="1415" VPOS="641" WIDTH="28"/>
						<String ID="P3_ST00037" HPOS="1443" VPOS="564" WIDTH="218" HEIGHT="50" CONTENT="cantabile" WC="0.86" CC="200400030" STYLEREFS="TXT_1"/>
					</TextLine>
					<TextLine ID="P3_TL00006" HPOS="107" VPOS="647" WIDTH="1551" HEIGHT="76">
						<String ID="P3_ST00038" HPOS="107" VPOS="656" WIDTH="134" HEIGHT="67" CONTENT="quasi" WC="1.00" CC="00300" STYLEREFS="TXT_1"/>
						<SP ID="P3_SP00032" HPOS="241" VPOS="723" WIDTH="193"/>
						<String ID="P3_ST00039" HPOS="434" VPOS="655" WIDTH="236" HEIGHT="66" CONTENT="larghelto," WC="0.77" CC="0005101552" STYLEREFS="TXT_1"/>
						<SP ID="P3_SP00033" HPOS="670" VPOS="723" WIDTH="300"/>
						<String ID="P3_ST00040" HPOS="970" VPOS="652" WIDTH="174" HEIGHT="56" CONTENT="E-dur," WC="0.92" CC="030001" STYLEREFS="TXT_1"/>
						<String ID="P3_ST00041" HPOS="884" VPOS="648" WIDTH="84" HEIGHT="49" CONTENT="Die" WC="0.97" CC="016"/>
						<SP ID="P3_SP00034" HPOS="1144" VPOS="723" WIDTH="-133"/>
						<String ID="P3_ST00042" HPOS="1011" VPOS="647" WIDTH="233" HEIGHT="50" CONTENT="Cantilene" WC="0.54" CC="746735060"/>
						<SP ID="P3_SP00035" HPOS="1244" VPOS="723" WIDTH="45"/>
						<String ID="P3_ST00043" HPOS="1289" VPOS="647" WIDTH="197" HEIGHT="50" CONTENT="wandelt" WC="0.98" CC="9030156"/>
						<SP ID="P3_SP00036" HPOS="1486" VPOS="723" WIDTH="42"/>
						<String ID="P3_ST00044" HPOS="1528" VPOS="647" WIDTH="130" HEIGHT="50" CONTENT="dahin" WC="0.98" CC="00533"/>
					</TextLine>
					<TextLine ID="P3_TL00007" HPOS="103" VPOS="731" WIDTH="1558" HEIGHT="71">
						<String ID="P3_ST00045" HPOS="103" VPOS="740" WIDTH="84" HEIGHT="48" CONTENT="wie" WC="1.00" CC="000"/>
						<SP ID="P3_SP00037" HPOS="187" VPOS="788" WIDTH="31"/>
						<String ID="P3_ST00046" HPOS="218" VPOS="738" WIDTH="79" HEIGHT="49" CONTENT="das" WC="0.98" CC="050"/>
						<SP ID="P3_SP00038" HPOS="297" VPOS="788" WIDTH="32"/>
						<String ID="P3_ST00047" HPOS="329" VPOS="737" WIDTH="160" HEIGHT="65" CONTENT="ruhige" WC="0.98" CC="063091"/>
						<SP ID="P3_SP00039" HPOS="489" VPOS="802" WIDTH="32"/>
						<String ID="P3_ST00048" HPOS="521" VPOS="732" WIDTH="317" HEIGHT="52" CONTENT="Mondeslicht." WC="0.76" CC="046546000000"/>
						<SP ID="P3_SP00040" HPOS="838" VPOS="802" WIDTH="42"/>
						<String ID="P3_ST00049" HPOS="880" VPOS="732" WIDTH="76" HEIGHT="48" CONTENT="Bei" WC="0.96" CC="045"/>
						<SP ID="P3_SP00041" HPOS="956" VPOS="802" WIDTH="32"/>
						<String ID="P3_ST00050" HPOS="988" VPOS="732" WIDTH="119" HEIGHT="48" CONTENT="ihrer" WC="0.98" CC="25040"/>
						<SP ID="P3_SP00042" HPOS="1107" VPOS="802" WIDTH="35"/>
						<String ID="P3_ST00051" HPOS="1142" VPOS="731" WIDTH="365" HEIGHT="66" CONTENT="Wiederholung" WC="0.99" CC="000005600679"/>
						<SP ID="P3_SP00043" HPOS="1507" VPOS="802" WIDTH="31"/>
						<String ID="P3_ST00052" HPOS="1538" VPOS="731" WIDTH="123" HEIGHT="49" CONTENT="stellt" WC="0.98" CC="000645"/>
					</TextLine>
					<TextLine ID="P3_TL00008" HPOS="100" VPOS="816" WIDTH="1557" HEIGHT="67">
						<String ID="P3_ST00053" HPOS="100" VPOS="824" WIDTH="93" HEIGHT="49" CONTENT="sich" WC="0.97" CC="7006"/>
						<SP ID="P3_SP00044" HPOS="193" VPOS="873" WIDTH="27"/>
						<String ID="P3_ST00054" HPOS="220" VPOS="822" WIDTH="81" HEIGHT="50" CONTENT="der" WC="1.00" CC="000"/>
						<SP ID="P3_SP00045" HPOS="301" VPOS="873" WIDTH="19"/>
						<String ID="P3_ST00055" HPOS="320" VPOS="824" WIDTH="110" HEIGHT="47" CONTENT="Bass" WC="0.63" CC="8600"/>
						<SP ID="P3_SP00046" HPOS="430" VPOS="873" WIDTH="32"/>
						<String ID="P3_ST00056" HPOS="462" VPOS="818" WIDTH="42" HEIGHT="50" CONTENT="in" WC="0.67" CC="24"/>
						<SP ID="P3_SP00047" HPOS="504" VPOS="873" WIDTH="22"/>
						<String ID="P3_ST00057" HPOS="526" VPOS="816" WIDTH="481" HEIGHT="67" CONTENT="Triolen-Begleitung" WC="0.54" CC="003264607191338489"/>
						<SP ID="P3_SP00048" HPOS="1007" VPOS="883" WIDTH="30"/>
						<String ID="P3_ST00058" HPOS="1037" VPOS="816" WIDTH="129" HEIGHT="49" CONTENT="dazu." WC="0.96" CC="95651"/>
						<SP ID="P3_SP00049" HPOS="1166" VPOS="883" WIDTH="33"/>
						<String ID="P3_ST00059" HPOS="1199" VPOS="818" WIDTH="87" HEIGHT="46" CONTENT="Am" WC="0.96" CC="00"/>
						<SP ID="P3_SP00050" HPOS="1286" VPOS="883" WIDTH="21"/>
						<String ID="P3_ST00060" HPOS="1307" VPOS="816" WIDTH="214" HEIGHT="48" CONTENT="Schlüsse" WC="0.98" CC="26046901"/>
						<SP ID="P3_SP00051" HPOS="1521" VPOS="883" WIDTH="35"/>
						<String ID="P3_ST00061" HPOS="1556" VPOS="816" WIDTH="76" HEIGHT="48" CONTENT="der" SUBS_TYPE="HypPart1" SUBS_CONTENT="derselben" WC="0.99" CC="003"/>
						<HYP HPOS="1632" VPOS="816" WIDTH="25" CONTENT="-"/>
					</TextLine>
					<TextLine ID="P3_TL00009" HPOS="100" VPOS="898" WIDTH="1556" HEIGHT="67">
						<String ID="P3_ST00062" HPOS="100" VPOS="906" WIDTH="154" HEIGHT="50" CONTENT="selben" SUBS_TYPE="HypPart2" SUBS_CONTENT="derselben" WC="0.99" CC="401106"/>
						<SP ID="P3_SP00052" HPOS="254" VPOS="956" WIDTH="48"/>
						<String ID="P3_ST00063" HPOS="302" VPOS="905" WIDTH="163" HEIGHT="49" CONTENT="wollen" WC="0.98" CC="042406"/>
						<SP ID="P3_SP00053" HPOS="465" VPOS="956" WIDTH="47"/>
						<String ID="P3_ST00064" HPOS="512" VPOS="901" WIDTH="146" HEIGHT="64" CONTENT="einige" WC="0.98" CC="003292"/>
						<SP ID="P3_SP00054" HPOS="658" VPOS="965" WIDTH="45"/>
						<String ID="P3_ST00065" HPOS="703" VPOS="901" WIDTH="79" HEIGHT="48" CONTENT="mit" WC="0.98" CC="005"/>
						<SP ID="P3_SP00055" HPOS="782" VPOS="965" WIDTH="46"/>
						<String ID="P3_ST00066" HPOS="828" VPOS="900" WIDTH="157" HEIGHT="49" CONTENT="beiden" WC="0.97" CC="560808"/>
						<SP ID="P3_SP00056" HPOS="985" VPOS="965" WIDTH="33"/>
						<String ID="P3_ST00067" HPOS="1018" VPOS="900" WIDTH="196" HEIGHT="49" CONTENT="Händen" WC="0.98" CC="606006"/>
						<SP ID="P3_SP00057" HPOS="1214" VPOS="965" WIDTH="47"/>
						<String ID="P3_ST00068" HPOS="1261" VPOS="898" WIDTH="310" HEIGHT="67" CONTENT="ausgeführte," WC="1.00" CC="660000070004"/>
						<SP ID="P3_SP00058" HPOS="1571" VPOS="965" WIDTH="46"/>
						<String ID="P3_ST00069" HPOS="1617" VPOS="900" WIDTH="39" HEIGHT="48" CONTENT="in" WC="0.66" CC="06"/>
					</TextLine>
					<TextLine ID="P3_TL00010" HPOS="100" VPOS="982" WIDTH="1555" HEIGHT="69">
						<String ID="P3_ST00070" HPOS="100" VPOS="986" WIDTH="584" HEIGHT="65" CONTENT="Zweiunddreissigtheilen" WC="0.60" CC="0000600950565297722707"/>
						<SP ID="P3_SP00059" HPOS="684" VPOS="1051" WIDTH="21"/>
						<String ID="P3_ST00071" HPOS="705" VPOS="985" WIDTH="287" HEIGHT="66" CONTENT="gebrochene" WC="0.99" CC="0330457082"/>
						<SP ID="P3_SP00060" HPOS="992" VPOS="1051" WIDTH="25"/>
						<String ID="P3_ST00072" HPOS="1017" VPOS="985" WIDTH="306" HEIGHT="48" CONTENT="Harmonieen" WC="0.67" CC="7700174030"/>
						<SP ID="P3_SP00061" HPOS="1323" VPOS="1051" WIDTH="33"/>
						<String ID="P3_ST00073" HPOS="1356" VPOS="984" WIDTH="81" HEIGHT="48" CONTENT="auf" WC="0.98" CC="400"/>
						<SP ID="P3_SP00062" HPOS="1437" VPOS="1051" WIDTH="25"/>
						<String ID="P3_ST00074" HPOS="1462" VPOS="982" WIDTH="68" HEIGHT="51" CONTENT="ein" WC="0.96" CC="604"/>
						<SP ID="P3_SP00063" HPOS="1530" VPOS="1051" WIDTH="33"/>
						<String ID="P3_ST00075" HPOS="1563" VPOS="984" WIDTH="69" HEIGHT="48" CONTENT="ein" SUBS_TYPE="HypPart1" SUBS_CONTENT="einzelnes" WC="0.98" CC="303"/>
						<HYP HPOS="1632" VPOS="984" WIDTH="23" CONTENT="-"/>
					</TextLine>
					<TextLine ID="P3_TL00011" HPOS="103" VPOS="1066" WIDTH="1554" HEIGHT="70">
						<String ID="P3_ST00076" HPOS="103" VPOS="1075" WIDTH="148" HEIGHT="48" CONTENT="zelnes" SUBS_TYPE="HypPart2" SUBS_CONTENT="einzelnes" WC="0.97" CC="717705"/>
						<SP ID="P3_SP00064" HPOS="251" VPOS="1123" WIDTH="46"/>
						<String ID="P3_ST00077" HPOS="297" VPOS="1069" WIDTH="392" HEIGHT="67" CONTENT="Sterngeflimmer" WC="0.99" CC="36018054420300"/>
						<SP ID="P3_SP00065" HPOS="689" VPOS="1136" WIDTH="46"/>
						<String ID="P3_ST00078" HPOS="735" VPOS="1070" WIDTH="258" HEIGHT="48" CONTENT="hindeuten." WC="0.99" CC="0060056080"/>
						<SP ID="P3_SP00066" HPOS="993" VPOS="1136" WIDTH="63"/>
						<String ID="P3_ST00079" HPOS="1056" VPOS="1069" WIDTH="83" HEIGHT="48" CONTENT="Die" WC="0.96" CC="730"/>
						<SP ID="P3_SP00067" HPOS="1139" VPOS="1136" WIDTH="42"/>
						<String ID="P3_ST00080" HPOS="1181" VPOS="1067" WIDTH="162" HEIGHT="65" CONTENT="völlige" WC="0.98" CC="3008090"/>
						<SP ID="P3_SP00068" HPOS="1343" VPOS="1136" WIDTH="42"/>
						<String ID="P3_ST00081" HPOS="1385" VPOS="1066" WIDTH="272" HEIGHT="50" CONTENT="Gewissheit" WC="0.99" CC="2090657005"/>
					</TextLine>
					<TextLine ID="P3_TL00012" HPOS="105" VPOS="1151" WIDTH="1552" HEIGHT="73">
						<String ID="P3_ST00082" HPOS="105" VPOS="1158" WIDTH="97" HEIGHT="66" CONTENT="gibt" WC="0.97" CC="0066"/>
						<SP ID="P3_SP00069" HPOS="202" VPOS="1224" WIDTH="32"/>
						<String ID="P3_ST00083" HPOS="234" VPOS="1156" WIDTH="77" HEIGHT="49" CONTENT="das" WC="0.99" CC="020"/>
						<SP ID="P3_SP00070" HPOS="311" VPOS="1224" WIDTH="39"/>
						<String ID="P3_ST00084" HPOS="350" VPOS="1155" WIDTH="171" HEIGHT="57" CONTENT="Vivace," WC="0.99" CC="5033041" STYLEREFS="TXT_1"/>
						<SP ID="P3_SP00071" HPOS="521" VPOS="1224" WIDTH="25"/>
						<String ID="P3_ST00085" HPOS="546" VPOS="1155" WIDTH="174" HEIGHT="48" CONTENT="A-moll" WC="0.95" CC="200000" STYLEREFS="TXT_1"/>
						<SP ID="P3_SP00072" HPOS="720" VPOS="1224" WIDTH="23"/>
						<String ID="P3_ST00086" HPOS="743" VPOS="1172" WIDTH="94" HEIGHT="48" CONTENT="ppp" WC="0.72" CC="008" STYLEREFS="TXT_1"/>
						<SP ID="P3_SP00073" HPOS="837" VPOS="1224" WIDTH="33"/>
						<String ID="P3_ST00087" HPOS="870" VPOS="1152" WIDTH="255" HEIGHT="69" CONTENT="(eigentlich" WC="0.99" CC="00300050394"/>
						<SP ID="P3_SP00074" HPOS="1125" VPOS="1224" WIDTH="34"/>
						<String ID="P3_ST00088" HPOS="1159" VPOS="1151" WIDTH="184" HEIGHT="66" CONTENT="beginnt" WC="0.98" CC="3603565"/>
						<SP ID="P3_SP00075" HPOS="1343" VPOS="1224" WIDTH="32"/>
						<String ID="P3_ST00089" HPOS="1375" VPOS="1151" WIDTH="80" HEIGHT="48" CONTENT="der" WC="0.99" CC="003"/>
						<SP ID="P3_SP00076" HPOS="1455" VPOS="1224" WIDTH="29"/>
						<String ID="P3_ST00090" HPOS="1484" VPOS="1152" WIDTH="173" HEIGHT="49" CONTENT="F-dur-" WC="0.83" CC="040104" STYLEREFS="TXT_1"/>
					</TextLine>
					<TextLine ID="P3_TL00013" HPOS="101" VPOS="1234" WIDTH="1554" HEIGHT="71">
						<String ID="P3_ST00091" HPOS="101" VPOS="1240" WIDTH="214" HEIGHT="65" CONTENT="Accord)." WC="0.76" CC="70000074"/>
						<SP ID="P3_SP00077" HPOS="315" VPOS="1305" WIDTH="49"/>
						<String ID="P3_ST00092" HPOS="364" VPOS="1239" WIDTH="96" HEIGHT="47" CONTENT="Der" WC="0.96" CC="605"/>
						<SP ID="P3_SP00078" HPOS="460" VPOS="1305" WIDTH="31"/>
						<String ID="P3_ST00093" HPOS="491" VPOS="1238" WIDTH="137" HEIGHT="49" CONTENT="Mond" WC="0.96" CC="0649"/>
						<SP ID="P3_SP00079" HPOS="628" VPOS="1305" WIDTH="34"/>
						<String ID="P3_ST00094" HPOS="662" VPOS="1238" WIDTH="54" HEIGHT="48" CONTENT="ist" WC="0.95" CC="363"/>
						<SP ID="P3_SP00080" HPOS="716" VPOS="1305" WIDTH="32"/>
						<String ID="P3_ST00095" HPOS="748" VPOS="1255" WIDTH="112" HEIGHT="49" CONTENT="ganz" WC="0.96" CC="0667"/>
						<SP ID="P3_SP00081" HPOS="860" VPOS="1305" WIDTH="31"/>
						<String ID="P3_ST00096" HPOS="891" VPOS="1255" WIDTH="85" HEIGHT="32" CONTENT="von" WC="0.93" CC="936"/>
						<SP ID="P3_SP00082" HPOS="976" VPOS="1305" WIDTH="33"/>
						<String ID="P3_ST00097" HPOS="1009" VPOS="1236" WIDTH="124" HEIGHT="49" CONTENT="einer" WC="0.99" CC="01044"/>
						<SP ID="P3_SP00083" HPOS="1133" VPOS="1305" WIDTH="34"/>
						<String ID="P3_ST00098" HPOS="1167" VPOS="1235" WIDTH="170" HEIGHT="50" CONTENT="Wolke" WC="0.98" CC="06206"/>
						<SP ID="P3_SP00084" HPOS="1337" VPOS="1305" WIDTH="33"/>
						<String ID="P3_ST00099" HPOS="1370" VPOS="1234" WIDTH="206" HEIGHT="58" CONTENT="verhüllt," WC="0.99" CC="056505433"/>
						<SP ID="P3_SP00085" HPOS="1576" VPOS="1305" WIDTH="30"/>
						<String ID="P3_ST00100" HPOS="1606" VPOS="1252" WIDTH="49" HEIGHT="31" CONTENT="es" WC="1.00" CC="00"/>
					</TextLine>
					<TextLine ID="P3_TL00014" HPOS="103" VPOS="1319" WIDTH="1553" HEIGHT="57">
						<String ID="P3_ST00101" HPOS="103" VPOS="1324" WIDTH="97" HEIGHT="48" CONTENT="tritt" WC="0.98" CC="60050"/>
						<SP ID="P3_SP00086" HPOS="200" VPOS="1372" WIDTH="46"/>
						<String ID="P3_ST00102" HPOS="246" VPOS="1323" WIDTH="70" HEIGHT="48" CONTENT="die" WC="1.00" CC="000"/>
						<SP ID="P3_SP00087" HPOS="316" VPOS="1372" WIDTH="45"/>
						<String ID="P3_ST00103" HPOS="361" VPOS="1320" WIDTH="170" HEIGHT="51" CONTENT="Unzahl" WC="0.97" CC="446276"/>
						<SP ID="P3_SP00088" HPOS="531" VPOS="1372" WIDTH="47"/>
						<String ID="P3_ST00104" HPOS="578" VPOS="1321" WIDTH="80" HEIGHT="49" CONTENT="der" WC="1.00" CC="000"/>
						<SP ID="P3_SP00089" HPOS="658" VPOS="1372" WIDTH="31"/>
						<String ID="P3_ST00105" HPOS="689" VPOS="1321" WIDTH="209" HEIGHT="49" CONTENT="Gestirne" WC="0.98" CC="04370374"/>
						<SP ID="P3_SP00090" HPOS="898" VPOS="1372" WIDTH="47"/>
						<String ID="P3_ST00106" HPOS="945" VPOS="1321" WIDTH="176" HEIGHT="55" CONTENT="hervor," WC="0.99" CC="6040300"/>
						<SP ID="P3_SP00091" HPOS="1121" VPOS="1376" WIDTH="47"/>
						<String ID="P3_ST00107" HPOS="1168" VPOS="1319" WIDTH="69" HEIGHT="49" CONTENT="die" WC="1.00" CC="000"/>
						<SP ID="P3_SP00092" HPOS="1237" VPOS="1376" WIDTH="46"/>
						<String ID="P3_ST00108" HPOS="1283" VPOS="1337" WIDTH="90" HEIGHT="31" CONTENT="nun" WC="0.92" CC="768"/>
						<SP ID="P3_SP00093" HPOS="1373" VPOS="1376" WIDTH="45"/>
						<String ID="P3_ST00109" HPOS="1418" VPOS="1319" WIDTH="66" HEIGHT="48" CONTENT="ihr" WC="0.99" CC="020"/>
						<SP ID="P3_SP00094" HPOS="1484" VPOS="1376" WIDTH="40"/>
						<String ID="P3_ST00110" HPOS="1524" VPOS="1319" WIDTH="132" HEIGHT="49" CONTENT="Licht" WC="0.98" CC="00570"/>
					</TextLine>
					<TextLine ID="P3_TL00015" HPOS="101" VPOS="1403" WIDTH="1554" HEIGHT="70">
						<String ID="P3_ST00111" HPOS="101" VPOS="1406" WIDTH="211" HEIGHT="53" CONTENT="leuchten" WC="0.99" CC="50005047"/>
						<SP ID="P3_SP00095" HPOS="312" VPOS="1459" WIDTH="32"/>
						<String ID="P3_ST00112" HPOS="344" VPOS="1406" WIDTH="161" HEIGHT="58" CONTENT="lassen," WC="1.00" CC="2000040"/>
						<SP ID="P3_SP00096" HPOS="505" VPOS="1464" WIDTH="33"/>
						<String ID="P3_ST00113" HPOS="538" VPOS="1406" WIDTH="89" HEIGHT="49" CONTENT="und" WC="0.97" CC="700"/>
						<SP ID="P3_SP00097" HPOS="627" VPOS="1464" WIDTH="32"/>
						<String ID="P3_ST00114" HPOS="659" VPOS="1423" WIDTH="48" HEIGHT="30" CONTENT="es" WC="0.71" CC="05"/>
						<SP ID="P3_SP00098" HPOS="707" VPOS="1464" WIDTH="32"/>
						<String ID="P3_ST00115" HPOS="739" VPOS="1405" WIDTH="187" HEIGHT="68" CONTENT="beginnt" WC="0.98" CC="5401647"/>
						<SP ID="P3_SP00099" HPOS="926" VPOS="1473" WIDTH="24"/>
						<String ID="P3_ST00116" HPOS="950" VPOS="1405" WIDTH="114" HEIGHT="66" CONTENT="jetzt," WC="0.98" CC="206771"/>
						<SP ID="P3_SP00100" HPOS="1064" VPOS="1473" WIDTH="23"/>
						<String ID="P3_ST00117" HPOS="1087" VPOS="1404" WIDTH="70" HEIGHT="51" CONTENT="ein" WC="0.97" CC="007"/>
						<SP ID="P3_SP00101" HPOS="1157" VPOS="1473" WIDTH="26"/>
						<String ID="P3_ST00118" HPOS="1183" VPOS="1403" WIDTH="289" HEIGHT="67" CONTENT="allgemeines" WC="1.00" CC="37200000700"/>
						<SP ID="P3_SP00102" HPOS="1472" VPOS="1473" WIDTH="24"/>
						<String ID="P3_ST00119" HPOS="1496" VPOS="1405" WIDTH="133" HEIGHT="48" CONTENT="Stern" SUBS_TYPE="HypPart1" SUBS_CONTENT="Sterngeflimmer," WC="0.99" CC="23050"/>
						<HYP HPOS="1629" VPOS="1405" WIDTH="26" CONTENT="-"/>
					</TextLine>
					<TextLine ID="P3_TL00016" HPOS="100" VPOS="1487" WIDTH="1553" HEIGHT="71">
						<String ID="P3_ST00120" HPOS="100" VPOS="1490" WIDTH="267" HEIGHT="68" CONTENT="geflimmer," SUBS_TYPE="HypPart2" SUBS_CONTENT="Sterngeflimmer," WC="0.99" CC="0083440022"/>
						<SP ID="P3_SP00103" HPOS="367" VPOS="1558" WIDTH="32"/>
						<String ID="P3_ST00121" HPOS="399" VPOS="1489" WIDTH="64" HEIGHT="50" CONTENT="bis" WC="1.00" CC="010"/>
						<SP ID="P3_SP00104" HPOS="463" VPOS="1558" WIDTH="32"/>
						<String ID="P3_ST00122" HPOS="495" VPOS="1489" WIDTH="173" HEIGHT="50" CONTENT="endlich" WC="0.98" CC="6400087"/>
						<SP ID="P3_SP00105" HPOS="668" VPOS="1558" WIDTH="34"/>
						<String ID="P3_ST00123" HPOS="702" VPOS="1488" WIDTH="70" HEIGHT="49" CONTENT="die" WC="0.97" CC="053"/>
						<SP ID="P3_SP00106" HPOS="772" VPOS="1558" WIDTH="28"/>
						<String ID="P3_ST00124" HPOS="800" VPOS="1488" WIDTH="168" HEIGHT="51" CONTENT="dunkle" WC="0.98" CC="075050"/>
						<SP ID="P3_SP00107" HPOS="968" VPOS="1558" WIDTH="31"/>
						<String ID="P3_ST00125" HPOS="999" VPOS="1487" WIDTH="324" HEIGHT="52" CONTENT="Wolkenhülle" WC="0.99" CC="00200550531"/>
						<SP ID="P3_SP00108" HPOS="1323" VPOS="1558" WIDTH="34"/>
						<String ID="P3_ST00126" HPOS="1357" VPOS="1487" WIDTH="164" HEIGHT="49" CONTENT="weicht" WC="0.99" CC="002760"/>
						<SP ID="P3_SP00109" HPOS="1521" VPOS="1558" WIDTH="42"/>
						<String ID="P3_ST00127" HPOS="1563" VPOS="1487" WIDTH="90" HEIGHT="48" CONTENT="und" WC="0.98" CC="600"/>
					</TextLine>
					<TextLine ID="P3_TL00017" HPOS="101" VPOS="1570" WIDTH="1554" HEIGHT="69">
						<String ID="P3_ST00128" HPOS="101" VPOS="1575" WIDTH="82" HEIGHT="50" CONTENT="der" WC="1.00" CC="000"/>
						<SP ID="P3_SP00110" HPOS="183" VPOS="1625" WIDTH="29"/>
						<String ID="P3_ST00129" HPOS="212" VPOS="1575" WIDTH="140" HEIGHT="50" CONTENT="Mond" WC="1.00" CC="0000"/>
						<SP ID="P3_SP00111" HPOS="352" VPOS="1625" WIDTH="44"/>
						<String ID="P3_ST00130" HPOS="396" VPOS="1574" WIDTH="42" HEIGHT="50" CONTENT="in" WC="0.76" CC="04"/>
						<SP ID="P3_SP00112" HPOS="438" VPOS="1625" WIDTH="48"/>
						<String ID="P3_ST00131" HPOS="486" VPOS="1574" WIDTH="168" HEIGHT="50" CONTENT="seinem" WC="0.99" CC="000630"/>
						<SP ID="P3_SP00113" HPOS="654" VPOS="1625" WIDTH="44"/>
						<String ID="P3_ST00132" HPOS="698" VPOS="1573" WIDTH="183" HEIGHT="66" CONTENT="vorigen" WC="0.99" CC="0270046"/>
						<SP ID="P3_SP00114" HPOS="881" VPOS="1639" WIDTH="43"/>
						<String ID="P3_ST00133" HPOS="924" VPOS="1573" WIDTH="168" HEIGHT="49" CONTENT="Glänze" WC="0.98" CC="064760"/>
						<SP ID="P3_SP00115" HPOS="1092" VPOS="1639" WIDTH="254"/>
						<String ID="P3_ST00134" HPOS="1346" VPOS="1570" WIDTH="309" HEIGHT="50" CONTENT="durchbricht." WC="0.99" CC="074220030674"/>
					</TextLine>
					<TextLine ID="P3_TL00018" HPOS="104" VPOS="1654" WIDTH="1551" HEIGHT="70">
						<String ID="P3_ST00135" HPOS="104" VPOS="1660" WIDTH="103" HEIGHT="51" CONTENT="Von" WC="0.99" CC="100"/>
						<SP ID="P3_SP00116" HPOS="207" VPOS="1711" WIDTH="30"/>
						<String ID="P3_ST00136" HPOS="237" VPOS="1659" WIDTH="169" HEIGHT="50" CONTENT="diesem" WC="0.99" CC="000600"/>
						<SP ID="P3_SP00117" HPOS="406" VPOS="1711" WIDTH="33"/>
						<String ID="P3_ST00137" HPOS="439" VPOS="1657" WIDTH="313" HEIGHT="67" CONTENT="Augenblicke" WC="1.00" CC="30004542000"/>
						<SP ID="P3_SP00118" HPOS="752" VPOS="1724" WIDTH="42"/>
						<String ID="P3_ST00138" HPOS="794" VPOS="1674" WIDTH="55" HEIGHT="32" CONTENT="an" WC="0.47" CC="63"/>
						<SP ID="P3_SP00119" HPOS="849" VPOS="1724" WIDTH="32"/>
						<String ID="P3_ST00139" HPOS="881" VPOS="1657" WIDTH="150" HEIGHT="49" CONTENT="macht" WC="0.98" CC="00055"/>
						<SP ID="P3_SP00120" HPOS="1031" VPOS="1724" WIDTH="39"/>
						<String ID="P3_ST00140" HPOS="1070" VPOS="1657" WIDTH="100" HEIGHT="48" CONTENT="eine" WC="0.99" CC="2030"/>
						<SP ID="P3_SP00121" HPOS="1170" VPOS="1724" WIDTH="30"/>
						<String ID="P3_ST00141" HPOS="1200" VPOS="1655" WIDTH="248" HEIGHT="58" CONTENT="Variation," WC="0.99" CC="0100762064"/>
						<SP ID="P3_SP00122" HPOS="1448" VPOS="1724" WIDTH="44"/>
						<String ID="P3_ST00142" HPOS="1492" VPOS="1655" WIDTH="70" HEIGHT="49" CONTENT="die" WC="1.00" CC="000"/>
						<SP ID="P3_SP00123" HPOS="1562" VPOS="1724" WIDTH="30"/>
						<String ID="P3_ST00143" HPOS="1592" VPOS="1654" WIDTH="63" HEIGHT="50" CONTENT="als" WC="0.98" CC="400"/>
					</TextLine>
					<TextLine ID="P3_TL00019" HPOS="107" VPOS="1738" WIDTH="1548" HEIGHT="70">
						<String ID="P3_ST00144" HPOS="107" VPOS="1743" WIDTH="153" HEIGHT="51" CONTENT="solche" WC="0.99" CC="600040"/>
						<SP ID="P3_SP00124" HPOS="260" VPOS="1794" WIDTH="40"/>
						<String ID="P3_ST00145" HPOS="300" VPOS="1743" WIDTH="113" HEIGHT="50" CONTENT="auch" WC="0.96" CC="2707"/>
						<SP ID="P3_SP00125" HPOS="413" VPOS="1794" WIDTH="45"/>
						<String ID="P3_ST00146" HPOS="458" VPOS="1743" WIDTH="129" HEIGHT="48" CONTENT="recht" WC="0.98" CC="30705"/>
						<SP ID="P3_SP00126" HPOS="587" VPOS="1794" WIDTH="45"/>
						<String ID="P3_ST00147" HPOS="632" VPOS="1741" WIDTH="238" HEIGHT="67" CONTENT="eigentlich" WC="1.00" CC="0000681000"/>
						<SP ID="P3_SP00127" HPOS="870" VPOS="1808" WIDTH="42"/>
						<String ID="P3_ST00148" HPOS="912" VPOS="1760" WIDTH="53" HEIGHT="30" CONTENT="an" WC="0.49" CC="45"/>
						<SP ID="P3_SP00128" HPOS="965" VPOS="1808" WIDTH="47"/>
						<String ID="P3_ST00149" HPOS="1012" VPOS="1741" WIDTH="140" HEIGHT="48" CONTENT="ihrem" WC="0.99" CC="06110"/>
						<SP ID="P3_SP00129" HPOS="1152" VPOS="1808" WIDTH="35"/>
						<String ID="P3_ST00150" HPOS="1187" VPOS="1739" WIDTH="151" HEIGHT="50" CONTENT="Platze" WC="0.99" CC="006070"/>
						<SP ID="P3_SP00130" HPOS="1338" VPOS="1808" WIDTH="32"/>
						<String ID="P3_ST00151" HPOS="1370" VPOS="1739" WIDTH="70" HEIGHT="57" CONTENT="ist," WC="0.98" CC="0360"/>
						<SP ID="P3_SP00131" HPOS="1440" VPOS="1808" WIDTH="47"/>
						<String ID="P3_ST00152" HPOS="1487" VPOS="1738" WIDTH="97" HEIGHT="49" CONTENT="eine" WC="0.97" CC="0075"/>
						<SP ID="P3_SP00132" HPOS="1584" VPOS="1808" WIDTH="30"/>
						<String ID="P3_ST00153" HPOS="1614" VPOS="1739" WIDTH="41" HEIGHT="48" CONTENT="in" WC="0.71" CC="05"/>
					</TextLine>
					<TextLine ID="P3_TL00020" HPOS="104" VPOS="1822" WIDTH="1553" HEIGHT="71">
						<String ID="P3_ST00154" HPOS="104" VPOS="1828" WIDTH="70" HEIGHT="51" CONTENT="die" WC="1.00" CC="000"/>
						<SP ID="P3_SP00133" HPOS="174" VPOS="1879" WIDTH="32"/>
						<String ID="P3_ST00155" HPOS="206" VPOS="1827" WIDTH="266" HEIGHT="66" CONTENT="möglichste" WC="0.99" CC="0005476860"/>
						<SP ID="P3_SP00134" HPOS="472" VPOS="1893" WIDTH="23"/>
						<String ID="P3_ST00156" HPOS="495" VPOS="1826" WIDTH="151" HEIGHT="49" CONTENT="Breite" WC="1.00" CC="000100"/>
						<SP ID="P3_SP00135" HPOS="646" VPOS="1893" WIDTH="31"/>
						<String ID="P3_ST00157" HPOS="677" VPOS="1824" WIDTH="222" HEIGHT="68" CONTENT="gehende," WC="1.00" CC="00600001"/>
						<SP ID="P3_SP00136" HPOS="899" VPOS="1893" WIDTH="32"/>
						<String ID="P3_ST00158" HPOS="931" VPOS="1824" WIDTH="200" HEIGHT="66" CONTENT="zugleich" WC="0.98" CC="75925002"/>
						<SP ID="P3_SP00137" HPOS="1131" VPOS="1893" WIDTH="33"/>
						<String ID="P3_ST00159" HPOS="1164" VPOS="1832" WIDTH="143" HEIGHT="41" CONTENT="etwas" WC="0.99" CC="00060"/>
						<SP ID="P3_SP00138" HPOS="1307" VPOS="1893" WIDTH="31"/>
						<String ID="P3_ST00160" HPOS="1338" VPOS="1822" WIDTH="319" HEIGHT="67" CONTENT="schwierigere" WC="1.00" CC="100020100040"/>
					</TextLine>
					<TextLine ID="P3_TL00021" HPOS="104" VPOS="1904" WIDTH="1553" HEIGHT="71">
						<String ID="P3_ST00161" HPOS="104" VPOS="1911" WIDTH="314" HEIGHT="64" CONTENT="Ausführung." WC="0.99" CC="20000650703"/>
						<SP ID="P3_SP00139" HPOS="418" VPOS="1975" WIDTH="45"/>
						<String ID="P3_ST00162" HPOS="463" VPOS="1911" WIDTH="93" HEIGHT="48" CONTENT="Das" WC="0.98" CC="040"/>
						<SP ID="P3_SP00140" HPOS="556" VPOS="1975" WIDTH="32"/>
						<String ID="P3_ST00163" HPOS="588" VPOS="1909" WIDTH="187" HEIGHT="58" CONTENT="Thema," WC="0.99" CC="060022"/>
						<SP ID="P3_SP00141" HPOS="775" VPOS="1975" WIDTH="31"/>
						<String ID="P3_ST00164" HPOS="806" VPOS="1916" WIDTH="134" HEIGHT="42" CONTENT="unter" WC="0.99" CC="10004"/>
						<SP ID="P3_SP00142" HPOS="940" VPOS="1975" WIDTH="30"/>
						<String ID="P3_ST00165" HPOS="970" VPOS="1907" WIDTH="339" HEIGHT="49" CONTENT="Pedal-Antritt" WC="1.00" CC="0002002760005"/>
						<SP ID="P3_SP00143" HPOS="1309" VPOS="1975" WIDTH="31"/>
						<String ID="P3_ST00166" HPOS="1340" VPOS="1904" WIDTH="317" HEIGHT="68" CONTENT="fortklingend," WC="1.00" CC="0035040000403"/>
					</TextLine>
					<TextLine ID="P3_TL00022" HPOS="101" VPOS="1989" WIDTH="1556" HEIGHT="61">
						<String ID="P3_ST00167" HPOS="101" VPOS="1996" WIDTH="134" HEIGHT="49" CONTENT="rückt" WC="0.99" CC="10005"/>
						<SP ID="P3_SP00144" HPOS="235" VPOS="2045" WIDTH="29"/>
						<String ID="P3_ST00168" HPOS="264" VPOS="2012" WIDTH="81" HEIGHT="32" CONTENT="aus" WC="0.96" CC="305"/>
						<SP ID="P3_SP00145" HPOS="345" VPOS="2045" WIDTH="32"/>
						<String ID="P3_ST00169" HPOS="377" VPOS="1993" WIDTH="122" HEIGHT="50" CONTENT="einer" WC="0.97" CC="56705"/>
						<SP ID="P3_SP00146" HPOS="499" VPOS="2045" WIDTH="32"/>
						<String ID="P3_ST00170" HPOS="531" VPOS="1993" WIDTH="132" HEIGHT="50" CONTENT="Hand" WC="0.96" CC="8360"/>
						<SP ID="P3_SP00147" HPOS="663" VPOS="2045" WIDTH="34"/>
						<String ID="P3_ST00171" HPOS="697" VPOS="1993" WIDTH="41" HEIGHT="48" CONTENT="in" WC="0.69" CC="32"/>
						<SP ID="P3_SP00148" HPOS="738" VPOS="2045" WIDTH="31"/>
						<String ID="P3_ST00172" HPOS="769" VPOS="1992" WIDTH="70" HEIGHT="49" CONTENT="die" WC="1.00" CC="000"/>
						<SP ID="P3_SP00149" HPOS="839" VPOS="2045" WIDTH="31"/>
						<String ID="P3_ST00173" HPOS="870" VPOS="1992" WIDTH="181" HEIGHT="58" CONTENT="andere," WC="0.99" CC="3500000"/>
						<SP ID="P3_SP00150" HPOS="1051" VPOS="2050" WIDTH="33"/>
						<String ID="P3_ST00174" HPOS="1084" VPOS="1991" WIDTH="216" HEIGHT="49" CONTENT="während" WC="0.99" CC="0062080"/>
						<SP ID="P3_SP00151" HPOS="1300" VPOS="2050" WIDTH="35"/>
						<String ID="P3_ST00175" HPOS="1335" VPOS="1991" WIDTH="97" HEIGHT="48" CONTENT="eine" WC="0.99" CC="0040"/>
						<SP ID="P3_SP00152" HPOS="1432" VPOS="2050" WIDTH="26"/>
						<String ID="P3_ST00176" HPOS="1458" VPOS="1989" WIDTH="112" HEIGHT="51" CONTENT="oder" WC="1.00" CC="0011"/>
						<SP ID="P3_SP00153" HPOS="1570" VPOS="2050" WIDTH="19"/>
						<String ID="P3_ST00177" HPOS="1589" VPOS="1989" WIDTH="68" HEIGHT="50" CONTENT="die" WC="1.00" CC="000"/>
					</TextLine>
					<TextLine ID="P3_TL00023" HPOS="104" VPOS="2072" WIDTH="1554" HEIGHT="62">
						<String ID="P3_ST00178" HPOS="104" VPOS="2080" WIDTH="184" HEIGHT="54" CONTENT="andere," WC="0.99" CC="5600400"/>
						<SP ID="P3_SP00154" HPOS="288" VPOS="2134" WIDTH="42"/>
						<String ID="P3_ST00179" HPOS="330" VPOS="2096" WIDTH="52" HEIGHT="29" CONTENT="zu" WC="0.34" CC="66"/>
						<SP ID="P3_SP00155" HPOS="382" VPOS="2134" WIDTH="33"/>
						<String ID="P3_ST00180" HPOS="415" VPOS="2077" WIDTH="123" HEIGHT="48" CONTENT="einer" WC="0.97" CC="31846"/>
						<SP ID="P3_SP00156" HPOS="538" VPOS="2134" WIDTH="31"/>
						<String ID="P3_ST00181" HPOS="569" VPOS="2076" WIDTH="181" HEIGHT="48" CONTENT="Triller-" WC="0.99" CC="06443300"/>
						<SP ID="P3_SP00157" HPOS="750" VPOS="2134" WIDTH="33"/>
						<String ID="P3_ST00182" HPOS="783" VPOS="2076" WIDTH="111" HEIGHT="48" CONTENT="oder" WC="0.97" CC="5064"/>
						<SP ID="P3_SP00158" HPOS="894" VPOS="2134" WIDTH="30"/>
						<String ID="P3_ST00183" HPOS="924" VPOS="2075" WIDTH="404" HEIGHT="49" CONTENT="Rouladen-Kette" WC="0.99" CC="00743968054663"/>
						<SP ID="P3_SP00159" HPOS="1328" VPOS="2134" WIDTH="32"/>
						<String ID="P3_ST00184" HPOS="1360" VPOS="2073" WIDTH="90" HEIGHT="49" CONTENT="sich" WC="0.97" CC="0077"/>
						<SP ID="P3_SP00160" HPOS="1450" VPOS="2134" WIDTH="46"/>
						<String ID="P3_ST00185" HPOS="1496" VPOS="2072" WIDTH="139" HEIGHT="51" CONTENT="anstel" SUBS_TYPE="HypPart1" SUBS_CONTENT="anstellend," WC="0.98" CC="567533"/>
						<HYP HPOS="1635" VPOS="2072" WIDTH="23" CONTENT="-"/>
					</TextLine>
					<TextLine ID="P3_TL00024" HPOS="105" VPOS="2157" WIDTH="1555" HEIGHT="71">
						<String ID="P3_ST00186" HPOS="105" VPOS="2163" WIDTH="120" HEIGHT="55" CONTENT="lend," SUBS_TYPE="HypPart2" SUBS_CONTENT="anstellend," WC="1.00" CC="00003"/>
						<SP ID="P3_SP00161" HPOS="225" VPOS="2218" WIDTH="31"/>
						<String ID="P3_ST00187" HPOS="256" VPOS="2160" WIDTH="252" HEIGHT="68" CONTENT="abspringt," WC="0.99" CC="7630501910"/>
						<SP ID="P3_SP00162" HPOS="508" VPOS="2228" WIDTH="47"/>
						<String ID="P3_ST00188" HPOS="555" VPOS="2160" WIDTH="65" HEIGHT="49" CONTENT="bis" WC="0.96" CC="603"/>
						<SP ID="P3_SP00163" HPOS="620" VPOS="2228" WIDTH="44"/>
						<String ID="P3_ST00189" HPOS="664" VPOS="2160" WIDTH="85" HEIGHT="48" CONTENT="den" WC="0.99" CC="030"/>
						<SP ID="P3_SP00164" HPOS="749" VPOS="2228" WIDTH="33"/>
						<String ID="P3_ST00190" HPOS="782" VPOS="2158" WIDTH="261" HEIGHT="50" CONTENT="wirkliehen" WC="0.99" CC="0030470708"/>
						<SP ID="P3_SP00165" HPOS="1043" VPOS="2228" WIDTH="33"/>
						<String ID="P3_ST00191" HPOS="1076" VPOS="2158" WIDTH="186" HEIGHT="50" CONTENT="Schluss" WC="0.67" CC="0050637"/>
						<SP ID="P3_SP00166" HPOS="1262" VPOS="2228" WIDTH="35"/>
						<String ID="P3_ST00192" HPOS="1297" VPOS="2157" WIDTH="68" HEIGHT="50" CONTENT="die" WC="0.95" CC="085"/>
						<SP ID="P3_SP00167" HPOS="1365" VPOS="2228" WIDTH="32"/>
						<String ID="P3_ST00193" HPOS="1397" VPOS="2175" WIDTH="84" HEIGHT="32" CONTENT="von" WC="0.93" CC="747"/>
						<SP ID="P3_SP00168" HPOS="1481" VPOS="2228" WIDTH="33"/>
						<String ID="P3_ST00194" HPOS="1514" VPOS="2157" WIDTH="146" HEIGHT="50" CONTENT="dieser" WC="0.98" CC="030752"/>
					</TextLine>
					<TextLine ID="P3_TL00025" HPOS="105" VPOS="2241" WIDTH="1552" HEIGHT="70">
						<String ID="P3_ST00195" HPOS="105" VPOS="2246" WIDTH="254" HEIGHT="65" CONTENT="bisherigen" WC="0.99" CC="7023441907"/>
						<SP ID="P3_SP00169" HPOS="359" VPOS="2311" WIDTH="32"/>
						<String ID="P3_ST00196" HPOS="391" VPOS="2243" WIDTH="277" HEIGHT="66" CONTENT="Umgebung" WC="0.98" CC="06062529"/>
						<SP ID="P3_SP00170" HPOS="668" VPOS="2311" WIDTH="32"/>
						<String ID="P3_ST00197" HPOS="700" VPOS="2243" WIDTH="202" HEIGHT="52" CONTENT="befreite," WC="0.99" CC="600020706"/>
						<SP ID="P3_SP00171" HPOS="902" VPOS="2311" WIDTH="41"/>
						<String ID="P3_ST00198" HPOS="943" VPOS="2242" WIDTH="230" HEIGHT="50" CONTENT="ruhevolle" WC="0.99" CC="165610704"/>
						<SP ID="P3_SP00172" HPOS="1173" VPOS="2311" WIDTH="31"/>
						<String ID="P3_ST00199" HPOS="1204" VPOS="2241" WIDTH="194" HEIGHT="51" CONTENT="Melodie" WC="0.99" CC="0034004"/>
						<SP ID="P3_SP00173" HPOS="1398" VPOS="2311" WIDTH="31"/>
						<String ID="P3_ST00200" HPOS="1429" VPOS="2241" WIDTH="228" HEIGHT="49" CONTENT="andeutet." WC="0.99" CC="370057050"/>
					</TextLine>
					<TextLine ID="P3_TL00026" HPOS="105" VPOS="2325" WIDTH="1552" HEIGHT="68">
						<String ID="P3_ST00201" HPOS="105" VPOS="2331" WIDTH="137" HEIGHT="50" CONTENT="Diese" WC="0.98" CC="70050"/>
						<SP ID="P3_SP00174" HPOS="242" VPOS="2381" WIDTH="28"/>
						<String ID="P3_ST00202" HPOS="270" VPOS="2330" WIDTH="224" HEIGHT="48" CONTENT="Nummer" WC="0.98" CC="764000"/>
						<SP ID="P3_SP00175" HPOS="494" VPOS="2381" WIDTH="42"/>
						<String ID="P3_ST00203" HPOS="536" VPOS="2327" WIDTH="54" HEIGHT="50" CONTENT="ist" WC="0.99" CC="101"/>
						<SP ID="P3_SP00176" HPOS="590" VPOS="2381" WIDTH="44"/>
						<String ID="P3_ST00204" HPOS="634" VPOS="2326" WIDTH="241" HEIGHT="67" CONTENT="unstreitig" WC="0.99" CC="5708100200"/>
						<SP ID="P3_SP00177" HPOS="875" VPOS="2393" WIDTH="43"/>
						<String ID="P3_ST00205" HPOS="918" VPOS="2345" WIDTH="85" HEIGHT="32" CONTENT="von" WC="0.97" CC="007"/>
						<SP ID="P3_SP00178" HPOS="1003" VPOS="2393" WIDTH="45"/>
						<String ID="P3_ST00206" HPOS="1048" VPOS="2326" WIDTH="113" HEIGHT="48" CONTENT="allen" WC="0.98" CC="50055"/>
						<SP ID="P3_SP00179" HPOS="1161" VPOS="2393" WIDTH="33"/>
						<String ID="P3_ST00207" HPOS="1194" VPOS="2326" WIDTH="68" HEIGHT="48" CONTENT="die" WC="0.98" CC="004"/>
						<SP ID="P3_SP00180" HPOS="1262" VPOS="2393" WIDTH="33"/>
						<String ID="P3_ST00208" HPOS="1295" VPOS="2325" WIDTH="141" HEIGHT="49" CONTENT="beste." WC="0.98" CC="650502"/>
						<SP ID="P3_SP00181" HPOS="1436" VPOS="2393" WIDTH="60"/>
						<String ID="P3_ST00209" HPOS="1496" VPOS="2325" WIDTH="74" HEIGHT="49" CONTENT="Sie" WC="0.98" CC="600"/>
						<SP ID="P3_SP00182" HPOS="1570" VPOS="2393" WIDTH="31"/>
						<String ID="P3_ST00210" HPOS="1601" VPOS="2325" WIDTH="56" HEIGHT="48" CONTENT="ist" WC="0.96" CC="035"/>
					</TextLine>
					<TextLine ID="P3_TL00027" HPOS="107" VPOS="2409" WIDTH="1551" HEIGHT="71">
						<String ID="P3_ST00211" HPOS="107" VPOS="2415" WIDTH="78" HEIGHT="48" CONTENT="mit" WC="0.96" CC="703"/>
						<SP ID="P3_SP00183" HPOS="185" VPOS="2463" WIDTH="46"/>
						<String ID="P3_ST00212" HPOS="231" VPOS="2429" WIDTH="184" HEIGHT="51" CONTENT="grosser" WC="0.99" CC="0140204"/>
						<SP ID="P3_SP00184" HPOS="415" VPOS="2480" WIDTH="29"/>
						<String ID="P3_ST00213" HPOS="444" VPOS="2410" WIDTH="206" HEIGHT="49" CONTENT="Zartheit" WC="0.99" CC="07006001"/>
						<SP ID="P3_SP00185" HPOS="650" VPOS="2480" WIDTH="46"/>
						<String ID="P3_ST00214" HPOS="696" VPOS="2410" WIDTH="209" HEIGHT="67" CONTENT="gehalten" WC="0.99" CC="06560500"/>
						<SP ID="P3_SP00186" HPOS="905" VPOS="2480" WIDTH="49"/>
						<String ID="P3_ST00215" HPOS="954" VPOS="2410" WIDTH="89" HEIGHT="49" CONTENT="und" WC="0.97" CC="420"/>
						<SP ID="P3_SP00187" HPOS="1043" VPOS="2480" WIDTH="48"/>
						<String ID="P3_ST00216" HPOS="1091" VPOS="2411" WIDTH="132" HEIGHT="56" CONTENT="kann," WC="0.98" CC="00560"/>
						<SP ID="P3_SP00188" HPOS="1223" VPOS="2480" WIDTH="46"/>
						<String ID="P3_ST00217" HPOS="1269" VPOS="2426" WIDTH="49" HEIGHT="32" CONTENT="so" WC="0.56" CC="26"/>
						<SP ID="P3_SP00189" HPOS="1318" VPOS="2480" WIDTH="33"/>
						<String ID="P3_ST00218" HPOS="1351" VPOS="2409" WIDTH="113" HEIGHT="49" CONTENT="auch" WC="0.96" CC="3607"/>
						<SP ID="P3_SP00190" HPOS="1464" VPOS="2480" WIDTH="33"/>
						<String ID="P3_ST00219" HPOS="1497" VPOS="2425" WIDTH="135" HEIGHT="48" CONTENT="ausge" SUBS_TYPE="HypPart1" SUBS_CONTENT="ausgeführt," WC="0.99" CC="27000"/>
						<HYP HPOS="1632" VPOS="2425" WIDTH="26" CONTENT="-"/>
					</TextLine>
					<TextLine ID="P3_TL00028" HPOS="105" VPOS="2491" WIDTH="1555" HEIGHT="69">
						<String ID="P3_ST00220" HPOS="105" VPOS="2497" WIDTH="140" HEIGHT="58" CONTENT="führt," SUBS_TYPE="HypPart2" SUBS_CONTENT="ausgeführt," WC="0.99" CC="000311"/>
						<SP ID="P3_SP00191" HPOS="245" VPOS="2555" WIDTH="41"/>
						<String ID="P3_ST00221" HPOS="286" VPOS="2496" WIDTH="94" HEIGHT="48" CONTENT="ihre" WC="0.98" CC="0700"/>
						<SP ID="P3_SP00192" HPOS="380" VPOS="2555" WIDTH="34"/>
						<String ID="P3_ST00222" HPOS="414" VPOS="2496" WIDTH="235" HEIGHT="64" CONTENT="Wirkung" WC="0.99" CC="0330040"/>
						<SP ID="P3_SP00193" HPOS="649" VPOS="2560" WIDTH="38"/>
						<String ID="P3_ST00223" HPOS="687" VPOS="2494" WIDTH="227" HEIGHT="49" CONTENT="durchaus" WC="0.99" CC="01401655"/>
						<SP ID="P3_SP00194" HPOS="914" VPOS="2560" WIDTH="33"/>
						<String ID="P3_ST00224" HPOS="947" VPOS="2494" WIDTH="121" HEIGHT="49" CONTENT="nicht" WC="0.97" CC="70174"/>
						<SP ID="P3_SP00195" HPOS="1068" VPOS="2560" WIDTH="44"/>
						<String ID="P3_ST00225" HPOS="1112" VPOS="2492" WIDTH="243" HEIGHT="50" CONTENT="verfehlen." WC="0.99" CC="0040053060"/>
						<SP ID="P3_SP00196" HPOS="1355" VPOS="2560" WIDTH="141"/>
						<String ID="P3_ST00226" HPOS="1496" VPOS="2492" WIDTH="77" HEIGHT="50" CONTENT="Nr." WC="0.95" CC="804"/>
						<SP ID="P3_SP00197" HPOS="1573" VPOS="2560" WIDTH="36"/>
						<String ID="P3_ST00227" HPOS="1609" VPOS="2491" WIDTH="51" HEIGHT="57" CONTENT="5," WC="0.69" CC="60"/>
					</TextLine>
					<TextLine ID="P3_TL00029" HPOS="115" VPOS="2579" WIDTH="1551" HEIGHT="66">
						<String ID="P3_ST00228" HPOS="115" VPOS="2580" WIDTH="129" HEIGHT="58" CONTENT="„Auf" WC="0.99" CC="6000"/>
						<SP ID="P3_SP00198" HPOS="244" VPOS="2638" WIDTH="39"/>
						<String ID="P3_ST00229" HPOS="283" VPOS="2580" WIDTH="103" HEIGHT="48" CONTENT="dem" WC="1.00" CC="000"/>
						<SP ID="P3_SP00199" HPOS="386" VPOS="2638" WIDTH="47"/>
						<String ID="P3_ST00230" HPOS="433" VPOS="2579" WIDTH="256" HEIGHT="66" CONTENT="Tanzplane" WC="0.99" CC="062705280"/>
						<SP ID="P3_SP00200" HPOS="689" VPOS="2645" WIDTH="803"/>
						<String ID="P3_ST00231" HPOS="1492" VPOS="2579" WIDTH="174" HEIGHT="48" CONTENT="Scherzo" WC="0.98" CC="4703708" STYLEREFS="TXT_1"/>
					</TextLine>
					<TextLine ID="P3_TL00030" HPOS="108" VPOS="2659" WIDTH="1552" HEIGHT="64">
						<String ID="P3_ST00232" HPOS="108" VPOS="2661" WIDTH="27" HEIGHT="60" CONTENT="V" WC="0.45" CC="7"/>
						<SP ID="P3_SP00201" HPOS="135" VPOS="2721" WIDTH="0"/>
						<String ID="P3_ST00233" HPOS="135" VPOS="2661" WIDTH="54" HEIGHT="60" CONTENT="4." WC="0.45" CC="10"/>
						<SP ID="P3_SP00202" HPOS="189" VPOS="2721" WIDTH="34"/>
						<String ID="P3_ST00234" HPOS="223" VPOS="2664" WIDTH="82" HEIGHT="48" CONTENT="Die" WC="1.00" CC="000"/>
						<SP ID="P3_SP00203" HPOS="305" VPOS="2721" WIDTH="25"/>
						<String ID="P3_ST00235" HPOS="330" VPOS="2661" WIDTH="282" HEIGHT="50" CONTENT="Musicanten" WC="0.69" CC="0702060608"/>
						<SP ID="P3_SP00204" HPOS="612" VPOS="2721" WIDTH="33"/>
						<String ID="P3_ST00236" HPOS="645" VPOS="2661" WIDTH="211" HEIGHT="50" CONTENT="stimmen" WC="0.99" CC="2610010"/>
						<SP ID="P3_SP00205" HPOS="856" VPOS="2721" WIDTH="30"/>
						<String ID="P3_ST00237" HPOS="886" VPOS="2660" WIDTH="94" HEIGHT="50" CONTENT="ihre" WC="0.99" CC="2000"/>
						<SP ID="P3_SP00206" HPOS="980" VPOS="2721" WIDTH="33"/>
						<String ID="P3_ST00238" HPOS="1013" VPOS="2660" WIDTH="511" HEIGHT="50" CONTENT="Streich-Instrumente" WC="0.99" CC="3603036146073700761"/>
						<SP ID="P3_SP00207" HPOS="1524" VPOS="2721" WIDTH="32"/>
						<String ID="P3_ST00239" HPOS="1556" VPOS="2659" WIDTH="104" HEIGHT="64" CONTENT="(vgl." WC="0.99" CC="30050"/>
					</TextLine>
					<TextLine ID="P3_TL00031" HPOS="107" VPOS="2743" WIDTH="1554" HEIGHT="69">
						<String ID="P3_ST00240" HPOS="107" VPOS="2748" WIDTH="299" HEIGHT="49" CONTENT="Schumann's" WC="0.69" CC="3046007820"/>
						<SP ID="P3_SP00208" HPOS="406" VPOS="2797" WIDTH="22"/>
						<String ID="P3_ST00241" HPOS="428" VPOS="2744" WIDTH="268" HEIGHT="68" CONTENT="Pilgerfahrt" WC="0.99" CC="70303104700"/>
						<SP ID="P3_SP00209" HPOS="696" VPOS="2812" WIDTH="21"/>
						<String ID="P3_ST00242" HPOS="717" VPOS="2745" WIDTH="80" HEIGHT="50" CONTENT="der" WC="0.96" CC="009"/>
						<SP ID="P3_SP00210" HPOS="797" VPOS="2812" WIDTH="23"/>
						<String ID="P3_ST00243" HPOS="820" VPOS="2744" WIDTH="155" HEIGHT="66" CONTENT="Rose)," WC="0.98" CC="025761"/>
						<SP ID="P3_SP00211" HPOS="975" VPOS="2812" WIDTH="26"/>
						<String ID="P3_ST00244" HPOS="1001" VPOS="2745" WIDTH="88" HEIGHT="48" CONTENT="und" WC="0.95" CC="409"/>
						<SP ID="P3_SP00212" HPOS="1089" VPOS="2812" WIDTH="28"/>
						<String ID="P3_ST00245" HPOS="1117" VPOS="2762" WIDTH="47" HEIGHT="30" CONTENT="es" WC="0.70" CC="05"/>
						<SP ID="P3_SP00213" HPOS="1164" VPOS="2812" WIDTH="30"/>
						<String ID="P3_ST00246" HPOS="1194" VPOS="2743" WIDTH="226" HEIGHT="66" CONTENT="beginnen" WC="0.99" CC="60006401"/>
						<SP ID="P3_SP00214" HPOS="1420" VPOS="2812" WIDTH="31"/>
						<String ID="P3_ST00247" HPOS="1451" VPOS="2750" WIDTH="210" HEIGHT="41" CONTENT="muntere" WC="0.98" CC="6750030"/>
					</TextLine>
					<TextLine ID="P3_TL00032" HPOS="107" VPOS="2826" WIDTH="1553" HEIGHT="59">
						<String ID="P3_ST00248" HPOS="107" VPOS="2831" WIDTH="312" HEIGHT="54" CONTENT="Tanzweisen," WC="0.99" CC="02170007073"/>
						<SP ID="P3_SP00215" HPOS="419" VPOS="2885" WIDTH="46"/>
						<String ID="P3_ST00249" HPOS="465" VPOS="2848" WIDTH="85" HEIGHT="32" CONTENT="von" WC="0.97" CC="007"/>
						<SP ID="P3_SP00216" HPOS="550" VPOS="2885" WIDTH="34"/>
						<String ID="P3_ST00250" HPOS="584" VPOS="2830" WIDTH="145" HEIGHT="48" CONTENT="denen" WC="0.96" CC="90836"/>
						<SP ID="P3_SP00217" HPOS="729" VPOS="2885" WIDTH="33"/>
						<String ID="P3_ST00251" HPOS="762" VPOS="2829" WIDTH="70" HEIGHT="49" CONTENT="die" WC="1.00" CC="000"/>
						<SP ID="P3_SP00218" HPOS="832" VPOS="2885" WIDTH="44"/>
						<String ID="P3_ST00252" HPOS="876" VPOS="2829" WIDTH="160" HEIGHT="49" CONTENT="zweite" WC="0.97" CC="797450"/>
						<SP ID="P3_SP00219" HPOS="1036" VPOS="2885" WIDTH="42"/>
						<String ID="P3_ST00253" HPOS="1078" VPOS="2826" WIDTH="250" HEIGHT="51" CONTENT="besonders" WC="0.99" CC="624058060"/>
						<SP ID="P3_SP00220" HPOS="1328" VPOS="2885" WIDTH="32"/>
						<String ID="P3_ST00254" HPOS="1360" VPOS="2826" WIDTH="141" HEIGHT="50" CONTENT="durch" WC="0.98" CC="07106"/>
						<SP ID="P3_SP00221" HPOS="1501" VPOS="2885" WIDTH="36"/>
						<String ID="P3_ST00255" HPOS="1537" VPOS="2826" WIDTH="123" HEIGHT="49" CONTENT="ihren" WC="0.96" CC="27475"/>
					</TextLine>
					<TextLine ID="P3_TL00033" HPOS="109" VPOS="2909" WIDTH="1552" HEIGHT="71">
						<String ID="P3_ST00256" HPOS="109" VPOS="2914" WIDTH="295" HEIGHT="65" CONTENT="dreitactigen" WC="0.67" CC="000274475008"/>
						<SP ID="P3_SP00222" HPOS="404" VPOS="2979" WIDTH="44"/>
						<String ID="P3_ST00257" HPOS="448" VPOS="2913" WIDTH="255" HEIGHT="67" CONTENT="Rhythmus" WC="0.98" CC="96706076"/>
						<SP ID="P3_SP00223" HPOS="703" VPOS="2980" WIDTH="55"/>
						<String ID="P3_ST00258" HPOS="758" VPOS="2911" WIDTH="278" HEIGHT="53" CONTENT="contrastirt." WC="0.66" CC="045604373040"/>
						<SP ID="P3_SP00224" HPOS="1036" VPOS="2980" WIDTH="61"/>
						<String ID="P3_ST00259" HPOS="1097" VPOS="2910" WIDTH="142" HEIGHT="50" CONTENT="Unter" WC="0.97" CC="08603"/>
						<SP ID="P3_SP00225" HPOS="1239" VPOS="2980" WIDTH="46"/>
						<String ID="P3_ST00260" HPOS="1285" VPOS="2910" WIDTH="69" HEIGHT="48" CONTENT="die" WC="0.99" CC="003"/>
						<SP ID="P3_SP00226" HPOS="1354" VPOS="2980" WIDTH="42"/>
						<String ID="P3_ST00261" HPOS="1396" VPOS="2909" WIDTH="265" HEIGHT="66" CONTENT="allgemeine" WC="0.99" CC="6010004560"/>
					</TextLine>
					<TextLine ID="P3_TL00034" HPOS="108" VPOS="2995" WIDTH="1553" HEIGHT="64">
						<String ID="P3_ST00262" HPOS="108" VPOS="2998" WIDTH="254" HEIGHT="49" CONTENT="Heiterkeit" WC="0.99" CC="8005000245"/>
						<SP ID="P3_SP00227" HPOS="362" VPOS="3047" WIDTH="24"/>
						<String ID="P3_ST00263" HPOS="386" VPOS="2998" WIDTH="160" HEIGHT="48" CONTENT="mischt" WC="0.97" CC="046574"/>
						<SP ID="P3_SP00228" HPOS="546" VPOS="3047" WIDTH="32"/>
						<String ID="P3_ST00264" HPOS="578" VPOS="2998" WIDTH="90" HEIGHT="48" CONTENT="sich" WC="0.98" CC="0046"/>
						<SP ID="P3_SP00229" HPOS="668" VPOS="3047" WIDTH="34"/>
						<String ID="P3_ST00265" HPOS="702" VPOS="2997" WIDTH="109" HEIGHT="49" CONTENT="aber" WC="0.97" CC="0660"/>
						<SP ID="P3_SP00230" HPOS="811" VPOS="3047" WIDTH="24"/>
						<String ID="P3_ST00266" HPOS="835" VPOS="2997" WIDTH="78" HEIGHT="48" CONTENT="mit" WC="0.98" CC="023"/>
						<SP ID="P3_SP00231" HPOS="913" VPOS="3047" WIDTH="24"/>
						<String ID="P3_ST00267" HPOS="937" VPOS="2997" WIDTH="160" HEIGHT="48" CONTENT="Einem" WC="0.97" CC="02890"/>
						<SP ID="P3_SP00232" HPOS="1097" VPOS="3047" WIDTH="28"/>
						<String ID="P3_ST00268" HPOS="1125" VPOS="2995" WIDTH="117" HEIGHT="49" CONTENT="Male" WC="0.97" CC="0704"/>
						<SP ID="P3_SP00233" HPOS="1242" VPOS="3047" WIDTH="30"/>
						<String ID="P3_ST00269" HPOS="1272" VPOS="2995" WIDTH="68" HEIGHT="49" CONTENT="ein" WC="0.97" CC="016"/>
						<SP ID="P3_SP00234" HPOS="1340" VPOS="3047" WIDTH="34"/>
						<String ID="P3_ST00270" HPOS="1374" VPOS="2995" WIDTH="127" HEIGHT="47" CONTENT="recht" WC="0.98" CC="46050"/>
						<SP ID="P3_SP00235" HPOS="1501" VPOS="3047" WIDTH="29"/>
						<String ID="P3_ST00271" HPOS="1530" VPOS="3009" WIDTH="131" HEIGHT="50" CONTENT="arges" WC="0.98" CC="70900"/>
					</TextLine>
					<TextLine ID="P3_TL00035" HPOS="109" VPOS="3078" WIDTH="1553" HEIGHT="60">
						<String ID="P3_ST00272" HPOS="109" VPOS="3082" WIDTH="282" HEIGHT="56" CONTENT="Hinderniss," WC="0.70" CC="62500060740"/>
						<SP ID="P3_SP00236" HPOS="391" VPOS="3138" WIDTH="48"/>
						<String ID="P3_ST00273" HPOS="439" VPOS="3082" WIDTH="69" HEIGHT="48" CONTENT="ein" WC="0.97" CC="107"/>
						<SP ID="P3_SP00237" HPOS="508" VPOS="3138" WIDTH="44"/>
						<String ID="P3_ST00274" HPOS="552" VPOS="3080" WIDTH="201" HEIGHT="50" CONTENT="wirklich" WC="0.98" CC="08691207"/>
						<SP ID="P3_SP00238" HPOS="753" VPOS="3138" WIDTH="34"/>
						<String ID="P3_ST00275" HPOS="787" VPOS="3080" WIDTH="273" HEIGHT="50" CONTENT="ernsthafter" WC="0.99" CC="00716157620"/>
						<SP ID="P3_SP00239" HPOS="1060" VPOS="3138" WIDTH="32"/>
						<String ID="P3_ST00276" HPOS="1092" VPOS="3079" WIDTH="174" HEIGHT="48" CONTENT="Handel" WC="0.98" CC="736005"/>
						<SP ID="P3_SP00240" HPOS="1266" VPOS="3138" WIDTH="33"/>
						<String ID="P3_ST00277" HPOS="1299" VPOS="3079" WIDTH="39" HEIGHT="48" CONTENT="in" WC="0.79" CC="04"/>
						<SP ID="P3_SP00241" HPOS="1338" VPOS="3138" WIDTH="33"/>
						<String ID="P3_ST00278" HPOS="1371" VPOS="3079" WIDTH="138" HEIGHT="48" CONTENT="Form" WC="0.98" CC="0540"/>
						<SP ID="P3_SP00242" HPOS="1509" VPOS="3138" WIDTH="33"/>
						<String ID="P3_ST00279" HPOS="1542" VPOS="3078" WIDTH="120" HEIGHT="48" CONTENT="eines" WC="0.98" CC="00506"/>
					</TextLine>
					<TextLine ID="P3_TL00036" HPOS="110" VPOS="3160" WIDTH="1552" HEIGHT="65">
						<String ID="P3_ST00280" HPOS="110" VPOS="3165" WIDTH="207" HEIGHT="55" CONTENT="Streites," WC="0.99" CC="500065010"/>
						<SP ID="P3_SP00243" HPOS="317" VPOS="3220" WIDTH="42"/>
						<String ID="P3_ST00281" HPOS="359" VPOS="3164" WIDTH="82" HEIGHT="48" CONTENT="der" WC="0.95" CC="066"/>
						<SP ID="P3_SP00244" HPOS="441" VPOS="3220" WIDTH="31"/>
						<String ID="P3_ST00282" HPOS="472" VPOS="3164" WIDTH="220" HEIGHT="47" CONTENT="natürlich" WC="0.99" CC="696001107"/>
						<SP ID="P3_SP00245" HPOS="692" VPOS="3220" WIDTH="32"/>
						<String ID="P3_ST00283" HPOS="724" VPOS="3163" WIDTH="85" HEIGHT="49" CONTENT="alle" WC="0.98" CC="0720"/>
						<SP ID="P3_SP00246" HPOS="809" VPOS="3220" WIDTH="30"/>
						<String ID="P3_ST00284" HPOS="839" VPOS="3163" WIDTH="216" HEIGHT="48" CONTENT="Tanzlust" WC="0.98" CC="06667800"/>
						<SP ID="P3_SP00247" HPOS="1055" VPOS="3220" WIDTH="32"/>
						<String ID="P3_ST00285" HPOS="1087" VPOS="3165" WIDTH="211" HEIGHT="54" CONTENT="zerstört," WC="0.98" CC="660080662"/>
						<SP ID="P3_SP00248" HPOS="1298" VPOS="3220" WIDTH="47"/>
						<String ID="P3_ST00286" HPOS="1345" VPOS="3160" WIDTH="91" HEIGHT="50" CONTENT="sich" WC="0.96" CC="6326"/>
						<SP ID="P3_SP00249" HPOS="1436" VPOS="3220" WIDTH="33"/>
						<String ID="P3_ST00287" HPOS="1469" VPOS="3160" WIDTH="166" HEIGHT="65" CONTENT="nachge" SUBS_TYPE="HypPart1" SUBS_CONTENT="nachgerade" WC="0.98" CC="600690"/>
						<HYP HPOS="1635" VPOS="3160" WIDTH="27" CONTENT="-"/>
					</TextLine>
					<TextLine ID="P3_TL00037" HPOS="109" VPOS="3243" WIDTH="1555" HEIGHT="70">
						<String ID="P3_ST00288" HPOS="109" VPOS="3249" WIDTH="109" HEIGHT="50" CONTENT="rade" SUBS_TYPE="HypPart2" SUBS_CONTENT="nachgerade" WC="0.97" CC="5600"/>
						<SP ID="P3_SP00250" HPOS="218" VPOS="3299" WIDTH="42"/>
						<String ID="P3_ST00289" HPOS="260" VPOS="3247" WIDTH="187" HEIGHT="66" CONTENT="steigert" WC="0.99" CC="05150455"/>
						<SP ID="P3_SP00251" HPOS="447" VPOS="3313" WIDTH="47"/>
						<String ID="P3_ST00290" HPOS="494" VPOS="3247" WIDTH="89" HEIGHT="49" CONTENT="und" WC="0.95" CC="660"/>
						<SP ID="P3_SP00252" HPOS="583" VPOS="3313" WIDTH="48"/>
						<String ID="P3_ST00291" HPOS="631" VPOS="3265" WIDTH="136" HEIGHT="48" CONTENT="sogar" WC="0.97" CC="66090"/>
						<SP ID="P3_SP00253" HPOS="767" VPOS="3313" WIDTH="56"/>
						<String ID="P3_ST00292" HPOS="823" VPOS="3245" WIDTH="65" HEIGHT="50" CONTENT="bis" WC="0.95" CC="606"/>
						<SP ID="P3_SP00254" HPOS="888" VPOS="3313" WIDTH="43"/>
						<String ID="P3_ST00293" HPOS="931" VPOS="3247" WIDTH="42" HEIGHT="48" CONTENT="in" WC="0.63" CC="43"/>
						<SP ID="P3_SP00255" HPOS="973" VPOS="3313" WIDTH="44"/>
						<String ID="P3_ST00294" HPOS="1017" VPOS="3244" WIDTH="315" HEIGHT="51" CONTENT="Leidenschaft" WC="0.99" CC="440016406064"/>
						<SP ID="P3_SP00256" HPOS="1332" VPOS="3313" WIDTH="47"/>
						<String ID="P3_ST00295" HPOS="1379" VPOS="3247" WIDTH="89" HEIGHT="47" CONTENT="und" WC="0.95" CC="644"/>
						<SP ID="P3_SP00257" HPOS="1468" VPOS="3313" WIDTH="47"/>
						<String ID="P3_ST00296" HPOS="1515" VPOS="3243" WIDTH="149" HEIGHT="51" CONTENT="Wuth" WC="0.82" CC="0600"/>
					</TextLine>
					<TextLine ID="P3_TL00038" HPOS="110" VPOS="3328" WIDTH="1552" HEIGHT="70">
						<String ID="P3_ST00297" HPOS="110" VPOS="3332" WIDTH="239" HEIGHT="66" CONTENT="übergeht." WC="1.00" CC="000001061"/>
						<SP ID="P3_SP00258" HPOS="349" VPOS="3398" WIDTH="33"/>
						<String ID="P3_ST00298" HPOS="382" VPOS="3332" WIDTH="104" HEIGHT="48" CONTENT="Nun" WC="0.95" CC="083"/>
						<SP ID="P3_SP00259" HPOS="486" VPOS="3398" WIDTH="28"/>
						<String ID="P3_ST00299" HPOS="514" VPOS="3331" WIDTH="97" HEIGHT="48" CONTENT="tritt" WC="0.98" CC="09006"/>
						<SP ID="P3_SP00260" HPOS="611" VPOS="3398" WIDTH="17"/>
						<String ID="P3_ST00300" HPOS="628" VPOS="3331" WIDTH="174" HEIGHT="48" CONTENT="Gewalt" WC="0.98" CC="018707"/>
						<SP ID="P3_SP00261" HPOS="802" VPOS="3398" WIDTH="27"/>
						<String ID="P3_ST00301" HPOS="829" VPOS="3348" WIDTH="146" HEIGHT="49" CONTENT="gegen" WC="0.97" CC="05078"/>
						<SP ID="P3_SP00262" HPOS="975" VPOS="3398" WIDTH="27"/>
						<String ID="P3_ST00302" HPOS="1002" VPOS="3329" WIDTH="192" HEIGHT="57" CONTENT="Gewalt," WC="0.98" CC="0295620"/>
						<SP ID="P3_SP00263" HPOS="1194" VPOS="3398" WIDTH="26"/>
						<String ID="P3_ST00303" HPOS="1220" VPOS="3329" WIDTH="116" HEIGHT="50" CONTENT="noch" WC="0.96" CC="9006"/>
						<SP ID="P3_SP00264" HPOS="1336" VPOS="3398" WIDTH="34"/>
						<String ID="P3_ST00304" HPOS="1370" VPOS="3329" WIDTH="128" HEIGHT="47" CONTENT="mehr" WC="0.98" CC="0071"/>
						<SP ID="P3_SP00265" HPOS="1498" VPOS="3398" WIDTH="25"/>
						<String ID="P3_ST00305" HPOS="1523" VPOS="3328" WIDTH="139" HEIGHT="48" CONTENT="durch" WC="0.99" CC="03006"/>
					</TextLine>
					<TextLine ID="P3_TL00039" HPOS="112" VPOS="3411" WIDTH="1550" HEIGHT="67">
						<String ID="P3_ST00306" HPOS="112" VPOS="3416" WIDTH="85" HEIGHT="49" CONTENT="den" WC="0.99" CC="001"/>
						<SP ID="P3_SP00266" HPOS="197" VPOS="3465" WIDTH="29"/>
						<String ID="P3_ST00307" HPOS="226" VPOS="3416" WIDTH="126" HEIGHT="49" CONTENT="Geist" WC="0.98" CC="20225"/>
						<SP ID="P3_SP00267" HPOS="352" VPOS="3465" WIDTH="31"/>
						<String ID="P3_ST00308" HPOS="383" VPOS="3414" WIDTH="79" HEIGHT="49" CONTENT="des" WC="0.99" CC="001"/>
						<SP ID="P3_SP00268" HPOS="462" VPOS="3465" WIDTH="36"/>
						<String ID="P3_ST00309" HPOS="498" VPOS="3413" WIDTH="190" HEIGHT="50" CONTENT="Weines" WC="0.98" CC="001276"/>
						<SP ID="P3_SP00269" HPOS="688" VPOS="3465" WIDTH="32"/>
						<String ID="P3_ST00310" HPOS="720" VPOS="3414" WIDTH="254" HEIGHT="64" CONTENT="angefacht," WC="0.99" CC="6800007762"/>
						<SP ID="P3_SP00270" HPOS="974" VPOS="3478" WIDTH="44"/>
						<String ID="P3_ST00311" HPOS="1018" VPOS="3413" WIDTH="80" HEIGHT="48" CONTENT="der" WC="0.98" CC="006"/>
						<SP ID="P3_SP00271" HPOS="1098" VPOS="3478" WIDTH="42"/>
						<String ID="P3_ST00312" HPOS="1140" VPOS="3413" WIDTH="137" HEIGHT="48" CONTENT="schon" WC="0.97" CC="60228"/>
						<SP ID="P3_SP00272" HPOS="1277" VPOS="3478" WIDTH="35"/>
						<String ID="P3_ST00313" HPOS="1312" VPOS="3411" WIDTH="152" HEIGHT="49" CONTENT="früher" WC="0.99" CC="040270"/>
						<SP ID="P3_SP00273" HPOS="1464" VPOS="3478" WIDTH="38"/>
						<String ID="P3_ST00314" HPOS="1502" VPOS="3412" WIDTH="43" HEIGHT="48" CONTENT="in" WC="0.66" CC="06"/>
						<SP ID="P3_SP00274" HPOS="1545" VPOS="3478" WIDTH="33"/>
						<String ID="P3_ST00315" HPOS="1578" VPOS="3411" WIDTH="84" HEIGHT="48" CONTENT="den" WC="0.99" CC="001"/>
					</TextLine>
					<TextLine ID="P3_TL00040" HPOS="110" VPOS="3493" WIDTH="1555" HEIGHT="72">
						<String ID="P3_ST00316" HPOS="110" VPOS="3499" WIDTH="179" HEIGHT="66" CONTENT="Köpfen" WC="0.99" CC="300005"/>
						<SP ID="P3_SP00275" HPOS="289" VPOS="3565" WIDTH="33"/>
						<String ID="P3_ST00317" HPOS="322" VPOS="3516" WIDTH="54" HEIGHT="30" CONTENT="zu" WC="0.61" CC="51"/>
						<SP ID="P3_SP00276" HPOS="376" VPOS="3565" WIDTH="33"/>
						<String ID="P3_ST00318" HPOS="409" VPOS="3497" WIDTH="176" HEIGHT="67" CONTENT="spuken" WC="0.98" CC="004910"/>
						<SP ID="P3_SP00277" HPOS="585" VPOS="3565" WIDTH="32"/>
						<String ID="P3_ST00319" HPOS="617" VPOS="3497" WIDTH="166" HEIGHT="65" CONTENT="anfing." WC="0.98" CC="6800403"/>
						<SP ID="P3_SP00278" HPOS="783" VPOS="3565" WIDTH="65"/>
						<String ID="P3_ST00320" HPOS="848" VPOS="3496" WIDTH="62" HEIGHT="49" CONTENT="Es" WC="0.78" CC="40"/>
						<SP ID="P3_SP00279" HPOS="910" VPOS="3565" WIDTH="33"/>
						<String ID="P3_ST00321" HPOS="943" VPOS="3505" WIDTH="116" HEIGHT="40" CONTENT="setzt" WC="0.97" CC="43551"/>
						<SP ID="P3_SP00280" HPOS="1059" VPOS="3565" WIDTH="32"/>
						<String ID="P3_ST00322" HPOS="1091" VPOS="3496" WIDTH="198" HEIGHT="49" CONTENT="wirklich" WC="0.99" CC="00604000"/>
						<SP ID="P3_SP00281" HPOS="1289" VPOS="3565" WIDTH="44"/>
						<String ID="P3_ST00323" HPOS="1333" VPOS="3494" WIDTH="115" HEIGHT="50" CONTENT="noch" WC="0.97" CC="3505"/>
						<SP ID="P3_SP00282" HPOS="1448" VPOS="3565" WIDTH="44"/>
						<String ID="P3_ST00324" HPOS="1492" VPOS="3493" WIDTH="173" HEIGHT="66" CONTENT="blutige" WC="0.99" CC="4680000"/>
					</TextLine>
					<TextLine ID="P3_TL00041" HPOS="110" VPOS="3578" WIDTH="1556" HEIGHT="74">
						<String ID="P3_ST00325" HPOS="110" VPOS="3583" WIDTH="163" HEIGHT="69" CONTENT="Köpfe." WC="0.99" CC="000353"/>
						<SP ID="P3_SP00283" HPOS="273" VPOS="3652" WIDTH="52"/>
						<String ID="P3_ST00326" HPOS="325" VPOS="3583" WIDTH="116" HEIGHT="47" CONTENT="Zum" WC="0.97" CC="060"/>
						<SP ID="P3_SP00284" HPOS="441" VPOS="3652" WIDTH="47"/>
						<String ID="P3_ST00327" HPOS="488" VPOS="3590" WIDTH="139" HEIGHT="58" CONTENT="guten" WC="0.99" CC="00700"/>
						<SP ID="P3_SP00285" HPOS="627" VPOS="3652" WIDTH="35"/>
						<String ID="P3_ST00328" HPOS="662" VPOS="3579" WIDTH="142" HEIGHT="50" CONTENT="Glück" WC="1.00" CC="01000"/>
						<SP ID="P3_SP00286" HPOS="804" VPOS="3652" WIDTH="48"/>
						<String ID="P3_ST00329" HPOS="852" VPOS="3581" WIDTH="184" HEIGHT="48" CONTENT="werden" WC="0.98" CC="900016"/>
						<SP ID="P3_SP00287" HPOS="1036" VPOS="3652" WIDTH="43"/>
						<String ID="P3_ST00330" HPOS="1079" VPOS="3579" WIDTH="110" HEIGHT="50" CONTENT="aber" WC="0.96" CC="6760"/>
						<SP ID="P3_SP00288" HPOS="1189" VPOS="3652" WIDTH="43"/>
						<String ID="P3_ST00331" HPOS="1232" VPOS="3581" WIDTH="78" HEIGHT="48" CONTENT="der" WC="0.99" CC="001"/>
						<SP ID="P3_SP00289" HPOS="1310" VPOS="3652" WIDTH="31"/>
						<String ID="P3_ST00332" HPOS="1341" VPOS="3578" WIDTH="325" HEIGHT="50" CONTENT="Rädelsführer" WC="0.99" CC="090000086000"/>
					</TextLine>
					<TextLine ID="P3_TL00042" HPOS="112" VPOS="3662" WIDTH="1553" HEIGHT="70">
						<String ID="P3_ST00333" HPOS="112" VPOS="3667" WIDTH="92" HEIGHT="51" CONTENT="und" WC="0.98" CC="320"/>
						<SP ID="P3_SP00290" HPOS="204" VPOS="3718" WIDTH="32"/>
						<String ID="P3_ST00334" HPOS="236" VPOS="3666" WIDTH="93" HEIGHT="49" CONTENT="sein" WC="0.98" CC="0605"/>
						<SP ID="P3_SP00291" HPOS="329" VPOS="3718" WIDTH="32"/>
						<String ID="P3_ST00335" HPOS="361" VPOS="3666" WIDTH="198" HEIGHT="66" CONTENT="Anhang" WC="0.97" CC="257860"/>
						<SP ID="P3_SP00292" HPOS="559" VPOS="3732" WIDTH="30"/>
						<String ID="P3_ST00336" HPOS="589" VPOS="3663" WIDTH="216" HEIGHT="68" CONTENT="gegriffen" WC="0.99" CC="040004447"/>
						<SP ID="P3_SP00293" HPOS="805" VPOS="3732" WIDTH="44"/>
						<String ID="P3_ST00337" HPOS="849" VPOS="3663" WIDTH="91" HEIGHT="49" CONTENT="und" WC="0.97" CC="160"/>
						<SP ID="P3_SP00294" HPOS="940" VPOS="3732" WIDTH="49"/>
						<String ID="P3_ST00338" HPOS="989" VPOS="3681" WIDTH="100" HEIGHT="31" CONTENT="vom" WC="0.98" CC="050"/>
						<SP ID="P3_SP00295" HPOS="1089" VPOS="3732" WIDTH="44"/>
						<String ID="P3_ST00339" HPOS="1133" VPOS="3663" WIDTH="274" HEIGHT="68" CONTENT="Tanzplatze" WC="0.99" CC="0766009072"/>
						<SP ID="P3_SP00296" HPOS="1407" VPOS="3732" WIDTH="44"/>
						<String ID="P3_ST00340" HPOS="1451" VPOS="3662" WIDTH="214" HEIGHT="53" CONTENT="entfernt," WC="0.99" CC="276000090"/>
					</TextLine>
					<TextLine ID="P3_TL00043" HPOS="113" VPOS="3745" WIDTH="1553" HEIGHT="66">
						<String ID="P3_ST00341" HPOS="113" VPOS="3751" WIDTH="79" HEIGHT="49" CONTENT="auf" WC="0.94" CC="096"/>
						<SP ID="P3_SP00297" HPOS="192" VPOS="3800" WIDTH="25"/>
						<String ID="P3_ST00342" HPOS="217" VPOS="3751" WIDTH="100" HEIGHT="49" CONTENT="dem" WC="1.00" CC="000"/>
						<SP ID="P3_SP00298" HPOS="317" VPOS="3800" WIDTH="35"/>
						<String ID="P3_ST00343" HPOS="352" VPOS="3767" WIDTH="90" HEIGHT="32" CONTENT="nun" WC="0.93" CC="774"/>
						<SP ID="P3_SP00299" HPOS="442" VPOS="3800" WIDTH="33"/>
						<String ID="P3_ST00344" HPOS="475" VPOS="3748" WIDTH="112" HEIGHT="50" CONTENT="nach" WC="0.96" CC="4407"/>
						<SP ID="P3_SP00300" HPOS="587" VPOS="3800" WIDTH="34"/>
						<String ID="P3_ST00345" HPOS="621" VPOS="3748" WIDTH="84" HEIGHT="49" CONTENT="wie" WC="0.96" CC="035"/>
						<SP ID="P3_SP00301" HPOS="705" VPOS="3800" WIDTH="30"/>
						<String ID="P3_ST00346" HPOS="735" VPOS="3765" WIDTH="80" HEIGHT="32" CONTENT="vor" WC="0.99" CC="030"/>
						<SP ID="P3_SP00302" HPOS="815" VPOS="3800" WIDTH="29"/>
						<String ID="P3_ST00347" HPOS="844" VPOS="3747" WIDTH="73" HEIGHT="50" CONTENT="die" WC="0.99" CC="001"/>
						<SP ID="P3_SP00303" HPOS="917" VPOS="3800" WIDTH="23"/>
						<String ID="P3_ST00348" HPOS="940" VPOS="3747" WIDTH="114" HEIGHT="48" CONTENT="Lust" WC="0.98" CC="0205"/>
						<SP ID="P3_SP00304" HPOS="1054" VPOS="3800" WIDTH="32"/>
						<String ID="P3_ST00349" HPOS="1086" VPOS="3745" WIDTH="188" HEIGHT="66" CONTENT="beginnt" WC="0.97" CC="7490536"/>
						<SP ID="P3_SP00305" HPOS="1274" VPOS="3811" WIDTH="30"/>
						<String ID="P3_ST00350" HPOS="1304" VPOS="3746" WIDTH="90" HEIGHT="49" CONTENT="und" WC="0.97" CC="060"/>
						<SP ID="P3_SP00306" HPOS="1394" VPOS="3811" WIDTH="32"/>
						<String ID="P3_ST00351" HPOS="1426" VPOS="3746" WIDTH="66" HEIGHT="48" CONTENT="ihr" WC="0.96" CC="460"/>
						<SP ID="P3_SP00307" HPOS="1492" VPOS="3811" WIDTH="27"/>
						<String ID="P3_ST00352" HPOS="1519" VPOS="3745" WIDTH="147" HEIGHT="49" CONTENT="Recht" WC="0.99" CC="00044"/>
					</TextLine>
					<TextLine ID="P3_TL00044" HPOS="112" VPOS="3827" WIDTH="1553" HEIGHT="74">
						<String ID="P3_ST00353" HPOS="112" VPOS="3833" WIDTH="264" HEIGHT="68" CONTENT="behauptet," WC="0.98" CC="7065607073"/>
						<SP ID="P3_SP00308" HPOS="376" VPOS="3901" WIDTH="30"/>
						<String ID="P3_ST00354" HPOS="406" VPOS="3832" WIDTH="64" HEIGHT="50" CONTENT="als" WC="0.95" CC="407"/>
						<SP ID="P3_SP00309" HPOS="470" VPOS="3901" WIDTH="33"/>
						<String ID="P3_ST00355" HPOS="503" VPOS="3831" WIDTH="59" HEIGHT="49" CONTENT="sei" WC="1.00" CC="000"/>
						<SP ID="P3_SP00310" HPOS="562" VPOS="3901" WIDTH="33"/>
						<String ID="P3_ST00356" HPOS="595" VPOS="3831" WIDTH="158" HEIGHT="49" CONTENT="weiter" WC="1.00" CC="000050"/>
						<SP ID="P3_SP00311" HPOS="753" VPOS="3901" WIDTH="30"/>
						<String ID="P3_ST00357" HPOS="783" VPOS="3847" WIDTH="80" HEIGHT="50" CONTENT="gar" WC="1.00" CC="000"/>
						<SP ID="P3_SP00312" HPOS="863" VPOS="3901" WIDTH="26"/>
						<String ID="P3_ST00358" HPOS="889" VPOS="3830" WIDTH="145" HEIGHT="49" CONTENT="nichts" WC="0.98" CC="700704"/>
						<SP ID="P3_SP00313" HPOS="1034" VPOS="3901" WIDTH="30"/>
						<String ID="P3_ST00359" HPOS="1064" VPOS="3828" WIDTH="290" HEIGHT="66" CONTENT="vorgefallen." WC="0.99" CC="030600900070"/>
						<SP ID="P3_SP00314" HPOS="1354" VPOS="3901" WIDTH="144"/>
						<String ID="P3_ST00360" HPOS="1498" VPOS="3830" WIDTH="79" HEIGHT="48" CONTENT="Nr." WC="1.00" CC="000"/>
						<SP ID="P3_SP00315" HPOS="1577" VPOS="3901" WIDTH="38"/>
						<String ID="P3_ST00361" HPOS="1615" VPOS="3827" WIDTH="50" HEIGHT="59" CONTENT="6," WC="0.66" CC="60"/>
					</TextLine>
					<TextLine ID="P3_TL00045" HPOS="122" VPOS="3913" WIDTH="1542" HEIGHT="63">
						<String ID="P3_ST00362" HPOS="122" VPOS="3919" WIDTH="259" HEIGHT="57" CONTENT="„Abschied" WC="0.98" CC="667007239"/>
						<SP ID="P3_SP00316" HPOS="381" VPOS="3976" WIDTH="44"/>
						<String ID="P3_ST00363" HPOS="425" VPOS="3934" WIDTH="101" HEIGHT="32" CONTENT="vom" WC="0.94" CC="069"/>
						<SP ID="P3_SP00317" HPOS="526" VPOS="3976" WIDTH="40"/>
						<String ID="P3_ST00364" HPOS="566" VPOS="3915" WIDTH="214" HEIGHT="56" CONTENT='Lande",' WC="0.99" CC="0210062"/>
						<SP ID="P3_SP00318" HPOS="780" VPOS="3976" WIDTH="59"/>
						<String ID="P3_ST00365" HPOS="839" VPOS="3916" WIDTH="211" HEIGHT="48" CONTENT="Andante" WC="0.99" CC="4003014" STYLEREFS="TXT_1"/>
						<SP ID="P3_SP00319" HPOS="1050" VPOS="3976" WIDTH="37"/>
						<String ID="P3_ST00366" HPOS="1087" VPOS="3924" WIDTH="236" HEIGHT="47" CONTENT="sostenuto," WC="0.90" CC="0101000220" STYLEREFS="TXT_1"/>
						<SP ID="P3_SP00320" HPOS="1323" VPOS="3976" WIDTH="43"/>
						<String ID="P3_ST00367" HPOS="1366" VPOS="3913" WIDTH="167" HEIGHT="58" CONTENT="F-dur," WC="0.79" CC="000632" STYLEREFS="TXT_1"/>
						<SP ID="P3_SP00321" HPOS="1533" VPOS="3976" WIDTH="49"/>
						<String ID="P3_ST00368" HPOS="1582" VPOS="3931" WIDTH="82" HEIGHT="40" CONTENT="74." WC="0.30" CC="884" STYLEREFS="TXT_2"/>
					</TextLine>
					<TextLine ID="P3_TL00046" HPOS="113" VPOS="3995" WIDTH="1553" HEIGHT="59">
						<String ID="P3_ST00369" HPOS="113" VPOS="4000" WIDTH="199" HEIGHT="51" CONTENT="Obwohl" WC="0.99" CC="610420"/>
						<SP ID="P3_SP00322" HPOS="312" VPOS="4051" WIDTH="33"/>
						<String ID="P3_ST00370" HPOS="345" VPOS="4002" WIDTH="144" HEIGHT="49" CONTENT="dieses" WC="0.98" CC="066040"/>
						<SP ID="P3_SP00323" HPOS="489" VPOS="4051" WIDTH="33"/>
						<String ID="P3_ST00371" HPOS="522" VPOS="4000" WIDTH="68" HEIGHT="48" CONTENT="die" WC="0.97" CC="070"/>
						<SP ID="P3_SP00324" HPOS="590" VPOS="4051" WIDTH="32"/>
						<String ID="P3_ST00372" HPOS="622" VPOS="3999" WIDTH="283" HEIGHT="49" CONTENT="schwächste" WC="0.99" CC="1070804550"/>
						<SP ID="P3_SP00325" HPOS="905" VPOS="4051" WIDTH="31"/>
						<String ID="P3_ST00373" HPOS="936" VPOS="3999" WIDTH="234" HEIGHT="55" CONTENT="Nummer," WC="0.98" CC="5606404"/>
						<SP ID="P3_SP00326" HPOS="1170" VPOS="4054" WIDTH="49"/>
						<String ID="P3_ST00374" HPOS="1219" VPOS="4014" WIDTH="50" HEIGHT="30" CONTENT="so" WC="0.57" CC="43"/>
						<SP ID="P3_SP00327" HPOS="1269" VPOS="4054" WIDTH="43"/>
						<String ID="P3_ST00375" HPOS="1312" VPOS="3996" WIDTH="99" HEIGHT="47" CONTENT="tritt" WC="0.98" CC="04076"/>
						<SP ID="P3_SP00328" HPOS="1411" VPOS="4054" WIDTH="42"/>
						<String ID="P3_ST00376" HPOS="1453" VPOS="3995" WIDTH="114" HEIGHT="49" CONTENT="doch" WC="1.00" CC="0000"/>
						<SP ID="P3_SP00329" HPOS="1567" VPOS="4054" WIDTH="36"/>
						<String ID="P3_ST00377" HPOS="1603" VPOS="3996" WIDTH="63" HEIGHT="48" CONTENT="oft" WC="0.95" CC="166"/>
					</TextLine>
					<TextLine ID="P3_TL00047" HPOS="112" VPOS="4077" WIDTH="1552" HEIGHT="57">
						<String ID="P3_ST00378" HPOS="112" VPOS="4084" WIDTH="68" HEIGHT="49" CONTENT="ein" WC="0.98" CC="004"/>
						<SP ID="P3_SP00330" HPOS="180" VPOS="4133" WIDTH="32"/>
						<String ID="P3_ST00379" HPOS="212" VPOS="4085" WIDTH="246" HEIGHT="49" CONTENT="Ausdruck" WC="0.99" CC="50004509"/>
						<SP ID="P3_SP00331" HPOS="458" VPOS="4134" WIDTH="41"/>
						<String ID="P3_ST00380" HPOS="499" VPOS="4084" WIDTH="80" HEIGHT="49" CONTENT="der" WC="0.98" CC="004"/>
						<SP ID="P3_SP00332" HPOS="579" VPOS="4134" WIDTH="36"/>
						<String ID="P3_ST00381" HPOS="615" VPOS="4081" WIDTH="256" HEIGHT="53" CONTENT="Wehmuth" WC="0.53" CC="8140367"/>
						<SP ID="P3_SP00333" HPOS="871" VPOS="4134" WIDTH="42"/>
						<String ID="P3_ST00382" HPOS="913" VPOS="4079" WIDTH="348" HEIGHT="52" CONTENT="unverkennbar" WC="0.99" CC="460078083066"/>
						<SP ID="P3_SP00334" HPOS="1261" VPOS="4134" WIDTH="30"/>
						<String ID="P3_ST00383" HPOS="1291" VPOS="4079" WIDTH="179" HEIGHT="55" CONTENT="hervor," WC="0.98" CC="7060433"/>
						<SP ID="P3_SP00335" HPOS="1470" VPOS="4134" WIDTH="45"/>
						<String ID="P3_ST00384" HPOS="1515" VPOS="4077" WIDTH="125" HEIGHT="51" CONTENT="insbe" SUBS_TYPE="HypPart1" SUBS_CONTENT="insbesondere" WC="0.98" CC="08260"/>
						<HYP HPOS="1640" VPOS="4077" WIDTH="24" CONTENT="-"/>
					</TextLine>
					<TextLine ID="P3_TL00048" HPOS="113" VPOS="4162" WIDTH="1552" HEIGHT="70">
						<String ID="P3_ST00385" HPOS="113" VPOS="4166" WIDTH="193" HEIGHT="52" CONTENT="sondere" SUBS_TYPE="HypPart2" SUBS_CONTENT="insbesondere" WC="0.99" CC="6520050"/>
						<SP ID="P3_SP00336" HPOS="306" VPOS="4218" WIDTH="42"/>
						<String ID="P3_ST00386" HPOS="348" VPOS="4169" WIDTH="40" HEIGHT="49" CONTENT="in" WC="0.65" CC="06"/>
						<SP ID="P3_SP00337" HPOS="388" VPOS="4218" WIDTH="33"/>
						<String ID="P3_ST00387" HPOS="421" VPOS="4169" WIDTH="86" HEIGHT="48" CONTENT="den" WC="0.97" CC="062"/>
						<SP ID="P3_SP00338" HPOS="507" VPOS="4218" WIDTH="33"/>
						<String ID="P3_ST00388" HPOS="540" VPOS="4166" WIDTH="158" HEIGHT="51" CONTENT="beiden" WC="0.99" CC="530005"/>
						<SP ID="P3_SP00339" HPOS="698" VPOS="4218" WIDTH="32"/>
						<String ID="P3_ST00389" HPOS="730" VPOS="4165" WIDTH="367" HEIGHT="67" CONTENT="Orgelpunkten." WC="0.99" CC="7594490446005"/>
						<SP ID="P3_SP00340" HPOS="1097" VPOS="4232" WIDTH="144"/>
						<String ID="P3_ST00390" HPOS="1241" VPOS="4162" WIDTH="82" HEIGHT="50" CONTENT="Die" WC="0.98" CC="004"/>
						<SP ID="P3_SP00341" HPOS="1323" VPOS="4232" WIDTH="33"/>
						<String ID="P3_ST00391" HPOS="1356" VPOS="4164" WIDTH="309" HEIGHT="64" CONTENT="Ausstattung" WC="0.99" CC="47305475750"/>
					</TextLine>
				</TextBlock>
				<TextBlock ID="P3_TB00003" HPOS="1750" VPOS="301" WIDTH="1568" HEIGHT="911" STYLEREFS="TXT_3 PAR_LEFT">
					<TextLine ID="P3_TL00049" HPOS="1757" VPOS="304" WIDTH="1561" HEIGHT="63">
						<String ID="P3_ST00392" HPOS="1757" VPOS="309" WIDTH="58" HEIGHT="49" CONTENT="ist" WC="0.97" CC="322"/>
						<SP ID="P3_SP00342" HPOS="1815" VPOS="358" WIDTH="30"/>
						<String ID="P3_ST00393" HPOS="1845" VPOS="306" WIDTH="156" HEIGHT="61" CONTENT="schön," WC="0.98" CC="607022"/>
						<SP ID="P3_SP00343" HPOS="2001" VPOS="367" WIDTH="33"/>
						<String ID="P3_ST00394" HPOS="2034" VPOS="306" WIDTH="93" HEIGHT="51" CONTENT="und" WC="0.95" CC="660"/>
						<SP ID="P3_SP00344" HPOS="2127" VPOS="367" WIDTH="32"/>
						<String ID="P3_ST00395" HPOS="2159" VPOS="306" WIDTH="253" HEIGHT="52" CONTENT="besonders" WC="1.00" CC="150000050"/>
						<SP ID="P3_SP00345" HPOS="2412" VPOS="367" WIDTH="31"/>
						<String ID="P3_ST00396" HPOS="2443" VPOS="306" WIDTH="179" HEIGHT="52" CONTENT="dürften" WC="0.99" CC="0006607"/>
						<SP ID="P3_SP00346" HPOS="2622" VPOS="367" WIDTH="33"/>
						<String ID="P3_ST00397" HPOS="2655" VPOS="308" WIDTH="70" HEIGHT="49" CONTENT="die" WC="0.96" CC="071"/>
						<SP ID="P3_SP00347" HPOS="2725" VPOS="367" WIDTH="31"/>
						<String ID="P3_ST00398" HPOS="2756" VPOS="305" WIDTH="131" HEIGHT="52" CONTENT="sechs" WC="0.98" CC="00470"/>
						<SP ID="P3_SP00348" HPOS="2887" VPOS="367" WIDTH="30"/>
						<String ID="P3_ST00399" HPOS="2917" VPOS="304" WIDTH="250" HEIGHT="53" CONTENT="niedlichen" WC="0.99" CC="6300167650"/>
						<SP ID="P3_SP00349" HPOS="3167" VPOS="367" WIDTH="34"/>
						<String ID="P3_ST00400" HPOS="3201" VPOS="305" WIDTH="94" HEIGHT="51" CONTENT="Bild" SUBS_TYPE="HypPart1" SUBS_CONTENT="Bildchen" WC="0.97" CC="7770"/>
						<HYP HPOS="3295" VPOS="305" WIDTH="23" CONTENT="-"/>
					</TextLine>
					<TextLine ID="P3_TL00050" HPOS="1756" VPOS="390" WIDTH="986" HEIGHT="53">
						<String ID="P3_ST00401" HPOS="1756" VPOS="394" WIDTH="113" HEIGHT="49" CONTENT="chen" SUBS_TYPE="HypPart2" SUBS_CONTENT="Bildchen" WC="0.97" CC="5701"/>
						<SP ID="P3_SP00350" HPOS="1869" VPOS="443" WIDTH="33"/>
						<String ID="P3_ST00402" HPOS="1902" VPOS="393" WIDTH="80" HEIGHT="48" CONTENT="auf" WC="0.96" CC="360"/>
						<SP ID="P3_SP00351" HPOS="1982" VPOS="443" WIDTH="24"/>
						<String ID="P3_ST00403" HPOS="2006" VPOS="393" WIDTH="103" HEIGHT="48" CONTENT="dem" WC="1.00" CC="000"/>
						<SP ID="P3_SP00352" HPOS="2109" VPOS="443" WIDTH="35"/>
						<String ID="P3_ST00404" HPOS="2144" VPOS="390" WIDTH="261" HEIGHT="51" CONTENT="Titelblatte" WC="0.99" CC="40743450440"/>
						<SP ID="P3_SP00353" HPOS="2405" VPOS="443" WIDTH="31"/>
						<String ID="P3_ST00405" HPOS="2436" VPOS="393" WIDTH="306" HEIGHT="48" CONTENT="interessiren." WC="0.52" CC="2450944870750"/>
					</TextLine>
					<TextLine ID="P3_TL00051" HPOS="1879" VPOS="473" WIDTH="1439" HEIGHT="69">
						<String ID="P3_ST00406" HPOS="1879" VPOS="476" WIDTH="139" HEIGHT="66" CONTENT="Möge" WC="1.00" CC="0000"/>
						<SP ID="P3_SP00354" HPOS="2018" VPOS="542" WIDTH="30"/>
						<String ID="P3_ST00407" HPOS="2048" VPOS="476" WIDTH="151" HEIGHT="49" CONTENT="indess" WC="0.63" CC="050096"/>
						<SP ID="P3_SP00355" HPOS="2199" VPOS="542" WIDTH="33"/>
						<String ID="P3_ST00408" HPOS="2232" VPOS="475" WIDTH="82" HEIGHT="50" CONTENT="der" WC="0.99" CC="003"/>
						<SP ID="P3_SP00356" HPOS="2314" VPOS="542" WIDTH="25"/>
						<String ID="P3_ST00409" HPOS="2339" VPOS="475" WIDTH="269" HEIGHT="67" CONTENT="Componist" WC="0.68" CC="767030002"/>
						<SP ID="P3_SP00357" HPOS="2608" VPOS="542" WIDTH="25"/>
						<String ID="P3_ST00410" HPOS="2633" VPOS="475" WIDTH="55" HEIGHT="50" CONTENT="im" WC="0.56" CC="08"/>
						<SP ID="P3_SP00358" HPOS="2688" VPOS="542" WIDTH="27"/>
						<String ID="P3_ST00411" HPOS="2715" VPOS="474" WIDTH="272" HEIGHT="51" CONTENT="Gebrauche" WC="0.99" CC="067140070"/>
						<SP ID="P3_SP00359" HPOS="2987" VPOS="542" WIDTH="28"/>
						<String ID="P3_ST00412" HPOS="3015" VPOS="473" WIDTH="126" HEIGHT="49" CONTENT="einer" WC="0.97" CC="03690"/>
						<SP ID="P3_SP00360" HPOS="3141" VPOS="542" WIDTH="31"/>
						<String ID="P3_ST00413" HPOS="3172" VPOS="473" WIDTH="146" HEIGHT="49" CONTENT="seiner" WC="0.98" CC="304650"/>
					</TextLine>
					<TextLine ID="P3_TL00052" HPOS="1754" VPOS="558" WIDTH="1563" HEIGHT="68">
						<String ID="P3_ST00414" HPOS="1754" VPOS="560" WIDTH="583" HEIGHT="66" CONTENT="Lieblings-Harmonieen," WC="0.67" CC="000400500456402778261"/>
						<SP ID="P3_SP00361" HPOS="2337" VPOS="626" WIDTH="34"/>
						<String ID="P3_ST00415" HPOS="2371" VPOS="559" WIDTH="101" HEIGHT="50" CONTENT="dem" WC="0.95" CC="606"/>
						<SP ID="P3_SP00362" HPOS="2472" VPOS="626" WIDTH="35"/>
						<String ID="P3_ST00416" HPOS="2507" VPOS="558" WIDTH="341" HEIGHT="67" CONTENT="übermässigen" WC="1.00" CC="030000200060"/>
						<SP ID="P3_SP00363" HPOS="2848" VPOS="626" WIDTH="33"/>
						<String ID="P3_ST00417" HPOS="2881" VPOS="558" WIDTH="338" HEIGHT="68" CONTENT="Sept-Accord," WC="0.69" CC="238304500503"/>
						<SP ID="P3_SP00364" HPOS="3219" VPOS="626" WIDTH="33"/>
						<String ID="P3_ST00418" HPOS="3252" VPOS="565" WIDTH="44" HEIGHT="41" CONTENT="et" SUBS_TYPE="HypPart1" SUBS_CONTENT="etwas" WC="0.96" CC="07"/>
						<HYP HPOS="3296" VPOS="565" WIDTH="21" CONTENT="-"/>
					</TextLine>
					<TextLine ID="P3_TL00053" HPOS="1755" VPOS="642" WIDTH="1563" HEIGHT="68">
						<String ID="P3_ST00419" HPOS="1755" VPOS="663" WIDTH="95" HEIGHT="32" CONTENT="was" SUBS_TYPE="HypPart2" SUBS_CONTENT="etwas" WC="0.98" CC="050"/>
						<SP ID="P3_SP00365" HPOS="1850" VPOS="695" WIDTH="32"/>
						<String ID="P3_ST00420" HPOS="1882" VPOS="644" WIDTH="297" HEIGHT="66" CONTENT="vorsichtiger" WC="0.99" CC="200600775000"/>
						<SP ID="P3_SP00366" HPOS="2179" VPOS="710" WIDTH="32"/>
						<String ID="P3_ST00421" HPOS="2211" VPOS="663" WIDTH="53" HEIGHT="31" CONTENT="zu" WC="0.61" CC="61"/>
						<SP ID="P3_SP00367" HPOS="2264" VPOS="710" WIDTH="36"/>
						<String ID="P3_ST00422" HPOS="2300" VPOS="643" WIDTH="179" HEIGHT="51" CONTENT="Werke" WC="0.99" CC="30001"/>
						<SP ID="P3_SP00368" HPOS="2479" VPOS="710" WIDTH="32"/>
						<String ID="P3_ST00423" HPOS="2511" VPOS="643" WIDTH="144" HEIGHT="66" CONTENT="gehen" WC="0.97" CC="05707"/>
						<SP ID="P3_SP00369" HPOS="2655" VPOS="710" WIDTH="45"/>
						<String ID="P3_ST00424" HPOS="2700" VPOS="645" WIDTH="90" HEIGHT="47" CONTENT="und" WC="0.94" CC="760"/>
						<SP ID="P3_SP00370" HPOS="2790" VPOS="710" WIDTH="46"/>
						<String ID="P3_ST00425" HPOS="2836" VPOS="644" WIDTH="68" HEIGHT="48" CONTENT="die" WC="0.96" CC="026"/>
						<SP ID="P3_SP00371" HPOS="2904" VPOS="710" WIDTH="32"/>
						<String ID="P3_ST00426" HPOS="2936" VPOS="644" WIDTH="142" HEIGHT="50" CONTENT="bösen" WC="0.98" CC="70006"/>
						<SP ID="P3_SP00372" HPOS="3078" VPOS="710" WIDTH="35"/>
						<String ID="P3_ST00427" HPOS="3113" VPOS="642" WIDTH="205" HEIGHT="60" CONTENT="Quinten" WC="0.98" CC="6200507"/>
					</TextLine>
					<TextLine ID="P3_TL00054" HPOS="1754" VPOS="725" WIDTH="1558" HEIGHT="69">
						<String ID="P3_ST00428" HPOS="1754" VPOS="729" WIDTH="175" HEIGHT="65" CONTENT="künftig" WC="0.98" CC="0000779"/>
						<SP ID="P3_SP00373" HPOS="1929" VPOS="794" WIDTH="32"/>
						<String ID="P3_ST00429" HPOS="1961" VPOS="728" WIDTH="271" HEIGHT="56" CONTENT="vermeiden," WC="0.99" CC="9051010560"/>
						<SP ID="P3_SP00374" HPOS="2232" VPOS="794" WIDTH="45"/>
						<String ID="P3_ST00430" HPOS="2277" VPOS="727" WIDTH="75" HEIGHT="50" CONTENT="die" WC="0.94" CC="940"/>
						<SP ID="P3_SP00375" HPOS="2352" VPOS="794" WIDTH="30"/>
						<String ID="P3_ST00431" HPOS="2382" VPOS="743" WIDTH="125" HEIGHT="33" CONTENT="zwar" WC="0.97" CC="5014"/>
						<SP ID="P3_SP00376" HPOS="2507" VPOS="794" WIDTH="30"/>
						<String ID="P3_ST00432" HPOS="2537" VPOS="727" WIDTH="141" HEIGHT="49" CONTENT="vielen" WC="0.99" CC="000303"/>
						<SP ID="P3_SP00377" HPOS="2678" VPOS="794" WIDTH="32"/>
						<String ID="P3_ST00433" HPOS="2710" VPOS="725" WIDTH="469" HEIGHT="52" CONTENT="Dilettanten-Ohren" WC="0.99" CC="07770875200072575"/>
						<SP ID="P3_SP00378" HPOS="3179" VPOS="794" WIDTH="33"/>
						<String ID="P3_ST00434" HPOS="3212" VPOS="734" WIDTH="75" HEIGHT="42" CONTENT="ent" SUBS_TYPE="HypPart1" SUBS_CONTENT="entschlüpfen," WC="0.96" CC="574"/>
						<HYP HPOS="3287" VPOS="734" WIDTH="25" CONTENT="-"/>
					</TextLine>
					<TextLine ID="P3_TL00055" HPOS="1754" VPOS="809" WIDTH="1561" HEIGHT="70">
						<String ID="P3_ST00435" HPOS="1754" VPOS="812" WIDTH="250" HEIGHT="67" CONTENT="schlüpfen," SUBS_TYPE="HypPart2" SUBS_CONTENT="entschlüpfen," WC="0.99" CC="0064800080"/>
						<SP ID="P3_SP00379" HPOS="2004" VPOS="879" WIDTH="41"/>
						<String ID="P3_ST00436" HPOS="2045" VPOS="812" WIDTH="69" HEIGHT="49" CONTENT="die" WC="0.98" CC="060"/>
						<SP ID="P3_SP00380" HPOS="2114" VPOS="879" WIDTH="31"/>
						<String ID="P3_ST00437" HPOS="2145" VPOS="812" WIDTH="108" HEIGHT="49" CONTENT="aber" WC="0.96" CC="4722"/>
						<SP ID="P3_SP00381" HPOS="2253" VPOS="879" WIDTH="32"/>
						<String ID="P3_ST00438" HPOS="2285" VPOS="813" WIDTH="91" HEIGHT="47" CONTENT="ein-" WC="0.95" CC="5584"/>
						<SP ID="P3_SP00382" HPOS="2376" VPOS="879" WIDTH="34"/>
						<String ID="P3_ST00439" HPOS="2410" VPOS="812" WIDTH="69" HEIGHT="48" CONTENT="für" WC="0.94" CC="770"/>
						<SP ID="P3_SP00383" HPOS="2479" VPOS="879" WIDTH="32"/>
						<String ID="P3_ST00440" HPOS="2511" VPOS="810" WIDTH="175" HEIGHT="49" CONTENT="allemal" WC="0.98" CC="6366044"/>
						<SP ID="P3_SP00384" HPOS="2686" VPOS="879" WIDTH="33"/>
						<String ID="P3_ST00441" HPOS="2719" VPOS="809" WIDTH="213" HEIGHT="51" CONTENT="Schwarz" WC="0.98" CC="0079436"/>
						<SP ID="P3_SP00385" HPOS="2932" VPOS="879" WIDTH="33"/>
						<String ID="P3_ST00442" HPOS="2965" VPOS="810" WIDTH="79" HEIGHT="50" CONTENT="auf" WC="0.96" CC="460"/>
						<SP ID="P3_SP00386" HPOS="3044" VPOS="879" WIDTH="30"/>
						<String ID="P3_ST00443" HPOS="3074" VPOS="810" WIDTH="153" HEIGHT="51" CONTENT="Weiss" WC="0.98" CC="67000"/>
						<SP ID="P3_SP00387" HPOS="3227" VPOS="879" WIDTH="33"/>
						<String ID="P3_ST00444" HPOS="3260" VPOS="810" WIDTH="55" HEIGHT="50" CONTENT="da" WC="0.74" CC="05"/>
					</TextLine>
					<TextLine ID="P3_TL00056" HPOS="1752" VPOS="893" WIDTH="1563" HEIGHT="69">
						<String ID="P3_ST00445" HPOS="1752" VPOS="897" WIDTH="158" HEIGHT="48" CONTENT="stehen" WC="0.99" CC="000703"/>
						<SP ID="P3_SP00388" HPOS="1910" VPOS="945" WIDTH="34"/>
						<String ID="P3_ST00446" HPOS="1944" VPOS="896" WIDTH="90" HEIGHT="49" CONTENT="und" WC="0.96" CC="350"/>
						<SP ID="P3_SP00389" HPOS="2034" VPOS="945" WIDTH="33"/>
						<String ID="P3_ST00447" HPOS="2067" VPOS="896" WIDTH="122" HEIGHT="49" CONTENT="nicht" WC="0.97" CC="63063"/>
						<SP ID="P3_SP00390" HPOS="2189" VPOS="945" WIDTH="33"/>
						<String ID="P3_ST00448" HPOS="2222" VPOS="897" WIDTH="182" HEIGHT="63" CONTENT="hinweg" WC="0.98" CC="704029"/>
						<SP ID="P3_SP00391" HPOS="2404" VPOS="960" WIDTH="19"/>
						<String ID="P3_ST00449" HPOS="2423" VPOS="894" WIDTH="212" HEIGHT="68" CONTENT="disputirt" WC="0.70" CC="082064005"/>
						<SP ID="P3_SP00392" HPOS="2635" VPOS="962" WIDTH="28"/>
						<String ID="P3_ST00450" HPOS="2663" VPOS="893" WIDTH="183" HEIGHT="50" CONTENT="werden" WC="0.99" CC="000036"/>
						<SP ID="P3_SP00393" HPOS="2846" VPOS="962" WIDTH="29"/>
						<String ID="P3_ST00451" HPOS="2875" VPOS="893" WIDTH="193" HEIGHT="50" CONTENT="können." WC="0.98" CC="0077470"/>
						<SP ID="P3_SP00394" HPOS="3068" VPOS="962" WIDTH="31"/>
						<String ID="P3_ST00452" HPOS="3099" VPOS="894" WIDTH="186" HEIGHT="49" CONTENT="Nament" SUBS_TYPE="HypPart1" SUBS_CONTENT="Namentlich" WC="0.99" CC="600007"/>
						<HYP HPOS="3285" VPOS="894" WIDTH="30" CONTENT="-"/>
					</TextLine>
					<TextLine ID="P3_TL00057" HPOS="1754" VPOS="977" WIDTH="1562" HEIGHT="70">
						<String ID="P3_ST00453" HPOS="1754" VPOS="981" WIDTH="80" HEIGHT="49" CONTENT="lich" SUBS_TYPE="HypPart2" SUBS_CONTENT="Namentlich" WC="0.98" CC="1007"/>
						<SP ID="P3_SP00395" HPOS="1834" VPOS="1030" WIDTH="35"/>
						<String ID="P3_ST00454" HPOS="1869" VPOS="978" WIDTH="97" HEIGHT="69" CONTENT="gibt" WC="0.96" CC="9170"/>
						<SP ID="P3_SP00396" HPOS="1966" VPOS="1047" WIDTH="30"/>
						<String ID="P3_ST00455" HPOS="1996" VPOS="981" WIDTH="46" HEIGHT="48" CONTENT="S." WC="0.70" CC="50"/>
						<SP ID="P3_SP00397" HPOS="2042" VPOS="1047" WIDTH="39"/>
						<String ID="P3_ST00456" HPOS="2081" VPOS="978" WIDTH="68" HEIGHT="51" CONTENT="18" WC="0.68" CC="14"/>
						<SP ID="P3_SP00398" HPOS="2149" VPOS="1047" WIDTH="48"/>
						<String ID="P3_ST00457" HPOS="2197" VPOS="979" WIDTH="68" HEIGHT="50" CONTENT="die" WC="0.98" CC="050"/>
						<SP ID="P3_SP00399" HPOS="2265" VPOS="1047" WIDTH="45"/>
						<String ID="P3_ST00458" HPOS="2310" VPOS="986" WIDTH="206" HEIGHT="43" CONTENT="unterste" WC="0.98" CC="53470573"/>
						<SP ID="P3_SP00400" HPOS="2516" VPOS="1047" WIDTH="31"/>
						<String ID="P3_ST00459" HPOS="2547" VPOS="978" WIDTH="122" HEIGHT="50" CONTENT="Zeile" WC="0.99" CC="00370"/>
						<SP ID="P3_SP00401" HPOS="2669" VPOS="1047" WIDTH="41"/>
						<String ID="P3_ST00460" HPOS="2710" VPOS="977" WIDTH="123" HEIGHT="51" CONTENT="nicht" WC="0.97" CC="70344"/>
						<SP ID="P3_SP00402" HPOS="2833" VPOS="1047" WIDTH="43"/>
						<String ID="P3_ST00461" HPOS="2876" VPOS="977" WIDTH="202" HEIGHT="66" CONTENT="weniger" WC="0.99" CC="0080012"/>
						<SP ID="P3_SP00403" HPOS="3078" VPOS="1047" WIDTH="41"/>
						<String ID="P3_ST00462" HPOS="3119" VPOS="977" WIDTH="62" HEIGHT="49" CONTENT="als" WC="0.94" CC="429"/>
						<SP ID="P3_SP00404" HPOS="3181" VPOS="1047" WIDTH="46"/>
						<String ID="P3_ST00463" HPOS="3227" VPOS="978" WIDTH="89" HEIGHT="48" CONTENT="vier" WC="0.99" CC="0600"/>
					</TextLine>
					<TextLine ID="P3_TL00058" HPOS="1751" VPOS="1061" WIDTH="1564" HEIGHT="68">
						<String ID="P3_ST00464" HPOS="1751" VPOS="1064" WIDTH="229" HEIGHT="65" CONTENT="derartige" WC="0.99" CC="070604606"/>
						<SP ID="P3_SP00405" HPOS="1980" VPOS="1129" WIDTH="30"/>
						<String ID="P3_ST00465" HPOS="2010" VPOS="1063" WIDTH="125" HEIGHT="50" CONTENT="Fälle" WC="0.98" CC="20562"/>
						<SP ID="P3_SP00406" HPOS="2135" VPOS="1129" WIDTH="31"/>
						<String ID="P3_ST00466" HPOS="2166" VPOS="1082" WIDTH="54" HEIGHT="32" CONTENT="zu" WC="0.34" CC="75"/>
						<SP ID="P3_SP00407" HPOS="2220" VPOS="1129" WIDTH="34"/>
						<String ID="P3_ST00467" HPOS="2254" VPOS="1063" WIDTH="253" HEIGHT="56" CONTENT="bedenken," WC="0.99" CC="529030600"/>
						<SP ID="P3_SP00408" HPOS="2507" VPOS="1129" WIDTH="34"/>
						<String ID="P3_ST00468" HPOS="2541" VPOS="1062" WIDTH="172" HEIGHT="49" CONTENT="welche" WC="0.98" CC="005760"/>
						<SP ID="P3_SP00409" HPOS="2713" VPOS="1129" WIDTH="33"/>
						<String ID="P3_ST00469" HPOS="2746" VPOS="1062" WIDTH="69" HEIGHT="49" CONTENT="die" WC="0.92" CC="967"/>
						<SP ID="P3_SP00410" HPOS="2815" VPOS="1129" WIDTH="33"/>
						<String ID="P3_ST00470" HPOS="2848" VPOS="1061" WIDTH="149" HEIGHT="48" CONTENT="Kritik" WC="0.97" CC="325669"/>
						<SP ID="P3_SP00411" HPOS="2997" VPOS="1129" WIDTH="33"/>
						<String ID="P3_ST00471" HPOS="3030" VPOS="1077" WIDTH="93" HEIGHT="33" CONTENT="nun" WC="0.91" CC="868"/>
						<SP ID="P3_SP00412" HPOS="3123" VPOS="1129" WIDTH="31"/>
						<String ID="P3_ST00472" HPOS="3154" VPOS="1061" WIDTH="161" HEIGHT="49" CONTENT="einmal" WC="0.98" CC="005955"/>
					</TextLine>
					<TextLine ID="P3_TL00059" HPOS="1751" VPOS="1144" WIDTH="1483" HEIGHT="68">
						<String ID="P3_ST00473" HPOS="1751" VPOS="1150" WIDTH="90" HEIGHT="48" CONTENT="und" WC="0.92" CC="579"/>
						<SP ID="P3_SP00413" HPOS="1841" VPOS="1198" WIDTH="35"/>
						<String ID="P3_ST00474" HPOS="1876" VPOS="1155" WIDTH="116" HEIGHT="43" CONTENT="trotz" WC="0.98" CC="32206"/>
						<SP ID="P3_SP00414" HPOS="1992" VPOS="1198" WIDTH="33"/>
						<String ID="P3_ST00475" HPOS="2025" VPOS="1148" WIDTH="117" HEIGHT="49" CONTENT="ihres" WC="0.99" CC="02040"/>
						<SP ID="P3_SP00415" HPOS="2142" VPOS="1198" WIDTH="31"/>
						<String ID="P3_ST00476" HPOS="2173" VPOS="1148" WIDTH="160" HEIGHT="51" CONTENT="besten" WC="0.98" CC="600508"/>
						<SP ID="P3_SP00416" HPOS="2333" VPOS="1199" WIDTH="34"/>
						<String ID="P3_ST00477" HPOS="2367" VPOS="1148" WIDTH="196" HEIGHT="51" CONTENT="Willens" WC="0.98" CC="9074660"/>
						<SP ID="P3_SP00417" HPOS="2563" VPOS="1199" WIDTH="33"/>
						<String ID="P3_ST00478" HPOS="2596" VPOS="1147" WIDTH="122" HEIGHT="50" CONTENT="nicht" WC="0.97" CC="34066"/>
						<SP ID="P3_SP00418" HPOS="2718" VPOS="1199" WIDTH="30"/>
						<String ID="P3_ST00479" HPOS="2748" VPOS="1146" WIDTH="342" HEIGHT="66" CONTENT="verschweigen" WC="0.99" CC="093656006800"/>
						<SP ID="P3_SP00419" HPOS="3090" VPOS="1212" WIDTH="33"/>
						<String ID="P3_ST00480" HPOS="3123" VPOS="1144" WIDTH="111" HEIGHT="50" CONTENT="darf." WC="0.98" CC="06404"/>
					</TextLine>
				</TextBlock>
				<TextBlock ID="P3_TB00004" HPOS="2723" VPOS="1229" WIDTH="463" HEIGHT="54" STYLEREFS="TXT_3 PAR_RIGHT">
					<TextLine ID="P3_TL00060" HPOS="2726" VPOS="1229" WIDTH="460" HEIGHT="52">
						<String ID="P3_ST00481" HPOS="2726" VPOS="1232" WIDTH="51" HEIGHT="49" CONTENT="L." WC="0.67" CC="32"/>
						<SP ID="P3_SP00420" HPOS="2777" VPOS="1281" WIDTH="49"/>
						<String ID="P3_ST00482" HPOS="2826" VPOS="1229" WIDTH="360" HEIGHT="51" CONTENT="Kindscher." WC="0.99" CC="0346107210"/>
					</TextLine>
				</TextBlock>
				<TextBlock ID="P3_TB00005" HPOS="1876" VPOS="1229" WIDTH="195" HEIGHT="54" STYLEREFS="TXT_0 PAR_RIGHT">
					<TextLine ID="P3_TL00061" HPOS="1876" VPOS="1231" WIDTH="193" HEIGHT="52">
						<String ID="P3_ST00483" HPOS="1876" VPOS="1231" WIDTH="193" HEIGHT="52" CONTENT="Cöthen." WC="0.73" CC="6062011"/>
						<SP ID="P3_SP00421" HPOS="2069" VPOS="1283" WIDTH="0"/>
					</TextLine>
				</TextBlock>
				<TextBlock ID="P3_TB00006" HPOS="1748" VPOS="1463" WIDTH="1567" HEIGHT="201" STYLEREFS="TXT_4 PAR_LEFT">
					<TextLine ID="P3_TL00062" HPOS="1749" VPOS="1493" WIDTH="1565" HEIGHT="75">
						<String ID="P3_ST00484" HPOS="1749" VPOS="1497" WIDTH="100" HEIGHT="59" CONTENT="Das" WC="0.96" CC="036"/>
						<SP ID="P3_SP00422" HPOS="1849" VPOS="1556" WIDTH="35"/>
						<String ID="P3_ST00485" HPOS="1884" VPOS="1497" WIDTH="152" HEIGHT="59" CONTENT="dritte" WC="0.99" CC="010005"/>
						<SP ID="P3_SP00423" HPOS="2036" VPOS="1556" WIDTH="36"/>
						<String ID="P3_ST00486" HPOS="2072" VPOS="1495" WIDTH="420" HEIGHT="61" CONTENT="niederländische" WC="0.99" CC="670231507810677"/>
						<SP ID="P3_SP00424" HPOS="2492" VPOS="1556" WIDTH="28"/>
						<String ID="P3_ST00487" HPOS="2520" VPOS="1493" WIDTH="794" HEIGHT="75" CONTENT="National-Männergesang-Fest" WC="0.53" CC="81067805664865902108075142"/>
					</TextLine>
					<TextLine ID="P3_TL00063" HPOS="1884" VPOS="1583" WIDTH="1298" HEIGHT="79">
						<String ID="P3_ST00488" HPOS="1884" VPOS="1585" WIDTH="52" HEIGHT="61" CONTENT="in" WC="0.66" CC="06" STYLEREFS="TXT_5"/>
						<SP ID="P3_SP00425" HPOS="1936" VPOS="1646" WIDTH="38"/>
						<String ID="P3_ST00489" HPOS="1974" VPOS="1586" WIDTH="314" HEIGHT="60" CONTENT="Amsterdam" WC="0.98" CC="407061984"/>
						<SP ID="P3_SP00426" HPOS="2288" VPOS="1646" WIDTH="36"/>
						<String ID="P3_ST00490" HPOS="2324" VPOS="1605" WIDTH="79" HEIGHT="39" CONTENT="am" WC="0.81" CC="03"/>
						<SP ID="P3_SP00427" HPOS="2403" VPOS="1646" WIDTH="38"/>
						<String ID="P3_ST00491" HPOS="2441" VPOS="1585" WIDTH="78" HEIGHT="59" CONTENT="14." WC="0.31" CC="866"/>
						<SP ID="P3_SP00428" HPOS="2519" VPOS="1646" WIDTH="39"/>
						<String ID="P3_ST00492" HPOS="2558" VPOS="1586" WIDTH="98" HEIGHT="58" CONTENT="und" WC="0.93" CC="709"/>
						<SP ID="P3_SP00429" HPOS="2656" VPOS="1646" WIDTH="41"/>
						<String ID="P3_ST00493" HPOS="2697" VPOS="1587" WIDTH="69" HEIGHT="57" CONTENT="15." WC="0.47" CC="870"/>
						<SP ID="P3_SP00430" HPOS="2766" VPOS="1646" WIDTH="41"/>
						<String ID="P3_ST00494" HPOS="2807" VPOS="1586" WIDTH="198" HEIGHT="76" CONTENT="August" WC="0.96" CC="685755"/>
						<SP ID="P3_SP00431" HPOS="3005" VPOS="1662" WIDTH="38"/>
						<String ID="P3_ST00495" HPOS="3043" VPOS="1583" WIDTH="139" HEIGHT="60" CONTENT="1857." WC="0.43" CC="75634"/>
					</TextLine>
				</TextBlock>
				<TextBlock ID="P3_TB00007" HPOS="1736" VPOS="1727" WIDTH="1596" HEIGHT="2482" STYLEREFS="TXT_3 PAR_BLOCK">
					<TextLine ID="P3_TL00064" HPOS="1879" VPOS="1729" WIDTH="1437" HEIGHT="67">
						<String ID="P3_ST00496" HPOS="1879" VPOS="1735" WIDTH="157" HEIGHT="50" CONTENT="Wenn" WC="0.98" CC="0116"/>
						<SP ID="P3_SP00432" HPOS="2036" VPOS="1785" WIDTH="47"/>
						<String ID="P3_ST00497" HPOS="2083" VPOS="1752" WIDTH="101" HEIGHT="31" CONTENT="man" WC="0.97" CC="240"/>
						<SP ID="P3_SP00433" HPOS="2184" VPOS="1785" WIDTH="47"/>
						<String ID="P3_ST00498" HPOS="2231" VPOS="1734" WIDTH="41" HEIGHT="48" CONTENT="in" WC="0.64" CC="07"/>
						<SP ID="P3_SP00434" HPOS="2272" VPOS="1785" WIDTH="44"/>
						<String ID="P3_ST00499" HPOS="2316" VPOS="1731" WIDTH="313" HEIGHT="51" CONTENT="Deutschland" WC="0.99" CC="81571662180"/>
						<SP ID="P3_SP00435" HPOS="2629" VPOS="1785" WIDTH="47"/>
						<String ID="P3_ST00500" HPOS="2676" VPOS="1730" WIDTH="183" HEIGHT="51" CONTENT="vielfach" WC="0.98" CC="53366006"/>
						<SP ID="P3_SP00436" HPOS="2859" VPOS="1785" WIDTH="49"/>
						<String ID="P3_ST00501" HPOS="2908" VPOS="1730" WIDTH="69" HEIGHT="49" CONTENT="die" WC="0.95" CC="625"/>
						<SP ID="P3_SP00437" HPOS="2977" VPOS="1785" WIDTH="34"/>
						<String ID="P3_ST00502" HPOS="3011" VPOS="1729" WIDTH="305" HEIGHT="67" CONTENT="Behauptung" WC="0.99" CC="7075636500"/>
					</TextLine>
					<TextLine ID="P3_TL00065" HPOS="1750" VPOS="1811" WIDTH="1567" HEIGHT="71">
						<String ID="P3_ST00503" HPOS="1750" VPOS="1821" WIDTH="122" HEIGHT="58" CONTENT="hört," WC="0.97" CC="64553"/>
						<SP ID="P3_SP00438" HPOS="1872" VPOS="1879" WIDTH="30"/>
						<String ID="P3_ST00504" HPOS="1902" VPOS="1819" WIDTH="104" HEIGHT="49" CONTENT="dass" WC="0.88" CC="0400"/>
						<SP ID="P3_SP00439" HPOS="2006" VPOS="1879" WIDTH="33"/>
						<String ID="P3_ST00505" HPOS="2039" VPOS="1818" WIDTH="69" HEIGHT="49" CONTENT="die" WC="0.97" CC="052"/>
						<SP ID="P3_SP00440" HPOS="2108" VPOS="1879" WIDTH="24"/>
						<String ID="P3_ST00506" HPOS="2132" VPOS="1818" WIDTH="530" HEIGHT="64" CONTENT="Männergesang-Feste" WC="1.00" CC="475000407653200000"/>
						<SP ID="P3_SP00441" HPOS="2662" VPOS="1882" WIDTH="28"/>
						<String ID="P3_ST00507" HPOS="2690" VPOS="1815" WIDTH="90" HEIGHT="50" CONTENT="sich" WC="0.97" CC="7005"/>
						<SP ID="P3_SP00442" HPOS="2780" VPOS="1882" WIDTH="28"/>
						<String ID="P3_ST00508" HPOS="2808" VPOS="1812" WIDTH="209" HEIGHT="51" CONTENT="überlebt" WC="0.99" CC="07043056"/>
						<SP ID="P3_SP00443" HPOS="3017" VPOS="1882" WIDTH="26"/>
						<String ID="P3_ST00509" HPOS="3043" VPOS="1811" WIDTH="162" HEIGHT="61" CONTENT="haben," WC="0.98" CC="247031"/>
						<SP ID="P3_SP00444" HPOS="3205" VPOS="1882" WIDTH="18"/>
						<String ID="P3_ST00510" HPOS="3223" VPOS="1812" WIDTH="94" HEIGHT="50" CONTENT="und" WC="0.91" CC="778"/>
					</TextLine>
					<TextLine ID="P3_TL00066" HPOS="1751" VPOS="1896" WIDTH="1564" HEIGHT="69">
						<String ID="P3_ST00511" HPOS="1751" VPOS="1904" WIDTH="114" HEIGHT="49" CONTENT="auch" WC="0.98" CC="5201"/>
						<SP ID="P3_SP00445" HPOS="1865" VPOS="1953" WIDTH="46"/>
						<String ID="P3_ST00512" HPOS="1911" VPOS="1903" WIDTH="42" HEIGHT="49" CONTENT="in" WC="1.00" CC="00"/>
						<SP ID="P3_SP00446" HPOS="1953" VPOS="1953" WIDTH="42"/>
						<String ID="P3_ST00513" HPOS="1995" VPOS="1900" WIDTH="198" HEIGHT="51" CONTENT="Holland" WC="0.98" CC="2562500"/>
						<SP ID="P3_SP00447" HPOS="2193" VPOS="1953" WIDTH="47"/>
						<String ID="P3_ST00514" HPOS="2240" VPOS="1901" WIDTH="69" HEIGHT="49" CONTENT="die" WC="0.96" CC="036"/>
						<SP ID="P3_SP00448" HPOS="2309" VPOS="1953" WIDTH="47"/>
						<String ID="P3_ST00515" HPOS="2356" VPOS="1900" WIDTH="160" HEIGHT="50" CONTENT="beiden" WC="0.99" CC="221036"/>
						<SP ID="P3_SP00449" HPOS="2516" VPOS="1953" WIDTH="48"/>
						<String ID="P3_ST00516" HPOS="2564" VPOS="1900" WIDTH="168" HEIGHT="50" CONTENT="letzten" WC="0.98" CC="5006360"/>
						<SP ID="P3_SP00450" HPOS="2732" VPOS="1953" WIDTH="35"/>
						<String ID="P3_ST00517" HPOS="2767" VPOS="1899" WIDTH="302" HEIGHT="66" CONTENT="Gesangfesle" WC="0.67" CC="04064770400"/>
						<SP ID="P3_SP00451" HPOS="3069" VPOS="1965" WIDTH="46"/>
						<String ID="P3_ST00518" HPOS="3115" VPOS="1896" WIDTH="70" HEIGHT="50" CONTENT="die" WC="0.99" CC="300"/>
						<SP ID="P3_SP00452" HPOS="3185" VPOS="1965" WIDTH="42"/>
						<String ID="P3_ST00519" HPOS="3227" VPOS="1896" WIDTH="59" HEIGHT="51" CONTENT="Be" SUBS_TYPE="HypPart1" SUBS_CONTENT="Befürchtung" WC="0.95" CC="37"/>
						<HYP HPOS="3286" VPOS="1896" WIDTH="29" CONTENT="-"/>
					</TextLine>
					<TextLine ID="P3_TL00067" HPOS="1752" VPOS="1979" WIDTH="1564" HEIGHT="73">
						<String ID="P3_ST00520" HPOS="1752" VPOS="1986" WIDTH="247" HEIGHT="66" CONTENT="fürchtung" SUBS_TYPE="HypPart2" SUBS_CONTENT="Befürchtung" WC="0.99" CC="003037660"/>
						<SP ID="P3_SP00453" HPOS="1999" VPOS="2052" WIDTH="43"/>
						<String ID="P3_ST00521" HPOS="2042" VPOS="1985" WIDTH="290" HEIGHT="48" CONTENT="aufkommen" WC="0.98" CC="377610506"/>
						<SP ID="P3_SP00454" HPOS="2332" VPOS="2052" WIDTH="47"/>
						<String ID="P3_ST00522" HPOS="2379" VPOS="1984" WIDTH="177" HEIGHT="57" CONTENT="liessen," WC="0.60" CC="62334063"/>
						<SP ID="P3_SP00455" HPOS="2556" VPOS="2052" WIDTH="47"/>
						<String ID="P3_ST00523" HPOS="2603" VPOS="1984" WIDTH="102" HEIGHT="48" CONTENT="dass" WC="0.67" CC="0525"/>
						<SP ID="P3_SP00456" HPOS="2705" VPOS="2052" WIDTH="41"/>
						<String ID="P3_ST00524" HPOS="2746" VPOS="2000" WIDTH="47" HEIGHT="32" CONTENT="es" WC="0.79" CC="40"/>
						<SP ID="P3_SP00457" HPOS="2793" VPOS="2052" WIDTH="43"/>
						<String ID="P3_ST00525" HPOS="2836" VPOS="1981" WIDTH="71" HEIGHT="50" CONTENT="bei" WC="0.97" CC="700"/>
						<SP ID="P3_SP00458" HPOS="2907" VPOS="2052" WIDTH="44"/>
						<String ID="P3_ST00526" HPOS="2951" VPOS="1998" WIDTH="83" HEIGHT="33" CONTENT="uns" WC="0.95" CC="760"/>
						<SP ID="P3_SP00459" HPOS="3034" VPOS="2052" WIDTH="38"/>
						<String ID="P3_ST00527" HPOS="3072" VPOS="1980" WIDTH="121" HEIGHT="50" CONTENT="stark" WC="0.98" CC="00507"/>
						<SP ID="P3_SP00460" HPOS="3193" VPOS="2052" WIDTH="36"/>
						<String ID="P3_ST00528" HPOS="3229" VPOS="1979" WIDTH="87" HEIGHT="51" CONTENT="den" WC="0.94" CC="807"/>
					</TextLine>
					<TextLine ID="P3_TL00068" HPOS="1754" VPOS="2063" WIDTH="1559" HEIGHT="72">
						<String ID="P3_ST00529" HPOS="1754" VPOS="2069" WIDTH="274" HEIGHT="66" CONTENT="Krebsgang" WC="0.98" CC="650670679"/>
						<SP ID="P3_SP00461" HPOS="2028" VPOS="2135" WIDTH="44"/>
						<String ID="P3_ST00530" HPOS="2072" VPOS="2069" WIDTH="133" HEIGHT="66" CONTENT="gehe," WC="1.00" CC="00300"/>
						<SP ID="P3_SP00462" HPOS="2205" VPOS="2135" WIDTH="44"/>
						<String ID="P3_ST00531" HPOS="2249" VPOS="2068" WIDTH="110" HEIGHT="49" CONTENT="oder" WC="0.97" CC="3902"/>
						<SP ID="P3_SP00463" HPOS="2359" VPOS="2135" WIDTH="46"/>
						<String ID="P3_ST00532" HPOS="2405" VPOS="2068" WIDTH="102" HEIGHT="48" CONTENT="dass" WC="0.66" CC="0606"/>
						<SP ID="P3_SP00464" HPOS="2507" VPOS="2135" WIDTH="48"/>
						<String ID="P3_ST00533" HPOS="2555" VPOS="2066" WIDTH="69" HEIGHT="49" CONTENT="die" WC="1.00" CC="000"/>
						<SP ID="P3_SP00465" HPOS="2624" VPOS="2135" WIDTH="33"/>
						<String ID="P3_ST00534" HPOS="2657" VPOS="2065" WIDTH="252" HEIGHT="51" CONTENT="Holländer" WC="0.99" CC="507160004"/>
						<SP ID="P3_SP00466" HPOS="2909" VPOS="2135" WIDTH="46"/>
						<String ID="P3_ST00535" HPOS="2955" VPOS="2064" WIDTH="118" HEIGHT="49" CONTENT="ohne" WC="0.96" CC="0664"/>
						<SP ID="P3_SP00467" HPOS="3073" VPOS="2135" WIDTH="46"/>
						<String ID="P3_ST00536" HPOS="3119" VPOS="2063" WIDTH="194" HEIGHT="66" CONTENT="kräftige" WC="0.99" CC="05806100"/>
					</TextLine>
					<TextLine ID="P3_TL00069" HPOS="1756" VPOS="2148" WIDTH="1557" HEIGHT="66">
						<String ID="P3_ST00537" HPOS="1756" VPOS="2155" WIDTH="135" HEIGHT="49" CONTENT="Hülfe" WC="0.97" CC="88403"/>
						<SP ID="P3_SP00468" HPOS="1891" VPOS="2204" WIDTH="32"/>
						<String ID="P3_ST00538" HPOS="1923" VPOS="2154" WIDTH="81" HEIGHT="48" CONTENT="der" WC="0.98" CC="050"/>
						<SP ID="P3_SP00469" HPOS="2004" VPOS="2204" WIDTH="30"/>
						<String ID="P3_ST00539" HPOS="2034" VPOS="2153" WIDTH="247" HEIGHT="48" CONTENT="deutschen" WC="0.99" CC="000210608"/>
						<SP ID="P3_SP00470" HPOS="2281" VPOS="2204" WIDTH="20"/>
						<String ID="P3_ST00540" HPOS="2301" VPOS="2150" WIDTH="301" HEIGHT="50" CONTENT="Liedertafeln" WC="0.99" CC="210009509756"/>
						<SP ID="P3_SP00471" HPOS="2602" VPOS="2204" WIDTH="37"/>
						<String ID="P3_ST00541" HPOS="2639" VPOS="2152" WIDTH="99" HEIGHT="50" CONTENT="kein" WC="0.98" CC="0712"/>
						<SP ID="P3_SP00472" HPOS="2738" VPOS="2204" WIDTH="32"/>
						<String ID="P3_ST00542" HPOS="2770" VPOS="2149" WIDTH="304" HEIGHT="50" CONTENT="ordentliches" WC="0.99" CC="028245540700"/>
						<SP ID="P3_SP00473" HPOS="3074" VPOS="2204" WIDTH="32"/>
						<String ID="P3_ST00543" HPOS="3106" VPOS="2148" WIDTH="178" HEIGHT="66" CONTENT="Gesang" SUBS_TYPE="HypPart1" SUBS_CONTENT="Gesangfest" WC="0.98" CC="540509"/>
						<HYP HPOS="3284" VPOS="2148" WIDTH="29" CONTENT="-"/>
					</TextLine>
					<TextLine ID="P3_TL00070" HPOS="1755" VPOS="2230" WIDTH="1558" HEIGHT="63">
						<String ID="P3_ST00544" HPOS="1755" VPOS="2238" WIDTH="86" HEIGHT="49" CONTENT="fest" SUBS_TYPE="HypPart2" SUBS_CONTENT="Gesangfest" WC="0.99" CC="0003"/>
						<SP ID="P3_SP00474" HPOS="1841" VPOS="2287" WIDTH="32"/>
						<String ID="P3_ST00545" HPOS="1873" VPOS="2235" WIDTH="302" HEIGHT="51" CONTENT="herzustellen" WC="0.99" CC="010600600607"/>
						<SP ID="P3_SP00475" HPOS="2175" VPOS="2287" WIDTH="33"/>
						<String ID="P3_ST00546" HPOS="2208" VPOS="2235" WIDTH="56" HEIGHT="49" CONTENT="im" WC="1.00" CC="00"/>
						<SP ID="P3_SP00476" HPOS="2264" VPOS="2287" WIDTH="21"/>
						<String ID="P3_ST00547" HPOS="2285" VPOS="2234" WIDTH="171" HEIGHT="50" CONTENT="Stande" WC="0.98" CC="076407"/>
						<SP ID="P3_SP00477" HPOS="2456" VPOS="2287" WIDTH="34"/>
						<String ID="P3_ST00548" HPOS="2490" VPOS="2238" WIDTH="170" HEIGHT="55" CONTENT="wären," WC="0.99" CC="400051"/>
						<SP ID="P3_SP00478" HPOS="2660" VPOS="2293" WIDTH="32"/>
						<String ID="P3_ST00549" HPOS="2692" VPOS="2252" WIDTH="50" HEIGHT="30" CONTENT="so" WC="0.50" CC="90"/>
						<SP ID="P3_SP00479" HPOS="2742" VPOS="2293" WIDTH="34"/>
						<String ID="P3_ST00550" HPOS="2776" VPOS="2234" WIDTH="75" HEIGHT="48" CONTENT="hat" WC="0.94" CC="724"/>
						<SP ID="P3_SP00480" HPOS="2851" VPOS="2293" WIDTH="33"/>
						<String ID="P3_ST00551" HPOS="2884" VPOS="2249" WIDTH="83" HEIGHT="32" CONTENT="uns" WC="0.97" CC="600"/>
						<SP ID="P3_SP00481" HPOS="2967" VPOS="2293" WIDTH="33"/>
						<String ID="P3_ST00552" HPOS="3000" VPOS="2232" WIDTH="144" HEIGHT="49" CONTENT="dieses" WC="0.99" CC="003605"/>
						<SP ID="P3_SP00482" HPOS="3144" VPOS="2293" WIDTH="33"/>
						<String ID="P3_ST00553" HPOS="3177" VPOS="2230" WIDTH="136" HEIGHT="50" CONTENT="letzte" WC="0.98" CC="622650"/>
					</TextLine>
					<TextLine ID="P3_TL00071" HPOS="1759" VPOS="2317" WIDTH="1556" HEIGHT="68">
						<String ID="P3_ST00554" HPOS="1759" VPOS="2323" WIDTH="106" HEIGHT="50" CONTENT="Fest" WC="0.96" CC="5606"/>
						<SP ID="P3_SP00483" HPOS="1865" VPOS="2373" WIDTH="28"/>
						<String ID="P3_ST00555" HPOS="1893" VPOS="2320" WIDTH="141" HEIGHT="50" CONTENT="durch" WC="0.99" CC="00006"/>
						<SP ID="P3_SP00484" HPOS="2034" VPOS="2373" WIDTH="41"/>
						<String ID="P3_ST00556" HPOS="2075" VPOS="2319" WIDTH="70" HEIGHT="50" CONTENT="die" WC="1.00" CC="000"/>
						<SP ID="P3_SP00485" HPOS="2145" VPOS="2373" WIDTH="30"/>
						<String ID="P3_ST00557" HPOS="2175" VPOS="2318" WIDTH="334" HEIGHT="67" CONTENT="Gelungenheit" WC="0.99" CC="201740257213"/>
						<SP ID="P3_SP00486" HPOS="2509" VPOS="2385" WIDTH="32"/>
						<String ID="P3_ST00558" HPOS="2541" VPOS="2318" WIDTH="150" HEIGHT="49" CONTENT="seiner" WC="0.99" CC="004800"/>
						<SP ID="P3_SP00487" HPOS="2691" VPOS="2385" WIDTH="30"/>
						<String ID="P3_ST00559" HPOS="2721" VPOS="2317" WIDTH="298" HEIGHT="66" CONTENT="Auflührung" WC="0.60" CC="0333070669"/>
						<SP ID="P3_SP00488" HPOS="3019" VPOS="2385" WIDTH="28"/>
						<String ID="P3_ST00560" HPOS="3047" VPOS="2333" WIDTH="76" HEIGHT="32" CONTENT="um" WC="0.61" CC="70"/>
						<SP ID="P3_SP00489" HPOS="3123" VPOS="2385" WIDTH="29"/>
						<String ID="P3_ST00561" HPOS="3152" VPOS="2332" WIDTH="51" HEIGHT="33" CONTENT="so" WC="0.75" CC="22"/>
						<SP ID="P3_SP00490" HPOS="3203" VPOS="2385" WIDTH="33"/>
						<String ID="P3_ST00562" HPOS="3236" VPOS="2332" WIDTH="53" HEIGHT="32" CONTENT="an" SUBS_TYPE="HypPart1" SUBS_CONTENT="angenehmer" WC="0.97" CC="13"/>
						<HYP HPOS="3289" VPOS="2332" WIDTH="26" CONTENT="-"/>
					</TextLine>
					<TextLine ID="P3_TL00072" HPOS="1756" VPOS="2398" WIDTH="1560" HEIGHT="74">
						<String ID="P3_ST00563" HPOS="1756" VPOS="2406" WIDTH="248" HEIGHT="66" CONTENT="genehmer" SUBS_TYPE="HypPart2" SUBS_CONTENT="angenehmer" WC="0.99" CC="00707004"/>
						<SP ID="P3_SP00491" HPOS="2004" VPOS="2472" WIDTH="30"/>
						<String ID="P3_ST00564" HPOS="2034" VPOS="2403" WIDTH="268" HEIGHT="50" CONTENT="überrascht" WC="0.99" CC="0201460025"/>
						<SP ID="P3_SP00492" HPOS="2302" VPOS="2472" WIDTH="32"/>
						<String ID="P3_ST00565" HPOS="2334" VPOS="2403" WIDTH="90" HEIGHT="48" CONTENT="und" WC="0.97" CC="600"/>
						<SP ID="P3_SP00493" HPOS="2424" VPOS="2472" WIDTH="35"/>
						<String ID="P3_ST00566" HPOS="2459" VPOS="2402" WIDTH="266" HEIGHT="65" CONTENT="überzeugt," WC="0.99" CC="0500726070"/>
						<SP ID="P3_SP00494" HPOS="2725" VPOS="2472" WIDTH="43"/>
						<String ID="P3_ST00567" HPOS="2768" VPOS="2400" WIDTH="103" HEIGHT="50" CONTENT="dass" WC="0.84" CC="0320"/>
						<SP ID="P3_SP00495" HPOS="2871" VPOS="2472" WIDTH="33"/>
						<String ID="P3_ST00568" HPOS="2904" VPOS="2400" WIDTH="70" HEIGHT="49" CONTENT="die" WC="0.98" CC="005"/>
						<SP ID="P3_SP00496" HPOS="2974" VPOS="2472" WIDTH="32"/>
						<String ID="P3_ST00569" HPOS="3006" VPOS="2398" WIDTH="310" HEIGHT="51" CONTENT="holländische" WC="0.99" CC="620597000070"/>
					</TextLine>
					<TextLine ID="P3_TL00073" HPOS="1756" VPOS="2479" WIDTH="1559" HEIGHT="69">
						<String ID="P3_ST00570" HPOS="1756" VPOS="2488" WIDTH="242" HEIGHT="50" CONTENT="Tonkunst" WC="0.98" CC="03607695"/>
						<SP ID="P3_SP00497" HPOS="1998" VPOS="2538" WIDTH="30"/>
						<String ID="P3_ST00571" HPOS="2028" VPOS="2487" WIDTH="80" HEIGHT="48" CONTENT="auf" WC="0.97" CC="060"/>
						<SP ID="P3_SP00498" HPOS="2108" VPOS="2538" WIDTH="25"/>
						<String ID="P3_ST00572" HPOS="2133" VPOS="2487" WIDTH="169" HEIGHT="49" CONTENT="diesem" WC="0.99" CC="000630"/>
						<SP ID="P3_SP00499" HPOS="2302" VPOS="2538" WIDTH="27"/>
						<String ID="P3_ST00573" HPOS="2329" VPOS="2484" WIDTH="206" HEIGHT="59" CONTENT="Gebiete," WC="0.99" CC="03000074"/>
						<SP ID="P3_SP00500" HPOS="2535" VPOS="2543" WIDTH="31"/>
						<String ID="P3_ST00574" HPOS="2566" VPOS="2484" WIDTH="112" HEIGHT="50" CONTENT="nach" WC="0.97" CC="7203"/>
						<SP ID="P3_SP00501" HPOS="2678" VPOS="2543" WIDTH="33"/>
						<String ID="P3_ST00575" HPOS="2711" VPOS="2486" WIDTH="144" HEIGHT="47" CONTENT="einem" WC="0.98" CC="22740"/>
						<SP ID="P3_SP00502" HPOS="2855" VPOS="2543" WIDTH="29"/>
						<String ID="P3_ST00576" HPOS="2884" VPOS="2483" WIDTH="212" HEIGHT="64" CONTENT="Anfange" WC="0.98" CC="5540793"/>
						<SP ID="P3_SP00503" HPOS="3096" VPOS="2547" WIDTH="31"/>
						<String ID="P3_ST00577" HPOS="3127" VPOS="2498" WIDTH="87" HEIGHT="33" CONTENT="von" WC="1.00" CC="000"/>
						<SP ID="P3_SP00504" HPOS="3214" VPOS="2547" WIDTH="27"/>
						<String ID="P3_ST00578" HPOS="3241" VPOS="2479" WIDTH="50" HEIGHT="69" CONTENT="ju" SUBS_TYPE="HypPart1" SUBS_CONTENT="jugendlicher" WC="0.94" CC="67"/>
						<HYP HPOS="3291" VPOS="2479" WIDTH="24" CONTENT="-"/>
					</TextLine>
					<TextLine ID="P3_TL00074" HPOS="1755" VPOS="2566" WIDTH="1558" HEIGHT="73">
						<String ID="P3_ST00579" HPOS="1755" VPOS="2572" WIDTH="262" HEIGHT="67" CONTENT="gendlicher" SUBS_TYPE="HypPart2" SUBS_CONTENT="jugendlicher" WC="0.99" CC="7004400620"/>
						<SP ID="P3_SP00505" HPOS="2017" VPOS="2639" WIDTH="31"/>
						<String ID="P3_ST00580" HPOS="2048" VPOS="2572" WIDTH="344" HEIGHT="65" CONTENT="Begeisterung," WC="0.99" CC="9600064030600"/>
						<SP ID="P3_SP00506" HPOS="2392" VPOS="2639" WIDTH="47"/>
						<String ID="P3_ST00581" HPOS="2439" VPOS="2569" WIDTH="143" HEIGHT="50" CONTENT="einem" WC="0.99" CC="12700"/>
						<SP ID="P3_SP00507" HPOS="2582" VPOS="2639" WIDTH="34"/>
						<String ID="P3_ST00582" HPOS="2616" VPOS="2568" WIDTH="311" HEIGHT="66" CONTENT="Durchgange" WC="0.99" CC="7650605504"/>
						<SP ID="P3_SP00508" HPOS="2927" VPOS="2639" WIDTH="50"/>
						<String ID="P3_ST00583" HPOS="2977" VPOS="2566" WIDTH="143" HEIGHT="49" CONTENT="durch" WC="0.99" CC="08000"/>
						<SP ID="P3_SP00509" HPOS="3120" VPOS="2639" WIDTH="50"/>
						<String ID="P3_ST00584" HPOS="3170" VPOS="2573" WIDTH="143" HEIGHT="42" CONTENT="etwas" WC="0.99" CC="00621"/>
					</TextLine>
					<TextLine ID="P3_TL00075" HPOS="1756" VPOS="2648" WIDTH="1564" HEIGHT="73">
						<String ID="P3_ST00585" HPOS="1756" VPOS="2674" WIDTH="87" HEIGHT="31" CONTENT="von" WC="0.99" CC="020"/>
						<SP ID="P3_SP00510" HPOS="1843" VPOS="2705" WIDTH="33"/>
						<String ID="P3_ST00586" HPOS="1876" VPOS="2654" WIDTH="298" HEIGHT="67" CONTENT="demjenigen," WC="1.00" CC="00010510263"/>
						<SP ID="P3_SP00511" HPOS="2174" VPOS="2721" WIDTH="43"/>
						<String ID="P3_ST00587" HPOS="2217" VPOS="2671" WIDTH="93" HEIGHT="32" CONTENT="was" WC="0.97" CC="053"/>
						<SP ID="P3_SP00512" HPOS="2310" VPOS="2721" WIDTH="33"/>
						<String ID="P3_ST00588" HPOS="2343" VPOS="2671" WIDTH="102" HEIGHT="32" CONTENT="man" WC="0.97" CC="053"/>
						<SP ID="P3_SP00513" HPOS="2445" VPOS="2721" WIDTH="34"/>
						<String ID="P3_ST00589" HPOS="2479" VPOS="2652" WIDTH="283" HEIGHT="66" CONTENT="Flegeljahre" WC="0.99" CC="95400306652"/>
						<SP ID="P3_SP00514" HPOS="2762" VPOS="2721" WIDTH="45"/>
						<String ID="P3_ST00590" HPOS="2807" VPOS="2667" WIDTH="180" HEIGHT="34" CONTENT="nennen" WC="0.98" CC="066802"/>
						<SP ID="P3_SP00515" HPOS="2987" VPOS="2721" WIDTH="46"/>
						<String ID="P3_ST00591" HPOS="3033" VPOS="2649" WIDTH="133" HEIGHT="56" CONTENT="kann," WC="0.97" CC="03853"/>
						<SP ID="P3_SP00516" HPOS="3166" VPOS="2721" WIDTH="38"/>
						<String ID="P3_ST00592" HPOS="3204" VPOS="2648" WIDTH="116" HEIGHT="66" CONTENT="jetzt" WC="0.97" CC="00774"/>
					</TextLine>
					<TextLine ID="P3_TL00076" HPOS="1756" VPOS="2734" WIDTH="1560" HEIGHT="68">
						<String ID="P3_ST00593" HPOS="1756" VPOS="2740" WIDTH="41" HEIGHT="49" CONTENT="in" WC="1.00" CC="00"/>
						<SP ID="P3_SP00517" HPOS="1797" VPOS="2789" WIDTH="33"/>
						<String ID="P3_ST00594" HPOS="1830" VPOS="2740" WIDTH="68" HEIGHT="49" CONTENT="ein" WC="0.98" CC="400"/>
						<SP ID="P3_SP00518" HPOS="1898" VPOS="2789" WIDTH="32"/>
						<String ID="P3_ST00595" HPOS="1930" VPOS="2738" WIDTH="206" HEIGHT="50" CONTENT="Stadium" WC="0.98" CC="6760360"/>
						<SP ID="P3_SP00519" HPOS="2136" VPOS="2789" WIDTH="34"/>
						<String ID="P3_ST00596" HPOS="2170" VPOS="2738" WIDTH="78" HEIGHT="49" CONTENT="des" WC="1.00" CC="000"/>
						<SP ID="P3_SP00520" HPOS="2248" VPOS="2789" WIDTH="33"/>
						<String ID="P3_ST00597" HPOS="2281" VPOS="2737" WIDTH="153" HEIGHT="56" CONTENT="reifen," WC="0.99" CC="4700060"/>
						<SP ID="P3_SP00521" HPOS="2434" VPOS="2793" WIDTH="44"/>
						<String ID="P3_ST00598" HPOS="2478" VPOS="2736" WIDTH="221" HEIGHT="66" CONTENT="kräftigen" WC="0.99" CC="030061008"/>
						<SP ID="P3_SP00522" HPOS="2699" VPOS="2802" WIDTH="31"/>
						<String ID="P3_ST00599" HPOS="2730" VPOS="2734" WIDTH="332" HEIGHT="50" CONTENT="Mannesalters" WC="0.99" CC="040577645019"/>
						<SP ID="P3_SP00523" HPOS="3062" VPOS="2802" WIDTH="47"/>
						<String ID="P3_ST00600" HPOS="3109" VPOS="2741" WIDTH="207" HEIGHT="57" CONTENT="getreten" WC="0.97" CC="97725707"/>
					</TextLine>
					<TextLine ID="P3_TL00077" HPOS="1756" VPOS="2816" WIDTH="1561" HEIGHT="65">
						<String ID="P3_ST00601" HPOS="1756" VPOS="2825" WIDTH="71" HEIGHT="56" CONTENT="ist," WC="0.98" CC="0603"/>
						<SP ID="P3_SP00524" HPOS="1827" VPOS="2881" WIDTH="32"/>
						<String ID="P3_ST00602" HPOS="1859" VPOS="2822" WIDTH="197" HEIGHT="50" CONTENT="welches" WC="0.99" CC="0040703"/>
						<SP ID="P3_SP00525" HPOS="2056" VPOS="2881" WIDTH="32"/>
						<String ID="P3_ST00603" HPOS="2088" VPOS="2821" WIDTH="78" HEIGHT="49" CONTENT="das" WC="0.96" CC="053"/>
						<SP ID="P3_SP00526" HPOS="2166" VPOS="2881" WIDTH="27"/>
						<String ID="P3_ST00604" HPOS="2193" VPOS="2822" WIDTH="135" HEIGHT="48" CONTENT="Beste" WC="0.97" CC="76116"/>
						<SP ID="P3_SP00527" HPOS="2328" VPOS="2881" WIDTH="25"/>
						<String ID="P3_ST00605" HPOS="2353" VPOS="2821" WIDTH="67" HEIGHT="48" CONTENT="für" WC="0.98" CC="500"/>
						<SP ID="P3_SP00528" HPOS="2420" VPOS="2881" WIDTH="28"/>
						<String ID="P3_ST00606" HPOS="2448" VPOS="2820" WIDTH="70" HEIGHT="49" CONTENT="die" WC="0.94" CC="905"/>
						<SP ID="P3_SP00529" HPOS="2518" VPOS="2881" WIDTH="28"/>
						<String ID="P3_ST00607" HPOS="2546" VPOS="2820" WIDTH="206" HEIGHT="48" CONTENT="Zukunft" WC="0.99" CC="0506006"/>
						<SP ID="P3_SP00530" HPOS="2752" VPOS="2881" WIDTH="25"/>
						<String ID="P3_ST00608" HPOS="2777" VPOS="2818" WIDTH="149" HEIGHT="50" CONTENT="hoffen" WC="0.97" CC="716807"/>
						<SP ID="P3_SP00531" HPOS="2926" VPOS="2881" WIDTH="28"/>
						<String ID="P3_ST00609" HPOS="2954" VPOS="2817" WIDTH="124" HEIGHT="50" CONTENT="lässt." WC="0.64" CC="802054"/>
						<SP ID="P3_SP00532" HPOS="3078" VPOS="2881" WIDTH="33"/>
						<String ID="P3_ST00610" HPOS="3111" VPOS="2816" WIDTH="181" HEIGHT="49" CONTENT="Unstrei" SUBS_TYPE="HypPart1" SUBS_CONTENT="Unstreitig" WC="0.98" CC="4507551"/>
						<HYP HPOS="3292" VPOS="2816" WIDTH="25" CONTENT="-"/>
					</TextLine>
					<TextLine ID="P3_TL00078" HPOS="1759" VPOS="2897" WIDTH="1558" HEIGHT="75">
						<String ID="P3_ST00611" HPOS="1759" VPOS="2907" WIDTH="66" HEIGHT="65" CONTENT="tig" SUBS_TYPE="HypPart2" SUBS_CONTENT="Unstreitig" WC="0.97" CC="430"/>
						<SP ID="P3_SP00533" HPOS="1825" VPOS="2972" WIDTH="43"/>
						<String ID="P3_ST00612" HPOS="1868" VPOS="2906" WIDTH="192" HEIGHT="66" CONTENT="gehörte" WC="0.98" CC="0044475"/>
						<SP ID="P3_SP00534" HPOS="2060" VPOS="2972" WIDTH="45"/>
						<String ID="P3_ST00613" HPOS="2105" VPOS="2906" WIDTH="79" HEIGHT="47" CONTENT="das" WC="0.96" CC="064"/>
						<SP ID="P3_SP00535" HPOS="2184" VPOS="2972" WIDTH="46"/>
						<String ID="P3_ST00614" HPOS="2230" VPOS="2903" WIDTH="329" HEIGHT="66" CONTENT="letztgefeierte" WC="0.99" CC="02577090035666"/>
						<SP ID="P3_SP00536" HPOS="2559" VPOS="2972" WIDTH="32"/>
						<String ID="P3_ST00615" HPOS="2591" VPOS="2903" WIDTH="122" HEIGHT="58" CONTENT="Fest," WC="0.98" CC="50044"/>
						<SP ID="P3_SP00537" HPOS="2713" VPOS="2972" WIDTH="47"/>
						<String ID="P3_ST00616" HPOS="2760" VPOS="2919" WIDTH="92" HEIGHT="31" CONTENT="was" WC="0.97" CC="034"/>
						<SP ID="P3_SP00538" HPOS="2852" VPOS="2972" WIDTH="38"/>
						<String ID="P3_ST00617" HPOS="2890" VPOS="2900" WIDTH="301" HEIGHT="64" CONTENT="Ausführung" WC="0.98" CC="1816054669"/>
						<SP ID="P3_SP00539" HPOS="3191" VPOS="2972" WIDTH="45"/>
						<String ID="P3_ST00618" HPOS="3236" VPOS="2897" WIDTH="81" HEIGHT="51" CONTENT="der" WC="0.99" CC="020"/>
					</TextLine>
					<TextLine ID="P3_TL00079" HPOS="1757" VPOS="2982" WIDTH="1556" HEIGHT="73">
						<String ID="P3_ST00619" HPOS="1757" VPOS="2990" WIDTH="310" HEIGHT="49" CONTENT="Musikwerke" WC="0.99" CC="0610000790"/>
						<SP ID="P3_SP00540" HPOS="2067" VPOS="3039" WIDTH="46"/>
						<String ID="P3_ST00620" HPOS="2113" VPOS="2990" WIDTH="90" HEIGHT="48" CONTENT="und" WC="0.94" CC="671"/>
						<SP ID="P3_SP00541" HPOS="2203" VPOS="3039" WIDTH="47"/>
						<String ID="P3_ST00621" HPOS="2250" VPOS="2986" WIDTH="328" HEIGHT="69" CONTENT="gemüthliches" WC="0.69" CC="001066354160"/>
						<SP ID="P3_SP00542" HPOS="2578" VPOS="3055" WIDTH="32"/>
						<String ID="P3_ST00622" HPOS="2610" VPOS="2985" WIDTH="373" HEIGHT="50" CONTENT="Zusammensein" WC="0.99" CC="060700060006"/>
						<SP ID="P3_SP00543" HPOS="2983" VPOS="3055" WIDTH="43"/>
						<String ID="P3_ST00623" HPOS="3026" VPOS="2982" WIDTH="184" HEIGHT="57" CONTENT="betrifft," WC="0.99" CC="705108440"/>
						<SP ID="P3_SP00544" HPOS="3210" VPOS="3055" WIDTH="46"/>
						<String ID="P3_ST00624" HPOS="3256" VPOS="3000" WIDTH="57" HEIGHT="32" CONTENT="xu" WC="0.43" CC="82"/>
					</TextLine>
					<TextLine ID="P3_TL00080" HPOS="1757" VPOS="3068" WIDTH="1142" HEIGHT="69">
						<String ID="P3_ST00625" HPOS="1757" VPOS="3075" WIDTH="87" HEIGHT="48" CONTENT="den" WC="0.97" CC="008"/>
						<SP ID="P3_SP00545" HPOS="1844" VPOS="3123" WIDTH="33"/>
						<String ID="P3_ST00626" HPOS="1877" VPOS="3074" WIDTH="261" HEIGHT="55" CONTENT="schönsten," WC="0.99" CC="2060570414"/>
						<SP ID="P3_SP00546" HPOS="2138" VPOS="3129" WIDTH="34"/>
						<String ID="P3_ST00627" HPOS="2172" VPOS="3072" WIDTH="68" HEIGHT="49" CONTENT="die" WC="1.00" CC="000"/>
						<SP ID="P3_SP00547" HPOS="2240" VPOS="3129" WIDTH="24"/>
						<String ID="P3_ST00628" HPOS="2264" VPOS="3072" WIDTH="47" HEIGHT="65" CONTENT="je" WC="0.76" CC="04"/>
						<SP ID="P3_SP00548" HPOS="2311" VPOS="3137" WIDTH="33"/>
						<String ID="P3_ST00629" HPOS="2344" VPOS="3071" WIDTH="191" HEIGHT="66" CONTENT="gefeiert" WC="0.99" CC="00902606"/>
						<SP ID="P3_SP00549" HPOS="2535" VPOS="3137" WIDTH="31"/>
						<String ID="P3_ST00630" HPOS="2566" VPOS="3070" WIDTH="187" HEIGHT="49" CONTENT="worden" WC="0.98" CC="036006"/>
						<SP ID="P3_SP00550" HPOS="2753" VPOS="3137" WIDTH="33"/>
						<String ID="P3_ST00631" HPOS="2786" VPOS="3068" WIDTH="113" HEIGHT="50" CONTENT="sind." WC="0.98" CC="42501"/>
					</TextLine>
					<TextLine ID="P3_TL00081" HPOS="1848" VPOS="3150" WIDTH="1469" HEIGHT="71">
						<String ID="P3_ST00632" HPOS="1848" VPOS="3157" WIDTH="264" HEIGHT="49" CONTENT="-Nachdem" WC="0.99" CC="44004040"/>
						<SP ID="P3_SP00551" HPOS="2112" VPOS="3206" WIDTH="46"/>
						<String ID="P3_ST00633" HPOS="2158" VPOS="3156" WIDTH="67" HEIGHT="48" CONTENT="die" WC="0.99" CC="003"/>
						<SP ID="P3_SP00552" HPOS="2225" VPOS="3206" WIDTH="42"/>
						<String ID="P3_ST00634" HPOS="2267" VPOS="3156" WIDTH="178" HEIGHT="65" CONTENT="Sänger" WC="0.98" CC="009061"/>
						<SP ID="P3_SP00553" HPOS="2445" VPOS="3221" WIDTH="40"/>
						<String ID="P3_ST00635" HPOS="2485" VPOS="3171" WIDTH="70" HEIGHT="32" CONTENT="am" WC="0.68" CC="60"/>
						<SP ID="P3_SP00554" HPOS="2555" VPOS="3221" WIDTH="41"/>
						<String ID="P3_ST00636" HPOS="2596" VPOS="3151" WIDTH="86" HEIGHT="53" CONTENT="13." WC="0.70" CC="071"/>
						<SP ID="P3_SP00555" HPOS="2682" VPOS="3221" WIDTH="34"/>
						<String ID="P3_ST00637" HPOS="2716" VPOS="3155" WIDTH="184" HEIGHT="63" CONTENT="August" WC="0.99" CC="400600"/>
						<SP ID="P3_SP00556" HPOS="2900" VPOS="3221" WIDTH="40"/>
						<String ID="P3_ST00638" HPOS="2940" VPOS="3150" WIDTH="90" HEIGHT="51" CONTENT="sich" WC="0.97" CC="2270"/>
						<SP ID="P3_SP00557" HPOS="3030" VPOS="3221" WIDTH="33"/>
						<String ID="P3_ST00639" HPOS="3063" VPOS="3168" WIDTH="70" HEIGHT="31" CONTENT="am" WC="0.79" CC="40"/>
						<SP ID="P3_SP00558" HPOS="3133" VPOS="3221" WIDTH="33"/>
						<String ID="P3_ST00640" HPOS="3166" VPOS="3150" WIDTH="121" HEIGHT="48" CONTENT="Bahn" SUBS_TYPE="HypPart1" SUBS_CONTENT="Bahnhofe" WC="0.98" CC="0640"/>
						<HYP HPOS="3287" VPOS="3150" WIDTH="30" CONTENT="-"/>
					</TextLine>
					<TextLine ID="P3_TL00082" HPOS="1759" VPOS="3234" WIDTH="1559" HEIGHT="67">
						<String ID="P3_ST00641" HPOS="1759" VPOS="3241" WIDTH="100" HEIGHT="48" CONTENT="hofe" SUBS_TYPE="HypPart2" SUBS_CONTENT="Bahnhofe" WC="0.98" CC="1503"/>
						<SP ID="P3_SP00559" HPOS="1859" VPOS="3289" WIDTH="19"/>
						<String ID="P3_ST00642" HPOS="1878" VPOS="3240" WIDTH="81" HEIGHT="51" CONTENT="der" WC="0.97" CC="006"/>
						<SP ID="P3_SP00560" HPOS="1959" VPOS="3291" WIDTH="23"/>
						<String ID="P3_ST00643" HPOS="1982" VPOS="3239" WIDTH="301" HEIGHT="50" CONTENT="Rheinischen" WC="0.99" CC="22244400706"/>
						<SP ID="P3_SP00561" HPOS="2283" VPOS="3291" WIDTH="28"/>
						<String ID="P3_ST00644" HPOS="2311" VPOS="3237" WIDTH="258" HEIGHT="51" CONTENT="Eisenbahn" WC="0.99" CC="500076521"/>
						<SP ID="P3_SP00562" HPOS="2569" VPOS="3291" WIDTH="25"/>
						<String ID="P3_ST00645" HPOS="2594" VPOS="3253" WIDTH="259" HEIGHT="33" CONTENT="zusammen" WC="0.99" CC="73010036"/>
						<SP ID="P3_SP00563" HPOS="2853" VPOS="3291" WIDTH="32"/>
						<String ID="P3_ST00646" HPOS="2885" VPOS="3234" WIDTH="226" HEIGHT="67" CONTENT="gefunden" WC="0.99" CC="90044001"/>
						<SP ID="P3_SP00564" HPOS="3111" VPOS="3301" WIDTH="33"/>
						<String ID="P3_ST00647" HPOS="3144" VPOS="3234" WIDTH="174" HEIGHT="57" CONTENT="hatten," WC="0.97" CC="6598270"/>
					</TextLine>
					<TextLine ID="P3_TL00083" HPOS="1757" VPOS="3316" WIDTH="1561" HEIGHT="62">
						<String ID="P3_ST00648" HPOS="1757" VPOS="3340" WIDTH="145" HEIGHT="38" CONTENT="zogen" WC="0.97" CC="50707"/>
						<SP ID="P3_SP00565" HPOS="1902" VPOS="3378" WIDTH="43"/>
						<String ID="P3_ST00649" HPOS="1945" VPOS="3324" WIDTH="63" HEIGHT="48" CONTENT="sie" WC="0.96" CC="702"/>
						<SP ID="P3_SP00566" HPOS="2008" VPOS="3378" WIDTH="42"/>
						<String ID="P3_ST00650" HPOS="2050" VPOS="3322" WIDTH="77" HEIGHT="49" CONTENT="mit" WC="0.99" CC="002"/>
						<SP ID="P3_SP00567" HPOS="2127" VPOS="3378" WIDTH="45"/>
						<String ID="P3_ST00651" HPOS="2172" VPOS="3322" WIDTH="124" HEIGHT="49" CONTENT="ihren" WC="0.99" CC="30600"/>
						<SP ID="P3_SP00568" HPOS="2296" VPOS="3378" WIDTH="32"/>
						<String ID="P3_ST00652" HPOS="2328" VPOS="3321" WIDTH="188" HEIGHT="50" CONTENT="Fahnen" WC="0.98" CC="027630"/>
						<SP ID="P3_SP00569" HPOS="2516" VPOS="3378" WIDTH="30"/>
						<String ID="P3_ST00653" HPOS="2546" VPOS="3320" WIDTH="90" HEIGHT="49" CONTENT="und" WC="0.95" CC="670"/>
						<SP ID="P3_SP00570" HPOS="2636" VPOS="3378" WIDTH="31"/>
						<String ID="P3_ST00654" HPOS="2667" VPOS="3321" WIDTH="208" HEIGHT="47" CONTENT="Bannern" WC="0.98" CC="7676003"/>
						<SP ID="P3_SP00571" HPOS="2875" VPOS="3378" WIDTH="32"/>
						<String ID="P3_ST00655" HPOS="2907" VPOS="3317" WIDTH="113" HEIGHT="49" CONTENT="nach" WC="0.96" CC="7306"/>
						<SP ID="P3_SP00572" HPOS="3020" VPOS="3378" WIDTH="33"/>
						<String ID="P3_ST00656" HPOS="3053" VPOS="3316" WIDTH="101" HEIGHT="50" CONTENT="dem" WC="0.97" CC="008"/>
						<SP ID="P3_SP00573" HPOS="3154" VPOS="3378" WIDTH="37"/>
						<String ID="P3_ST00657" HPOS="3191" VPOS="3317" WIDTH="102" HEIGHT="49" CONTENT="Fest" SUBS_TYPE="HypPart1" SUBS_CONTENT="Festlocale" WC="0.99" CC="0500"/>
						<HYP HPOS="3293" VPOS="3317" WIDTH="25" CONTENT="-"/>
					</TextLine>
					<TextLine ID="P3_TL00084" HPOS="1760" VPOS="3400" WIDTH="1562" HEIGHT="69">
						<String ID="P3_ST00658" HPOS="1760" VPOS="3408" WIDTH="140" HEIGHT="49" CONTENT="locale" SUBS_TYPE="HypPart2" SUBS_CONTENT="Festlocale" WC="0.52" CC="627650"/>
						<SP ID="P3_SP00574" HPOS="1900" VPOS="3457" WIDTH="31"/>
						<String ID="P3_ST00659" HPOS="1931" VPOS="3408" WIDTH="58" HEIGHT="48" CONTENT="im" WC="1.00" CC="00"/>
						<SP ID="P3_SP00575" HPOS="1989" VPOS="3457" WIDTH="26"/>
						<String ID="P3_ST00660" HPOS="2015" VPOS="3406" WIDTH="134" HEIGHT="59" CONTENT="Park," WC="0.98" CC="46003"/>
						<SP ID="P3_SP00576" HPOS="2149" VPOS="3465" WIDTH="33"/>
						<String ID="P3_ST00661" HPOS="2182" VPOS="3423" WIDTH="72" HEIGHT="32" CONTENT="wo" WC="0.70" CC="05"/>
						<SP ID="P3_SP00577" HPOS="2254" VPOS="3465" WIDTH="33"/>
						<String ID="P3_ST00662" HPOS="2287" VPOS="3405" WIDTH="112" HEIGHT="50" CONTENT="nach" WC="0.97" CC="0407"/>
						<SP ID="P3_SP00578" HPOS="2399" VPOS="3465" WIDTH="34"/>
						<String ID="P3_ST00663" HPOS="2433" VPOS="3405" WIDTH="100" HEIGHT="48" CONTENT="dem" WC="0.98" CC="060"/>
						<SP ID="P3_SP00579" HPOS="2533" VPOS="3465" WIDTH="27"/>
						<String ID="P3_ST00664" HPOS="2560" VPOS="3403" WIDTH="314" HEIGHT="66" CONTENT="angebotenen" WC="0.99" CC="66062400335"/>
						<SP ID="P3_SP00580" HPOS="2874" VPOS="3469" WIDTH="24"/>
						<String ID="P3_ST00665" HPOS="2898" VPOS="3401" WIDTH="154" HEIGHT="48" CONTENT="Ehren" WC="0.98" CC="06005"/>
						<SP ID="P3_SP00581" HPOS="3052" VPOS="3469" WIDTH="7"/>
						<String ID="P3_ST00666" HPOS="3059" VPOS="3400" WIDTH="145" HEIGHT="51" CONTENT="weine" WC="0.98" CC="00066"/>
						<SP ID="P3_SP00582" HPOS="3204" VPOS="3469" WIDTH="32"/>
						<String ID="P3_ST00667" HPOS="3236" VPOS="3400" WIDTH="86" HEIGHT="49" CONTENT="der" WC="0.95" CC="930"/>
					</TextLine>
					<TextLine ID="P3_TL00085" HPOS="1761" VPOS="3484" WIDTH="1561" HEIGHT="72">
						<String ID="P3_ST00668" HPOS="1761" VPOS="3493" WIDTH="163" HEIGHT="47" CONTENT="Präses" WC="0.99" CC="600200"/>
						<SP ID="P3_SP00583" HPOS="1924" VPOS="3540" WIDTH="34"/>
						<String ID="P3_ST00669" HPOS="1958" VPOS="3493" WIDTH="120" HEIGHT="47" CONTENT="Herr" WC="0.98" CC="7000"/>
						<SP ID="P3_SP00584" HPOS="2078" VPOS="3540" WIDTH="30"/>
						<String ID="P3_ST00670" HPOS="2108" VPOS="3490" WIDTH="56" HEIGHT="50" CONTENT="A." WC="1.00" CC="00"/>
						<SP ID="P3_SP00585" HPOS="2164" VPOS="3540" WIDTH="34"/>
						<String ID="P3_ST00671" HPOS="2198" VPOS="3490" WIDTH="83" HEIGHT="50" CONTENT="W." WC="0.78" CC="04"/>
						<SP ID="P3_SP00586" HPOS="2281" VPOS="3540" WIDTH="35"/>
						<String ID="P3_ST00672" HPOS="2316" VPOS="3489" WIDTH="281" HEIGHT="67" CONTENT="Wythoff" WC="0.90" CC="0600000"/>
						<SP ID="P3_SP00587" HPOS="2597" VPOS="3556" WIDTH="39"/>
						<String ID="P3_ST00673" HPOS="2636" VPOS="3488" WIDTH="42" HEIGHT="48" CONTENT="in" WC="0.67" CC="06"/>
						<SP ID="P3_SP00588" HPOS="2678" VPOS="3556" WIDTH="46"/>
						<String ID="P3_ST00674" HPOS="2724" VPOS="3486" WIDTH="123" HEIGHT="49" CONTENT="einer" WC="0.98" CC="20045"/>
						<SP ID="P3_SP00589" HPOS="2847" VPOS="3556" WIDTH="43"/>
						<String ID="P3_ST00675" HPOS="2890" VPOS="3485" WIDTH="171" HEIGHT="48" CONTENT="kurzen" WC="0.98" CC="029606"/>
						<SP ID="P3_SP00590" HPOS="3061" VPOS="3556" WIDTH="33"/>
						<String ID="P3_ST00676" HPOS="3094" VPOS="3484" WIDTH="132" HEIGHT="49" CONTENT="Rede" WC="0.99" CC="5000"/>
						<SP ID="P3_SP00591" HPOS="3226" VPOS="3556" WIDTH="30"/>
						<String ID="P3_ST00677" HPOS="3256" VPOS="3485" WIDTH="66" HEIGHT="47" CONTENT="sie" WC="0.99" CC="010"/>
					</TextLine>
					<TextLine ID="P3_TL00086" HPOS="1761" VPOS="3568" WIDTH="1566" HEIGHT="69">
						<String ID="P3_ST00678" HPOS="1761" VPOS="3574" WIDTH="305" HEIGHT="49" CONTENT="willkommen" WC="1.00" CC="0060000004"/>
						<SP ID="P3_SP00592" HPOS="2066" VPOS="3623" WIDTH="47"/>
						<String ID="P3_ST00679" HPOS="2113" VPOS="3573" WIDTH="133" HEIGHT="57" CONTENT="hiess," WC="0.77" CC="700320"/>
						<SP ID="P3_SP00593" HPOS="2246" VPOS="3630" WIDTH="46"/>
						<String ID="P3_ST00680" HPOS="2292" VPOS="3571" WIDTH="202" HEIGHT="66" CONTENT="zugleich" WC="0.98" CC="67920806"/>
						<SP ID="P3_SP00594" HPOS="2494" VPOS="3637" WIDTH="47"/>
						<String ID="P3_ST00681" HPOS="2541" VPOS="3570" WIDTH="111" HEIGHT="50" CONTENT="aber" WC="0.97" CC="6701"/>
						<SP ID="P3_SP00595" HPOS="2652" VPOS="3637" WIDTH="44"/>
						<String ID="P3_ST00682" HPOS="2696" VPOS="3569" WIDTH="86" HEIGHT="49" CONTENT="den" WC="0.99" CC="030"/>
						<SP ID="P3_SP00596" HPOS="2782" VPOS="3637" WIDTH="46"/>
						<String ID="P3_ST00683" HPOS="2828" VPOS="3569" WIDTH="141" HEIGHT="48" CONTENT="Ernst" WC="0.97" CC="65610"/>
						<SP ID="P3_SP00597" HPOS="2969" VPOS="3637" WIDTH="46"/>
						<String ID="P3_ST00684" HPOS="3015" VPOS="3568" WIDTH="81" HEIGHT="48" CONTENT="des" WC="0.97" CC="007"/>
						<SP ID="P3_SP00598" HPOS="3096" VPOS="3637" WIDTH="46"/>
						<String ID="P3_ST00685" HPOS="3142" VPOS="3568" WIDTH="185" HEIGHT="57" CONTENT="Festes," WC="0.98" CC="0058043"/>
					</TextLine>
					<TextLine ID="P3_TL00087" HPOS="1760" VPOS="3651" WIDTH="1565" HEIGHT="70">
						<String ID="P3_ST00686" HPOS="1760" VPOS="3658" WIDTH="192" HEIGHT="49" CONTENT="nämlich" WC="0.99" CC="8001100"/>
						<SP ID="P3_SP00599" HPOS="1952" VPOS="3707" WIDTH="34"/>
						<String ID="P3_ST00687" HPOS="1986" VPOS="3658" WIDTH="142" HEIGHT="49" CONTENT="durch" WC="0.98" CC="02337"/>
						<SP ID="P3_SP00600" HPOS="2128" VPOS="3707" WIDTH="33"/>
						<String ID="P3_ST00688" HPOS="2161" VPOS="3657" WIDTH="221" HEIGHT="64" CONTENT="fleissigen" WC="0.68" CC="4450350017"/>
						<SP ID="P3_SP00601" HPOS="2382" VPOS="3721" WIDTH="35"/>
						<String ID="P3_ST00689" HPOS="2417" VPOS="3654" WIDTH="174" HEIGHT="51" CONTENT="Besuch" WC="0.98" CC="710705"/>
						<SP ID="P3_SP00602" HPOS="2591" VPOS="3721" WIDTH="33"/>
						<String ID="P3_ST00690" HPOS="2624" VPOS="3654" WIDTH="80" HEIGHT="48" CONTENT="der" WC="0.99" CC="001"/>
						<SP ID="P3_SP00603" HPOS="2704" VPOS="3721" WIDTH="26"/>
						<String ID="P3_ST00691" HPOS="2730" VPOS="3651" WIDTH="181" HEIGHT="51" CONTENT="Proben" WC="0.98" CC="756500"/>
						<SP ID="P3_SP00604" HPOS="2911" VPOS="3721" WIDTH="33"/>
						<String ID="P3_ST00692" HPOS="2944" VPOS="3653" WIDTH="99" HEIGHT="48" CONTENT="eine" WC="0.99" CC="4000"/>
						<SP ID="P3_SP00605" HPOS="3043" VPOS="3721" WIDTH="31"/>
						<String ID="P3_ST00693" HPOS="3074" VPOS="3659" WIDTH="111" HEIGHT="58" CONTENT="gute" WC="0.96" CC="9510"/>
						<SP ID="P3_SP00606" HPOS="3185" VPOS="3721" WIDTH="24"/>
						<String ID="P3_ST00694" HPOS="3209" VPOS="3651" WIDTH="87" HEIGHT="50" CONTENT="Auf" SUBS_TYPE="HypPart1" SUBS_CONTENT="Aufführung" WC="0.98" CC="430"/>
						<HYP HPOS="3296" VPOS="3651" WIDTH="29" CONTENT="-"/>
					</TextLine>
					<TextLine ID="P3_TL00088" HPOS="1760" VPOS="3735" WIDTH="1565" HEIGHT="71">
						<String ID="P3_ST00695" HPOS="1760" VPOS="3742" WIDTH="202" HEIGHT="64" CONTENT="führung" SUBS_TYPE="HypPart2" SUBS_CONTENT="Aufführung" WC="0.98" CC="7062610"/>
						<SP ID="P3_SP00607" HPOS="1962" VPOS="3806" WIDTH="27"/>
						<String ID="P3_ST00696" HPOS="1989" VPOS="3740" WIDTH="193" HEIGHT="65" CONTENT="möglich" WC="0.98" CC="9091506"/>
						<SP ID="P3_SP00608" HPOS="2182" VPOS="3806" WIDTH="23"/>
						<String ID="P3_ST00697" HPOS="2205" VPOS="3758" WIDTH="52" HEIGHT="31" CONTENT="zu" WC="0.42" CC="64"/>
						<SP ID="P3_SP00609" HPOS="2257" VPOS="3806" WIDTH="22"/>
						<String ID="P3_ST00698" HPOS="2279" VPOS="3739" WIDTH="202" HEIGHT="56" CONTENT="machen," WC="0.98" CC="7705070"/>
						<SP ID="P3_SP00610" HPOS="2481" VPOS="3806" WIDTH="33"/>
						<String ID="P3_ST00699" HPOS="2514" VPOS="3737" WIDTH="219" HEIGHT="66" CONTENT="dringend" WC="0.99" CC="05000277"/>
						<SP ID="P3_SP00611" HPOS="2733" VPOS="3806" WIDTH="23"/>
						<String ID="P3_ST00700" HPOS="2756" VPOS="3753" WIDTH="78" HEIGHT="32" CONTENT="ans" WC="0.96" CC="280"/>
						<SP ID="P3_SP00612" HPOS="2834" VPOS="3806" WIDTH="22"/>
						<String ID="P3_ST00701" HPOS="2856" VPOS="3737" WIDTH="122" HEIGHT="47" CONTENT="Herz" WC="0.97" CC="5045"/>
						<SP ID="P3_SP00613" HPOS="2978" VPOS="3806" WIDTH="25"/>
						<String ID="P3_ST00702" HPOS="3003" VPOS="3735" WIDTH="136" HEIGHT="66" CONTENT="legte." WC="0.98" CC="560504"/>
						<SP ID="P3_SP00614" HPOS="3139" VPOS="3806" WIDTH="35"/>
						<String ID="P3_ST00703" HPOS="3174" VPOS="3735" WIDTH="151" HEIGHT="50" CONTENT="Schon" WC="0.99" CC="30500"/>
					</TextLine>
					<TextLine ID="P3_TL00089" HPOS="1764" VPOS="3818" WIDTH="1567" HEIGHT="68">
						<String ID="P3_ST00704" HPOS="1764" VPOS="3824" WIDTH="70" HEIGHT="50" CONTENT="die" WC="1.00" CC="000"/>
						<SP ID="P3_SP00615" HPOS="1834" VPOS="3874" WIDTH="31"/>
						<String ID="P3_ST00705" HPOS="1865" VPOS="3832" WIDTH="121" HEIGHT="42" CONTENT="erste" WC="0.97" CC="01484"/>
						<SP ID="P3_SP00616" HPOS="1986" VPOS="3874" WIDTH="20"/>
						<String ID="P3_ST00706" HPOS="2006" VPOS="3823" WIDTH="167" HEIGHT="58" CONTENT="Probe," WC="0.99" CC="006503"/>
						<SP ID="P3_SP00617" HPOS="2173" VPOS="3881" WIDTH="30"/>
						<String ID="P3_ST00707" HPOS="2203" VPOS="3822" WIDTH="187" HEIGHT="50" CONTENT="Abends" WC="0.99" CC="260600"/>
						<SP ID="P3_SP00618" HPOS="2390" VPOS="3881" WIDTH="33"/>
						<String ID="P3_ST00708" HPOS="2423" VPOS="3819" WIDTH="28" HEIGHT="50" CONTENT="7" WC="0.26" CC="7"/>
						<SP ID="P3_SP00619" HPOS="2451" VPOS="3881" WIDTH="33"/>
						<String ID="P3_ST00709" HPOS="2484" VPOS="3820" WIDTH="110" HEIGHT="57" CONTENT="Uhr," WC="0.98" CC="0603"/>
						<SP ID="P3_SP00620" HPOS="2594" VPOS="3881" WIDTH="32"/>
						<String ID="P3_ST00710" HPOS="2626" VPOS="3820" WIDTH="89" HEIGHT="66" CONTENT="gab" WC="0.98" CC="006"/>
						<SP ID="P3_SP00621" HPOS="2715" VPOS="3886" WIDTH="32"/>
						<String ID="P3_ST00711" HPOS="2747" VPOS="3819" WIDTH="70" HEIGHT="50" CONTENT="die" WC="0.98" CC="600"/>
						<SP ID="P3_SP00622" HPOS="2817" VPOS="3886" WIDTH="30"/>
						<String ID="P3_ST00712" HPOS="2847" VPOS="3818" WIDTH="132" HEIGHT="51" CONTENT="beste" WC="0.98" CC="50280"/>
						<SP ID="P3_SP00623" HPOS="2979" VPOS="3886" WIDTH="26"/>
						<String ID="P3_ST00713" HPOS="3005" VPOS="3818" WIDTH="217" HEIGHT="51" CONTENT="Aussicht" WC="0.99" CC="72700160"/>
						<SP ID="P3_SP00624" HPOS="3222" VPOS="3886" WIDTH="29"/>
						<String ID="P3_ST00714" HPOS="3251" VPOS="3818" WIDTH="80" HEIGHT="48" CONTENT="auf" WC="0.96" CC="730"/>
					</TextLine>
					<TextLine ID="P3_TL00090" HPOS="1764" VPOS="3900" WIDTH="1558" HEIGHT="74">
						<String ID="P3_ST00715" HPOS="1764" VPOS="3908" WIDTH="96" HEIGHT="48" CONTENT="eine" WC="1.00" CC="0000"/>
						<SP ID="P3_SP00625" HPOS="1860" VPOS="3956" WIDTH="46"/>
						<String ID="P3_ST00716" HPOS="1906" VPOS="3908" WIDTH="257" HEIGHT="66" CONTENT="gelungene" WC="0.99" CC="920460055"/>
						<SP ID="P3_SP00626" HPOS="2163" VPOS="3974" WIDTH="44"/>
						<String ID="P3_ST00717" HPOS="2207" VPOS="3905" WIDTH="326" HEIGHT="65" CONTENT="Ausführung;" WC="0.99" CC="05060060502"/>
						<SP ID="P3_SP00627" HPOS="2533" VPOS="3974" WIDTH="61"/>
						<String ID="P3_ST00718" HPOS="2594" VPOS="3903" WIDTH="119" HEIGHT="51" CONTENT="denn" WC="0.98" CC="0074"/>
						<SP ID="P3_SP00628" HPOS="2713" VPOS="3974" WIDTH="47"/>
						<String ID="P3_ST00719" HPOS="2760" VPOS="3921" WIDTH="48" HEIGHT="31" CONTENT="es" WC="0.77" CC="21"/>
						<SP ID="P3_SP00629" HPOS="2808" VPOS="3974" WIDTH="47"/>
						<String ID="P3_ST00720" HPOS="2855" VPOS="3903" WIDTH="145" HEIGHT="66" CONTENT="zeigte" WC="0.98" CC="650031"/>
						<SP ID="P3_SP00630" HPOS="3000" VPOS="3974" WIDTH="47"/>
						<String ID="P3_ST00721" HPOS="3047" VPOS="3903" WIDTH="91" HEIGHT="49" CONTENT="sich" WC="0.98" CC="4006"/>
						<SP ID="P3_SP00631" HPOS="3138" VPOS="3974" WIDTH="47"/>
						<String ID="P3_ST00722" HPOS="3185" VPOS="3900" WIDTH="137" HEIGHT="51" CONTENT="schon" WC="0.97" CC="20735"/>
					</TextLine>
					<TextLine ID="P3_TL00091" HPOS="1764" VPOS="3985" WIDTH="1554" HEIGHT="68">
						<String ID="P3_ST00723" HPOS="1764" VPOS="3991" WIDTH="142" HEIGHT="57" CONTENT="darin," WC="0.98" CC="064470"/>
						<SP ID="P3_SP00632" HPOS="1906" VPOS="4048" WIDTH="45"/>
						<String ID="P3_ST00724" HPOS="1951" VPOS="3992" WIDTH="102" HEIGHT="48" CONTENT="dass" WC="0.82" CC="0700"/>
						<SP ID="P3_SP00633" HPOS="2053" VPOS="4048" WIDTH="41"/>
						<String ID="P3_ST00725" HPOS="2094" VPOS="3989" WIDTH="281" HEIGHT="50" CONTENT="sämmtliche" WC="0.82" CC="0900200060"/>
						<SP ID="P3_SP00634" HPOS="2375" VPOS="4048" WIDTH="45"/>
						<String ID="P3_ST00726" HPOS="2420" VPOS="3987" WIDTH="304" HEIGHT="51" CONTENT="Liedertafeln" WC="0.99" CC="224004664025"/>
						<SP ID="P3_SP00635" HPOS="2724" VPOS="4048" WIDTH="46"/>
						<String ID="P3_ST00727" HPOS="2770" VPOS="3996" WIDTH="82" HEIGHT="57" CONTENT="gut" WC="0.95" CC="920"/>
						<SP ID="P3_SP00636" HPOS="2852" VPOS="4053" WIDTH="42"/>
						<String ID="P3_ST00728" HPOS="2894" VPOS="3985" WIDTH="213" HEIGHT="66" CONTENT="eingeübt" WC="0.98" CC="40090925"/>
						<SP ID="P3_SP00637" HPOS="3107" VPOS="4053" WIDTH="46"/>
						<String ID="P3_ST00729" HPOS="3153" VPOS="3999" WIDTH="165" HEIGHT="41" CONTENT="waren," WC="0.98" CC="054443"/>
					</TextLine>
					<TextLine ID="P3_TL00092" HPOS="1765" VPOS="4069" WIDTH="1555" HEIGHT="70">
						<String ID="P3_ST00730" HPOS="1765" VPOS="4074" WIDTH="92" HEIGHT="50" CONTENT="und" WC="0.98" CC="500"/>
						<SP ID="P3_SP00638" HPOS="1857" VPOS="4124" WIDTH="47"/>
						<String ID="P3_ST00731" HPOS="1904" VPOS="4074" WIDTH="69" HEIGHT="50" CONTENT="die" WC="1.00" CC="000"/>
						<SP ID="P3_SP00639" HPOS="1973" VPOS="4124" WIDTH="44"/>
						<String ID="P3_ST00732" HPOS="2017" VPOS="4073" WIDTH="264" HEIGHT="66" CONTENT="energische" WC="0.98" CC="0505967760"/>
						<SP ID="P3_SP00640" HPOS="2281" VPOS="4139" WIDTH="42"/>
						<String ID="P3_ST00733" HPOS="2323" VPOS="4072" WIDTH="199" HEIGHT="67" CONTENT="Leitung" WC="1.00" CC="0200050"/>
						<SP ID="P3_SP00641" HPOS="2522" VPOS="4139" WIDTH="46"/>
						<String ID="P3_ST00734" HPOS="2568" VPOS="4072" WIDTH="81" HEIGHT="51" CONTENT="der" WC="0.98" CC="015"/>
						<SP ID="P3_SP00642" HPOS="2649" VPOS="4139" WIDTH="44"/>
						<String ID="P3_ST00735" HPOS="2693" VPOS="4072" WIDTH="183" HEIGHT="48" CONTENT="Herren" WC="0.98" CC="635206"/>
						<SP ID="P3_SP00643" HPOS="2876" VPOS="4139" WIDTH="45"/>
						<String ID="P3_ST00736" HPOS="2921" VPOS="4069" WIDTH="399" HEIGHT="51" CONTENT="Fesl-Directoren" WC="0.75" CC="600016602074001"/>
					</TextLine>
					<TextLine ID="P3_TL00093" HPOS="1766" VPOS="4151" WIDTH="1555" HEIGHT="58">
						<String ID="P3_ST00737" HPOS="1766" VPOS="4159" WIDTH="186" HEIGHT="50" CONTENT="Boers" WC="0.85" CC="70000"/>
						<SP ID="P3_SP00644" HPOS="1952" VPOS="4209" WIDTH="44"/>
						<String ID="P3_ST00738" HPOS="1996" VPOS="4176" WIDTH="80" HEIGHT="32" CONTENT="aus" WC="0.95" CC="750"/>
						<SP ID="P3_SP00645" HPOS="2076" VPOS="4209" WIDTH="32"/>
						<String ID="P3_ST00739" HPOS="2108" VPOS="4158" WIDTH="123" HEIGHT="50" CONTENT="Delft" WC="0.64" CC="50506"/>
						<SP ID="P3_SP00646" HPOS="2231" VPOS="4209" WIDTH="41"/>
						<String ID="P3_ST00740" HPOS="2272" VPOS="4157" WIDTH="93" HEIGHT="51" CONTENT="und" WC="0.94" CC="509"/>
						<SP ID="P3_SP00647" HPOS="2365" VPOS="4209" WIDTH="41"/>
						<String ID="P3_ST00741" HPOS="2406" VPOS="4157" WIDTH="227" HEIGHT="49" CONTENT="Heinze" WC="0.80" CC="600050"/>
						<SP ID="P3_SP00648" HPOS="2633" VPOS="4209" WIDTH="44"/>
						<String ID="P3_ST00742" HPOS="2677" VPOS="4173" WIDTH="81" HEIGHT="33" CONTENT="aus" WC="0.98" CC="400"/>
						<SP ID="P3_SP00649" HPOS="2758" VPOS="4209" WIDTH="33"/>
						<String ID="P3_ST00743" HPOS="2791" VPOS="4153" WIDTH="289" HEIGHT="52" CONTENT="Amsterdam" WC="1.00" CC="006501000"/>
						<SP ID="P3_SP00650" HPOS="3080" VPOS="4209" WIDTH="45"/>
						<String ID="P3_ST00744" HPOS="3125" VPOS="4151" WIDTH="196" HEIGHT="50" CONTENT="sicherte" WC="0.99" CC="00060340"/>
					</TextLine>
				</TextBlock>
			</PrintSpace>
		</Page>
	</Layout>
</alto>
