3436 4432
1262 583 134 59 DE
1531 581 544 59 L'EMPIRE

1264 680 486 62 ORIGINAIRE
1807 680 107 57 DE
1968 678 107 59 LA

1266 780 244 61 RAGE
1587 778 488 60 GERMAINE

1270 880 162 61 SUR
1497 879 153 60 LES
1722 877 350 66 AUTRES,

1266 978 240 61 DANS
1590 977 237 60 TOUS
1912 976 163 59 LES

1269 1077 344 61 TEMPS.

1454 1212 13 16 «
1491 1201 113 29 Heisse
1623 1200 166 38 Magister,
1810 1200 108 28 heisse
1942 1199 124 28 Doktor
2086 1198 75 28 Gar.
2179 1209 14 16 »

1926 1247 147 36 (Gœthe,
2092 1246 116 36 Faust,
2229 1245 24 36 I,
2272 1254 9 19 i
2297 1245 43 36 a.)

956 1382 27 20 IL
1003 1381 58 21 EST
1084 1378 263 24 ACTUELLEMENT
1368 1378 154 22 DIFFICILE
1546 1378 39 21 DE
1606 1377 152 22 TROUVER
1787 1377 39 21 UN
1848 1375 219 23 TRADUCTEUR
2087 1374 85 22 POUR
2193 1374 57 22 DES
2268 1373 126 22 TEXTES

954 1421 202 23 ALLEMANDS.
1180 1421 87 22 TOUS
1294 1421 152 22 VEULENT
1474 1420 137 22 IGNORER
1643 1414 217 27 L'ALLEMAND.
1885 1417 85 22 NOUS
2003 1417 103 22 AVONS
2132 1416 193 22 CEPENDANT
2355 1415 38 22 PU

954 1464 139 22 OBTENIR
1121 1463 63 22 UNE
1212 1462 210 22 TRADUCTION
1450 1461 73 23 D'UN
1552 1461 136 23 ARTICLE
1721 1461 79 21 PARU
1831 1460 79 22 DANS
1982 1460 61 20 DER
2072 1458 103 23 GROSS
2202 1458 191 21 DEUTSOHER

954 1505 154 22 SCHIKSAL
1128 1505 64 22 UND
1206 1504 190 22 ABENDPOST
1414 1503 27 30 »,
1453 1504 37 22 LA
1509 1503 177 23 PUISSANTE
1705 1503 103 21 REVUE
1824 1501 69 23 BIEN
1918 1501 140 29 CONNUE,
2078 1493 94 31 BIGNÉ
2193 1500 39 22 DU
2252 1491 142 30 CÉLÈBRE

957 1542 109 27 HERR
1088 1541 171 28 DOCTOR
1278 1541 88 34 GAR,
1387 1545 270 23 pangermaniste
1676 1545 152 22 notoire.

321 1686 24 22 «
373 1681 300 29 deutschland
703 1682 105 27 über
837 1682 119 28 allés
973 1670 7 39 !
1012 1686 24 22 »
1062 1672 210 47 formule,
1300 1672 275 49 pourrais-je
1596 1671 112 46 dire,
1735 1669 169 48 divine,
1926 1681 87 38 que
2039 1680 85 27 nos
2155 1667 205 39 ennemis
2380 1667 251 50 paraissent
2650 1665 144 38 croire
2815 1663 84 40 née
2928 1664 132 38 d'une
3089 1664 111 38 folie

322 1734 240 39 collective
589 1737 43 35 et
657 1735 112 38 dont
796 1738 100 34 tout
914 1735 292 48 simplement
1231 1735 43 38 la
1297 1735 216 38 faiblesse
1541 1735 54 37 de
1621 1734 119 37 leurs
1772 1745 101 26 sens
1904 1731 376 51 d'investigation
2315 1734 44 35 et
2396 1731 52 37 de
2474 1729 147 39 froide
2653 1728 262 38 estimation
2942 1728 77 36 des
3050 1727 150 38 forces

323 1797 252 49 impavides
609 1797 54 37 de
702 1797 41 37 la
778 1796 166 39 Nature
981 1798 66 38 les
1083 1798 112 38 rend
1230 1798 290 38 absolument
1554 1796 263 50 incapables
1849 1796 55 38 de
1935 1794 161 50 goûter
2130 1795 42 37 la
2207 1794 212 38 hautaine
2448 1791 163 40 beauté
2643 1795 44 34 et
2720 1789 142 40 vérité
2901 1789 189 50 proche,
3124 1790 76 38 oui

321 1860 222 37 vraiment
567 1859 119 38 aussi
710 1859 173 50 proche
916 1860 108 49 qu'il
1056 1863 67 35 est
1151 1860 201 49 possible
1379 1860 130 38 d'une
1542 1860 122 38 saine
1693 1857 313 51 appréciation
2038 1858 54 37 de
2122 1857 43 38 la
2193 1855 158 40 réalité
2379 1856 78 38 des
2488 1853 164 40 choses
2683 1862 44 30 et
2750 1853 74 50 qui
2851 1855 67 36 est
2944 1863 116 39 pour
3084 1863 116 27 nous

323 1924 148 36 autres
495 1921 269 39 Allemands
789 1933 87 27 une
901 1923 108 38 telle
1036 1922 277 39 délectation
1340 1923 110 38 dans
1475 1921 304 40 l'admiration
1801 1921 132 38 d'une
1954 1920 305 39 constatation
2286 1919 103 38 d'un
2415 1916 90 40 état
2525 1918 54 38 de
2605 1917 164 39 choses
2943 1926 53 27 en
3017 1915 69 38 soi
3107 1914 7 38 !

324 1986 36 37 Il
384 1985 185 38 devient
594 1985 118 38 alors
742 1995 374 28 effroyablement
1145 1996 122 27 clair
1297 1983 22 40 à
1346 1988 100 35 tout
1477 1986 79 37 œil
1585 1996 95 28 non
1709 1983 204 51 prévenu
1941 1983 213 39 combien
2186 1985 117 36 cette
2334 1981 155 39 devise
2515 1980 201 49 exprime
2742 1976 23 40 à
2791 1980 42 36 la
2856 1978 88 38 fois
2970 1978 42 37 le
3046 1976 151 49 Passé,

322 2049 43 36 le
383 2046 190 39 Présent
596 2050 44 35 et
662 2048 43 36 le
736 2048 135 38 Futur
891 2048 58 38 du
969 2048 169 49 Peuple
1159 2048 242 49 allemand,
1429 2056 38 30 et
1490 2051 99 35 tout
1613 2060 49 26 ce
1685 2048 74 49 qui
1782 2052 68 34 est
1872 2044 24 41 à
1921 2048 42 37 la
1985 2046 89 39 fois
2099 2058 59 26 un
2180 2046 161 38 devoir
2363 2047 44 36 et
2424 2056 59 27 un
2506 2043 133 48 droit,
2660 2053 115 38 pour
2793 2041 76 49 lui,
2899 2041 55 38 de
2981 2039 221 39 réclamer

326 2112 43 36 et
399 2109 303 50 d'accomplir.

326 2190 62 37 En
415 2187 118 49 effet,
561 2189 113 37 aussi
695 2187 107 40 haut
825 2199 85 38 que
935 2189 109 38 l'œil
1064 2190 228 37 allemand
1315 2188 136 53 (donc
1471 2200 93 27 non
1585 2188 222 51 prévenu)
1832 2191 207 36 remonte
2064 2188 111 37 dans
2192 2188 67 37 les
2284 2187 121 50 âges,
2427 2187 180 48 partout
2626 2184 31 38 il
2672 2183 98 38 voit
2789 2181 284 50 l'empreinte
3094 2183 43 35 et
3156 2182 42 36 le

325 2262 132 28 sceau
480 2253 99 36 tout
601 2250 202 49 puissant
834 2251 54 38 de
921 2251 209 50 l'Empire
1159 2251 310 51 germanique.
1498 2251 113 39 Sans
1646 2252 148 48 parler
1831 2251 53 38 de
1911 2250 332 50 Charlemagne
2268 2250 161 38 vaincu
2461 2258 76 39 par
2559 2248 66 36 les
2662 2244 244 40 Germains
2937 2246 43 35 et
3005 2246 195 46 prenant

324 2313 78 39 dès
427 2314 92 37 lors
536 2314 42 37 le
609 2324 107 27 nom
745 2313 79 39 des
851 2314 273 49 vainqueurs
1151 2326 54 26 en
1237 2326 46 26 se
1315 2314 164 38 faisant
1503 2314 186 49 appeler
1717 2314 160 38 Kaiser
1905 2313 310 51 germanique,
2247 2312 98 38 rien
2377 2311 132 49 qu'au
2538 2309 131 49 point
2699 2308 55 37 de
2786 2318 86 26 vue
2903 2305 232 49 artistique
3167 2306 31 37 il

324 2375 119 38 suffit
468 2376 53 37 de
543 2375 97 38 s'en
665 2378 235 47 rapporter
924 2388 86 26 aux
1032 2380 186 35 travaux
1237 2377 54 38 de
1311 2388 85 27 nos
1417 2376 331 51 archéologues
1773 2376 132 50 (dont
1932 2377 66 38 les
2026 2375 215 50 opinions
2265 2373 100 40 font
2383 2370 190 42 autorité
2603 2371 109 38 dans
2737 2370 41 38 le
2798 2366 188 54 monde)
3005 2380 116 38 pour
3140 2380 56 26 en

324 2437 238 39 découvrir
585 2437 24 39 à
634 2437 171 50 chaque
825 2450 79 38 pas
926 2439 54 38 de
995 2439 238 39 nouvelles
1259 2450 206 38 preuves.

325 2518 67 36 De
414 2516 146 37 même
587 2528 85 36 que
691 2516 67 38 les
782 2518 194 48 temples
1000 2529 127 38 grecs
1159 2518 66 38 les
1261 2519 100 47 plus
1387 2518 147 38 beaux
1557 2518 209 38 affectent
1800 2518 80 38 des
1909 2517 169 39 formes
2115 2516 257 49 identiques
2405 2512 24 40 à
2464 2524 84 28 nos
2583 2511 207 52 glorieux
2821 2512 292 37 monuments
3142 2509 54 38 de

324 2578 198 48 Munich,
548 2578 45 49 je
622 2578 128 39 viens
778 2579 54 38 de
862 2578 107 39 faire
995 2592 86 26 une
1107 2578 273 40 découverte
1406 2590 356 28 sensationnelle
1788 2580 74 49 qui
1890 2578 158 40 établit
2068 2578 249 39 désormais
2341 2575 438 52 péremptoirement
2798 2584 85 38 que
2908 2573 67 37 les
3002 2571 194 39 illustres

322 2639 92 39 rois
436 2639 229 52 d'Assyrie
689 2641 149 38 furent
860 2653 192 27 vassaux
1070 2641 121 52 (déjà
1209 2642 29 51 !)
1253 2644 53 37 de
1330 2647 129 34 notre
1481 2644 171 38 Kaiser.
1669 2645 57 48 (Il
1745 2646 67 35 est
1831 2643 119 38 donc
1972 2643 109 37 dans
2097 2645 103 35 tous
2220 2643 66 36 les
2311 2643 147 45 temps
2475 2638 114 38 celui
2611 2635 183 50 marqué
2814 2646 116 39 pour
2949 2637 247 35 soumettre

323 2703 60 36 les
405 2703 256 49 Babylones
686 2706 42 35 et
753 2703 240 39 maintenir
1016 2711 38 36 ★
1077 2706 42 36 le
1138 2704 176 50 péché).
1340 2706 76 39 On
1441 2709 106 45 peut
1570 2705 101 38 voir
1699 2718 54 25 en
1782 2705 106 39 effet
1912 2706 110 37 dans
2049 2716 60 26 un
2137 2705 115 37 beau
2279 2700 238 40 bas-relief
2540 2700 58 38 du
2626 2697 166 41 British
2812 2698 206 39 Muséum
3044 2709 85 37 que
3155 2697 41 36 le

325 2765 199 48 puissant
549 2765 311 49 Samsi-Adad,
884 2767 87 38 Roi
990 2766 246 52 d'Assyrie,
1265 2768 158 49 Epoux
1443 2768 54 38 de
1515 2768 42 38 la
1578 2768 143 39 Reine
1748 2766 279 49 Sémiramis,
2057 2767 147 39 Oncle
2227 2766 55 38 de
2308 2763 385 48 Assournasirpal,
2721 2759 108 40 était

1361 2859 164 36 DÉCORÉ
1556 2867 50 28 DE
1637 2867 48 27 LA
1716 2851 156 40 CROIX
1907 2851 66 40 DE
2007 2850 152 40 FER!!

327 3047 63 36 En
414 3049 173 46 voyant
609 3044 208 51 jusqu'où
842 3046 173 39 s'étend
1038 3047 359 50 l'omnipotence
1425 3050 53 36 de
1505 3051 42 36 la
1572 3051 160 38 Kultur
1756 3050 308 50 germanique,
2092 3052 43 35 et
2170 3051 231 35 comment
2431 3050 96 35 tous
2555 3048 64 35 les
2655 3047 189 47 peuples
2873 3057 115 26 nous
3021 3046 179 37 imitent

328 3111 43 34 et
394 3119 114 27 nous
534 3107 223 47 révèrent»
782 3109 109 38 dans
911 3110 196 48 l'espace
1129 3113 43 34 et
1196 3111 108 37 dans
1330 3113 41 36 le
1391 3114 161 46 temps,
1575 3123 115 28 nous
1711 3115 178 36 restons
1909 3114 145 36 muets
2076 3111 309 38 d'admiration
2412 3112 43 35 et
2480 3109 54 38 de
2559 3107 270 51 patriotique
2851 3108 190 50 orgueil,
3068 3106 128 39 l'âme

326 3170 187 49 remplie
535 3171 58 37 du
618 3172 247 38 sentiment
888 3172 52 38 de
967 3175 130 35 notre
1124 3173 156 38 valeur
1304 3177 43 34 et
1374 3173 54 38 de
1459 3177 131 35 notre
1617 3173 207 41 sécurité.

329 3248 127 38 Nous
481 3259 306 38 comprenons
808 3250 118 39 alors
957 3254 241 45 comment,
1221 3251 23 38 à
1269 3254 131 36 notre
1421 3253 97 37 seul
1542 3256 166 45 aspect,
1730 3265 85 27 nos
1836 3253 221 47 ennemis,
2085 3252 222 47 interdits,
2330 3249 247 40 s'arrêtent.

2400 3325 343 61 DOKTOR
2789 3324 190 59 GAR.

2262 3451 41 36 p.
2333 3450 36 26 c.
2403 3450 36 26 c.
2475 3450 6 26 :
2510 3438 165 37 Lucien
2706 3434 379 40 MAINSSIEUX.

329 3612 52 39 N.
414 3614 47 37 B.
496 3614 35 37 Il
550 3617 66 35 est
642 3615 117 37 donc
781 3615 115 49 juste
922 3628 84 36 que
1032 3617 217 51 l'Assyrie
1270 3619 118 36 aussi
1409 3630 114 27 nous
1543 3619 294 49 appartienne
1855 3622 41 35 et
1916 3619 309 38 Deutschland
2244 3631 96 26 sera
2359 3619 195 39 autorisé
2577 3620 200 50 d'exiger
2796 3624 116 35 cette
2938 3622 257 38 restitution

329 3687 54 25 au
405 3676 101 47 jour
524 3676 170 47 proche
719 3677 80 38 des
828 3677 336 50 récompenses.
1188 3680 221 39 C'étaient
1439 3693 102 26 sans
1562 3682 136 38 doute
1726 3681 98 51 déjà
1849 3682 78 38 des
1958 3681 267 39 Chevaliers
2255 3683 304 48 teutoniques,
2582 3694 72 26 ces
2686 3683 105 47 rois,
2820 3695 72 26 car
2917 3684 53 37 ils
2998 3695 172 37 compre-

329 3737 153 38 naient
512 3736 234 40 l'Autorité
769 3742 42 34 et
830 3740 213 39 aimaient
1066 3743 41 36 le
1134 3743 195 46 combat,
1357 3744 64 37 les
1447 3744 241 49 supplices,
1716 3745 66 37 les
1813 3745 245 48 spectacles
2085 3744 229 49 sanglants
2350 3748 43 34 et
2418 3744 66 38 les
2521 3756 224 39 carnages.
2775 3746 57 38 Ils
2868 3746 228 38 n'avaient
3119 3758 77 37 pas

331 3802 113 34 cette
469 3799 98 37 âme
591 3799 137 39 faible
756 3802 74 47 qui
856 3813 114 27 nous
1000 3805 112 37 rend
1142 3805 36 37 si
1207 3805 288 49 méprisables
1519 3806 43 37 la
1585 3807 177 48 plupart
1788 3807 77 38 des
1893 3805 186 51 peuples
2107 3805 247 51 dégénérés
2384 3805 67 39 d'à
2478 3805 195 50 présent.
2702 3807 223 40 C'étaient
2953 3808 77 37 des
3061 3807 133 48 chefs,

331 3872 74 26 ces
424 3862 103 46 rois,
557 3864 42 35 et
623 3863 74 48 qui
719 3862 201 40 savaient
941 3863 123 50 jouir
1087 3867 54 37 de
1167 3868 42 38 la
1229 3868 248 39 Puissance.

2837 3946 55 39 D.
2925 3946 56 39 G.

395 4112 87 28 Nous
500 4121 40 20 ne
561 4121 140 30 croyons
723 4123 57 28 pas
802 4124 62 27 que
883 4115 28 28 le
930 4116 53 36 jeu
998 4117 39 27 de
1060 4123 68 21 mot
1146 4125 56 19 sur
1221 4117 172 28 maintenir
1410 4118 63 27 soit
1494 4118 101 28 voulu
1617 4127 57 28 par
1694 4118 29 27 le
1746 4125 113 21 savant
1874 4118 196 37 professeur.
2091 4119 34 27 L.
2146 4120 41 27 M.

333 4200 35 26 N.
391 4200 36 26 D.
451 4201 34 27 L.
509 4201 36 27 R.
565 4202 60 27 Les
647 4203 142 28 lecteurs
814 4203 182 29 incrédules
1018 4211 138 29 peuvent
1185 4214 33 19 se
1248 4204 119 29 référer
1388 4215 62 19 aux
1476 4215 159 28 ouvrages
1656 4205 269 38 archéologiques
1948 4208 164 36 assyriens
2131 4208 42 27 où
2199 4208 40 28 ils
2264 4213 190 23 trouveront
2477 4208 47 27 les
2548 4207 188 28 bas-reliefs
2761 4207 165 28 ci-dessus
2945 4207 202 37 représentés
3166 4213 31 22 et

333 4245 210 20 AUCUNEMENT
569 4247 191 23 MAQUILLES.

342 273 299 153 LE
758 268 965 163 CORNET
1840 263 152 158 A
2119 263 1067 203 BOUQUIN
