3045 4368
2904 4232 47 26 701

167 109 66 33 „Ja,
258 108 79 30 Herr
365 108 144 32 Klerker!
557 108 150 29 Behalten
734 108 52 29 Sie
816 109 28 28 in
872 108 108 29 Gottes-

91 168 110 21 nanien
230 159 87 30 Ihren
343 161 111 32 jungen
480 159 203 29 Verbrecher.
729 158 51 30 Sie
806 158 100 30 haben
933 158 64 31 sich

91 219 58 20 nun
172 211 61 29 mal
256 211 27 27 in
307 210 48 30 ihn
376 210 150 33 vergafft:
550 210 54 29 der
625 209 130 29 Himmel
779 217 71 26 mag
873 211 125 32 wissen,

89 269 130 27 warum,
244 262 38 27 da
308 270 32 20 er
367 261 80 29 doch
469 261 119 29 häßlich
614 261 60 29 und
698 261 121 33 gemein
843 261 39 29 ist
906 283 6 7 .
940 283 5 5 .

166 310 78 36 „Auf
273 312 65 29 sein
367 311 160 30 Aeußeres
557 311 79 30 habe
667 311 47 30 ich
742 320 79 25 ganz
851 313 63 27 und
943 319 54 25 gar

88 362 89 29 keine
200 361 169 33 Rücksicht
629 362 135 30 erklärte
784 362 138 33 Klerker.

322 412 63 31 Der
408 412 156 31 Leutnant
585 413 68 29 fuhr
678 413 151 34 ärgerlich
855 421 62 21 von
943 413 53 29 der

87 462 87 32 Bank
202 463 58 29 auf.
306 463 95 35 „Gut!
447 464 88 30 Dann
561 466 126 28 müssen
713 464 51 29 Sie
790 464 77 30 eben
894 464 102 28 selber

87 515 47 28 die
152 514 115 34 Folgen
282 515 52 28 auf
352 515 65 29 sich
436 515 140 29 nehmen.
614 515 58 29 Die
689 516 127 28 werden
837 515 63 29 sich
920 514 60 29 viel-

87 565 91 29 leicht
204 565 73 29 eher
304 566 168 34 einstellen,
498 567 46 30 als
571 565 51 30 Sie
649 566 132 34 glauben
808 588 6 6 .
842 588 5 6 .

162 616 54 31 Als
245 616 129 32 Klerker
405 619 68 28 eine
502 617 117 29 Stunde
670 619 104 31 später
823 618 65 28 sein
937 615 40 30 Eß-

85 668 129 28 zimmer
235 667 112 36 betrat,
369 667 55 30 saß
444 667 57 30 Jan
520 667 131 30 Eriksen
669 676 38 21 an
728 668 71 29 dem
816 666 103 37 Tisch,
938 668 57 29 der

86 717 142 29 reichlich
253 720 54 27 mit
331 718 129 34 Speisen
486 720 59 28 und
569 718 178 30 Getränken
772 719 123 29 besetzt
918 727 77 21 war.

85 767 53 30 Bei
167 769 146 31 Klerkers
341 769 122 30 Eintritt
491 771 90 28 stand
609 778 33 20 er
670 769 81 29 nicht
798 771 109 28 einmal
936 769 59 35 auf,

85 819 75 30 aber
183 821 64 28 sein
270 820 127 30 Gesicht
420 821 88 29 nahm
534 820 143 34 plötzlich
701 822 89 28 einen
813 821 109 36 festen,
948 830 32 20 re-

85 871 121 30 soluten
232 871 163 29 Ausdruck
423 880 46 23 an,
515 872 60 28 und
604 880 32 20 er
663 871 82 30 warf
771 873 117 28 seinem
915 871 80 30 Wirt

85 929 56 23 aus
167 923 106 27 seinen
301 922 129 35 kleinen,
458 924 193 32 wässerigen
699 924 60 27 und
806 923 188 29 verrückten

84 972 106 33 Augen
218 973 87 29 einen
331 972 212 36 haßerfüllten,
569 975 135 32 gierigen
729 974 86 29 Blick
841 983 46 20 zu.
931 973 64 30 Vor

85 1023 59 28 ihm
166 1024 90 28 stand
278 1023 147 33 Klerkers
447 1023 226 35 Tafelaquavit.

160 1073 84 30 Zwei
270 1073 86 35 Tage
384 1076 109 28 darauf
517 1077 103 28 betrat
665 1076 127 32 Klerker
838 1077 54 28 das
936 1076 39 28 Eß-

84 1126 128 29 zimmer
238 1126 54 29 des
318 1125 199 37 Schwagers,
543 1136 50 21 wo
623 1128 47 29 die
696 1126 126 31 Familie
848 1136 50 21 am
922 1125 54 31 Mit-

84 1176 149 33 tegstisch
257 1176 64 30 saß.
362 1176 39 30 Er
424 1178 93 29 nahm
538 1178 88 29 Platz
648 1178 52 29 auf
722 1179 69 28 dem
814 1178 97 33 Stuhl,
936 1179 56 28 den

83 1226 138 31 Therese
242 1227 46 29 für
310 1229 47 29 ihn
381 1229 235 34 zurechtschob,
636 1230 60 28 und
716 1229 95 29 strich
832 1230 64 29 sich
919 1230 75 29 über

84 1278 47 29 die
151 1278 92 30 Stirn.

160 1329 145 30 Mühsam
326 1331 139 29 lächelnd
488 1334 88 30 sagte
598 1340 46 20 er:
679 1331 84 32 „Nun
786 1332 51 29 hat
860 1341 32 20 er
914 1332 80 29 mich

160 1432 58 30 Die
238 1440 98 26 ganze
357 1432 125 30 Familie
503 1433 94 29 erhob
618 1434 64 29 sich
701 1443 62 20 von
787 1437 57 28 den
867 1435 127 30 Stühlen

84 1483 61 29 und
170 1485 91 28 stand
288 1484 36 29 da
367 1485 53 28 mit
465 1485 309 33 weitaufgerissenen
801 1486 107 34 Augen
934 1487 61 28 und

84 1533 97 29 bleich
202 1536 61 28 wie
285 1536 54 28 das
359 1534 175 30 Tischtuch.
574 1534 74 31 Man
667 1537 88 29 hörte
776 1537 110 29 keinen
907 1537 87 30 Laut.

84 1583 56 30 Die
163 1593 97 25 ganze
283 1585 134 36 Familie,
442 1587 46 28 die
514 1595 174 26 sozusagen
715 1589 40 27 im
780 1588 134 30 Schutze
941 1590 53 28 des

83 1636 247 29 wohlhabenden
355 1638 59 28 und
436 1637 210 31 freundlichen
671 1638 117 30 Onkels
813 1640 91 35 lebte,
927 1649 67 20 war

83 1688 62 27 wie
171 1687 150 35 gelähmt;
368 1689 43 28 sie
440 1689 94 30 fühlte
564 1690 64 30 sich
657 1691 27 28 in
713 1691 79 29 ihrer
820 1691 175 29 Wohlfahrt

79 1738 146 36 bedroht;
277 1739 102 29 dieser
411 1739 243 36 Donnerschlag,
689 1743 53 28 der
773 1743 95 28 schon
901 1743 88 33 lange

79 1797 101 26 genug
199 1790 131 33 gedroht
350 1790 85 30 hatte
456 1792 60 28 und
538 1800 59 21 nun
617 1793 142 33 plötzlich
782 1793 111 34 erfolgt
914 1802 76 27 war,

79 1839 86 29 katte
185 1842 43 28 sie
251 1842 181 29 erschreckt
454 1844 59 27 und
536 1843 137 30 betäubt.

282 1892 68 29 fuhr
381 1893 129 31 Klerker
541 1894 70 30 fort.
681 1895 57 34 „Er
770 1896 51 28 hat
854 1898 26 27 in
912 1898 80 27 zwei

75 1940 108 35 Tagen
201 1943 67 28 vier
287 1943 152 30 Flaschen
456 1953 62 21 von
536 1947 132 27 meinem
684 1946 216 34 Tafelaquavit
919 1955 52 21 aus-

77 1993 181 32 getrunken.
301 1995 53 28 Als
381 1997 45 27 ich
453 1996 92 29 heute
571 2006 36 19 zu
632 1997 92 29 Tisch
749 1999 98 33 gehen
873 1999 115 34 wollte,

79 2043 55 30 sa£
160 2052 32 21 er
217 2044 117 31 bereits
362 2047 45 28 da.
453 2046 138 31 Therese
616 2050 39 27 ist
681 2050 28 30 ja
736 2050 26 27 in
790 2050 57 29 den
874 2050 114 29 letzten

77 2093 107 35 Tagen
209 2096 82 28 nicht
315 2096 48 29 bei
388 2099 56 27 mir
467 2107 163 27 gewesen;
656 2108 33 20 er
713 2100 84 29 hatte
823 2101 63 28 sich
913 2100 75 30 alles

77 2145 103 29 seJber
204 2147 136 33 besorgt.
386 2148 89 28 Also:
503 2149 90 28 kaum
621 2159 65 19 war
714 2150 47 28 ich
787 2152 201 33 eingetreten,

78 2195 37 30 Äa
143 2197 90 28 stand
261 2205 33 20 er
322 2199 51 26 auf
401 2200 58 27 und
491 2199 54 28 rief
592 2202 54 27 mit
673 2201 108 33 lauter,
810 2202 177 28 erbitterter

76 2244 145 31 Stimme:
251 2247 131 30 Hinaus!
423 2249 64 29 Aus
507 2252 133 27 meinem

155 2297 127 32 Klerker
303 2300 112 28 duckte
437 2300 63 31 sich
524 2302 59 27 und
605 2302 110 29 dachte
737 2304 53 28 mit
813 2303 154 30 Bewunde-

78 2356 77 25 rung
177 2357 37 20 an
237 2350 89 30 jenen
348 2350 200 34 Augenblick,
572 2353 37 28 da
631 2354 53 28 der
707 2354 113 29 blonde
842 2354 97 35 Hüne,
960 2357 27 27 in

78 2400 101 27 einem
199 2409 61 19 von
282 2402 117 28 seinem
420 2401 81 30 Wirt
520 2403 176 30 entlehnten
717 2405 117 35 Anzug,
855 2408 53 28 der
928 2406 60 29 ihm

77 2458 37 21 an
133 2451 58 28 den
206 2451 231 35 Handgliedern
453 2454 59 28 und
527 2453 218 31 Fußknöcheln
763 2465 37 20 zu
818 2457 75 29 kurz
912 2465 76 27 war,

77 2501 212 34 aufgedunsen
315 2512 63 20 von
402 2503 105 30 Trunk
534 2507 60 27 und
619 2514 63 21 von
705 2506 83 36 Wut,
815 2516 61 20 von
902 2508 68 32 Kler-

75 2552 74 29 kers
172 2552 88 31 Platz
287 2563 49 20 am
360 2554 113 31 Tische
500 2557 248 34 aufgesprungen
774 2567 77 27 war,
877 2561 28 27 in
933 2561 54 27 der

75 2603 237 31 fürchterlichen
333 2606 125 29 rechten
477 2607 94 30 Faust
590 2609 66 29 eine
677 2608 130 31 Flasche
828 2611 159 34 schwang,

77 2656 59 28 und
165 2656 59 28 ihm
251 2658 170 32 zugebrüllt
449 2659 95 34 hatte,
575 2659 57 29 daß
660 2660 129 32 Klerker
817 2670 53 20 zur
898 2661 89 30 Hölle

74 2705 105 30 fahren
201 2710 98 32 möge.
338 2708 128 33 Klerker
486 2719 67 21 war
573 2711 99 29 sofort
691 2721 56 20 aus
764 2713 70 27 dem
853 2712 132 30 Zimmer

75 2766 171 26 gegangen.
294 2759 39 29 Er
360 2769 67 20 war
455 2762 78 28 noch
561 2763 107 29 immer
698 2763 98 29 bleich
826 2765 60 27 und
915 2773 54 20 ver-

75 2809 145 35 ängstigt,
242 2811 76 29 aber
338 2811 82 31 nicht
439 2814 116 32 zornig.

152 2860 104 36 „Nein,
282 2870 120 21 warum
428 2863 57 28 soll
513 2863 46 29 ich
587 2867 106 31 zornig
718 2865 152 30 werden?
936 2867 49 28 Ich

76 2911 81 28 weiß
180 2912 86 28 recht
287 2915 61 32 gut,
370 2913 58 29 daß
451 2915 47 28 die
520 2915 129 29 meisten
673 2915 223 35 Zeitgenossen
918 2926 52 21 zor-

75 2962 51 33 nig
153 2963 137 33 werden,
337 2972 91 20 wenn
454 2973 70 21 man
554 2968 78 32 dem,
680 2975 68 22 was
776 2969 44 28 sie
847 2968 46 29 für
922 2969 63 28 ihre

77 3011 117 32 Rechte
214 3014 112 34 halten,
347 3024 37 20 zu
405 3015 77 29 nahe
502 3018 79 34 tritt;
605 3018 79 28 dann
704 3019 127 29 werden
851 3020 43 28 sie
913 3020 72 29 wild

77 3065 60 27 und
162 3064 155 30 schreien:
356 3067 133 28 darüber
514 3067 130 34 verfüge
670 3069 47 28 ich
743 3070 60 28 und
830 3070 82 30 nicht
938 3072 47 28 du.

73 3114 84 29 Aber
180 3116 47 28 ich
251 3116 80 29 finde
358 3118 46 27 ein
428 3118 122 30 solches
573 3119 161 29 Auftreten
759 3122 171 34 unwürdig,
955 3123 28 31 ja

73 3169 178 30 unpassend
264 3186 38 3 —
317 3169 193 32 wenigstens
526 3169 46 28 für
734 3171 128 32 Klerker
880 3173 86 28 trock-

73 3220 71 26 nete
166 3219 85 28 seine
275 3218 81 30 Stirn
380 3221 54 27 mit
458 3222 52 28 der
531 3220 166 30 Serviette.

150 3268 146 32 Klerkers
319 3269 172 35 Schwager
514 3279 67 21 war
607 3272 68 29 kein
699 3273 173 30 besonders
894 3277 72 27 muti-

74 3327 54 25 ger
154 3319 103 36 Mann,
303 3322 75 28 aber
405 3331 32 20 er
463 3322 92 29 nahm
580 3323 64 29 sich
670 3324 78 28 doch
773 3333 35 21 so
834 3327 74 27 weit
931 3334 35 21 zu-

75 3377 150 29 sammen,
247 3372 56 29 daß
326 3382 33 19 er
378 3374 65 28 sich
465 3374 52 28 der
535 3373 78 30 Villa
631 3374 128 30 näherte
780 3377 60 27 und
857 3376 108 30 konsta-

75 3422 100 34 tierte,
202 3422 57 29 daß
286 3424 160 29 sämtliche
473 3423 159 35 Eingänge
659 3425 220 30 verschlossen
924 3429 60 27 und

77 3472 266 32 verbarrikadiert
360 3476 94 28 seien.
491 3475 69 30 Und
580 3484 32 21 er
630 3476 97 34 hörte,
747 3477 60 29 wie
823 3477 58 29 Jan
899 3477 69 30 Erik-

77 3530 54 21 sen
158 3524 39 27 im
221 3523 103 30 Hause
350 3526 86 29 tobte
482 3528 59 28 und
569 3526 221 35 Gegenstände
816 3530 28 27 in
869 3528 116 30 Stücke

77 3573 118 34 schlug.

155 3624 62 31 Der
240 3625 171 36 Schwager
434 3629 108 29 sandte
565 3630 100 29 sofort
687 3631 87 28 einen
796 3630 100 30 Boten
917 3639 70 21 zum

78 3675 265 37 Polizeileutnant,
364 3680 61 28 und
446 3680 100 29 dieser
564 3681 70 29 kam
655 3683 27 27 in
702 3682 57 29 das
775 3680 142 36 Zimmer,
935 3690 52 21 wo

79 3726 129 32 Klerker
227 3727 62 30 saß.
326 3728 97 35 „Was
439 3730 79 29 habe
538 3731 47 29 ich
767 3732 56 29 rief
841 3741 43 20 er.
922 3732 65 34 „Da

80 3777 96 29 sehen
197 3777 94 31 Sie's!
332 3778 40 30 Er
393 3780 54 30 hat
466 3780 51 30 Sie
537 3790 56 21 aus
613 3782 99 29 Ihrem
734 3784 127 33 eigenen
884 3782 104 29 Hause

156 3879 129 33 Klerker
310 3883 82 28 warf
418 3882 59 29 ihm
503 3885 87 27 einen
615 3885 253 34 verschleierten,
915 3886 73 28 aber

82 3930 316 32 unerschütterlichen
423 3932 87 30 Blick
534 3942 52 21 zu:
621 3934 68 34 „Ich
713 3934 79 30 habe
814 3934 89 31 keine
928 3937 41 28 An-

82 3982 89 33 zeige

696 4038 173 32 Fortsetzung
888 4039 64 31 folgt

1084 108 126 62 Der
1256 109 200 62 reiche
1507 109 254 62 Bankier

1079 191 470 77 Oppenheimer

1080 301 88 34 Von
1192 301 229 41 Siegmund
1446 300 177 42 Kalischer
1643 300 19 42 †

1155 402 58 27 Am
1245 402 207 28 sechzehnten
1483 400 89 31 März
1606 402 360 31 achtzehnhundertzwei-

1079 454 193 32 undneunzig
1291 452 92 31 fehlte
1405 455 70 28 dem
1491 452 134 30 Bankier
1644 453 94 30 lakob
1757 452 228 35 Oppenheimer

1079 503 78 29 noch
1201 504 66 28 eine
1310 502 91 30 Mark
1446 512 54 20 zur
1521 502 127 36 Million,
1674 505 28 27 in
1726 505 53 28 der
1804 503 100 30 Frühe
1930 505 55 30 des

1077 555 241 29 siebenzehnten
1345 563 67 20 war
1440 563 33 21 er
1498 553 163 31 Millionär.

1154 604 70 30 Wie
1272 614 32 20 er
1350 614 35 22 es
1434 607 104 27 seinen
1566 604 163 31 Freunden
1756 609 229 31 vorausgesagt

1077 657 94 33 hatte,
1197 657 100 33 bezog
1323 666 33 21 er
1383 666 37 20 an
1449 658 117 29 diesem
1594 657 46 29 für
1667 657 49 29 ihn
1743 657 241 34 denkwürdigen

1077 706 85 35 Tage
1185 716 87 21 zwar
1294 710 65 27 sein
1381 716 95 22 neues
1498 707 89 30 Heim
1611 710 54 27 mit
1688 709 57 28 den
1768 708 116 34 großen
1905 710 64 27 saal-

1077 759 118 33 artigen
1240 757 162 36 Zimmern,
1450 758 138 30 schickte
1615 759 72 29 aber
1715 760 105 28 seinen
1847 760 137 32 einzigen

1077 808 83 29 Sohn
1185 808 155 31 Christian
1363 810 52 29 auf
1439 810 47 29 die
1507 809 93 33 Reise

1154 859 57 31 Die
1232 859 116 31 Mutter
1372 862 102 35 dieses
1498 860 121 30 Sohnes
1641 861 83 29 hatte
1747 862 56 28 der
1825 861 137 32 Kommer-

1077 911 118 29 zienrat
1220 910 227 35 Oppenheimer
1470 912 80 29 ihres
1575 911 113 30 Geldes
1713 920 109 26 wegen
1845 911 122 34 geheira-

1077 964 53 26 tet.
1169 961 51 30 Sie
1239 970 68 21 war
1323 963 154 29 vielleicht
1497 964 66 29 eine
1582 963 111 29 blonde
1712 962 79 30 Frau
1808 964 54 28 mit
1881 965 103 28 zarter

1077 1012 82 30 Haut
1178 1014 59 28 und
1258 1014 125 30 blassen
1404 1014 115 33 Lippen
1540 1014 59 29 und
1618 1014 117 35 Augen,
1756 1014 153 30 vielleicht
1931 1014 54 29 sah

1077 1064 45 28 sie
1145 1064 78 29 auch
1249 1065 113 29 anders
1387 1073 64 26 aus,
1475 1064 159 33 jedenfalls
1660 1067 97 27 tötete
1782 1066 44 29 sie
1853 1065 47 29 die
1924 1064 40 30 Ge-

1076 1115 71 28 burt
1178 1116 102 29 dieses
1310 1115 130 36 Sohnes,
1471 1117 57 27 den
1559 1116 52 28 der
1640 1115 266 33 Kommerzienrat
1935 1124 50 20 am

1077 1165 198 32 siebzehnten
1300 1166 89 30 März
1416 1167 71 29 1892
1510 1167 49 29 auf
1582 1165 112 33 Reisen
1720 1167 145 29 schickte.

1152 1218 57 27 Am
1231 1217 197 35 Nachmittag
1452 1218 54 29 saß
1532 1220 53 29 der
1608 1217 265 32 Kommerzienrat
1894 1218 90 29 allein

1077 1270 40 28 im
1140 1268 182 30 Eßzimmer.
1366 1269 63 30 Das
1454 1278 67 20 war
1547 1270 40 28 im
1613 1270 212 29 altdeutschen
1851 1269 56 30 Stil
1931 1277 36 26 ge-

1077 1319 102 30 halten
1208 1321 60 28 und
1295 1321 71 29 sehr
1392 1320 85 35 groß.
1526 1320 61 29 Der
1616 1319 266 32 Kommerzienrat
1910 1321 74 28 aber

1077 1379 68 20 war
1159 1371 80 29 klein
1258 1373 60 28 und
1336 1371 68 29 dick
1420 1372 59 28 und
1497 1371 53 30 saß
1569 1371 50 29 auf
1637 1372 99 28 einem
1753 1370 116 35 großen
1886 1371 80 29 Lehn-

1077 1421 80 31 stuhl
1182 1423 28 28 in
1234 1423 53 28 der
1309 1421 85 30 Ecke
1418 1423 55 29 des
1497 1421 150 30 Zimmers
1670 1431 58 20 vor
1752 1423 69 28 dem
1846 1422 139 29 Fenster.

1077 1472 39 29 Er
1137 1473 115 29 konnte
1275 1474 47 28 die
1345 1472 127 35 Zeitung
1494 1474 81 29 nicht
1596 1473 94 34 lesen,
1712 1475 47 27 die
1782 1482 32 21 er
1836 1475 27 27 in
1884 1475 101 28 seiner

1076 1523 90 30 Hand
1188 1524 81 34 hate,
1289 1525 78 28 denn
1388 1532 34 21 es
1442 1533 68 20 war
1531 1526 47 27 ein
1599 1533 38 20 zu
1656 1525 247 33 merkwürdiges
1924 1524 41 28 Ge-

1077 1575 71 35 fühl,
1176 1577 26 27 in
1232 1577 70 28 dem
1329 1575 126 34 großen,
1482 1576 112 28 weiten
1624 1575 71 29 Saal
1723 1584 80 25 ganz
1831 1576 88 29 allein
1949 1584 36 20 zu

1078 1628 63 30 sein
1164 1628 59 28 und
1248 1636 54 20 nur
1326 1635 35 21 so
1383 1628 86 28 einen
1493 1628 261 28 verschwindend
1778 1627 119 29 kleinen
1921 1627 64 28 Teil

1080 1678 54 30 des
1160 1677 135 33 Raumes
1323 1678 236 29 auszumachen.
1607 1677 39 29 Er
1676 1679 55 27 rief
1759 1680 85 26 einen
1873 1678 112 29 Diener

1079 1731 60 27 und
1162 1729 100 33 fragte
1286 1729 75 28 nach
1389 1730 53 28 der
1465 1728 80 29 Zeit:
1570 1731 85 27 seine
1679 1729 63 29 Uhr
1767 1731 86 27 wäre
1877 1729 108 30 stehen

1079 1779 170 34 geblieben.
1317 1779 76 29 Fünf
1442 1779 72 30 Uhr.
1565 1780 83 29 Aber
1679 1780 119 29 danach
1829 1781 70 33 ging
1933 1781 53 28 der

1079 1830 111 29 Diener
1216 1832 117 28 wieder
1359 1832 68 33 fort,
1453 1833 58 26 und
1537 1833 53 27 der
1615 1830 266 33 Kommerzienrat
1905 1832 80 28 blieb

1079 1882 117 29 wieder
1217 1882 97 29 allein.
1354 1882 59 28 Um
1436 1882 69 30 halb
1529 1883 90 30 sechs
1640 1886 88 30 sagte
1752 1892 32 20 er
1806 1890 79 26 ganz
1908 1882 76 29 laut:

1081 1933 50 29 Ich
1163 1934 107 28 werde
1302 1934 87 28 einen
1422 1933 88 34 Gang
1545 1934 92 28 durch
1670 1935 100 28 meine
1802 1933 183 29 sämtlichen

1079 1983 133 30 Zimmer
1241 1985 137 28 machen.
1430 1984 87 29 Dann
1549 1985 146 29 erschrak
1726 1994 42 26 er,
1799 1985 70 29 weil
1902 1985 83 29 seine

1079 2034 129 30 Stimme
1237 2044 35 20 so
1300 2035 137 30 schallte.
1463 2054 38 3 —
1528 2036 82 29 Aber
1639 2045 31 20 er
1700 2037 89 28 stand
1806 2036 92 29 'nicht
1926 2036 59 34 auf,

1079 2086 78 29 denn
1182 2096 32 19 er
1239 2087 119 31 dachte,
1382 2087 155 28 vielleicht
1561 2088 38 28 ist
1623 2087 53 28 der
1700 2086 107 29 Boden
1830 2089 40 26 im
1893 2086 74 30 näch-

1079 2140 66 26 sten
1193 2136 132 30 Zimmer
1373 2138 85 34 glatt,
1488 2138 78 28 dann
1596 2138 116 28 rutscht
1742 2147 69 19 man
1841 2147 57 21 aus
1925 2138 60 28 und

1077 2188 99 29 bricht
1195 2189 46 27 ein
1261 2187 85 35 Bein,
1366 2190 57 27 das
1439 2190 85 27 wäre
1542 2188 73 29 aber
1634 2188 83 29 nicht
1736 2189 140 33 passiert,
1893 2196 91 20 wenn

1077 2247 70 20 man
1197 2239 54 29 das
1280 2238 173 29 Eßzimmer
1483 2239 82 29 nicht
1594 2240 162 28 verlassen
1786 2239 94 29 hätte.
1927 2240 57 27 Am

1077 2289 180 35 sichersten,
1305 2291 84 28 seine
1436 2289 138 35 Stellung
1599 2290 140 34 garnicht
1765 2291 125 28 ändern.
1937 2290 47 29 Da

1077 2340 80 29 kann
1185 2341 97 28 einem
1308 2340 68 29 kein
1401 2340 139 34 Unglück
1567 2341 158 34 zustoßen,
1754 2342 54 30 das
1834 2340 90 35 heißt,
1949 2348 34 21 so

1076 2391 100 29 sicher
1196 2392 38 28 ist
1255 2392 55 28 das
1328 2393 28 30 ja
1373 2392 78 28 auch
1469 2392 92 35 nicht,
1581 2393 74 28 aber
1677 2415 5 5 .
1705 2416 5 4 .
1734 2416 5 4 .
1757 2392 63 28 hier
1838 2392 145 29 verloren

1076 2442 65 29 sich
1169 2442 47 29 die
1246 2442 169 29 Gedanken
1444 2444 54 28 des
1526 2443 282 32 Kommerzienrats
1839 2444 44 29 ins
1911 2451 54 20 ver-

1075 2501 153 21 worrene.

1149 2543 40 32 Es
1210 2545 143 29 dunkelte
1374 2545 105 29 schon.
1518 2545 63 30 Das
1603 2545 53 30 sah
1678 2547 53 28 der
1751 2545 209 32 Kommerzien-

1074 2598 46 26 rat
1145 2595 143 33 plötzlich
1313 2597 55 28 mit
1392 2597 83 28 einer
1497 2597 157 33 gewissen
1678 2595 232 35 Beklemmung,
1936 2595 44 30 als

1073 2655 32 20 er
1128 2655 74 20 vom
1223 2646 129 31 Fenster
1375 2648 125 33 hinweg
1523 2649 44 27 ins
1589 2647 132 29 Zimmer
1746 2647 122 29 blickte.
1890 2646 89 29 Dann

1072 2696 103 31 mußte
1193 2707 32 21 er
1245 2698 74 29 über
1340 2700 85 28 seine
1445 2699 98 33 Angst
1562 2698 131 29 lächeln:
1715 2698 40 29 Es
1773 2699 108 28 wurde
1901 2696 77 30 doch

1070 2749 89 31 jeden
1183 2748 67 35 Tag
1272 2749 120 35 dunkel,
1414 2757 91 22 wenn
1528 2758 70 20 man
1623 2750 63 28 sich
1712 2750 38 28 da
1773 2750 106 28 immer
1904 2750 56 31 äng-

1072 2801 99 32 stigen
1195 2801 98 29 sollte.

1147 2851 83 30 Aber
1250 2852 37 29 da
1309 2860 66 21 war
1396 2853 28 30 ja
1446 2853 46 28 ein
1514 2851 129 29 Mensch
1663 2853 39 27 im
1721 2851 141 28 Zimmer.
1900 2849 78 30 Herr

1074 2902 74 29 Gott
1177 2904 39 27 im
1245 2902 140 35 Himmel,
1416 2902 60 29 ihm
1504 2903 187 34 gegenüber,
1720 2903 53 28 mit
1802 2901 177 34 blaßgelber

1074 2952 242 35 Gesichtsfarbe,
1343 2954 46 28 die
1414 2952 62 30 Tür
1503 2954 47 33 lag
1576 2954 79 28 doch
1679 2962 49 20 am
1754 2954 116 28 andern
1895 2951 85 29 Ende

1075 3005 55 28 des
1149 3004 160 34 Zimmers,
1331 3006 37 27 da
1390 3004 84 29 hätte
1494 3013 32 20 er
1547 3004 48 29 ihn
1616 3005 77 28 doch
1713 3004 147 28 hindurch
1881 3002 99 34 gehen

1074 3055 94 30 sehen
1197 3058 134 27 müssen.
1380 3055 61 29 Der
1470 3055 54 29 saß
1552 3063 59 21 nun
1639 3055 50 28 auf
1717 3055 69 28 dem
1813 3053 167 30 Lehnstuhl

1075 3107 60 28 und
1154 3107 55 28 sah
1228 3107 58 29 den
1306 3107 267 31 Kommerzienrat
1593 3115 47 26 an,
1659 3114 32 21 er
1712 3106 85 28 hatte
1815 3105 77 28 auch
1914 3105 66 29 eine

1074 3157 132 35 goldene
1235 3157 92 30 Brille
1357 3158 59 34 auf,
1445 3159 61 28 wie
1536 3158 53 27 der
1616 3156 274 34 Kommerzienrat,
1920 3156 60 28 und

1075 3208 48 29 die
1145 3209 94 28 Arme
1263 3216 106 21 waren
1394 3208 61 29 ihm
1479 3207 316 34 heruntergesunken,
1817 3215 79 25 ganz
1919 3207 61 27 wie

1075 3259 70 29 dem
1160 3259 276 35 Kommerzienrat,
1455 3260 59 28 und
1533 3268 31 20 er
1581 3259 84 28 hatte
1681 3258 77 29 auch
1777 3259 26 27 in
1822 3260 52 27 der
1890 3256 90 30 Hand

1075 3310 67 28 eine
1163 3309 128 34 Zeitung
1312 3328 37 3 —
1371 3310 158 34 natürlich,
1554 3311 54 28 das
1629 3317 66 21 war
1720 3309 53 29 der
1796 3308 123 34 Spiegel
1942 3309 38 28 da

1075 3361 126 28 drüben.
1247 3361 80 29 Aber
1353 3363 77 33 nein,
1456 3362 55 28 das
1538 3360 165 34 Siegelbild
1728 3361 86 28 hatte
1839 3360 47 29 die
1912 3357 51 30 Zei-

1073 3413 73 31 tung
1172 3413 29 26 in
1227 3412 54 28 der
1307 3411 116 29 Linken
1451 3413 62 28 und
1540 3421 32 20 er
1596 3430 38 3 —
1660 3410 84 35 Gott,
1772 3411 55 29 das
1855 3418 66 21 war
1949 3411 29 30 ja

1068 3462 117 34 richtig,
1211 3470 66 21 war
1301 3471 32 20 er
1359 3464 78 27 denn
1461 3463 140 29 kindisch
1623 3461 193 34 geworden?

1145 3512 63 30 Der
1235 3512 112 31 Diener
1375 3514 113 29 könnte
1516 3515 74 30 jetzt
1618 3512 161 34 eigentlich
1806 3513 55 29 das
1888 3510 87 30 Licht

1070 3564 169 35 anzünden,
1265 3572 33 21 es
1321 3573 68 20 war
1413 3565 76 29 doch
1514 3564 95 30 schon
1636 3563 120 29 dunkel.
1797 3563 63 29 Der
1882 3562 69 32 Kom-

1070 3616 184 28 merzienrat
1299 3616 84 29 hätte
1430 3615 76 29 nach
1533 3615 59 29 ihm
1620 3614 144 35 geläutet,
1794 3615 74 28 aber
1896 3613 78 28 dann

1069 3664 85 31 hätte
1173 3674 33 21 er
1225 3669 64 26 erst
1310 3667 94 28 durch
1425 3667 56 28 den
1499 3665 115 35 großen
1632 3664 71 30 Saal
1723 3665 98 33 gehen
1840 3666 134 27 müssen.

1070 3716 87 29 Dazu
1173 3716 55 30 saß
1249 3726 32 20 er
1301 3726 37 20 zu
1355 3718 140 33 bequem,
1516 3718 29 30 ja
1566 3717 77 28 dazu
1660 3715 54 30 saß
1734 3724 32 21 er
1785 3715 62 29 viel
1865 3723 38 21 zu
1921 3714 36 29 be-

1070 3775 99 25 quem.
1209 3768 82 29 Aber
1312 3768 206 34 angenehmer
1540 3769 86 27 wäre
1650 3775 35 21 es
1705 3774 157 26 gewesen,
1884 3773 91 20 wenn

1071 3818 53 29 der
1169 3818 72 30 Saal
1284 3819 59 29 hell
1367 3826 148 27 gewesen
1540 3820 95 26 wäre.
1678 3817 62 29 Der
1766 3817 108 29 wurde
1901 3818 74 27 statt

1072 3871 111 27 dessen
1208 3871 107 28 immer
1341 3869 126 29 dunkler
1493 3871 59 27 und
1574 3867 120 35 größer,
1719 3869 61 28 und
1805 3868 52 28 der
1883 3865 69 33 Kom-

1071 3921 185 29 merzienrat
1282 3921 110 28 wurde
1416 3921 108 28 immer
1549 3919 125 28 kleiner.
1721 3918 62 29 Der
1811 3918 73 29 Saal
1909 3925 66 20 war

1070 3972 75 31 jetzt
1168 3972 95 28 schon
1286 3978 36 22 so
1345 3970 75 35 groß
1445 3972 60 27 wie
1530 3970 46 29 die
1600 3977 98 26 ganze
1723 3968 91 35 Welt,
1837 3969 60 28 und
1922 3968 53 29 der

1070 4022 266 32 Kommerzienrat
1359 4030 66 20 war
1448 4021 49 29 auf
1520 4021 52 28 der
1596 4028 117 25 ganzen
1740 4018 129 30 dunklen
1892 4017 83 29 Welt

1072 4073 97 29 allein.

1147 4123 120 35 „Guten
1309 4123 75 33 Tag,
1425 4121 80 30 Herr
1813 4122 87 31 sagte
1922 4120 55 27 mit

1072 4182 78 25 ganz
1174 4173 107 30 hohler
1306 4172 129 30 Stimme
1462 4173 52 28 der
1538 4172 77 34 Tod,
1642 4172 53 28 der
1721 4170 54 30 saß
1801 4169 51 30 auf
1877 4170 98 28 einem

2067 110 195 31 Eichenstuhl
2281 114 52 27 mit
2356 114 52 28 der
2429 115 99 28 hohen
2546 115 102 29 Lehne
2667 125 47 19 am
2735 116 91 30 Tisch
2848 119 60 27 und
2926 117 37 29 aß

2067 162 66 27 eine
2163 170 61 21 von
2257 164 57 29 den
2344 163 316 36 Messinaapfelsinen.
2710 168 63 30 Das
2804 169 158 36 klapperte

2066 212 106 28 immer
2190 221 35 21 so
2242 213 133 36 gräßlch,
2393 223 92 22 wenn
2502 217 52 29 der
2570 217 67 31 Tod
2655 219 101 29 kaute.
2794 219 61 31 Der
2871 221 68 32 Kom-

2065 264 185 28 merzienrat
2271 266 134 32 vergrub
2428 266 186 35 krampfhaft
2636 271 82 28 seine
2738 269 95 35 Nägel
2856 272 29 29 in
2909 273 54 29 das

2065 311 120 31 Fleisch
2207 315 101 28 seiner
2331 315 119 30 kleinen
2474 318 107 29 dicken
2603 318 97 36 Hand,
2724 322 74 28 aber
2823 322 55 31 das
2898 323 49 28 blu-

2067 365 61 27 tete
2147 365 59 27 und
2228 367 43 26 tat
2291 365 70 30 sehr
2381 367 77 30 weh.
2498 367 65 30 Nun
2584 370 70 29 häte
2673 379 33 20 er
2726 379 73 25 gern
2822 373 56 29 den
2895 372 70 31 Tod

2065 414 141 34 gebeten,
2228 415 48 28 ihn
2299 416 88 29 allein
2410 425 36 21 zu
2466 419 111 35 lassen,
2599 421 74 29 aber
2695 422 157 35 jedesmal,
2873 431 90 21 wenn

2067 472 32 20 er
2128 464 56 30 den
2212 464 97 31 Mund
2337 467 123 35 öffnete,
2486 469 59 33 gab
2575 478 34 21 es
2637 471 95 30 schon
2760 481 61 20 von
2850 475 113 27 seinem

2065 515 91 29 Atem
2179 517 86 28 einen
2287 525 34 23 so
2344 518 100 30 lauten
2467 519 75 33 Ton,
2566 520 56 29 daß
2644 531 32 21 er
2699 523 64 29 sich
2786 532 57 20 vor
2864 525 99 29 seiner

2065 565 129 31 Stimme
2211 567 159 31 fürchtete.

2140 617 62 29 Der
2225 617 265 33 Kommerzienrat
2512 623 60 32 gab
2593 624 63 28 sich
2681 626 85 28 einen
2789 624 94 37 Ruck,
2906 628 60 29 umi

2066 669 58 28 wie
2154 676 33 21 er
2214 669 63 28 sich
2307 670 56 29 den
2393 670 86 33 Ruck
2505 674 138 32 gegeben
2672 675 92 35 hatte,
2792 678 60 28 trat
2880 679 84 28 seine

2065 720 206 29 verstorbene
2293 720 77 30 Frau
2393 730 54 23 aus
2465 723 58 29 <ler
2545 723 134 31 Gardine
2700 727 60 28 und
2780 729 99 27 setzte
2900 728 64 29 sich

2066 769 49 28 auf
2137 770 57 29 den
2216 770 166 30 Lehnstuhl
2405 772 59 30 ihm
2487 776 185 32 gegenüber.
2711 776 68 29 Und
2803 778 97 29 neben
2921 779 44 29 ihr

2066 821 90 28 stand
2186 821 54 29 der
2269 822 158 30 Architekt
2456 824 135 30 Gottlieb
2620 826 127 35 Krause,
2796 829 53 28 der
2895 830 71 28 dem

2066 870 265 31 Kommerzienrat
2356 874 57 30 das
2442 883 75 21 neue
2544 875 86 31 Haus
2657 878 108 29 erbaut
2791 878 94 35 hatte,
2913 880 52 28 der

2066 922 112 33 beugte
2206 924 63 27 sich
2298 925 140 32 plötzlich
2467 927 75 28 über
2570 929 83 28 seine
2681 928 79 30 Frau
2788 930 59 28 und
2873 930 94 30 küßte

2067 973 52 29 sie.
2168 973 68 30 Und
2265 976 37 28 da
2327 976 57 28 der
2413 976 120 34 Spiegel
2564 977 97 31 hinter
2688 979 87 30 ihnen
2803 981 79 34 hing,
2911 982 54 29 sah

2068 1024 52 28 der
2149 1024 264 32 Kommerzienrat
2443 1028 54 28 das
2524 1028 68 29 Bild
2619 1030 130 34 doppelt,
2777 1031 83 30 seine
2887 1031 78 30 Frau

2067 1082 62 21 von
2152 1074 101 30 hinten
2279 1078 56 27 und
2358 1078 57 28 den
2441 1078 197 31 Architekten
2662 1089 61 21 von
2747 1083 53 27 der
2820 1081 83 30 Seite
2928 1084 39 27 im

2067 1124 103 34 Profil,
2198 1127 59 28 und
2286 1127 55 29 das
2369 1129 200 30 wiederholte
2597 1131 64 29 sich
2691 1132 157 33 unzählige
2874 1132 92 36 Male,

2067 1176 70 28 weil
2163 1177 77 28 auch
2264 1177 98 30 hinter
2389 1179 68 28 dem
2484 1179 114 37 Stuhle,
2626 1183 50 28 auf
2700 1183 70 28 dem
2796 1184 53 28 der
2876 1184 68 32 Kom-

2067 1228 184 29 merzienrat
2277 1228 63 35 saß,
2365 1231 46 27 ein
2436 1229 122 35 Spiegel
2583 1240 75 22 war.
2700 1233 139 30 Darüber
2864 1235 102 29 mußte

2068 1279 53 28 der
2147 1278 264 32 Kommerzienrat
2435 1282 115 35 lachen,
2573 1284 72 28 hielt
2669 1284 74 29 aber
2768 1285 96 33 gleich
2890 1287 76 33 inne,

2068 1329 95 28 schon
2184 1330 54 28 das
2260 1330 89 29 bloße
2369 1331 170 31 Verziehen
2561 1334 54 29 des
2636 1334 162 31 Gesichtes
2816 1336 90 29 hallte
2928 1338 38 27 im

2066 1379 91 30 Saale
2200 1382 126 33 wieder,
2370 1390 35 21 so
2448 1383 57 29 daß
2551 1393 31 21 er
2605 1385 63 29 sich
2693 1388 133 28 entsetzt
2850 1387 116 29 umsah.

2067 1430 63 29 Der
2156 1430 67 29 Tod
2250 1432 54 29 saß
2333 1434 76 28 noch
2438 1435 106 29 immer
2573 1444 48 20 am
2646 1435 91 30 Tisch
2765 1438 59 28 und
2851 1438 115 29 schälte

2067 1481 64 29 sich
2161 1482 77 29 eben
2270 1484 46 28 die
2347 1484 89 29 dritte
2466 1485 163 33 Apfelsine.
2678 1486 64 32 Das
2772 1496 66 21 war
2866 1489 81 28 merk-

2066 1533 129 33 würdig,
2217 1534 69 28 weil
2311 1534 76 28 doch
2408 1544 55 20 nur
2485 1539 77 26 zwei
2585 1538 26 27 in
2633 1539 52 27 der
2708 1538 109 29 Schale
2839 1540 128 32 gelegen

2067 1584 113 28 hatten.

2144 1633 60 30 Der
2231 1635 263 32 Kommerzienrat
2518 1640 124 27 wandte
2669 1640 113 28 schnell
2809 1642 55 27 den
2893 1641 76 33 Kopf

2067 1693 37 20 zu
2133 1687 53 27 der
2213 1687 69 28 dem
2308 1686 129 31 Fenster
2465 1692 310 31 entgegengesetzten
2803 1691 82 29 Seite
2914 1692 54 29 des

2067 1735 158 36 Zimmers,
2255 1746 50 20 um
2332 1738 57 29 den
2417 1738 67 30 Tod
2511 1741 80 28 nicht
2617 1750 38 19 zu
2683 1741 92 29 sehen
2805 1743 58 28 und
2891 1743 79 28 auch

2067 1787 81 29 nicht
2178 1790 84 26 seine
2292 1791 205 28 verstorbene
2525 1790 78 29 Frau
2634 1793 58 27 und
2724 1793 56 28 den
2812 1793 138 29 Architek-

2068 1840 49 26 ten
2128 1847 5 19 :
2161 1839 37 28 da
2224 1841 130 27 standen
2380 1842 28 27 in
2436 1841 52 29 der
2516 1841 82 29 Ecke
2625 1844 54 28 des
2704 1842 148 31 Zimmers
2879 1844 89 29 sechs

2066 1887 135 37 Maurer,
2229 1891 45 28 die
2302 1891 50 28 auf
2378 1893 104 27 seinen
2509 1892 66 29 Bau
2601 1894 226 33 mitgearbeitet
2855 1895 112 34 hatten,

2069 1940 49 28 auf
2145 1940 71 29 dem
2243 1941 141 30 Verdeck
2415 1943 53 29 des
2495 1943 129 35 Neptun,
2653 1945 56 28 alle
2737 1946 27 28 in
2794 1945 155 30 Matrosen-

2068 1993 145 32 anzügen,
2241 1994 59 28 und
2328 1993 52 29 der
2405 1993 128 34 Kapitän
2559 1997 87 31 sagte
2673 2004 35 19 zu
2735 1995 103 30 ihnen:
2864 1995 87 30 Chris-

2070 2042 60 28 tian
2163 2041 226 35 Oppenheimer
2422 2046 38 27 ist
2491 2046 77 27 auch
2597 2046 161 31 seekrank,
2791 2046 57 29 daß
2881 2048 84 28 diese

2066 2092 189 32 Landratten
2281 2094 77 29 doch
2383 2095 97 31 nichts
2506 2099 175 32 vertragen.

2143 2143 61 30 Der
2234 2145 264 32 Kommerzienrat
2545 2147 72 29 hielt
2666 2148 55 28 den
2768 2148 78 33 Kopf
2875 2157 74 25 ange-

2067 2197 118 31 strengt
2213 2196 77 28 nach
2317 2197 54 28 der
2399 2196 93 36 Seite,
2518 2206 51 21 wo
2599 2199 51 28 der
2678 2198 128 34 Kapitän
2834 2200 59 28 und
2921 2201 45 27 die

2065 2244 126 30 Maurer
2216 2247 139 34 standen,
2378 2248 124 29 obwohl
2528 2258 33 21 es
2584 2249 48 28 ihn
2657 2249 182 30 schmerzte.
2882 2251 84 28 Auch

2067 2296 87 35 noch,
2174 2297 45 29 als
2239 2298 52 29 der
2311 2298 67 29 Tod
2399 2299 165 35 aufsprang
2584 2301 58 27 und
2664 2301 46 28 die
2730 2301 92 28 Arme
2845 2301 49 28 auf
2914 2302 53 29 das

2065 2347 125 29 Becken
2217 2351 167 30 gestemmt
2410 2352 102 31 sagte:
2551 2350 54 34 Nu,
2632 2350 79 30 Herr
2738 2350 210 33 Kommerzien-

2066 2401 46 26 rat
2144 2398 99 30 Jakob
2276 2399 235 35 Oppenheimer,
2559 2401 108 29 nehme
2700 2402 45 28 ich
2776 2402 79 29 mich
2885 2402 82 29 nicht

2065 2452 52 30 gut
2140 2458 54 20 aus
2217 2451 26 28 in
2264 2451 70 28 dem
2356 2451 125 35 großen,
2504 2452 111 35 leeren,
2636 2461 77 25 ganz
2735 2453 131 29 dunklen
2887 2453 60 29 Zim-

2065 2500 89 29 mer?
2202 2520 37 2 —
2287 2501 41 29 So
2358 2502 104 29 wollte
2493 2503 53 28 der
2577 2502 264 33 Kommerzienrat
2869 2505 97 28 sitzen

2065 2551 130 34 bleiben,
2227 2552 46 30 bis
2303 2553 53 28 der
2387 2552 112 31 Diener
2548 2554 86 29 Licht
2683 2554 142 33 gemacht
2873 2555 92 28 hätte.

2067 2602 73 30 Gott
2166 2604 44 28 sei
2237 2602 96 36 Dank,
2363 2604 53 29 der
2440 2604 71 29 kam
2538 2606 82 30 jetzt.
2690 2604 82 30 Aber
2796 2604 84 30 wie?
2926 2605 40 29 Er

2066 2654 90 28 nahm
2182 2661 56 21 nur
2265 2655 48 28 die
2341 2655 311 34 Apfelsinenschalen,
2678 2656 70 33 ging
2777 2657 94 29 damit
2897 2665 69 21 zum

2064 2703 264 33 Kommerzienrat
2354 2707 59 27 und
2436 2705 122 30 kitzelte
2584 2706 48 29 ihn
2658 2707 170 29 immerfort
2850 2715 36 20 an
2913 2707 52 29 der

2064 2754 113 36 Becke,
2209 2757 52 28 der
2291 2755 265 33 Kommerzienrat
2585 2757 101 29 mußte
2717 2766 37 20 an
2785 2759 48 28 die
2860 2757 104 29 Backe

2062 2806 114 34 fassen,
2204 2807 151 34 plötzlich,
2385 2808 47 27 die
2460 2816 66 21 war
2556 2816 78 25 ganz
2664 2808 71 29 kalt.
2783 2808 69 29 Und
2881 2809 82 28 seine

2062 2856 131 30 Hände?
2234 2857 56 30 Die
2312 2866 107 20 waren
2443 2859 75 28 auch
2540 2867 78 25 ganz
2642 2859 70 29 kalt.
2753 2859 67 29 Und
2843 2868 33 20 er
2898 2867 65 21 war

2063 2908 70 29 steif
2160 2909 60 27 und
2249 2909 113 29 konnte
2393 2918 53 20 nur
2478 2910 75 28 noch
2585 2910 46 28 die
2662 2910 103 28 rechte
2795 2909 88 29 Hand
2910 2910 35 28 be-

2064 2967 119 25 wegen.
2227 2958 56 32 Mit
2309 2960 52 28 der
2386 2959 82 30 faßte
2493 2969 32 20 er
2549 2960 220 29 unwillkürlich
2795 2960 77 29 nach
2895 2961 69 28 dem

2065 3008 131 30 Herzen.
2248 3009 63 30 Das
2343 3009 84 30 hatte
2457 3010 162 34 aufgehört
2648 3020 37 19 zu
2717 3010 152 34 schlagen,
2920 3019 32 20 er

2064 3069 66 20 war
2158 3061 65 28 also
2251 3063 53 27 tot.
2351 3061 68 28 Und
2448 3062 53 28 der
2527 3061 266 32 Kommerzienrat
2818 3061 144 29 erschrak

2062 3111 94 34 heftig
2186 3113 60 27 und
2276 3112 113 30 konnte
2421 3120 57 21 vor
2508 3112 137 29 Schreck
2674 3112 77 29 auch
2782 3113 45 27 die
2859 3112 103 29 rechte

2062 3161 87 31 Hand
2180 3163 82 29 nicht
2289 3163 85 29 mehr
2403 3164 160 32 bewegen.

2138 3213 53 30 Als
2215 3215 54 28 der
2294 3213 112 30 Diener
2430 3213 88 30 Licht
2543 3213 126 30 machen
2693 3214 113 34 wollte,
2833 3213 70 29 fand
2930 3222 31 20 er

2064 3265 57 28 den
2152 3264 274 35 Kommerzienrat,
2460 3265 56 28 den
2547 3263 79 35 Kopf
2655 3266 199 31 angestrengt
2885 3263 75 29 nach

2065 3316 52 28 der
2148 3316 69 27 dem
2249 3314 128 31 Fenster
2411 3316 312 33 entgegengesetzten
2772 3314 83 29 Seite
2904 3315 53 28 des

2063 3365 149 32 Zimmers
2242 3366 156 34 verdreht,
2429 3366 47 28 die
2505 3364 117 34 Rechte
2652 3365 50 29 auf
2732 3366 69 28 dem
2829 3363 132 34 Herzen,

2062 3418 46 28 die
2137 3417 95 29 Linke
2260 3417 70 33 hing
2359 3419 81 28 starr
2469 3416 151 29 herunter.
2667 3415 59 29 Auf
2756 3416 68 28 dem
2852 3414 108 30 Boden

2061 3468 88 34 lagen
2170 3469 47 29 die
2236 3467 130 30 Schalen
2389 3468 53 28 der
2464 3468 62 27 drei
2545 3467 185 34 Apfelsinen,
2752 3467 46 28 die
2821 3467 53 28 der
2892 3465 66 29 Tod

2060 3527 152 25 gegessen
2241 3519 91 29 hatte.

2124 3623 51 25 Zur
2187 3622 164 31 Erinnerung
2370 3629 30 17 an
2422 3621 49 24 den
2484 3620 97 31 jungen
2594 3620 91 30 Autor,
2700 3620 49 24 den
2769 3619 56 25 eine
2842 3618 118 26 schwere

2057 3665 142 25 Krankheit
2217 3664 88 25 tötete.
2343 3662 117 32 Widrige
2488 3663 106 24 äussere
2615 3660 272 26 Lebensverhältnisse
2906 3659 41 25 hin-

2057 3708 90 24 derten
2167 3707 43 24 ihn
2230 3713 32 18 an
2282 3706 45 25 der
2345 3704 150 30 Entfaltung
2514 3704 86 25 seiner
2620 3704 102 24 starken
2743 3702 149 32 Begabung.
