2495 4426
360 413 53 442 niirniirno
390 928 28 211 ,omun

286 281 66 81 Les
239 413 128 449 JjlllblJlUÙ
276 918 79 238 PRÉTEXTE

2255 538 69 515 rnifrrvTro
2263 387 25 120 sont
2268 281 20 68 un

2324 1086 54 80 Les
2298 540 114 520 rIjULAILü
2324 296 55 209 DANCING

675 316 60 57 La
758 313 180 70 Pologne
960 311 277 54 barrera
1263 304 68 56 la
1356 307 193 52 route
1575 316 54 44 au
1651 302 110 68 péril
1794 302 243 71 bolchevik.

670 405 56 57 Le
749 400 218 71 Maréchal
993 397 164 70 Frencl}
1182 408 25 44 a
1232 393 243 60 commencé
1500 406 80 58 par
1604 391 94 58 être
1731 391 336 58 Irlandais

598 613 141 58 (une
776 610 170 56 veine
980 608 103 70 qui
1117 608 176 52 crève
1334 604 152 55 dans
1543 603 56 53 la
1638 603 116 53 tête
1797 617 303 57 provoque

597 699 241 56 d’abord
875 699 52 52 le
955 697 198 53 même
1196 693 326 55 sentiment
1557 692 225 68 qu’une
1823 692 144 54 dent
1999 695 99 68 qui

597 805 59 39 se
682 802 184 50 casse,
898 783 260 73 quoique
1194 798 82 37 un
1301 797 115 55 peu
1446 781 137 69 plus
1605 777 190 72 haut).

1002 961 61 69 LJI
1088 958 196 73 POUDRE
1309 958 62 56 DE
1404 957 290 71 SYMPATHIE

593 1059 209 59 était-elle
815 1057 163 73 prévue
990 1056 107 57 dans
1107 1056 40 56 le
1157 1054 247 72 PORTAIT
1416 1054 48 57 de
1474 1055 43 56 la
1528 1052 215 69 SAGESSE
1752 1052 348 61 UNIVERSELLE

1312 1269 60 92 J

276 1404 192 68 Bègue
500 1401 379 68 Ventriloque

276 1475 84 54 Ok
401 1475 245 55 Okokok

277 1549 151 52 Dans
464 1564 61 37 sa
552 1548 188 54 vessie
766 1552 87 49 est
887 1550 270 54 remonté
1184 1549 177 69 après
1386 1564 118 38 une
1531 1548 280 54 descente
1853 1563 73 39 en
1955 1550 305 68 parachute

274 1623 73 52 Le
375 1638 248 38 cerveau
651 1623 70 53 de
747 1623 230 53 Laimée

275 1695 139 54 OEuf
439 1699 30 55 à
503 1696 54 54 la
588 1712 186 52 coque
815 1696 72 55 de
920 1712 93 39 ses
1048 1698 172 56 rêves
1244 1698 155 54 cuits

276 1769 213 53 Beurre
517 1769 206 54 Soufre
743 1770 223 53 Platine

276 1842 62 53 Et
379 1842 131 69 puis
538 1844 125 53 rien

275 1916 62 52 Et
375 1917 155 52 alors

1348 1994 216 59 Georges
1831 1994 411 48 RIBEMONT-DESSAIGNES

205 2110 80 54 Le
312 2116 167 64 passé
505 2117 56 51 et
586 2112 81 59 La
707 2123 212 63 pensée
954 2121 318 56 n’existent
1307 2140 125 51 pas.

1806 2195 249 59 Raymond
2074 2192 215 50 DUNCAN.

361 2303 311 57 m’affirme
699 2308 141 69 qu’il
874 2326 36 52 y
936 2329 31 36 a
995 2329 82 38 un
1105 2321 395 51 mouvement
1537 2315 418 66 Littérature,
1986 2332 82 38 un
2094 2315 337 53 mouvement

357 2374 338 70 Proverbe,
742 2398 81 37 un
877 2386 382 58 Mouvement
1312 2392 215 65 Dada,
1578 2407 81 38 un
1711 2392 378 53 Mouvement
2135 2386 198 73 T\ara,
2390 2390 41 47 et

357 2453 305 64 rœtera...,
706 2457 243 54 eurêka.

202 2326 106 67 nur

202 2388 103 78 UJ!

293 2587 142 72 MOTS

273 2694 185 74 MORTS

247 2801 239 75 L'OREILLE

632 2595 65 47 Le
722 2599 188 47 monde
937 2604 80 46 est
1043 2604 183 58 grand,
1255 2606 79 47 les
1361 2620 103 35 uns
1478 2610 123 46 sont
1612 2622 126 45 gros
1751 2610 48 46 et
1813 2608 77 47 les
1909 2609 174 44 autres
2097 2605 111 46 sont
2226 2600 200 59 maigres,

627 2713 195 61 Impair,
853 2718 108 48 voir
986 2719 186 53 devant
1198 2725 83 47 soi
1310 2739 10 34 :
1352 2726 227 54 demain,
1611 2740 69 34 ou
1706 2727 109 48 voir
1841 2725 253 48 derrière:
2123 2721 118 51 hier,
2269 2714 118 49 Pair.

629 2834 98 48 Ses
752 2838 195 57 grands
973 2840 149 58 pieds
1150 2843 263 50 chaussés
1441 2846 63 47 de
1531 2848 128 47 clair
1674 2846 111 47 font
1813 2846 47 46 le
1885 2846 117 46 tour
2024 2843 59 45 de
2109 2841 43 46 la
2177 2841 136 45 terre.

191 2967 413 89 npourmentés
625 2982 103 54 par
761 2970 49 53 le
836 2971 159 55 désir
1029 2975 71 54 de
1135 2979 131 53 voir
1290 2980 132 54 leur
1451 2986 194 50 statue
1680 2985 30 49 à
1741 2980 182 63 Paris,
1958 2977 160 70 place
2137 2973 66 54 de
2221 2964 200 62 l’Étoile,

262 3032 82 53 les
365 3037 329 65 présidents
722 3047 56 50 et
805 3060 67 53 pr
878 3046 61 33 tes
972 3048 78 54 du
1079 3048 420 60 Mouvement
1532 3053 249 56 DADA
1807 3055 224 67 pissent
2054 3050 74 52 du
2156 3047 206 52 bronze.

189 3154 347 89 cherchant
566 3163 288 62 l’éternité
909 3170 150 56 dans
1098 3192 118 39 une
1267 3195 163 54 gare,
1477 3182 306 54 Monsieur
1823 3178 176 56 Louis
2039 3177 238 63 Aragon,
2317 3179 59 38 en
2403 3176 21 35 a

246 3231 203 55 enlevé
476 3234 83 55 les
586 3247 313 59 pancartes
941 3247 279 58 DEPART
1254 3259 58 50 et
1347 3257 335 54 ARRIVEE.
1735 3257 78 52 De
1859 3253 165 55 l’avis
2067 3249 68 54 de
2174 3239 250 61 Monsieur

340 3322 108 52 ppe
472 3309 307 71 Soupault,
809 3318 284 59 l’éternité
1108 3330 87 49 est
1215 3327 53 54 la
1286 3332 308 67 spécialité
1610 3332 72 53 de
1695 3328 301 57 Monsieur
2019 3322 168 57 Louis
2206 3318 214 63 Aragon.

2048 3479 4 39 !
2184 3480 116 38 USEZ

2165 3531 150 46 LITTÉS

2160 3594 171 44 RATURE

2223 3660 45 23 OU

2079 3704 311 47 Anti-Littérature

2138 3772 150 33 Ecrivez
2308 3764 20 31 à

2168 3837 85 32 l’Hôtel
2270 3835 41 29 des

2132 3899 93 33 Grands
2248 3896 100 29 Hommes

2079 3962 26 35 9,
2129 3961 71 29 Place
2225 3956 33 30 du
2279 3946 96 35 Pantliéo

2186 4010 110 29 PARIS

241 3530 107 48 MM.
389 3532 141 51 Louis
567 3539 212 64 Aragon,
821 3548 160 50 André
1022 3553 195 63 Breton,
1268 3560 205 51 Francis
1512 3563 206 49 Picabia
1769 3565 52 47 et
1858 3562 124 49 Paul

180 3644 180 52 Eluard
379 3652 308 56 collaborant
702 3663 29 46 à
758 3666 397 57 “PROVERBE”
1342 3682 109 48 MM.
1478 3683 217 60 Philippe
1727 3682 250 61 Soupault,

187 3770 187 53 Tristan
415 3777 165 65 Tzara,
627 3785 124 52 Jean
795 3793 224 53 Paulhan
1060 3804 52 46 et
1154 3804 216 65 Georges
1400 3809 578 62 Ribemont-Oessaignes

175 3907 56 38 se
252 3903 116 46 sont
386 3907 416 58 immédiatement
812 3921 157 57 joints
994 3927 32 47 à
1051 3940 112 39 eux.
