<?xml version="1.0" encoding="UTF-8"?>
<alto xmlns:xsi="http://www.w3.org/2001/XMLSchema-instance" xmlns="http://www.loc.gov/standards/alto/ns-v2#" xsi:schemaLocation="http://www.loc.gov/standards/alto/ns-v2# http://www.loc.gov/standards/alto/alto-v2.0.xsd" xmlns:xlink="http://www.w3.org/1999/xlink">
	<Description>
		<MeasurementUnit>mm10</MeasurementUnit>
		<sourceImageInformation>
			<fileName>//fileserver7/IN2/Princeton/jp2/pudl0097/2980652/004/191306_02/00000101.jp2</fileName>
		</sourceImageInformation>
		<OCRProcessing ID="OCRPROCESSING_1">
			<preProcessingStep>
				<processingSoftware>
					<softwareCreator>CCS Content Conversion Specialists GmbH, Germany</softwareCreator>
					<softwareName>CCS docWORKS</softwareName>
					<softwareVersion>6.6-0.29</softwareVersion>
				</processingSoftware>
			</preProcessingStep>
			<ocrProcessingStep>
				<processingSoftware>
					<softwareCreator>ABBYY (BIT Software), Russia</softwareCreator>
					<softwareName>FineReader</softwareName>
					<softwareVersion>10.0</softwareVersion>
				</processingSoftware>
			</ocrProcessingStep>
		</OCRProcessing>
		<OCRProcessing ID="OCRPROCESSING_2">
			<preProcessingStep>
				<processingSoftware>
					<softwareCreator>CCS Content Conversion Specialists GmbH, Germany</softwareCreator>
					<softwareName>CCS docWORKS</softwareName>
					<softwareVersion>6.6-0.29</softwareVersion>
				</processingSoftware>
			</preProcessingStep>
			<ocrProcessingStep>
				<processingSoftware>
					<softwareCreator>ABBYY (BIT Software), Russia</softwareCreator>
					<softwareName>NA</softwareName>
				</processingSoftware>
			</ocrProcessingStep>
		</OCRProcessing>
	</Description>
	<Styles>
		<TextStyle ID="TXT_0" FONTSIZE="10" FONTFAMILY="Times New Roman"/>
		<ParagraphStyle ID="PAR_RIGHT" ALIGN="Right"/>
		<ParagraphStyle ID="PAR_LEFT" ALIGN="Left"/>
		<ParagraphStyle ID="PAR_CENTER" ALIGN="Center"/>
	</Styles>
	<Layout>
		<Page ID="P1" PHYSICAL_IMG_NR="1" HEIGHT="4087" WIDTH="3022" PRINTED_IMG_NR="49" PC="0.918">
			<TopMargin ID="P1_TM00001" HPOS="0" VPOS="0" WIDTH="3022" HEIGHT="8"/>
			<LeftMargin ID="P1_LM00001" HPOS="0" VPOS="8" WIDTH="6" HEIGHT="3942"/>
			<RightMargin ID="P1_RM00001" HPOS="3015" VPOS="8" WIDTH="7" HEIGHT="3942"/>
			<BottomMargin ID="P1_BM00001" HPOS="0" VPOS="3950" WIDTH="3022" HEIGHT="137">
				<TextBlock ID="P1_TB00001" HPOS="2894" VPOS="3952" WIDTH="36" HEIGHT="23" STYLEREFS="TXT_0 PAR_RIGHT">
					<TextLine ID="P1_TL00001" HPOS="2894" VPOS="3952" WIDTH="36" HEIGHT="23">
						<String ID="P1_ST00001" HPOS="2894" VPOS="3952" WIDTH="36" HEIGHT="23" CONTENT="49" WC="1.00" CC="00"/>
					</TextLine>
				</TextBlock>
			</BottomMargin>
			<PrintSpace ID="P1_PS00001" HPOS="6" VPOS="8" WIDTH="3009" HEIGHT="3942">
				<TextBlock ID="P1_TB00002" HPOS="94" VPOS="78" WIDTH="523" HEIGHT="69" STYLEREFS="TXT_0 PAR_LEFT">
					<TextLine ID="P1_TL00002" HPOS="94" VPOS="103" WIDTH="523" HEIGHT="44">
						<String ID="P1_ST00002" HPOS="94" VPOS="103" WIDTH="191" HEIGHT="44" CONTENT="Umfang:" WC="0.97" CC="8106479"/>
						<SP ID="P1_SP00001" HPOS="285" VPOS="147" WIDTH="35"/>
						<String ID="P1_ST00003" HPOS="320" VPOS="104" WIDTH="107" HEIGHT="35" CONTENT="acht" WC="0.99" CC="1120"/>
						<SP ID="P1_SP00002" HPOS="427" VPOS="147" WIDTH="41"/>
						<String ID="P1_ST00004" HPOS="468" VPOS="103" WIDTH="149" HEIGHT="36" CONTENT="Seiteti" WC="0.46" CC="4660685"/>
					</TextLine>
				</TextBlock>
				<TextBlock ID="P1_TB00003" HPOS="2359" VPOS="78" WIDTH="580" HEIGHT="88" STYLEREFS="TXT_0 PAR_RIGHT">
					<TextLine ID="P1_TL00003" HPOS="2360" VPOS="112" WIDTH="574" HEIGHT="48">
						<String ID="P1_ST00005" HPOS="2360" VPOS="112" WIDTH="278" HEIGHT="39" CONTENT="Einzelbezug" WC="0.99" CC="67750724332"/>
						<SP ID="P1_SP00003" HPOS="2638" VPOS="151" WIDTH="28"/>
						<String ID="P1_ST00006" HPOS="2666" VPOS="113" WIDTH="58" HEIGHT="37" CONTENT="40" WC="0.50" CC="27"/>
						<SP ID="P1_SP00004" HPOS="2724" VPOS="151" WIDTH="27"/>
						<String ID="P1_ST00007" HPOS="2751" VPOS="115" WIDTH="183" HEIGHT="45" CONTENT="Pfennig" WC="0.98" CC="4346254"/>
					</TextLine>
				</TextBlock>
				<TextBlock ID="P1_TB00004" HPOS="93" VPOS="200" WIDTH="2841" HEIGHT="578" STYLEREFS="TXT_0 PAR_CENTER">
					<TextLine ID="P1_TL00004" HPOS="93" VPOS="244" WIDTH="2841" HEIGHT="534">
						<String ID="P1_ST00008" HPOS="93" VPOS="244" WIDTH="1144" HEIGHT="531" CONTENT="HALBMONATSSCHRIFT" WC="0.99" CC="72050600200888744"/>
						<SP ID="P1_SP00005" HPOS="1237" VPOS="775" WIDTH="53"/>
						<String ID="P1_ST00009" HPOS="1290" VPOS="681" WIDTH="201" HEIGHT="94" CONTENT="FÜR" WC="1.00" CC="000"/>
						<SP ID="P1_SP00006" HPOS="1491" VPOS="775" WIDTH="56"/>
						<String ID="P1_ST00010" HPOS="1547" VPOS="696" WIDTH="419" HEIGHT="82" CONTENT="KULTUR" WC="0.99" CC="230023"/>
						<SP ID="P1_SP00007" HPOS="1966" VPOS="778" WIDTH="58"/>
						<String ID="P1_ST00011" HPOS="2024" VPOS="696" WIDTH="224" HEIGHT="77" CONTENT="UND" WC="0.99" CC="020"/>
						<SP ID="P1_SP00008" HPOS="2248" VPOS="778" WIDTH="56"/>
						<String ID="P1_ST00012" HPOS="2304" VPOS="696" WIDTH="172" HEIGHT="77" CONTENT="DIE" WC="0.95" CC="066"/>
						<SP ID="P1_SP00009" HPOS="2476" VPOS="778" WIDTH="56"/>
						<String ID="P1_ST00013" HPOS="2532" VPOS="686" WIDTH="402" HEIGHT="92" CONTENT="KÜNSTE" WC="0.99" CC="000046"/>
					</TextLine>
				</TextBlock>
				<TextBlock ID="P1_TB00005" HPOS="267" VPOS="872" WIDTH="698" HEIGHT="114" STYLEREFS="TXT_0 PAR_LEFT">
					<TextLine ID="P1_TL00005" HPOS="272" VPOS="873" WIDTH="690" HEIGHT="64">
						<String ID="P1_ST00014" HPOS="272" VPOS="873" WIDTH="301" HEIGHT="52" CONTENT="Redaktion" WC="1.00" CC="400005000"/>
						<SP ID="P1_SP00010" HPOS="573" VPOS="925" WIDTH="44"/>
						<String ID="P1_ST00015" HPOS="617" VPOS="873" WIDTH="108" HEIGHT="50" CONTENT="und" WC="1.00" CC="000"/>
						<SP ID="P1_SP00011" HPOS="725" VPOS="925" WIDTH="41"/>
						<String ID="P1_ST00016" HPOS="766" VPOS="873" WIDTH="196" HEIGHT="64" CONTENT="Verlag" WC="1.00" CC="000003"/>
					</TextLine>
					<TextLine ID="P1_TL00006" HPOS="268" VPOS="947" WIDTH="697" HEIGHT="39">
						<String ID="P1_ST00017" HPOS="268" VPOS="949" WIDTH="115" HEIGHT="37" CONTENT="Berlin" WC="1.00" CC="100000"/>
						<SP ID="P1_SP00012" HPOS="383" VPOS="986" WIDTH="12"/>
						<String ID="P1_ST00018" HPOS="395" VPOS="949" WIDTH="80" HEIGHT="36" CONTENT="W9" WC="0.41" CC="57"/>
						<SP ID="P1_SP00013" HPOS="475" VPOS="986" WIDTH="8"/>
						<String ID="P1_ST00019" HPOS="483" VPOS="949" WIDTH="13" HEIGHT="36" CONTENT="/" WC="1.00" CC="0"/>
						<SP ID="P1_SP00014" HPOS="496" VPOS="986" WIDTH="10"/>
						<String ID="P1_ST00020" HPOS="506" VPOS="948" WIDTH="209" HEIGHT="37" CONTENT="Potsdamer" WC="1.00" CC="600020000"/>
						<SP ID="P1_SP00015" HPOS="715" VPOS="986" WIDTH="11"/>
						<String ID="P1_ST00021" HPOS="726" VPOS="947" WIDTH="127" HEIGHT="38" CONTENT="Straße" WC="0.99" CC="000502"/>
						<SP ID="P1_SP00016" HPOS="853" VPOS="986" WIDTH="13"/>
						<String ID="P1_ST00022" HPOS="866" VPOS="948" WIDTH="69" HEIGHT="36" CONTENT="134" WC="0.86" CC="400"/>
						<SP ID="P1_SP00017" HPOS="935" VPOS="986" WIDTH="10"/>
						<String ID="P1_ST00023" HPOS="945" VPOS="959" WIDTH="20" HEIGHT="25" CONTENT="a" WC="0.96" CC="0"/>
					</TextLine>
				</TextBlock>
				<TextBlock ID="P1_TB00006" HPOS="2068" VPOS="872" WIDTH="696" HEIGHT="117" STYLEREFS="TXT_0 PAR_LEFT">
					<TextLine ID="P1_TL00007" HPOS="2068" VPOS="873" WIDTH="695" HEIGHT="66">
						<String ID="P1_ST00024" HPOS="2068" VPOS="873" WIDTH="120" HEIGHT="51" CONTENT="Aus" WC="1.00" CC="000"/>
						<SP ID="P1_SP00018" HPOS="2188" VPOS="924" WIDTH="18"/>
						<String ID="P1_ST00025" HPOS="2206" VPOS="874" WIDTH="143" HEIGHT="50" CONTENT="stell" WC="1.00" CC="00002"/>
						<SP ID="P1_SP00019" HPOS="2349" VPOS="924" WIDTH="17"/>
						<String ID="P1_ST00026" HPOS="2366" VPOS="891" WIDTH="162" HEIGHT="48" CONTENT="ungs" WC="0.97" CC="1000"/>
						<SP ID="P1_SP00020" HPOS="2528" VPOS="939" WIDTH="25"/>
						<String ID="P1_ST00027" HPOS="2553" VPOS="881" WIDTH="210" HEIGHT="47" CONTENT="räume" WC="1.00" CC="00000"/>
					</TextLine>
					<TextLine ID="P1_TL00008" HPOS="2072" VPOS="949" WIDTH="692" HEIGHT="40">
						<String ID="P1_ST00028" HPOS="2072" VPOS="949" WIDTH="115" HEIGHT="37" CONTENT="Berlin" WC="1.00" CC="000000"/>
						<SP ID="P1_SP00021" HPOS="2187" VPOS="986" WIDTH="11"/>
						<String ID="P1_ST00029" HPOS="2198" VPOS="949" WIDTH="98" HEIGHT="37" CONTENT="W9/" WC="0.75" CC="700"/>
						<SP ID="P1_SP00022" HPOS="2296" VPOS="986" WIDTH="9"/>
						<String ID="P1_ST00030" HPOS="2305" VPOS="949" WIDTH="209" HEIGHT="38" CONTENT="Potsdamer" WC="0.99" CC="640003010"/>
						<SP ID="P1_SP00023" HPOS="2514" VPOS="987" WIDTH="12"/>
						<String ID="P1_ST00031" HPOS="2526" VPOS="951" WIDTH="126" HEIGHT="38" CONTENT="Straße" WC="1.00" CC="000400"/>
						<SP ID="P1_SP00024" HPOS="2652" VPOS="989" WIDTH="14"/>
						<String ID="P1_ST00032" HPOS="2666" VPOS="952" WIDTH="69" HEIGHT="36" CONTENT="134" WC="0.86" CC="400"/>
						<SP ID="P1_SP00025" HPOS="2735" VPOS="989" WIDTH="11"/>
						<String ID="P1_ST00033" HPOS="2746" VPOS="964" WIDTH="18" HEIGHT="25" CONTENT="a" WC="0.80" CC="1"/>
					</TextLine>
				</TextBlock>
				<TextBlock ID="P1_TB00007" HPOS="1247" VPOS="886" WIDTH="541" HEIGHT="93" STYLEREFS="TXT_0 PAR_LEFT">
					<TextLine ID="P1_TL00009" HPOS="1248" VPOS="887" WIDTH="540" HEIGHT="34">
						<String ID="P1_ST00034" HPOS="1248" VPOS="887" WIDTH="225" HEIGHT="34" CONTENT="Herausgeber" WC="1.00" CC="66006000001"/>
						<SP ID="P1_SP00026" HPOS="1473" VPOS="921" WIDTH="17"/>
						<String ID="P1_ST00035" HPOS="1490" VPOS="888" WIDTH="60" HEIGHT="26" CONTENT="und" WC="0.98" CC="230"/>
						<SP ID="P1_SP00027" HPOS="1550" VPOS="921" WIDTH="19"/>
						<String ID="P1_ST00036" HPOS="1569" VPOS="888" WIDTH="219" HEIGHT="26" CONTENT="Schriftleiter" WC="1.00" CC="0050260404001"/>
					</TextLine>
					<TextLine ID="P1_TL00010" HPOS="1249" VPOS="939" WIDTH="536" HEIGHT="40">
						<String ID="P1_ST00037" HPOS="1249" VPOS="939" WIDTH="286" HEIGHT="40" CONTENT="HERWARTH" WC="0.99" CC="55040005"/>
						<SP ID="P1_SP00028" HPOS="1535" VPOS="979" WIDTH="33"/>
						<String ID="P1_ST00038" HPOS="1568" VPOS="939" WIDTH="217" HEIGHT="38" CONTENT="WALDEN" WC="0.94" CC="000020"/>
					</TextLine>
				</TextBlock>
				<TextBlock ID="P1_TB00008" HPOS="86" VPOS="1233" WIDTH="2840" HEIGHT="125" STYLEREFS="TXT_0 PAR_LEFT">
					<Shape>
						<Polygon POINTS="2926,1358 86,1358 86,1275 255,1275 255,1233 2926,1233"/>
					</Shape>
					<TextLine ID="P1_TL00011" HPOS="263" VPOS="1233" WIDTH="2660" HEIGHT="41">
						<String ID="P1_ST00039" HPOS="263" VPOS="1234" WIDTH="35" HEIGHT="31" CONTENT="H." WC="0.45" CC="64"/>
						<SP ID="P1_SP00029" HPOS="298" VPOS="1265" WIDTH="17"/>
						<String ID="P1_ST00040" HPOS="315" VPOS="1234" WIDTH="61" HEIGHT="31" CONTENT="W.:" WC="0.85" CC="040"/>
						<SP ID="P1_SP00030" HPOS="376" VPOS="1265" WIDTH="23"/>
						<String ID="P1_ST00041" HPOS="399" VPOS="1234" WIDTH="176" HEIGHT="40" CONTENT="Puppchen" WC="0.99" CC="46200707"/>
						<SP ID="P1_SP00031" HPOS="575" VPOS="1274" WIDTH="22"/>
						<String ID="P1_ST00042" HPOS="597" VPOS="1235" WIDTH="14" HEIGHT="37" CONTENT="/" WC="1.00" CC="0"/>
						<SP ID="P1_SP00032" HPOS="611" VPOS="1274" WIDTH="21"/>
						<String ID="P1_ST00043" HPOS="632" VPOS="1234" WIDTH="90" HEIGHT="31" CONTENT="Ernst" WC="0.98" CC="30305"/>
						<SP ID="P1_SP00033" HPOS="722" VPOS="1274" WIDTH="22"/>
						<String ID="P1_ST00044" HPOS="744" VPOS="1234" WIDTH="141" HEIGHT="31" CONTENT="Wilhelm" WC="0.99" CC="0633030"/>
						<SP ID="P1_SP00034" HPOS="885" VPOS="1274" WIDTH="22"/>
						<String ID="P1_ST00045" HPOS="907" VPOS="1233" WIDTH="87" HEIGHT="31" CONTENT="Lötz:" WC="0.98" CC="33650"/>
						<SP ID="P1_SP00035" HPOS="994" VPOS="1274" WIDTH="24"/>
						<String ID="P1_ST00046" HPOS="1018" VPOS="1233" WIDTH="104" HEIGHT="30" CONTENT="Allein" WC="0.98" CC="042056"/>
						<SP ID="P1_SP00036" HPOS="1122" VPOS="1274" WIDTH="23"/>
						<String ID="P1_ST00047" HPOS="1145" VPOS="1234" WIDTH="14" HEIGHT="37" CONTENT="/" WC="1.00" CC="0"/>
						<SP ID="P1_SP00037" HPOS="1159" VPOS="1274" WIDTH="21"/>
						<String ID="P1_ST00048" HPOS="1180" VPOS="1233" WIDTH="90" HEIGHT="30" CONTENT="Ernst" WC="0.97" CC="46107"/>
						<SP ID="P1_SP00038" HPOS="1270" VPOS="1274" WIDTH="21"/>
						<String ID="P1_ST00049" HPOS="1291" VPOS="1233" WIDTH="143" HEIGHT="31" CONTENT="Wilhelm" WC="0.99" CC="1051244"/>
						<SP ID="P1_SP00039" HPOS="1434" VPOS="1274" WIDTH="21"/>
						<String ID="P1_ST00050" HPOS="1455" VPOS="1233" WIDTH="87" HEIGHT="30" CONTENT="Lötz:" WC="0.97" CC="30727"/>
						<SP ID="P1_SP00040" HPOS="1542" VPOS="1274" WIDTH="23"/>
						<String ID="P1_ST00051" HPOS="1565" VPOS="1233" WIDTH="222" HEIGHT="30" CONTENT="Katechismus" WC="0.99" CC="64200070460"/>
						<SP ID="P1_SP00041" HPOS="1787" VPOS="1274" WIDTH="24"/>
						<String ID="P1_ST00052" HPOS="1811" VPOS="1238" WIDTH="11" HEIGHT="29" CONTENT="/" WC="0.66" CC="3"/>
						<SP ID="P1_SP00042" HPOS="1822" VPOS="1274" WIDTH="22"/>
						<String ID="P1_ST00053" HPOS="1844" VPOS="1233" WIDTH="105" HEIGHT="31" CONTENT="Alfred" WC="0.98" CC="477003"/>
						<SP ID="P1_SP00043" HPOS="1949" VPOS="1274" WIDTH="21"/>
						<String ID="P1_ST00054" HPOS="1970" VPOS="1234" WIDTH="134" HEIGHT="31" CONTENT="Richard" WC="0.99" CC="0060414"/>
						<SP ID="P1_SP00044" HPOS="2104" VPOS="1274" WIDTH="22"/>
						<String ID="P1_ST00055" HPOS="2126" VPOS="1234" WIDTH="121" HEIGHT="39" CONTENT="Meyer:" WC="0.97" CC="654495"/>
						<SP ID="P1_SP00045" HPOS="2247" VPOS="1274" WIDTH="22"/>
						<String ID="P1_ST00056" HPOS="2269" VPOS="1234" WIDTH="130" HEIGHT="30" CONTENT="Kloster" WC="0.99" CC="4030006"/>
						<SP ID="P1_SP00046" HPOS="2399" VPOS="1274" WIDTH="23"/>
						<String ID="P1_ST00057" HPOS="2422" VPOS="1235" WIDTH="136" HEIGHT="30" CONTENT="Neustift" WC="0.98" CC="87700370"/>
						<SP ID="P1_SP00047" HPOS="2558" VPOS="1274" WIDTH="21"/>
						<String ID="P1_ST00058" HPOS="2579" VPOS="1236" WIDTH="53" HEIGHT="29" CONTENT="bei" WC="0.95" CC="705"/>
						<SP ID="P1_SP00048" HPOS="2632" VPOS="1274" WIDTH="21"/>
						<String ID="P1_ST00059" HPOS="2653" VPOS="1236" WIDTH="117" HEIGHT="30" CONTENT="Brixen" WC="0.59" CC="265107"/>
						<SP ID="P1_SP00049" HPOS="2770" VPOS="1274" WIDTH="30"/>
						<String ID="P1_ST00060" HPOS="2800" VPOS="1238" WIDTH="13" HEIGHT="35" CONTENT="/" WC="0.82" CC="1"/>
						<SP ID="P1_SP00050" HPOS="2813" VPOS="1274" WIDTH="21"/>
						<String ID="P1_ST00061" HPOS="2834" VPOS="1236" WIDTH="89" HEIGHT="31" CONTENT="Peter" WC="0.97" CC="66632"/>
					</TextLine>
					<TextLine ID="P1_TL00012" HPOS="86" VPOS="1274" WIDTH="2837" HEIGHT="42">
						<String ID="P1_ST00062" HPOS="86" VPOS="1277" WIDTH="111" HEIGHT="32" CONTENT="Scher:" WC="0.99" CC="040030"/>
						<SP ID="P1_SP00051" HPOS="197" VPOS="1309" WIDTH="22"/>
						<String ID="P1_ST00063" HPOS="219" VPOS="1277" WIDTH="67" HEIGHT="29" CONTENT="Das" WC="0.97" CC="340"/>
						<SP ID="P1_SP00052" HPOS="286" VPOS="1309" WIDTH="22"/>
						<String ID="P1_ST00064" HPOS="308" VPOS="1276" WIDTH="157" HEIGHT="30" CONTENT="Holzbein" WC="0.99" CC="07434006"/>
						<SP ID="P1_SP00053" HPOS="465" VPOS="1309" WIDTH="22"/>
						<String ID="P1_ST00065" HPOS="487" VPOS="1276" WIDTH="13" HEIGHT="40" CONTENT="/" WC="0.79" CC="2"/>
						<SP ID="P1_SP00054" HPOS="500" VPOS="1316" WIDTH="22"/>
						<String ID="P1_ST00066" HPOS="522" VPOS="1276" WIDTH="111" HEIGHT="31" CONTENT="Rudolf" WC="0.98" CC="520066"/>
						<SP ID="P1_SP00055" HPOS="633" VPOS="1316" WIDTH="21"/>
						<String ID="P1_ST00067" HPOS="654" VPOS="1276" WIDTH="178" HEIGHT="31" CONTENT="Leonhard:" WC="0.99" CC="030406400"/>
						<SP ID="P1_SP00056" HPOS="832" VPOS="1316" WIDTH="24"/>
						<String ID="P1_ST00068" HPOS="856" VPOS="1276" WIDTH="30" HEIGHT="29" CONTENT="O" WC="0.90" CC="0"/>
						<SP ID="P1_SP00057" HPOS="886" VPOS="1316" WIDTH="16"/>
						<String ID="P1_ST00069" HPOS="902" VPOS="1274" WIDTH="86" HEIGHT="30" CONTENT="Welt" WC="0.98" CC="0052"/>
						<SP ID="P1_SP00058" HPOS="988" VPOS="1316" WIDTH="22"/>
						<String ID="P1_ST00070" HPOS="1010" VPOS="1277" WIDTH="13" HEIGHT="35" CONTENT="/" WC="1.00" CC="0"/>
						<SP ID="P1_SP00059" HPOS="1023" VPOS="1316" WIDTH="21"/>
						<String ID="P1_ST00071" HPOS="1044" VPOS="1274" WIDTH="37" HEIGHT="32" CONTENT="H." WC="0.44" CC="64"/>
						<SP ID="P1_SP00060" HPOS="1081" VPOS="1316" WIDTH="22"/>
						<String ID="P1_ST00072" HPOS="1103" VPOS="1274" WIDTH="63" HEIGHT="31" CONTENT="W.:" WC="0.83" CC="040"/>
						<SP ID="P1_SP00061" HPOS="1166" VPOS="1316" WIDTH="22"/>
						<String ID="P1_ST00073" HPOS="1188" VPOS="1274" WIDTH="155" HEIGHT="31" CONTENT="Kritiker:" WC="0.99" CC="065332040"/>
						<SP ID="P1_SP00062" HPOS="1343" VPOS="1316" WIDTH="25"/>
						<String ID="P1_ST00074" HPOS="1368" VPOS="1275" WIDTH="60" HEIGHT="30" CONTENT="Die" WC="1.00" CC="000"/>
						<SP ID="P1_SP00063" HPOS="1428" VPOS="1316" WIDTH="22"/>
						<String ID="P1_ST00075" HPOS="1450" VPOS="1274" WIDTH="181" HEIGHT="40" CONTENT="Reinigung" WC="0.98" CC="074737577"/>
						<SP ID="P1_SP00064" HPOS="1631" VPOS="1316" WIDTH="21"/>
						<String ID="P1_ST00076" HPOS="1652" VPOS="1277" WIDTH="14" HEIGHT="35" CONTENT="/" WC="1.00" CC="0"/>
						<SP ID="P1_SP00065" HPOS="1666" VPOS="1316" WIDTH="21"/>
						<String ID="P1_ST00077" HPOS="1687" VPOS="1274" WIDTH="196" HEIGHT="41" CONTENT="Nachfolger" WC="0.99" CC="5400701005"/>
						<SP ID="P1_SP00066" HPOS="1883" VPOS="1316" WIDTH="21"/>
						<String ID="P1_ST00078" HPOS="1904" VPOS="1277" WIDTH="14" HEIGHT="35" CONTENT="/" WC="1.00" CC="0"/>
						<SP ID="P1_SP00067" HPOS="1918" VPOS="1316" WIDTH="31"/>
						<String ID="P1_ST00079" HPOS="1949" VPOS="1276" WIDTH="67" HEIGHT="29" CONTENT="Der" WC="0.96" CC="404"/>
						<SP ID="P1_SP00068" HPOS="2016" VPOS="1316" WIDTH="22"/>
						<String ID="P1_ST00080" HPOS="2038" VPOS="1276" WIDTH="298" HEIGHT="30" CONTENT="deutschvölkische" WC="1.00" CC="0360006022065050"/>
						<SP ID="P1_SP00069" HPOS="2336" VPOS="1316" WIDTH="22"/>
						<String ID="P1_ST00081" HPOS="2358" VPOS="1276" WIDTH="205" HEIGHT="40" CONTENT="Brennpunkt" WC="0.98" CC="6407705670"/>
						<SP ID="P1_SP00070" HPOS="2563" VPOS="1316" WIDTH="31"/>
						<String ID="P1_ST00082" HPOS="2594" VPOS="1279" WIDTH="14" HEIGHT="37" CONTENT="/" WC="1.00" CC="0"/>
						<SP ID="P1_SP00071" HPOS="2608" VPOS="1316" WIDTH="31"/>
						<String ID="P1_ST00083" HPOS="2639" VPOS="1277" WIDTH="93" HEIGHT="32" CONTENT="Artur" WC="0.51" CC="04774"/>
						<SP ID="P1_SP00072" HPOS="2732" VPOS="1316" WIDTH="15"/>
						<String ID="P1_ST00084" HPOS="2747" VPOS="1277" WIDTH="176" HEIGHT="32" CONTENT="Babillotte:" WC="0.81" CC="09401400000"/>
					</TextLine>
					<TextLine ID="P1_TL00013" HPOS="86" VPOS="1316" WIDTH="2719" HEIGHT="42">
						<String ID="P1_ST00085" HPOS="86" VPOS="1318" WIDTH="60" HEIGHT="30" CONTENT="Die" WC="0.98" CC="050"/>
						<SP ID="P1_SP00073" HPOS="146" VPOS="1348" WIDTH="14"/>
						<String ID="P1_ST00086" HPOS="160" VPOS="1319" WIDTH="201" HEIGHT="30" CONTENT="Schwermut" WC="1.00" CC="000001030"/>
						<SP ID="P1_SP00074" HPOS="361" VPOS="1349" WIDTH="23"/>
						<String ID="P1_ST00087" HPOS="384" VPOS="1319" WIDTH="56" HEIGHT="28" CONTENT="des" WC="0.99" CC="200"/>
						<SP ID="P1_SP00075" HPOS="440" VPOS="1349" WIDTH="16"/>
						<String ID="P1_ST00088" HPOS="456" VPOS="1318" WIDTH="175" HEIGHT="29" CONTENT="Genießers" WC="0.99" CC="007304150"/>
						<SP ID="P1_SP00076" HPOS="631" VPOS="1349" WIDTH="22"/>
						<String ID="P1_ST00089" HPOS="653" VPOS="1319" WIDTH="14" HEIGHT="35" CONTENT="/" WC="1.00" CC="0"/>
						<SP ID="P1_SP00077" HPOS="667" VPOS="1354" WIDTH="21"/>
						<String ID="P1_ST00090" HPOS="688" VPOS="1317" WIDTH="99" HEIGHT="32" CONTENT="Franz" WC="0.99" CC="50050"/>
						<SP ID="P1_SP00078" HPOS="787" VPOS="1354" WIDTH="21"/>
						<String ID="P1_ST00091" HPOS="808" VPOS="1317" WIDTH="104" HEIGHT="31" CONTENT="Marc:" WC="0.96" CC="67156"/>
						<SP ID="P1_SP00079" HPOS="912" VPOS="1354" WIDTH="21"/>
						<String ID="P1_ST00092" HPOS="933" VPOS="1316" WIDTH="92" HEIGHT="30" CONTENT="Notiz" WC="0.98" CC="41335"/>
						<SP ID="P1_SP00080" HPOS="1025" VPOS="1354" WIDTH="23"/>
						<String ID="P1_ST00093" HPOS="1048" VPOS="1318" WIDTH="14" HEIGHT="36" CONTENT="/" WC="1.00" CC="0"/>
						<SP ID="P1_SP00081" HPOS="1062" VPOS="1354" WIDTH="20"/>
						<String ID="P1_ST00094" HPOS="1082" VPOS="1316" WIDTH="211" HEIGHT="40" CONTENT="Empfohlene" WC="0.99" CC="0100103664"/>
						<SP ID="P1_SP00082" HPOS="1293" VPOS="1356" WIDTH="23"/>
						<String ID="P1_ST00095" HPOS="1316" VPOS="1316" WIDTH="121" HEIGHT="31" CONTENT="Bücher" WC="0.98" CC="600674"/>
						<SP ID="P1_SP00083" HPOS="1437" VPOS="1356" WIDTH="21"/>
						<String ID="P1_ST00096" HPOS="1458" VPOS="1318" WIDTH="14" HEIGHT="36" CONTENT="/" WC="1.00" CC="0"/>
						<SP ID="P1_SP00084" HPOS="1472" VPOS="1356" WIDTH="21"/>
						<String ID="P1_ST00097" HPOS="1493" VPOS="1316" WIDTH="143" HEIGHT="31" CONTENT="Wilhelm" WC="0.99" CC="0060161"/>
						<SP ID="P1_SP00085" HPOS="1636" VPOS="1356" WIDTH="23"/>
						<String ID="P1_ST00098" HPOS="1659" VPOS="1316" WIDTH="160" HEIGHT="40" CONTENT="Morgner:" WC="0.72" CC="70090040"/>
						<SP ID="P1_SP00086" HPOS="1819" VPOS="1356" WIDTH="24"/>
						<String ID="P1_ST00099" HPOS="1843" VPOS="1316" WIDTH="283" HEIGHT="31" CONTENT="Linoleumschnitt" WC="1.00" CC="434000500004300"/>
						<SP ID="P1_SP00087" HPOS="2126" VPOS="1356" WIDTH="23"/>
						<String ID="P1_ST00100" HPOS="2149" VPOS="1319" WIDTH="12" HEIGHT="36" CONTENT="/" WC="1.00" CC="0"/>
						<SP ID="P1_SP00088" HPOS="2161" VPOS="1356" WIDTH="23"/>
						<String ID="P1_ST00101" HPOS="2184" VPOS="1317" WIDTH="72" HEIGHT="31" CONTENT="Curt" WC="0.52" CC="6506"/>
						<SP ID="P1_SP00089" HPOS="2256" VPOS="1356" WIDTH="23"/>
						<String ID="P1_ST00102" HPOS="2279" VPOS="1317" WIDTH="169" HEIGHT="32" CONTENT="Stoermer:" WC="0.82" CC="060200600"/>
						<SP ID="P1_SP00090" HPOS="2448" VPOS="1356" WIDTH="24"/>
						<String ID="P1_ST00103" HPOS="2472" VPOS="1318" WIDTH="333" HEIGHT="40" CONTENT="Originalholzschnitt" WC="1.00" CC="2430773404040007200"/>
					</TextLine>
				</TextBlock>
				<TextBlock ID="P1_TB00009" HPOS="86" VPOS="1232" WIDTH="157" HEIGHT="37" STYLEREFS="TXT_0 PAR_LEFT">
					<TextLine ID="P1_TL00014" HPOS="88" VPOS="1234" WIDTH="152" HEIGHT="32">
						<String ID="P1_ST00104" HPOS="88" VPOS="1234" WIDTH="152" HEIGHT="32" CONTENT="Inhalft:" WC="0.99" CC="20305335"/>
						<SP ID="P1_SP00091" HPOS="240" VPOS="1266" WIDTH="0"/>
					</TextLine>
				</TextBlock>
				<TextBlock ID="P1_TB00010" HPOS="536" VPOS="3462" WIDTH="1122" HEIGHT="71" STYLEREFS="TXT_0 PAR_LEFT">
					<TextLine ID="P1_TL00015" HPOS="537" VPOS="3462" WIDTH="1121" HEIGHT="70">
						<String ID="P1_ST00105" HPOS="537" VPOS="3462" WIDTH="324" HEIGHT="59" CONTENT="Wilhelm" WC="0.99" CC="0243034"/>
						<SP ID="P1_SP00092" HPOS="861" VPOS="3521" WIDTH="47"/>
						<String ID="P1_ST00106" HPOS="908" VPOS="3463" WIDTH="344" HEIGHT="69" CONTENT="Morgner:" WC="0.73" CC="00641052"/>
						<SP ID="P1_SP00093" HPOS="1252" VPOS="3532" WIDTH="50"/>
						<String ID="P1_ST00107" HPOS="1302" VPOS="3487" WIDTH="356" HEIGHT="36" CONTENT="Linoleumschnitt" WC="0.98" CC="010460406037774"/>
					</TextLine>
				</TextBlock>
				<TextBlock ID="P1_TB00011" HPOS="2518" VPOS="1092" WIDTH="419" HEIGHT="48" STYLEREFS="TXT_0 PAR_RIGHT">
					<TextLine ID="P1_TL00016" HPOS="2519" VPOS="1093" WIDTH="416" HEIGHT="47">
						<String ID="P1_ST00108" HPOS="2519" VPOS="1093" WIDTH="228" HEIGHT="40" CONTENT="NUMMER" WC="0.99" CC="040560"/>
						<SP ID="P1_SP00094" HPOS="2747" VPOS="1133" WIDTH="29"/>
						<String ID="P1_ST00109" HPOS="2776" VPOS="1093" WIDTH="159" HEIGHT="47" CONTENT="166/167" WC="0.54" CC="3672470"/>
					</TextLine>
				</TextBlock>
				<TextBlock ID="P1_TB00012" HPOS="86" VPOS="1091" WIDTH="512" HEIGHT="48" STYLEREFS="TXT_0 PAR_LEFT">
					<TextLine ID="P1_TL00017" HPOS="87" VPOS="1091" WIDTH="511" HEIGHT="47">
						<String ID="P1_ST00110" HPOS="87" VPOS="1092" WIDTH="211" HEIGHT="39" CONTENT="VIERTER" WC="0.98" CC="0560460"/>
						<SP ID="P1_SP00095" HPOS="298" VPOS="1131" WIDTH="21"/>
						<String ID="P1_ST00111" HPOS="319" VPOS="1091" WIDTH="279" HEIGHT="47" CONTENT="JAHRGANG" WC="0.99" CC="40604005"/>
					</TextLine>
				</TextBlock>
				<TextBlock ID="P1_TB00013" HPOS="1210" VPOS="1090" WIDTH="594" HEIGHT="47" STYLEREFS="TXT_0 PAR_CENTER">
					<TextLine ID="P1_TL00018" HPOS="1211" VPOS="1090" WIDTH="593" HEIGHT="47">
						<String ID="P1_ST00112" HPOS="1211" VPOS="1090" WIDTH="336" HEIGHT="40" CONTENT="BERLIN-PARIS" WC="0.99" CC="064250400060"/>
						<SP ID="P1_SP00096" HPOS="1547" VPOS="1130" WIDTH="23"/>
						<String ID="P1_ST00113" HPOS="1570" VPOS="1091" WIDTH="111" HEIGHT="46" CONTENT="JUNI" WC="0.97" CC="2406"/>
						<SP ID="P1_SP00097" HPOS="1681" VPOS="1137" WIDTH="32"/>
						<String ID="P1_ST00114" HPOS="1713" VPOS="1092" WIDTH="91" HEIGHT="36" CONTENT="1913" WC="0.55" CC="4760"/>
					</TextLine>
				</TextBlock>
				<ComposedBlock ID="P1_CB00001" HPOS="569" VPOS="1707" WIDTH="1882" HEIGHT="1596" STYLEREFS="TXT_0 PAR_LEFT" TYPE="Illustration">
					<GraphicalElement ID="P1_CB00001_SUB" HPOS="569" VPOS="1707" WIDTH="1882" HEIGHT="1596"/>
				</ComposedBlock>
			</PrintSpace>
		</Page>
	</Layout>
</alto>
