3292 4348
3052 4042 47 35 47

123 289 201 137 Les
428 289 523 140 Gaines
1043 277 180 152 de
1327 274 422 155 fumée
1858 317 117 109 et
2079 277 112 149 la
2295 274 772 152 Ventillation

118 480 345 157 dans
575 485 175 155 les
857 485 754 155 immeubles
1716 515 81 125 à
1899 513 474 160 étages
2475 482 599 188 multiples

117 811 78 41 par
228 792 160 47 Alfred
428 795 151 53 NYST,

114 859 255 47 architecte
400 862 274 46 S.B.U.A.M.
705 868 48 41 et
783 865 223 52 S.C.A.B.,

115 929 230 56 ingénieur
377 927 273 56 électricien,

118 995 230 56 ingénieur
378 993 84 47 des
494 998 143 43 Mines
668 997 166 57 A.I.Lg.

124 2016 325 38 L'établissement
472 2015 69 38 des
565 2015 171 38 conduits
758 2015 50 36 de
831 2014 216 38 cheminées

123 2074 186 36 constitue
331 2070 66 39 l'un
419 2071 68 38 des
508 2070 190 51 chapitres
719 2070 50 37 de
791 2069 29 38 la
841 2069 204 50 technique

122 2128 48 37 du
191 2127 186 37 bâtiment
396 2129 60 47 qui
476 2126 125 37 donne
621 2126 31 37 le
675 2125 75 50 plus
768 2125 49 37 de
835 2124 36 38 fil
891 2126 19 36 à
932 2129 97 32 retor-

122 2183 67 37 dre
214 2185 19 35 à
259 2182 247 38 l'architecte.

125 2248 17 38 Il
169 2254 91 45 peut
285 2250 165 48 paraître
478 2246 201 51 paradoxal
705 2247 50 36 de
779 2247 75 37 s'en
881 2260 166 35 occuper

122 2319 141 23 encore
289 2319 43 22 au
360 2308 166 32 moment
550 2304 45 36 où
620 2302 30 37 la
677 2301 276 39 centralisation
979 2300 67 38 des

123 2363 162 35 services
316 2359 144 38 semble
493 2359 130 37 devoir
656 2357 179 38 résoudre
868 2372 64 22 son
967 2371 61 35 pro-

125 2415 124 38 blème
284 2430 65 35 par
382 2414 129 50 simple
546 2415 237 48 suppression
815 2412 68 38 des
917 2415 130 45 gaines

127 2471 268 50 particulières.
431 2472 106 41 Mais,
573 2472 25 35 si
635 2469 151 49 rapides
821 2474 40 31 et
896 2467 151 38 décisifs

125 2542 73 35 que
225 2529 121 35 soient
373 2525 50 38 les
450 2527 155 48 progrès
630 2524 150 37 réalisés
806 2523 91 38 dans
924 2523 31 37 le
983 2523 43 36 do-

125 2585 122 35 maine
268 2587 47 32 du
337 2581 160 43 confort,
522 2580 85 38 bien
630 2579 69 38 des
720 2582 164 34 annnées
905 2579 124 36 s'écou-

124 2637 119 39 leront
276 2652 141 22 encore
450 2641 113 32 avant
597 2650 74 34 que
704 2634 49 38 les
789 2634 176 37 bienfaits
999 2633 47 37 du

125 2709 75 22 mur
222 2692 250 43 neutralisant,
496 2691 49 38 de
568 2691 74 37 l'air
662 2695 109 33 exact
792 2694 39 32 et
852 2689 47 37 du
922 2688 106 38 chauf-

122 2749 94 48 fage
244 2763 65 35 par
334 2751 273 46 rayonnement
630 2748 121 36 soient
776 2743 225 39 accessibles
1026 2745 19 35 à

123 2810 128 32 toutes
273 2804 50 37 les
344 2803 136 38 classes
501 2802 50 37 de
572 2801 30 38 la
625 2803 159 36 société.

123 2872 44 35 En
189 2869 214 43 attendant,
427 2869 32 37 le
481 2867 154 39 conduit
656 2867 49 37 de
727 2865 198 39 cheminée
946 2869 101 33 reste

123 2942 43 22 un
190 2928 212 35 accessoire
424 2923 280 50 indispensable
727 2922 47 37 du
798 2921 206 47 logement.

124 2983 46 36 Le
200 2984 164 47 système
395 2980 252 37 d'habitation
682 2992 64 36 par
777 2980 271 47 appartement

123 3037 178 50 implique
329 3036 214 37 l'existence
572 3034 84 37 d'un
686 3038 118 33 statut
829 3031 219 38 immobilier

124 3095 59 47 qui
210 3091 105 49 règle
342 3091 50 37 les
417 3090 227 48 obligations
670 3089 68 37 des
764 3091 208 46 occupants
998 3086 50 37 les

125 3164 61 22 uns
222 3163 133 22 envers
389 3147 51 37 les
477 3151 137 33 autres.
649 3145 61 37 Ce
747 3149 116 32 statut
902 3144 147 48 prévoit

123 3203 209 48 l'allumage
355 3208 40 31 et
416 3201 223 38 l'extinction
662 3200 47 37 du
732 3198 209 48 chauffage
963 3212 65 22 cen-

123 3260 66 37 tral
214 3261 19 36 à
261 3259 112 37 dates
395 3257 92 38 fixes
510 3272 45 23 ce
580 3258 59 47 quî
666 3257 171 36 entraîne
864 3253 28 37 la
920 3256 108 34 néces-

123 3318 70 34 sité
223 3314 50 38 de
303 3314 144 37 donner
476 3314 20 35 à
527 3312 141 38 chacun
699 3310 30 37 la
763 3308 204 51 possibilité
998 3308 50 36 de

123 3386 39 22 se
188 3369 186 39 chauffer.
400 3370 151 36 D'autre
579 3372 92 45 part,
697 3366 33 37 le
752 3368 222 35 traitement
998 3363 50 37 de

124 3428 188 36 certaines
341 3424 181 38 maladies
549 3426 109 45 exige
687 3437 70 23 une
786 3422 263 48 température

125 3482 148 37 élevée.
297 3481 61 37 On
385 3480 81 37 doit
491 3479 99 37 donc
615 3480 154 48 pouvoir
792 3475 212 39 demander
1028 3476 18 34 à

125 3553 70 22 une
226 3552 131 22 source
386 3535 50 38 de
467 3533 149 39 chaleur
647 3532 237 51 particulière
915 3531 50 37 de
994 3545 37 21 re-

125 3593 155 43 médier,
308 3607 45 22 en
379 3594 76 40 été,
482 3606 65 21 aux
570 3589 247 38 défaillances
840 3587 47 37 du
913 3586 134 42 climat,

125 3648 224 50 d'apporter
372 3662 63 23 son
459 3648 169 47 appoint,
653 3660 45 22 en
722 3644 110 42 hiver,
856 3658 45 22 au
923 3640 105 40 chauf-

123 3705 94 47 fage
243 3702 141 38 central
411 3702 50 37 de
487 3700 237 38 l'immeuble.

126 3772 46 36 Le
210 3769 208 48 chauffage
454 3770 19 35 à
512 3767 234 38 l'électricité
784 3770 58 33 est
878 3765 170 40 coûteux,

125 3825 160 50 l'emploi
327 3825 47 37 du
416 3839 68 33 gaz
523 3821 304 49 contre-indiqué
867 3820 91 37 dans
1000 3817 49 38 les

126 3881 211 40 chambres.
370 3881 46 37 Le
443 3880 65 37 feu
539 3879 50 37 de
620 3878 80 38 bois
729 3894 45 21 ou
804 3877 50 37 de
884 3874 165 39 charbon

126 3943 102 33 reste
258 3953 45 22 ce
335 3951 74 35 que
442 3935 68 37 l'on
542 3950 19 22 a
591 3936 152 35 inventé
774 3932 50 38 de
857 3934 117 34 mieux
1005 3944 43 21 au

1150 2015 103 47 point
1273 2013 49 36 de
1343 2027 70 22 vue
1434 2012 49 37 de
1505 2011 198 51 l'hygiène.
1724 2014 56 34 Au
1804 2013 102 48 point
1926 2011 49 37 de
1995 2026 71 22 vue

1149 2068 46 37 du
1242 2067 159 43 confort,
1449 2067 211 37 l'humanité
1706 2067 149 37 réaliste
1901 2067 147 49 d'après-

1148 2138 136 33 guerre
1306 2122 143 38 semble
1473 2125 143 35 revenir
1641 2138 65 21 aux
1728 2127 123 32 vertus
1875 2121 193 38 familiales

1150 2179 47 36 du
1221 2194 21 21 «
1266 2181 81 35 coin
1373 2178 46 37 du
1443 2178 63 37 feu
1531 2194 21 21 »
1579 2193 7 22 :
1612 2179 93 36 c'est
1731 2179 192 48 peut-être
1948 2178 19 36 à
1994 2179 50 34 mé-

1150 2234 97 37 diter
1271 2234 141 37 devant
1438 2234 29 37 la
1493 2233 152 37 flamme
1668 2233 159 47 fugitive
1854 2231 134 51 qu'elle
2014 2248 36 21 re-

1147 2295 173 31 trouvera
1344 2289 29 37 la
1397 2304 167 32 sagesse.

1151 2345 107 37 L'une
1292 2344 68 38 des
1399 2346 315 48 préoccupations
1750 2342 230 39 essentielles
2018 2343 49 37 de

1150 2401 234 37 l'architecte
1411 2403 59 47 qui
1497 2402 176 35 construit
1701 2415 42 21 un
1771 2399 200 37 immeuble
1998 2397 54 39 col-

1151 2456 105 38 lectif
1279 2456 81 37 doit
1386 2458 83 35 être
1496 2455 49 38 de
1571 2455 148 37 réduire
1746 2470 42 22 au
1816 2456 129 35 stricte
1972 2456 78 34 mini-

1151 2526 94 22 mum
1278 2511 51 38 les
1360 2514 280 35 inconvénients
1671 2510 49 38 de
1752 2509 29 38 la
1818 2512 250 47 promiscuité.

1151 2568 65 42 Or,
1246 2570 74 33 rien
1351 2582 45 21 ne
1422 2566 140 37 traduit
1590 2566 49 37 de
1665 2566 113 48 façon
1808 2564 75 51 plus
1912 2564 156 38 odieuse

1151 2622 29 37 la
1209 2625 183 47 présence
1416 2622 46 36 du
1487 2624 112 34 voisin
1625 2636 73 34 que
1722 2620 51 38 les
1797 2620 136 38 odeurs
1956 2620 50 37 de
2030 2635 37 22 sa

1150 2680 149 36 cuisine.
1323 2676 176 38 Celles-ci
1524 2677 155 37 doivent
1701 2678 82 35 être
1809 2678 160 47 captées
1992 2677 19 35 à
2039 2674 29 37 la

1151 2748 131 22 source
1317 2747 64 35 par
1414 2732 68 38 des
1517 2731 166 38 bouches
1717 2731 242 49 d'aspiration
1997 2730 55 50 pla-

1151 2791 89 35 cées
1263 2803 65 22 aux
1350 2787 167 38 endroits
1538 2786 123 38 voulus
1684 2792 39 32 et
1746 2789 19 35 à
1790 2786 204 38 l'exclusion
2020 2785 49 37 de

1151 2859 45 22 ce
1225 2846 168 35 souvenir
1423 2843 83 36 d'un
1536 2848 106 31 autre
1672 2844 74 46 âge
1778 2843 110 48 qu'on
1918 2841 151 50 appelle

1151 2899 30 38 la
1211 2899 120 38 hotte.
1360 2898 78 38 Ces
1464 2898 170 38 conduits
1662 2898 50 37 de
1739 2897 216 38 ventilation
1984 2900 65 34 éva-

1151 2959 156 33 cueront
1332 2953 218 48 également
1575 2953 50 38 les
1652 2953 166 50 produits
1842 2953 50 37 de
1916 2952 29 37 la
1972 2968 74 22 com-

1152 3010 144 38 bustion
1321 3010 46 37 du
1389 3009 182 37 fourneau
1595 3010 19 35 à
1637 3024 78 32 gaz,
1740 3011 88 34 mais
1849 3024 70 21 une
1941 3023 108 22 secon-

1151 3065 49 37 de
1225 3068 111 44 gaine
1360 3071 57 31 est
1442 3066 213 35 néanmoins
1677 3063 278 50 indispensable
1979 3063 91 37 dans

1152 3121 147 49 chaque
1329 3122 147 41 cuisine,
1507 3122 70 35 soit
1609 3135 89 34 pour
1729 3118 31 38 le
1788 3119 82 37 four
1901 3118 68 38 des
1999 3120 54 36 cui-

1151 3178 152 36 sinières
1320 3178 19 34 à
1359 3191 69 33 gaz
1445 3178 258 46 importantes,
1724 3177 70 35 soit
1815 3189 90 34 pour
1924 3173 31 38 le
1973 3173 79 37 four-

1153 3247 93 22 neau
1270 3233 19 35 à
1312 3230 164 39 charbon
1499 3232 19 35 à
1543 3232 85 47 quoi
1653 3229 50 38 les
1725 3229 180 38 fins-becs
1928 3233 143 33 restent

1152 3286 349 39 irréductiblement
1523 3285 185 38 attachés.

1153 3376 88 36 L'air
1275 3374 150 38 confiné
1460 3377 118 44 règne
1612 3373 363 37 malheureusement
2009 3387 42 21 en-

1152 3446 89 22 core
1270 3445 45 22 en
1345 3431 132 35 maître
1505 3429 90 37 dans
1621 3434 83 32 tous
1732 3427 50 39 les
1811 3428 139 38 milieux
1979 3427 92 37 dont

1153 3485 51 38 les
1225 3500 210 22 ressources
1454 3490 82 32 sont
1556 3484 157 37 limitées
1734 3489 40 32 et
1796 3486 59 47 qui
1879 3499 45 21 ne
1944 3485 128 34 voient

1153 3542 91 37 dans
1265 3540 73 37 l'air
1357 3540 87 37 frais
1465 3555 73 34 que
1560 3540 68 37 des
1649 3539 156 38 calories
1828 3539 175 50 perdues.
2025 3539 46 35 Le

1152 3599 104 35 vieux
1286 3595 112 50 poêle
1424 3598 19 35 à
1474 3594 163 39 charbon
1667 3595 50 37 de
1746 3610 63 22 nos
1839 3598 110 46 pères
1977 3609 76 22 assu-

1153 3655 68 35 rait
1245 3652 32 36 le
1301 3650 319 38 renouvellement
1643 3650 50 37 de
1717 3650 74 36 l'air
1817 3665 64 34 par
1905 3665 63 21 son
1994 3651 60 35 sim-

1155 3707 57 50 ple
1242 3709 125 45 tirage
1402 3721 7 23 :
1441 3706 32 37 le
1504 3706 208 47 chauffage
1745 3705 140 37 central
1918 3710 58 32 est
2007 3704 44 37 dé-

1153 3768 162 33 sastreux
1340 3778 43 22 au
1411 3765 103 47 point
1536 3762 50 37 de
1609 3777 71 22 vue
1705 3761 49 37 de
1780 3761 185 50 l'hygiène
1991 3760 67 37 lors-

1153 3818 84 51 qu'il
1262 3819 93 36 n'est
1381 3833 65 34 pas
1468 3820 264 47 accompagné
1756 3817 50 37 de
1830 3817 170 37 conduits
2023 3816 50 37 de

1152 3874 218 38 ventilation
1415 3873 215 38 suffisantes
1674 3873 93 37 dont
1811 3872 51 38 les
1907 3871 167 38 bouches

1153 3933 122 35 soient
1297 3934 275 33 constamment
1595 3934 188 32 ouvertes.

2166 793 73 46 Fig.
2268 794 60 34 49.

2166 880 55 40 La
2263 879 182 50 grande
2488 883 111 46 pitié
2641 879 59 41 de
2742 894 85 26 nos
2866 885 213 35 toitures.

2169 971 162 35 Batterie
2370 967 50 39 de
2460 967 215 39 cheminées
2714 966 50 39 de
2804 969 153 36 cuisines
2997 966 76 40 construite

2165 966 48 40 en
2237 966 121 40 1929.
2382 966 48 40 On
2454 966 193 40 constate
2671 966 72 40 que
2767 966 97 40 deux
2888 966 169 40 usagers

2165 966 79 40 sur
2270 966 105 40 sept
2401 966 235 40 emploient
2662 966 53 40 le
2741 966 209 40 charbon,
2976 966 105 40 l'un

2167 1135 107 38 d'eux
2306 1150 18 22 a
2357 1134 70 38 fait
2458 1134 126 49 placer
2615 1133 67 38 des
2716 1133 180 48 rallonges
2927 1148 44 23 en
3003 1133 77 38 tôle

2167 1190 216 49 galvanisée
2415 1189 140 38 bavant
2589 1189 27 38 la
2649 1192 75 35 suie
2757 1196 40 32 et
2828 1188 28 38 la
2889 1187 122 39 rouille
3042 1194 39 33 et

2166 1246 83 50 qu'il
2286 1246 82 38 doit
2401 1245 208 49 remplacer
2644 1244 147 50 chaque
2826 1246 133 35 année.
2991 1244 89 38 Tous

2167 1302 49 38 les
2254 1307 124 33 autres
2416 1300 169 38 conduits
2623 1305 83 33 sont
2740 1305 85 43 trop
2862 1301 218 47 importants

2167 1373 91 34 pour
2286 1357 31 38 le
2345 1359 143 36 service
2514 1357 109 49 qu'on
2655 1355 73 39 leur
2754 1354 204 39 demande.

2172 2009 46 36 Le
2241 2006 195 51 problème
2456 2008 19 36 à
2497 2005 178 38 résoudre
2696 2020 40 22 se
2759 2020 91 35 pose
2872 2004 98 37 donc
2989 2018 74 23 com-

2171 2079 59 21 me
2253 2065 68 35 suit
2347 2078 7 22 :

2173 2119 123 37 Placer
2322 2118 92 37 dans
2441 2120 88 34 trois
2559 2119 129 47 pièces
2714 2131 43 21 au
2786 2117 113 35 moins
2926 2116 159 48 (cuisine,

2171 2174 118 48 living,
2331 2172 178 39 chambre
2550 2170 214 52 principale)
2804 2171 67 36 des
2910 2174 156 45 apparte-

2171 2234 118 32 ments
2326 2228 50 37 les
2415 2227 75 50 plus
2528 2227 203 42 modestes,
2770 2226 68 37 des
2874 2225 214 38 cheminées

2170 2284 158 39 doubles
2369 2284 141 49 (fumée
2550 2288 40 32 et
2630 2281 230 50 ventilation)
2901 2284 187 45 occupant

2174 2356 71 34 peu
2270 2341 50 37 de
2346 2339 107 50 place
2477 2341 124 35 même
2624 2353 64 22 aux
2710 2340 138 44 étages
2870 2338 216 48 supérieurs,

2173 2412 45 22 ne
2243 2401 159 43 grevant
2428 2410 65 34 pas
2516 2399 107 32 outre
2649 2408 145 22 mesure
2820 2392 31 37 le
2877 2391 148 48 budget
3050 2394 39 33 et

2172 2453 229 36 d'entretien
2431 2450 125 38 facile.

2173 2544 64 36 Les
2273 2542 169 37 conduits
2477 2541 265 37 d'évacuation
2778 2554 39 21 se
2852 2537 157 38 divisent
3043 2551 45 22 en

2172 2601 88 34 trois
2281 2597 134 39 classes
2439 2612 7 22 :

2173 2655 33 43 a)
2237 2655 46 35 Le
2314 2653 153 38 conduit
2496 2650 213 43 individuel;

2174 2709 35 49 b)
2242 2710 46 35 Le
2318 2708 153 38 conduit
2502 2709 168 40 unitaire;

2174 2765 32 49 c)
2237 2766 46 35 Le
2314 2763 153 38 conduit
2496 2778 21 21 «
2536 2762 104 37 shunt
2658 2776 19 22 »
2705 2776 45 21 ou
2778 2762 108 34 mixte
2913 2759 18 36 à
2960 2757 112 38 collec-

2172 2825 95 33 teur.

2176 2919 32 49 a)
2265 2918 249 37 CONDUITS
2547 2917 284 37 INDIVIDUELS

2176 2985 43 35 La
2263 2987 112 44 gaine
2418 2982 235 38 individuelle
2696 2998 19 21 a
2758 2984 85 41 0,20
2873 2998 15 20 x
2919 2984 84 40 0,20
3046 2996 44 21 ou

2175 3042 217 41 0,18x0,18
2428 3041 141 35 suivant
2603 3036 134 51 qu'elle
2769 3043 58 31 est
2860 3039 152 34 montée
3046 3050 44 22 en

2176 3095 150 49 briques
2354 3095 50 37 de
2430 3094 82 37 four
2540 3109 44 21 ou
2613 3093 49 37 de
2689 3092 104 38 canal
2820 3093 88 49 (voir
2936 3090 154 51 planche

2176 3151 193 48 annexée).
2406 3151 65 36 Ses
2508 3151 121 48 parois
2663 3151 219 34 intérieures
2916 3151 81 33 sont
3030 3161 41 21 en-

2175 3206 123 37 duites
2326 3206 49 37 de
2406 3207 149 35 mortier
2585 3203 178 50 appliqué
2790 3205 19 34 à
2839 3203 29 36 la
2896 3201 129 38 truelle
3053 3205 39 33 et

2176 3264 59 47 qui
2259 3262 147 36 devrait
2430 3262 82 35 être
2535 3260 80 37 lissé
2637 3261 19 35 à
2682 3259 30 37 la
2738 3259 127 36 brosse
2889 3256 169 38 mouillée
3084 3271 7 22 :

2178 3332 162 34 presque
2370 3318 126 48 jamais
2526 3315 31 37 le
2589 3330 130 33 maçon
2750 3314 200 49 n'apporte
2981 3313 19 36 à
3029 3326 62 22 son

2174 3372 128 38 travail
2322 3377 107 33 cette
2450 3370 278 50 indispensable
2747 3370 142 36 finition
2913 3384 8 21 :
2942 3367 151 38 l'enduit

2177 3428 141 37 devant
2345 3426 228 50 s'appliquer
2601 3441 43 21 au
2671 3425 56 37 fur
2755 3429 40 33 et
2823 3426 19 34 à
2872 3438 144 22 mesure
3044 3422 49 36 de

2177 3483 211 38 l'élévation
2412 3483 50 36 de
2486 3482 30 37 la
2543 3483 239 47 maçonnerie
2804 3479 91 37 dans
2918 3478 67 37 des
3009 3492 63 22 con-

2176 3539 134 37 ditions
2357 3537 305 42 malcommodes,
2709 3535 147 48 chaque
2902 3548 97 34 coup
3043 3532 50 36 de

2177 3594 129 38 truelle
2342 3594 116 44 laisse,
2495 3595 19 35 à
2548 3608 37 22 sa
2623 3594 120 47 partie
2776 3591 211 41 inférieure,
3024 3602 69 23 une

2179 3650 140 37 bavure
2356 3652 59 47 qui
2454 3648 185 38 accroche
2677 3647 29 36 la
2747 3648 75 35 suie
2860 3650 40 32 et
2938 3646 73 35 nuit
3050 3658 42 22 au

2176 3709 137 44 tirage.

2180 3763 43 35 La
2247 3761 197 38 cheminée
2467 3775 44 21 en
2535 3760 238 47 maçonnerie
2794 3761 57 33 est
2870 3758 138 47 sujette
3031 3768 63 23 aux

2178 3821 226 33 tassements
2439 3831 7 22 :
2479 3815 17 37 il
2531 3830 45 22 en
2609 3813 135 37 résulte
2777 3812 68 37 des
2876 3811 146 37 fissures
3055 3813 39 32 et

2179 3873 272 37 décollements
2491 3868 172 50 auxquels
2701 3867 18 38 il
2757 3873 58 32 est
2852 3865 154 39 difficile
3046 3863 49 37 de

2178 3928 201 37 remédier.
