3492 4417
1699 182 105 52 252

226 324 113 49 auch
370 322 71 48 die
469 322 204 48 Kaiserin
705 322 168 48 Mutter
899 337 84 34 von
1014 322 236 53 Russland,
1279 321 80 48 der
1387 323 332 62 Prinz-Regent

225 417 81 30 von
334 400 221 46 Preussen
596 398 89 47 und
728 398 166 49 andere
925 399 117 48 hohe
1070 398 321 48 Herrschaften
1421 399 295 64 eingetroffen

225 489 164 33 waren.

336 550 100 46 Den
464 548 390 65 Sonntag-Abend
889 549 224 48 beschloss
1153 564 82 32 von
1268 549 29 47 5
1308 544 12 28 1
1321 546 30 60 /
1352 577 14 28 2
1397 550 97 47 Uhr
1532 549 57 50 ab
1618 550 99 47 eine

223 625 80 47 der
347 624 343 65 grossartigslen
738 625 88 47 und
871 625 238 47 heitersten
1153 624 290 49 Luslfahrten
1491 627 83 46 auf
1613 625 102 48 dem

223 699 189 57 Rheine,
440 699 70 48 die
534 700 80 46 wir
629 700 46 64 je
696 700 141 47 erlebt
860 699 161 48 haben.
1051 699 135 48 Sechs
1207 699 241 65 prachtvoll
1473 700 243 65 beflaggte,

221 775 122 48 reich
385 775 283 65 bewimpelte
709 776 89 47 und
838 775 238 48 bekränzte
1117 775 339 65 Dampfschiffe,
1503 778 216 48 darunter

221 851 93 47 drei
344 850 79 48 der
450 855 201 60 grössten
675 851 411 65 Schleppdampfer,
1114 851 137 49 deren
1274 851 130 65 jeder
1432 869 55 32 an
1513 853 107 48 800
1650 854 65 47 bis

228 925 139 49 1000
391 926 239 48 Menschen
663 943 55 31 an
750 926 119 48 Bord
906 927 138 56 hatte,
1073 927 159 47 fuhren
1263 927 77 47 mit
1367 927 126 49 ihren
1522 929 166 63 Sänger-

223 1002 165 49 chören
412 1001 89 48 und
522 1002 85 47 den
630 1002 253 49 trefflichen
899 1004 281 64 Musikcorps
1202 1002 78 50 der
1301 1005 414 56 österreichischen,

223 1076 303 65 preussischen
555 1076 90 48 und
664 1077 253 49 hessischen
938 1079 304 63 Regimenter,
1272 1079 77 47 das
1372 1080 203 63 elegante
1597 1081 87 46 Für-

217 1152 233 49 stenschiff
469 1170 156 39 voran,
666 1155 80 48 auf
769 1155 212 47 welchem
1025 1155 80 47 der
1133 1155 302 63 Grossherzog
1465 1156 78 47 mit
1569 1156 147 47 seiner

220 1227 254 57 Gemahlin,
515 1227 100 50 dem
645 1230 176 63 Könige
856 1246 82 31 von
968 1230 160 47 Baiern
1171 1228 90 50 und
1293 1230 187 65 Gefolge
1515 1231 91 47 sich
1637 1231 51 48 be-

220 1303 180 58 fanden,
440 1305 113 47 nach
581 1303 100 49 dem
715 1306 236 63 Rheingau
983 1306 225 55 hinunter,
1251 1307 207 47 machten
1496 1308 195 47 verschie-

220 1380 113 48 dene
358 1380 310 55 Evolutionen,
708 1381 70 47 die
814 1382 63 46 sie
917 1381 103 48 bald
1062 1382 164 55 neben,
1269 1382 102 48 bald
1401 1383 315 49 abwechselnd

220 1471 77 31 vor
324 1453 90 49 und
442 1455 145 47 hinter
614 1455 213 49 einander
855 1456 232 57 brachten,
1128 1457 146 65 legten
1305 1458 41 47 in
1376 1458 80 47 der
1481 1460 128 47 Nähe
1639 1458 77 49 des

219 1529 379 65 Johannisberges
625 1529 72 50 bei
727 1532 90 48 und
846 1532 248 48 eröffneten
1118 1535 96 47 eine
1237 1533 361 65 viertelstündige
1620 1536 62 47 Ka-

219 1603 191 57 nonade,
461 1604 71 50 die
573 1607 276 63 glücklicher
891 1608 156 48 Weise
1086 1626 86 30 nur
1212 1608 141 48 durch
1393 1612 190 46 Donner
1622 1611 90 47 und

216 1682 173 63 Dampf
423 1682 69 47 ein
521 1683 246 48 Seetreffen
809 1686 238 54 vorstellte,
1089 1686 89 47 und
1221 1686 157 47 fuhren
1420 1686 120 48 dann
1583 1695 130 40 unter

217 1758 376 47 immerwährend
615 1759 260 65 steigenden
898 1761 201 48 Raketen
1123 1761 89 48 und
1233 1762 342 65 Leuchtkugeln
1598 1764 113 46 nach

217 1833 144 47 Mainz
381 1834 184 56 zurück,
593 1851 71 32 wo
694 1852 101 32 man
826 1843 89 41 erst
941 1836 113 48 nach
1084 1853 116 31 neun
1225 1838 96 47 Uhr
1344 1838 168 47 wieder
1532 1838 179 48 ankam.

219 1909 124 47 Aber
383 1909 69 48 die
487 1910 318 67 Ausschiffung
845 1912 79 48 der
964 1913 236 48 Tausende
1241 1930 83 31 von
1362 1914 349 49 Theilnehinern

217 1984 186 50 dauerte
442 1992 111 42 trotz
592 1987 80 48 der
713 1987 250 66 bequemen
996 1988 451 66 Landungsbrücken
1489 1990 114 49 doch
1646 1990 66 49 bis

220 2077 143 48 gegen
390 2060 111 49 zehn
530 2063 110 47 Uhr.
743 2064 108 47 Man
880 2063 118 49 kann
1025 2064 93 48 sich
1147 2065 131 47 leicht
1317 2067 253 54 vorstellen,
1612 2065 100 50 dass

219 2137 97 48 eine
344 2137 148 48 solche
520 2138 186 63 Zugabe
746 2157 53 29 zu
841 2139 145 48 einem
1016 2142 259 47 Musikfeste
1316 2142 113 47 eben
1468 2158 49 32 so
1560 2143 127 63 eigen-

216 2211 234 56 tümlich,
478 2214 62 46 als
569 2222 275 40 unerwartet
873 2215 87 47 und
991 2215 236 49 erfreulich
1260 2233 107 31 war.

330 2289 138 63 Möge
494 2289 144 48 dieser
666 2290 137 57 Geist,
837 2290 80 48 der
945 2290 69 50 die
1043 2291 140 49 Liebe
1222 2291 90 49 und
1340 2293 85 48 den
1454 2294 139 48 Fleiss
1622 2294 91 48 und

217 2361 84 50 den
330 2364 152 56 Ernst,
522 2364 80 48 mit
637 2364 143 49 denen
809 2383 103 32 man
940 2366 80 47 der
1047 2369 148 46 Kunst
1223 2368 191 64 huldigt,
1457 2369 80 48 auf
1559 2385 47 32 so
1635 2387 52 47 ge-

217 2439 193 48 schickte
432 2440 92 48 und
545 2441 236 64 allgemein
805 2441 334 66 befriedigende
1159 2445 157 48 Weise
1346 2446 78 47 mit
1444 2445 102 48 dem
1570 2446 120 49 volks-

216 2515 273 48 tümlichen
531 2518 226 48 festlichen
797 2519 154 48 Leben
993 2519 92 48 und
1125 2521 195 47 Treiben
1368 2539 52 29 zu
1468 2521 244 49 verbinden

219 2591 142 56 weiss,
386 2592 45 46 in
459 2591 100 48 dem
590 2609 146 33 neuen
766 2595 335 48 musicalischen
1124 2595 308 50 Städtebunde
1454 2614 72 32 am
1550 2599 140 47 Mittel-

219 2666 169 59 rheine,
416 2667 80 49 der
524 2669 138 49 durch
692 2670 70 48 die
786 2671 130 48 Feier
944 2688 81 31 von
1057 2671 140 50 1860
1221 2672 70 49 die
1313 2681 115 40 erste
1451 2674 265 65 vierjährige

223 2744 186 47 Periode
436 2745 143 47 seiner
607 2747 259 47 Musikfeste
893 2747 220 49 vollendet
1142 2749 76 48 hat
1246 2749 281 63 (Darmstadt
1556 2751 159 57 1856,

219 2819 260 48 Mannheim
513 2820 158 57 1857,
714 2822 278 49 Wiesbaden
1025 2824 140 48 1858
1280 2826 58 46 im
1368 2826 180 64 vorigen
1576 2826 140 48 Jahre

220 2895 72 48 fiel
323 2895 77 48 das
423 2897 104 47 Fest
555 2914 155 48 wegen
741 2899 75 47 des
838 2900 187 63 Krieges
1053 2901 42 47 in
1124 2902 154 46 Italien
1308 2901 115 65 aus),
1452 2904 113 47 noch
1592 2904 125 47 recht

220 2971 146 63 lange,
408 2987 70 32 wo
507 2973 213 64 möglich,
750 2975 80 47 auf
852 2975 174 56 immer,
1063 2976 254 48 verbleiben
1362 2979 90 47 und
1481 2979 121 47 nicht
1630 2996 85 30 nur

219 3048 62 46 als
309 3047 98 48 eine
435 3051 311 63 vergängliche
776 3051 162 48 Blüthe
965 3051 80 49 der
1067 3060 146 40 ersten
1233 3055 180 63 Jugend
1435 3053 77 50 des
1534 3055 181 48 Bundes

219 3122 80 48 der
328 3125 260 48 Geschichte
619 3127 336 48 anheimfallen!

333 3200 86 45 Am
446 3201 184 47 zweiten
653 3203 210 63 Festtage
891 3202 184 50 brachte
1098 3203 78 50 das
1199 3206 269 62 Programm
1498 3205 76 49 des
1598 3207 87 48 Con-

221 3281 164 40 certes:
433 3274 42 49 1.
504 3277 318 48 Ouvertüre
860 3280 88 47 und
978 3280 98 48 eine
1105 3281 142 48 Reihe
1275 3297 83 32 von
1387 3283 207 47 Scenen
1636 3300 79 32 aus

219 3348 80 48 der
329 3351 126 63 Oper
480 3352 221 48 Alceste
723 3370 81 31 von
831 3356 201 54 Gluck;
1063 3356 46 48 2.
1503 3360 117 47 ohne
1642 3361 48 46 In-

216 3427 559 66 strumental-Begleitung
816 3446 81 32 von
940 3432 346 56 Palestrina;
1331 3433 46 50 3.
1419 3433 100 51 Ave
1559 3451 157 32 verum

223 3516 161 51 corpus
398 3520 82 30 von
506 3504 80 47 W.
609 3504 54 47 A.
687 3506 226 54 Mozart;
944 3508 46 46 4.
1019 3509 250 47 Sinfonie
1297 3509 42 47 in
1556 3512 80 47 Nr.
1660 3512 52 48 V.

217 3593 83 31 von
341 3578 331 50 Beethoven.
783 3582 166 47 Zweite
978 3583 301 65 Abtheilung:
1322 3587 84 47 Die
1435 3594 116 40 erste
1581 3588 99 47 Wal-

223 3654 287 62 purgisnacht
548 3672 83 32 von
671 3657 217 57 Göthe,
931 3659 145 47 Musik
1105 3677 81 31 von
1216 3663 50 47 F.
1297 3663 416 48 Mendelssohn-

219 3729 106 47 Bar
337 3738 15 38 t
363 3730 26 47 h
402 3748 24 31 o
437 3732 12 47 1
461 3730 27 49 d
501 3748 38 48 y.

330 3805 154 49 Wenn
524 3807 78 48 der
643 3809 305 64 Opernmusik
985 3810 80 47 auf
1100 3828 180 47 grossen
1319 3814 289 48 Musikfesten
1642 3817 71 47 ein

223 3876 119 49 Platz
383 3880 275 64 eingeräumt
697 3885 182 47 werden
921 3887 97 55 soll,
1059 3903 49 32 so
1147 3887 104 48 darf
1282 3906 44 30 es
1368 3892 220 47 natürlich
1626 3909 87 30 nur

221 3953 148 47 solche
397 3956 106 56 sein,
545 3958 69 48 die
654 3959 78 48 das
769 3962 153 48 wahre
953 3963 206 63 Gepräge
1200 3963 79 48 der
1310 3965 243 50 Classicität
1593 3972 120 59 trägt

224 4028 90 48 und
344 4029 69 48 die
441 4048 100 32 man
570 4035 79 46 auf
672 4035 83 48 den
785 4038 189 48 Bühnen
1004 4039 138 48 selten
1181 4039 108 48 oder
1325 4058 81 46 gar
1434 4044 122 47 nicht
1584 4044 128 47 mehr

1790 324 114 47 hört.
1951 322 159 48 Beides
2149 323 52 47 ist
2232 322 68 48 bei
2331 320 85 49 den
2448 319 295 51 Gluck'schen
2775 323 155 62 Operri
2962 320 90 49 und
3081 326 180 44 nament-

1787 399 85 47 lich
1901 398 72 48 bei
2002 398 80 47 der
2110 399 176 46 Alceste
2314 397 80 48 der
2423 398 113 55 Fall,
2578 397 70 47 die
2677 397 136 47 selbst
2840 398 44 46 in
2911 398 169 56 Berlin,
3123 414 71 31 wo
3224 398 69 47 die

1788 474 252 65 königliche
2069 474 160 47 Bühne
2258 475 131 63 lange
2411 473 96 47 Zeit
2535 473 113 48 noch
2680 473 70 47 die
2779 473 168 63 einzige
2975 473 213 47 Freistatt
3218 474 77 46 für

1787 550 120 47 diese
1934 549 337 48 Meisterwerke
2313 566 112 38 war,
2465 549 82 47 seit
2586 549 100 47 dem
2729 548 220 48 Scheiden
2991 548 80 48 der
3110 548 183 48 Milder-

1786 627 293 62 Hauptmann
2108 624 121 48 nicht
2252 624 128 48 mehr
2402 624 204 63 gegeben
2630 624 186 48 worden
2845 625 66 46 ist.
2942 624 170 47 Ausser
3140 624 151 48 diesen

1787 701 159 49 beiden
1971 700 324 65 Bedingungen
2318 700 171 47 scheint
2517 717 82 30 uns
2628 700 110 47 aber
2765 700 114 47 auch
2911 700 99 47 eine
3039 699 134 48 dritte
3199 715 62 32 we-

1786 778 201 54 sentlich,
2014 776 191 47 nämlich
2235 776 88 56 die,
2352 775 117 56 dass,
2497 775 57 48 da
2583 793 103 30 man
2716 775 113 48 doch
2858 775 122 48 nicht
3008 775 119 47 wohl
3155 792 140 47 ganze

1786 853 155 62 Opern
1971 851 146 64 geben
2148 851 134 57 kann,
2324 851 70 47 die
2436 851 337 63 ausgewählten
2815 850 167 48 Stücke
3023 850 70 47 ein
3123 851 170 47 Ganzes

1786 927 166 56 bilden,
2001 927 191 47 welches
2220 926 87 48 den
2342 926 147 47 Inhalt
2525 926 77 47 des
2629 927 211 46 Drama's
2882 926 80 47 mit
2989 925 189 48 leichten
3207 926 57 47 Er-

1786 1009 279 59 gänzungen,
2094 1002 84 49 die
2208 1002 92 49 das
2326 1002 293 49 Textbuch
2651 1001 172 65 geben
2849 1002 308 58 müsste,im
3174 1002 78 49 We-

1785 1079 242 48 sentlichen
2058 1077 252 50 darstellen.
2341 1079 84 47 Ein
2453 1079 181 62 Anfang
2662 1077 128 56 dazu,
2820 1076 80 48 der
2921 1076 167 65 jedoch
3118 1077 150 49 keines-

1787 1171 122 49 wegs
1951 1159 185 61 genügt,
2178 1171 97 32 war
2317 1155 96 48 hier
2453 1154 141 48 durch
2637 1154 70 48 die
3234 1154 59 47 im

1787 1231 266 48 Textbuche
2094 1231 223 65 gemacht.
2370 1230 79 48 Bei
2492 1231 116 47 allen
2649 1231 409 62 aufgenommenen
3095 1228 198 50 Stücken

1788 1311 166 44 müsste
1994 1307 116 48 auch
2150 1307 87 47 Act
2276 1306 93 48 und
2406 1307 222 47 Nummer
2667 1306 80 48 der
2787 1306 200 48 Partitur
3027 1306 268 65 angegeben

1786 1382 199 48 werden.

1903 1460 82 45 Die
2034 1458 96 47 hier
2176 1457 249 65 getroffene
2473 1458 470 64 Zusammenstellung
2989 1474 83 31 von
3121 1458 174 49 Scenen

1786 1533 187 49 brachte
2013 1533 87 49 den
2140 1541 146 41 ersten
2328 1535 87 47 Act
2450 1533 84 47 fast
2571 1549 112 48 ganz
2722 1531 88 66 (die
2837 1535 253 47 Nummern
3122 1533 105 50 3
3239 1535 48 53 7,

1792 1609 62 49 12
1866 1608 179 65 —15),
2086 1609 91 47 also
2219 1608 335 65 hauptsächlich
2601 1607 71 48 die
2709 1625 184 48 grossen
2926 1609 242 47 Recitative
3199 1609 91 47 und

1783 1686 139 47 Arien
1951 1684 81 49 der
2054 1686 198 54 Alceste;
2281 1702 98 31 vom
2408 1684 186 49 zweiten
2614 1684 113 47 Acte
2756 1683 70 48 die
2848 1686 252 47 Nummern
3123 1686 104 45 4
3239 1686 51 54 9,

1785 1761 146 48 wobei
1960 1762 270 47 namentlich
2260 1761 69 48 die
2352 1761 327 48 Tenor-Partie
2708 1761 76 47 des
2808 1761 165 48 Admet
3004 1761 261 48 berücksich-

1783 1838 83 64 tigt
1887 1838 199 48 worden.
2116 1838 99 48 Von
2246 1838 56 47 da
2332 1838 103 48 fand
2467 1837 110 49 aber
2604 1837 70 47 ein
2702 1838 176 47 starker
2905 1839 184 63 Sprung
3117 1838 81 47 auf
3221 1837 71 48 die

1783 1914 315 64 Erscheinung
2139 1916 76 47 des
2252 1916 161 63 Apollo
2456 1913 92 48 und
2591 1913 85 48 den
2716 1914 294 49 Schlusschor
3051 1914 80 47 der
3165 1914 128 64 Oper

1785 1990 130 55 Statt,
1945 1988 218 49 wodurch
2192 1989 71 48 die
2293 1989 250 65 glückliche
2573 1988 253 65 Wendung
2855 1988 78 48 des
2962 1989 180 48 Ganzen
3173 1990 119 47 ohne

1786 2067 84 47 alle
1898 2067 274 63 Motivirung
2213 2067 179 47 eintritt.
2445 2067 114 47 Eine
2600 2065 116 47 noch
2751 2069 206 61 grössere
2992 2065 303 65 Verkürzung

1787 2140 81 66 (als
1893 2142 62 47 sie
1981 2143 139 47 schon
2148 2144 118 46 Statt
2293 2140 122 66 fand)
2445 2142 76 48 des
2544 2143 163 62 langen
2729 2142 352 48 recitativischen
3105 2143 188 63 Dialogs

1785 2218 219 47 zwischen
2027 2218 168 47 Admet
2223 2217 91 48 und
2337 2219 178 46 Alceste
2542 2218 148 46 dürfte
2719 2218 77 46 für
2822 2217 71 48 die
2915 2218 259 47 Aufnahme
3197 2233 62 33 we-

1786 2293 197 65 nigstens
2011 2293 81 48 der
2119 2294 129 47 einen
2276 2293 109 48 Arie
2421 2293 77 48 des
2531 2293 220 47 Hercules
2779 2294 149 48 Raum
2962 2293 220 65 geschafft
3210 2293 54 49 ha-

1787 2369 103 55 ben,
1919 2369 137 48 deren
2086 2370 148 47 Inhalt
2261 2370 129 47 einen
2420 2369 339 48 vermittelnden
2789 2369 277 65 Uebergang
3093 2369 200 66 gebildet

1787 2445 149 47 haben
1966 2445 172 47 würde.

1901 2523 122 45 Frau
2065 2523 531 63 Dustmann-Meyer
2641 2538 113 48 sang
2804 2520 72 50 die
2917 2523 243 48 Recitative
3202 2523 93 48 und

1786 2598 138 48 Arien
1954 2598 81 47 der
2063 2599 175 47 Alceste
2266 2599 104 47 sehr
2397 2599 155 52 schön,
2595 2599 79 47 mit
2702 2598 212 48 edelstem
2944 2598 348 49 dramatischem

1785 2672 259 56 Ausdruck,
2061 2674 89 47 und
2168 2675 122 46 Herr
2318 2675 246 47 Schnorr
2592 2692 99 31 von
2722 2675 319 47 Carolsfeld
3067 2675 228 48 zeichnete

1785 2750 91 47 sich
1919 2750 59 47 im
2020 2750 185 48 zweiten
2243 2752 113 46 Acte
2401 2750 242 48 besonders
2681 2751 61 47 im
2770 2751 227 65 Vortrage
3039 2751 82 48 der
3147 2751 143 48 Arien

1786 2841 96 42 aus,
1910 2825 82 48 der
2020 2825 92 48 ihm
2143 2826 299 65 begeisterten
2473 2827 203 64 Applaus
2707 2827 198 49 brachte.

2356 2901 200 65 (Schluss
2586 2901 140 66 folgt.)

1839 3132 285 53 Pressel's
2156 3132 126 53 neue
2314 3132 158 53 Oper:
2504 3132 126 53 „Die
2662 3132 94 53 St.
2788 3132 442 53 Johannisnacht“

1910 3259 112 55 „Die
2053 3260 62 47 St.
2586 3259 301 48 romantische
2911 3260 126 65 Oper
3065 3277 82 33 von
3180 3262 76 48 Gu-

1785 3340 116 41 stav
1940 3335 245 56 Pressel,
2227 3334 157 48 wurde
2418 3342 148 40 zuerst
2608 3351 71 31 am
2709 3334 87 48 24.
2826 3335 91 49 und
2947 3335 119 50 dann
3097 3353 72 32 am
3202 3337 88 48 27.

1783 3412 104 46 Juni
1932 3412 42 46 in
2016 3412 226 63 Stuttgart
2282 3410 280 65 aufgeführt.
2616 3412 87 48 Die
2743 3413 251 65 Spannung
3036 3414 81 47 auf
3152 3413 143 48 dieses

1787 3486 147 49 Werk
1959 3503 95 34 war
2075 3488 59 47 im
2164 3486 237 49 Publicum
2429 3486 128 49 keine
2580 3488 198 63 geringe.
2808 3489 94 47 Der
2920 3488 279 64 Componist,
3215 3488 80 49 der

1785 3561 208 49 überdies
2036 3564 113 47 auch
2194 3563 80 48 der
2303 3563 235 48 Verfasser
2580 3563 76 48 des
2693 3564 287 48 Textbuches
3022 3565 71 56 ist,
3132 3565 163 64 gehört

1783 3639 124 47 einer
1941 3639 199 48 ziemlich
2187 3639 255 48 bekannten
2487 3639 462 66 würtembergischen
2987 3641 190 49 Familie
3213 3657 82 39 an;

1785 3732 48 30 er
1861 3715 52 47 ist
1941 3716 57 47 im
2027 3715 158 50 Lande
2214 3715 218 65 geboren,
2455 3732 189 48 erzogen
2675 3716 90 47 und
2790 3716 505 65 gebildet—Schwabe

1783 3791 57 46 im
1871 3791 143 47 vollen
2037 3791 138 48 Sinne
2204 3791 76 47 des
2310 3791 201 48 Wortes.
2544 3793 83 46 Die
2644 3793 300 64 Aufführung
2966 3794 123 48 einer
3108 3795 187 55 älteren,

1783 3884 87 30 nur
1909 3867 95 49 hier
2048 3867 321 49 unbekannten
2399 3867 126 65 Oper
2567 3869 53 47 ist
2656 3876 140 41 etwas
2836 3870 203 48 ziemlich
3070 3870 225 55 Seltenes;

1785 3941 69 50 die
1884 3942 299 65 Aufführung
2213 3944 124 47 einer
2365 3959 163 39 neuen,
2566 3942 237 51 anderswo
2834 3946 115 47 noch
2980 3946 120 48 nicht
3128 3945 165 64 gehör-

1863 4064 38 46 *)
1931 4067 80 35 Aus
2040 4066 68 36 den
2137 4066 153 36 Wiener
2317 4066 267 44 Recensionen,
2615 4067 62 35 Nr.
2708 4066 61 38 29.
