3464 4351
1601 146 104 53 183

95 301 93 33 war
216 298 50 32 zu
298 280 146 49 thun?
499 280 231 49 Schubert
771 283 137 48 nahm
952 283 71 50 ein
1063 283 109 48 altes
1204 286 416 58 Brillen-Futteral,

90 366 87 59 bog
207 374 45 33 es
280 373 282 41 zusammen,
599 359 164 65 stopfte
806 376 46 31 es
887 360 80 47 mit
995 360 162 49 Tabak
1198 362 91 47 und
1320 364 188 49 rauchte
1539 381 81 32 aus

89 440 142 49 dieser
268 434 332 65 improvisirten
632 435 141 49 Pfeife
815 437 79 47 mit
933 438 422 49 vollkommenstem
1386 440 233 65 Behagen.

95 514 204 48 —'Eines
330 513 217 63 Morgens
579 513 101 48 fand
711 514 91 47 sich
828 514 213 48 Schwind
1075 515 68 47 bei
1168 517 229 48 Schubert
1426 519 87 55 ein,
1543 519 75 48 ihn

87 612 49 30 zu
161 592 145 48 einem
332 589 224 65 Ausfluge
579 590 352 49 mitzunehmen.
961 592 230 49 Schubert
1219 594 119 57 eilte,
1366 597 122 45 seine
1512 597 77 47 Toi-

89 673 100 47 lette
210 684 53 31 zu
290 667 225 55 beenden,
541 668 91 47 und
656 669 172 47 wühlte
852 669 42 47 in
918 670 145 47 einem
1080 670 397 51 Schubladkasten
1502 674 114 47 nach

87 749 142 47 einem
260 745 122 47 Paar
410 745 194 49 Socken.
656 744 127 50 Aber
812 762 50 32 so
894 747 132 64 lange
1056 764 50 31 er
1134 748 117 48 auch
1282 749 186 55 wühlte,
1492 750 127 65 jedes

87 828 115 47 Paar
231 821 161 49 erwies
420 823 91 47 sich
543 823 64 47 als
637 821 357 68 unbarmherzig
1021 825 232 49 zerrissen.

89 907 121 58 sagte
232 899 231 48 Schubert
492 915 73 32 am
599 899 128 48 Ende
750 899 148 49 dieser
928 903 239 47 trostlosen
1190 904 155 47 Revue
1376 904 79 47 mit
1483 905 107 47 aber-

87 976 286 69 gläubischer
398 978 336 54 Feierlichkeit,
773 979 260 56 „Schwind,
1056 980 111 65 jetzt
1195 980 167 62 glaube
1386 981 69 49 ich
1482 983 108 47 wirk-

89 1056 96 52 lich,
216 1070 45 31 es
293 1054 184 48 werden
510 1054 131 48 keine
670 1072 172 47 ganzen
876 1056 128 47 mehr
1347 1058 99 48 Von
1472 1060 116 47 Schu-

90 1134 132 49 berts
240 1131 273 50 fabelhafter
529 1133 302 64 Leichtigkeit
848 1135 58 46 im
927 1134 279 48 Produciren
1225 1144 165 41 wusste
1402 1136 214 49 Schwind

90 1210 208 51 manches
327 1210 360 50 Geschichtchen
720 1228 80 30 aus
829 1211 187 65 eigener
1042 1213 327 64 Anschauung.
1404 1215 75 46 Ei*
1494 1215 125 48 hatte

87 1288 228 49 Schubert
343 1288 163 48 einmal
541 1288 69 48 bei
640 1289 92 48 sich
769 1290 43 47 in
843 1289 150 48 seiner
1023 1289 330 49 bescheidenen
1383 1291 202 49 Sommer-

90 1366 230 63 wohnung
346 1383 54 30 zu
433 1365 332 64 Heiligenstadt
795 1365 116 48 über
939 1366 152 49 Nacht
1126 1366 227 51 behalten.
1409 1370 97 47 Der
1535 1370 61 48 fol-

86 1442 143 67 gende
257 1444 195 63 Morgen
481 1445 145 46 stellte
654 1444 92 47 sich
790 1444 78 47 mit
905 1445 236 48 schweren
1172 1446 343 66 Regentropfen
1544 1448 71 48 ein

89 1520 83 49 und
205 1520 181 48 machte
407 1520 139 66 jeden
577 1521 252 48 Gedanken
861 1538 56 31 an
948 1521 130 48 einen
1108 1522 284 65 Spazirgang
1421 1529 162 61 unmög-

87 1599 95 48 lich.
210 1597 232 49 Schubert
463 1597 286 50 schlenderte
774 1599 286 64 missmuthig
1088 1599 79 48 das
1187 1601 203 47 Zimmer
1418 1601 83 48 auf
1525 1601 90 50 und

87 1675 165 49 nieder.
285 1675 275 58 „Schubert,
575 1693 49 31 so
642 1676 229 48 tbu'doch
1059 1677 233 49 herrschte
1309 1679 75 48 ihn
1400 1679 214 49 Schwind

86 1754 110 49 nach
228 1755 126 47 einer
377 1754 156 49 Weile
562 1771 84 32 an:
690 1755 293 63 „Componir'
1012 1756 71 47 ein
1372 1757 139 55 „Wie
1534 1759 80 48 soll

85 1832 66 49 ich
175 1831 80 48 das
586 1832 272 49 erwiederte
873 1831 83 50 der
976 1834 319 63 gelangweilte
1313 1835 126 55 Gast,
1474 1835 142 57 „hier,

87 1926 68 31 wo
182 1909 72 48 ich
285 1910 155 48 weder
468 1910 70 48 ein
569 1911 161 53 Piano,
768 1910 114 48 noch
914 1911 328 65 Notenpapier,
1281 1912 116 47 noch
1428 1912 159 47 Lieder-

85 1994 118 42 texte
570 1989 178 55 „Dafür
792 1987 86 49 will
937 1987 68 49 ich
1345 1990 270 48 versicherte

82 2065 227 48 Schwind.
341 2065 215 66 Sprach's
586 2065 92 48 und
710 2065 303 48 verwandelte
1046 2066 163 47 mittels
1240 2066 149 48 Feder
1418 2069 90 45 und
1539 2067 50 49 Li-

86 2144 99 47 neal
217 2144 146 63 einige
393 2144 157 63 Bogen
584 2144 363 66 Conceptpapier
990 2144 43 48 in
1078 2145 333 48 untadelhaftes
1439 2146 144 48 Noten-

82 2221 158 63 papier
260 2238 51 30 zu
336 2221 97 48 drei
458 2222 254 65 Systemen,
740 2221 203 48 stöberte
974 2221 184 48 hierauf
1179 2224 101 45 eine
1308 2224 87 47 alte
1427 2224 188 64 lyrische

82 2297 277 66 Anthologie
402 2315 81 32 aus
525 2300 148 47 seiner
716 2298 176 49 kleinen
927 2298 442 65 Bücbersammlung
1412 2300 91 48 und
1535 2300 52 48 be-

82 2375 227 49 zeichnete
341 2377 107 46 fünf
471 2376 67 48 bis
567 2377 127 48 sechs
726 2376 221 49 Gedichte
976 2376 169 48 daraus
1168 2377 64 47 als
1254 2378 238 63 geeignete
1515 2395 66 30 mu-

82 2451 230 49 sicalische
343 2455 158 47 Texte.
556 2455 231 47 Schubert
817 2455 124 47 hatte
969 2455 63 47 sie
1063 2455 137 47 kaum
1233 2455 198 64 gelesen,
1474 2456 62 47 als
1567 2472 48 31 er

85 2530 113 48 auch
242 2531 139 48 schon
424 2531 71 48 die
529 2531 148 48 Feder
718 2532 136 64 lustig
894 2531 152 48 über's
1085 2532 164 65 Papier
1290 2533 164 64 gleiten
1501 2533 114 49 liess.

83 2608 126 49 Noch
257 2610 86 48 ehe
381 2610 72 48 die
489 2611 334 47 Essensstunde
866 2610 178 64 schlug,
1087 2627 153 32 waren
1284 2611 69 47 die
1397 2611 219 48 Gedichte

83 2687 270 64 componirt,
372 2686 89 48 und
486 2704 50 31 so
557 2687 141 48 schön
720 2687 275 65 componirt,
1017 2687 103 48 dass
1136 2688 212 49 Schwind
1366 2688 108 64 jetzt
1498 2688 115 49 noch

83 2780 108 47 gern
223 2765 260 58 versichert,
520 2766 107 65 jene
657 2766 287 48 Notenlinien
984 2766 121 48 seien
1149 2767 122 48 nicht
1308 2766 78 48 das
1421 2767 160 48 Werth-

85 2841 156 51 loseste
271 2860 230 48 gewesen,
533 2860 93 32 was
656 2861 50 31 er
727 2845 47 64 je
804 2843 276 66 gezeichnet.

859 2919 105 66 (Ed.
991 2921 205 48 Hanslik.

380 3185 182 71 Tages-
603 3184 103 54 und
735 3184 580 72 Unterhaltungs-Blatt.

160 3332 54 36 14
219 3330 57 38 öl
283 3343 54 25 it.
370 3334 44 34 In
444 3333 65 34 der
537 3332 141 35 letzten
708 3332 160 46 Sitzung
897 3332 65 34 der
1000 3331 381 36 musicalischen
1421 3330 166 37 Gesell-

85 3394 156 35 schaft
267 3393 149 36 lernten
445 3394 69 33 wir
541 3394 38 33 in
608 3394 122 33 Herrn
760 3393 53 37 M.
842 3404 85 23 von
951 3393 127 34 Asan
1092 3391 270 47 tschewsky
1392 3393 110 33 einen
1526 3393 67 44 jun-

83 3464 72 35 gen
181 3455 172 35 Musiker
381 3467 67 23 aus
475 3453 191 35 Russland
692 3454 165 42 kennen,
887 3452 165 35 welcher
1080 3452 117 35 durch
1226 3452 72 35 den
1320 3454 162 45 Vortrag
1512 3454 104 32 einer

85 3513 172 36 Sonate
284 3516 62 35 für
373 3516 220 34 Pianoforte
621 3514 78 34 und
727 3513 228 43 Violoncell,
986 3513 59 35 die
1071 3525 39 22 er
1138 3514 68 34 mit
1234 3514 124 34 Herrn
1381 3511 49 37 A.
1452 3513 162 35 Schmitt

85 3574 141 46 spielte,
266 3576 78 34 und
379 3577 147 45 einiger
552 3574 195 34 kleineren
777 3574 402 43 Ciavierstücke,
1221 3574 140 34 Beides
1389 3585 72 23 von
1493 3574 125 34 seiner

86 3634 270 48 Composition,
388 3636 250 35 Theilnalime
668 3640 146 41 erregte
842 3635 77 33 und
937 3633 139 35 Beifall
1094 3633 102 45 fand,
1227 3634 46 34 da
1300 3645 87 23 man
1418 3636 36 32 in
1486 3635 129 34 seinen

85 3692 144 37 Sachen
259 3695 139 36 Talent
428 3697 76 33 und
532 3694 246 48 Originalität
805 3694 65 35 der
896 3694 209 47 Erfindung
1134 3695 229 33 wahrnahm.

158 3845 45 34 In
231 3846 290 36 Wiesbaden
551 3847 105 46 erlag
684 3857 68 24 vor
781 3845 150 47 einigen
956 3844 172 36 Wochen
1157 3845 66 34 der
1248 3856 199 35 gewesene
1470 3845 127 45 Capell-

86 3904 149 36 meister
262 3907 79 34 und
371 3907 326 34 Violin-Virtuose
726 3904 220 37 Bärwolf
971 3905 278 46 mehrjährigen
1277 3905 155 37 Leiden.
1463 3906 50 33 Er
1542 3917 77 23 war

85 3964 58 33 ein
172 3965 160 37 Schüler
360 3967 155 47 Spohr's
555 3968 78 34 und
674 3973 145 41 erregte
862 3967 119 34 schon
1021 3968 51 32 im
1102 3965 258 37 Knabenalter
1402 3967 118 35 durch
1560 3966 59 34 die

85 4023 245 51 Ausführung
355 4028 227 34 classischer
610 4028 140 34 Werke
778 4028 208 34 Aufsehen.

1774 287 207 37 OTainz.
2013 290 76 34 Das
2119 290 179 36 Personal
2328 291 63 35 des
2419 293 247 35 darmstädter
2693 296 241 35 Hoftheaters
2962 296 80 47 gibt
3067 298 38 33 in
3133 298 51 33 An-

1696 349 205 34 wesenheit
1922 350 131 35 Seiner
2080 352 45 32 K.
2147 352 99 33 Höh.
2268 352 65 33 des
2356 353 275 47 Grossherzogs
2659 356 290 46 Vorstellungen
2978 358 51 32 im
3057 358 153 45 Opern-,

1693 409 140 34 Ballet-
1854 411 75 33 und
1950 410 346 46 Schauspielfache,
2326 412 125 35 bisher
2479 414 58 33 die
2566 414 146 46 Opern:
2738 416 287 43 „Sicilianische
3046 418 141 45 Vesper
3190 418 9 19 4
3199 429 9 7 *

1693 480 74 23 von
1797 470 125 46 Verdi,
2237 472 77 34 und
2583 487 75 22 von
2697 477 222 45 Meyerbeer
2957 477 77 35 und
3065 478 122 44 „Tann-

1882 541 73 23 von
1981 530 108 34 Rieh.
2105 532 179 44 Wagner,
2317 532 117 34 wobei
2462 538 94 29 trotz
2586 534 64 34 der
2677 535 122 34 hohen
2828 537 295 45 Eintrittspreise
3151 537 59 33 ein

1691 587 87 34 sehr
1818 588 233 35 zahlreiches
2087 589 201 34 Publicum
2329 591 80 34 sich
2451 593 163 46 einfand,
2657 594 162 36 welches
2860 596 81 34 sich
2982 594 228 35 namentlich

1694 647 117 34 durch
1841 647 66 35 das
1934 649 252 34 vortreffliche
2216 650 200 34 Ensemble
2444 663 71 23 von
2547 654 201 35 Orchester
2776 655 75 34 und
2880 655 100 34 Chor
3008 656 38 32 in
3074 654 135 35 hohem

1694 708 124 34 Grade
1861 708 199 47 befriedigt
2094 711 133 44 zeigte,
2275 711 178 34 während
2494 712 58 35 die
2601 714 160 34 Solisten
2804 717 104 33 nicht
2947 717 38 32 in
3024 714 186 46 gleichem

1692 769 148 35 Maasse
1869 769 137 35 Beifall
2035 771 124 33 finden
2188 770 181 37 konnten.
2412 773 211 34 Besonders
2653 775 170 34 zündend
2853 776 158 35 wirkten
3039 776 59 33 die
3126 776 63 33 Lei-

1693 833 160 41 stungen
1884 828 65 37 des
1978 830 221 35 Orchesters
2244 839 111 26 unter
2395 832 65 34 der
2502 834 277 34 vortrefflichen
2807 837 162 44 Leitung
2996 836 64 34 des
3088 837 121 33 Herrn

1694 890 406 46 Hof-Capellmeisters
2129 892 349 36 Schindelmeisser.
2535 894 99 34 Dass
2676 895 96 34 auch
2815 896 65 33 das
2922 896 39 33 in
2994 896 218 33 Darmstadt

1696 949 68 33 mit
1792 948 226 36 besonderer
2047 952 176 35 Vorliebe
2251 954 184 45 gepflegte
2463 953 126 34 Ballet
2630 954 59 34 bei
2730 966 173 23 unserem
2943 966 47 22 an
3031 955 181 46 derartige

1693 1010 172 34 Genüsse
1893 1011 106 34 nicht
2025 1013 227 44 gewohnten
2289 1013 200 35 Publicum
2522 1025 129 35 grosse
2680 1015 346 46 Anziehungskraft
3065 1015 147 46 ausübt,

1689 1069 47 34 ist
1765 1069 100 36 wohl
1893 1070 387 37 selbstverständlich.

1774 1237 71 34 Die
1873 1248 96 24 neue
1999 1237 102 46 Oper
2139 1249 72 23 von
2241 1239 196 46 Litolff,
2722 1244 144 33 kommt
2908 1244 183 35 nächsten
3121 1245 68 47 Sep-

1694 1296 142 35 tember
1876 1298 39 32 in
1957 1297 160 34 Baden
2152 1310 66 22 zur
2247 1299 255 47 Darstellung.
2557 1302 78 34 Das
2663 1303 166 34 Libretto
2856 1304 47 33 ist
2931 1315 73 23 von
3033 1303 180 37 Plouvier

1690 1356 99 34 nach
1818 1357 103 33 einer
1952 1357 95 45 Sage
2089 1369 66 23 aus
2197 1357 82 35 dem
2307 1358 331 48 dreissigjährigen
2667 1364 138 45 Kriege
2832 1362 217 35 bearbeitet.
3101 1364 109 35 Auch

1689 1427 75 22 von
1793 1416 275 34 Rosenhain
2098 1418 91 33 wird
2218 1418 36 33 in
2283 1418 130 35 Baden
2439 1420 83 33 eine
2549 1431 96 24 neue
2673 1420 195 36 komische
2896 1423 110 44 Oper,
3049 1434 46 22 zu
3123 1423 66 35 wel-

1690 1477 90 34 cher
1809 1476 175 46 Sauvage
2014 1477 70 33 den
2114 1478 98 33 Text
2241 1477 182 46 geliefert,
2452 1479 51 34 im
2533 1480 118 35 Laufe
2688 1481 120 35 dieser
2836 1482 132 34 Saison
2997 1483 213 46 aufgeführt

1688 1536 161 34 werden.

1768 1683 211 34 Richard
2012 1684 227 45 Wagner,
2269 1685 64 33 der
2361 1696 73 23 von
2458 1686 51 33 St.
2532 1687 230 48 Petersbuig
2789 1687 236 46 gekommen,
3057 1688 154 42 erzählt,

1688 1743 85 34 dass
1816 1755 39 21 er
1896 1742 82 34 dort
2020 1743 203 46 allerdings
2267 1745 58 32 ein
2372 1756 89 34 paar
2507 1747 233 45 angenehme
2772 1748 182 34 Wochen,
2997 1748 88 35 aber
3113 1750 95 33 auch

1687 1806 125 44 einige
1840 1803 87 35 sehr
1955 1804 288 46 unangenehme
2265 1806 104 44 Tage
2394 1806 144 34 verlebt
2559 1806 108 35 habe.
2698 1808 51 33 Er
2775 1819 77 22 war
2878 1808 167 34 nämlich
3075 1820 39 23 so
3143 1821 44 22 un-

1686 1865 211 45 vorsichtig
1924 1876 188 34 gewesen,
2142 1865 103 33 seine
2275 1866 121 34 Noten
2427 1867 104 33 nicht
2560 1867 215 45 persönlich
2805 1869 290 43 mitzunehmen,
3125 1882 64 21 son-

1688 1925 88 34 dern
1793 1924 82 34 sich
1893 1924 191 35 dieselben
2101 1925 240 34 nachsenden
2358 1938 47 23 zu
2420 1926 136 35 lassen.
2587 1928 54 32 Zu
2663 1928 141 33 seinem
2822 1940 156 34 grossen
2996 1928 214 36 Schrecken

1687 1984 101 36 blieb
1819 1985 58 33 die
1908 1985 180 45 Sendung
2117 1996 80 24 aus.
2227 1987 60 32 Da
2316 1997 39 23 er
2383 1996 151 34 wusste,
2564 1987 84 34 dass
2678 1987 165 35 dieselbe
2872 1989 245 46 abgegangen
3145 1990 65 41 sei,

1687 2058 41 21 so
1759 2045 100 33 kann
1888 2056 85 22 man
2005 2045 80 34 sich
2115 2044 162 47 denken,
2321 2046 84 34 dass
2435 2047 65 33 der
2528 2048 154 33 Meister
2709 2048 37 33 in
2776 2048 105 34 nicht
2907 2050 155 45 geringe
3090 2050 123 45 Angst

1686 2106 157 46 gerieth.
1900 2107 48 32 Er
1976 2104 268 47 telegraphirte
2273 2107 322 45 augenblicklich,
2641 2108 132 34 erhielt
2801 2109 89 33 aber
2917 2108 110 36 keine
3055 2111 134 33 Beruhi-

1686 2178 103 35 gung
1832 2166 75 34 und
1950 2166 166 34 verlebte
2158 2166 123 45 einige
2325 2168 103 44 Tage
2468 2168 37 31 in
2549 2167 122 34 dieser
2695 2168 223 45 Stimmung,
2962 2168 55 35 bis
3044 2170 79 33 ihm
3149 2170 61 34 ein

1688 2227 295 45 eigenhändiger
2011 2226 106 33 Brief
2154 2225 346 46 Langiewicz's
2538 2227 148 43 zukam,
2730 2229 118 33 worin
2882 2229 78 33 ihm
2998 2229 120 33 dieser
3146 2239 43 23 an-

1688 2290 134 43 zeigte,
1865 2288 85 33 dass
1987 2287 63 33 der
2092 2287 232 34 betreffende
2353 2287 82 46 Zug
2463 2299 73 22 von
2566 2289 131 34 seinen
2726 2290 144 33 Leuten
2898 2289 209 34 überfallen
3137 2290 76 33 und

1687 2348 213 36 bedeutend
1927 2347 215 35 erleichtert
2172 2347 152 35 worden
2352 2348 66 43 sei,
2448 2347 83 35 dass
2562 2359 40 23 er
2629 2347 196 47 (Wagner)
2848 2349 139 44 jedoch
3013 2349 199 47 bezüglich

1688 2411 125 33 seiner
1830 2410 133 41 Noten,
1994 2409 60 34 die
2054 2417 11 10 x
2079 2409 79 34 ihm
2188 2409 68 33 auf
2282 2408 84 33 dem
2388 2408 200 35 kürzesten
2612 2410 118 44 Wege
2750 2409 204 46 alsogleich
2979 2410 234 47 zugemittelt

1687 2470 149 34 werden
1866 2469 149 42 sollten,
2046 2469 189 34 durchaus
2265 2468 104 34 nicht
2398 2468 228 48 beunruhigt
2653 2471 80 33 sein
2763 2473 121 43 möge.

1770 2644 130 35 Herl
1910 2643 75 35 in.
2018 2643 33 35 1.
2072 2644 108 35 Juni.
2209 2643 78 34 Das
2312 2654 73 22 von
2406 2643 121 33 Herrn
2556 2641 222 35 Blumner
2806 2642 37 33 in
2874 2641 62 34 der
2957 2641 255 35 Lucaskirche

1687 2704 268 36 veranstaltete
1985 2704 163 35 Concert
2176 2703 148 34 machte
2354 2704 109 33 einen
2491 2702 275 42 freundlichen,
2796 2702 307 45 ansprechenden
3125 2704 66 33 Ein-

1687 2765 131 36 druck.
1848 2766 102 33 Zwei
1974 2764 434 46 Chor-Coinpositionen
2437 2775 66 23 aus
2533 2763 64 35 der
2624 2763 159 34 ältesten
2812 2763 81 33 Zeit
2922 2763 63 33 des
3002 2763 190 35 Protestan-

1687 2828 134 32 tismus
1927 2836 73 23 von
2031 2825 145 34 Eccard
2205 2824 76 33 und
2311 2824 134 35 Gallus
2550 2823 159 34 standen
2754 2834 47 22 an
2843 2823 64 34 der
2949 2822 136 46 Spitze.
3141 2824 70 34 Die

1687 2895 116 25 etwas
1833 2885 155 34 herbere
2017 2884 208 34 Schönheit
2253 2883 195 35 derselben
2491 2883 127 34 wurde
2658 2883 118 33 durch
2820 2882 59 33 die
2919 2881 117 44 klare,
3079 2881 132 47 ruhige

1687 2947 251 44 Ausführung
1966 2945 76 34 und
2071 2945 69 34 den
2171 2944 169 35 weichen
2371 2944 235 45 Wohlklang
2642 2943 64 34 der
2736 2942 180 35 Stimmen
2946 2942 83 33 dem
3065 2942 120 35 moder-

1687 3019 72 22 nen
1788 3006 293 35 Verständnisse
2110 3006 117 33 näher
2253 3005 172 45 gerückt.
2482 3005 98 33 Herr
2609 3004 156 44 Geyer
2799 3009 86 39 trug
2914 3002 59 34 die
3001 3001 119 35 selten
3147 3013 42 35 ge-

1687 3069 107 33 hörte
1823 3067 235 34 Tenor-Arie
2101 3077 68 22 aus
2212 3066 82 33 dem
2323 3065 159 34 Messias
2524 3075 85 22 vor:
2658 3063 198 45 „Erwacht
2884 3074 46 23 zu
2957 3062 162 35 Liedern
3148 3062 64 35 der

1920 3129 110 32 einen
2060 3126 274 46 Jubelgesang,
2380 3125 69 34 den
2489 3126 61 33 ein
2589 3124 161 34 volleres
2780 3125 128 45 Organ
2936 3123 148 35 freilich
3113 3123 100 34 noch

1687 3190 68 32 auf
1780 3186 267 48 beflügelteren
2070 3187 228 45 Schwingen
2325 3198 46 21 zu
2393 3185 70 34 den
2486 3184 125 35 Ohren
2642 3184 63 35 des
2735 3185 142 34 Hörers
2905 3189 133 41 tragen
3068 3183 145 43 würde;

1688 3250 96 34 auch
1813 3250 116 33 fehlte
1959 3248 62 34 der
2050 3248 156 33 Stimme
2235 3247 59 33 die
2323 3244 242 35 abstossende
2603 3243 76 34 und
2707 3244 207 34 trennende
2938 3243 109 35 Kraft
3075 3244 36 32 in
3142 3243 70 33 den

1687 3310 239 35 zahlreichen
1957 3310 211 44 Passagen;
2214 3308 58 33 die
2302 3307 217 33 Intonation
2550 3317 77 22 war
2664 3305 90 35 aber
2780 3312 68 39 gut
2875 3305 76 34 und
2979 3303 117 35 vieles
3123 3304 66 34 Ein-

1687 3372 107 34 zelne
1821 3371 138 46 gelang
1987 3382 40 22 so
2056 3368 270 44 vollkommen,
2357 3368 55 33 als
2441 3368 67 33 wir
2537 3379 39 22 es
2604 3379 75 22 von
2702 3367 137 33 diesem
2863 3366 145 45 Sänger
3029 3369 182 30 erwarten

1688 3433 162 33 durften.
1906 3432 70 33 Ein
2005 3429 177 35 fliessend
2210 3429 206 46 geführtes,
2461 3440 108 22 wenn
2614 3427 95 34 auch
2745 3427 98 33 nach
2872 3438 154 23 unserer
3053 3426 160 34 Ansicht

1689 3493 99 35 allzu
1817 3490 299 36 vorherrschend
2140 3491 36 32 in
2208 3490 71 33 den
2308 3490 176 35 Gränzen
2515 3487 205 47 wogenden
2746 3486 275 46 Wohlklanges
3048 3485 147 47 gehalte-

1688 3566 67 22 nes
1785 3553 174 42 Quartett
1987 3552 67 32 mit
2083 3550 102 35 Chor
2213 3562 67 23 aus
2310 3551 83 33 dem
2417 3549 189 35 Abraham
2627 3560 74 22 von
2721 3548 181 33 Blumner
2929 3547 88 34 Hess
3045 3551 145 30 nament-

1687 3615 77 35 lich
1793 3615 59 33 die
1882 3612 298 46 Sopranstimme
2221 3612 65 33 des
2321 3610 180 35 Fräulein
2543 3608 265 35 Kümmritz
2851 3609 38 32 in
2931 3607 285 35 wohlthuender

1687 3678 129 34 Weise
1846 3675 271 33 hervortreten.
2157 3674 51 33 Es
2246 3671 148 36 schloss
2431 3671 81 35 sich
2553 3671 114 33 daran
2697 3668 239 36 Cherubini's
2964 3669 79 34 Ave
3070 3666 144 44 Maria,

1689 3737 66 34 das
1782 3734 180 36 Fräulein
1992 3734 189 34 Decker
2223 3734 67 33 mit
2327 3732 173 43 weicher,
2543 3730 197 35 lieblicher
2768 3730 156 34 Stimme
2952 3728 77 35 und
3054 3729 158 44 inniger,

1691 3798 104 34 mehr
1823 3796 64 33 der
1915 3800 170 29 zarteren
2108 3795 101 34 Seite
2239 3794 64 34 der
2321 3793 254 45 Empfindung
2603 3791 81 35 sich
2712 3790 254 46 zuneigender
2985 3789 229 43 Auffassung

1688 3864 167 38 vortrug.
1884 3855 217 35 Besondere
2122 3854 289 46 Anerkennung
2439 3852 203 35 verdienen
2673 3852 58 34 die
2761 3848 206 47 schnellen,
2991 3847 221 36 fliessenden

1689 3918 78 35 und
1795 3924 195 28 correeten
2021 3917 149 36 Triller.
2201 3918 72 33 Die
2300 3916 139 34 letzten
2469 3916 217 41 Nummern,
2734 3914 60 34 die
2822 3914 67 32 wir
2916 3911 142 42 hörten,
3088 3919 125 23 waren

1690 3981 62 33 ein
1779 3977 129 36 Psalm
1936 3979 59 33 für
2018 3978 247 47 Doppelchor
2293 3977 75 34 und
2388 3976 79 35 Soli
2495 3988 73 22 von
2587 3974 198 35 Blumner:
2819 3973 152 46 „Singet
2989 3970 81 34 dem
3090 3970 122 34 Herrn

1691 4042 61 33 ein
1780 4051 117 24 neues
2098 4040 77 33 und
2204 4040 60 33 ein
2293 4038 126 34 Psalm
2449 4038 58 33 für
2536 4038 83 33 eine
2648 4035 233 34 Altstimme:
2919 4033 101 47 „Der
3040 4032 99 34 Herr
3165 4031 50 35 ist

1692 4101 97 35 mein
1973 4099 184 35 ebenfalls
2185 4110 72 22 von
2288 4098 81 34 dem
2401 4096 291 45 Concerfgeber.
2721 4094 200 41 Letzterer,
2945 4091 70 34 den
3034 4090 179 35 Fräulein
