2575 3441
242 453 86 26 dumm
345 456 28 31 ift
390 460 55 23 und
453 459 107 32 fehlechte
572 460 110 32 Inftinkte
699 459 83 33 befitzt,
799 459 57 25 aber
871 459 61 31 diefe
944 458 97 33 Einficht
1054 458 78 31 bringt

242 491 41 26 ihn
307 496 62 25 nicht
391 500 76 31 dazu,
494 501 39 24 die
558 501 120 32 Menfchen
703 508 13 24 z
717 508 17 17 u
758 500 84 31 baffen,
866 506 27 17 er
913 499 54 31 geht
989 498 69 25 ihnen
1084 498 45 24 wie

242 531 141 32 Huysmans
403 546 46 17 aus
460 541 54 23 dem
534 541 74 32 Wege,
630 541 108 31 überläßt
749 539 37 33 fie
806 539 72 24 ilnem
898 538 93 31 Willen,
1012 538 58 25 ohne
1083 537 48 32 fich

242 572 76 27 einem
331 580 162 31 unmöglichen
506 581 141 25 Idealismus
658 580 141 33 hinzugeben
814 580 54 25 und
879 580 121 31 referviert
1010 578 43 30 fich
1063 578 68 32 feine

242 612 78 32 eigene
340 617 66 33 Welt,
428 627 26 17 m
474 622 44 23 der
534 629 27 17 er
575 621 52 32 ftill
648 621 51 31 lebt,
720 621 58 24 ohne
799 627 31 25 zu
851 627 103 19 murren.
991 618 80 31 Caftro
1091 618 43 24 hat

243 652 46 25 den
305 657 107 26 denkbar
420 660 116 32 ftärkflen
548 662 98 32 Einfluß
661 662 49 29 auf
721 661 40 24 die
776 658 174 35 zmtgenöjfifihe
962 657 170 33 poiiiigiefifthe

243 691 130 31 Litteratur
383 701 121 31 ausgeübt,
522 709 27 17 er
561 701 79 33 befitzt
649 702 40 24 die
702 701 181 32 Perfönlichkeit
895 700 78 30 darin,
991 700 139 23 vornehmen

242 732 62 26 Sinn
323 739 55 23 und
389 740 136 33 Ausdruck,
544 750 27 17 er
586 743 28 30 ift
630 743 44 24 der
686 740 115 33 Claffiker
817 741 74 24 unter
906 741 46 23 den
963 740 98 31 Jungen
1078 739 55 24 und

242 778 26 17 *n
285 775 87 31 diefem
390 779 164 33 Clafficismus
570 783 57 31 liegt
644 783 70 23 etwas
731 780 205 32 Repräfentatives,
954 781 43 23 das
1018 779 40 25 ihn
1075 785 57 26 zum

242 812 91 28 rubrer
337 818 111 34 geeignet
453 822 81 25 macht
553 823 72 32 Dazu
637 822 91 24 kommt
731 821 55 32 fein
790 820 68 32 ftark
867 821 166 31 ausgeprägter
1042 819 91 25 kosmo-

241 852 128 34 Politifcher
384 860 73 33 Sinn,
477 863 40 24 die
533 863 67 32 Folge
622 862 66 25 einer
700 862 82 32 ftremg
799 860 140 33 äftbetifchen
957 860 173 31 Veranlagung,

242 891 45 25 der
296 895 79 33 Kunft
385 900 80 33 Kunft
480 903 33 31 ift,
533 904 183 24 unbekümmert
732 909 42 18 um
788 900 143 33 perfönliche
948 900 126 25 Attribute.
1100 900 35 24 Er

242 930 42 25 bat
299 936 40 24 die
353 940 173 36 portugiejifche
537 944 79 32 junge
633 944 130 24 Litteratur
778 950 26 16 m
820 942 106 24 anderen
939 940 193 26 Kulturländern

243 972 105 28 bekannt
367 982 110 32 gemacht,
502 991 27 17 er
552 984 122 25 unterhält
694 982 111 34 mtenfive
825 982 163 31 Beziehungen
1012 981 46 24 mit
1079 981 55 24 dem

243 1011 128 31 Auslande
389 1023 56 22 und
456 1022 86 33 findet
557 1026 47 23 den
624 1024 58 32 Weg,
705 1023 76 26 lokale
799 1022 196 32 Schwierigkeiten
1014 1028 33 26 zu
1066 1021 55 23 über-

243 1049 108 32 brüdien.
390 1060 46 26 Die
458 1064 135 25 Redaktion
615 1065 42 24 hat
676 1064 69 24 einen
765 1062 45 26 Teil
829 1064 44 23 der
894 1062 79 26 Werke
992 1062 30 24 de
1042 1060 93 31 Caftros

244 1091 82 28 bereits
353 1105 26 17 m
406 1102 55 24 dem
488 1104 94 33 vorigen
609 1105 69 30 Hefte
705 1112 26 16 m
756 1104 54 24 dem
834 1101 188 33 portugiefifdoen
1047 1100 89 26 Beridot

245 1132 83 34 Ittierl,
345 1139 46 24 wir
395 1142 79 32 fügen
492 1145 56 24 noch
565 1146 43 24 das
626 1144 95 26 Gedidit
738 1143 92 33 Tirefias
847 1143 55 25 und
918 1142 129 32 Sagramor
1054 1142 80 32 hinzu.

554 1330 282 30 REIHENFOLGE

357 1368 81 29 TiER
454 1374 338 27 LITTERARISCHEN
806 1373 225 26 'BEITRAEGE

507 1420 45 27 IN
733 1420 144 26 HEFTE:
1087 1435 50 20 Seiu

248 1453 55 28 Otto
320 1461 66 28 Erich
402 1468 135 36 Hartleben,
556 1474 45 24 der
616 1473 239 34 Magdalenen-Wein
1096 1477 41 25 143

247 1498 112 36 Fontane,
378 1513 46 19 aus
441 1511 102 26 meinem
561 1514 80 25 Leben.
676 1515 38 25 111.
733 1514 95 31 Kapitel
1097 1518 41 25 145

248 1538 56 24 Orao
314 1541 83 29 Julius
413 1549 137 35 Bierbaum,
568 1554 192 31 Sommerftropbe
1101 1557 36 27 153

357 1585 71 34 Kühl,
447 1590 123 32 Capriccio
1097 1598 40 25 154

387 1627 137 37 Obftfeider,
543 1634 43 23 Liv
1100 1639 38 25 133

248 1656 78 37 Franz
342 1663 80 36 Evers,
441 1671 106 33 Heiliger
563 1674 67 25 Hain
1030 1685 6 6 •
1069 1673 69 30 .164

270 1703 57 21 arm
348 1704 93 36 Sterne,
469 1712 263 35 Walfifchftrandungen
758 1716 25 23 in
808 1715 73 24 ilnem
905 1714 98 31 Einfluß
1026 1713 49 29 auf

369 1745 79 34 Kunft
465 1754 55 22 und
536 1754 76 31 Poefie
1098 1753 40 31 165

249 1777 43 24 Fol
308 1781 28 25 de
355 1784 76 36 Mont,
451 1790 130 34 Lyng-Lun
1096 1799 42 25 172

249 1881 133 41 Lichtwark,
401 1894 40 25 du
459 1897 184 36 Entwickelung
659 1903 42 24 des
717 1902 54 25 Pan
1098 1905 40 26 173

249 1922 76 33 Roger
341 1930 75 27 Marx
437 1953 7 7 .
473 1955 7 6 .
510 1939 9 30 ]
858 1943 8 26 (
1094 1946 10 17 ,
1105 1944 34 25 77

249 1960 109 33 Herman
375 1972 116 32 Helferich
513 1957 9 54 \
547 1960 65 25 Paul
612 1975 8 3 -
621 1962 85 24 Albert
722 1963 109 24 Besnard
854 1957 9 30 l
1033 1958 8 8 '
1104 1957 13 14 '

249 2001 78 29 Gtova
329 2011 46 23 nni
391 2013 126 33 Segantini
1098 2025 40 24 193

250 2042 92 30 Arsene
358 2052 147 38 Alexandre,
524 2060 31 24 H.
574 2062 30 23 de
622 2060 217 34 Touloufe-Lautrec
1095 2057 44 33 196

250 2086 70 29 trnft
335 2090 92 36 Berger,
447 2097 103 30 Quellen
568 2108 47 25 zur
630 2103 124 30 Gefchichte
771 2104 45 23 der
831 2101 143 26 Maltechnik
1001 2118 6 7 .
1034 2119 6 5 .
1068 2118 5 5 .
1095 2104 43 26 197

251 2126 110 51 Jidreas
378 2134 99 34 Aubert,
496 2140 111 25 Gerhard
624 2143 115 24 Munthes
755 2143 149 24 dekorativer
919 2142 46 24 Stil
1000 2159 6 6 .
1035 2159 5 5 .
1067 2157 7 6 .
1094 2145 44 17 201

302 2166 46 26 Em
366 2175 123 31 englifdxr
504 2179 133 31 lUuftrator
1091 2185 47 25 203

250 2200 171 37 BERICHTE:

251 2242 53 25 Aus
322 2247 70 28 Paris
409 2261 48 19 von
474 2258 78 25 Henri
568 2261 85 25 Albert
1087 2264 50 25 209

250 2282 54 25 Aus
322 2286 114 38 Portugal
451 2303 48 18 von
516 2299 107 32 Eugenio
638 2303 30 22 de
686 2302 81 31 Caftro
1089 2304 48 18 212

578 2375 19 18 *
686 2391 20 18 *
795 2379 20 18 *

509 2456 283 29 REIHENFOLGE

326 2487 324 42 KUNSTBEILAGEN
663 2506 156 24 G4USSER
834 2505 93 24 <DEM
942 2502 112 26 TEXT:

252 2544 114 28 FriedriA,
381 2557 33 15 \j-
1043 2546 35 14 vor
1122 2539 17 18 te

252 2584 51 27 Ritt
378 2560 58 24 Ntet
436 2568 13 24 l
449 2569 12 16 s
462 2563 23 24 ä>
485 2571 11 17 e
496 2583 7 12 >
516 2566 170 34 Heliogravüre
698 2572 57 23 nach
767 2573 54 22 dem
833 2572 66 24 Bilde
908 2578 46 17 von
964 2568 109 31 Stoeving
1098 2572 40 25 143

303 2596 25 17 w
338 2601 34 16 im
385 2597 109 30 Grünen.
521 2606 49 24 Von
583 2608 91 31 Guftav
685 2611 71 24 Falke
768 2612 45 23 mit
822 2611 67 24 einer
900 2610 171 29 Umrahmung,

372 2636 178 37 lithographiert
567 2654 47 18 von
631 2649 80 34 Franz
727 2651 98 32 Naager
1098 2653 41 25 143

253 2706 38 23 Ab
345 2678 57 22 met
402 2695 5 5 -
435 2680 121 36 Dichtung
566 2689 55 22 und
632 2689 145 32 llluftration
789 2698 47 17 von
847 2690 113 25 Fernand
971 2688 105 31 KJmopff
1103 2692 35 25 133

379 2717 50 25 Lid}
430 2721 83 26 tdruck
536 2727 58 24 nach
618 2729 44 24 der
679 2731 141 31 Landfchaft
839 2738 46 17 von
903 2730 60 25 Karl
984 2728 89 26 Heider
1102 2733 37 25 133

1210 471 33 3 —
1259 457 59 24 Eine
1336 455 100 25 ähnliche
1454 455 85 32 Potenz
1556 454 45 24 wie
1618 455 29 23 de
1665 452 80 33 Caftro
1762 452 27 31 ift
1806 451 118 26 Manuel
1945 455 40 20 da
2002 449 88 25 Silva-

1210 498 88 29 Gayo,
1310 496 58 25 auch
1378 495 146 32 hünftlerifch
1541 501 46 18 von
1604 494 115 24 ähnlicher
1729 492 165 32 Konflitution.
1929 490 66 26 Auch
2010 496 26 17 er
2049 488 44 25 mit

1210 536 207 33 kosmopolitifthen
1429 535 138 32 Tendenzen.
1601 534 56 25 Sein
1673 533 164 33 Peffimismus,
1855 533 45 23 den
1915 538 26 17 er
1955 530 44 25 mit
2008 529 83 33 feinen

1211 577 92 32 meiften
1315 577 121 33 jüngeren
1453 577 110 31 Kollegen
1579 574 93 33 gemein
1689 575 45 30 hat,
1753 574 27 31 ift
1793 572 108 33 pofitiver
1911 571 36 25 als
1960 571 35 24 bei
2006 570 85 31 Caftro,

1209 618 55 31 geht
1278 617 36 25 bei
1329 617 48 25 ihm
1395 617 25 24 in
1438 615 155 26 Melancholie
1611 615 62 31 über,
1691 614 28 31 ift
1728 613 149 33 fubjektiver.
1912 611 98 32 Caftro's
2027 609 55 33 Peffi-

1212 659 102 24 mismus
1336 658 42 24 hat
1396 658 71 24 etwas
1489 656 134 32 Gelaffenes,
1640 654 52 32 faß
1712 654 110 30 Heiteres,
1844 652 36 25 bei
1900 652 67 30 Gayo
1987 650 62 25 wird
2068 656 27 18 er

1212 698 79 31 bitter;
1308 698 112 24 während
1437 697 81 31 Caftro
1525 695 49 34 fich
1590 703 45 17 vor
1649 697 44 23 der
1702 694 145 31 Inferiorität
1855 692 154 33 zurückzieht,
2026 690 67 25 kann

1203 737 50 33 fich
1265 739 67 30 Gayo
1344 738 61 24 nicht
1417 737 124 31 enthalten,
1558 737 61 32 diefe
1631 735 149 31 Inferiorität,
1799 735 40 24 die
1850 734 40 24 ihn
1907 732 119 31 bedrängt,
2038 731 56 30 flets

1212 786 32 25 ZU
1265 779 164 31 konftatüren.
1469 778 36 25 Er
1518 776 68 32 fühlt
1606 777 45 24 den
1669 776 109 31 Schmerz,
1801 776 43 22 der
1864 773 36 25 bei
1919 774 53 24 dem
1991 772 102 24 anderen

1213 819 71 24 durd)
1301 819 69 24 kühle
1388 818 120 33 Reflexion
1526 817 164 25 überwunden
1707 815 68 25 wird.
1807 815 36 25 Er
1851 814 27 31 ift
1888 814 44 23 der
1942 812 99 30 Denker,
2053 811 42 23 der

1204 858 50 34 fich
1274 866 46 17 von
1342 860 47 23 den
1409 858 134 32 Refultaten
1561 857 83 32 feiner
1664 856 138 32 Philofophie
1824 854 62 25 nicht
1905 852 99 32 befreien
2027 851 67 24 kann

1214 901 55 23 und
1284 900 40 24 die
1336 899 181 32 Konfequenzen
1527 897 84 33 feiner
1621 897 67 25 Ideen
1701 903 31 26 zu
1749 895 79 34 ifobm
1950 892 33 32 ift.
2016 891 81 31 Diefer

1214 940 134 31 Ideengang
1364 940 72 23 bildet
1452 940 46 23 den
1519 938 157 31 Untergrund
1691 943 32 26 zu
1736 936 92 32 feinem
1849 934 94 30 neuften
1963 931 54 26 noch
2037 930 60 25 nicht

1214 980 158 33 erfdmnenen
1392 980 78 26 Werke
1694 977 99 25 Frühere
1815 974 77 27 Werke
1913 974 85 29 Gayos,
2022 971 75 31 außer

1214 1021 54 24 dem
1280 1021 81 24 bermts
1376 1029 26 16 m
1414 1022 53 23 dem
1482 1020 83 32 letzten
1577 1019 59 30 Heft
1651 1018 105 33 zitierten
1772 1015 92 26 betiteln
1872 1013 49 33 fich
1931 1013 51 32 „0s

1214 1062 122 30 „Peccado
1347 1061 89 32 Antigo
1442 1061 6 16 1
1448 1061 6 12 '
1470 1062 54 23 und
1537 1059 121 32 „Cancoes
1675 1059 31 23 do
1897 1054 36 25 De
1948 1052 78 31 Caftro
2043 1050 54 24 und

1215 1103 29 23 de
1256 1101 68 31 Gayo
1335 1101 72 25 haben
1415 1101 49 33 fich
1474 1100 121 32 vereinigt,
1607 1107 42 16 um
1661 1098 51 25 eine
1724 1095 181 27 internationale
1916 1094 77 24 Revue

1215 1149 31 25 ZU
1260 1143 121 30 gründen,
1397 1143 50 29 auf
1460 1143 71 23 deren
1549 1139 134 33 Erfcheinen
1700 1145 58 17 man
1773 1135 115 33 gefpannt
1895 1134 54 33 fein
1966 1132 62 30 darf.

2001 1329 34 14 vor
2047 1322 49 19 Seite

1217 1370 171 26 Schwertlilien.
1424 1366 245 35 Originalbolzschnitt
1687 1373 27 16 m
1730 1362 59 35 zwei
1804 1361 88 27 Farben
1911 1367 46 17 von
1977 1358 54 25 Otto

1339 1411 124 25 Eckmann
2056 1404 7 17 1
2064 1402 31 26 59

1218 1451 177 32 Mädchenkopf.
1429 1450 95 32 Farbige
1546 1446 243 34 Originalradierung
1808 1450 45 17 von
1875 1441 66 24 einer
1957 1439 73 24 Platte

1335 1491 120 33 gedruckt,
1473 1497 47 18 von
1537 1489 26 25 E.
1582 1488 68 31 Klotz
2057 1476 26 24 ,6
2084 1483 12 24 5

1218 1533 65 25 Zwei
1299 1532 174 30 Studienköpfe.
1510 1527 242 33 Originalradierung
1766 1530 45 17 von
1829 1522 26 24 E.
1873 1520 68 30 Klotz
1960 1536 5 5 ■
1993 1535 5 5 ■
2017 1520 18 42 ■
2054 1522 40 24 '73

1218 1573 129 25 Scheuende
1360 1571 109 26 Pormies.
1496 1566 133 28 Lichtdruck
1641 1565 57 25 nach
1709 1565 53 23 dem
1774 1560 114 27 Gemälde
1899 1565 46 17 von
1958 1555 70 26 Paul-

1338 1612 84 26 Albert
1438 1610 106 25 Besnard
2050 1599 44 26 '??

1218 1654 68 25 Peter
1301 1654 80 24 Halm.
1417 1648 241 34 Originalradierung
1672 1650 46 18 von
1733 1639 175 34 Stauffer-Bern
1922 1654 6 7 .
1957 1654 5 6 .
1989 1653 6 7 .
2023 1653 5 5 .
2054 1638 37 26 183

1218 1693 134 27 Lichtdruck
1369 1691 58 26 nach
1443 1690 75 25 einem
1535 1687 66 25 Bilde
1617 1692 46 17 von
1680 1680 123 34 Segantini
2021 1691 6 7 •
2051 1677 40 27 '93

1219 1731 258 35 Originallithographie
1501 1736 26 17 m
1550 1726 51 25 acht
1624 1723 87 26 Farben
1736 1728 45 17 von
1804 1719 31 24 H.
1861 1718 29 23 de
1912 1715 114 30 Touloufe-

1218 1814 185 30 Menfchenpaar.
1435 1806 133 28 Lichtdruck
1586 1803 56 26 nach
1659 1803 53 23 dem
1723 1800 67 25 Bilde
1807 1805 46 16 von
1864 1796 61 24 Max
1936 1793 91 31 Slevogt
2047 1798 43 17 201

1218 1853 154 28 Dekorativer
1387 1848 116 27 Entwurf
1516 1853 44 16 von
1579 1842 108 27 Gerbard
1702 1838 106 30 Munthe,
1825 1833 134 28 Lichtdrudi
1987 1850 6 6 .
2021 1849 7 7 .
2044 1837 46 25 203

1218 1892 168 33 Heliogravüre
1403 1887 57 27 nach
1477 1886 65 25 einer
1557 1883 82 25 Studie
1656 1887 47 18 von
1719 1879 62 31 Fritz
1798 1884 44 17 von
1862 1875 65 25 Uhde
1954 1891 6 6 .
1987 1890 6 6 .
2021 1891 5 5 .
2041 1877 49 25 209

1218 1934 136 29 Feuertanz.
1388 1925 132 28 Lichtdruck
1538 1923 55 25 nach
1610 1919 116 28 Doudelet
2045 1917 15 18 2

1643 1976 20 19 -*

1461 2024 233 26 ABBILDUNGEN
1704 2022 41 21 IM
1758 2019 92 22 TEXT:
1946 2038 7 6 .
2038 2029 50 19 SMe

1220 2082 166 28 Umrahmung
1400 2084 46 17 von
1465 2076 55 25 Otto
1537 2073 121 25 Eckmann
2048 2069 9 17 1
2057 2068 31 26 43

1218 2119 178 34 SMußvignette
1412 2123 47 18 von
1476 2115 69 25 Hans
1562 2112 86 25 Thoma
2044 2109 43 25 '44

1218 2161 121 33 Kopfleifte
1355 2165 45 18 von
1417 2157 67 24 Peter
1499 2153 73 26 Halm
2047 2149 41 25 '43

1217 2198 179 35 Sddußvignette
1411 2202 48 18 von
1475 2195 67 23 Peter
1557 2190 72 26 Halm
2049 2190 22 24 '5
2073 2188 14 17 2

1218 2240 165 28 Umrahmung
1398 2243 46 17 von
1454 2233 80 32 Jofeph
1550 2230 87 26 Sattler
2051 2228 36 26 '33

1219 2280 164 28 Umrahmung
1398 2283 46 17 von
1461 2273 55 25 Otto
1533 2271 121 25 Eckmann
2047 2268 40 26 '34

1219 2319 124 33 Vignetten
1360 2322 46 18 von
1416 2314 23 30 J.
1456 2307 226 30 Pitkairn-Knowles
1986 2308 44 25 '35>
2047 2301 27 24 16
2075 2307 12 26 3

1218 2359 165 28 Umrahmung
1397 2361 47 17 von
1461 2352 55 25 Otto
1533 2350 121 24 Eckmann
2044 2341 29 24 16
2074 2348 13 24 4

1217 2399 133 33 Lyng-Lun.
1384 2391 140 31 Illußration
1541 2395 46 18 von
1604 2386 115 25 Henricus
2045 2387 41 25 172

1217 2437 127 34 Kopfleifte.
1378 2433 151 30 Zinkätzung
1544 2427 56 26 nach
1617 2427 75 24 einem
1709 2424 66 25 Bilde
1792 2430 46 17 von
1855 2422 95 25 Böcklin
1985 2439 6 6 .
2017 2439 6 5 .
2047 2427 40 26 173

1218 2473 197 37 Zinkographifche
1426 2468 202 34 Reproduktionen
1640 2465 56 25 nach
1706 2463 95 26 Werken
1812 2470 46 17 von
1867 2461 156 26 Paul-Albert

1335 2513 107 27 Besnard
1456 2527 105 8 ....
1593 2513 50 26 '77,
1661 2513 10 16 '
1671 2510 31 20 80
1702 2523 7 13 >
1727 2510 11 18 I
1738 2510 23 18 8I
1762 2522 6 13 >
1787 2509 23 18 IB
1811 2510 23 24 4>
1853 2508 22 19 IB
1876 2510 21 25 3>
1915 2507 12 20 I
1927 2507 33 20 8
1979 2507 23 19 ,8
2003 2508 23 24 9,
2044 2507 41 25 W

1217 2554 196 35 Zinkographifche
1417 2549 202 33 Reproduktionen
1626 2545 55 26 nach
1686 2544 130 26 Gemälden
1823 2549 46 18 von
1874 2542 122 32 Segantini
2000 2548 87 25 193,193

1217 2597 120 33 Kopfleifte
1354 2601 45 18 von
1417 2593 55 24 Otto
1488 2590 122 25 Eckmann
2045 2587 43 25 '97

1218 2637 120 33 Kopfleifte
1354 2643 46 16 von
1416 2633 61 32 Diez
2044 2627 44 18 20/

1218 2677 169 32 Illuflrationen
1403 2681 47 17 von
1466 2671 92 31 Sandys
1896 2667 138 27 204—205,
2052 2667 36 18 211

1218 2717 120 34 Kopfleifte
1353 2722 46 19 von
1409 2713 79 33 Jofeph
1504 2710 85 26 Sattler
2046 2708 15 17 2
2063 2709 24 16 2

1261 3018 0 0 213
