2575 3441
545 449 147 28 Interesse
709 460 58 25 aus,
783 450 82 30 nicht
879 462 70 20 vom
965 454 174 38 Gelehrten,
1162 456 52 30 der
1236 467 56 20 nur
1306 458 47 29 die
1369 459 33 29 be-

543 493 108 39 liebige
663 494 204 42 Erscheinung
878 497 45 35 ist,
935 498 47 29 die
995 510 69 19 vom
1076 500 104 31 Lichte
1191 503 136 38 gestreift
1333 504 83 36 wird,

543 539 63 28 und
641 541 145 29 natürlich
819 542 37 29 ist
891 543 49 30 das
974 555 76 20 neue
1087 548 64 28 Bild
1186 559 50 18 um
1272 550 77 29 eben
1382 560 33 19 so

543 585 57 29 viel
619 586 210 31 unwirksamer
847 589 38 30 als
904 591 61 29 eins
985 592 51 29 der
1054 593 86 37 alten,
1160 596 55 29 wie
1234 597 48 29 ein
1295 597 121 29 Fenster

542 630 106 30 immer
662 632 235 33 ausdrucksloser
914 637 38 30 ist
971 638 37 29 als
1026 639 47 30 ein
1088 640 236 41 aufdringlicher,
1344 642 54 30 den-

543 677 80 30 noch
644 680 208 38 sprechender,
874 684 164 38 pathetisch
1060 686 151 39 bewegter
1231 688 84 29 Arzt.

601 725 90 29 Doch
702 726 111 31 weiter.
849 730 93 29 Noch
963 741 79 19 muss
1065 742 67 19 man
1147 733 47 29 bei
1209 734 68 29 dem
1292 735 123 29 Fenster

542 769 167 31 verweilen.
750 774 38 28 Es
814 774 38 30 ist
878 775 49 29 ein
949 786 117 21 exactes
1087 779 125 29 Portrait
1239 780 53 28 der
1314 780 85 30 Licht-

540 813 117 32 einfuhr
679 817 79 30 eines
774 820 137 30 Hörsaals
932 824 172 37 geworden.
1141 825 71 29 Und
1228 826 54 29 wir
1294 829 120 28 müssen

540 860 49 29 das
610 862 65 29 Bild
695 863 31 30 in
747 866 100 40 Bezug
867 868 117 29 hierauf
1005 870 136 29 ansehen.
1183 872 92 29 Denn
1297 873 63 29 dass
1382 884 30 18 es

538 907 57 28 wie
608 908 51 29 alle
674 909 318 42 impressionistischen
1000 916 115 29 Werke
1123 918 176 39 unpopulär,
1309 918 103 30 seinen

537 952 149 32 Eindruck
705 957 52 28 auf
772 957 47 30 die
838 960 175 40 Apotheker
1029 962 135 36 verfehlt,
1183 965 133 28 versteht
1338 964 74 37 sich;

537 999 68 30 aber
629 1001 50 29 für
699 1012 55 20 uns
780 1004 38 29 ist
843 1016 30 18 es
896 1017 61 18 von
980 1007 55 29 viel
1057 1013 149 33 grösserer
1228 1011 182 39 Bedeutung,

537 1045 64 30 dass
623 1048 130 30 Besnard
767 1048 32 31 in
818 1051 67 29 dem
906 1051 83 30 Bilde
1010 1055 76 29 nach
1106 1055 153 29 Exactheit
1280 1057 132 38 gestrebt

534 1091 50 30 hat
604 1094 62 28 und
680 1095 160 31 hierdurch
859 1097 63 30 und
948 1098 94 30 durch
1067 1100 63 29 sein
1156 1102 153 29 Bemühen
1336 1104 74 28 nach

536 1138 112 30 Grösse
675 1142 73 28 auch
773 1142 46 29 die
845 1144 223 30 Kunstfreunde
1096 1147 132 39 weniger
1254 1149 156 39 befriedigt

535 1183 38 30 als
595 1195 32 20 er
648 1196 85 20 sonst
754 1189 157 30 vermocht
931 1191 88 29 hätte.

593 1232 92 29 Hätte
707 1243 32 18 er
763 1234 30 29 in
819 1235 67 29 aller
907 1236 127 30 Freiheit
1059 1238 86 29 einen
1167 1239 124 30 Hörsaal
1313 1242 95 29 malen

533 1277 119 36 wollen,
683 1279 80 30 ohne
795 1290 35 20 an
863 1282 167 30 bestimmte
1060 1284 127 30 Zwecke
1215 1296 37 20 zu
1281 1287 126 36 denken,

533 1322 80 30 dann
643 1325 104 29 würde
777 1336 31 19 er
837 1327 47 28 nie
916 1329 66 28 eine
1010 1330 311 42 Uebereinstimmung
1355 1334 53 29 mit

533 1369 98 30 einem
649 1371 153 31 malerisch
818 1373 227 41 gleichgültigen
1059 1376 141 30 Bauwerk
1215 1388 35 20 zu
1266 1380 139 38 erlangen

532 1416 123 38 gesucht
675 1416 105 37 haben,
806 1419 47 29 die
874 1419 52 30 für
947 1421 60 29 den
1029 1422 72 29 Reiz
1123 1422 95 31 seiner
1240 1425 106 29 Arbeit
1367 1426 37 28 als

531 1461 293 40 impressionistische
852 1466 214 40 Komposition
1096 1469 164 38 gefährlich
1288 1472 117 36 wurde;

531 1508 73 29 auch
631 1509 79 29 hätte
739 1520 31 19 er
791 1511 83 30 nicht
902 1512 50 30 für
974 1514 63 28 sein
1057 1515 64 29 Bild
1149 1516 46 29 ein
1217 1517 117 30 Format
1355 1528 33 29 ge-

531 1563 154 27 nommen,
712 1555 48 30 das
786 1557 40 29 im
850 1559 168 29 Verhältnis
1045 1570 37 19 zu
1107 1561 52 30 des
1181 1562 95 30 Bildes
1298 1563 88 31 Reich-

530 1600 84 29 thum
629 1610 37 19 an
681 1602 126 29 schöner
825 1603 90 30 Farbe
933 1614 37 20 zu
985 1614 82 29 gross
1084 1617 67 19 war.
1185 1608 90 29 Diese
1290 1609 113 30 Grösse

531 1646 64 29 kam
610 1645 31 30 in
655 1647 91 39 Folge
768 1648 51 29 des
841 1652 243 28 monumentalen
1099 1653 133 36 Zwecks,
1246 1655 61 29 und
1322 1656 80 30 diese

529 1692 149 30 Präeision
703 1693 37 29 ist
766 1694 53 30 der
841 1696 137 30 Versuch
1001 1698 152 29 Besnard's
1182 1700 62 36 (der
1266 1701 137 29 Versuch

530 1738 69 37 geht
626 1737 32 32 in
685 1740 111 29 seinem
821 1741 236 40 Nichtgelingen
1084 1746 109 37 unter),
1222 1756 33 18 so
1282 1747 56 28 viel
1366 1747 37 29 als

529 1784 129 39 möglich
686 1785 52 29 auf
761 1785 59 30 den
849 1788 195 38 Gegenstand
1071 1790 46 28 die
1146 1791 165 30 Studenten
1343 1793 45 30 auf-

528 1830 143 29 merksam
693 1840 37 20 zu
752 1833 133 29 machen.

587 1877 72 28 Und
681 1877 46 29 die
748 1879 167 28 Studenten
933 1880 140 29 kommen
1091 1891 37 20 zu
1148 1883 69 29 kurz
1240 1901 33 4 —
1296 1884 39 28 sie
1358 1896 30 17 er-

527 1922 99 29 halten
657 1923 86 29 ihren
772 1925 196 38 Gegenstand
1001 1927 139 30 dennoch
1172 1940 55 19 nur
1261 1930 31 29 in
1321 1931 81 30 einer

526 1967 211 40 Zubereitung,
761 1970 47 29 die
830 1971 49 29 für
897 1971 40 29 sie
953 1972 48 29 das
1020 1973 273 39 Gegenständliche
1313 1978 71 29 über-

527 2014 188 36 schwemmt;
736 2017 63 28 und
822 2017 47 29 die
891 2018 222 31 Kunstfreunde
1135 2022 177 39 empfangen
1334 2024 65 30 eine

526 2060 211 40 Zubereitung,
753 2062 46 29 die
815 2062 40 29 sie
870 2063 207 31 interessieren
1090 2067 119 37 könnte,
1224 2069 79 30 doch
1319 2071 82 29 nicht

526 2106 79 29 ohne
620 2106 94 30 durch
730 2107 46 30 die
797 2109 211 39 langweilende
1024 2111 112 30 Grösse
1155 2114 51 29 des
1225 2115 96 29 Bildes
1337 2117 61 28 und

526 2152 47 29 die
598 2154 216 40 Nachahmung
840 2155 53 30 der
921 2156 257 32 uninteressanten
1203 2161 196 31 Oertlichkeit

524 2208 37 19 zu
582 2199 107 29 leiden.

583 2244 54 29 Ein
661 2246 158 30 Bedürfnis
845 2248 78 29 stellt
948 2249 61 29 sich
1034 2249 56 37 ein,
1116 2251 60 30 sich
1197 2253 74 29 über
1295 2254 101 29 diesen

522 2290 93 30 Maler
635 2291 58 30 klar
714 2302 38 19 zu
767 2293 130 30 werden.

581 2337 183 30 Akademien
800 2350 97 19 waren
931 2343 208 38 ursprünglich
1170 2344 223 38 Institutionen,

521 2382 83 30 nicht
618 2382 56 29 wie
690 2383 46 30 die
752 2394 61 20 von
828 2385 97 36 heute,
945 2387 46 29 die
1007 2398 56 19 nur
1077 2388 45 30 ihr
1137 2390 108 30 blasser
1260 2392 135 38 Abglanz

522 2428 76 36 sind,
626 2429 223 37 Institutionen,
882 2432 31 29 in
942 2433 98 30 denen
1076 2437 65 27 eine
1167 2437 228 41 Versammlung

521 2484 64 19 von
613 2476 147 28 Männern
792 2479 81 29 noch
901 2478 64 30 eine
995 2481 122 37 gewisse
1150 2482 244 32 konstruierende

521 2520 84 29 Kraft
636 2521 103 30 besass.
781 2524 63 29 Aus
874 2525 53 28 der
953 2525 159 31 Schönheit
1140 2528 53 29 der
1221 2531 172 36 geborenen

521 2566 195 31 Kunstwerke
752 2569 208 30 entwickelten
995 2571 39 28 sie
1070 2573 126 39 Regeln,
1235 2575 55 29 wie
1326 2587 67 18 man

521 2611 194 32 Kunstwerke
738 2615 204 31 kombinieren
964 2617 107 29 könne.

581 2658 71 29 Eine
673 2659 103 31 diesen
797 2662 77 29 alten
891 2663 134 30 Lehrern
1043 2664 133 31 ähnliche
1192 2666 201 41 Erscheinung

521 2701 37 29 ist
577 2702 138 33 Besnard.

580 2749 87 30 Nach
692 2751 68 30 dem
786 2762 99 21 ersten
906 2755 128 30 Anlaufe
1059 2757 40 29 im
1124 2757 77 29 alten
1224 2759 168 31 Verfahren

522 2790 76 32 fühlt
612 2804 40 25 er,
674 2796 62 30 dass
753 2798 47 29 die
814 2801 325 31 Monumentalmalerei
1159 2804 96 29 seiner
1269 2806 122 39 Epoche

1499 461 91 29 selbst
1619 462 49 29 für
1697 463 62 29 sein
1786 465 113 29 Talent
1926 466 82 29 nicht
2040 476 69 30 gute
2136 469 96 29 Kunst
2263 466 105 34 werde,

1499 517 30 19 er
1558 508 48 29 sah
1632 508 62 31 sich
1719 520 59 25 um,
1805 521 103 19 woran
1933 523 31 18 es
1991 513 57 39 lag,
2076 513 71 30 fand
2169 515 126 35 Werke,
2324 512 44 29 die

1500 554 99 29 besser
1620 555 38 28 als
1681 555 47 29 die
1750 556 103 30 seinen
1870 558 62 29 und
1954 558 47 30 die
2023 559 95 30 seines
2138 561 114 28 Kreises
2272 567 96 22 waren

1498 600 64 28 und
1584 600 205 31 kombinierte.

1557 645 55 29 Die
1637 647 192 30 Kühnheiten
1851 648 51 29 des
1925 650 109 36 Lichts,
2057 650 52 30 der
2125 652 100 36 Farbe,
2248 652 47 29 die
2318 650 50 30 wir

1496 691 72 36 jetzt
1584 702 36 19 an
1637 693 60 28 ihm
1716 694 167 35 bemerken,
1900 695 65 29 sind
1986 696 53 29 der
2054 698 132 29 Ausfluss
2205 708 56 19 nur
2276 697 92 30 seines

1496 738 233 37 Eklekticismus,
1761 740 66 29 sind
1860 741 201 36 Kühnheiten,
2098 743 45 28 die
2177 754 67 18 man
2275 743 93 29 seiner

1495 783 98 29 Praxis
1615 785 196 30 zuschreiben
1832 797 87 24 muss,
1942 787 112 30 welche
2075 788 76 29 ihres
2174 790 142 28 Könnens
2336 787 32 28 in

1495 828 51 29 der
1572 830 203 40 Anwendung
1802 832 68 28 aller
1899 833 140 36 Formen,
2069 834 117 30 deshalb
2215 836 73 29 auch
2314 833 52 30 der

1494 884 115 26 neuen,
1635 876 109 35 sicher,
1771 878 169 36 versuchte,
1966 889 58 19 was
2051 880 61 29 sich
2136 891 59 18 von
2222 881 60 29 den
2305 881 40 28 Ge-

1494 920 117 29 danken
1632 921 62 29 und
1710 922 122 40 Wegen
1849 924 53 29 der
1916 925 138 29 Autoren
2076 926 167 38 geborener
2258 928 90 28 Kunst-

1493 967 97 28 werke
1612 977 59 19 neu
1693 970 183 28 verwenden
1897 970 93 30 liesse.

1554 1013 69 29 Wir
1634 1013 101 29 finden
1746 1015 62 29 hier
1818 1016 46 29 die
1876 1016 55 29 alte
1943 1017 168 40 Hoffnung,
2124 1019 46 28 die
2181 1020 43 28 bei
2236 1014 127 34 Besnard

1493 1058 104 38 gewiss
1617 1060 112 39 Utopie
1751 1071 70 26 war,
1839 1062 106 29 soweit
1965 1063 79 29 seine
2064 1064 299 31 Monumentalbilder

1490 1103 31 29 in
1542 1104 89 39 Frage
1653 1106 152 36 kommen,
1831 1118 62 18 von
1914 1109 156 30 ästhetisch
2092 1111 61 29 und
2175 1112 118 29 kritisch
2315 1111 32 27 be-

1490 1150 105 38 gabten
1617 1152 170 35 Künstlern,
1809 1152 62 31 sich
1893 1153 64 30 eine
1979 1156 274 30 wünschenswerte
2269 1158 93 28 Kunst

1489 1205 37 20 zu
1547 1196 147 38 erziehen,
1717 1199 118 29 wieder.

1548 1243 112 29 Diesen
1682 1244 77 30 alten
1780 1246 161 28 Künstlern
1962 1247 75 29 kann
2059 1258 66 19 man
2146 1250 128 29 Besnard
2297 1256 48 22 ver-

1489 1288 140 39 gleichen,
1653 1301 88 18 wenn
1763 1301 32 19 er
1816 1292 74 30 auch
1910 1293 32 28 in
1963 1293 102 30 seinen
2087 1295 206 39 Folgerungen
2315 1291 45 32 bei

1488 1334 59 28 den
1578 1345 123 28 grossen
1728 1337 120 30 Bildern
1876 1339 139 38 Unglück
2048 1340 106 38 gehabt
2180 1342 58 30 hat.
2289 1341 70 29 Man

1487 1389 95 21 nennt
1612 1381 52 30 ihn
1694 1382 64 30 eine
1787 1384 83 28 Kraft
1901 1395 98 19 ersten
2027 1387 126 38 Ranges;
2185 1398 31 19 er
2246 1389 37 28 ist
2313 1384 45 30 ein

1487 1428 152 35 Künstler,
1664 1428 53 29 der
1742 1429 54 30 mit
1816 1430 107 30 vielem
1944 1431 80 30 Eifer
2050 1433 69 29 dem
2140 1431 198 32 Monumental-

1488 1473 58 28 bild
1562 1483 36 19 zu
1611 1474 92 29 Hülfe
1716 1475 73 30 kam.
1810 1477 58 28 Mit
1880 1477 52 28 der
1945 1478 412 31 Decadence-akademischen

1485 1520 130 28 Routine
1641 1521 48 29 hat
1716 1532 31 18 er
1776 1522 95 30 nichts
1899 1523 128 39 gemein,
2055 1525 48 29 die
2128 1526 147 29 erschlafft
2297 1522 59 31 und

1485 1565 48 29 bei
1553 1566 85 29 allem
1652 1567 119 38 Mangel
1785 1578 36 19 an
1836 1569 119 36 Talent,
1977 1570 62 30 sich
2061 1572 166 38 genügend,
2249 1573 90 28 Kunst-

1485 1611 98 29 werke
1609 1622 36 19 zu
1672 1622 105 20 ernten
1802 1614 112 39 glaubt;
1947 1616 68 29 aber
2045 1617 67 30 weil
2142 1627 31 20 er
2199 1618 49 30 ein
2273 1616 66 32 wirk-

1484 1657 90 30 licher
1601 1659 193 29 Akademiker
1822 1661 49 35 ist,
1901 1662 111 29 wollen
2038 1664 54 28 wir
2120 1664 53 29 ihn
2201 1664 82 29 nicht
2308 1662 46 29 für

1484 1704 65 28 eine
1563 1704 159 40 Begabung
1744 1715 98 21 ersten
1858 1708 114 38 Ranges
1994 1709 107 29 halten.
2144 1707 210 41 Gegenwärtig

1485 1749 74 29 wird
1574 1759 32 20 er
1626 1761 63 19 von
1703 1751 108 31 Vielen
1834 1753 54 29 mit
1902 1754 97 29 einem
2014 1754 217 40 selbständigen
2250 1755 102 31 Geiste

1484 1797 195 29 verwechselt
1697 1798 64 28 und
1779 1809 62 19 von
1862 1799 59 29 den
1939 1801 217 30 Akademikern
2174 1804 96 27 seiner
2289 1798 63 33 Zeit

1483 1841 48 29 für
1557 1842 87 29 einen
1665 1844 214 31 Revolutionär
1900 1847 148 38 gehalten;
2075 1857 31 19 er
2130 1848 38 29 ist
2192 1848 67 29 aber
2283 1845 56 32 viel-

1483 1888 83 29 mehr
1597 1889 83 30 nicht
1710 1891 202 40 schöpferisch
1939 1892 62 30 und
2033 1893 49 30 ein
2114 1895 66 28 sehr
2208 1895 144 38 gelehrter

1483 1934 222 30 Revolutionär.
1744 1936 39 28 Er
1797 1937 49 29 hat
1860 1937 31 29 in
1906 1938 53 29 der
1974 1939 158 30 Schönheit
2147 1940 53 29 der
2214 1941 60 28 ihm
2286 1946 49 23 vor-

1481 1980 220 29 schwebenden
1710 1981 79 30 Ziele
1801 1982 65 30 eine
1879 1984 122 38 gewisse
2010 1986 208 29 Aehnlichkeit
2229 1986 53 29 mit
2294 1985 57 28 den

1481 2025 78 29 alten
1580 2026 223 38 Akademikern,
1825 2030 150 37 jedenfalls
1996 2031 50 29 hat
2067 2041 31 20 er
2120 2032 39 29 sie
2181 2032 39 30 im
2236 2033 114 29 Wesen

1479 2071 61 29 und
1572 2073 242 31 wahrscheinlich
1843 2075 30 29 in
1903 2076 52 29 der
1987 2077 187 40 Bedeutung,
2207 2079 46 28 die
2286 2082 63 24 man

1479 2117 61 29 ihm
1560 2123 97 34 später
1678 2119 161 31 beimessen
1854 2122 83 29 wird.
1976 2123 39 28 Er
2031 2124 161 39 vereinigte
2206 2125 31 29 in
2255 2123 93 30 seiner

1479 2163 68 29 Zeit
1576 2164 54 30 mit
1661 2165 58 30 den
1747 2167 130 36 Lehren,
1910 2168 46 29 die
1992 2168 46 30 die
2069 2170 159 29 Akademie
2256 2169 92 30 schon

1480 2210 108 35 besass,
1617 2211 46 29 die
1692 2222 62 19 von
1783 2213 242 40 schöpferischen
2050 2216 142 29 Geistern
2221 2211 127 34 kürzlich

1478 2256 192 38 gefundenen
1698 2258 107 39 Dinge.
1854 2260 37 30 Er
1919 2262 95 37 zeigte
2041 2262 30 28 in
2099 2273 124 28 grossen
2252 2265 95 25 neuen

1478 2302 136 29 Werken
1640 2303 136 37 beinahe,
1804 2316 57 18 was
1888 2306 79 29 diese
1995 2307 119 30 Geister
2139 2308 207 30 intendierten.

1477 2348 71 28 Dass
1584 2358 30 19 es
1646 2359 56 19 nur
1735 2350 121 30 beinahe
1891 2353 138 37 geschah,
2061 2354 45 39 lag
2136 2365 37 19 an
2204 2355 68 28 dem
2300 2358 31 31 ge-

1476 2393 139 40 ringeren
1637 2395 111 30 Talent
1772 2397 64 29 und
1866 2408 35 19 an
1928 2399 53 29 der
2009 2400 157 39 Mischung
2192 2400 53 30 mit
2269 2398 77 29 alten

1476 2439 184 32 Elementen.
1708 2442 72 30 Wie
1808 2453 30 19 es
1865 2444 61 29 sich
1951 2445 53 30 mit
2029 2446 52 29 der
2107 2446 164 30 Hinzuthat
2296 2441 50 29 der

1477 2495 99 20 neuen
1598 2488 136 35 verhielt,
1759 2489 162 30 erkannten
1943 2491 46 29 die
2011 2493 125 28 Schulen
2161 2493 96 28 seiner
2280 2485 65 34 Zeit

1476 2532 83 29 nicht
1578 2532 113 38 immer,
1714 2535 78 29 wohl
1815 2536 68 29 aber
1898 2536 45 30 die
1960 2538 235 39 pfadfindenden
2216 2538 127 29 Meister.

1475 2578 71 29 Und
1568 2579 54 29 mit
1642 2580 252 31 Flammenschrift
1915 2582 153 31 zeichnete
2085 2594 29 19 es
2130 2584 48 30 ein
2193 2581 148 34 allerdings

1474 2624 68 30 sehr
1558 2626 126 28 scharfer
1702 2626 127 37 Richter,
1851 2629 97 38 Degas
1964 2629 55 36 auf,
2041 2630 37 29 als
2095 2641 31 18 er
2145 2630 65 29 rief:
2234 2621 108 37 D'aussi

1473 2669 63 30 loin
1545 2681 56 29 que
1613 2672 26 37 je
1649 2672 63 29 vois
1722 2673 136 36 Besnard,
1871 2674 17 30 il
1898 2685 15 19 a
1923 2675 42 29 les
1973 2676 92 29 mains
2074 2676 71 30 dans
2154 2687 60 19 mes
2223 2672 118 43 poches.

1532 2718 72 28 Man
1619 2718 75 29 kann
1707 2719 48 29 das
1771 2720 74 28 auch
1860 2720 188 31 nachfühlen.
2076 2723 35 29 In
2125 2723 70 29 dem
2206 2720 116 31 Decken-

1474 2761 77 30 bilde
1580 2762 50 30 des
1653 2764 93 29 Hotel
1772 2765 37 28 de
1831 2766 78 29 Ville
1936 2767 51 29 hat
2006 2768 130 30 Besnard
2162 2770 30 28 in
2221 2768 119 38 grossen

1473 2809 155 29 Gestalten
1643 2809 52 30 auf
1717 2811 174 38 gestirntem
1911 2813 131 29 Himmel
2068 2814 89 30 einen
2179 2813 80 30 Kreis
2280 2816 39 21 v°
2321 2813 18 20 n

1510 2991 0 0 190
