2575 3441
882 648 19 32 I.
926 646 76 34 DIE
1025 629 410 50 BRONZEBUESTEN.

664 825 28 25 N
723 825 95 24 DIESE
847 830 78 19 neue
957 817 163 38 Abteilung

664 868 120 29 möchte
793 867 50 30 ich
858 865 105 41 gerade
977 875 37 19 an
1024 864 97 29 dieser

665 914 88 30 Stelle
778 914 88 29 einen
891 912 83 30 Blick
996 909 125 36 werfen,

664 960 84 30 nicht
779 969 90 27 etwa,
904 969 52 20 um
984 958 48 29 die
1065 957 37 29 Be-

664 1016 184 30 nennungen
879 1006 53 29 der
966 1002 157 32 einzelnen

662 1054 142 29 Bronzen
835 1063 38 20 zu
908 1049 215 39 rechtfertigen

662 1099 64 30 und
755 1098 198 31 ausführliche
982 1097 123 38 kunstge-

663 1146 193 30 schichtliche
901 1146 222 35 Erörterungen

663 1203 37 19 an
730 1191 155 31 dieselben
911 1201 38 20 zu
975 1188 148 41 knüpfen;

665 1239 50 29 das
747 1243 79 25 wäre
860 1238 65 30 hier
960 1236 84 30 nicht
1076 1243 47 20 am

664 1286 106 30 Platze.
812 1284 98 30 Wohl
925 1284 69 30 aber
1008 1281 116 30 scheint

245 1330 55 29 mir
320 1332 41 30 im
382 1333 60 30 Pan
464 1333 66 28 eine
551 1333 203 38 Betrachtung
775 1331 159 30 derselben
955 1339 50 20 aus
1026 1327 98 31 einem

245 1376 130 32 anderen
389 1379 256 41 Gesichtspunkte
664 1378 225 40 gerechtfertigt
902 1377 64 30 und
980 1374 132 31 nützlich

245 1420 47 31 die
313 1425 237 40 Beantwortung
571 1426 54 29 der
645 1427 121 38 Fragen,
787 1434 91 20 wozu
899 1424 124 30 dienten
1043 1421 63 30 dies

245 1471 312 40 verschiedenartigen
581 1472 120 30 ldeinen
725 1472 143 29 Bronzen
887 1481 38 20 zu
950 1470 79 30 ihrer
1050 1466 67 32 Zeit

245 1516 114 32 welche
390 1519 192 29 Bedürfnisse
615 1518 201 40 befriedigten
844 1517 42 31 sie
916 1516 64 30 und
1011 1514 97 31 welch

245 1559 238 37 künstlerischen
512 1565 259 39 Anforderungen
803 1564 66 29 sind
896 1562 87 31 dabei
1011 1559 97 42 gestell

245 1609 61 29 und
317 1611 105 31 erfüllt
433 1612 137 36 worden,
580 1612 57 30 wie
648 1611 127 31 wurden
790 1610 41 30 sie
842 1609 171 40 hergestellt
1023 1618 28 19 u.
1063 1617 22 20 s.
1096 1605 17 31 f

245 1652 97 34 haben
356 1658 49 29 ein
419 1659 147 30 Interesse
580 1659 77 29 auch
670 1658 53 29 für
737 1667 108 20 unsere
859 1657 148 29 moderne
1018 1655 96 29 Kunst

245 1699 81 33 denn
350 1705 42 29 sie
417 1706 98 39 geben
541 1715 57 20 uns
621 1704 154 31 Auskunft
802 1703 140 36 darüber,
969 1702 59 30 wie
1055 1699 58 31 wei

245 1747 136 33 ähnliche
408 1752 160 39 Aufgaben
600 1752 70 29 dem
700 1752 144 39 heutigen
870 1748 160 32 Bedürfnis
1062 1755 51 21 ent

245 1797 149 37 sprechen
417 1798 140 37 würden,
586 1797 63 31 und
676 1797 33 30 in
732 1797 132 31 welcher
888 1796 108 30 Weise
1022 1794 41 30 sie
1089 1802 37 21 zu

245 1837 85 36 lösen
344 1849 110 32 wären,
475 1855 52 20 um
548 1844 135 41 zugleich
704 1844 85 30 ihren
809 1843 187 42 praktischen
1017 1841 91 29 Zwec

245 1893 39 23 Zu
305 1890 131 31 erfüllen
455 1891 65 30 und
538 1891 61 30 den
619 1891 236 30 künstlerischen
869 1889 257 37 Anforderungen

245 1940 39 22 zu
305 1940 148 37 genügen.

306 1982 102 31 Ueber
434 1984 60 30 den
514 1985 79 30 Platz
618 1983 64 30 und
708 1983 48 30 die
777 1984 59 28 Art
861 1982 53 30 der
935 1980 172 32 Aufstellun

246 2023 54 33 der
312 2029 135 32 Berliner
461 2031 170 39 Sammlung
645 2040 56 20 nur
715 2029 77 31 zwei
806 2030 123 29 Worte.
956 2029 62 30 Der
1033 2029 93 29 Raum

245 2075 105 30 wurde
372 2078 137 38 gewählt,
529 2078 70 30 weil
619 2077 69 29 kein
715 2077 125 29 anderer
861 2075 176 31 vorhanden
1057 2083 61 21 war

245 2116 45 32 Zu
312 2122 112 32 vollem
439 2125 120 30 Genuss
581 2124 53 30 der
653 2122 215 41 Gegenstände
889 2122 81 30 hätte
992 2120 115 30 derselb

245 2163 128 43 doppelt
398 2180 34 20 so
461 2181 83 30 gross
566 2171 64 29 sein
654 2170 63 30 und
737 2169 176 31 wesentlich
934 2169 84 30 mehr
1039 2167 75 30 Lieh

245 2209 97 35 haben
372 2220 128 28 müssen.
541 2217 91 31 Auch
663 2217 49 30 die
742 2216 196 39 Einrichtung
968 2216 31 29 in
1029 2214 97 30 einem

246 2258 107 40 Raum,
386 2263 53 31 der
468 2274 109 30 wegen
603 2264 55 30 der
685 2263 243 30 Nachbarräume
960 2262 80 30 seine
1072 2260 37 29 alt

245 2301 194 45 Dekoration,
450 2310 46 30 die
508 2321 57 19 nur
572 2310 143 30 teilweise
726 2310 138 29 maskiert
870 2309 126 30 werden
1005 2309 113 29 konnte

247 2347 138 37 behalten
399 2366 122 27 musste,
542 2361 79 35 trägt
641 2355 33 32 in
693 2355 87 31 allem
803 2355 61 30 den
877 2356 66 39 Zug
958 2354 52 30 des
1024 2351 89 32 Provi

246 2399 163 33 sorischen.
450 2404 64 29 Der
542 2404 85 39 gelbe
654 2402 83 30 Stoff
755 2402 106 30 wurde
890 2401 140 41 gewählt,
1058 2399 58 31 wei

246 2441 142 36 Bronzen
413 2450 63 30 sich
500 2449 107 31 darauf
628 2459 46 20 am
696 2449 187 39 günstigsten
904 2448 146 33 abheben;
1079 2445 29 30 di

246 2487 112 37 Kästen
386 2496 79 37 sind,
489 2507 53 19 um
567 2496 225 40 Einförmigkeit
820 2505 38 21 zu
882 2495 162 35 verhüten,
1072 2492 40 30 mi

246 2535 99 35 einem
378 2542 167 39 gelblichen
580 2543 90 30 Grün
703 2542 240 40 ausgeschlagen,
979 2541 50 30 das
1061 2539 48 30 ein

246 2581 136 37 ähnliche
408 2590 152 40 Wirkung
588 2591 57 29 hat.
691 2590 73 29 Dass
794 2589 53 30 der
875 2589 103 29 dünne
1005 2586 107 30 Seiden

247 2631 77 30 stoff
345 2634 53 30 des
419 2636 255 40 Wandbehanges
702 2636 83 39 faltig
814 2636 98 39 gelegt
936 2634 113 35 wurde,
1076 2641 36 31 ge

247 2676 88 33 schah
361 2691 50 21 aus
436 2683 165 30 Rücksicht
626 2682 55 31 auf
700 2682 48 30 die
773 2681 173 31 malerische
966 2680 152 37 Wirkung

247 2720 20 29 d
269 2732 26 20 »c
317 2735 85 23 sonst
422 2740 58 19 nur
494 2730 95 31 durch
604 2730 89 30 einen
706 2729 52 30 für
773 2730 49 29 das
839 2727 190 41 (hoffentlich
1043 2725 70 31 nich

247 2774 37 23 zu
298 2771 108 42 lange!)
424 2777 202 30 Provisorium
647 2786 38 21 zu
706 2776 159 30 kostbaren
883 2774 82 31 Stoff
980 2774 80 30 hätte
1081 2781 31 21 er

248 2813 70 34 zielt
339 2822 125 30 werden
484 2824 131 30 können.
655 2823 54 29 Bei
735 2823 53 29 der
809 2822 193 38 Aufstellung
1023 2818 85 32 wurd

1201 811 46 30 die
1267 803 156 36 Rücksicht
1443 797 52 32 auf
1510 791 128 45 gefällige
1658 783 218 38 Abwechslung
1902 779 63 30 und
1986 779 48 29 har-

1201 836 151 52 monVsche
1383 846 146 36 Wirkung
1563 838 52 31 mit
1648 834 112 31 solcher
1794 829 52 30 auf
1875 824 174 32 historische

1201 867 189 69 Anordnung
1410 895 30 29 in
1454 889 135 36 Einklang
1610 893 36 21 zu
1660 880 122 37 bringen
1796 873 129 42 gesucht,
1945 879 105 21 soweit

1202 961 29 18 es
1253 949 52 29 der
1326 953 73 26 enge
1420 941 91 29 Raum
1533 937 157 37 gestattete.

1260 995 57 30 De
1328 987 209 36 Sammlungen,
1549 978 45 30 die
1608 976 61 30 hier
1679 976 142 31 vereinigt
1835 964 74 36 sind,
1921 963 130 40 gehören

1203 1061 35 5 _
1251 1041 52 31 mit
1312 1034 165 35 Ausnahme
1488 1026 129 39 weniger
1630 1015 210 36 französischer
1850 1012 137 29 Bronzen
1998 1008 51 29 des

1202 1090 77 31 sieue
1303 1085 126 31 zehnten
1448 1075 60 32 und
1522 1069 190 34 achtzehnten
1722 1057 205 42 Jahrhunderts
1942 1072 40 5 -
1997 1054 54 29 der

1202 1094 188 27 siebeennt
1854 1102 122 31 fünfzeh
1978 1109 73 21 nten

1202 1118 438 90 ÄSrÄ
1653 1157 140 32 Ideinsten
1808 1150 68 32 Teil
1889 1149 80 29 noch
1982 1147 69 29 dem

1647 1206 61 29 Der
1727 1203 180 33 Bronzeguss
1931 1203 60 19 war
2010 1202 41 19 im

1202 1234 190 26 siebzehnten
1407 1234 14 24 j
1583 1256 6 9 ,
1677 1254 156 29 gegangen;
1845 1238 206 33 imAnschluss

1198 1276 27 31 M
1226 1276 43 31 1
1270 1273 30 65 f
1302 1271 69 30 alt£r
1381 1276 95 62 The
1495 1256 141 82 Arbetn
1652 1294 100 34 wurde
1773 1301 31 20 er
1821 1289 47 30 für
1889 1284 161 32 besonders

1204 1332 35 58 T
1279 1325 99 65 TZ
1388 1305 317 85 wtl*Slieh
1722 1348 51 22 zur
1791 1333 189 37 Herstellung
1998 1330 53 29 der

1203 1359 459 89 SÄTeSnrMeu
1687 1386 60 33 und
1770 1383 46 31 für
1842 1381 46 29 die
1914 1377 137 31 Glocken

1205 1562 72 24 trete
1309 1562 82 18 veiw
1495 1562 16 17 &
1866 1565 46 30 die
1933 1564 104 29 Renais
2039 1579 13 4 _

1335 1641 32 31 N
1368 1575 329 83 ÄÄ
1716 1624 113 33 g-ser
1843 1613 209 34 Anstrengung

1207 1656 95 23 sance.
1335 1641 67 31 Nur
1422 1640 124 33 langsam
1667 1665 197 31 Ueberresten
1893 1657 52 29 der
1975 1655 77 29 alten

1206 1696 50 29 hat
1290 1701 39 20 sie
1381 1684 70 31 auch
1487 1679 61 31 her
1581 1676 57 26 den
1832 1701 220 38 Beherrschung

1206 1742 95 31 Kunst
1320 1729 131 44 folgend,
1478 1727 61 29 sich
1562 1729 37 22 zu
1618 1727 37 20 vo
1687 1727 16 25 b

1208 1789 50 29 des
1832 1795 73 32 nach
1925 1792 81 32 hund
2008 1800 44 22 -

1207 1828 184 37 Relieftafeln
1411 1833 40 20 im
1469 1817 62 31 Tre
1568 1823 16 19 n
1585 1820 35 65 £
1644 1817 12 21 '
1795 1846 27 29 D
1824 1844 9 29 i
1836 1854 28 19 eS
1867 1851 31 21 er
1922 1849 60 22 war
2003 1849 50 19 an-

1202 1882 108 37 Jahren
1330 1875 52 30 der
1402 1871 77 29 Guss
1500 1859 116 75 vonJr
1634 1855 120 76 g™
1885 1889 15 17 „
1990 1884 62 31 und

1207 2057 230 41 Goldschmiede:

1206 2114 129 31 zehnten
1355 2106 50 30 des
1669 2126 202 36 Handhabung
1885 2121 67 29 aller
1966 2118 86 30 Teile

1207 2161 46 31 die
1669 2138 30 24 H

1206 2181 435 101 £SrS2«lSf£
1661 2224 89 35 Guss,
1781 2213 177 35 namentlich
1981 2211 73 31 auch

1267 2298 78 27 Cus
1366 2286 92 35 äcke
1478 2279 117 45 perdue,
1621 2272 55 31 wie
1696 2269 31 29 in
1747 2266 51 30 der
1819 2259 234 40 mannigfaltigen

1250 2346 16 26 d
1299 2339 92 31 freien
1412 2293 188 71 Behandlung
1626 2319 51 29 der
1702 2310 182 39 Ciselierung
1912 2305 61 31 und
2001 2304 52 29 der

1205 2346 64 32 und
1298 2342 93 30 freien
1412 2342 22 22 ö
1583 2348 199 54 Jßhenpunkt
1797 2357 52 29 der
1864 2351 190 33 technischen

1205 2393 190 31 Patimerung.
1692 2378 18 24 V
1728 2407 59 28 den
1809 2403 40 30 sie
1873 2408 86 22 unter
1978 2398 76 29 Ben-

1206 2432 129 39 VOUend
1336 2420 346 83 SnlJdSS-i
1702 2454 35 30 da
1749 2451 131 38 Bologna
1901 2445 152 35 erreichte,

1205 2492 111 26 venuto
1333 2476 106 33 Celhni
1457 2476 61 22 una
1748 2497 59 32 Nie
1810 2496 126 38 dergang
1959 2491 95 29 dieser

1205 2535 44 69 ?
1274 2521 180 83 faatoer
1469 2562 35 28 de
1514 2569 21 19 n
1549 2510 121 75 Sieben
1684 2547 73 32 nach
1771 2504 184 70 äusserer
1970 2537 85 30 Voll-

1206 2580 25 31 K
1233 2587 74 58 T'
1308 2629 17 16 ff
1356 2616 51 29 der
1435 2601 205 39 künstlerische
1671 2592 157 33 Charakter
1859 2588 52 29 der
1937 2586 118 29 Bronze

1207 2636 37 20 611
1254 2671 16 18 u
1267 2629 58 31 Ung
1351 2616 39 73 f
1391 2658 78 31 mehr
1489 2656 155 33 vergessen
1663 2640 111 33 wurde.
1815 2634 59 31 Seit
1894 2633 53 29 der
1967 2632 88 30 Mitte

1368 2658 109 80 ehnt
1499 2691 206 46 Jahrhunderts
1735 2684 102 33 wurde
1868 2678 127 33 dieselbe
2025 2678 32 29 in

1205 2764 102 33 Itahen
1330 2766 55 23 nur
1410 2749 79 34 noch
1511 2740 156 35 nebenher,
1699 2728 190 43 vorwiegend
1909 2738 37 20 zu
1966 2726 72 30 deko-

1205 2811 113 33 rativen
1338 2799 153 35 Zwecken,
1512 2789 95 44 geübt.

1240 2996 0 0 253
