2575 3441
588 471 55 29 seit
673 473 62 27 1880
765 472 52 29 auf
840 473 112 29 nahezu
980 474 123 29 tausend
1130 474 151 31 Plaketten
1308 477 151 29 vermehrt

587 517 132 35 werden,
733 517 106 30 womit
853 518 39 29 sie
908 528 36 19 an
957 519 71 30 Zahl
1042 520 91 30 selbst
1147 521 54 29 der
1211 522 246 39 Dreyfuss'schen

587 562 167 40 Sammlung
768 564 192 30 entschieden
973 565 161 40 überlegen
1150 567 45 35 ist,
1217 578 89 18 wenn
1321 567 79 30 diese
1421 579 37 19 an

586 608 134 30 seltenen
747 609 62 29 und
840 610 260 40 hervorragenden
1127 612 129 30 Stücken
1284 614 73 29 auch
1384 615 73 37 jetzt

585 655 80 29 noch
687 655 111 29 ebenso
819 655 81 30 reich
920 656 38 30 ist
978 658 57 28 wie
1058 667 106 20 unsere
1184 659 176 39 Sammlung.
1394 661 62 28 Der

585 699 110 30 Grund
707 710 37 20 zu
756 701 80 30 einer
848 702 167 39 Sammlung
1026 713 63 19 von
1101 704 165 30 Statuetten
1280 705 62 29 und
1354 706 81 39 Grup-

584 755 60 28 pen
665 746 30 29 in
709 747 116 29 Bronze
841 748 111 29 konnte
968 749 133 39 dagegen
1123 759 58 20 erst
1195 751 67 29 sehr
1275 751 58 30 viel
1349 756 106 35 später,

583 800 61 21 erst
671 803 56 18 vor
752 793 139 39 wenigen
911 793 108 36 Jahren
1049 794 93 31 durch
1169 795 60 31 den
1256 797 122 29 Ankauf
1400 798 55 29 der

582 837 140 30 Bronzen
742 848 62 20 von
821 839 25 36 J.
868 839 101 30 Falcke
993 839 32 30 in
1045 841 132 29 London
1202 842 98 39 gelegt
1319 843 135 36 worden,

582 882 53 30 der
649 893 54 20 uns
718 884 94 30 durch
826 885 49 29 das
886 885 297 39 Entgegenkommen
1197 888 81 28 eines
1289 888 165 30 Londoner

581 929 150 30 Freundes
752 930 62 29 und
833 930 49 29 das
897 931 276 40 Zusammengehen
1186 933 55 30 mit
1254 934 62 30 ihm
1337 940 96 34 ermög-

581 974 73 29 licht
674 975 113 29 wurde.

639 1021 107 29 Wenn
776 1022 49 29 bei
855 1022 53 29 der
939 1023 183 40 Erwerbung
1152 1025 54 28 der
1232 1025 220 32 Bardini'schen

579 1066 151 31 Plaketten
755 1068 197 39 gelegentlich
976 1069 48 29 die
1052 1070 88 29 Höhe
1169 1071 77 30 ihres
1267 1072 111 30 Preises
1400 1073 34 29 be-

578 1113 131 38 mängelt
729 1113 126 29 worden
875 1114 45 36 ist,
942 1124 33 18 so
996 1115 82 30 hätte
1099 1115 50 30 ein
1169 1116 116 30 solcher
1304 1119 151 29 Vorwurf

577 1158 76 29 auch
672 1158 75 29 über
768 1158 59 30 den
841 1159 78 29 Preis
934 1159 95 31 dieser
1043 1161 336 41 Statuettensammlung,
1401 1164 48 30 die

577 1204 99 29 neben
698 1203 133 30 seltenen
851 1205 63 29 und
935 1205 48 30 ein
1002 1216 68 30 paar
1085 1217 72 29 ganz
1173 1207 135 40 einzigen
1322 1210 127 30 Stücken

576 1249 74 30 auch
671 1250 154 38 geringere
849 1251 64 28 und
937 1251 65 29 rein
1027 1251 171 32 dekorative
1218 1255 148 30 Arbeiten
1386 1257 47 29 auf-

1538 481 81 35 wies,
1649 481 132 30 erhoben
1807 482 123 30 werden
1959 484 127 30 können.
2127 486 84 29 Aber
2241 481 154 42 abgesehen

1537 525 108 37 davon,
1666 526 63 30 dass
1751 527 94 31 durch
1865 528 49 29 das
1928 530 191 30 Abkommen
2139 531 54 29 mit
2212 532 94 38 jenem
2321 528 55 29 Lon-

1537 571 96 30 doner
1647 573 140 29 Sammler
1801 574 64 28 eine
1881 575 140 39 Sichtung
2035 576 52 30 der
2102 578 166 38 Sammlung
2289 575 87 33 ermög-

1535 617 73 30 licht
1628 629 70 25 war,
1719 619 48 29 die
1787 619 32 29 in
1839 620 109 30 vollem
1966 623 112 29 Maasse
2100 631 171 31 ausgenutzt
2290 615 101 36 wurde,

1535 664 116 29 machte
1679 664 62 30 sich
1770 666 67 37 jene
1860 666 58 30 wie
1947 667 79 29 diese
2047 669 167 38 Sammlung
2239 668 81 30 nicht
2343 666 49 25 nur

1535 709 95 31 durch
1657 710 48 29 die
1732 712 101 29 rasche
1854 713 173 39 Steigerung
2055 714 53 30 der
2134 715 95 29 Preise
2255 713 51 31 für
2329 713 61 36 gute

1533 755 149 36 Bronzen,
1708 757 131 29 sondern
1859 768 56 19 vor
1940 759 75 30 allen
2040 760 131 30 dadurch
2190 757 138 33 reichlich
2347 754 29 29 be-

1533 801 86 34 zahlt,
1641 801 63 30 dass
1727 802 84 30 beide
1832 812 38 20 zu
1891 804 96 30 einem
2008 814 227 31 angestrengten
2256 796 133 38 Sammeln

1533 847 75 29 nach
1628 847 96 30 dieser
1743 848 150 40 Richtung
1916 850 51 30 hin
1992 851 47 29 die
2059 852 217 38 Veranlassung
2295 847 93 41 gaben.

1533 892 72 30 Dies
1625 894 57 34 hat,
1710 903 88 21 unter
1828 895 199 40 Ausnutzung
2058 897 161 31 besonders
2249 892 140 44 günstiger

1532 938 202 30 Verhältnisse
1765 940 32 29 in
1822 942 134 38 England
1986 942 63 30 und
2077 952 69 20 zum
2169 944 71 28 Teil
2267 939 71 33 auch
2360 934 28 28 in

1531 984 112 36 Italien,
1664 985 31 29 in
1709 986 138 39 wenigen
1857 988 107 35 Jahren
1983 988 63 29 und
2061 989 55 29 mit
2130 985 257 34 verhältnismassig

1531 1030 97 39 wenig
1649 1031 210 30 bedeutenden
1878 1033 122 30 Mitteln
2025 1033 49 30 das
2094 1035 131 30 Resultat
2249 1027 136 46 gezeitigt,

1530 1074 49 30 das
1605 1076 74 38 jetzt
1705 1077 32 29 in
1761 1078 54 29 der
1838 1088 98 20 neuen
1956 1080 268 40 Bronzeabteilung
2250 1079 59 30 sich
2328 1073 43 30 dar-

1529 1121 92 36 stellt;
1651 1132 59 19 neu
1738 1124 74 30 auch
1839 1125 138 36 dadurch,
2008 1126 64 29 dass
2101 1127 40 29 sie
2166 1127 85 29 ihren
2269 1111 115 43 Bestand

1529 1175 76 21 etwa
1626 1177 36 20 zu
1677 1168 136 38 gleichen
1825 1171 109 29 Teilen
1949 1171 53 29 der
2015 1172 150 30 Beisteuer
2179 1166 205 37 kunstsinniger

1528 1213 134 30 Freunde
1674 1224 121 20 unserer
1806 1216 206 40 Sammlungen
2022 1218 57 30 wie
2089 1219 59 29 den
2156 1214 227 35 Anschaffungen

1527 1268 50 19 aus
1599 1259 59 29 den
1678 1260 99 30 Fonds
1798 1261 53 31 der
1872 1264 126 29 Museen
2018 1264 150 31 verdankt.

1548 2994 0 0 252
