3528 4381
404 142 1442 208 Niederrheinische
1994 142 1163 264 Musik-Zeitung

769 421 191 87 für
1011 424 861 84 liiiiistfrcuiHle
1925 424 239 84 und
2217 419 579 86 Künstler.

1010 586 523 12 V'
1545 584 3 14 •
3113 584 9 9 \

226 617 443 83 Herausgegeben
708 635 103 38 von
857 616 269 56 Professor
2114 618 57 54 L.
2292 617 245 75 Bischoff.
1670 614 195 86 Verlag
1907 616 92 56 der
2903 612 434 86 Buchhandlung,

290 1003 211 38 Inhalt.

557 1001 88 47 Joh,
675 1002 91 38 Seb.
797 1001 136 39 Bach's
964 1001 159 39 Werke.
1169 1001 92 39 Von
1290 1001 45 38 E.
1365 1001 50 39 K.
1523 1001 99 39 Eine
1668 1000 260 40 traditionelle
1970 999 233 40 Thatsache.
2253 999 92 38 Von
2374 999 48 38 A.
2454 999 287 38 Schindler.
2848 999 146 49 Prolog
3023 1011 69 26 zur
3120 997 253 42 Mozartfeier

184 1064 41 41 in
254 1064 132 39 Wien.
416 1063 89 39 Von
533 1063 107 39 Joh.
670 1061 219 41 Gabriel
917 1063 156 39 Seidl.
1181 1061 148 40 Achtes
1361 1060 464 41 Gesellschafts-Concert
1853 1073 48 27 zu
1931 1061 103 39 Köln
2062 1060 65 48 (11.
2151 1059 177 41 Sinfonie
2356 1070 75 27 von
2461 1058 227 40 Beethoven
2795 1059 51 38 A.
2874 1058 237 39 Rubinstein
3219 1058 157 39 Lorelei

185 1138 75 28 von
288 1126 43 38 F.
359 1124 154 50 Hiller).
621 1125 85 39 Aus
735 1125 111 39 Lille.
952 1125 179 49 Tages-
1176 1124 98 39 und
1315 1124 567 50 Unterhaltungsblatt
1910 1124 119 48 (Köln
2137 1122 211 40 Frankfurt
2455 1121 120 39 Wien
2681 1120 204 47 Mailand).

611 1418 109 60 Joh.
759 1420 108 58 Seb.
904 1418 173 60 Bach’s
1105 1420 196 57 Werke.

316 1567 84 49 Die
442 1566 444 50 Bach-Gesellschaft
928 1566 45 49 in
1016 1564 185 69 Leipzig
1253 1564 79 50 hat
1374 1563 58 50 im
1477 1562 258 51 December

190 1649 153 52 1855
377 1649 70 50 die
477 1657 122 42 erste
622 1649 244 66 Lieferung
894 1649 79 50 des
997 1649 170 50 fünften
1194 1647 256 67 Jahrgangs
1474 1647 80 49 der
1577 1646 158 50 Bach'-

185 1733 137 50 schen
354 1732 178 51 Werke
561 1731 391 68 herausgegeben.

310 1815 133 49 Auch
473 1815 121 49 diese
623 1813 405 69 Jahres-Ausgabe
1060 1813 130 68 zeigt,
1221 1812 232 69 gleichwie
1482 1812 71 50 die
1583 1811 125 51 frühe-

185 1916 97 42 ren,
313 1898 70 50 ein
415 1897 187 66 steliges
636 1897 306 52 Wachsthum
973 1897 80 52 der
1083 1896 307 59 Theilnahme,
1422 1895 87 50 wie
1539 1911 80 33 aus
1651 1895 60 49 fol-

186 1980 193 67 gendem
410 1980 268 66 Vergleiche
708 1980 92 49 sich
830 1980 162 66 ergibt.

481 2062 170 52 1854.
1275 2060 170 50 1855.

305 2143 270 51 December.
608 2145 51 49 4.
689 2145 143 49 Band.
1009 2142 218 52 Decemb.
1261 2142 49 52 5.
1342 2142 144 59 Band,
1524 2141 45 52 1.
1592 2142 110 50 Lief.

185 2226 253 50 Fürstliche
468 2227 319 50 Theilnehmer
861 2226 73 51 98
985 2226 250 51 Fürstliche
1265 2225 318 49 Theilnehmer
1656 2222 72 51 97

188 2310 424 52 Ausserdeutsche.
660 2350 12 12 .
717 2349 10 12 .
774 2310 159 51 .155
981 2309 432 50 Ausserdeutsche.
1458 2345 123 13 ...
1619 2305 109 52 163

186 2391 234 51 Deutsche
448 2392 180 66 Bürger
665 2432 12 11 .
721 2430 12 13 .
777 2392 161 51 .282
989 2391 230 51 Deutsche
1248 2391 179 66 Bürger
1456 2428 12 11 .
1514 2428 11 11 .
1571 2389 156 50 .287

393 2512 304 65 Insgesammt
727 2551 11 10 .
785 2551 10 10 .
830 2508 115 52 535
1186 2509 297 65 Insgesammt
1514 2547 10 10 .
1569 2546 12 11 .
1616 2505 112 52 547

313 2592 136 51 Diese
479 2593 274 50 äusserliche
781 2594 283 65 Bezeugung
1092 2590 145 51 weis't
1266 2590 80 50 auf
1369 2590 70 50 ein
1468 2590 265 50 innerliches

189 2673 262 53 Bedürfniss
500 2677 90 48 und
631 2677 57 49 ist
729 2676 71 49 ein
829 2676 193 49 Zeichen
1053 2674 80 50 der
1162 2673 155 60 Liebe,
1362 2673 172 50 welche
1563 2674 141 65 wenig-

189 2766 123 43 stens
353 2759 103 50 dem
487 2761 218 48 Namen
750 2775 187 34 unseres
978 2761 210 63 grössten
1218 2756 310 49 Tonmeisters
1568 2756 165 66 gezollt

189 2841 128 50 wird.
364 2841 75 49 Sei
484 2858 47 32 es
574 2841 132 61 auch,
750 2841 103 49 dass
896 2839 93 52 sein
1035 2838 194 52 Wirken
1274 2837 157 51 Vielen
1475 2837 256 67 verborgen

188 2922 164 61 bleibe,
382 2922 70 49 die
482 2923 92 50 sich
606 2931 134 43 unter
769 2923 122 50 seine
924 2922 210 49 Freunde
1164 2921 173 58 zählen,
1368 2921 114 49 doch
1512 2919 141 50 bleibt
1682 2937 47 32 es

189 3005 437 60 bemerkenswerth,
669 3007 103 50 dass
816 3012 118 45 trotz
966 3003 412 52 widerstrebender
1406 3003 323 66 Zeitgewalten

190 3088 80 50 das
316 3087 356 51 vaterländische
711 3087 357 60 Unternehmen,
1112 3086 164 51 dessen
1307 3085 311 67 Begründung
1661 3085 68 49 ein

186 3170 472 67 Lieblings-Gedanke
688 3170 80 50 des
799 3170 100 49 früh
929 3170 285 49 vollendeten
1235 3168 320 50 Mendelssohn
1580 3185 120 48 gewe-

189 3270 95 43 sen,
316 3252 330 51 unaufhaltsam
678 3252 316 51 fortschreitet.
1026 3250 410 53 Widerstrebende
1465 3250 240 66 Zeitgewal-

190 3344 93 53 ten,
316 3336 170 51 welche
504 3336 170 67 Kampf
698 3336 93 50 und
809 3336 233 65 Stärkung
1072 3335 204 66 bringen,
1304 3333 99 50 sind
1431 3332 147 50 neben
1602 3332 104 50 Krie-

190 3419 245 67 gesfurcht,
465 3420 345 49 Materialismus
835 3419 91 49 und
952 3417 250 65 Theurung
1232 3416 335 69 hauptsächlich
1597 3415 136 49 zwei:

190 3501 70 50 die
289 3501 295 51 neuzeitliche
614 3502 166 50 Schule
809 3501 80 50 der
918 3500 215 58 Zukunft,
1164 3500 171 49 welche
1365 3499 80 49 mit
1473 3499 91 49 und
1595 3497 140 50 wider

190 3584 174 52 Willen
393 3584 160 50 Bach's
581 3585 125 49 Ehre
735 3584 211 66 bezeugt,
976 3582 91 50 und
1097 3581 81 51 der
1206 3581 403 50 leidenschaftliche
1639 3580 64 49 An-

192 3666 109 66 griff
322 3665 121 49 eines
472 3665 197 51 berliner
698 3665 404 67 Musikgelehrten,
1143 3664 81 49 der
1263 3670 134 43 unter
1427 3664 103 48 dem
1557 3662 174 51 Namen

315 3747 230 53 Robert
588 3749 266 59 Zimmer,
899 3747 248 51 Gedanken
1185 3745 120 51 beim
1336 3746 279 51 Erscheinen
1657 3745 78 49 des

439 3833 168 49 dritten
625 3833 177 49 Bandes
830 3833 80 49 der
932 3829 456 52 Bach-Gesellschaft.
1418 3829 168 59 Berlin,
1616 3827 90 53 Wil-

434 3915 121 50 helm
584 3915 138 50 Herz.
759 3914 172 51 1854.
964 3913 49 52 8.
1054 3911 67 51 16
1157 3913 62 57 S.,

190 3999 80 51 mit
299 3999 248 67 Heftigkeit
576 4015 145 51 gegen
753 3998 79 49 das
860 3995 306 52 Directorium
1196 3994 80 49 der
1293 3993 442 50 Bach-Gesellschaft

190 4081 272 68 überhaupt,
505 4081 80 53 mit
614 4079 314 69 Gehässigkeit
967 4095 147 51 gegen
1157 4076 49 51 C.
1235 4076 53 51 F.
1322 4076 225 51 Becker
1589 4074 122 52 insbe-

1827 1346 193 49 sondere
2063 1346 284 66 aufgetreten
2390 1343 70 51 ist.
2503 1342 86 51 Die
2627 1340 359 52 Persönlichkeit
3029 1340 78 49 des
3144 1339 227 67 Angriffes

1827 1436 172 43 musste
2029 1427 285 67 empfindlich
2343 1426 178 57 treffen,
2560 1425 99 50 weil
2701 1425 62 49 sie
2792 1423 121 50 nicht
2944 1422 42 50 in
3016 1422 116 50 allen
3160 1422 211 50 Punkten

1827 1511 323 67 unbegründet
2178 1527 109 41 war,
2317 1510 55 49 da
2403 1508 50 50 C.
2474 1508 49 50 F.
2546 1507 174 51 Becker
2749 1507 42 48 in
2824 1506 151 49 seinen
3007 1505 336 50 musik-literari-

1827 1595 137 51 schen
1994 1594 221 50 Arbeiten
2258 1592 190 50 manche
2491 1590 277 52 sonderbare
2794 1590 190 49 Blossen
3026 1587 206 67 gegeben
3276 1587 93 60 hat,

1825 1677 94 50 und
1964 1677 111 51 wird
2121 1676 75 50 ihn
2237 1674 295 67 vorsichtiger
2577 1672 202 51 machen.
2834 1672 121 50 Wer
2996 1690 34 31 z.
3062 1671 53 50 B.
3156 1670 211 51 Becker's

1835 1757 141 60 „371
2017 1757 318 66 vierstimmige
2366 1756 367 66 Choralgesänge
2762 1771 85 33 von
2876 1755 41 48 J.
2949 1755 45 48 S.
3220 1752 125 68 (Leip-

1825 1842 84 66 zig,
1947 1840 170 60 1831,
2150 1840 49 51 3.
2231 1839 225 67 Auflage),
2499 1837 301 51 aufmerksam
2832 1836 272 59 durchliest,
3146 1835 80 49 der
3255 1835 114 49 wird

1825 1933 258 49 erstaunen,
2104 1924 211 49 mehrere
2335 1922 193 50 Choräle
2551 1921 183 51 anzwei
2757 1920 170 49 Stellen
2958 1917 409 52 unverändert

1823 2008 284 67 abgedruckt
2137 2025 53 31 zu
2224 2006 166 59 finden,
2420 2024 38 31 z.
2488 2005 77 51 B.:

1945 2090 98 50 Hilf
2067 2090 126 57 Gott,
2224 2089 101 48 dass
2356 2086 83 51 mir
2469 2086 193 68 gelinge,
2690 2086 80 51 Nr.
2804 2084 114 52 302
2952 2105 60 23 =
3048 2082 129 51 199.

1948 2174 42 48 0
2014 2171 202 59 Mensch,
2248 2169 315 51 bewein'dein
2582 2168 155 50 Sünde
2759 2184 145 51 gross,
2935 2166 76 51 Nr.
3046 2162 318 53 306=201.

1947 2255 75 50 An
2052 2253 362 53 Wasserflüssen
2439 2251 219 68 Babylon,
2685 2250 80 51 Nr.
2798 2249 111 51 309
2946 2269 55 22 =
3039 2248 49 50 5.

1947 2338 208 49 Liebster
2183 2338 126 57 Jesu,
2339 2335 85 51 wir
2453 2335 98 50 sind
2579 2334 112 51 hier.
2730 2333 79 52 Nr.
2843 2330 113 52 328
2991 2354 61 21 =
3088 2329 130 51 131.

1823 2420 129 51 Aber
1981 2420 116 50 auch
2137 2419 60 50 im
2226 2418 229 67 Uebrigen
2485 2416 97 51 sind
2612 2416 70 51 die
2710 2415 293 66 Mahnungen
3036 2411 177 52 Robert
3243 2411 88 50 Zim-

1823 2508 150 55 mer's,
2003 2503 120 51 ihrer
2152 2502 270 67 gehässigen
2441 2502 139 49 Form
2603 2498 257 57 entkleidet,
2892 2497 120 50 wohl
3044 2514 55 31 zu
3129 2495 234 50 beachten.

1823 2588 134 49 Denn
1989 2592 172 43 erstens
2192 2584 57 51 ist
2278 2601 47 33 es
2356 2584 68 50 die
2456 2582 385 66 Weitsichtigkeit
2872 2580 78 50 des
2980 2577 380 58 Unternehmens,

1825 2669 170 50 welche
2025 2668 219 49 manchen
2276 2665 249 51 deutschen
2559 2664 340 50 Familienvater
2939 2662 80 48 mit
3052 2662 146 63 Sorge
3228 2659 114 50 erfül-

1821 2752 72 49 len
1924 2768 139 42 muss,
2094 2767 132 33 wenn
2257 2767 49 30 er
2330 2748 114 51 nach
2462 2747 219 66 massiger
2697 2745 304 65 Berechnung
3029 2744 80 48 auf
3135 2740 74 52 30
3231 2742 106 49 Jahr-

1822 2838 148 62 gänge
2010 2841 173 42 warten
2222 2831 94 50 und
2345 2831 129 49 dalür
2509 2829 111 51 150
2654 2829 123 50 Thlr.
2806 2827 158 49 zahlen
2996 2825 96 51 soll.
3137 2824 228 51 Zweitens

1820 2916 57 49 ist
1906 2916 70 49 die
1994 2912 636 66 Wieder-Veröfientlichung
2653 2911 178 50 solcher
2852 2907 409 57 Instrumentalien,
3293 2905 71 50 die

1820 2999 150 66 längst
1997 2998 45 50 in
2056 2997 126 49 Aller
2210 2996 196 50 Händen
2437 2996 112 57 sind,
2579 2994 141 51 vielen
2748 2992 345 51 Theilnehmern
3124 2988 240 51 auffallend

1820 3098 227 50 gewesen.
2088 3079 169 53 Beiden
2286 3078 327 66 Besorgnissen
2645 3096 52 30 zu
2729 3076 236 66 begegnen
2998 3073 89 50 und
3120 3071 69 50 die
3214 3071 125 49 Theil-

1820 3165 189 49 nehmer
2052 3181 55 32 zu
2151 3162 264 66 beruhigen,
2460 3159 157 50 würde
2655 3159 79 49 das
2767 3156 302 50 Directorium
3111 3154 80 50 der
3218 3153 146 50 Bach-

1821 3246 295 51 Gesellschaft
2145 3245 80 49 mit
2253 3243 209 66 geringer
2490 3241 139 51 Mühe
2657 3241 61 49 im
2748 3238 170 51 Stande
2946 3237 109 58 sein,
3087 3253 131 33 wenn
3251 3252 74 33 es:

1954 3327 49 69 1)
2034 3327 239 66 möglichst
2301 3325 273 50 ausführlich
2605 3322 199 51 bekannt
2842 3321 193 57 machte,
3079 3319 41 49 in
3167 3317 194 49 welcher

1823 3412 143 66 Folge
2005 3410 234 50 entweder
2282 3408 80 50 das
2392 3424 141 50 ganze
2565 3406 153 53 Werk
2761 3405 110 50 oder
2902 3411 115 42 etwa
3049 3402 69 48 die
3147 3401 218 49 nächsten

1826 3493 30 50 6
1872 3492 151 51 —lO
2066 3492 262 66 Jahrgänge
2367 3490 263 50 erscheinen
2672 3488 155 58 sollen,
2871 3483 145 52 wobei
3062 3481 305 52 vornehmlich

1826 3576 90 51 und
1948 3575 217 51 zunächst
2193 3573 246 51 Rücksicht
2469 3590 56 32 zu
2561 3571 195 51 nehmen
2798 3572 121 47 wäre
2963 3567 80 50 auf
3079 3565 152 50 bisher
3274 3581 62 32 un-

1825 3659 195 50 edirte
2051 3656 203 60 Werke;

1953 3741 53 67 2)
2037 3741 91 51 sich
2159 3740 195 51 darüber
2384 3742 221 52 äusserte,
2635 3733 60 53 ob
2725 3733 274 51 einzelne
3029 3731 199 51 Bände
3274 3730 93 49 und

1827 3841 56 33 zu
1914 3824 217 50 welchem
2161 3822 154 50 Preise
2344 3820 62 51 sie
2436 3817 265 68 abgegeben
2732 3816 201 58 werden,

1950 3910 251 55 Letzteres,
2245 3923 76 33 um
2366 3902 150 51 solche
2559 3900 319 51 Theilnehmer
2919 3896 153 51 herbei
3118 3914 54 30 zu
3219 3896 152 57 rufen,

1827 3990 174 51 welche
2030 3989 219 51 vielleicht
2278 3986 78 51 des
2386 3984 230 50 einzelnen
2638 3984 180 49 Bandes
2848 3979 239 67 bedürftig,
3120 3979 79 50 das
3217 3979 153 49 Ganze

1830 4073 109 50 aber
1971 4092 54 31 zu
2056 4070 237 53 erwerben
2324 4066 341 67 unvermögend
2696 4069 169 47 wären.

2790 4147 29 50 9

257 819 82 58 Nr.
377 819 46 58 9.

2913 815 80 58 IV.
3029 815 275 73 Jahrgang.

1492 805 174 83 KÖLN,
1705 818 38 58 1.
1783 818 134 57 März
1957 815 141 58 1856.
