2303 3868
921 236 196 34 THÉORIE
1149 245 226 27 MUSICALE

2082 250 74 36 441

430 357 239 41 Théorie
695 358 294 42 musicale.
1033 384 44 4 —
1096 360 143 42 TROIS
1267 374 18 24 «
1311 375 48 26 FA
1387 374 20 24 »
1434 375 118 27 POUR
1587 376 87 26 UNE
1710 375 165 27 GAMME.

203 466 19 23 «
256 451 114 52 Quel
389 453 47 50 fa
457 453 193 41 honteux
671 457 6 35 !
704 466 18 25 »
748 453 190 42 s'écriait
958 470 59 25 un
1040 457 127 39 vieux
1185 454 103 41 chef
1306 455 271 41 d'orchestre
1598 457 196 51 pendant
1815 457 262 40 l'exécution
2101 458 56 40 du

148 521 170 41 célèbre
339 535 19 23 «
380 523 189 39 unisson
589 534 19 25 »
628 522 53 40 de
703 521 257 56 VAfricaine
983 538 11 24 :
1017 539 58 25 un
1098 525 238 40 violoniste
1359 525 176 40 distrait
1559 527 147 38 venait
1727 524 248 54 d'attaquer
1995 541 59 25 un
2077 539 80 39 peu

147 591 105 39 haut
273 591 38 39 le
328 592 47 55 fa
398 592 73 51 qui
489 604 258 28 commence
767 591 38 40 la
837 607 40 25 11
886 597 15 17 e
925 606 191 27 mesure.
1145 591 116 42 Sans
1285 607 182 26 excuser
1491 591 184 42 l'artiste
1696 596 112 38 ainsi
1830 595 247 52 interpellé,
2105 609 54 27 on

148 668 101 43 peut
272 658 102 41 bien
412 662 200 37 soutenir
642 659 131 53 qu'en
808 659 220 42 l'absence
1053 662 53 39 de
1139 670 119 32 toute
1296 662 234 40 harmonie
1549 663 257 40 indicatrice
1905 662 103 41 c'est
2029 664 38 40 le
2087 678 74 25 cas

146 729 52 39 de
221 729 38 39 la
292 728 192 41 mélodie
516 729 54 40 de
601 728 263 53 Meyerbeer
967 730 26 39 il
1021 730 111 41 n'est
1161 745 80 38 pas
1273 733 122 39 aussi
1422 731 129 40 facile
1584 729 133 54 qu'on
1741 732 39 40 le
1802 734 108 38 croit
1935 733 201 50 générale-

146 805 120 32 ment
285 797 54 40 de
361 797 172 41 donner
554 802 22 36 à
598 798 169 41 chacun
791 799 77 40 des
904 812 106 27 sons
1037 800 52 39 de
1122 799 40 40 la
1186 814 181 37 gamme
1401 800 38 39 la
1462 800 191 40 hauteur
1675 809 148 31 exacte
1847 802 216 40 réclamée
2083 815 79 38 par

144 880 47 25 sa
215 865 195 41 fonction
443 866 313 53 harmonique.
798 866 70 49 Et,
907 867 211 53 puisqu'il
1153 867 131 52 s'agit
1317 869 53 40 de
1409 869 40 40 la
1484 877 102 32 note
1607 870 46 50 fa
1661 901 9 15 ,
1700 872 263 38 examinons
1988 871 147 51 rapide-

144 944 118 31 ment
288 935 63 39 les
383 936 268 51 principales
671 938 245 38 variations
941 950 85 39 que
1042 946 229 43 comporte
1294 939 39 38 le
1354 953 24 35 4
1383 943 14 17 e
1417 938 136 50 degré
1576 938 54 40 de
1667 938 39 40 la
1731 952 195 36 gamme.

200 1002 189 42 Suivant
410 1005 37 39 la
474 1004 168 41 théorie
659 1005 239 53 classique,
923 1006 39 39 la
987 1019 182 37 gamme
1196 1007 194 51 majeure
1411 1019 155 39 repose
1590 1019 75 27 sur
1686 1009 106 38 trois
1810 1009 148 50 points
1982 1008 148 39 harmo-

141 1073 160 51 niques
323 1073 205 51 disposés
545 1087 53 26 en
623 1075 113 38 série
757 1074 53 40 de
834 1075 178 51 quintes
1039 1087 6 25 :

197 1246 88 41 Sur
308 1262 71 25 ces
400 1248 130 41 bases
557 1256 142 33 'notes
724 1249 207 52 tonales),
957 1248 327 54 d'importance
1306 1250 213 49 variable,
1545 1259 101 32 sont
1668 1249 154 43 édifiés
1847 1253 109 38 trois
1978 1253 181 40 accords

140 1317 53 39 de
217 1318 132 39 tierce
369 1326 40 31 et
430 1320 153 49 quinte
607 1320 76 50 qui
720 1319 268 52 complètent
1009 1318 265 42 l'ensemble
1296 1320 54 40 de
1371 1321 38 39 la
1436 1333 183 38 gamme
1640 1320 261 52 diatonique
1922 1332 7 27 :

194 1613 87 41 Les
303 1615 177 39 valeurs
501 1614 52 40 de
577 1615 40 39 la
658 1617 155 50 quinte
847 1624 41 32 et
908 1616 54 40 de
1001 1616 38 39 la
1066 1618 131 38 tierce
1237 1621 119 36 étant
1378 1619 388 49 rigoureusement
1787 1618 313 47 déterminées,
2129 1621 27 39 il

140 1682 273 49 semblerait,
434 1683 174 52 d'après
626 1698 47 26 ce
692 1684 240 52 dispositif,
960 1698 85 38 que
1068 1685 37 39 la
1128 1685 187 41 hauteur
1339 1686 77 40 des
1441 1700 105 26 sons
1564 1687 54 40 de
1638 1687 38 40 la
1701 1701 180 37 gamme
1905 1701 54 27 ne
2001 1689 154 40 laissât

138 1751 124 51 place
287 1756 22 35 à
334 1766 170 26 aucune
528 1753 276 39 incertitude.
835 1753 30 39 Il
889 1752 99 41 n'en
1009 1762 65 32 est
1099 1755 91 39 rien
1215 1755 246 52 cependant
1478 1764 40 31 et
1536 1754 232 54 beaucoup
1789 1755 300 42 d'exécutants

138 1820 239 41 chanteurs
407 1830 40 31 et
476 1823 379 39 instrumentistes
965 1835 53 27 ne
1042 1836 46 27 se
1118 1823 184 40 doutent
1325 1829 138 45 guère
1492 1825 77 40 des
1591 1826 245 39 variations
1861 1824 129 53 qu'ils
2014 1828 114 51 impo-

139 1897 97 32 sent
346 1888 223 43 d'instinct
674 1905 82 26 aux
780 1889 227 42 différents
1040 1892 160 50 degrés
1223 1892 54 40 de
1297 1892 36 40 la
1369 1907 181 36 gamme
1585 1907 114 38 pour
1717 1907 52 26 en
1794 1893 176 41 obtenir
1992 1895 36 39 la
2055 1896 100 51 plus

137 1959 113 51 juste
273 1961 259 50 expression
556 1959 159 41 tonale.
741 1959 108 41 Bien
873 1960 212 47 entendu,
1111 1961 29 39 il
1165 1958 110 43 n'est
1297 1975 79 38 pas
1412 1964 206 49 question
1642 1964 52 38 ici
1720 1963 76 39 des
1816 1964 294 39 instruments
2131 1969 21 35 à

137 2041 106 26 sons
262 2026 122 51 fixes,
406 2027 290 48 invariables,
716 2029 244 52 possédant
989 2042 86 27 une
1098 2044 179 35 gamme
1300 2030 159 51 rigide,
1497 2030 440 42 irrémédiablement
1960 2031 149 41 fausse
2137 2042 6 23 :

137 2110 80 37 par
236 2110 46 26 ce
303 2096 76 41 fait
402 2101 160 45 même,
589 2106 120 32 toute
732 2099 220 50 précision
976 2098 299 53 harmonique
1296 2099 94 40 leur
1412 2107 65 33 est
1500 2100 220 40 interdite.

193 2164 63 40 Le
283 2180 12 25 lerI
304 2171 32 16 er
355 2179 19 24 ((
397 2165 39 40 fa
464 2179 19 24 »
511 2171 21 35 à
551 2168 226 38 examiner
793 2175 65 31 est
876 2167 111 39 celui
1007 2169 75 49 qui
1103 2168 162 40 résulte
1279 2168 53 40 de
1350 2168 38 40 la
1407 2169 265 49 génération
1687 2173 145 36 même
1846 2169 54 40 de
1914 2169 38 40 la
1975 2182 180 38 gamme

137 2234 286 52 diatonique:
451 2236 35 38 si
511 2241 115 33 ut=
649 2249 33 33 1,
699 2236 28 38 il
744 2249 94 26 sera
859 2240 254 47 représenté
1131 2250 78 38 par
1230 2236 85 52 4/3.
1331 2236 149 41 Chose
1505 2239 218 45 curieuse,
1750 2251 46 26 ce
1814 2238 68 51 fa,
1901 2238 176 39 normal
2101 2251 53 26 en

139 2303 193 51 quelque
356 2312 133 40 sorte,
516 2312 64 31 est
604 2308 216 48 peut-être
842 2305 39 38 le
905 2307 146 37 moins
1075 2306 139 47 usité;
1238 2305 29 39 il
1289 2306 270 51 correspond
1578 2310 21 35 à
1625 2306 247 41 l'ancienne
1895 2307 260 40 dominante

138 2371 178 52 plagale
357 2382 41 30 et
419 2373 38 39 la
487 2372 141 41 forme
650 2389 57 24 un
744 2387 84 38 peu
850 2374 241 51 archaïque
1113 2374 54 39 de
1188 2387 70 26 ses
1292 2374 259 40 harmonies
1590 2373 164 54 justifie
1779 2375 312 52 parfaitement
2114 2376 38 39 la

139 2444 173 37 réserve
331 2442 78 39 des
433 2443 339 51 compositeurs.
797 2441 295 49 Néanmoins,
1123 2456 56 26 on
1202 2456 54 27 en
1281 2452 235 32 rencontre
1546 2444 53 39 de
1625 2443 246 41 nombreux
1896 2444 221 52 exemples
2143 2463 7 27 :

203 2514 244 34 BEETHOVEN.
532 2514 233 44 Symphonie
779 2515 211 42 pastorale.

193 2994 218 54 L'emploi
435 2996 59 40 du
502 2996 58 53 fa
583 2994 67 53 4/3
676 2996 244 40 détermine
944 2994 244 42 forcément
1223 3011 87 26 une
1336 2998 178 40 marche
1551 2999 256 50 rétrograde
1830 2999 77 40 des
1937 2999 216 41 éléments

136 3064 337 52 harmoniques.
500 3064 67 40 En
588 3064 115 50 effet,
730 3063 173 53 d'après
928 3065 37 39 la
1005 3064 237 41 formation
1271 3066 54 40 de
1365 3066 39 39 la
1432 3081 181 35 gamme
1654 3068 211 51 indiquée
1903 3068 99 52 plus
2026 3068 123 51 haut,

133 3133 46 49 fa
188 3165 7 16 ,
212 3138 267 46 générateur
497 3131 87 42 d'ut
603 3143 40 30 et
663 3134 54 39 de
737 3133 79 51 sof
831 3133 171 40 devrait
1017 3149 27 36 y
1065 3131 167 53 figurer
1250 3149 175 26 comme
1446 3135 190 40 élément
1659 3137 218 52 principal
1900 3138 222 51 (tonique)
2141 3149 7 36 ;

134 3216 62 30 or,
224 3203 40 39 le
299 3204 220 39 contraire
555 3216 46 26 se
633 3203 179 51 produit
845 3204 214 51 toujours,
1088 3204 39 39 le
1153 3217 25 36 4
1181 3208 15 17 e
1219 3204 136 50 degré
1395 3213 64 32 est
1494 3207 293 50 uniquement
1811 3206 149 40 utilisé
1980 3219 171 27 comme

133 3271 190 40 élément
361 3271 298 52 harmonique
701 3271 260 41 secondaire
999 3272 126 48 (sous
1151 3272 296 50 dominante).
1471 3272 126 42 Cette
1633 3272 197 42 fonction
1854 3275 220 51 illogique
2090 3275 59 40 du

121 3340 56 52 fa
200 3340 75 52 4/3
303 3349 65 31 est
390 3340 40 40 la
449 3339 217 41 véritable
689 3354 132 26 cause
838 3340 53 40 de
913 3354 80 26 son
1032 3340 92 40 rôle
1146 3340 136 42 effacé
1305 3342 111 40 dans
1442 3342 38 40 la
1519 3344 207 52 musique
1750 3344 228 40 moderne.

189 3490 60 40 Le
273 3498 41 32 2°
337 3504 18 24 «
382 3490 39 40 fa
450 3505 19 23 »
495 3500 65 31 est
584 3495 54 36 né
657 3491 53 39 de
734 3491 40 39 la
790 3489 214 43 difficulté
1027 3492 54 40 de
1102 3492 79 40 lier
1205 3492 384 54 mélodiquement
1613 3493 62 40 les
1699 3502 128 32 notes
1847 3495 173 39 tonales
2029 3495 59 52 fa
2107 3504 41 31 et

127 3563 17 24 s
150 3559 43 40 ol
216 3573 54 26 en
293 3559 218 41 fonctions
532 3561 53 40 de
602 3559 357 41 fondamentales
984 3561 75 48 ;le
1081 3575 193 38 passage
1298 3562 58 41 du
1379 3577 24 36 4
1408 3570 15 18 e
1447 3577 54 26 au
1539 3576 14 38 5
1565 3570 14 21 e
1600 3563 136 50 degré
1755 3563 54 40 de
1832 3563 38 40 la
1894 3577 180 36 gamme
