2303 3868
345 253 148 27 NOTRE
529 246 292 34 SUPPLÉMENT
855 254 210 27 MUSICAL.
1187 254 195 27 OEUVRES
1417 246 229 34 RÉCENTES
1683 254 51 25 ET
1769 253 214 26 DIVERSES

2089 251 74 36 425

159 346 154 42 travail
338 348 189 45 sérieux,
554 348 117 39 mûri
696 362 80 37 par
801 348 40 39 la
872 348 210 40 réflexion
1105 360 9 37 ;
1136 348 62 39 les
1232 348 193 52 qualités
1462 347 76 51 qui
1575 346 62 40 les
1672 345 93 41 font
1797 347 140 38 aimer
1969 358 46 27 se
2050 350 94 35 résu-

158 424 119 32 ment
296 416 111 39 dans
432 416 38 40 la
489 417 192 49 vigueur
710 425 41 31 et
788 416 38 40 la
867 421 162 36 netteté
1067 417 306 52 d'expression
1411 416 280 50 dramatique
1723 423 41 31 et
1802 414 37 40 la
1879 414 195 40 richesse
2109 414 58 38 du

157 485 158 40 coloris
335 485 330 40 instrumental.

212 567 18 24 «
255 553 132 40 Trois
428 552 217 49 ballades,
670 563 155 32 autant
858 555 54 39 de
945 560 183 47 poèmes
1161 553 372 54 symphoniques,
1556 567 61 25 un
1646 561 194 44 quatuor
1863 561 40 31 et
1933 567 56 25 un
2024 552 142 50 grand

153 624 151 39 drame
327 623 205 47 musical,
560 623 40 39 la
626 622 120 41 Mort
769 624 49 39 de
851 622 159 49 Vlasta,
1034 623 193 40 forment
1251 623 38 39 le
1326 621 131 41 fonds
1481 621 141 40 solide
1665 622 58 39 du
1760 621 178 51 bagage
1977 621 186 40 musical

155 690 224 42 d'Ostrcil.

209 773 19 25 «
255 760 61 39 La
341 759 114 41 Mort
474 760 50 40 de
547 760 144 40 Vlasta
714 769 64 32 est
804 774 86 27 une
926 762 303 51 composition
1253 761 52 39 de
1338 759 115 41 belle
1485 759 156 47 allure,
1669 761 74 50 qui
1780 758 64 41 fut
1881 763 282 48 représentée

153 842 111 41 pour
287 829 39 40 la
360 831 218 50 première
598 829 84 42 fois
707 845 55 25 au
787 830 170 40 théâtre
982 830 198 40 national
1204 830 54 40 de
1281 828 195 51 Prague,
1502 842 54 26 en
1583 842 119 37 1904.
1729 826 63 42 Le
1829 828 112 50 sujet
1962 842 53 26 en
2041 842 21 26 a
2097 833 67 35 été

150 901 89 50 pris
263 898 111 40 dans
399 899 38 39 le
458 903 142 36 trésor
634 900 77 39 des
748 899 211 51 légendes
990 899 213 51 tchèques
1228 907 40 31 et
1309 900 85 37 mis
1430 910 180 27 envers
1648 911 81 38 par
1745 895 188 41 Charles
1954 896 205 53 Pippich.

150 967 184 53 Depuis,
361 966 163 42 Ostrcil
550 983 20 24 a
590 970 106 38 écrit
720 981 86 27 une
838 967 267 53 symphonie
1138 981 54 26 en
1228 967 39 39 la
1292 968 173 51 majeur
1488 974 40 32 et
1563 981 59 25 un
1657 966 290 46 mélodrame,
1983 966 35 38 le
2053 965 111 40 Rêve

148 1037 49 38 de
220 1037 38 39 la
274 1037 133 52 jeune
429 1038 220 39 danseuse.
670 1037 87 41 Ces
788 1038 114 39 deux
926 1039 337 51 compositions,
1291 1038 74 50 qui
1402 1044 75 32 ont
1500 1049 54 27 eu
1583 1050 60 25 un
1661 1040 87 35 très
1785 1035 142 51 grand
1969 1040 152 34 succès
2140 1040 21 34 à

151 1105 193 50 Prague,
371 1106 235 52 indiquent
628 1120 87 27 une
733 1107 227 40 évolution
985 1108 75 50 qui
1081 1115 66 32 est
1175 1120 53 26 en
1254 1107 112 38 train
1396 1105 54 40 de
1474 1103 278 53 s'accomplir
1776 1104 112 39 dans
1909 1104 39 39 la
1974 1117 156 38 concep-

150 1176 92 38 tion
265 1175 213 40 musicale
498 1176 58 39 du
579 1176 129 52 jeune
733 1180 155 36 maître
908 1190 9 33 ;
943 1176 103 40 c'est
1070 1175 39 40 la
1135 1175 215 40 tendance
1373 1174 135 40 claire
1543 1182 41 32 et
1610 1174 170 52 précise
1803 1176 21 36 à
1850 1173 121 40 voler
1999 1173 54 38 de
2093 1186 70 26 ses

151 1256 183 39 propres
373 1244 123 40 ailes.
534 1258 20 23 »

1619 1310 56 41 H.
1709 1310 36 41 H
1753 1325 179 26 ANTICH.

204 1427 68 42 Au
298 1439 198 31 moment
539 1437 56 35 où
648 1445 114 27 nous
806 1434 229 38 recevions
1075 1441 64 31 cet
1182 1432 193 40 aimable
1417 1434 147 47 envoi,
1610 1434 239 50 paraissait
1886 1432 37 39 le
1967 1430 109 42 livre
2109 1433 52 39 de

147 1496 60 41 M.
235 1498 207 41 William
474 1499 143 41 Ritter
650 1514 75 26 sur
749 1499 216 43 Smetana
999 1500 41 52 (2
1083 1515 118 26 mars
1250 1505 182 46 1824-12
1458 1503 88 37 mai
1589 1501 135 50 1884).
1752 1500 118 40 Avec
1902 1515 57 25 un
1998 1502 140 50 patrio-

146 1568 129 39 tisme
298 1569 155 39 ardent
474 1578 55 38 et,
556 1569 184 52 parfois,
763 1569 132 41 d'une
919 1570 208 40 brillante
1166 1571 258 51 éloquence,
1448 1569 61 40 M.
1548 1569 143 41 Ritter
1715 1569 185 40 loue-en
1946 1568 213 41 Smetana

147 1637 38 39 le
201 1636 238 41 fondateur
461 1638 53 39 cle
538 1638 39 40 la
601 1641 207 50 musique
831 1640 202 51 tchèque,
1072 1640 110 39 celui
1206 1641 75 50 qui
1302 1654 21 25 a
1343 1648 94 31 tout
1475 1643 113 43 créé,
1630 1639 112 46 l'art,
1793 1639 39 38 le
1875 1638 150 52 public
2057 1648 41 30 et
2123 1639 38 40 le

145 1706 184 48 théâtre,
347 1715 40 31 et
402 1709 91 50 qui,
514 1707 243 40 délaissant
776 1709 61 38 les
851 1710 124 39 voies
996 1709 52 40 de
1063 1714 150 34 succès
1238 1709 105 51 qu'il
1360 1709 142 39 aurait
1519 1722 58 37 pu
1597 1716 177 31 trouver
1794 1707 195 50 ailleurs,
2008 1708 126 40 volon-

146 1776 235 40 tairement
415 1774 131 42 fidèle
586 1781 21 35 à
651 1790 80 27 son
765 1791 124 38 pays,
923 1776 188 41 n'obtint
1135 1791 79 38 pas
1239 1778 61 38 les
1324 1782 313 47 récompenses
1672 1776 106 51 qu'il
1803 1778 191 38 méritait
2033 1785 40 31 et
2096 1776 64 40 fut

144 1846 178 38 victime
345 1845 54 39 de
422 1858 81 27 son
527 1847 295 50 patriotisme.
849 1846 61 40 Le
935 1846 175 50 bagage
1128 1847 53 39 de
1203 1844 215 42 Smetana
1443 1846 110 39 n'est
1591 1858 79 39 pas
1690 1851 87 34 très
1810 1845 311 41 considérable
2149 1858 7 35 ;

144 1914 29 38 il
194 1914 240 52 comprend
465 1928 7 25 :
508 1914 97 40 huit
649 1919 176 47 opéras,
872 1915 56 39 les
966 1914 410 55 Brandebourgeois
1413 1929 49 24 en
1493 1913 183 41 Bohême
1702 1913 214 53 (Prague,
1956 1917 136 47 1863),
2120 1914 13 39 '
2137 1929 24 25 a

143 1982 191 40 Fiancée
352 1984 177 47 vendue,
551 1988 133 48 opéra
711 1985 206 51 comique
950 1983 116 41 vifet
1086 1983 136 51 léger,
1248 1983 119 53 plein
1391 1983 53 40 de
1469 1997 160 26 saveur
1654 1982 290 53 (1863-1866),
1976 1982 184 40 Dalibor

145 2051 9 51 (
168 2051 185 52 1866-7),
378 2051 156 40 Libuse
559 2051 120 52 (1871
692 2051 82 54 -2),
811 2053 57 39 les
907 2053 125 39 Deux
1072 2051 157 42 Veuves
1250 2051 212 53 (1873-4),
1488 2052 35 39 le
1561 2051 151 39 Baiser
1745 2050 164 55 (1876),
1946 2051 35 39 le
2017 2051 142 40 Secret

141 2119 214 54 (1877-8),
380 2121 36 38 le
438 2119 102 41 Mur
557 2122 56 38 du
637 2121 141 40 diable
801 2123 198 52 (1881-2)
1025 2138 7 32 ;
1057 2124 109 39 trois
1190 2130 232 44 quatuors,
1440 2121 100 52 plus
1563 2135 57 26 un
1645 2123 85 37 trio
1757 2134 9 34 ;
1789 2121 198 39 diverses
2011 2122 147 51 pièces

142 2203 112 38 pour
277 2189 242 48 orchestre,
543 2191 108 39 dont
667 2204 85 26 une
782 2190 265 54 Symphonie
1081 2190 255 54 triomphale
1370 2205 74 24 sur
1467 2189 184 53 Vhymne
1674 2187 237 42 autrichien
1927 2187 191 54 (1853-4)
2146 2204 8 33 ;

141 2259 139 39 douze
303 2259 178 41 choeurs
502 2273 104 27 sans
635 2269 428 42 accompagnement
1084 2276 8 33 ;
1117 2275 59 25 un
1201 2261 106 51 petit
1328 2272 173 39 groupe
1526 2259 53 39 de
1597 2258 217 40 mélodies
1838 2272 9 35 ;
1872 2259 113 39 deux
2012 2260 144 50 pièces

141 2342 113 38 pour
273 2330 135 51 piano
432 2338 40 31 et
491 2329 167 48 violon,
684 2337 41 31 et
749 2344 59 25 un
834 2342 121 27 assez
980 2330 142 50 grand
1149 2328 186 41 nombre
1374 2329 222 39 d'oeuvres
1637 2328 197 39 diverses
1867 2341 113 38 pour
2003 2329 150 51 piano,

141 2398 141 51 parmi
324 2397 239 52 lesquelles
600 2397 63 40 les
708 2397 113 40 deux
879 2398 172 39 cahiers
1089 2398 53 39 de
1184 2397 162 40 Danses
1388 2396 193 54 tchèques
1614 2405 100 31 sont
1749 2396 407 52 particulièrement

139 2468 309 39 intéressants.

196 2533 232 52 Smetana,
489 2549 104 26 sans
634 2537 123 39 avoir
809 2549 86 27 une
939 2535 262 51 originalité
1238 2537 278 48 saisissante,
1557 2549 20 25 a
1612 2539 67 35 été
1715 2549 59 25 un
1818 2535 217 39 musicien
2067 2540 87 35 très

138 2604 228 51 distingué
392 2620 8 33 ;
427 2604 28 40 il
474 2613 64 31 est
560 2608 142 36 même
721 2604 176 40 difficile
919 2605 54 39 de
995 2605 94 39 dire
1114 2618 45 26 ce
1180 2606 74 50 qui
1280 2605 60 39 lui
1359 2619 21 25 a
1403 2608 195 48 manqué
1623 2607 213 48 pourêtre
1854 2618 57 25 un
1936 2606 192 49 composi-

140 2682 95 32 teur
266 2674 54 39 de
356 2682 93 31 tout
479 2676 193 49 premier
708 2674 145 40 ordre.
874 2672 62 40 M.
981 2673 143 41 Ritter
1145 2672 99 54 (qui
1281 2674 224 49 dédaigne
1530 2688 60 25 un
1634 2686 84 38 peu
1744 2681 96 43 trop
1860 2672 62 40 les
1946 2673 207 51 analyses

138 2744 279 50 techniques]
435 2741 171 42 l'exalte
630 2756 103 27 avec
757 2758 59 25 un
837 2745 282 50 patriotisme
1159 2743 230 40 touchant.
1415 2742 234 41 Peut-être
1675 2742 156 39 va-t-il
1853 2756 59 25 un
1931 2756 84 38 peu
2041 2742 108 40 loin.

136 2810 63 42 La
233 2814 141 50 partie
407 2812 187 52 capitale
626 2812 54 40 de
712 2825 82 27 son
828 2813 107 39 livre
968 2825 111 27 nous
1113 2816 142 48 paraît
1305 2816 91 36 être
1447 2812 112 39 dans
1593 2811 63 40 les
1688 2811 112 39 deux
1850 2824 138 38 pages
2024 2817 55 34 où
2124 2812 26 38 il

136 2881 270 52 revendique
441 2894 113 39 pour
576 2894 81 27 son
690 2881 103 39 cher
811 2894 110 39 pays
964 2881 38 39 le
1041 2881 215 52 privilège
1280 2880 52 39 de
1369 2880 39 39 la
1449 2881 208 51 musique
1680 2881 218 38 vraiment
1935 2879 135 40 slave.
2100 2879 51 54 Je

136 2951 63 40 les
220 2953 82 38 cite
323 2950 46 40 in
392 2956 169 33 extenso
583 2966 7 23 :

195 3035 18 20 «
235 3019 256 53 Lorsqu'on
527 3019 122 52 parle
672 3019 54 40 de
749 3020 208 51 musique
995 3019 121 40 slave
1136 3023 20 35 à
1196 3018 145 47 Paris,
1362 3019 384 39 immédiatement
1771 3015 166 55 l'esprit
1979 3024 172 47 évoque

141 3088 203 49 Thamar,
384 3086 230 58 l'Esquisse
656 3089 71 38 des
749 3095 176 47 steppes,
968 3087 157 51 Antar,
1161 3086 162 49 Sadko,
1358 3100 85 39 que
1468 3088 183 51 sais-je?
1676 3086 31 41 Il
1731 3102 26 37 y
1775 3102 21 25 a
1819 3102 86 26 une
1930 3090 218 39 immense

134 3158 236 41 différence
394 3166 123 32 entre
541 3158 38 39 la
604 3159 209 51 musique
844 3170 126 28 russe
994 3166 40 31 et
1070 3157 37 39 la
1150 3158 208 50 musique
1400 3156 136 40 slave.
1576 3155 62 41 La
1676 3158 207 50 musique
1923 3171 127 27 russe
2085 3168 64 30 est

135 3227 230 52 beaucoup
385 3228 101 52 plus
510 3236 188 31 souvent
722 3228 220 51 asiatique
966 3239 86 39 que
1076 3226 135 40 slave.
1238 3224 62 41 La
1325 3224 163 42 Russie
1512 3225 142 41 s'était
1680 3228 181 48 assigné
1896 3227 37 39 la
1961 3229 187 38 mission

134 3299 53 38 de
207 3301 204 48 pénétrer
434 3294 135 42 l'Asie
592 3296 193 40 centrale
805 3305 40 31 et
866 3295 95 41 d'en
988 3298 150 37 ouvrir
1161 3295 62 40 les
1254 3295 207 40 marchés
1482 3299 20 35 à
1525 3294 211 53 l'Europe
1763 3307 7 26 :
1816 3304 109 31 cette
1963 3298 184 39 mission

134 3366 218 53 politique
374 3375 41 31 et
451 3366 313 39 commerciale
785 3366 119 39 vient
947 3365 24 39 d
990 3368 91 37 être
1114 3366 305 50 interrompue
1442 3378 81 38 par
1557 3364 63 40 les
1644 3366 205 38 victoires
1891 3365 256 52 japonaises

133 3444 41 32 et
207 3436 39 39 la
287 3436 268 40 révolution.
602 3433 117 41 Mais
744 3448 53 26 en
837 3435 208 50 musique
1084 3434 82 39 elle
1203 3431 101 42 s'est
1340 3438 179 35 trouvée
1563 3433 174 40 reflétée
1775 3433 131 40 d'une
1948 3433 128 51 façon
2112 3437 32 37 si

134 3505 310 40 merveilleuse
468 3502 134 54 qu'on
627 3512 104 44 peut
754 3504 94 39 dire
881 3503 39 39 la
946 3507 218 48 conquête
1189 3503 242 51 accomplie
1457 3503 113 39 dans
1597 3516 47 26 ce
1667 3503 226 46 domaine,
1913 3513 41 29 et
1991 3505 35 37 si
2045 3502 102 42 bien

135 3574 243 50 accomplie
402 3571 103 53 qu'il
526 3582 64 31 est
614 3571 177 41 loisible
815 3572 53 39 de
900 3572 193 40 discuter
1124 3574 51 48 si,
1201 3586 113 38 pour
1338 3572 238 51 conquérir
1599 3572 37 39 la
1665 3573 208 49 musique
1909 3574 235 49 asiatique,
