2240 3817
740 232 145 27 COURS
920 231 58 26 DU
1014 220 200 37 COLLÈGE
1247 227 57 26 DE
1340 224 169 28 FRANCE

124 227 77 50 164

121 332 161 39 devant
306 330 59 39 lui
390 341 85 28 une
496 338 175 29 mesure
705 324 145 51 pleine
873 322 53 40 de
945 322 74 40 vin
1040 334 98 38 pur,
1167 330 174 29 mesure
1379 316 75 51 qui
1478 312 235 53 s'appelait
1856 315 40 33 et
1922 320 27 39 Q
1955 322 25 25 u
1987 309 10 38 i
2022 322 75 29 con-

124 400 135 40 tenait
282 399 183 40 environ
490 396 106 39 trois
633 393 136 40 litres.
797 390 72 42 On
902 389 295 50 commençait
1215 392 21 34 à
1263 386 124 40 boire
1423 397 77 27 sur
1522 383 40 39 le
1585 382 146 49 signal
1770 378 151 40 donné
1942 390 78 38 par
2043 393 80 28 une

123 475 234 44 trompette
379 466 75 51 qui
476 463 218 40 instituait
718 469 123 32 entre
863 461 62 39 les
950 458 196 41 buveurs
1183 472 58 24 un
1264 452 216 43 véritable
1504 463 217 29 concouis
1746 461 8 26 :
1778 447 113 40 celui
1916 447 74 51 qui
2015 452 110 39 avait

122 536 38 40 le
179 535 99 51 plus
303 536 62 38 tôt
386 533 99 39 vidé
519 545 46 27 sa
591 544 174 27 mesure
810 530 187 40 recevait
1040 540 87 28 une
1163 530 308 46 récompense.
1516 522 144 50 Après
1686 519 38 38 le
1765 517 215 50 banquet,
2023 527 103 33 cette

120 603 118 41 foule
262 616 46 27 se
328 601 171 41 rendait
517 615 52 27 au
596 601 250 39 sanctuaire
871 599 53 40 de
960 597 245 52 Dionysos,
1232 600 57 34 où
1309 593 83 40 elle
1411 590 206 53 déposait
1656 588 79 40 des
1771 598 268 28 couionnes.
2067 585 58 45 Ce

120 672 149 40 n'était
292 672 98 52 plus
411 671 245 40 seulement
679 669 161 44 le.dieu
865 668 58 40 du
946 668 73 39 vin
1041 665 134 53 qu'on
1206 663 138 41 fêtait.
1371 661 125 40 Cette
1519 658 86 40 fête
1642 658 105 40 était
1772 655 108 40 celle
1918 654 53 40 de
2015 663 111 36 toute

122 741 39 40 la
182 741 209 40 floraison
412 741 272 51 printanière
703 753 9 34 ;
731 738 224 51 Dionysos
974 736 207 40 devenait
1199 745 85 29 une
1300 732 76 40 des
1390 729 195 52 grandes
1602 727 211 40 divinités
1828 725 52 40 de
1899 724 38 40 la
1960 733 163 43 nature,

121 810 53 40 de
199 809 39 40 la
263 810 300 50 germination
585 817 40 32 et
645 809 53 39 de
718 807 40 40 la
780 806 281 53 production.

176 877 62 42 Le
263 879 224 38 troisième
506 879 99 50 jour
627 879 105 38 était
753 875 156 52 rempli
931 889 79 38 par
1035 873 78 40 des
1134 884 164 38 usages
1317 870 214 49 religieux
1550 867 113 40 dans
1686 865 39 40 le
1759 862 133 42 détail
1924 861 201 54 desquels

122 948 36 52 je
182 945 236 42 n'entrerai
439 959 95 38 pas,
553 954 40 32 et
617 947 75 51 qui
715 945 59 40 du
799 953 113 32 reste
937 957 54 27 ne
1014 955 114 28 nous
1162 949 101 33 sont
1299 951 171 29 connus
1509 949 85 40 que
1627 949 81 38 par
1732 948 58 26 un
1816 933 108 52 petit
1947 932 179 44 nombre

121 1016 53 40 de
193 1016 385 49 renseignements
602 1027 84 39 peu
707 1015 158 52 précis.

176 1082 174 42 Notons
372 1084 54 38 ici
449 1096 47 27 ce
531 1082 161 41 second
713 1082 79 40 fait
817 1096 8 26 :
857 1081 63 41 les
940 1079 137 43 Grecs
1098 1088 75 33 ont
1195 1079 148 40 donné
1366 1080 22 36 à
1429 1073 197 42 l'ivresse
1650 1085 88 28 une
1761 1079 120 33 sorte
1903 1070 25 40 d
1950 1075 147 46 organi-

122 1154 144 39 sation
287 1152 216 52 politique
535 1161 41 31 et
599 1152 244 50 régulière;
882 1164 114 27 nous
1018 1161 184 29 verrons
1231 1155 94 33 tout
1360 1150 21 36 à
1404 1145 11 40 1
1435 1145 136 40 heure
1595 1141 133 54 qu'ils
1769 1141 11 39 1
1801 1149 77 32 ont
1900 1140 222 55 divinisée,

122 1230 93 31 tout
235 1234 173 27 comme
430 1221 38 39 le
488 1220 192 53 phallos.

176 1294 45 46 4°
243 1288 88 41 Les
351 1289 188 53 grandes
569 1288 243 54 Dionysies,
839 1289 113 39 dans
988 1286 240 54 lesquelles
1265 1297 46 27 se
1350 1283 176 53 placent
1557 1282 64 40 les
1664 1281 378 52 représentations
2078 1281 48 40 de

123 1359 176 39 drames
319 1358 196 53 lyriques
536 1358 108 40 dont
666 1359 71 51 j'ai
759 1362 20 35 à
802 1357 162 52 parler,
990 1364 102 33 sont
1117 1356 38 39 la
1189 1354 101 53 plus
1324 1352 209 40 brillante
1554 1350 78 41 des
1665 1348 110 42 fêtes
1798 1349 55 40 de
1891 1348 231 53 Dionysos.

122 1427 36 38 A
182 1427 93 40 leur
295 1427 126 50 éclat,
448 1441 53 26 au
525 1441 25 25 v
555 1431 14 17 e
591 1427 147 46 siècle,
764 1426 269 53 correspond
1054 1423 140 42 l'éclat
1218 1423 52 40 de
1300 1422 40 40 la
1374 1423 239 51 puissance
1635 1419 221 53 politique
1891 1418 26 40 d
1938 1417 186 43 Athènes

121 1504 41 31 et
186 1495 38 40 le
247 1495 99 52 plus
371 1494 278 53 magnifique
669 1495 369 52 développement
1051 1493 54 41 de
1123 1506 70 27 ses
1213 1500 106 32 arts.
1343 1489 72 42 On
1439 1489 64 53 s'y
1521 1489 174 40 rendait
1714 1488 55 40 de
1787 1497 101 32 tous
1903 1487 63 41 les
1986 1489 138 51 points

122 1564 53 40 de
193 1562 228 54 l'Attique,
446 1564 78 40 des
550 1564 196 40 colonies
779 1572 40 32 et
842 1564 78 40 des
956 1576 109 39 pays
1089 1562 144 40 alliés.
1258 1559 82 49 Là,
1385 1559 226 52 Dionysos
1645 1555 150 42 n'était
1838 1557 101 52 plus
1965 1556 159 42 célébré

122 1632 283 52 simplement
428 1646 172 27 comme
623 1632 101 41 dieu
745 1632 52 40 de
821 1632 39 40 la
895 1634 149 48 vigne,
1082 1627 200 43 identifié
1305 1628 172 41 bientôt
1515 1641 103 27 avec
1642 1627 63 40 les
1730 1625 142 42 forces
1895 1626 54 40 de
1992 1627 35 40 la
2053 1641 48 26 na-

122 1710 94 31 ture
240 1703 73 50 qui
339 1703 309 51 apparaissent
665 1716 55 26 au
745 1702 261 51 printemps.
1047 1699 30 41 Il
1119 1700 104 40 était
1262 1698 234 41 considéré
1522 1710 108 28 sous
1671 1712 58 25 un
1771 1695 164 41 nouvel
1968 1705 153 44 aspect,

120 1783 103 26 avec
259 1785 57 24 un
358 1769 183 41 attribut
581 1769 132 41 d'une
755 1768 301 53 signification
1099 1769 100 52 plus
1233 1767 210 51 générale
1466 1782 7 24 :
1498 1764 143 43 c'était
1684 1766 39 40 le
1762 1766 103 40 dieu
1908 1765 215 40 libérateur

118 1832 265 59 (èXeoôsptoç),
419 1836 280 43 c'est-à-dire
729 1839 39 40 le
792 1839 100 40 dieu
919 1839 73 52 qui
1027 1837 165 41 délivre
1218 1836 40 41 la
1283 1845 113 31 terre
1432 1836 78 40 des
1554 1835 113 40 liens
1691 1836 54 39 de
1769 1833 173 51 l'hiver,
1968 1842 55 41 et,
2054 1849 68 37 par

119 1908 229 39 extension
372 1907 53 40 de
457 1907 38 39 la
517 1911 141 37 même
684 1908 111 47 idée,
828 1908 111 40 celui
965 1909 75 50 qui
1062 1907 172 50 dégage
1268 1905 63 41 les
1357 1909 122 36 âmes
1500 1905 53 40 de
1575 1902 216 43 l'étreinte
1815 1903 77 41 des
1928 1905 142 40 soucis
2087 1912 35 32 et

120 1976 77 39 des
218 1976 183 39 misères
425 1975 52 40 de
513 1976 40 40 la
576 1977 84 48 vie,
689 1990 18 25 «
733 1976 110 41 celui
868 1978 75 51 qui
970 1984 185 45 apporte
1176 1989 83 27 aux
1292 1975 223 48 hommes,
1543 1987 54 28 en
1632 1977 146 37 même
1803 1982 145 44 temps
1972 1971 92 54 qu'à
2088 1973 32 40 la

119 2052 171 39 nature,
317 2044 38 39 la
384 2043 156 41 liberté
561 2057 36 27 ».

172 2111 87 41 Les
281 2112 193 51 grandes
497 2113 238 53 Dionysies
769 2114 205 40 duraient
1006 2115 158 51 depuis
1188 2114 39 40 le
1253 2126 15 39 5
1297 2112 208 54 jusqu'au
1534 2124 51 40 14
1620 2112 59 40 du
1704 2113 115 40 mois
1855 2112 155 52 appelé
2047 2111 56 41 éla-

117 2180 259 53 phébolion,
402 2183 75 51 qui
494 2183 147 39 venait
665 2189 128 46 après
814 2183 38 40 le
876 2183 250 53 précédent.
1172 2181 122 42 Elles
1327 2183 337 52 comprenaient
1688 2182 113 40 deux
1833 2183 165 51 parties
2020 2183 82 51 prin-

118 2249 181 52 cipales,
322 2256 55 34 où
400 2250 38 40 la
463 2253 209 50 musique
706 2252 140 52 jouait
866 2267 59 26 un
949 2252 92 40 rôle
1078 2253 54 38 de
1167 2253 194 51 premier
1394 2251 104 53 plan
1526 2264 8 26 :
1561 2251 118 40 l'une
1720 2251 187 52 remplie
1945 2265 78 39 par
2056 2251 66 39 des

118 2319 253 39 exécutions
395 2318 217 50 chorales,
639 2317 153 44 l'autre
832 2335 80 38 par
948 2321 77 40 des
1066 2322 383 51 représentations
1483 2320 199 53 lyriques
1709 2320 321 53 dramatiques.
2068 2318 52 41 La

121 2387 215 51 première
369 2390 138 49 partie
530 2389 147 40 durait
701 2392 108 37 trois
833 2391 122 50 jours
978 2406 6 24 :
1011 2390 39 41 le
1073 2392 196 51 premier
1300 2391 114 52 jour,
1441 2390 28 39 il
1501 2405 27 38 y
1553 2391 117 40 avait
1708 2403 87 28 une
1835 2403 178 40 pompe,
2048 2400 76 29 une

123 2463 117 31 sorte
255 2455 53 39 de
327 2457 257 50 procession
598 2458 348 52 carnavalesque
970 2467 41 31 et
1029 2458 270 53 triomphale
1324 2462 20 36 à
1368 2458 39 40 la
1433 2457 101 48 fois,
1559 2464 56 34 où
1637 2458 11 40 l
1668 2460 151 49 image
1836 2459 54 39 de
1914 2458 208 53 Dionysos

123 2524 103 38 était
250 2529 237 46 promenée
511 2529 21 35 à
555 2534 167 32 travers
743 2526 38 40 le
806 2527 99 51 plus
936 2527 112 41 beau
1074 2529 198 51 quartier
1291 2528 54 40 de
1369 2527 39 40 la
1430 2527 105 40 ville
1561 2538 8 39 ;
1597 2527 38 41 le
1655 2533 180 45 cortège
1855 2529 172 39 excitait
2050 2538 73 29 une

124 2593 98 38 vive
243 2594 207 39 curiosité
473 2607 80 38 par
572 2594 141 41 l'éclat
748 2597 121 39 varié
891 2597 78 39 des
990 2606 243 39 costumes,
1257 2597 63 41 les
1345 2596 211 41 attitudes
1592 2598 230 52 comiques
1843 2606 41 32 et
1910 2598 61 40 les
2009 2607 114 42 poses

125 2669 265 44 grotesques
431 2662 76 40 des
543 2676 306 39 personnages
873 2671 211 47 masqués
1109 2668 76 50 qui
1215 2667 353 52 représentaient
1592 2664 40 43 la
1677 2669 117 38 suite
1817 2667 58 41 du
1912 2667 116 46 dieu,
2069 2665 53 40 les

127 2728 160 41 silènes
324 2738 40 32 et
397 2730 62 40 les
498 2740 184 44 satyres,
726 2748 80 37 par
846 2735 62 40 les
945 2734 135 41 libres
1106 2735 253 41 évolutions
1399 2735 78 40 des
1510 2736 236 51 danseurs,
1794 2735 121 42 enfin
1961 2750 75 39 par
2065 2734 52 40 les

129 2798 155 40 chants
306 2803 200 37 exécutés
525 2801 133 49 (nous
681 2815 53 27 en
769 2817 139 27 avons
931 2818 61 27 un
1019 2806 242 51 spécimen,
1289 2819 56 26 au
1371 2806 148 39 moins
1552 2818 115 39 pour
1700 2805 63 41 les
1798 2806 192 53 paroles,
2025 2804 96 40 dans

129 2881 59 26 un
201 2865 222 52 fragment
442 2869 53 40 de
516 2869 227 55 Pindare).
769 2872 87 42 Les
873 2874 112 40 deux
1000 2875 122 52 jours
1139 2876 219 47 suivants,
1381 2875 28 40 il
1423 2890 28 37 y
1469 2876 118 40 avait
1604 2889 161 27 encore
1781 2876 54 41 de
1856 2876 40 40 la
1916 2876 205 50 musique,

130 2949 106 27 sous
272 2934 140 43 forme
436 2938 52 39 de
511 2952 216 29 concours
750 2942 51 40 de
824 2943 178 41 chœurs
1030 2944 222 41 d'enfants
1275 2953 41 32 et
1336 2945 54 40 de
1427 2945 179 40 chœurs
1627 2945 269 42 d'hommes.

184 3003 126 42 Cette
338 3009 217 48 première
597 3012 139 49 partie
772 3014 230 46 terminée,
1028 3015 117 40 avait
1169 3014 103 48 lieu,
1300 3014 40 40 le
1363 3017 40 42 8,
1441 3029 58 25 un
1524 3012 200 43 sacrifice
1748 3013 298 43 traditionnel.
2070 3010 52 42 Le

129 3072 267 52 lendemain,
423 3081 292 48 commençait
736 3081 38 39 la
800 3082 191 40 seconde
1013 3085 157 50 partie.
1196 3082 63 42 Le
1291 3098 41 37 9,
1371 3083 29 40 il
1423 3099 23 38 y
1474 3085 117 40 avait
1615 3098 88 27 une
1727 3086 147 40 action
1898 3085 224 49 liturgique

127 3143 318 50 préliminaire,
481 3150 199 37 réservée
709 3163 54 26 au
803 3153 166 39 service
992 3153 57 40 du
1090 3153 102 40 dieu
1218 3151 196 54 (rcpoaycov
1439 3164 35 22 sv
1496 3164 53 35 iqj
1572 3149 127 55 tepq>),
1724 3156 101 50 puis
1865 3170 59 26 un
1963 3156 158 44 cortège

128 3211 167 53 (xojgoç)
313 3214 161 51 auquel
498 3219 229 47 prenaient
757 3229 95 42 part
882 3220 63 40 les
985 3224 177 38 artistes
1187 3224 75 50 qui
1298 3222 184 41 allaient
1519 3226 91 38 être
1649 3224 232 52 employés
1922 3238 79 26 aux
2038 3222 84 52 jeux

129 3281 233 51 scéniques
379 3292 9 39 ;
438 3282 38 40 le
512 3286 104 47 soir,
645 3289 21 36 à
691 3286 38 40 la
764 3287 125 41 lueur
912 3289 78 40 des
1026 3290 271 51 flambeaux,
1343 3291 78 40 des
1471 3290 199 54 éphèbes
1709 3293 344 53 transportaient
2088 3286 33 40 la

127 3356 143 32 statue
294 3349 57 40 du
379 3350 101 41 dieu
512 3353 113 40 dans
649 3355 38 39 le
726 3356 192 51 théâtre;
951 3361 101 50 puis
1089 3373 56 27 on
1177 3363 242 48 annonçait
1444 3361 63 40 les
1528 3362 148 51 pièces
1701 3364 76 51 qui
1813 3363 202 40 devaient
2044 3361 78 37 être

125 3417 166 49 jouées.
337 3417 61 42 Le
442 3434 63 35 10,
546 3422 39 40 le
623 3426 160 51 peuple
822 3427 210 41 athénien
1071 3443 103 26 avec
1217 3429 77 41 des
1351 3434 235 47 étrangers
1634 3431 54 41 de
1744 3446 203 39 marque,
1991 3425 131 44 venait

124 3485 189 50 prendre
336 3488 138 51 place,
491 3493 260 49 magistrats
778 3500 158 37 entête
958 3495 122 55 (avec
1094 3499 63 40 les
1173 3498 207 54 prêtres),
1395 3500 115 40 dans
1528 3500 254 42 l'immense
1797 3502 169 40 théâtre
1981 3495 141 45 adossé

124 3567 54 26 au
213 3555 108 41 ilanc
347 3560 262 41 méridional
634 3562 53 41 de
721 3561 265 55 l'Acropole,
1014 3576 40 31 et
1095 3581 56 27 on
1178 3570 200 39 assistait
1409 3574 21 35 à
1456 3570 78 40 des
1559 3583 219 29 concours
1821 3572 53 40 de
1917 3565 204 47 comédies
