<?xml version="1.0" encoding="UTF-8"?>
<alto xmlns:xsi="http://www.w3.org/2001/XMLSchema-instance" xmlns="http://www.loc.gov/standards/alto/ns-v2#" xsi:schemaLocation="http://www.loc.gov/standards/alto/ns-v2# http://www.loc.gov/standards/alto/alto-v2.0.xsd" xmlns:xlink="http://www.w3.org/1999/xlink">
	<Description>
		<MeasurementUnit>mm10</MeasurementUnit>
		<sourceImageInformation>
			<fileName>//fileserver7/IN2-2/Princeton/bmtnabj/1908/03/15_01/00000185.tif</fileName>
		</sourceImageInformation>
		<OCRProcessing ID="OCRPROCESSING_1">
			<preProcessingStep>
				<processingSoftware>
					<softwareCreator>CCS Content Conversion Specialists GmbH, Germany</softwareCreator>
					<softwareName>CCS docWorks</softwareName>
					<softwareVersion>6.7-1.20</softwareVersion>
				</processingSoftware>
			</preProcessingStep>
			<ocrProcessingStep>
				<processingSoftware>
					<softwareCreator>ABBYY (BIT Software), Russia</softwareCreator>
					<softwareName>FineReader</softwareName>
					<softwareVersion>10.0</softwareVersion>
				</processingSoftware>
			</ocrProcessingStep>
		</OCRProcessing>
	</Description>
	<Styles>
		<TextStyle ID="TXT_0" FONTSIZE="10" FONTFAMILY="Times New Roman" FONTSTYLE="bold"/>
		<TextStyle ID="TXT_1" FONTSIZE="14" FONTFAMILY="Times New Roman"/>
		<TextStyle ID="TXT_2" FONTSIZE="11" FONTFAMILY="Times New Roman"/>
		<TextStyle ID="TXT_3" FONTSIZE="14" FONTFAMILY="Times New Roman" FONTSTYLE="italics"/>
		<TextStyle ID="TXT_4" FONTSIZE="11" FONTFAMILY="Times New Roman"/>
		<TextStyle ID="TXT_5" FONTSIZE="11" FONTFAMILY="Times New Roman" FONTSTYLE="italics"/>
		<ParagraphStyle ID="PAR_CENTER" ALIGN="Center"/>
		<ParagraphStyle ID="PAR_RIGHT" ALIGN="Right"/>
		<ParagraphStyle ID="PAR_BLOCK" ALIGN="Block"/>
	</Styles>
	<Layout>
		<Page ID="P7" PHYSICAL_IMG_NR="7" HEIGHT="3817" WIDTH="2240" PRINTED_IMG_NR="167" PC="0.939">
			<TopMargin ID="P7_TM00001" HPOS="0" VPOS="0" WIDTH="2240" HEIGHT="254">
				<TextBlock ID="P7_TB00001" HPOS="740" VPOS="204" WIDTH="764" HEIGHT="38" STYLEREFS="TXT_0 PAR_CENTER">
					<TextLine ID="P7_TL00001" HPOS="741" VPOS="205" WIDTH="763" HEIGHT="37">
						<String ID="P7_ST00001" HPOS="741" VPOS="209" WIDTH="146" HEIGHT="29" CONTENT="COURS" WC="0.96" CC="76754"/>
						<SP ID="P7_SP00001" HPOS="887" VPOS="238" WIDTH="37"/>
						<String ID="P7_ST00002" HPOS="924" VPOS="212" WIDTH="55" HEIGHT="27" CONTENT="DU" WC="0.37" CC="56"/>
						<SP ID="P7_SP00002" HPOS="979" VPOS="239" WIDTH="36"/>
						<String ID="P7_ST00003" HPOS="1015" VPOS="205" WIDTH="201" HEIGHT="35" CONTENT="COLLÈGE" WC="0.98" CC="3064505"/>
						<SP ID="P7_SP00003" HPOS="1216" VPOS="240" WIDTH="32"/>
						<String ID="P7_ST00004" HPOS="1248" VPOS="215" WIDTH="53" HEIGHT="25" CONTENT="DE" WC="0.55" CC="53"/>
						<SP ID="P7_SP00004" HPOS="1301" VPOS="240" WIDTH="36"/>
						<String ID="P7_ST00005" HPOS="1337" VPOS="216" WIDTH="167" HEIGHT="26" CONTENT="FRANCE" WC="0.98" CC="650203"/>
					</TextLine>
				</TextBlock>
				<TextBlock ID="P7_TB00002" HPOS="2056" VPOS="203" WIDTH="71" HEIGHT="48" STYLEREFS="TXT_1 PAR_RIGHT">
					<TextLine ID="P7_TL00002" HPOS="2058" VPOS="204" WIDTH="69" HEIGHT="47">
						<String ID="P7_ST00006" HPOS="2058" VPOS="204" WIDTH="69" HEIGHT="47" CONTENT="167" WC="0.84" CC="004"/>
					</TextLine>
				</TextBlock>
			</TopMargin>
			<LeftMargin ID="P7_LM00001" HPOS="0" VPOS="254" WIDTH="105" HEIGHT="3360"/>
			<RightMargin ID="P7_RM00001" HPOS="2133" VPOS="254" WIDTH="107" HEIGHT="3360"/>
			<BottomMargin ID="P7_BM00001" HPOS="0" VPOS="3614" WIDTH="2240" HEIGHT="203"/>
			<PrintSpace ID="P7_PS00001" HPOS="105" VPOS="254" WIDTH="2028" HEIGHT="3360">
				<TextBlock ID="P7_TB00003" HPOS="105" VPOS="302" WIDTH="2028" HEIGHT="3036" STYLEREFS="TXT_1 PAR_BLOCK">
					<TextLine ID="P7_TL00003" HPOS="108" VPOS="303" WIDTH="2017" HEIGHT="59">
						<String ID="P7_ST00007" HPOS="108" VPOS="319" WIDTH="58" HEIGHT="29" CONTENT="on" WC="0.29" CC="77"/>
						<SP ID="P7_SP00005" HPOS="166" VPOS="348" WIDTH="20"/>
						<String ID="P7_ST00008" HPOS="186" VPOS="306" WIDTH="40" HEIGHT="41" CONTENT="le" WC="1.00" CC="00"/>
						<SP ID="P7_SP00006" HPOS="226" VPOS="348" WIDTH="22"/>
						<String ID="P7_ST00009" HPOS="248" VPOS="305" WIDTH="191" HEIGHT="51" CONTENT="désigne" WC="0.98" CC="3700960"/>
						<SP ID="P7_SP00007" HPOS="439" VPOS="356" WIDTH="25"/>
						<String ID="P7_ST00010" HPOS="464" VPOS="316" WIDTH="106" HEIGHT="29" CONTENT="sous" WC="0.98" CC="0530"/>
						<SP ID="P7_SP00008" HPOS="570" VPOS="356" WIDTH="24"/>
						<String ID="P7_ST00011" HPOS="594" VPOS="303" WIDTH="39" HEIGHT="41" CONTENT="le" WC="1.00" CC="00"/>
						<SP ID="P7_SP00009" HPOS="633" VPOS="356" WIDTH="25"/>
						<String ID="P7_ST00012" HPOS="658" VPOS="317" WIDTH="104" HEIGHT="28" CONTENT="nom" WC="0.97" CC="106"/>
						<SP ID="P7_SP00010" HPOS="762" VPOS="356" WIDTH="25"/>
						<String ID="P7_ST00013" HPOS="787" VPOS="305" WIDTH="53" HEIGHT="41" CONTENT="de" WC="0.66" CC="05"/>
						<SP ID="P7_SP00011" HPOS="840" VPOS="356" WIDTH="27"/>
						<String ID="P7_ST00014" HPOS="867" VPOS="319" WIDTH="106" HEIGHT="27" CONTENT="vase" WC="0.99" CC="0400"/>
						<SP ID="P7_SP00012" HPOS="973" VPOS="356" WIDTH="19"/>
						<String ID="P7_ST00015" HPOS="992" VPOS="306" WIDTH="250" HEIGHT="51" CONTENT="Borghèse." WC="0.65" CC="305907004"/>
						<SP ID="P7_SP00013" HPOS="1242" VPOS="357" WIDTH="24"/>
						<String ID="P7_ST00016" HPOS="1266" VPOS="307" WIDTH="70" HEIGHT="43" CONTENT="On" WC="0.73" CC="05"/>
						<SP ID="P7_SP00014" HPOS="1336" VPOS="357" WIDTH="25"/>
						<String ID="P7_ST00017" HPOS="1361" VPOS="324" WIDTH="26" HEIGHT="38" CONTENT="y" WC="0.75" CC="2"/>
						<SP ID="P7_SP00015" HPOS="1387" VPOS="362" WIDTH="20"/>
						<String ID="P7_ST00018" HPOS="1407" VPOS="311" WIDTH="90" HEIGHT="39" CONTENT="voit" WC="1.00" CC="0002"/>
						<SP ID="P7_SP00016" HPOS="1497" VPOS="362" WIDTH="24"/>
						<String ID="P7_ST00019" HPOS="1521" VPOS="309" WIDTH="225" HEIGHT="53" CONTENT="Dionysos" WC="0.99" CC="72032200"/>
						<SP ID="P7_SP00017" HPOS="1746" VPOS="362" WIDTH="37"/>
						<String ID="P7_ST00020" HPOS="1783" VPOS="320" WIDTH="105" HEIGHT="29" CONTENT="avec" WC="0.99" CC="2040"/>
						<SP ID="P7_SP00018" HPOS="1888" VPOS="362" WIDTH="39"/>
						<String ID="P7_ST00021" HPOS="1927" VPOS="318" WIDTH="81" HEIGHT="30" CONTENT="son" WC="0.98" CC="005"/>
						<SP ID="P7_SP00019" HPOS="2008" VPOS="362" WIDTH="22"/>
						<String ID="P7_ST00022" HPOS="2030" VPOS="319" WIDTH="72" HEIGHT="28" CONTENT="cor" SUBS_TYPE="HypPart1" SUBS_CONTENT="cortège" WC="0.96" CC="306"/>
						<HYP HPOS="2102" VPOS="319" WIDTH="23" CONTENT="-"/>
					</TextLine>
					<TextLine ID="P7_TL00004" HPOS="111" VPOS="372" WIDTH="2018" HEIGHT="58">
						<String ID="P7_ST00023" HPOS="111" VPOS="381" WIDTH="100" HEIGHT="45" CONTENT="tège" SUBS_TYPE="HypPart2" SUBS_CONTENT="cortège" WC="0.96" CC="0790"/>
						<SP ID="P7_SP00020" HPOS="211" VPOS="426" WIDTH="22"/>
						<String ID="P7_ST00024" HPOS="233" VPOS="391" WIDTH="7" HEIGHT="25" CONTENT=":" WC="0.56" CC="4"/>
						<SP ID="P7_SP00021" HPOS="240" VPOS="426" WIDTH="28"/>
						<String ID="P7_ST00025" HPOS="268" VPOS="383" WIDTH="172" HEIGHT="44" CONTENT="satyres" WC="1.00" CC="0000400"/>
						<SP ID="P7_SP00022" HPOS="440" VPOS="427" WIDTH="23"/>
						<String ID="P7_ST00026" HPOS="463" VPOS="383" WIDTH="40" HEIGHT="32" CONTENT="et" WC="0.86" CC="02"/>
						<SP ID="P7_SP00023" HPOS="503" VPOS="427" WIDTH="25"/>
						<String ID="P7_ST00027" HPOS="528" VPOS="372" WIDTH="286" HEIGHT="43" CONTENT="bacchantes." WC="1.00" CC="00000400003"/>
						<SP ID="P7_SP00024" HPOS="814" VPOS="427" WIDTH="26"/>
						<String ID="P7_ST00028" HPOS="840" VPOS="374" WIDTH="64" HEIGHT="43" CONTENT="La" WC="0.71" CC="50"/>
						<SP ID="P7_SP00025" HPOS="904" VPOS="427" WIDTH="34"/>
						<String ID="P7_ST00029" HPOS="938" VPOS="375" WIDTH="179" HEIGHT="53" CONTENT="plupart" WC="0.99" CC="4054004"/>
						<SP ID="P7_SP00026" HPOS="1117" VPOS="428" WIDTH="24"/>
						<String ID="P7_ST00030" HPOS="1141" VPOS="377" WIDTH="78" HEIGHT="40" CONTENT="des" WC="1.00" CC="000"/>
						<SP ID="P7_SP00027" HPOS="1219" VPOS="428" WIDTH="30"/>
						<String ID="P7_ST00031" HPOS="1249" VPOS="391" WIDTH="309" HEIGHT="39" CONTENT="personnages" WC="1.00" CC="00000460000"/>
						<SP ID="P7_SP00028" HPOS="1558" VPOS="430" WIDTH="24"/>
						<String ID="P7_ST00032" HPOS="1582" VPOS="379" WIDTH="52" HEIGHT="40" CONTENT="de" WC="1.00" CC="00"/>
						<SP ID="P7_SP00029" HPOS="1634" VPOS="430" WIDTH="34"/>
						<String ID="P7_ST00033" HPOS="1668" VPOS="386" WIDTH="109" HEIGHT="33" CONTENT="cette" WC="0.99" CC="00550"/>
						<SP ID="P7_SP00030" HPOS="1777" VPOS="430" WIDTH="34"/>
						<String ID="P7_ST00034" HPOS="1811" VPOS="383" WIDTH="130" HEIGHT="36" CONTENT="scène" WC="0.99" CC="00900"/>
						<SP ID="P7_SP00031" HPOS="1941" VPOS="430" WIDTH="18"/>
						<String ID="P7_ST00035" HPOS="1959" VPOS="377" WIDTH="146" HEIGHT="53" CONTENT="parais" SUBS_TYPE="HypPart1" SUBS_CONTENT="paraissent" WC="1.00" CC="000000"/>
						<HYP HPOS="2105" VPOS="377" WIDTH="24" CONTENT="-"/>
					</TextLine>
					<TextLine ID="P7_TL00005" HPOS="112" VPOS="442" WIDTH="2014" HEIGHT="55">
						<String ID="P7_ST00036" HPOS="112" VPOS="453" WIDTH="96" HEIGHT="32" CONTENT="sent" SUBS_TYPE="HypPart2" SUBS_CONTENT="paraissent" WC="1.00" CC="0000"/>
						<SP ID="P7_SP00032" HPOS="208" VPOS="485" WIDTH="20"/>
						<String ID="P7_ST00037" HPOS="228" VPOS="448" WIDTH="91" HEIGHT="36" CONTENT="être" WC="0.99" CC="6000"/>
						<SP ID="P7_SP00033" HPOS="319" VPOS="485" WIDTH="14"/>
						<String ID="P7_ST00038" HPOS="333" VPOS="457" WIDTH="106" HEIGHT="28" CONTENT="sous" WC="0.98" CC="0440"/>
						<SP ID="P7_SP00034" HPOS="439" VPOS="485" WIDTH="24"/>
						<String ID="P7_ST00039" HPOS="463" VPOS="442" WIDTH="251" HEIGHT="42" CONTENT="l'influence" WC="0.99" CC="24552200400"/>
						<SP ID="P7_SP00035" HPOS="714" VPOS="485" WIDTH="20"/>
						<String ID="P7_ST00040" HPOS="734" VPOS="443" WIDTH="53" HEIGHT="41" CONTENT="de" WC="0.79" CC="04"/>
						<SP ID="P7_SP00036" HPOS="787" VPOS="485" WIDTH="26"/>
						<String ID="P7_ST00041" HPOS="813" VPOS="443" WIDTH="217" HEIGHT="54" CONTENT="l'ivresse," WC="0.99" CC="4400006003"/>
						<SP ID="P7_SP00037" HPOS="1030" VPOS="497" WIDTH="23"/>
						<String ID="P7_ST00042" HPOS="1053" VPOS="455" WIDTH="41" HEIGHT="32" CONTENT="et" WC="0.81" CC="03"/>
						<SP ID="P7_SP00038" HPOS="1094" VPOS="497" WIDTH="19"/>
						<String ID="P7_ST00043" HPOS="1113" VPOS="446" WIDTH="64" HEIGHT="41" CONTENT="les" WC="0.98" CC="401"/>
						<SP ID="P7_SP00039" HPOS="1177" VPOS="497" WIDTH="23"/>
						<String ID="P7_ST00044" HPOS="1200" VPOS="447" WIDTH="247" HEIGHT="42" CONTENT="emblèmes" WC="0.98" CC="45018900"/>
						<SP ID="P7_SP00040" HPOS="1447" VPOS="497" WIDTH="25"/>
						<String ID="P7_ST00045" HPOS="1472" VPOS="450" WIDTH="230" HEIGHT="39" CONTENT="musicaux" WC="1.00" CC="05000050"/>
						<SP ID="P7_SP00041" HPOS="1702" VPOS="497" WIDTH="24"/>
						<String ID="P7_ST00046" HPOS="1726" VPOS="456" WIDTH="101" HEIGHT="33" CONTENT="sont" WC="0.96" CC="0655"/>
						<SP ID="P7_SP00042" HPOS="1827" VPOS="497" WIDTH="22"/>
						<String ID="P7_ST00047" HPOS="1849" VPOS="460" WIDTH="123" HEIGHT="28" CONTENT="assez" WC="0.99" CC="80000"/>
						<SP ID="P7_SP00043" HPOS="1972" VPOS="497" WIDTH="24"/>
						<String ID="P7_ST00048" HPOS="1996" VPOS="459" WIDTH="98" HEIGHT="29" CONTENT="nom" SUBS_TYPE="HypPart1" SUBS_CONTENT="nombreux." WC="0.99" CC="000"/>
						<HYP HPOS="2094" VPOS="459" WIDTH="32" CONTENT="-"/>
					</TextLine>
					<TextLine ID="P7_TL00006" HPOS="112" VPOS="511" WIDTH="2013" HEIGHT="59">
						<String ID="P7_ST00049" HPOS="112" VPOS="513" WIDTH="152" HEIGHT="41" CONTENT="breux." SUBS_TYPE="HypPart2" SUBS_CONTENT="nombreux." WC="0.99" CC="000503"/>
						<SP ID="P7_SP00044" HPOS="264" VPOS="554" WIDTH="26"/>
						<String ID="P7_ST00050" HPOS="290" VPOS="511" WIDTH="63" HEIGHT="42" CONTENT="Le" WC="0.64" CC="60"/>
						<SP ID="P7_SP00045" HPOS="353" VPOS="554" WIDTH="28"/>
						<String ID="P7_ST00051" HPOS="381" VPOS="513" WIDTH="131" HEIGHT="53" CONTENT="jeune" WC="0.99" CC="00060"/>
						<SP ID="P7_SP00046" HPOS="512" VPOS="566" WIDTH="30"/>
						<String ID="P7_ST00052" HPOS="542" VPOS="512" WIDTH="120" HEIGHT="48" CONTENT="dieu," WC="0.99" CC="01043"/>
						<SP ID="P7_SP00047" HPOS="662" VPOS="566" WIDTH="41"/>
						<String ID="P7_ST00053" HPOS="703" VPOS="527" WIDTH="59" HEIGHT="26" CONTENT="nu" WC="0.78" CC="40"/>
						<SP ID="P7_SP00048" HPOS="762" VPOS="566" WIDTH="34"/>
						<String ID="P7_ST00054" HPOS="796" VPOS="511" WIDTH="236" HEIGHT="56" CONTENT="jusqu'aux" WC="1.00" CC="000002000"/>
						<SP ID="P7_SP00049" HPOS="1032" VPOS="567" WIDTH="39"/>
						<String ID="P7_ST00055" HPOS="1071" VPOS="515" WIDTH="190" HEIGHT="53" CONTENT="jambes," WC="1.00" CC="0000004"/>
						<SP ID="P7_SP00050" HPOS="1261" VPOS="568" WIDTH="34"/>
						<String ID="P7_ST00056" HPOS="1295" VPOS="531" WIDTH="59" HEIGHT="26" CONTENT="un" WC="0.65" CC="06"/>
						<SP ID="P7_SP00051" HPOS="1354" VPOS="568" WIDTH="40"/>
						<String ID="P7_ST00057" HPOS="1394" VPOS="517" WIDTH="150" HEIGHT="53" CONTENT="thyrse" WC="0.85" CC="410030"/>
						<SP ID="P7_SP00052" HPOS="1544" VPOS="570" WIDTH="32"/>
						<String ID="P7_ST00058" HPOS="1576" VPOS="518" WIDTH="112" HEIGHT="40" CONTENT="dans" WC="1.00" CC="0002"/>
						<SP ID="P7_SP00053" HPOS="1688" VPOS="570" WIDTH="42"/>
						<String ID="P7_ST00059" HPOS="1730" VPOS="518" WIDTH="39" HEIGHT="40" CONTENT="la" WC="0.66" CC="42"/>
						<SP ID="P7_SP00054" HPOS="1769" VPOS="570" WIDTH="32"/>
						<String ID="P7_ST00060" HPOS="1801" VPOS="518" WIDTH="122" HEIGHT="40" CONTENT="main" WC="1.00" CC="0000"/>
						<SP ID="P7_SP00055" HPOS="1923" VPOS="570" WIDTH="41"/>
						<String ID="P7_ST00061" HPOS="1964" VPOS="516" WIDTH="161" HEIGHT="48" CONTENT="droite," WC="0.99" CC="0010404"/>
					</TextLine>
					<TextLine ID="P7_TL00007" HPOS="112" VPOS="581" WIDTH="2014" HEIGHT="59">
						<String ID="P7_ST00062" HPOS="112" VPOS="587" WIDTH="226" HEIGHT="39" CONTENT="couronné" WC="0.99" CC="00353008"/>
						<SP ID="P7_SP00056" HPOS="338" VPOS="626" WIDTH="22"/>
						<String ID="P7_ST00063" HPOS="360" VPOS="581" WIDTH="106" HEIGHT="42" CONTENT="d'un" WC="0.98" CC="0350"/>
						<SP ID="P7_SP00057" HPOS="466" VPOS="626" WIDTH="25"/>
						<String ID="P7_ST00064" HPOS="491" VPOS="581" WIDTH="207" HEIGHT="42" CONTENT="bandeau" WC="1.00" CC="0200050"/>
						<SP ID="P7_SP00058" HPOS="698" VPOS="626" WIDTH="24"/>
						<String ID="P7_ST00065" HPOS="722" VPOS="591" WIDTH="41" HEIGHT="32" CONTENT="et" WC="0.94" CC="10"/>
						<SP ID="P7_SP00059" HPOS="763" VPOS="626" WIDTH="17"/>
						<String ID="P7_ST00066" HPOS="780" VPOS="581" WIDTH="131" HEIGHT="43" CONTENT="d'une" WC="0.99" CC="03050"/>
						<SP ID="P7_SP00060" HPOS="911" VPOS="626" WIDTH="23"/>
						<String ID="P7_ST00067" HPOS="934" VPOS="583" WIDTH="195" HEIGHT="42" CONTENT="branche" WC="1.00" CC="0000030"/>
						<SP ID="P7_SP00061" HPOS="1129" VPOS="626" WIDTH="23"/>
						<String ID="P7_ST00068" HPOS="1152" VPOS="585" WIDTH="54" HEIGHT="41" CONTENT="de" WC="1.00" CC="00"/>
						<SP ID="P7_SP00062" HPOS="1206" VPOS="626" WIDTH="33"/>
						<String ID="P7_ST00069" HPOS="1239" VPOS="586" WIDTH="129" HEIGHT="40" CONTENT="lierre" WC="1.00" CC="103000"/>
						<SP ID="P7_SP00063" HPOS="1368" VPOS="626" WIDTH="20"/>
						<String ID="P7_ST00070" HPOS="1388" VPOS="586" WIDTH="143" HEIGHT="51" CONTENT="fleuri," WC="0.99" CC="3341003"/>
						<SP ID="P7_SP00064" HPOS="1531" VPOS="637" WIDTH="26"/>
						<String ID="P7_ST00071" HPOS="1557" VPOS="586" WIDTH="203" HEIGHT="54" CONTENT="s'appuie" WC="1.00" CC="02000000"/>
						<SP ID="P7_SP00065" HPOS="1760" VPOS="640" WIDTH="30"/>
						<String ID="P7_ST00072" HPOS="1790" VPOS="600" WIDTH="77" HEIGHT="28" CONTENT="sur" WC="1.00" CC="000"/>
						<SP ID="P7_SP00066" HPOS="1867" VPOS="640" WIDTH="37"/>
						<String ID="P7_ST00073" HPOS="1904" VPOS="600" WIDTH="86" HEIGHT="27" CONTENT="une" WC="0.98" CC="050"/>
						<SP ID="P7_SP00067" HPOS="1990" VPOS="640" WIDTH="33"/>
						<String ID="P7_ST00074" HPOS="2023" VPOS="585" WIDTH="78" HEIGHT="41" CONTENT="bac" SUBS_TYPE="HypPart1" SUBS_CONTENT="bacchante." WC="0.99" CC="000"/>
						<HYP HPOS="2101" VPOS="585" WIDTH="25" CONTENT="-"/>
					</TextLine>
					<TextLine ID="P7_TL00008" HPOS="111" VPOS="651" WIDTH="2012" HEIGHT="57">
						<String ID="P7_ST00075" HPOS="111" VPOS="653" WIDTH="174" HEIGHT="41" CONTENT="chante." SUBS_TYPE="HypPart2" SUBS_CONTENT="bacchante." WC="0.99" CC="0006513"/>
						<SP ID="P7_SP00068" HPOS="285" VPOS="694" WIDTH="27"/>
						<String ID="P7_ST00076" HPOS="312" VPOS="651" WIDTH="128" HEIGHT="41" CONTENT="Cette" WC="0.99" CC="20050"/>
						<SP ID="P7_SP00069" HPOS="440" VPOS="694" WIDTH="20"/>
						<String ID="P7_ST00077" HPOS="460" VPOS="651" WIDTH="260" HEIGHT="50" CONTENT="bacchante," WC="1.00" CC="0000050004"/>
						<SP ID="P7_SP00070" HPOS="720" VPOS="701" WIDTH="27"/>
						<String ID="P7_ST00078" HPOS="747" VPOS="652" WIDTH="109" HEIGHT="41" CONTENT="dont" WC="1.00" CC="0000"/>
						<SP ID="P7_SP00071" HPOS="856" VPOS="701" WIDTH="33"/>
						<String ID="P7_ST00079" HPOS="889" VPOS="652" WIDTH="39" HEIGHT="42" CONTENT="le" WC="0.77" CC="22"/>
						<SP ID="P7_SP00072" HPOS="928" VPOS="701" WIDTH="20"/>
						<String ID="P7_ST00080" HPOS="948" VPOS="652" WIDTH="105" HEIGHT="43" CONTENT="bras" WC="1.00" CC="0001"/>
						<SP ID="P7_SP00073" HPOS="1053" VPOS="701" WIDTH="19"/>
						<String ID="P7_ST00081" HPOS="1072" VPOS="654" WIDTH="115" HEIGHT="42" CONTENT="droit" WC="1.00" CC="00001"/>
						<SP ID="P7_SP00074" HPOS="1187" VPOS="701" WIDTH="19"/>
						<String ID="P7_ST00082" HPOS="1206" VPOS="663" WIDTH="41" HEIGHT="33" CONTENT="et" WC="0.88" CC="20"/>
						<SP ID="P7_SP00075" HPOS="1247" VPOS="701" WIDTH="21"/>
						<String ID="P7_ST00083" HPOS="1268" VPOS="654" WIDTH="187" HEIGHT="54" CONTENT="l'épaule" WC="0.99" CC="03000430"/>
						<SP ID="P7_SP00076" HPOS="1455" VPOS="708" WIDTH="24"/>
						<String ID="P7_ST00084" HPOS="1479" VPOS="664" WIDTH="101" HEIGHT="33" CONTENT="sont" WC="0.99" CC="0050"/>
						<SP ID="P7_SP00077" HPOS="1580" VPOS="708" WIDTH="33"/>
						<String ID="P7_ST00085" HPOS="1613" VPOS="669" WIDTH="99" HEIGHT="37" CONTENT="nus," WC="0.99" CC="0014"/>
						<SP ID="P7_SP00078" HPOS="1712" VPOS="708" WIDTH="37"/>
						<String ID="P7_ST00086" HPOS="1749" VPOS="657" WIDTH="100" HEIGHT="51" CONTENT="joue" WC="0.99" CC="0200"/>
						<SP ID="P7_SP00079" HPOS="1849" VPOS="708" WIDTH="23"/>
						<String ID="P7_ST00087" HPOS="1872" VPOS="656" WIDTH="53" HEIGHT="40" CONTENT="de" WC="1.00" CC="00"/>
						<SP ID="P7_SP00080" HPOS="1925" VPOS="708" WIDTH="24"/>
						<String ID="P7_ST00088" HPOS="1949" VPOS="656" WIDTH="40" HEIGHT="40" CONTENT="la" WC="0.85" CC="20"/>
						<SP ID="P7_SP00081" HPOS="1989" VPOS="708" WIDTH="25"/>
						<String ID="P7_ST00089" HPOS="2014" VPOS="656" WIDTH="109" HEIGHT="52" CONTENT="lyre," WC="0.99" CC="60000"/>
					</TextLine>
					<TextLine ID="P7_TL00009" HPOS="110" VPOS="720" WIDTH="2014" HEIGHT="57">
						<String ID="P7_ST00090" HPOS="110" VPOS="722" WIDTH="196" HEIGHT="54" CONTENT="pendant" WC="0.99" CC="0050060"/>
						<SP ID="P7_SP00082" HPOS="306" VPOS="776" WIDTH="21"/>
						<String ID="P7_ST00091" HPOS="327" VPOS="720" WIDTH="136" HEIGHT="54" CONTENT="qu'un" WC="0.98" CC="04440"/>
						<SP ID="P7_SP00083" HPOS="463" VPOS="776" WIDTH="33"/>
						<String ID="P7_ST00092" HPOS="496" VPOS="729" WIDTH="125" HEIGHT="33" CONTENT="autre" WC="0.98" CC="05600"/>
						<SP ID="P7_SP00084" HPOS="621" VPOS="776" WIDTH="17"/>
						<String ID="P7_ST00093" HPOS="638" VPOS="734" WIDTH="301" HEIGHT="40" CONTENT="personnage," WC="1.00" CC="00002005000"/>
						<SP ID="P7_SP00085" HPOS="939" VPOS="776" WIDTH="36"/>
						<String ID="P7_ST00094" HPOS="975" VPOS="728" WIDTH="159" HEIGHT="36" CONTENT="tourné" WC="1.00" CC="000000"/>
						<SP ID="P7_SP00086" HPOS="1134" VPOS="776" WIDTH="24"/>
						<String ID="P7_ST00095" HPOS="1158" VPOS="727" WIDTH="22" HEIGHT="37" CONTENT="à" WC="0.59" CC="4"/>
						<SP ID="P7_SP00087" HPOS="1180" VPOS="776" WIDTH="23"/>
						<String ID="P7_ST00096" HPOS="1203" VPOS="724" WIDTH="175" HEIGHT="50" CONTENT="gauche" WC="1.00" CC="004000"/>
						<SP ID="P7_SP00088" HPOS="1378" VPOS="776" WIDTH="32"/>
						<String ID="P7_ST00097" HPOS="1410" VPOS="733" WIDTH="41" HEIGHT="32" CONTENT="et" WC="0.77" CC="04"/>
						<SP ID="P7_SP00089" HPOS="1451" VPOS="776" WIDTH="25"/>
						<String ID="P7_ST00098" HPOS="1476" VPOS="725" WIDTH="186" HEIGHT="52" CONTENT="rejetant" WC="0.99" CC="00036010"/>
						<SP ID="P7_SP00090" HPOS="1662" VPOS="777" WIDTH="27"/>
						<String ID="P7_ST00099" HPOS="1689" VPOS="725" WIDTH="39" HEIGHT="40" CONTENT="la" WC="0.91" CC="10"/>
						<SP ID="P7_SP00091" HPOS="1728" VPOS="777" WIDTH="25"/>
						<String ID="P7_ST00100" HPOS="1753" VPOS="729" WIDTH="85" HEIGHT="36" CONTENT="tête" WC="0.96" CC="6750"/>
						<SP ID="P7_SP00092" HPOS="1838" VPOS="777" WIDTH="29"/>
						<String ID="P7_ST00101" HPOS="1867" VPOS="738" WIDTH="54" HEIGHT="27" CONTENT="en" WC="1.00" CC="00"/>
						<SP ID="P7_SP00093" HPOS="1921" VPOS="777" WIDTH="24"/>
						<String ID="P7_ST00102" HPOS="1945" VPOS="726" WIDTH="179" HEIGHT="48" CONTENT="arrière," WC="0.99" CC="00058000"/>
					</TextLine>
					<TextLine ID="P7_TL00010" HPOS="110" VPOS="789" WIDTH="2017" HEIGHT="56">
						<String ID="P7_ST00103" HPOS="110" VPOS="795" WIDTH="179" HEIGHT="36" CONTENT="exécute" WC="0.99" CC="0760230"/>
						<SP ID="P7_SP00094" HPOS="289" VPOS="831" WIDTH="19"/>
						<String ID="P7_ST00104" HPOS="308" VPOS="804" WIDTH="87" HEIGHT="27" CONTENT="une" WC="0.98" CC="040"/>
						<SP ID="P7_SP00095" HPOS="395" VPOS="831" WIDTH="17"/>
						<String ID="P7_ST00105" HPOS="412" VPOS="790" WIDTH="155" HEIGHT="41" CONTENT="danse." WC="1.00" CC="000003"/>
						<SP ID="P7_SP00096" HPOS="567" VPOS="831" WIDTH="21"/>
						<String ID="P7_ST00106" HPOS="588" VPOS="789" WIDTH="108" HEIGHT="42" CONTENT="Plus" WC="0.98" CC="4020"/>
						<SP ID="P7_SP00097" HPOS="696" VPOS="831" WIDTH="22"/>
						<String ID="P7_ST00107" HPOS="718" VPOS="791" WIDTH="107" HEIGHT="51" CONTENT="loin," WC="0.98" CC="20054"/>
						<SP ID="P7_SP00098" HPOS="825" VPOS="842" WIDTH="21"/>
						<String ID="P7_ST00108" HPOS="846" VPOS="805" WIDTH="59" HEIGHT="26" CONTENT="un" WC="0.74" CC="50"/>
						<SP ID="P7_SP00099" HPOS="905" VPOS="842" WIDTH="17"/>
						<String ID="P7_ST00109" HPOS="922" VPOS="790" WIDTH="153" HEIGHT="42" CONTENT="Silène" WC="0.99" CC="002700"/>
						<SP ID="P7_SP00100" HPOS="1075" VPOS="842" WIDTH="18"/>
						<String ID="P7_ST00110" HPOS="1093" VPOS="794" WIDTH="108" HEIGHT="47" CONTENT="ivre," WC="0.99" CC="00014"/>
						<SP ID="P7_SP00101" HPOS="1201" VPOS="842" WIDTH="25"/>
						<String ID="P7_ST00111" HPOS="1226" VPOS="798" WIDTH="229" HEIGHT="36" CONTENT="couronné" WC="0.99" CC="00405006"/>
						<SP ID="P7_SP00102" HPOS="1455" VPOS="842" WIDTH="22"/>
						<String ID="P7_ST00112" HPOS="1477" VPOS="791" WIDTH="132" HEIGHT="44" CONTENT="d'une" WC="0.99" CC="04000"/>
						<SP ID="P7_SP00103" HPOS="1609" VPOS="842" WIDTH="18"/>
						<String ID="P7_ST00113" HPOS="1627" VPOS="792" WIDTH="195" HEIGHT="42" CONTENT="branche" WC="1.00" CC="3000000"/>
						<SP ID="P7_SP00104" HPOS="1822" VPOS="842" WIDTH="23"/>
						<String ID="P7_ST00114" HPOS="1845" VPOS="794" WIDTH="54" HEIGHT="41" CONTENT="de" WC="1.00" CC="00"/>
						<SP ID="P7_SP00105" HPOS="1899" VPOS="842" WIDTH="17"/>
						<String ID="P7_ST00115" HPOS="1916" VPOS="793" WIDTH="145" HEIGHT="52" CONTENT="lierre," WC="0.99" CC="3200204"/>
						<SP ID="P7_SP00106" HPOS="2061" VPOS="845" WIDTH="20"/>
						<String ID="P7_ST00116" HPOS="2081" VPOS="807" WIDTH="46" HEIGHT="27" CONTENT="se" WC="1.00" CC="00"/>
					</TextLine>
					<TextLine ID="P7_TL00011" HPOS="113" VPOS="859" WIDTH="2014" HEIGHT="56">
						<String ID="P7_ST00117" HPOS="113" VPOS="859" WIDTH="146" HEIGHT="42" CONTENT="baisse" WC="0.99" CC="003003"/>
						<SP ID="P7_SP00107" HPOS="259" VPOS="901" WIDTH="20"/>
						<String ID="P7_ST00118" HPOS="279" VPOS="859" WIDTH="304" HEIGHT="54" CONTENT="péniblement" WC="1.00" CC="00000300005"/>
						<SP ID="P7_SP00108" HPOS="583" VPOS="913" WIDTH="35"/>
						<String ID="P7_ST00119" HPOS="618" VPOS="873" WIDTH="111" HEIGHT="40" CONTENT="pour" WC="0.99" CC="0040"/>
						<SP ID="P7_SP00109" HPOS="729" VPOS="913" WIDTH="40"/>
						<String ID="P7_ST00120" HPOS="769" VPOS="873" WIDTH="225" HEIGHT="29" CONTENT="ramasser" WC="1.00" CC="00000000"/>
						<SP ID="P7_SP00110" HPOS="994" VPOS="913" WIDTH="29"/>
						<String ID="P7_ST00121" HPOS="1023" VPOS="861" WIDTH="40" HEIGHT="40" CONTENT="la" WC="0.85" CC="20"/>
						<SP ID="P7_SP00111" HPOS="1063" VPOS="913" WIDTH="43"/>
						<String ID="P7_ST00122" HPOS="1106" VPOS="874" WIDTH="141" HEIGHT="41" CONTENT="coupe" WC="1.00" CC="00000"/>
						<SP ID="P7_SP00112" HPOS="1247" VPOS="915" WIDTH="31"/>
						<String ID="P7_ST00123" HPOS="1278" VPOS="862" WIDTH="226" HEIGHT="53" CONTENT="échappée" WC="1.00" CC="00000000"/>
						<SP ID="P7_SP00113" HPOS="1504" VPOS="915" WIDTH="25"/>
						<String ID="P7_ST00124" HPOS="1529" VPOS="863" WIDTH="54" HEIGHT="41" CONTENT="de" WC="1.00" CC="00"/>
						<SP ID="P7_SP00114" HPOS="1583" VPOS="915" WIDTH="33"/>
						<String ID="P7_ST00125" HPOS="1616" VPOS="876" WIDTH="46" HEIGHT="27" CONTENT="sa" WC="0.81" CC="03"/>
						<SP ID="P7_SP00115" HPOS="1662" VPOS="915" WIDTH="40"/>
						<String ID="P7_ST00126" HPOS="1702" VPOS="865" WIDTH="137" HEIGHT="40" CONTENT="main." WC="0.99" CC="00052"/>
						<SP ID="P7_SP00116" HPOS="1839" VPOS="915" WIDTH="26"/>
						<String ID="P7_ST00127" HPOS="1865" VPOS="863" WIDTH="174" HEIGHT="42" CONTENT="Devant" WC="1.00" CC="300000"/>
						<SP ID="P7_SP00117" HPOS="2039" VPOS="915" WIDTH="40"/>
						<String ID="P7_ST00128" HPOS="2079" VPOS="877" WIDTH="48" HEIGHT="27" CONTENT="ce" WC="1.00" CC="00"/>
					</TextLine>
					<TextLine ID="P7_TL00012" HPOS="111" VPOS="928" WIDTH="2016" HEIGHT="56">
						<String ID="P7_ST00129" HPOS="111" VPOS="942" WIDTH="187" HEIGHT="40" CONTENT="groupe," WC="1.00" CC="0003004"/>
						<SP ID="P7_SP00118" HPOS="298" VPOS="982" WIDTH="22"/>
						<String ID="P7_ST00130" HPOS="320" VPOS="929" WIDTH="28" HEIGHT="40" CONTENT="il" WC="0.79" CC="21"/>
						<SP ID="P7_SP00119" HPOS="348" VPOS="982" WIDTH="23"/>
						<String ID="P7_ST00131" HPOS="371" VPOS="944" WIDTH="27" HEIGHT="38" CONTENT="y" WC="1.00" CC="0"/>
						<SP ID="P7_SP00120" HPOS="398" VPOS="982" WIDTH="25"/>
						<String ID="P7_ST00132" HPOS="423" VPOS="943" WIDTH="21" HEIGHT="26" CONTENT="a" WC="1.00" CC="0"/>
						<SP ID="P7_SP00121" HPOS="444" VPOS="982" WIDTH="26"/>
						<String ID="P7_ST00133" HPOS="470" VPOS="943" WIDTH="85" HEIGHT="27" CONTENT="une" WC="0.98" CC="040"/>
						<SP ID="P7_SP00122" HPOS="555" VPOS="982" WIDTH="25"/>
						<String ID="P7_ST00134" HPOS="580" VPOS="928" WIDTH="245" HEIGHT="43" CONTENT="bacchante" WC="1.00" CC="000000000"/>
						<SP ID="P7_SP00123" HPOS="825" VPOS="982" WIDTH="35"/>
						<String ID="P7_ST00135" HPOS="860" VPOS="932" WIDTH="74" HEIGHT="51" CONTENT="qui" WC="0.98" CC="031"/>
						<SP ID="P7_SP00124" HPOS="934" VPOS="983" WIDTH="25"/>
						<String ID="P7_ST00136" HPOS="959" VPOS="931" WIDTH="141" HEIGHT="41" CONTENT="danse" WC="0.99" CC="06200"/>
						<SP ID="P7_SP00125" HPOS="1100" VPOS="983" WIDTH="32"/>
						<String ID="P7_ST00137" HPOS="1132" VPOS="945" WIDTH="54" HEIGHT="27" CONTENT="en" WC="1.00" CC="00"/>
						<SP ID="P7_SP00126" HPOS="1186" VPOS="983" WIDTH="37"/>
						<String ID="P7_ST00138" HPOS="1223" VPOS="932" WIDTH="155" HEIGHT="52" CONTENT="jouant" WC="0.99" CC="006000"/>
						<SP ID="P7_SP00127" HPOS="1378" VPOS="984" WIDTH="24"/>
						<String ID="P7_ST00139" HPOS="1402" VPOS="932" WIDTH="78" HEIGHT="41" CONTENT="des" WC="1.00" CC="000"/>
						<SP ID="P7_SP00128" HPOS="1480" VPOS="984" WIDTH="31"/>
						<String ID="P7_ST00140" HPOS="1511" VPOS="932" WIDTH="188" HEIGHT="42" CONTENT="crotales" WC="1.00" CC="00040303"/>
						<SP ID="P7_SP00129" HPOS="1699" VPOS="984" WIDTH="32"/>
						<String ID="P7_ST00141" HPOS="1731" VPOS="936" WIDTH="139" HEIGHT="47" CONTENT="(sorte" WC="1.00" CC="020000"/>
						<SP ID="P7_SP00130" HPOS="1870" VPOS="984" WIDTH="35"/>
						<String ID="P7_ST00142" HPOS="1905" VPOS="932" WIDTH="54" HEIGHT="41" CONTENT="de" WC="1.00" CC="00"/>
						<SP ID="P7_SP00131" HPOS="1959" VPOS="984" WIDTH="29"/>
						<String ID="P7_ST00143" HPOS="1988" VPOS="941" WIDTH="116" HEIGHT="32" CONTENT="casta" SUBS_TYPE="HypPart1" SUBS_CONTENT="castagnettes)," WC="0.99" CC="20060"/>
						<HYP HPOS="2104" VPOS="941" WIDTH="23" CONTENT="-"/>
					</TextLine>
					<TextLine ID="P7_TL00013" HPOS="110" VPOS="999" WIDTH="2018" HEIGHT="55">
						<String ID="P7_ST00144" HPOS="110" VPOS="1000" WIDTH="212" HEIGHT="50" CONTENT="gnettes)," SUBS_TYPE="HypPart2" SUBS_CONTENT="castagnettes)," WC="0.99" CC="820000040"/>
						<SP ID="P7_SP00132" HPOS="322" VPOS="1050" WIDTH="19"/>
						<String ID="P7_ST00145" HPOS="341" VPOS="1013" WIDTH="60" HEIGHT="26" CONTENT="un" WC="0.77" CC="40"/>
						<SP ID="P7_SP00133" HPOS="401" VPOS="1050" WIDTH="21"/>
						<String ID="P7_ST00146" HPOS="422" VPOS="1007" WIDTH="147" HEIGHT="45" CONTENT="satyre" WC="1.00" CC="004000"/>
						<SP ID="P7_SP00134" HPOS="569" VPOS="1052" WIDTH="24"/>
						<String ID="P7_ST00147" HPOS="593" VPOS="1001" WIDTH="75" HEIGHT="51" CONTENT="qui" WC="0.98" CC="004"/>
						<SP ID="P7_SP00135" HPOS="668" VPOS="1052" WIDTH="25"/>
						<String ID="P7_ST00148" HPOS="693" VPOS="1000" WIDTH="101" HEIGHT="52" CONTENT="joue" WC="1.00" CC="0002"/>
						<SP ID="P7_SP00136" HPOS="794" VPOS="1052" WIDTH="23"/>
						<String ID="P7_ST00149" HPOS="817" VPOS="1000" WIDTH="53" HEIGHT="40" CONTENT="de" WC="1.00" CC="00"/>
						<SP ID="P7_SP00137" HPOS="870" VPOS="1052" WIDTH="24"/>
						<String ID="P7_ST00150" HPOS="894" VPOS="1000" WIDTH="39" HEIGHT="40" CONTENT="la" WC="0.91" CC="10"/>
						<SP ID="P7_SP00138" HPOS="933" VPOS="1052" WIDTH="38"/>
						<String ID="P7_ST00151" HPOS="971" VPOS="999" WIDTH="167" HEIGHT="42" CONTENT="double" WC="1.00" CC="000130"/>
						<SP ID="P7_SP00139" HPOS="1138" VPOS="1052" WIDTH="39"/>
						<String ID="P7_ST00152" HPOS="1177" VPOS="1001" WIDTH="119" HEIGHT="48" CONTENT="flûte," WC="0.99" CC="222501"/>
						<SP ID="P7_SP00140" HPOS="1296" VPOS="1052" WIDTH="30"/>
						<String ID="P7_ST00153" HPOS="1326" VPOS="1001" WIDTH="147" HEIGHT="42" CONTENT="tandis" WC="0.99" CC="406000"/>
						<SP ID="P7_SP00141" HPOS="1473" VPOS="1052" WIDTH="23"/>
						<String ID="P7_ST00154" HPOS="1496" VPOS="1002" WIDTH="138" HEIGHT="52" CONTENT="qu'un" WC="0.98" CC="05450"/>
						<SP ID="P7_SP00142" HPOS="1634" VPOS="1054" WIDTH="43"/>
						<String ID="P7_ST00155" HPOS="1677" VPOS="1011" WIDTH="124" HEIGHT="32" CONTENT="autre" WC="0.99" CC="60000"/>
						<SP ID="P7_SP00143" HPOS="1801" VPOS="1054" WIDTH="38"/>
						<String ID="P7_ST00156" HPOS="1839" VPOS="1011" WIDTH="124" HEIGHT="33" CONTENT="court" WC="0.99" CC="00005"/>
						<SP ID="P7_SP00144" HPOS="1963" VPOS="1054" WIDTH="36"/>
						<String ID="P7_ST00157" HPOS="1999" VPOS="1007" WIDTH="129" HEIGHT="47" CONTENT="après" WC="0.98" CC="10074"/>
					</TextLine>
					<TextLine ID="P7_TL00014" HPOS="111" VPOS="1067" WIDTH="2016" HEIGHT="55">
						<String ID="P7_ST00158" HPOS="111" VPOS="1081" WIDTH="86" HEIGHT="27" CONTENT="une" WC="0.98" CC="050"/>
						<SP ID="P7_SP00145" HPOS="197" VPOS="1108" WIDTH="17"/>
						<String ID="P7_ST00159" HPOS="214" VPOS="1069" WIDTH="184" HEIGHT="52" CONTENT="joueuse" WC="1.00" CC="0100020"/>
						<SP ID="P7_SP00146" HPOS="398" VPOS="1121" WIDTH="20"/>
						<String ID="P7_ST00160" HPOS="418" VPOS="1068" WIDTH="54" HEIGHT="41" CONTENT="de" WC="1.00" CC="00"/>
						<SP ID="P7_SP00147" HPOS="472" VPOS="1121" WIDTH="21"/>
						<String ID="P7_ST00161" HPOS="493" VPOS="1068" WIDTH="92" HEIGHT="54" CONTENT="lyie" WC="0.72" CC="2071"/>
						<SP ID="P7_SP00148" HPOS="585" VPOS="1122" WIDTH="26"/>
						<String ID="P7_ST00162" HPOS="611" VPOS="1080" WIDTH="8" HEIGHT="37" CONTENT=";" WC="1.00" CC="0"/>
						<SP ID="P7_SP00149" HPOS="619" VPOS="1122" WIDTH="24"/>
						<String ID="P7_ST00163" HPOS="643" VPOS="1067" WIDTH="121" HEIGHT="43" CONTENT="enfin" WC="0.97" CC="35446"/>
						<SP ID="P7_SP00150" HPOS="764" VPOS="1122" WIDTH="36"/>
						<String ID="P7_ST00164" HPOS="800" VPOS="1083" WIDTH="89" HEIGHT="27" CONTENT="une" WC="0.98" CC="400"/>
						<SP ID="P7_SP00151" HPOS="889" VPOS="1122" WIDTH="37"/>
						<String ID="P7_ST00165" HPOS="926" VPOS="1079" WIDTH="127" HEIGHT="33" CONTENT="autre" WC="0.99" CC="45000"/>
						<SP ID="P7_SP00152" HPOS="1053" VPOS="1122" WIDTH="20"/>
						<String ID="P7_ST00166" HPOS="1073" VPOS="1070" WIDTH="264" HEIGHT="45" CONTENT="bacchante," WC="1.00" CC="0002006404"/>
						<SP ID="P7_SP00153" HPOS="1337" VPOS="1122" WIDTH="24"/>
						<String ID="P7_ST00167" HPOS="1361" VPOS="1084" WIDTH="85" HEIGHT="28" CONTENT="vue" WC="1.00" CC="000"/>
						<SP ID="P7_SP00154" HPOS="1446" VPOS="1122" WIDTH="33"/>
						<String ID="P7_ST00168" HPOS="1479" VPOS="1072" WIDTH="54" HEIGHT="42" CONTENT="de" WC="0.68" CC="06"/>
						<SP ID="P7_SP00155" HPOS="1533" VPOS="1122" WIDTH="23"/>
						<String ID="P7_ST00169" HPOS="1556" VPOS="1072" WIDTH="96" HEIGHT="50" CONTENT="dos," WC="0.99" CC="0004"/>
						<SP ID="P7_SP00156" HPOS="1652" VPOS="1122" WIDTH="27"/>
						<String ID="P7_ST00170" HPOS="1679" VPOS="1072" WIDTH="144" HEIGHT="41" CONTENT="relève" WC="0.99" CC="400005"/>
						<SP ID="P7_SP00157" HPOS="1823" VPOS="1122" WIDTH="35"/>
						<String ID="P7_ST00171" HPOS="1858" VPOS="1072" WIDTH="53" HEIGHT="42" CONTENT="de" WC="0.66" CC="06"/>
						<SP ID="P7_SP00158" HPOS="1911" VPOS="1122" WIDTH="22"/>
						<String ID="P7_ST00172" HPOS="1933" VPOS="1085" WIDTH="47" HEIGHT="27" CONTENT="sa" WC="1.00" CC="00"/>
						<SP ID="P7_SP00159" HPOS="1980" VPOS="1122" WIDTH="26"/>
						<String ID="P7_ST00173" HPOS="2006" VPOS="1073" WIDTH="121" HEIGHT="39" CONTENT="main" WC="0.99" CC="0013"/>
					</TextLine>
					<TextLine ID="P7_TL00015" HPOS="110" VPOS="1137" WIDTH="2020" HEIGHT="57">
						<String ID="P7_ST00174" HPOS="110" VPOS="1137" WIDTH="174" HEIGHT="51" CONTENT="gauche" WC="1.00" CC="012000"/>
						<SP ID="P7_SP00160" HPOS="284" VPOS="1188" WIDTH="19"/>
						<String ID="P7_ST00175" HPOS="303" VPOS="1151" WIDTH="46" HEIGHT="27" CONTENT="sa" WC="1.00" CC="00"/>
						<SP ID="P7_SP00161" HPOS="349" VPOS="1188" WIDTH="33"/>
						<String ID="P7_ST00176" HPOS="382" VPOS="1137" WIDTH="107" HEIGHT="42" CONTENT="robe" WC="1.00" CC="0010"/>
						<SP ID="P7_SP00162" HPOS="489" VPOS="1188" WIDTH="21"/>
						<String ID="P7_ST00177" HPOS="510" VPOS="1142" WIDTH="223" HEIGHT="38" CONTENT="traînante" WC="0.98" CC="640364640"/>
						<SP ID="P7_SP00163" HPOS="733" VPOS="1188" WIDTH="22"/>
						<String ID="P7_ST00178" HPOS="755" VPOS="1148" WIDTH="42" HEIGHT="32" CONTENT="et" WC="0.79" CC="04"/>
						<SP ID="P7_SP00164" HPOS="797" VPOS="1188" WIDTH="42"/>
						<String ID="P7_ST00179" HPOS="839" VPOS="1139" WIDTH="53" HEIGHT="41" CONTENT="de" WC="1.00" CC="00"/>
						<SP ID="P7_SP00165" HPOS="892" VPOS="1188" WIDTH="24"/>
						<String ID="P7_ST00180" HPOS="916" VPOS="1138" WIDTH="157" HEIGHT="43" CONTENT="l'autre" WC="1.00" CC="2301000"/>
						<SP ID="P7_SP00166" HPOS="1073" VPOS="1188" WIDTH="25"/>
						<String ID="P7_ST00181" HPOS="1098" VPOS="1141" WIDTH="118" HEIGHT="51" CONTENT="agite" WC="0.99" CC="20050"/>
						<SP ID="P7_SP00167" HPOS="1216" VPOS="1192" WIDTH="42"/>
						<String ID="P7_ST00182" HPOS="1258" VPOS="1155" WIDTH="60" HEIGHT="27" CONTENT="un" WC="0.86" CC="02"/>
						<SP ID="P7_SP00168" HPOS="1318" VPOS="1192" WIDTH="25"/>
						<String ID="P7_ST00183" HPOS="1343" VPOS="1139" WIDTH="279" HEIGHT="43" CONTENT="tambourin." WC="1.00" CC="0000000004"/>
						<SP ID="P7_SP00169" HPOS="1622" VPOS="1192" WIDTH="41"/>
						<String ID="P7_ST00184" HPOS="1663" VPOS="1140" WIDTH="122" HEIGHT="42" CONTENT="C'est" WC="1.00" CC="04000"/>
						<SP ID="P7_SP00170" HPOS="1785" VPOS="1192" WIDTH="30"/>
						<String ID="P7_ST00185" HPOS="1815" VPOS="1155" WIDTH="60" HEIGHT="26" CONTENT="un" WC="0.66" CC="60"/>
						<SP ID="P7_SP00171" HPOS="1875" VPOS="1192" WIDTH="44"/>
						<String ID="P7_ST00186" HPOS="1919" VPOS="1143" WIDTH="106" HEIGHT="51" CONTENT="petit" WC="0.99" CC="00035"/>
						<SP ID="P7_SP00172" HPOS="2025" VPOS="1194" WIDTH="37"/>
						<String ID="P7_ST00187" HPOS="2062" VPOS="1153" WIDTH="46" HEIGHT="28" CONTENT="or" SUBS_TYPE="HypPart1" SUBS_CONTENT="orchestre." WC="0.98" CC="00"/>
						<HYP HPOS="2108" VPOS="1153" WIDTH="22" CONTENT="-"/>
					</TextLine>
					<TextLine ID="P7_TL00016" HPOS="111" VPOS="1205" WIDTH="2015" HEIGHT="57">
						<String ID="P7_ST00188" HPOS="111" VPOS="1207" WIDTH="185" HEIGHT="41" CONTENT="chestre." SUBS_TYPE="HypPart2" SUBS_CONTENT="orchestre." WC="0.99" CC="40000024"/>
						<SP ID="P7_SP00173" HPOS="296" VPOS="1248" WIDTH="30"/>
						<String ID="P7_ST00189" HPOS="326" VPOS="1205" WIDTH="85" HEIGHT="43" CONTENT="Les" WC="0.99" CC="003"/>
						<SP ID="P7_SP00174" HPOS="411" VPOS="1248" WIDTH="17"/>
						<String ID="P7_ST00190" HPOS="428" VPOS="1206" WIDTH="138" HEIGHT="42" CONTENT="bords" WC="1.00" CC="00000"/>
						<SP ID="P7_SP00175" HPOS="566" VPOS="1248" WIDTH="20"/>
						<String ID="P7_ST00191" HPOS="586" VPOS="1207" WIDTH="59" HEIGHT="42" CONTENT="du" WC="0.98" CC="00"/>
						<SP ID="P7_SP00176" HPOS="645" VPOS="1249" WIDTH="18"/>
						<String ID="P7_ST00192" HPOS="663" VPOS="1221" WIDTH="106" HEIGHT="28" CONTENT="vase" WC="1.00" CC="0000"/>
						<SP ID="P7_SP00177" HPOS="769" VPOS="1249" WIDTH="23"/>
						<String ID="P7_ST00193" HPOS="792" VPOS="1218" WIDTH="101" HEIGHT="32" CONTENT="sont" WC="0.99" CC="0030"/>
						<SP ID="P7_SP00178" HPOS="893" VPOS="1250" WIDTH="21"/>
						<String ID="P7_ST00194" HPOS="914" VPOS="1210" WIDTH="155" HEIGHT="50" CONTENT="garnis" WC="1.00" CC="000000"/>
						<SP ID="P7_SP00179" HPOS="1069" VPOS="1260" WIDTH="16"/>
						<String ID="P7_ST00195" HPOS="1085" VPOS="1209" WIDTH="54" HEIGHT="41" CONTENT="de" WC="1.00" CC="00"/>
						<SP ID="P7_SP00180" HPOS="1139" VPOS="1260" WIDTH="22"/>
						<String ID="P7_ST00196" HPOS="1161" VPOS="1223" WIDTH="103" HEIGHT="39" CONTENT="ceps" WC="1.00" CC="0200"/>
						<SP ID="P7_SP00181" HPOS="1264" VPOS="1262" WIDTH="24"/>
						<String ID="P7_ST00197" HPOS="1288" VPOS="1210" WIDTH="54" HEIGHT="41" CONTENT="de" WC="1.00" CC="00"/>
						<SP ID="P7_SP00182" HPOS="1342" VPOS="1262" WIDTH="19"/>
						<String ID="P7_ST00198" HPOS="1361" VPOS="1211" WIDTH="153" HEIGHT="49" CONTENT="vigne," WC="1.00" CC="000003"/>
						<SP ID="P7_SP00183" HPOS="1514" VPOS="1262" WIDTH="24"/>
						<String ID="P7_ST00199" HPOS="1538" VPOS="1219" WIDTH="60" HEIGHT="40" CONTENT="et," WC="0.98" CC="004"/>
						<SP ID="P7_SP00184" HPOS="1598" VPOS="1262" WIDTH="27"/>
						<String ID="P7_ST00200" HPOS="1625" VPOS="1214" WIDTH="22" HEIGHT="36" CONTENT="à" WC="0.81" CC="1"/>
						<SP ID="P7_SP00185" HPOS="1647" VPOS="1262" WIDTH="26"/>
						<String ID="P7_ST00201" HPOS="1673" VPOS="1210" WIDTH="39" HEIGHT="40" CONTENT="la" WC="0.62" CC="43"/>
						<SP ID="P7_SP00186" HPOS="1712" VPOS="1262" WIDTH="22"/>
						<String ID="P7_ST00202" HPOS="1734" VPOS="1210" WIDTH="125" HEIGHT="52" CONTENT="place" WC="1.00" CC="00000"/>
						<SP ID="P7_SP00187" HPOS="1859" VPOS="1262" WIDTH="17"/>
						<String ID="P7_ST00203" HPOS="1876" VPOS="1210" WIDTH="78" HEIGHT="41" CONTENT="des" WC="1.00" CC="000"/>
						<SP ID="P7_SP00188" HPOS="1954" VPOS="1262" WIDTH="25"/>
						<String ID="P7_ST00204" HPOS="1979" VPOS="1223" WIDTH="147" HEIGHT="35" CONTENT="anses," WC="0.99" CC="200004"/>
					</TextLine>
					<TextLine ID="P7_TL00017" HPOS="112" VPOS="1277" WIDTH="2016" HEIGHT="54">
						<String ID="P7_ST00205" HPOS="112" VPOS="1289" WIDTH="55" HEIGHT="28" CONTENT="on" WC="0.70" CC="50"/>
						<SP ID="P7_SP00189" HPOS="167" VPOS="1317" WIDTH="26"/>
						<String ID="P7_ST00206" HPOS="193" VPOS="1278" WIDTH="214" HEIGHT="51" CONTENT="aperçoit," WC="0.99" CC="005044201"/>
						<SP ID="P7_SP00190" HPOS="407" VPOS="1329" WIDTH="21"/>
						<String ID="P7_ST00207" HPOS="428" VPOS="1277" WIDTH="54" HEIGHT="41" CONTENT="de" WC="1.00" CC="00"/>
						<SP ID="P7_SP00191" HPOS="482" VPOS="1329" WIDTH="20"/>
						<String ID="P7_ST00208" HPOS="502" VPOS="1277" WIDTH="174" HEIGHT="54" CONTENT="chaque" WC="1.00" CC="020020"/>
						<SP ID="P7_SP00192" HPOS="676" VPOS="1331" WIDTH="20"/>
						<String ID="P7_ST00209" HPOS="696" VPOS="1281" WIDTH="111" HEIGHT="48" CONTENT="côté," WC="0.98" CC="02073"/>
						<SP ID="P7_SP00193" HPOS="807" VPOS="1331" WIDTH="30"/>
						<String ID="P7_ST00210" HPOS="837" VPOS="1279" WIDTH="113" HEIGHT="40" CONTENT="deux" WC="1.00" CC="0200"/>
						<SP ID="P7_SP00194" HPOS="950" VPOS="1331" WIDTH="25"/>
						<String ID="P7_ST00211" HPOS="975" VPOS="1279" WIDTH="327" HEIGHT="41" CONTENT="mascaronsde" WC="0.93" CC="00000033000"/>
						<SP ID="P7_SP00195" HPOS="1302" VPOS="1331" WIDTH="13"/>
						<String ID="P7_ST00212" HPOS="1315" VPOS="1287" WIDTH="187" HEIGHT="44" CONTENT="satyres." WC="1.00" CC="00000004"/>
						<SP ID="P7_SP00196" HPOS="1502" VPOS="1331" WIDTH="26"/>
						<String ID="P7_ST00213" HPOS="1528" VPOS="1279" WIDTH="30" HEIGHT="40" CONTENT="Il" WC="0.84" CC="30"/>
						<SP ID="P7_SP00197" HPOS="1558" VPOS="1331" WIDTH="20"/>
						<String ID="P7_ST00214" HPOS="1578" VPOS="1294" WIDTH="28" HEIGHT="37" CONTENT="y" WC="1.00" CC="0"/>
						<SP ID="P7_SP00198" HPOS="1606" VPOS="1331" WIDTH="21"/>
						<String ID="P7_ST00215" HPOS="1627" VPOS="1280" WIDTH="143" HEIGHT="40" CONTENT="aurait" WC="0.99" CC="000024"/>
						<SP ID="P7_SP00199" HPOS="1770" VPOS="1331" WIDTH="17"/>
						<String ID="P7_ST00216" HPOS="1787" VPOS="1282" WIDTH="170" HEIGHT="37" CONTENT="mêmes" WC="0.98" CC="07003"/>
						<SP ID="P7_SP00200" HPOS="1957" VPOS="1331" WIDTH="21"/>
						<String ID="P7_ST00217" HPOS="1978" VPOS="1277" WIDTH="102" HEIGHT="42" CONTENT="faits" WC="0.99" CC="00400"/>
						<SP ID="P7_SP00201" HPOS="2080" VPOS="1331" WIDTH="26"/>
						<String ID="P7_ST00218" HPOS="2106" VPOS="1283" WIDTH="22" HEIGHT="36" CONTENT="à" WC="0.46" CC="5"/>
					</TextLine>
					<TextLine ID="P7_TL00018" HPOS="111" VPOS="1345" WIDTH="2020" HEIGHT="55">
						<String ID="P7_ST00219" HPOS="111" VPOS="1345" WIDTH="213" HEIGHT="42" CONTENT="observer" WC="1.00" CC="51000000"/>
						<SP ID="P7_SP00202" HPOS="324" VPOS="1387" WIDTH="18"/>
						<String ID="P7_ST00220" HPOS="342" VPOS="1360" WIDTH="76" HEIGHT="27" CONTENT="sur" WC="1.00" CC="000"/>
						<SP ID="P7_SP00203" HPOS="418" VPOS="1387" WIDTH="23"/>
						<String ID="P7_ST00221" HPOS="441" VPOS="1346" WIDTH="38" HEIGHT="41" CONTENT="le" WC="1.00" CC="00"/>
						<SP ID="P7_SP00204" HPOS="479" VPOS="1387" WIDTH="16"/>
						<String ID="P7_ST00222" HPOS="495" VPOS="1347" WIDTH="279" HEIGHT="53" CONTENT="sarcophage" WC="1.00" CC="0003003400"/>
						<SP ID="P7_SP00205" HPOS="774" VPOS="1400" WIDTH="23"/>
						<String ID="P7_ST00223" HPOS="797" VPOS="1348" WIDTH="63" HEIGHT="40" CONTENT="dit" WC="1.00" CC="000"/>
						<SP ID="P7_SP00206" HPOS="860" VPOS="1400" WIDTH="22"/>
						<String ID="P7_ST00224" HPOS="882" VPOS="1361" WIDTH="20" HEIGHT="24" CONTENT="«" WC="1.00" CC="0"/>
						<SP ID="P7_SP00207" HPOS="902" VPOS="1400" WIDTH="25"/>
						<String ID="P7_ST00225" HPOS="927" VPOS="1348" WIDTH="54" HEIGHT="40" CONTENT="de" WC="0.86" CC="02"/>
						<SP ID="P7_SP00208" HPOS="981" VPOS="1400" WIDTH="20"/>
						<String ID="P7_ST00226" HPOS="1001" VPOS="1347" WIDTH="234" HEIGHT="41" CONTENT="Bordeaux" WC="1.00" CC="00000008"/>
						<SP ID="P7_SP00209" HPOS="1235" VPOS="1400" WIDTH="26"/>
						<String ID="P7_ST00227" HPOS="1261" VPOS="1360" WIDTH="20" HEIGHT="25" CONTENT="»" WC="0.60" CC="3"/>
						<SP ID="P7_SP00210" HPOS="1281" VPOS="1400" WIDTH="22"/>
						<String ID="P7_ST00228" HPOS="1303" VPOS="1349" WIDTH="174" HEIGHT="44" CONTENT="(musée" WC="0.99" CC="400280"/>
						<SP ID="P7_SP00211" HPOS="1477" VPOS="1400" WIDTH="28"/>
						<String ID="P7_ST00229" HPOS="1505" VPOS="1347" WIDTH="59" HEIGHT="41" CONTENT="du" WC="1.00" CC="00"/>
						<SP ID="P7_SP00212" HPOS="1564" VPOS="1400" WIDTH="18"/>
						<String ID="P7_ST00230" HPOS="1582" VPOS="1346" WIDTH="213" HEIGHT="54" CONTENT="Louvre)," WC="0.99" CC="00008062"/>
						<SP ID="P7_SP00213" HPOS="1795" VPOS="1400" WIDTH="28"/>
						<String ID="P7_ST00231" HPOS="1823" VPOS="1352" WIDTH="308" HEIGHT="47" CONTENT="représentant" WC="1.00" CC="000400073033"/>
					</TextLine>
					<TextLine ID="P7_TL00019" HPOS="111" VPOS="1414" WIDTH="2019" HEIGHT="55">
						<String ID="P7_ST00232" HPOS="111" VPOS="1414" WIDTH="226" HEIGHT="54" CONTENT="Dionysos" WC="0.99" CC="57400000"/>
						<SP ID="P7_SP00214" HPOS="337" VPOS="1468" WIDTH="24"/>
						<String ID="P7_ST00233" HPOS="361" VPOS="1425" WIDTH="41" HEIGHT="31" CONTENT="et" WC="1.00" CC="00"/>
						<SP ID="P7_SP00215" HPOS="402" VPOS="1468" WIDTH="24"/>
						<String ID="P7_ST00234" HPOS="426" VPOS="1415" WIDTH="182" HEIGHT="48" CONTENT="Ariane," WC="1.00" CC="0020000"/>
						<SP ID="P7_SP00216" HPOS="608" VPOS="1468" WIDTH="18"/>
						<String ID="P7_ST00235" HPOS="626" VPOS="1426" WIDTH="41" HEIGHT="32" CONTENT="et" WC="1.00" CC="00"/>
						<SP ID="P7_SP00217" HPOS="667" VPOS="1468" WIDTH="24"/>
						<String ID="P7_ST00236" HPOS="691" VPOS="1430" WIDTH="76" HEIGHT="28" CONTENT="sur" WC="1.00" CC="000"/>
						<SP ID="P7_SP00218" HPOS="767" VPOS="1468" WIDTH="42"/>
						<String ID="P7_ST00237" HPOS="809" VPOS="1416" WIDTH="234" HEIGHT="53" CONTENT="beaucoup" WC="1.00" CC="02000000"/>
						<SP ID="P7_SP00219" HPOS="1043" VPOS="1469" WIDTH="39"/>
						<String ID="P7_ST00238" HPOS="1082" VPOS="1415" WIDTH="197" HEIGHT="43" CONTENT="d'autres" WC="0.99" CC="03004500"/>
						<SP ID="P7_SP00220" HPOS="1279" VPOS="1469" WIDTH="32"/>
						<String ID="P7_ST00239" HPOS="1311" VPOS="1425" WIDTH="291" HEIGHT="33" CONTENT="monuments" WC="1.00" CC="004000220"/>
						<SP ID="P7_SP00221" HPOS="1602" VPOS="1469" WIDTH="24"/>
						<String ID="P7_ST00240" HPOS="1626" VPOS="1414" WIDTH="184" HEIGHT="53" CONTENT="figurés," WC="0.99" CC="00020604"/>
						<SP ID="P7_SP00222" HPOS="1810" VPOS="1469" WIDTH="26"/>
						<String ID="P7_ST00241" HPOS="1836" VPOS="1424" WIDTH="123" HEIGHT="32" CONTENT="entre" WC="0.99" CC="06000"/>
						<SP ID="P7_SP00223" HPOS="1959" VPOS="1469" WIDTH="22"/>
						<String ID="P7_ST00242" HPOS="1981" VPOS="1423" WIDTH="149" HEIGHT="33" CONTENT="autres" WC="0.99" CC="024000"/>
					</TextLine>
					<TextLine ID="P7_TL00020" HPOS="111" VPOS="1484" WIDTH="2021" HEIGHT="54">
						<String ID="P7_ST00243" HPOS="111" VPOS="1498" WIDTH="86" HEIGHT="28" CONTENT="une" WC="0.97" CC="051"/>
						<SP ID="P7_SP00224" HPOS="197" VPOS="1526" WIDTH="24"/>
						<String ID="P7_ST00244" HPOS="221" VPOS="1493" WIDTH="145" HEIGHT="33" CONTENT="statue" WC="0.99" CC="030440"/>
						<SP ID="P7_SP00225" HPOS="366" VPOS="1526" WIDTH="24"/>
						<String ID="P7_ST00245" HPOS="390" VPOS="1485" WIDTH="221" HEIGHT="41" CONTENT="colossale" WC="1.00" CC="001120010"/>
						<SP ID="P7_SP00226" HPOS="611" VPOS="1526" WIDTH="23"/>
						<String ID="P7_ST00246" HPOS="634" VPOS="1486" WIDTH="54" HEIGHT="41" CONTENT="de" WC="1.00" CC="00"/>
						<SP ID="P7_SP00227" HPOS="688" VPOS="1527" WIDTH="43"/>
						<String ID="P7_ST00247" HPOS="731" VPOS="1485" WIDTH="226" HEIGHT="53" CONTENT="Dionysos" WC="0.99" CC="14330001"/>
						<SP ID="P7_SP00228" HPOS="957" VPOS="1538" WIDTH="43"/>
						<String ID="P7_ST00248" HPOS="1000" VPOS="1484" WIDTH="267" HEIGHT="54" CONTENT="(provenant" WC="1.00" CC="0000000000"/>
						<SP ID="P7_SP00229" HPOS="1267" VPOS="1538" WIDTH="39"/>
						<String ID="P7_ST00249" HPOS="1306" VPOS="1485" WIDTH="55" HEIGHT="41" CONTENT="de" WC="1.00" CC="00"/>
						<SP ID="P7_SP00230" HPOS="1361" VPOS="1538" WIDTH="22"/>
						<String ID="P7_ST00250" HPOS="1383" VPOS="1485" WIDTH="250" HEIGHT="41" CONTENT="l'ancienne" WC="1.00" CC="2440410000"/>
						<SP ID="P7_SP00231" HPOS="1633" VPOS="1538" WIDTH="29"/>
						<String ID="P7_ST00251" HPOS="1662" VPOS="1485" WIDTH="234" HEIGHT="41" CONTENT="collection" WC="1.00" CC="0041104210"/>
						<SP ID="P7_SP00232" HPOS="1896" VPOS="1538" WIDTH="23"/>
						<String ID="P7_ST00252" HPOS="1919" VPOS="1484" WIDTH="59" HEIGHT="42" CONTENT="du" WC="1.00" CC="00"/>
						<SP ID="P7_SP00233" HPOS="1978" VPOS="1538" WIDTH="25"/>
						<String ID="P7_ST00253" HPOS="2003" VPOS="1486" WIDTH="64" HEIGHT="40" CONTENT="roi" WC="0.98" CC="050"/>
						<SP ID="P7_SP00234" HPOS="2067" VPOS="1538" WIDTH="23"/>
						<String ID="P7_ST00254" HPOS="2090" VPOS="1493" WIDTH="42" HEIGHT="33" CONTENT="et" WC="0.68" CC="06"/>
					</TextLine>
					<TextLine ID="P7_TL00021" HPOS="114" VPOS="1552" WIDTH="1097" HEIGHT="55">
						<String ID="P7_ST00255" HPOS="114" VPOS="1557" WIDTH="243" HEIGHT="38" CONTENT="conservée" WC="1.00" CC="034000000"/>
						<SP ID="P7_SP00235" HPOS="357" VPOS="1595" WIDTH="22"/>
						<String ID="P7_ST00256" HPOS="379" VPOS="1554" WIDTH="254" HEIGHT="51" CONTENT="également" WC="1.00" CC="000000104"/>
						<SP ID="P7_SP00236" HPOS="633" VPOS="1605" WIDTH="24"/>
						<String ID="P7_ST00257" HPOS="657" VPOS="1568" WIDTH="56" HEIGHT="27" CONTENT="au" WC="0.98" CC="00"/>
						<SP ID="P7_SP00237" HPOS="713" VPOS="1605" WIDTH="24"/>
						<String ID="P7_ST00258" HPOS="737" VPOS="1558" WIDTH="157" HEIGHT="38" CONTENT="musée" WC="1.00" CC="00000"/>
						<SP ID="P7_SP00238" HPOS="894" VPOS="1605" WIDTH="21"/>
						<String ID="P7_ST00259" HPOS="915" VPOS="1554" WIDTH="59" HEIGHT="41" CONTENT="du" WC="1.00" CC="00"/>
						<SP ID="P7_SP00239" HPOS="974" VPOS="1605" WIDTH="23"/>
						<String ID="P7_ST00260" HPOS="997" VPOS="1552" WIDTH="214" HEIGHT="55" CONTENT="Louvre)." WC="1.00" CC="01000034"/>
					</TextLine>
					<TextLine ID="P7_TL00022" HPOS="166" VPOS="1621" WIDTH="1967" HEIGHT="58">
						<String ID="P7_ST00261" HPOS="166" VPOS="1637" WIDTH="20" HEIGHT="26" CONTENT="2" WC="0.52" CC="4" STYLEREFS="TXT_2"/>
						<String ID="P7_ST00262" HPOS="192" VPOS="1627" WIDTH="15" HEIGHT="19" CONTENT="e" STYLE="superscript" WC="0.87" CC="1" STYLEREFS="TXT_2"/>
						<SP ID="P7_SP00240" HPOS="207" VPOS="1663" WIDTH="21"/>
						<String ID="P7_ST00263" HPOS="228" VPOS="1621" WIDTH="178" HEIGHT="57" CONTENT="période" WC="0.99" CC="4200304" STYLEREFS="TXT_3"/>
						<SP ID="P7_SP00241" HPOS="406" VPOS="1678" WIDTH="25"/>
						<String ID="P7_ST00264" HPOS="431" VPOS="1633" WIDTH="12" HEIGHT="27" CONTENT=":" WC="0.63" CC="3" STYLEREFS="TXT_3"/>
						<SP ID="P7_SP00242" HPOS="443" VPOS="1678" WIDTH="27"/>
						<String ID="P7_ST00265" HPOS="470" VPOS="1623" WIDTH="80" HEIGHT="40" CONTENT="Cet" WC="0.96" CC="055" STYLEREFS="TXT_3"/>
						<SP ID="P7_SP00243" HPOS="550" VPOS="1678" WIDTH="15"/>
						<String ID="P7_ST00266" HPOS="565" VPOS="1622" WIDTH="166" HEIGHT="56" CONTENT="Esprit," WC="0.99" CC="0402017" STYLEREFS="TXT_3"/>
						<SP ID="P7_SP00244" HPOS="731" VPOS="1678" WIDTH="35"/>
						<String ID="P7_ST00267" HPOS="766" VPOS="1623" WIDTH="154" HEIGHT="54" CONTENT="auquel" WC="0.98" CC="550800" STYLEREFS="TXT_3"/>
						<SP ID="P7_SP00245" HPOS="920" VPOS="1678" WIDTH="25"/>
						<String ID="P7_ST00268" HPOS="945" VPOS="1637" WIDTH="54" HEIGHT="26" CONTENT="on" WC="0.82" CC="30" STYLEREFS="TXT_3"/>
						<SP ID="P7_SP00246" HPOS="999" VPOS="1678" WIDTH="28"/>
						<String ID="P7_ST00269" HPOS="1027" VPOS="1628" WIDTH="196" HEIGHT="49" CONTENT="rapporte" WC="0.99" CC="09000037" STYLEREFS="TXT_3"/>
						<SP ID="P7_SP00247" HPOS="1223" VPOS="1678" WIDTH="30"/>
						<String ID="P7_ST00270" HPOS="1253" VPOS="1630" WIDTH="94" HEIGHT="34" CONTENT="tous" WC="0.98" CC="1005" STYLEREFS="TXT_3"/>
						<SP ID="P7_SP00248" HPOS="1347" VPOS="1678" WIDTH="33"/>
						<String ID="P7_ST00271" HPOS="1380" VPOS="1623" WIDTH="57" HEIGHT="41" CONTENT="les" WC="1.00" CC="000" STYLEREFS="TXT_3"/>
						<SP ID="P7_SP00249" HPOS="1437" VPOS="1678" WIDTH="16"/>
						<String ID="P7_ST00272" HPOS="1453" VPOS="1623" WIDTH="285" HEIGHT="56" CONTENT="phénomènes" WC="1.00" CC="0043030000" STYLEREFS="TXT_3"/>
						<SP ID="P7_SP00250" HPOS="1738" VPOS="1679" WIDTH="21"/>
						<String ID="P7_ST00273" HPOS="1759" VPOS="1623" WIDTH="270" HEIGHT="40" CONTENT="aboutissant" WC="1.00" CC="00027000000" STYLEREFS="TXT_3"/>
						<SP ID="P7_SP00251" HPOS="2029" VPOS="1679" WIDTH="25"/>
						<String ID="P7_ST00274" HPOS="2054" VPOS="1622" WIDTH="79" HEIGHT="43" CONTENT="àla" WC="0.91" CC="709" STYLEREFS="TXT_3"/>
					</TextLine>
					<TextLine ID="P7_TL00023" HPOS="109" VPOS="1691" WIDTH="1781" HEIGHT="57">
						<String ID="P7_ST00275" HPOS="109" VPOS="1691" WIDTH="258" HEIGHT="56" CONTENT="production" WC="0.99" CC="0001576000" STYLEREFS="TXT_3"/>
						<SP ID="P7_SP00252" HPOS="367" VPOS="1747" WIDTH="21"/>
						<String ID="P7_ST00276" HPOS="388" VPOS="1692" WIDTH="56" HEIGHT="40" CONTENT="du" WC="0.81" CC="03" STYLEREFS="TXT_3"/>
						<SP ID="P7_SP00253" HPOS="444" VPOS="1747" WIDTH="19"/>
						<String ID="P7_ST00277" HPOS="463" VPOS="1691" WIDTH="89" HEIGHT="52" CONTENT="vin," WC="0.97" CC="1074" STYLEREFS="TXT_3"/>
						<SP ID="P7_SP00254" HPOS="552" VPOS="1747" WIDTH="19"/>
						<String ID="P7_ST00278" HPOS="571" VPOS="1707" WIDTH="55" HEIGHT="26" CONTENT="on" WC="0.66" CC="06" STYLEREFS="TXT_3"/>
						<SP ID="P7_SP00255" HPOS="626" VPOS="1747" WIDTH="25"/>
						<String ID="P7_ST00279" HPOS="651" VPOS="1707" WIDTH="49" HEIGHT="26" CONTENT="en" WC="1.00" CC="00" STYLEREFS="TXT_3"/>
						<SP ID="P7_SP00256" HPOS="700" VPOS="1747" WIDTH="21"/>
						<String ID="P7_ST00280" HPOS="721" VPOS="1692" WIDTH="84" HEIGHT="53" CONTENT="fait" WC="0.99" CC="3000" STYLEREFS="TXT_3"/>
						<SP ID="P7_SP00257" HPOS="805" VPOS="1747" WIDTH="18"/>
						<String ID="P7_ST00281" HPOS="823" VPOS="1707" WIDTH="59" HEIGHT="26" CONTENT="un" WC="0.81" CC="30" STYLEREFS="TXT_3"/>
						<SP ID="P7_SP00258" HPOS="882" VPOS="1747" WIDTH="23"/>
						<String ID="P7_ST00282" HPOS="905" VPOS="1692" WIDTH="97" HEIGHT="41" CONTENT="dieu" WC="0.98" CC="0007" STYLEREFS="TXT_3"/>
						<SP ID="P7_SP00259" HPOS="1002" VPOS="1747" WIDTH="27"/>
						<String ID="P7_ST00283" HPOS="1029" VPOS="1693" WIDTH="154" HEIGHT="54" CONTENT="auquel" WC="0.99" CC="050000" STYLEREFS="TXT_3"/>
						<SP ID="P7_SP00260" HPOS="1183" VPOS="1747" WIDTH="21"/>
						<String ID="P7_ST00284" HPOS="1204" VPOS="1707" WIDTH="55" HEIGHT="26" CONTENT="on" WC="0.75" CC="04" STYLEREFS="TXT_3"/>
						<SP ID="P7_SP00261" HPOS="1259" VPOS="1747" WIDTH="23"/>
						<String ID="P7_ST00285" HPOS="1282" VPOS="1693" WIDTH="207" HEIGHT="40" CONTENT="constitue" WC="0.99" CC="600940670" STYLEREFS="TXT_3"/>
						<SP ID="P7_SP00262" HPOS="1489" VPOS="1747" WIDTH="22"/>
						<String ID="P7_ST00286" HPOS="1511" VPOS="1707" WIDTH="83" HEIGHT="26" CONTENT="une" WC="0.96" CC="540" STYLEREFS="TXT_3"/>
						<SP ID="P7_SP00263" HPOS="1594" VPOS="1747" WIDTH="22"/>
						<String ID="P7_ST00287" HPOS="1616" VPOS="1691" WIDTH="274" HEIGHT="57" CONTENT="biographie." WC="1.00" CC="00040600004" STYLEREFS="TXT_3"/>
					</TextLine>
					<TextLine ID="P7_TL00024" HPOS="165" VPOS="1760" WIDTH="1968" HEIGHT="56">
						<String ID="P7_ST00288" HPOS="165" VPOS="1760" WIDTH="64" HEIGHT="42" CONTENT="La" WC="1.00" CC="00"/>
						<SP ID="P7_SP00264" HPOS="229" VPOS="1802" WIDTH="32"/>
						<String ID="P7_ST00289" HPOS="261" VPOS="1774" WIDTH="215" HEIGHT="40" CONTENT="croyance" WC="1.00" CC="00000100"/>
						<SP ID="P7_SP00265" HPOS="476" VPOS="1814" WIDTH="24"/>
						<String ID="P7_ST00290" HPOS="500" VPOS="1766" WIDTH="22" HEIGHT="36" CONTENT="à" WC="0.48" CC="5"/>
						<SP ID="P7_SP00266" HPOS="522" VPOS="1814" WIDTH="38"/>
						<String ID="P7_ST00291" HPOS="560" VPOS="1776" WIDTH="60" HEIGHT="26" CONTENT="un" WC="0.78" CC="40"/>
						<SP ID="P7_SP00267" HPOS="620" VPOS="1814" WIDTH="31"/>
						<String ID="P7_ST00292" HPOS="651" VPOS="1760" WIDTH="154" HEIGHT="55" CONTENT="Esprit" WC="1.00" CC="000002"/>
						<SP ID="P7_SP00268" HPOS="805" VPOS="1815" WIDTH="36"/>
						<String ID="P7_ST00293" HPOS="841" VPOS="1776" WIDTH="22" HEIGHT="26" CONTENT="a" WC="1.00" CC="0"/>
						<SP ID="P7_SP00269" HPOS="863" VPOS="1815" WIDTH="40"/>
						<String ID="P7_ST00294" HPOS="903" VPOS="1761" WIDTH="187" HEIGHT="42" CONTENT="d'abord" WC="1.00" CC="0300000"/>
						<SP ID="P7_SP00270" HPOS="1090" VPOS="1815" WIDTH="39"/>
						<String ID="P7_ST00295" HPOS="1129" VPOS="1776" WIDTH="115" HEIGHT="39" CONTENT="pour" WC="0.99" CC="0050"/>
						<SP ID="P7_SP00271" HPOS="1244" VPOS="1815" WIDTH="35"/>
						<String ID="P7_ST00296" HPOS="1279" VPOS="1762" WIDTH="236" HEIGHT="42" CONTENT="corollaire" WC="1.00" CC="0003020000"/>
						<SP ID="P7_SP00272" HPOS="1515" VPOS="1815" WIDTH="35"/>
						<String ID="P7_ST00297" HPOS="1550" VPOS="1762" WIDTH="234" HEIGHT="42" CONTENT="immédiat" WC="1.00" CC="00060004"/>
						<SP ID="P7_SP00273" HPOS="1784" VPOS="1815" WIDTH="33"/>
						<String ID="P7_ST00298" HPOS="1817" VPOS="1761" WIDTH="162" HEIGHT="55" CONTENT="l'appel" WC="0.99" CC="4040000"/>
						<SP ID="P7_SP00274" HPOS="1979" VPOS="1816" WIDTH="31"/>
						<String ID="P7_ST00299" HPOS="2010" VPOS="1766" WIDTH="20" HEIGHT="35" CONTENT="à" WC="0.62" CC="3"/>
						<SP ID="P7_SP00275" HPOS="2030" VPOS="1816" WIDTH="39"/>
						<String ID="P7_ST00300" HPOS="2069" VPOS="1771" WIDTH="64" HEIGHT="31" CONTENT="cet" WC="1.00" CC="000"/>
					</TextLine>
					<TextLine ID="P7_TL00025" HPOS="110" VPOS="1830" WIDTH="2022" HEIGHT="55">
						<String ID="P7_ST00301" HPOS="110" VPOS="1830" WIDTH="150" HEIGHT="53" CONTENT="Esprit" WC="0.99" CC="000504"/>
						<SP ID="P7_SP00276" HPOS="260" VPOS="1883" WIDTH="35"/>
						<String ID="P7_ST00302" HPOS="295" VPOS="1842" WIDTH="8" HEIGHT="28" CONTENT=":" WC="0.32" CC="6"/>
						<SP ID="P7_SP00277" HPOS="303" VPOS="1883" WIDTH="36"/>
						<String ID="P7_ST00303" HPOS="339" VPOS="1830" WIDTH="325" HEIGHT="51" CONTENT="l'incantation," WC="1.00" CC="33040065501003"/>
						<SP ID="P7_SP00278" HPOS="664" VPOS="1883" WIDTH="44"/>
						<String ID="P7_ST00304" HPOS="708" VPOS="1833" WIDTH="177" HEIGHT="49" CONTENT="origine" WC="1.00" CC="0060000"/>
						<SP ID="P7_SP00279" HPOS="885" VPOS="1883" WIDTH="35"/>
						<String ID="P7_ST00305" HPOS="920" VPOS="1831" WIDTH="54" HEIGHT="41" CONTENT="de" WC="0.92" CC="01"/>
						<SP ID="P7_SP00280" HPOS="974" VPOS="1883" WIDTH="46"/>
						<String ID="P7_ST00306" HPOS="1020" VPOS="1832" WIDTH="40" HEIGHT="40" CONTENT="la" WC="0.82" CC="30"/>
						<SP ID="P7_SP00281" HPOS="1060" VPOS="1883" WIDTH="34"/>
						<String ID="P7_ST00307" HPOS="1094" VPOS="1833" WIDTH="152" HEIGHT="52" CONTENT="poésie" WC="1.00" CC="000003"/>
						<SP ID="P7_SP00282" HPOS="1246" VPOS="1885" WIDTH="43"/>
						<String ID="P7_ST00308" HPOS="1289" VPOS="1832" WIDTH="174" HEIGHT="53" CONTENT="lyrique" WC="1.00" CC="2000010"/>
						<SP ID="P7_SP00283" HPOS="1463" VPOS="1885" WIDTH="37"/>
						<String ID="P7_ST00309" HPOS="1500" VPOS="1830" WIDTH="80" HEIGHT="54" CONTENT="(i)." WC="0.69" CC="3224"/>
						<SP ID="P7_SP00284" HPOS="1580" VPOS="1885" WIDTH="50"/>
						<String ID="P7_ST00310" HPOS="1630" VPOS="1830" WIDTH="88" HEIGHT="42" CONTENT="Les" WC="0.99" CC="020"/>
						<SP ID="P7_SP00285" HPOS="1718" VPOS="1885" WIDTH="36"/>
						<String ID="P7_ST00311" HPOS="1754" VPOS="1830" WIDTH="137" HEIGHT="43" CONTENT="Grecs" WC="0.99" CC="50000"/>
						<SP ID="P7_SP00286" HPOS="1891" VPOS="1885" WIDTH="30"/>
						<String ID="P7_ST00312" HPOS="1921" VPOS="1830" WIDTH="211" HEIGHT="54" CONTENT="primitifs" WC="1.00" CC="004000052"/>
					</TextLine>
					<TextLine ID="P7_TL00026" HPOS="111" VPOS="1900" WIDTH="2017" HEIGHT="52">
						<String ID="P7_ST00313" HPOS="111" VPOS="1902" WIDTH="175" HEIGHT="39" CONTENT="avaient" WC="0.99" CC="0003430"/>
						<SP ID="P7_SP00287" HPOS="286" VPOS="1941" WIDTH="24"/>
						<String ID="P7_ST00314" HPOS="310" VPOS="1914" WIDTH="105" HEIGHT="27" CONTENT="sans" WC="1.00" CC="0000"/>
						<SP ID="P7_SP00288" HPOS="415" VPOS="1941" WIDTH="20"/>
						<String ID="P7_ST00315" HPOS="435" VPOS="1901" WIDTH="153" HEIGHT="47" CONTENT="doute," WC="1.00" CC="004000"/>
						<SP ID="P7_SP00289" HPOS="588" VPOS="1948" WIDTH="32"/>
						<String ID="P7_ST00316" HPOS="620" VPOS="1914" WIDTH="174" HEIGHT="27" CONTENT="comme" WC="1.00" CC="00000"/>
						<SP ID="P7_SP00290" HPOS="794" VPOS="1948" WIDTH="30"/>
						<String ID="P7_ST00317" HPOS="824" VPOS="1910" WIDTH="100" HEIGHT="31" CONTENT="tous" WC="0.99" CC="5000"/>
						<SP ID="P7_SP00291" HPOS="924" VPOS="1948" WIDTH="37"/>
						<String ID="P7_ST00318" HPOS="961" VPOS="1901" WIDTH="62" HEIGHT="40" CONTENT="les" WC="1.00" CC="000"/>
						<SP ID="P7_SP00292" HPOS="1023" VPOS="1948" WIDTH="32"/>
						<String ID="P7_ST00319" HPOS="1055" VPOS="1903" WIDTH="263" HEIGHT="49" CONTENT="vignerons," WC="1.00" CC="0008000403"/>
						<SP ID="P7_SP00293" HPOS="1318" VPOS="1952" WIDTH="41"/>
						<String ID="P7_ST00320" HPOS="1359" VPOS="1901" WIDTH="120" HEIGHT="41" CONTENT="leurs" WC="0.99" CC="10003"/>
						<SP ID="P7_SP00294" HPOS="1479" VPOS="1952" WIDTH="32"/>
						<String ID="P7_ST00321" HPOS="1511" VPOS="1914" WIDTH="20" HEIGHT="25" CONTENT="«" WC="1.00" CC="0"/>
						<SP ID="P7_SP00295" HPOS="1531" VPOS="1952" WIDTH="24"/>
						<String ID="P7_ST00322" HPOS="1555" VPOS="1903" WIDTH="137" HEIGHT="38" CONTENT="crises" WC="1.00" CC="100040"/>
						<SP ID="P7_SP00296" HPOS="1692" VPOS="1952" WIDTH="29"/>
						<String ID="P7_ST00323" HPOS="1721" VPOS="1900" WIDTH="222" HEIGHT="52" CONTENT="agricoles" WC="1.00" CC="006020200"/>
						<SP ID="P7_SP00297" HPOS="1943" VPOS="1952" WIDTH="23"/>
						<String ID="P7_ST00324" HPOS="1966" VPOS="1913" WIDTH="20" HEIGHT="25" CONTENT="»" WC="0.62" CC="3"/>
						<SP ID="P7_SP00298" HPOS="1986" VPOS="1952" WIDTH="36"/>
						<String ID="P7_ST00325" HPOS="2022" VPOS="1914" WIDTH="106" HEIGHT="27" CONTENT="sous" WC="1.00" CC="0000"/>
					</TextLine>
					<TextLine ID="P7_TL00027" HPOS="110" VPOS="1968" WIDTH="1778" HEIGHT="55">
						<String ID="P7_ST00326" HPOS="110" VPOS="1970" WIDTH="197" HEIGHT="41" CONTENT="diverses" WC="1.00" CC="00000000"/>
						<SP ID="P7_SP00299" HPOS="307" VPOS="2011" WIDTH="23"/>
						<String ID="P7_ST00327" HPOS="330" VPOS="1968" WIDTH="166" HEIGHT="43" CONTENT="formes" WC="1.00" CC="000002"/>
						<SP ID="P7_SP00300" HPOS="496" VPOS="2011" WIDTH="24"/>
						<String ID="P7_ST00328" HPOS="520" VPOS="1980" WIDTH="7" HEIGHT="29" CONTENT=":" WC="0.37" CC="6"/>
						<SP ID="P7_SP00301" HPOS="527" VPOS="2011" WIDTH="22"/>
						<String ID="P7_ST00329" HPOS="549" VPOS="1968" WIDTH="309" HEIGHT="43" CONTENT="l'incantation" WC="1.00" CC="1416002050006"/>
						<SP ID="P7_SP00302" HPOS="858" VPOS="2011" WIDTH="24"/>
						<String ID="P7_ST00330" HPOS="882" VPOS="1985" WIDTH="22" HEIGHT="25" CONTENT="a" WC="1.00" CC="0"/>
						<SP ID="P7_SP00303" HPOS="904" VPOS="2011" WIDTH="22"/>
						<String ID="P7_ST00331" HPOS="926" VPOS="1983" WIDTH="114" HEIGHT="40" CONTENT="pour" WC="0.99" CC="0030"/>
						<SP ID="P7_SP00304" HPOS="1040" VPOS="2023" WIDTH="20"/>
						<String ID="P7_ST00332" HPOS="1060" VPOS="1969" WIDTH="120" HEIGHT="54" CONTENT="objet" WC="0.99" CC="00005"/>
						<SP ID="P7_SP00305" HPOS="1180" VPOS="2023" WIDTH="22"/>
						<String ID="P7_ST00333" HPOS="1202" VPOS="1969" WIDTH="225" HEIGHT="42" CONTENT="d'assurer" WC="1.00" CC="010900000"/>
						<SP ID="P7_SP00306" HPOS="1427" VPOS="2023" WIDTH="21"/>
						<String ID="P7_ST00334" HPOS="1448" VPOS="1983" WIDTH="87" HEIGHT="28" CONTENT="une" WC="0.99" CC="030"/>
						<SP ID="P7_SP00307" HPOS="1535" VPOS="2023" WIDTH="16"/>
						<String ID="P7_ST00335" HPOS="1551" VPOS="1969" WIDTH="150" HEIGHT="42" CONTENT="bonne" WC="0.99" CC="00150"/>
						<SP ID="P7_SP00308" HPOS="1701" VPOS="2023" WIDTH="25"/>
						<String ID="P7_ST00336" HPOS="1726" VPOS="1970" WIDTH="162" HEIGHT="41" CONTENT="récolte" WC="1.00" CC="0000000"/>
					</TextLine>
					<TextLine ID="P7_TL00028" HPOS="164" VPOS="2037" WIDTH="1964" HEIGHT="56">
						<String ID="P7_ST00337" HPOS="164" VPOS="2037" WIDTH="205" HEIGHT="54" CONTENT="Lorsque" WC="1.00" CC="0200040"/>
						<SP ID="P7_SP00309" HPOS="369" VPOS="2091" WIDTH="23"/>
						<String ID="P7_ST00338" HPOS="392" VPOS="2048" WIDTH="65" HEIGHT="33" CONTENT="cet" WC="0.99" CC="002"/>
						<SP ID="P7_SP00310" HPOS="457" VPOS="2091" WIDTH="33"/>
						<String ID="P7_ST00339" HPOS="490" VPOS="2039" WIDTH="151" HEIGHT="53" CONTENT="Esprit" WC="0.99" CC="000051"/>
						<SP ID="P7_SP00311" HPOS="641" VPOS="2092" WIDTH="24"/>
						<String ID="P7_ST00340" HPOS="665" VPOS="2054" WIDTH="21" HEIGHT="26" CONTENT="a" WC="1.00" CC="0"/>
						<SP ID="P7_SP00312" HPOS="686" VPOS="2092" WIDTH="24"/>
						<String ID="P7_ST00341" HPOS="710" VPOS="2054" WIDTH="58" HEIGHT="27" CONTENT="un" WC="0.65" CC="06"/>
						<SP ID="P7_SP00313" HPOS="768" VPOS="2092" WIDTH="27"/>
						<String ID="P7_ST00342" HPOS="795" VPOS="2053" WIDTH="106" HEIGHT="28" CONTENT="nom" WC="0.99" CC="020"/>
						<SP ID="P7_SP00314" HPOS="901" VPOS="2092" WIDTH="26"/>
						<String ID="P7_ST00343" HPOS="927" VPOS="2040" WIDTH="67" HEIGHT="49" CONTENT="(ce" WC="1.00" CC="000"/>
						<SP ID="P7_SP00315" HPOS="994" VPOS="2092" WIDTH="37"/>
						<String ID="P7_ST00344" HPOS="1031" VPOS="2042" WIDTH="76" HEIGHT="51" CONTENT="qui" WC="0.96" CC="054"/>
						<SP ID="P7_SP00316" HPOS="1107" VPOS="2093" WIDTH="23"/>
						<String ID="P7_ST00345" HPOS="1130" VPOS="2048" WIDTH="67" HEIGHT="33" CONTENT="est" WC="0.98" CC="004"/>
						<SP ID="P7_SP00317" HPOS="1197" VPOS="2093" WIDTH="23"/>
						<String ID="P7_ST00346" HPOS="1220" VPOS="2054" WIDTH="58" HEIGHT="27" CONTENT="un" WC="0.65" CC="06"/>
						<SP ID="P7_SP00318" HPOS="1278" VPOS="2093" WIDTH="24"/>
						<String ID="P7_ST00347" HPOS="1302" VPOS="2039" WIDTH="79" HEIGHT="42" CONTENT="fait" WC="1.00" CC="0020"/>
						<SP ID="P7_SP00319" HPOS="1381" VPOS="2093" WIDTH="30"/>
						<String ID="P7_ST00348" HPOS="1411" VPOS="2041" WIDTH="253" HEIGHT="52" CONTENT="postérieur" WC="0.99" CC="0320006140"/>
						<SP ID="P7_SP00320" HPOS="1664" VPOS="2093" WIDTH="24"/>
						<String ID="P7_ST00349" HPOS="1688" VPOS="2048" WIDTH="41" HEIGHT="33" CONTENT="et" WC="0.76" CC="04"/>
						<SP ID="P7_SP00321" HPOS="1729" VPOS="2093" WIDTH="35"/>
						<String ID="P7_ST00350" HPOS="1764" VPOS="2045" WIDTH="87" HEIGHT="36" CONTENT="très" WC="0.98" CC="0080"/>
						<SP ID="P7_SP00322" HPOS="1851" VPOS="2093" WIDTH="33"/>
						<String ID="P7_ST00351" HPOS="1884" VPOS="2041" WIDTH="244" HEIGHT="50" CONTENT="important" WC="0.99" CC="400043061"/>
					</TextLine>
					<TextLine ID="P7_TL00029" HPOS="110" VPOS="2108" WIDTH="2018" HEIGHT="54">
						<String ID="P7_ST00352" HPOS="110" VPOS="2122" WIDTH="113" HEIGHT="39" CONTENT="pour" WC="1.00" CC="0000"/>
						<SP ID="P7_SP00323" HPOS="223" VPOS="2161" WIDTH="21"/>
						<String ID="P7_ST00353" HPOS="244" VPOS="2108" WIDTH="79" HEIGHT="41" CONTENT="des" WC="0.99" CC="010"/>
						<SP ID="P7_SP00324" HPOS="323" VPOS="2161" WIDTH="30"/>
						<String ID="P7_ST00354" HPOS="353" VPOS="2108" WIDTH="247" HEIGHT="53" CONTENT="primitifs)," WC="1.00" CC="00001530104"/>
						<SP ID="P7_SP00325" HPOS="600" VPOS="2161" WIDTH="113"/>
						<String ID="P7_ST00355" HPOS="713" VPOS="2124" WIDTH="57" HEIGHT="26" CONTENT="un" WC="0.60" CC="07"/>
						<SP ID="P7_SP00326" HPOS="770" VPOS="2161" WIDTH="35"/>
						<String ID="P7_ST00356" HPOS="805" VPOS="2122" WIDTH="104" HEIGHT="28" CONTENT="nom" WC="0.97" CC="700"/>
						<SP ID="P7_SP00327" HPOS="909" VPOS="2161" WIDTH="25"/>
						<String ID="P7_ST00357" HPOS="934" VPOS="2110" WIDTH="80" HEIGHT="39" CONTENT="tiré" WC="0.95" CC="4576"/>
						<SP ID="P7_SP00328" HPOS="1014" VPOS="2161" WIDTH="23"/>
						<String ID="P7_ST00358" HPOS="1037" VPOS="2108" WIDTH="346" HEIGHT="54" CONTENT="probablement" WC="1.00" CC="000000400000"/>
						<SP ID="P7_SP00329" HPOS="1383" VPOS="2162" WIDTH="26"/>
						<String ID="P7_ST00359" HPOS="1409" VPOS="2109" WIDTH="54" HEIGHT="41" CONTENT="de" WC="1.00" CC="00"/>
						<SP ID="P7_SP00330" HPOS="1463" VPOS="2162" WIDTH="35"/>
						<String ID="P7_ST00360" HPOS="1498" VPOS="2108" WIDTH="40" HEIGHT="42" CONTENT="la" WC="1.00" CC="00"/>
						<SP ID="P7_SP00331" HPOS="1538" VPOS="2162" WIDTH="31"/>
						<String ID="P7_ST00361" HPOS="1569" VPOS="2108" WIDTH="166" HEIGHT="51" CONTENT="langue" WC="1.00" CC="000050"/>
						<SP ID="P7_SP00332" HPOS="1735" VPOS="2162" WIDTH="36"/>
						<String ID="P7_ST00362" HPOS="1771" VPOS="2122" WIDTH="57" HEIGHT="28" CONTENT="ou" WC="0.98" CC="00"/>
						<SP ID="P7_SP00333" HPOS="1828" VPOS="2162" WIDTH="30"/>
						<String ID="P7_ST00363" HPOS="1858" VPOS="2108" WIDTH="59" HEIGHT="40" CONTENT="du" WC="1.00" CC="00"/>
						<SP ID="P7_SP00334" HPOS="1917" VPOS="2162" WIDTH="24"/>
						<String ID="P7_ST00364" HPOS="1941" VPOS="2108" WIDTH="187" HEIGHT="41" CONTENT="dialecte" WC="0.99" CC="00030035"/>
					</TextLine>
					<TextLine ID="P7_TL00030" HPOS="109" VPOS="2178" WIDTH="2015" HEIGHT="53">
						<String ID="P7_ST00365" HPOS="109" VPOS="2178" WIDTH="59" HEIGHT="40" CONTENT="du" WC="0.78" CC="40"/>
						<SP ID="P7_SP00335" HPOS="168" VPOS="2218" WIDTH="21"/>
						<String ID="P7_ST00366" HPOS="189" VPOS="2192" WIDTH="111" HEIGHT="39" CONTENT="pays" WC="1.00" CC="0200"/>
						<SP ID="P7_SP00336" HPOS="300" VPOS="2231" WIDTH="22"/>
						<String ID="P7_ST00367" HPOS="322" VPOS="2182" WIDTH="151" HEIGHT="49" CONTENT="réputé" WC="1.00" CC="000000"/>
						<SP ID="P7_SP00337" HPOS="473" VPOS="2231" WIDTH="25"/>
						<String ID="P7_ST00368" HPOS="498" VPOS="2191" WIDTH="112" HEIGHT="39" CONTENT="pour" WC="1.00" CC="0000"/>
						<SP ID="P7_SP00338" HPOS="610" VPOS="2231" WIDTH="20"/>
						<String ID="P7_ST00369" HPOS="630" VPOS="2180" WIDTH="125" HEIGHT="39" CONTENT="avoir" WC="1.00" CC="00000"/>
						<SP ID="P7_SP00339" HPOS="755" VPOS="2231" WIDTH="21"/>
						<String ID="P7_ST00370" HPOS="776" VPOS="2180" WIDTH="223" HEIGHT="48" CONTENT="inauguré" WC="0.99" CC="32900000"/>
						<SP ID="P7_SP00340" HPOS="999" VPOS="2231" WIDTH="19"/>
						<String ID="P7_ST00371" HPOS="1018" VPOS="2178" WIDTH="38" HEIGHT="40" CONTENT="le" WC="0.78" CC="31"/>
						<SP ID="P7_SP00341" HPOS="1056" VPOS="2231" WIDTH="22"/>
						<String ID="P7_ST00372" HPOS="1078" VPOS="2178" WIDTH="114" HEIGHT="41" CONTENT="culte" WC="1.00" CC="00200"/>
						<SP ID="P7_SP00342" HPOS="1192" VPOS="2231" WIDTH="23"/>
						<String ID="P7_ST00373" HPOS="1215" VPOS="2178" WIDTH="54" HEIGHT="40" CONTENT="de" WC="1.00" CC="00"/>
						<SP ID="P7_SP00343" HPOS="1269" VPOS="2231" WIDTH="24"/>
						<String ID="P7_ST00374" HPOS="1293" VPOS="2178" WIDTH="38" HEIGHT="40" CONTENT="la" WC="1.00" CC="00"/>
						<SP ID="P7_SP00344" HPOS="1331" VPOS="2231" WIDTH="21"/>
						<String ID="P7_ST00375" HPOS="1352" VPOS="2180" WIDTH="150" HEIGHT="49" CONTENT="vigne," WC="0.99" CC="020704"/>
						<SP ID="P7_SP00345" HPOS="1502" VPOS="2231" WIDTH="92"/>
						<String ID="P7_ST00376" HPOS="1594" VPOS="2191" WIDTH="56" HEIGHT="28" CONTENT="on" WC="0.80" CC="30"/>
						<SP ID="P7_SP00346" HPOS="1650" VPOS="2231" WIDTH="18"/>
						<String ID="P7_ST00377" HPOS="1668" VPOS="2192" WIDTH="54" HEIGHT="27" CONTENT="en" WC="1.00" CC="00"/>
						<SP ID="P7_SP00347" HPOS="1722" VPOS="2231" WIDTH="17"/>
						<String ID="P7_ST00378" HPOS="1739" VPOS="2178" WIDTH="79" HEIGHT="40" CONTENT="fait" WC="0.98" CC="0034"/>
						<SP ID="P7_SP00348" HPOS="1818" VPOS="2231" WIDTH="23"/>
						<String ID="P7_ST00379" HPOS="1841" VPOS="2192" WIDTH="60" HEIGHT="27" CONTENT="un" WC="0.75" CC="40"/>
						<SP ID="P7_SP00349" HPOS="1901" VPOS="2231" WIDTH="16"/>
						<String ID="P7_ST00380" HPOS="1917" VPOS="2191" WIDTH="20" HEIGHT="25" CONTENT="«" WC="0.77" CC="2"/>
						<SP ID="P7_SP00350" HPOS="1937" VPOS="2231" WIDTH="21"/>
						<String ID="P7_ST00381" HPOS="1958" VPOS="2178" WIDTH="102" HEIGHT="40" CONTENT="dieu" WC="0.98" CC="0207"/>
						<SP ID="P7_SP00351" HPOS="2060" VPOS="2231" WIDTH="26"/>
						<String ID="P7_ST00382" HPOS="2086" VPOS="2190" WIDTH="38" HEIGHT="35" CONTENT="»," WC="0.91" CC="10"/>
					</TextLine>
					<TextLine ID="P7_TL00031" HPOS="109" VPOS="2246" WIDTH="2019" HEIGHT="54">
						<String ID="P7_ST00383" HPOS="109" VPOS="2256" WIDTH="41" HEIGHT="32" CONTENT="et" WC="0.64" CC="15"/>
						<SP ID="P7_SP00352" HPOS="150" VPOS="2288" WIDTH="23"/>
						<String ID="P7_ST00384" HPOS="173" VPOS="2260" WIDTH="57" HEIGHT="28" CONTENT="on" WC="0.76" CC="04"/>
						<SP ID="P7_SP00353" HPOS="230" VPOS="2288" WIDTH="28"/>
						<String ID="P7_ST00385" HPOS="258" VPOS="2248" WIDTH="61" HEIGHT="40" CONTENT="lui" WC="0.95" CC="443"/>
						<SP ID="P7_SP00354" HPOS="319" VPOS="2288" WIDTH="20"/>
						<String ID="P7_ST00386" HPOS="339" VPOS="2260" WIDTH="211" HEIGHT="40" CONTENT="compose" WC="1.00" CC="0000200"/>
						<SP ID="P7_SP00355" HPOS="550" VPOS="2300" WIDTH="24"/>
						<String ID="P7_ST00387" HPOS="574" VPOS="2261" WIDTH="87" HEIGHT="27" CONTENT="une" WC="0.96" CC="053"/>
						<SP ID="P7_SP00356" HPOS="661" VPOS="2300" WIDTH="20"/>
						<String ID="P7_ST00388" HPOS="681" VPOS="2247" WIDTH="203" HEIGHT="51" CONTENT="légende," WC="1.00" CC="00000003"/>
						<SP ID="P7_SP00357" HPOS="884" VPOS="2300" WIDTH="29"/>
						<String ID="P7_ST00389" HPOS="913" VPOS="2260" WIDTH="86" HEIGHT="28" CONTENT="une" WC="1.00" CC="000"/>
						<SP ID="P7_SP00358" HPOS="999" VPOS="2300" WIDTH="26"/>
						<String ID="P7_ST00390" HPOS="1025" VPOS="2246" WIDTH="183" HEIGHT="48" CONTENT="famille," WC="0.99" CC="20040203"/>
						<SP ID="P7_SP00359" HPOS="1208" VPOS="2300" WIDTH="27"/>
						<String ID="P7_ST00391" HPOS="1235" VPOS="2262" WIDTH="59" HEIGHT="26" CONTENT="un" WC="0.69" CC="60"/>
						<SP ID="P7_SP00360" HPOS="1294" VPOS="2300" WIDTH="25"/>
						<String ID="P7_ST00392" HPOS="1319" VPOS="2253" WIDTH="177" HEIGHT="45" CONTENT="cortège" WC="0.99" CC="0041704"/>
						<SP ID="P7_SP00361" HPOS="1496" VPOS="2300" WIDTH="31"/>
						<String ID="P7_ST00393" HPOS="1527" VPOS="2253" WIDTH="56" HEIGHT="35" CONTENT="où" WC="0.61" CC="06"/>
						<SP ID="P7_SP00362" HPOS="1583" VPOS="2300" WIDTH="21"/>
						<String ID="P7_ST00394" HPOS="1604" VPOS="2248" WIDTH="77" HEIGHT="40" CONTENT="des" WC="1.00" CC="000"/>
						<SP ID="P7_SP00363" HPOS="1681" VPOS="2300" WIDTH="31"/>
						<String ID="P7_ST00395" HPOS="1712" VPOS="2247" WIDTH="120" HEIGHT="41" CONTENT="idées" WC="0.98" CC="30640"/>
						<SP ID="P7_SP00364" HPOS="1832" VPOS="2300" WIDTH="26"/>
						<String ID="P7_ST00396" HPOS="1858" VPOS="2248" WIDTH="270" HEIGHT="40" CONTENT="accessoires" WC="1.00" CC="60000030001"/>
					</TextLine>
					<TextLine ID="P7_TL00032" HPOS="109" VPOS="2314" WIDTH="2020" HEIGHT="55">
						<String ID="P7_ST00397" HPOS="109" VPOS="2325" WIDTH="102" HEIGHT="32" CONTENT="sont" WC="1.00" CC="0000"/>
						<SP ID="P7_SP00365" HPOS="211" VPOS="2357" WIDTH="42"/>
						<String ID="P7_ST00398" HPOS="253" VPOS="2314" WIDTH="352" HEIGHT="55" CONTENT="personnifiées;" WC="1.00" CC="00010000220000"/>
						<SP ID="P7_SP00366" HPOS="605" VPOS="2369" WIDTH="45"/>
						<String ID="P7_ST00399" HPOS="650" VPOS="2315" WIDTH="120" HEIGHT="42" CONTENT="enfin" WC="0.98" CC="60007"/>
						<SP ID="P7_SP00367" HPOS="770" VPOS="2369" WIDTH="22"/>
						<String ID="P7_ST00400" HPOS="792" VPOS="2329" WIDTH="55" HEIGHT="30" CONTENT="on" WC="0.72" CC="05"/>
						<SP ID="P7_SP00368" HPOS="847" VPOS="2369" WIDTH="29"/>
						<String ID="P7_ST00401" HPOS="876" VPOS="2315" WIDTH="156" HEIGHT="42" CONTENT="établit" WC="1.00" CC="0000000"/>
						<SP ID="P7_SP00369" HPOS="1032" VPOS="2369" WIDTH="27"/>
						<String ID="P7_ST00402" HPOS="1059" VPOS="2317" WIDTH="77" HEIGHT="40" CONTENT="des" WC="0.99" CC="010"/>
						<SP ID="P7_SP00370" HPOS="1136" VPOS="2369" WIDTH="30"/>
						<String ID="P7_ST00403" HPOS="1166" VPOS="2316" WIDTH="190" HEIGHT="52" CONTENT="dogmes" WC="1.00" CC="000004"/>
						<SP ID="P7_SP00371" HPOS="1356" VPOS="2369" WIDTH="36"/>
						<String ID="P7_ST00404" HPOS="1392" VPOS="2329" WIDTH="104" HEIGHT="28" CONTENT="avec" WC="1.00" CC="0000"/>
						<SP ID="P7_SP00372" HPOS="1496" VPOS="2369" WIDTH="35"/>
						<String ID="P7_ST00405" HPOS="1531" VPOS="2331" WIDTH="60" HEIGHT="26" CONTENT="un" WC="1.00" CC="00"/>
						<SP ID="P7_SP00373" HPOS="1591" VPOS="2369" WIDTH="33"/>
						<String ID="P7_ST00406" HPOS="1624" VPOS="2316" WIDTH="116" HEIGHT="41" CONTENT="culte" WC="0.99" CC="03110"/>
						<SP ID="P7_SP00374" HPOS="1740" VPOS="2369" WIDTH="37"/>
						<String ID="P7_ST00407" HPOS="1777" VPOS="2317" WIDTH="213" HEIGHT="49" CONTENT="régulier." WC="1.00" CC="200021003"/>
						<SP ID="P7_SP00375" HPOS="1990" VPOS="2369" WIDTH="42"/>
						<String ID="P7_ST00408" HPOS="2032" VPOS="2315" WIDTH="97" HEIGHT="41" CONTENT="Une" WC="0.98" CC="040"/>
					</TextLine>
					<TextLine ID="P7_TL00033" HPOS="110" VPOS="2383" WIDTH="2019" HEIGHT="54">
						<String ID="P7_ST00409" HPOS="110" VPOS="2385" WIDTH="191" HEIGHT="51" CONTENT="religion" WC="0.99" CC="90000080"/>
						<SP ID="P7_SP00376" HPOS="301" VPOS="2436" WIDTH="25"/>
						<String ID="P7_ST00410" HPOS="326" VPOS="2386" WIDTH="186" HEIGHT="41" CONTENT="succède" WC="0.99" CC="0303700"/>
						<SP ID="P7_SP00377" HPOS="512" VPOS="2436" WIDTH="24"/>
						<String ID="P7_ST00411" HPOS="536" VPOS="2389" WIDTH="21" HEIGHT="36" CONTENT="à" WC="0.54" CC="4"/>
						<SP ID="P7_SP00378" HPOS="557" VPOS="2436" WIDTH="24"/>
						<String ID="P7_ST00412" HPOS="581" VPOS="2385" WIDTH="79" HEIGHT="41" CONTENT="des" WC="1.00" CC="000"/>
						<SP ID="P7_SP00379" HPOS="660" VPOS="2436" WIDTH="24"/>
						<String ID="P7_ST00413" HPOS="684" VPOS="2387" WIDTH="105" HEIGHT="39" CONTENT="rites" WC="0.99" CC="80000"/>
						<SP ID="P7_SP00380" HPOS="789" VPOS="2436" WIDTH="24"/>
						<String ID="P7_ST00414" HPOS="813" VPOS="2385" WIDTH="54" HEIGHT="40" CONTENT="de" WC="0.85" CC="02"/>
						<SP ID="P7_SP00381" HPOS="867" VPOS="2436" WIDTH="29"/>
						<String ID="P7_ST00415" HPOS="896" VPOS="2387" WIDTH="164" HEIGHT="49" CONTENT="magie." WC="1.00" CC="000004"/>
						<SP ID="P7_SP00382" HPOS="1060" VPOS="2436" WIDTH="43"/>
						<String ID="P7_ST00416" HPOS="1103" VPOS="2383" WIDTH="73" HEIGHT="43" CONTENT="On" WC="0.73" CC="05"/>
						<SP ID="P7_SP00383" HPOS="1176" VPOS="2436" WIDTH="42"/>
						<String ID="P7_ST00417" HPOS="1218" VPOS="2387" WIDTH="199" HEIGHT="49" CONTENT="imagine" WC="1.00" CC="0000000"/>
						<SP ID="P7_SP00384" HPOS="1417" VPOS="2436" WIDTH="32"/>
						<String ID="P7_ST00418" HPOS="1449" VPOS="2400" WIDTH="61" HEIGHT="26" CONTENT="un" WC="0.68" CC="60"/>
						<SP ID="P7_SP00385" HPOS="1510" VPOS="2436" WIDTH="32"/>
						<String ID="P7_ST00419" HPOS="1542" VPOS="2385" WIDTH="102" HEIGHT="40" CONTENT="dieu" WC="0.99" CC="0300"/>
						<SP ID="P7_SP00386" HPOS="1644" VPOS="2436" WIDTH="37"/>
						<String ID="P7_ST00420" HPOS="1681" VPOS="2384" WIDTH="131" HEIGHT="49" CONTENT="beau," WC="1.00" CC="00000"/>
						<SP ID="P7_SP00387" HPOS="1812" VPOS="2436" WIDTH="32"/>
						<String ID="P7_ST00421" HPOS="1844" VPOS="2385" WIDTH="146" HEIGHT="52" CONTENT="jeune," WC="0.99" CC="000404"/>
						<SP ID="P7_SP00388" HPOS="1990" VPOS="2437" WIDTH="34"/>
						<String ID="P7_ST00422" HPOS="2024" VPOS="2397" WIDTH="105" HEIGHT="27" CONTENT="avec" WC="1.00" CC="0000"/>
					</TextLine>
					<TextLine ID="P7_TL00034" HPOS="108" VPOS="2453" WIDTH="2021" HEIGHT="54">
						<String ID="P7_ST00423" HPOS="108" VPOS="2455" WIDTH="78" HEIGHT="40" CONTENT="des" WC="1.00" CC="000"/>
						<SP ID="P7_SP00389" HPOS="186" VPOS="2495" WIDTH="30"/>
						<String ID="P7_ST00424" HPOS="216" VPOS="2453" WIDTH="167" HEIGHT="42" CONTENT="formes" WC="1.00" CC="010000"/>
						<SP ID="P7_SP00390" HPOS="383" VPOS="2495" WIDTH="36"/>
						<String ID="P7_ST00425" HPOS="419" VPOS="2455" WIDTH="228" HEIGHT="48" CONTENT="délicates," WC="0.99" CC="8604004000"/>
						<SP ID="P7_SP00391" HPOS="647" VPOS="2503" WIDTH="26"/>
						<String ID="P7_ST00426" HPOS="673" VPOS="2455" WIDTH="79" HEIGHT="40" CONTENT="des" WC="0.98" CC="050"/>
						<SP ID="P7_SP00392" HPOS="752" VPOS="2503" WIDTH="25"/>
						<String ID="P7_ST00427" HPOS="777" VPOS="2454" WIDTH="180" HEIGHT="41" CONTENT="boucles" WC="1.00" CC="0050000"/>
						<SP ID="P7_SP00393" HPOS="957" VPOS="2503" WIDTH="23"/>
						<String ID="P7_ST00428" HPOS="980" VPOS="2455" WIDTH="54" HEIGHT="40" CONTENT="de" WC="1.00" CC="00"/>
						<SP ID="P7_SP00394" HPOS="1034" VPOS="2503" WIDTH="20"/>
						<String ID="P7_ST00429" HPOS="1054" VPOS="2454" WIDTH="195" HEIGHT="41" CONTENT="cheveux" WC="1.00" CC="0200100"/>
						<SP ID="P7_SP00395" HPOS="1249" VPOS="2503" WIDTH="25"/>
						<String ID="P7_ST00430" HPOS="1274" VPOS="2456" WIDTH="76" HEIGHT="51" CONTENT="qui" WC="0.99" CC="001"/>
						<SP ID="P7_SP00396" HPOS="1350" VPOS="2507" WIDTH="26"/>
						<String ID="P7_ST00431" HPOS="1376" VPOS="2454" WIDTH="252" HEIGHT="41" CONTENT="retombent" WC="0.99" CC="306500032"/>
						<SP ID="P7_SP00397" HPOS="1628" VPOS="2507" WIDTH="23"/>
						<String ID="P7_ST00432" HPOS="1651" VPOS="2467" WIDTH="77" HEIGHT="28" CONTENT="sur" WC="0.97" CC="035"/>
						<SP ID="P7_SP00398" HPOS="1728" VPOS="2507" WIDTH="20"/>
						<String ID="P7_ST00433" HPOS="1748" VPOS="2454" WIDTH="62" HEIGHT="40" CONTENT="les" WC="1.00" CC="000"/>
						<SP ID="P7_SP00399" HPOS="1810" VPOS="2507" WIDTH="20"/>
						<String ID="P7_ST00434" HPOS="1830" VPOS="2454" WIDTH="184" HEIGHT="52" CONTENT="épaules" WC="1.00" CC="0000000"/>
						<SP ID="P7_SP00400" HPOS="2014" VPOS="2507" WIDTH="25"/>
						<String ID="P7_ST00435" HPOS="2039" VPOS="2467" WIDTH="9" HEIGHT="35" CONTENT=";" WC="0.41" CC="5"/>
						<SP ID="P7_SP00401" HPOS="2048" VPOS="2507" WIDTH="24"/>
						<String ID="P7_ST00436" HPOS="2072" VPOS="2467" WIDTH="57" HEIGHT="26" CONTENT="on" WC="0.76" CC="04"/>
					</TextLine>
					<TextLine ID="P7_TL00035" HPOS="109" VPOS="2522" WIDTH="2015" HEIGHT="55">
						<String ID="P7_ST00437" HPOS="109" VPOS="2524" WIDTH="60" HEIGHT="41" CONTENT="lui" WC="0.97" CC="160"/>
						<SP ID="P7_SP00402" HPOS="169" VPOS="2565" WIDTH="24"/>
						<String ID="P7_ST00438" HPOS="193" VPOS="2524" WIDTH="150" HEIGHT="41" CONTENT="donne" WC="0.99" CC="00160"/>
						<SP ID="P7_SP00403" HPOS="343" VPOS="2565" WIDTH="21"/>
						<String ID="P7_ST00439" HPOS="364" VPOS="2538" WIDTH="86" HEIGHT="28" CONTENT="une" WC="0.98" CC="140"/>
						<SP ID="P7_SP00404" HPOS="450" VPOS="2566" WIDTH="19"/>
						<String ID="P7_ST00440" HPOS="469" VPOS="2528" WIDTH="133" HEIGHT="47" CONTENT="grâce" WC="1.00" CC="00000"/>
						<SP ID="P7_SP00405" HPOS="602" VPOS="2575" WIDTH="24"/>
						<String ID="P7_ST00441" HPOS="626" VPOS="2525" WIDTH="228" HEIGHT="40" CONTENT="féminine." WC="1.00" CC="500400000"/>
						<SP ID="P7_SP00406" HPOS="854" VPOS="2575" WIDTH="26"/>
						<String ID="P7_ST00442" HPOS="880" VPOS="2522" WIDTH="87" HEIGHT="42" CONTENT="Les" WC="0.97" CC="403"/>
						<SP ID="P7_SP00407" HPOS="967" VPOS="2575" WIDTH="41"/>
						<String ID="P7_ST00443" HPOS="1008" VPOS="2523" WIDTH="213" HEIGHT="42" CONTENT="attributs" WC="1.00" CC="201600030"/>
						<SP ID="P7_SP00408" HPOS="1221" VPOS="2575" WIDTH="39"/>
						<String ID="P7_ST00444" HPOS="1260" VPOS="2526" WIDTH="76" HEIGHT="51" CONTENT="qui" WC="1.00" CC="000"/>
						<SP ID="P7_SP00409" HPOS="1336" VPOS="2577" WIDTH="32"/>
						<String ID="P7_ST00445" HPOS="1368" VPOS="2524" WIDTH="61" HEIGHT="40" CONTENT="lui" WC="0.98" CC="400"/>
						<SP ID="P7_SP00410" HPOS="1429" VPOS="2577" WIDTH="23"/>
						<String ID="P7_ST00446" HPOS="1452" VPOS="2525" WIDTH="300" HEIGHT="39" CONTENT="conviennent" WC="1.00" CC="00400017043"/>
						<SP ID="P7_SP00411" HPOS="1752" VPOS="2577" WIDTH="34"/>
						<String ID="P7_ST00447" HPOS="1786" VPOS="2531" WIDTH="102" HEIGHT="33" CONTENT="sont" WC="0.99" CC="0004"/>
						<SP ID="P7_SP00412" HPOS="1888" VPOS="2577" WIDTH="33"/>
						<String ID="P7_ST00448" HPOS="1921" VPOS="2522" WIDTH="151" HEIGHT="42" CONTENT="faciles" WC="1.00" CC="0004000"/>
						<SP ID="P7_SP00413" HPOS="2072" VPOS="2577" WIDTH="30"/>
						<String ID="P7_ST00449" HPOS="2102" VPOS="2527" WIDTH="22" HEIGHT="36" CONTENT="à" WC="0.29" CC="7"/>
					</TextLine>
					<TextLine ID="P7_TL00036" HPOS="109" VPOS="2590" WIDTH="2018" HEIGHT="57">
						<String ID="P7_ST00450" HPOS="109" VPOS="2602" WIDTH="180" HEIGHT="32" CONTENT="trouver" WC="1.00" CC="0000000"/>
						<SP ID="P7_SP00414" HPOS="289" VPOS="2634" WIDTH="23"/>
						<String ID="P7_ST00451" HPOS="312" VPOS="2609" WIDTH="7" HEIGHT="25" CONTENT=":" WC="0.50" CC="4"/>
						<SP ID="P7_SP00415" HPOS="319" VPOS="2634" WIDTH="24"/>
						<String ID="P7_ST00452" HPOS="343" VPOS="2594" WIDTH="39" HEIGHT="40" CONTENT="le" WC="0.69" CC="60"/>
						<SP ID="P7_SP00416" HPOS="382" VPOS="2634" WIDTH="24"/>
						<String ID="P7_ST00453" HPOS="406" VPOS="2607" WIDTH="201" HEIGHT="40" CONTENT="pampre," WC="1.00" CC="0000004"/>
						<SP ID="P7_SP00417" HPOS="607" VPOS="2647" WIDTH="24"/>
						<String ID="P7_ST00454" HPOS="631" VPOS="2593" WIDTH="39" HEIGHT="40" CONTENT="la" WC="1.00" CC="00"/>
						<SP ID="P7_SP00418" HPOS="670" VPOS="2647" WIDTH="25"/>
						<String ID="P7_ST00455" HPOS="695" VPOS="2606" WIDTH="170" HEIGHT="40" CONTENT="grappe" WC="1.00" CC="000000"/>
						<SP ID="P7_SP00419" HPOS="865" VPOS="2647" WIDTH="25"/>
						<String ID="P7_ST00456" HPOS="890" VPOS="2593" WIDTH="53" HEIGHT="41" CONTENT="de" WC="1.00" CC="00"/>
						<SP ID="P7_SP00420" HPOS="943" VPOS="2647" WIDTH="23"/>
						<String ID="P7_ST00457" HPOS="966" VPOS="2594" WIDTH="155" HEIGHT="48" CONTENT="raisin," WC="0.99" CC="0010062"/>
						<SP ID="P7_SP00421" HPOS="1121" VPOS="2647" WIDTH="27"/>
						<String ID="P7_ST00458" HPOS="1148" VPOS="2592" WIDTH="39" HEIGHT="41" CONTENT="le" WC="0.94" CC="10"/>
						<SP ID="P7_SP00422" HPOS="1187" VPOS="2647" WIDTH="21"/>
						<String ID="P7_ST00459" HPOS="1208" VPOS="2592" WIDTH="142" HEIGHT="48" CONTENT="lierre," WC="1.00" CC="0000000"/>
						<SP ID="P7_SP00423" HPOS="1350" VPOS="2647" WIDTH="29"/>
						<String ID="P7_ST00460" HPOS="1379" VPOS="2592" WIDTH="107" HEIGHT="42" CONTENT="dont" WC="0.99" CC="0004"/>
						<SP ID="P7_SP00424" HPOS="1486" VPOS="2647" WIDTH="24"/>
						<String ID="P7_ST00461" HPOS="1510" VPOS="2592" WIDTH="63" HEIGHT="41" CONTENT="les" WC="1.00" CC="000"/>
						<SP ID="P7_SP00425" HPOS="1573" VPOS="2647" WIDTH="21"/>
						<String ID="P7_ST00462" HPOS="1594" VPOS="2590" WIDTH="174" HEIGHT="43" CONTENT="feuilles" WC="0.99" CC="62012000"/>
						<SP ID="P7_SP00426" HPOS="1768" VPOS="2647" WIDTH="23"/>
						<String ID="P7_ST00463" HPOS="1791" VPOS="2591" WIDTH="296" HEIGHT="41" CONTENT="ressemblent" WC="1.00" CC="00000003065"/>
						<SP ID="P7_SP00427" HPOS="2087" VPOS="2647" WIDTH="18"/>
						<String ID="P7_ST00464" HPOS="2105" VPOS="2596" WIDTH="22" HEIGHT="35" CONTENT="à" WC="0.27" CC="7"/>
					</TextLine>
					<TextLine ID="P7_TL00037" HPOS="109" VPOS="2661" WIDTH="2019" HEIGHT="53">
						<String ID="P7_ST00465" HPOS="109" VPOS="2662" WIDTH="133" HEIGHT="41" CONTENT="celles" WC="0.99" CC="041010"/>
						<SP ID="P7_SP00428" HPOS="242" VPOS="2703" WIDTH="19"/>
						<String ID="P7_ST00466" HPOS="261" VPOS="2663" WIDTH="54" HEIGHT="40" CONTENT="de" WC="1.00" CC="00"/>
						<SP ID="P7_SP00429" HPOS="315" VPOS="2703" WIDTH="23"/>
						<String ID="P7_ST00467" HPOS="338" VPOS="2663" WIDTH="38" HEIGHT="40" CONTENT="la" WC="1.00" CC="00"/>
						<SP ID="P7_SP00430" HPOS="376" VPOS="2703" WIDTH="21"/>
						<String ID="P7_ST00468" HPOS="397" VPOS="2665" WIDTH="134" HEIGHT="49" CONTENT="vigne" WC="1.00" CC="00000"/>
						<SP ID="P7_SP00431" HPOS="531" VPOS="2714" WIDTH="24"/>
						<String ID="P7_ST00469" HPOS="555" VPOS="2676" WIDTH="105" HEIGHT="27" CONTENT="sans" WC="1.00" CC="0100"/>
						<SP ID="P7_SP00432" HPOS="660" VPOS="2714" WIDTH="27"/>
						<String ID="P7_ST00470" HPOS="687" VPOS="2663" WIDTH="126" HEIGHT="40" CONTENT="avoir" WC="1.00" CC="00001"/>
						<SP ID="P7_SP00433" HPOS="813" VPOS="2714" WIDTH="22"/>
						<String ID="P7_ST00471" HPOS="835" VPOS="2676" WIDTH="71" HEIGHT="27" CONTENT="ses" WC="0.98" CC="005"/>
						<SP ID="P7_SP00434" HPOS="906" VPOS="2714" WIDTH="23"/>
						<String ID="P7_ST00472" HPOS="929" VPOS="2662" WIDTH="196" HEIGHT="51" CONTENT="grandes" WC="1.00" CC="0000000"/>
						<SP ID="P7_SP00435" HPOS="1125" VPOS="2714" WIDTH="20"/>
						<String ID="P7_ST00473" HPOS="1145" VPOS="2662" WIDTH="281" HEIGHT="40" CONTENT="dimensions" WC="1.00" CC="0300002000"/>
						<SP ID="P7_SP00436" HPOS="1426" VPOS="2714" WIDTH="27"/>
						<String ID="P7_ST00474" HPOS="1453" VPOS="2666" WIDTH="234" HEIGHT="47" CONTENT="gênantes." WC="1.00" CC="070000003"/>
						<SP ID="P7_SP00437" HPOS="1687" VPOS="2714" WIDTH="27"/>
						<String ID="P7_ST00475" HPOS="1714" VPOS="2661" WIDTH="189" HEIGHT="41" CONTENT="Comme" WC="0.99" CC="00004"/>
						<SP ID="P7_SP00438" HPOS="1903" VPOS="2714" WIDTH="29"/>
						<String ID="P7_ST00476" HPOS="1932" VPOS="2662" WIDTH="38" HEIGHT="40" CONTENT="la" WC="1.00" CC="00"/>
						<SP ID="P7_SP00439" HPOS="1970" VPOS="2714" WIDTH="24"/>
						<String ID="P7_ST00477" HPOS="1994" VPOS="2663" WIDTH="134" HEIGHT="49" CONTENT="vigne" WC="1.00" CC="02000"/>
					</TextLine>
					<TextLine ID="P7_TL00038" HPOS="108" VPOS="2729" WIDTH="2021" HEIGHT="55">
						<String ID="P7_ST00478" HPOS="108" VPOS="2742" WIDTH="66" HEIGHT="31" CONTENT="est" WC="1.00" CC="000"/>
						<SP ID="P7_SP00440" HPOS="174" VPOS="2773" WIDTH="24"/>
						<String ID="P7_ST00479" HPOS="198" VPOS="2745" WIDTH="105" HEIGHT="28" CONTENT="sous" WC="0.99" CC="0060"/>
						<SP ID="P7_SP00441" HPOS="303" VPOS="2773" WIDTH="43"/>
						<String ID="P7_ST00480" HPOS="346" VPOS="2733" WIDTH="39" HEIGHT="40" CONTENT="la" WC="0.93" CC="10"/>
						<SP ID="P7_SP00442" HPOS="385" VPOS="2773" WIDTH="32"/>
						<String ID="P7_ST00481" HPOS="417" VPOS="2732" WIDTH="289" HEIGHT="52" CONTENT="dépendance" WC="1.00" CC="0600600000"/>
						<SP ID="P7_SP00443" HPOS="706" VPOS="2784" WIDTH="35"/>
						<String ID="P7_ST00482" HPOS="741" VPOS="2732" WIDTH="164" HEIGHT="40" CONTENT="directe" WC="1.00" CC="0000040"/>
						<SP ID="P7_SP00444" HPOS="905" VPOS="2784" WIDTH="34"/>
						<String ID="P7_ST00483" HPOS="939" VPOS="2732" WIDTH="58" HEIGHT="40" CONTENT="du" WC="0.76" CC="04"/>
						<SP ID="P7_SP00445" HPOS="997" VPOS="2784" WIDTH="44"/>
						<String ID="P7_ST00484" HPOS="1041" VPOS="2731" WIDTH="168" HEIGHT="47" CONTENT="climat," WC="1.00" CC="0020020"/>
						<SP ID="P7_SP00446" HPOS="1209" VPOS="2784" WIDTH="26"/>
						<String ID="P7_ST00485" HPOS="1235" VPOS="2745" WIDTH="57" HEIGHT="27" CONTENT="on" WC="0.86" CC="02"/>
						<SP ID="P7_SP00447" HPOS="1292" VPOS="2784" WIDTH="30"/>
						<String ID="P7_ST00486" HPOS="1322" VPOS="2733" WIDTH="199" HEIGHT="49" CONTENT="imagine" WC="1.00" CC="3000300"/>
						<SP ID="P7_SP00448" HPOS="1521" VPOS="2784" WIDTH="31"/>
						<String ID="P7_ST00487" HPOS="1552" VPOS="2745" WIDTH="86" HEIGHT="39" CONTENT="que" WC="0.99" CC="030"/>
						<SP ID="P7_SP00449" HPOS="1638" VPOS="2784" WIDTH="33"/>
						<String ID="P7_ST00488" HPOS="1671" VPOS="2745" WIDTH="48" HEIGHT="26" CONTENT="ce" WC="0.91" CC="01"/>
						<SP ID="P7_SP00450" HPOS="1719" VPOS="2784" WIDTH="22"/>
						<String ID="P7_ST00489" HPOS="1741" VPOS="2731" WIDTH="103" HEIGHT="40" CONTENT="dieu" WC="0.99" CC="0110"/>
						<SP ID="P7_SP00451" HPOS="1844" VPOS="2784" WIDTH="23"/>
						<String ID="P7_ST00490" HPOS="1867" VPOS="2740" WIDTH="66" HEIGHT="31" CONTENT="est" WC="0.98" CC="005"/>
						<SP ID="P7_SP00452" HPOS="1933" VPOS="2784" WIDTH="31"/>
						<String ID="P7_ST00491" HPOS="1964" VPOS="2729" WIDTH="72" HEIGHT="41" CONTENT="fils" WC="0.99" CC="1100"/>
						<SP ID="P7_SP00453" HPOS="2036" VPOS="2784" WIDTH="39"/>
						<String ID="P7_ST00492" HPOS="2075" VPOS="2731" WIDTH="54" HEIGHT="40" CONTENT="de" WC="0.85" CC="02"/>
					</TextLine>
					<TextLine ID="P7_TL00039" HPOS="109" VPOS="2799" WIDTH="2019" HEIGHT="54">
						<String ID="P7_ST00493" HPOS="109" VPOS="2800" WIDTH="131" HEIGHT="53" CONTENT="Zeus," WC="0.92" CC="00004"/>
						<SP ID="P7_SP00454" HPOS="240" VPOS="2853" WIDTH="25"/>
						<String ID="P7_ST00494" HPOS="265" VPOS="2801" WIDTH="38" HEIGHT="40" CONTENT="le" WC="1.00" CC="00"/>
						<SP ID="P7_SP00455" HPOS="303" VPOS="2853" WIDTH="17"/>
						<String ID="P7_ST00495" HPOS="320" VPOS="2803" WIDTH="240" HEIGHT="40" CONTENT="souverain" WC="1.00" CC="000010403"/>
						<SP ID="P7_SP00456" HPOS="560" VPOS="2853" WIDTH="33"/>
						<String ID="P7_ST00496" HPOS="593" VPOS="2801" WIDTH="51" HEIGHT="40" CONTENT="de" WC="0.93" CC="01"/>
						<SP ID="P7_SP00457" HPOS="644" VPOS="2853" WIDTH="23"/>
						<String ID="P7_ST00497" HPOS="667" VPOS="2799" WIDTH="336" HEIGHT="54" CONTENT="l'atmosphère," WC="1.00" CC="0404000008902"/>
						<SP ID="P7_SP00458" HPOS="1003" VPOS="2853" WIDTH="26"/>
						<String ID="P7_ST00498" HPOS="1029" VPOS="2809" WIDTH="42" HEIGHT="33" CONTENT="et" WC="0.72" CC="05"/>
						<SP ID="P7_SP00459" HPOS="1071" VPOS="2853" WIDTH="23"/>
						<String ID="P7_ST00499" HPOS="1094" VPOS="2801" WIDTH="54" HEIGHT="40" CONTENT="de" WC="1.00" CC="00"/>
						<SP ID="P7_SP00460" HPOS="1148" VPOS="2853" WIDTH="31"/>
						<String ID="P7_ST00500" HPOS="1179" VPOS="2799" WIDTH="196" HEIGHT="52" CONTENT="Sémélé," WC="0.64" CC="0606064"/>
						<SP ID="P7_SP00461" HPOS="1375" VPOS="2853" WIDTH="34"/>
						<String ID="P7_ST00501" HPOS="1409" VPOS="2799" WIDTH="402" HEIGHT="54" CONTENT="personnification" WC="1.00" CC="0306300200000000"/>
						<SP ID="P7_SP00462" HPOS="1811" VPOS="2853" WIDTH="21"/>
						<String ID="P7_ST00502" HPOS="1832" VPOS="2799" WIDTH="219" HEIGHT="54" CONTENT="probable" WC="1.00" CC="00300000"/>
						<SP ID="P7_SP00463" HPOS="2051" VPOS="2853" WIDTH="23"/>
						<String ID="P7_ST00503" HPOS="2074" VPOS="2800" WIDTH="54" HEIGHT="40" CONTENT="de" WC="0.97" CC="00"/>
					</TextLine>
					<TextLine ID="P7_TL00040" HPOS="109" VPOS="2869" WIDTH="1024" HEIGHT="55">
						<String ID="P7_ST00504" HPOS="109" VPOS="2870" WIDTH="40" HEIGHT="40" CONTENT="la" WC="0.75" CC="50"/>
						<SP ID="P7_SP00464" HPOS="149" VPOS="2910" WIDTH="37"/>
						<String ID="P7_ST00505" HPOS="186" VPOS="2879" WIDTH="113" HEIGHT="33" CONTENT="terre" WC="1.00" CC="00020"/>
						<SP ID="P7_SP00465" HPOS="299" VPOS="2912" WIDTH="23"/>
						<String ID="P7_ST00506" HPOS="322" VPOS="2875" WIDTH="22" HEIGHT="36" CONTENT="à" WC="0.78" CC="2"/>
						<SP ID="P7_SP00466" HPOS="344" VPOS="2912" WIDTH="23"/>
						<String ID="P7_ST00507" HPOS="367" VPOS="2869" WIDTH="204" HEIGHT="55" CONTENT="l'époque" WC="0.99" CC="42600000"/>
						<SP ID="P7_SP00467" HPOS="571" VPOS="2924" WIDTH="24"/>
						<String ID="P7_ST00508" HPOS="595" VPOS="2870" WIDTH="59" HEIGHT="41" CONTENT="du" WC="1.00" CC="00"/>
						<SP ID="P7_SP00468" HPOS="654" VPOS="2924" WIDTH="24"/>
						<String ID="P7_ST00509" HPOS="678" VPOS="2869" WIDTH="455" HEIGHT="55" CONTENT="printemps." WC="1.00" CC="0005000003"/>
						<SP ID="P7_SP00469" HPOS="1133" VPOS="2924" WIDTH="0"/>
					</TextLine>
					<TextLine ID="P7_TL00041" HPOS="110" VPOS="2938" WIDTH="2018" HEIGHT="56">
						<String ID="P7_ST00510" HPOS="110" VPOS="2940" WIDTH="283" HEIGHT="52" CONTENT="aujourd'hui" WC="1.00" CC="00004200000"/>
						<SP ID="P7_SP00470" HPOS="393" VPOS="2992" WIDTH="37"/>
						<String ID="P7_ST00511" HPOS="430" VPOS="2954" WIDTH="83" HEIGHT="27" CONTENT="nos" WC="0.99" CC="300"/>
						<SP ID="P7_SP00471" HPOS="513" VPOS="2992" WIDTH="25"/>
						<String ID="P7_ST00512" HPOS="538" VPOS="2953" WIDTH="195" HEIGHT="41" CONTENT="paysans" WC="1.00" CC="0000000"/>
						<SP ID="P7_SP00472" HPOS="733" VPOS="2994" WIDTH="34"/>
						<String ID="P7_ST00513" HPOS="767" VPOS="2940" WIDTH="150" HEIGHT="52" CONTENT="quand" WC="0.99" CC="04040"/>
						<SP ID="P7_SP00473" HPOS="917" VPOS="2994" WIDTH="40"/>
						<String ID="P7_ST00514" HPOS="957" VPOS="2952" WIDTH="87" HEIGHT="28" CONTENT="une" WC="1.00" CC="000"/>
						<SP ID="P7_SP00474" HPOS="1044" VPOS="2994" WIDTH="40"/>
						<String ID="P7_ST00515" HPOS="1084" VPOS="2939" WIDTH="142" HEIGHT="41" CONTENT="ondée" WC="1.00" CC="00000"/>
						<SP ID="P7_SP00475" HPOS="1226" VPOS="2994" WIDTH="43"/>
						<String ID="P7_ST00516" HPOS="1269" VPOS="2938" WIDTH="300" HEIGHT="42" CONTENT="bienfaisante" WC="1.00" CC="044070001040"/>
						<SP ID="P7_SP00476" HPOS="1569" VPOS="2994" WIDTH="35"/>
						<String ID="P7_ST00517" HPOS="1604" VPOS="2940" WIDTH="121" HEIGHT="40" CONTENT="vient" WC="0.99" CC="00303"/>
						<SP ID="P7_SP00477" HPOS="1725" VPOS="2994" WIDTH="35"/>
						<String ID="P7_ST00518" HPOS="1760" VPOS="2938" WIDTH="230" HEIGHT="41" CONTENT="rafraîchir" WC="1.00" CC="4000000010"/>
						<SP ID="P7_SP00478" HPOS="1990" VPOS="2994" WIDTH="43"/>
						<String ID="P7_ST00519" HPOS="2033" VPOS="2939" WIDTH="95" HEIGHT="39" CONTENT="leur" WC="0.99" CC="1030"/>
					</TextLine>
					<TextLine ID="P7_TL00042" HPOS="107" VPOS="3006" WIDTH="2020" HEIGHT="52">
						<String ID="P7_ST00520" HPOS="107" VPOS="3010" WIDTH="149" HEIGHT="47" CONTENT="vigne." WC="0.98" CC="009403"/>
						<SP ID="P7_SP00479" HPOS="256" VPOS="3057" WIDTH="33"/>
						<String ID="P7_ST00521" HPOS="289" VPOS="3008" WIDTH="64" HEIGHT="42" CONTENT="De" WC="0.94" CC="10"/>
						<SP ID="P7_SP00480" HPOS="353" VPOS="3057" WIDTH="30"/>
						<String ID="P7_ST00522" HPOS="383" VPOS="3013" WIDTH="161" HEIGHT="44" CONTENT="même," WC="0.99" CC="05003"/>
						<SP ID="P7_SP00481" HPOS="544" VPOS="3057" WIDTH="39"/>
						<String ID="P7_ST00523" HPOS="583" VPOS="3008" WIDTH="117" HEIGHT="42" CONTENT="Zeus" WC="0.83" CC="0150"/>
						<SP ID="P7_SP00482" HPOS="700" VPOS="3057" WIDTH="24"/>
						<String ID="P7_ST00524" HPOS="724" VPOS="3008" WIDTH="186" HEIGHT="42" CONTENT="féconde" WC="0.99" CC="0600400"/>
						<SP ID="P7_SP00483" HPOS="910" VPOS="3057" WIDTH="38"/>
						<String ID="P7_ST00525" HPOS="948" VPOS="3006" WIDTH="178" HEIGHT="44" CONTENT="Sémélé" WC="1.00" CC="000000"/>
						<SP ID="P7_SP00484" HPOS="1126" VPOS="3057" WIDTH="31"/>
						<String ID="P7_ST00526" HPOS="1157" VPOS="3009" WIDTH="195" HEIGHT="49" CONTENT="(comme" WC="1.00" CC="300000"/>
						<SP ID="P7_SP00485" HPOS="1352" VPOS="3058" WIDTH="36"/>
						<String ID="P7_ST00527" HPOS="1388" VPOS="3008" WIDTH="172" HEIGHT="49" CONTENT="Danaé)" WC="0.81" CC="004060"/>
						<SP ID="P7_SP00486" HPOS="1560" VPOS="3058" WIDTH="38"/>
						<String ID="P7_ST00528" HPOS="1598" VPOS="3021" WIDTH="106" HEIGHT="28" CONTENT="sous" WC="1.00" CC="0100"/>
						<SP ID="P7_SP00487" HPOS="1704" VPOS="3058" WIDTH="32"/>
						<String ID="P7_ST00529" HPOS="1736" VPOS="3008" WIDTH="40" HEIGHT="40" CONTENT="la" WC="0.60" CC="43"/>
						<SP ID="P7_SP00488" HPOS="1776" VPOS="3058" WIDTH="39"/>
						<String ID="P7_ST00530" HPOS="1815" VPOS="3006" WIDTH="142" HEIGHT="42" CONTENT="forme" WC="1.00" CC="00100"/>
						<SP ID="P7_SP00489" HPOS="1957" VPOS="3058" WIDTH="39"/>
						<String ID="P7_ST00531" HPOS="1996" VPOS="3007" WIDTH="131" HEIGHT="41" CONTENT="d'une" WC="0.98" CC="04070"/>
					</TextLine>
					<TextLine ID="P7_TL00043" HPOS="109" VPOS="3076" WIDTH="2017" HEIGHT="55">
						<String ID="P7_ST00532" HPOS="109" VPOS="3077" WIDTH="120" HEIGHT="53" CONTENT="pluie" WC="1.00" CC="00003"/>
						<SP ID="P7_SP00490" HPOS="229" VPOS="3130" WIDTH="36"/>
						<String ID="P7_ST00533" HPOS="265" VPOS="3078" WIDTH="111" HEIGHT="45" CONTENT="d'or," WC="0.98" CC="04054"/>
						<SP ID="P7_SP00491" HPOS="376" VPOS="3130" WIDTH="35"/>
						<String ID="P7_ST00534" HPOS="411" VPOS="3092" WIDTH="114" HEIGHT="39" CONTENT="pour" WC="1.00" CC="0000"/>
						<SP ID="P7_SP00492" HPOS="525" VPOS="3131" WIDTH="31"/>
						<String ID="P7_ST00535" HPOS="556" VPOS="3079" WIDTH="175" HEIGHT="40" CONTENT="donner" WC="1.00" CC="006000"/>
						<SP ID="P7_SP00493" HPOS="731" VPOS="3131" WIDTH="32"/>
						<String ID="P7_ST00536" HPOS="763" VPOS="3080" WIDTH="237" HEIGHT="38" CONTENT="naissance" WC="1.00" CC="030001000"/>
						<SP ID="P7_SP00494" HPOS="1000" VPOS="3131" WIDTH="35"/>
						<String ID="P7_ST00537" HPOS="1035" VPOS="3082" WIDTH="21" HEIGHT="35" CONTENT="à" WC="0.78" CC="2"/>
						<SP ID="P7_SP00495" HPOS="1056" VPOS="3131" WIDTH="21"/>
						<String ID="P7_ST00538" HPOS="1077" VPOS="3077" WIDTH="244" HEIGHT="54" CONTENT="Dionysos." WC="1.00" CC="300000140"/>
						<SP ID="P7_SP00496" HPOS="1321" VPOS="3131" WIDTH="35"/>
						<String ID="P7_ST00539" HPOS="1356" VPOS="3076" WIDTH="191" HEIGHT="43" CONTENT="Comme" WC="1.00" CC="00000"/>
						<SP ID="P7_SP00497" HPOS="1547" VPOS="3131" WIDTH="28"/>
						<String ID="P7_ST00540" HPOS="1575" VPOS="3078" WIDTH="39" HEIGHT="40" CONTENT="la" WC="0.90" CC="10"/>
						<SP ID="P7_SP00498" HPOS="1614" VPOS="3131" WIDTH="28"/>
						<String ID="P7_ST00541" HPOS="1642" VPOS="3077" WIDTH="171" HEIGHT="41" CONTENT="culture" WC="0.99" CC="0403600"/>
						<SP ID="P7_SP00499" HPOS="1813" VPOS="3131" WIDTH="23"/>
						<String ID="P7_ST00542" HPOS="1836" VPOS="3077" WIDTH="54" HEIGHT="40" CONTENT="de" WC="0.78" CC="40"/>
						<SP ID="P7_SP00500" HPOS="1890" VPOS="3131" WIDTH="26"/>
						<String ID="P7_ST00543" HPOS="1916" VPOS="3077" WIDTH="40" HEIGHT="40" CONTENT="la" WC="0.84" CC="30"/>
						<SP ID="P7_SP00501" HPOS="1956" VPOS="3131" WIDTH="36"/>
						<String ID="P7_ST00544" HPOS="1992" VPOS="3078" WIDTH="134" HEIGHT="48" CONTENT="vigne" WC="0.99" CC="00050"/>
					</TextLine>
					<TextLine ID="P7_TL00044" HPOS="109" VPOS="3145" WIDTH="2016" HEIGHT="56">
						<String ID="P7_ST00545" HPOS="109" VPOS="3147" WIDTH="110" HEIGHT="41" CONTENT="n'est" WC="1.00" CC="04000"/>
						<SP ID="P7_SP00502" HPOS="219" VPOS="3188" WIDTH="25"/>
						<String ID="P7_ST00546" HPOS="244" VPOS="3161" WIDTH="78" HEIGHT="39" CONTENT="pas" WC="1.00" CC="000"/>
						<SP ID="P7_SP00503" HPOS="322" VPOS="3200" WIDTH="31"/>
						<String ID="P7_ST00547" HPOS="353" VPOS="3148" WIDTH="38" HEIGHT="41" CONTENT="le" WC="1.00" CC="00"/>
						<SP ID="P7_SP00504" HPOS="391" VPOS="3200" WIDTH="35"/>
						<String ID="P7_ST00548" HPOS="426" VPOS="3148" WIDTH="216" HEIGHT="53" CONTENT="privilège" WC="1.00" CC="000000800"/>
						<SP ID="P7_SP00505" HPOS="642" VPOS="3201" WIDTH="23"/>
						<String ID="P7_ST00549" HPOS="665" VPOS="3147" WIDTH="106" HEIGHT="42" CONTENT="d'un" WC="0.99" CC="0300"/>
						<SP ID="P7_SP00506" HPOS="771" VPOS="3201" WIDTH="33"/>
						<String ID="P7_ST00550" HPOS="804" VPOS="3147" WIDTH="94" HEIGHT="41" CONTENT="seul" WC="0.99" CC="1031"/>
						<SP ID="P7_SP00507" HPOS="898" VPOS="3201" WIDTH="28"/>
						<String ID="P7_ST00551" HPOS="926" VPOS="3161" WIDTH="125" HEIGHT="39" CONTENT="pays," WC="1.00" CC="00003"/>
						<SP ID="P7_SP00508" HPOS="1051" VPOS="3201" WIDTH="40"/>
						<String ID="P7_ST00552" HPOS="1091" VPOS="3156" WIDTH="41" HEIGHT="32" CONTENT="et" WC="1.00" CC="00"/>
						<SP ID="P7_SP00509" HPOS="1132" VPOS="3201" WIDTH="31"/>
						<String ID="P7_ST00553" HPOS="1163" VPOS="3160" WIDTH="192" HEIGHT="36" CONTENT="comme," WC="0.99" CC="000704"/>
						<SP ID="P7_SP00510" HPOS="1355" VPOS="3201" WIDTH="32"/>
						<String ID="P7_ST00554" HPOS="1387" VPOS="3145" WIDTH="170" HEIGHT="43" CONTENT="d'autre" WC="0.99" CC="0050090"/>
						<SP ID="P7_SP00511" HPOS="1557" VPOS="3201" WIDTH="32"/>
						<String ID="P7_ST00555" HPOS="1589" VPOS="3156" WIDTH="114" HEIGHT="43" CONTENT="part," WC="1.00" CC="00004"/>
						<SP ID="P7_SP00512" HPOS="1703" VPOS="3201" WIDTH="33"/>
						<String ID="P7_ST00556" HPOS="1736" VPOS="3147" WIDTH="39" HEIGHT="40" CONTENT="la" WC="0.94" CC="10"/>
						<SP ID="P7_SP00513" HPOS="1775" VPOS="3201" WIDTH="25"/>
						<String ID="P7_ST00557" HPOS="1800" VPOS="3159" WIDTH="215" HEIGHT="40" CONTENT="croyance" WC="1.00" CC="00000501"/>
						<SP ID="P7_SP00514" HPOS="2015" VPOS="3201" WIDTH="28"/>
						<String ID="P7_ST00558" HPOS="2043" VPOS="3160" WIDTH="82" HEIGHT="26" CONTENT="aux" WC="0.98" CC="060"/>
					</TextLine>
					<TextLine ID="P7_TL00045" HPOS="108" VPOS="3214" WIDTH="2015" HEIGHT="55">
						<String ID="P7_ST00559" HPOS="108" VPOS="3215" WIDTH="176" HEIGHT="54" CONTENT="Esprits" WC="0.99" CC="2009010"/>
						<SP ID="P7_SP00515" HPOS="284" VPOS="3269" WIDTH="33"/>
						<String ID="P7_ST00560" HPOS="317" VPOS="3226" WIDTH="40" HEIGHT="32" CONTENT="et" WC="0.71" CC="14"/>
						<SP ID="P7_SP00516" HPOS="357" VPOS="3269" WIDTH="25"/>
						<String ID="P7_ST00561" HPOS="382" VPOS="3217" WIDTH="171" HEIGHT="51" CONTENT="l'usage" WC="1.00" CC="0400000"/>
						<SP ID="P7_SP00517" HPOS="553" VPOS="3269" WIDTH="35"/>
						<String ID="P7_ST00562" HPOS="588" VPOS="3217" WIDTH="53" HEIGHT="40" CONTENT="de" WC="1.00" CC="00"/>
						<SP ID="P7_SP00518" HPOS="641" VPOS="3269" WIDTH="38"/>
						<String ID="P7_ST00563" HPOS="679" VPOS="3217" WIDTH="306" HEIGHT="41" CONTENT="l'incantation" WC="1.00" CC="0003006604402"/>
						<SP ID="P7_SP00519" HPOS="985" VPOS="3269" WIDTH="43"/>
						<String ID="P7_ST00564" HPOS="1028" VPOS="3225" WIDTH="101" HEIGHT="32" CONTENT="sont" WC="1.00" CC="0010"/>
						<SP ID="P7_SP00520" HPOS="1129" VPOS="3269" WIDTH="41"/>
						<String ID="P7_ST00565" HPOS="1170" VPOS="3216" WIDTH="264" HEIGHT="48" CONTENT="universels," WC="1.00" CC="66300001000"/>
						<SP ID="P7_SP00521" HPOS="1434" VPOS="3269" WIDTH="36"/>
						<String ID="P7_ST00566" HPOS="1470" VPOS="3217" WIDTH="28" HEIGHT="40" CONTENT="il" WC="0.93" CC="10"/>
						<SP ID="P7_SP00522" HPOS="1498" VPOS="3269" WIDTH="24"/>
						<String ID="P7_ST00567" HPOS="1522" VPOS="3232" WIDTH="23" HEIGHT="37" CONTENT="y" WC="1.00" CC="0"/>
						<SP ID="P7_SP00523" HPOS="1545" VPOS="3269" WIDTH="26"/>
						<String ID="P7_ST00568" HPOS="1571" VPOS="3231" WIDTH="21" HEIGHT="26" CONTENT="a" WC="1.00" CC="0"/>
						<SP ID="P7_SP00524" HPOS="1592" VPOS="3269" WIDTH="26"/>
						<String ID="P7_ST00569" HPOS="1618" VPOS="3217" WIDTH="226" HEIGHT="52" CONTENT="plusieurs" WC="1.00" CC="004001000"/>
						<SP ID="P7_SP00525" HPOS="1844" VPOS="3269" WIDTH="40"/>
						<String ID="P7_ST00570" HPOS="1884" VPOS="3214" WIDTH="239" HEIGHT="53" CONTENT="Dionysos," WC="1.00" CC="030300004"/>
					</TextLine>
					<TextLine ID="P7_TL00046" HPOS="109" VPOS="3283" WIDTH="2015" HEIGHT="55">
						<String ID="P7_ST00571" HPOS="109" VPOS="3286" WIDTH="107" HEIGHT="41" CONTENT="dont" WC="0.96" CC="6074"/>
						<SP ID="P7_SP00526" HPOS="216" VPOS="3327" WIDTH="38"/>
						<String ID="P7_ST00572" HPOS="254" VPOS="3286" WIDTH="39" HEIGHT="41" CONTENT="la" WC="1.00" CC="00"/>
						<SP ID="P7_SP00527" HPOS="293" VPOS="3327" WIDTH="26"/>
						<String ID="P7_ST00573" HPOS="319" VPOS="3287" WIDTH="189" HEIGHT="51" CONTENT="légende" WC="0.99" CC="0700450"/>
						<SP ID="P7_SP00528" HPOS="508" VPOS="3338" WIDTH="31"/>
						<String ID="P7_ST00574" HPOS="539" VPOS="3295" WIDTH="65" HEIGHT="32" CONTENT="est" WC="0.99" CC="020"/>
						<SP ID="P7_SP00529" HPOS="604" VPOS="3338" WIDTH="25"/>
						<String ID="P7_ST00575" HPOS="629" VPOS="3286" WIDTH="189" HEIGHT="52" CONTENT="adaptée" WC="1.00" CC="0040300"/>
						<SP ID="P7_SP00530" HPOS="818" VPOS="3338" WIDTH="26"/>
						<String ID="P7_ST00576" HPOS="844" VPOS="3290" WIDTH="21" HEIGHT="36" CONTENT="à" WC="0.78" CC="2"/>
						<SP ID="P7_SP00531" HPOS="865" VPOS="3338" WIDTH="28"/>
						<String ID="P7_ST00577" HPOS="893" VPOS="3284" WIDTH="165" HEIGHT="54" CONTENT="l'esprit" WC="0.99" CC="04004704"/>
						<SP ID="P7_SP00532" HPOS="1058" VPOS="3338" WIDTH="39"/>
						<String ID="P7_ST00578" HPOS="1097" VPOS="3286" WIDTH="111" HEIGHT="40" CONTENT="local" WC="0.99" CC="00050"/>
						<SP ID="P7_SP00533" HPOS="1208" VPOS="3338" WIDTH="26"/>
						<String ID="P7_ST00579" HPOS="1234" VPOS="3286" WIDTH="54" HEIGHT="40" CONTENT="de" WC="1.00" CC="00"/>
						<SP ID="P7_SP00534" HPOS="1288" VPOS="3338" WIDTH="31"/>
						<String ID="P7_ST00580" HPOS="1319" VPOS="3286" WIDTH="173" HEIGHT="52" CONTENT="chaque" WC="0.99" CC="200060"/>
						<SP ID="P7_SP00535" HPOS="1492" VPOS="3338" WIDTH="33"/>
						<String ID="P7_ST00581" HPOS="1525" VPOS="3299" WIDTH="124" HEIGHT="39" CONTENT="pays." WC="0.99" CC="00004"/>
						<SP ID="P7_SP00536" HPOS="1649" VPOS="3338" WIDTH="27"/>
						<String ID="P7_ST00582" HPOS="1676" VPOS="3284" WIDTH="189" HEIGHT="41" CONTENT="Comme" WC="0.99" CC="00090"/>
						<SP ID="P7_SP00537" HPOS="1865" VPOS="3338" WIDTH="25"/>
						<String ID="P7_ST00583" HPOS="1890" VPOS="3284" WIDTH="38" HEIGHT="40" CONTENT="la" WC="0.91" CC="10"/>
						<SP ID="P7_SP00538" HPOS="1928" VPOS="3338" WIDTH="27"/>
						<String ID="P7_ST00584" HPOS="1955" VPOS="3283" WIDTH="169" HEIGHT="41" CONTENT="culture" WC="0.99" CC="0005086"/>
					</TextLine>
				</TextBlock>
				<TextBlock ID="P7_TB00004" HPOS="108" VPOS="3412" WIDTH="2016" HEIGHT="202" STYLEREFS="TXT_4 PAR_BLOCK">
					<TextLine ID="P7_TL00047" HPOS="154" VPOS="3414" WIDTH="1970" HEIGHT="50">
						<String ID="P7_ST00585" HPOS="154" VPOS="3420" WIDTH="47" HEIGHT="44" CONTENT="(ij" WC="0.40" CC="467"/>
						<SP ID="P7_SP00539" HPOS="201" VPOS="3464" WIDTH="20"/>
						<String ID="P7_ST00586" HPOS="221" VPOS="3422" WIDTH="25" HEIGHT="31" CONTENT="II" WC="0.61" CC="34"/>
						<SP ID="P7_SP00540" HPOS="246" VPOS="3464" WIDTH="23"/>
						<String ID="P7_ST00587" HPOS="269" VPOS="3433" WIDTH="18" HEIGHT="21" CONTENT="a" WC="1.00" CC="0"/>
						<SP ID="P7_SP00541" HPOS="287" VPOS="3464" WIDTH="19"/>
						<String ID="P7_ST00588" HPOS="306" VPOS="3422" WIDTH="57" HEIGHT="33" CONTENT="été" WC="0.97" CC="205"/>
						<SP ID="P7_SP00542" HPOS="363" VPOS="3464" WIDTH="15"/>
						<String ID="P7_ST00589" HPOS="378" VPOS="3421" WIDTH="186" HEIGHT="42" CONTENT="expliqué," WC="0.99" CC="000330605"/>
						<SP ID="P7_SP00543" HPOS="564" VPOS="3464" WIDTH="23"/>
						<String ID="P7_ST00590" HPOS="587" VPOS="3422" WIDTH="90" HEIGHT="32" CONTENT="dans" WC="0.98" CC="4050"/>
						<SP ID="P7_SP00544" HPOS="677" VPOS="3464" WIDTH="24"/>
						<String ID="P7_ST00591" HPOS="701" VPOS="3423" WIDTH="31" HEIGHT="30" CONTENT="le" WC="0.56" CC="44"/>
						<SP ID="P7_SP00545" HPOS="732" VPOS="3464" WIDTH="24"/>
						<String ID="P7_ST00592" HPOS="756" VPOS="3431" WIDTH="108" HEIGHT="23" CONTENT="cours" WC="0.99" CC="03140"/>
						<SP ID="P7_SP00546" HPOS="864" VPOS="3464" WIDTH="20"/>
						<String ID="P7_ST00593" HPOS="884" VPOS="3421" WIDTH="46" HEIGHT="32" CONTENT="du" WC="0.74" CC="05"/>
						<SP ID="P7_SP00547" HPOS="930" VPOS="3464" WIDTH="25"/>
						<String ID="P7_ST00594" HPOS="955" VPOS="3420" WIDTH="103" HEIGHT="32" CONTENT="lundi" WC="0.98" CC="42400"/>
						<SP ID="P7_SP00548" HPOS="1058" VPOS="3464" WIDTH="24"/>
						<String ID="P7_ST00595" HPOS="1082" VPOS="3419" WIDTH="76" HEIGHT="43" CONTENT="(sur" WC="0.98" CC="0026"/>
						<SP ID="P7_SP00549" HPOS="1158" VPOS="3464" WIDTH="26"/>
						<String ID="P7_ST00596" HPOS="1184" VPOS="3420" WIDTH="49" HEIGHT="32" CONTENT="La" WC="0.66" CC="60" STYLEREFS="TXT_5"/>
						<SP ID="P7_SP00550" HPOS="1233" VPOS="3464" WIDTH="24"/>
						<String ID="P7_ST00597" HPOS="1257" VPOS="3420" WIDTH="165" HEIGHT="42" CONTENT="musique" WC="0.98" CC="3800567" STYLEREFS="TXT_5"/>
						<SP ID="P7_SP00551" HPOS="1422" VPOS="3464" WIDTH="27"/>
						<String ID="P7_ST00598" HPOS="1449" VPOS="3420" WIDTH="57" HEIGHT="30" CONTENT="des" WC="0.96" CC="028" STYLEREFS="TXT_5"/>
						<SP ID="P7_SP00552" HPOS="1506" VPOS="3464" WIDTH="37"/>
						<String ID="P7_ST00599" HPOS="1543" VPOS="3418" WIDTH="174" HEIGHT="44" CONTENT="piimitijs" WC="0.63" CC="760615050" STYLEREFS="TXT_5"/>
						<SP ID="P7_SP00553" HPOS="1717" VPOS="3464" WIDTH="24"/>
						<String ID="P7_ST00600" HPOS="1741" VPOS="3421" WIDTH="30" HEIGHT="27" CONTENT="et" WC="0.51" CC="72" STYLEREFS="TXT_5"/>
						<SP ID="P7_SP00554" HPOS="1771" VPOS="3464" WIDTH="21"/>
						<String ID="P7_ST00601" HPOS="1792" VPOS="3417" WIDTH="32" HEIGHT="31" CONTENT="la" WC="0.64" CC="07" STYLEREFS="TXT_5"/>
						<SP ID="P7_SP00555" HPOS="1824" VPOS="3464" WIDTH="28"/>
						<String ID="P7_ST00602" HPOS="1852" VPOS="3414" WIDTH="149" HEIGHT="44" CONTENT="magie)," WC="0.98" CC="7080694" STYLEREFS="TXT_5"/>
						<SP ID="P7_SP00556" HPOS="2001" VPOS="3464" WIDTH="27"/>
						<String ID="P7_ST00603" HPOS="2028" VPOS="3426" WIDTH="72" HEIGHT="22" CONTENT="com" SUBS_TYPE="HypPart1" SUBS_CONTENT="comment" WC="0.98" CC="060"/>
						<HYP HPOS="2100" VPOS="3426" WIDTH="24" CONTENT="-"/>
					</TextLine>
					<TextLine ID="P7_TL00048" HPOS="109" VPOS="3466" WIDTH="2015" HEIGHT="48">
						<String ID="P7_ST00604" HPOS="109" VPOS="3479" WIDTH="96" HEIGHT="26" CONTENT="ment" SUBS_TYPE="HypPart2" SUBS_CONTENT="comment" WC="0.97" CC="3080"/>
						<SP ID="P7_SP00557" HPOS="205" VPOS="3505" WIDTH="22"/>
						<String ID="P7_ST00605" HPOS="227" VPOS="3474" WIDTH="50" HEIGHT="30" CONTENT="les" WC="0.99" CC="030"/>
						<SP ID="P7_SP00558" HPOS="277" VPOS="3505" WIDTH="24"/>
						<String ID="P7_ST00606" HPOS="301" VPOS="3474" WIDTH="81" HEIGHT="39" CONTENT="plus" WC="0.98" CC="0370"/>
						<SP ID="P7_SP00559" HPOS="382" VPOS="3513" WIDTH="26"/>
						<String ID="P7_ST00607" HPOS="408" VPOS="3471" WIDTH="197" HEIGHT="34" CONTENT="anciennes" WC="0.99" CC="051013610"/>
						<SP ID="P7_SP00560" HPOS="605" VPOS="3513" WIDTH="20"/>
						<String ID="P7_ST00608" HPOS="625" VPOS="3471" WIDTH="143" HEIGHT="42" CONTENT="poésies" WC="1.00" CC="0500100"/>
						<SP ID="P7_SP00561" HPOS="768" VPOS="3513" WIDTH="20"/>
						<String ID="P7_ST00609" HPOS="788" VPOS="3471" WIDTH="177" HEIGHT="43" CONTENT="lyriques," WC="0.99" CC="550003000"/>
						<SP ID="P7_SP00562" HPOS="965" VPOS="3514" WIDTH="23"/>
						<String ID="P7_ST00610" HPOS="988" VPOS="3478" WIDTH="119" HEIGHT="26" CONTENT="toutes" WC="0.99" CC="240000"/>
						<SP ID="P7_SP00563" HPOS="1107" VPOS="3514" WIDTH="23"/>
						<String ID="P7_ST00611" HPOS="1130" VPOS="3470" WIDTH="86" HEIGHT="33" CONTENT="d'un" WC="0.97" CC="0344"/>
						<SP ID="P7_SP00564" HPOS="1216" VPOS="3514" WIDTH="22"/>
						<String ID="P7_ST00612" HPOS="1238" VPOS="3473" WIDTH="185" HEIGHT="31" CONTENT="caractère" WC="0.99" CC="006300790"/>
						<SP ID="P7_SP00565" HPOS="1423" VPOS="3514" WIDTH="16"/>
						<String ID="P7_ST00613" HPOS="1439" VPOS="3469" WIDTH="192" HEIGHT="42" CONTENT="religieux," WC="1.00" CC="0022700000"/>
						<SP ID="P7_SP00566" HPOS="1631" VPOS="3514" WIDTH="22"/>
						<String ID="P7_ST00614" HPOS="1653" VPOS="3478" WIDTH="44" HEIGHT="22" CONTENT="ne" WC="1.00" CC="00"/>
						<SP ID="P7_SP00567" HPOS="1697" VPOS="3514" WIDTH="20"/>
						<String ID="P7_ST00615" HPOS="1717" VPOS="3474" WIDTH="81" HEIGHT="26" CONTENT="sont" WC="0.98" CC="0351"/>
						<SP ID="P7_SP00568" HPOS="1798" VPOS="3514" WIDTH="25"/>
						<String ID="P7_ST00616" HPOS="1823" VPOS="3466" WIDTH="112" HEIGHT="42" CONTENT="qu'un" WC="0.99" CC="00320"/>
						<SP ID="P7_SP00569" HPOS="1935" VPOS="3514" WIDTH="23"/>
						<String ID="P7_ST00617" HPOS="1958" VPOS="3466" WIDTH="146" HEIGHT="40" CONTENT="dévelop" SUBS_TYPE="HypPart1" SUBS_CONTENT="développement" WC="1.00" CC="0000060"/>
						<HYP HPOS="2104" VPOS="3466" WIDTH="20" CONTENT="-"/>
					</TextLine>
					<TextLine ID="P7_TL00049" HPOS="109" VPOS="3515" WIDTH="2014" HEIGHT="47">
						<String ID="P7_ST00618" HPOS="109" VPOS="3530" WIDTH="144" HEIGHT="32" CONTENT="pement" SUBS_TYPE="HypPart2" SUBS_CONTENT="développement" WC="0.99" CC="000025"/>
						<SP ID="P7_SP00570" HPOS="253" VPOS="3562" WIDTH="24"/>
						<String ID="P7_ST00619" HPOS="277" VPOS="3522" WIDTH="43" HEIGHT="32" CONTENT="de" WC="1.00" CC="00"/>
						<SP ID="P7_SP00571" HPOS="320" VPOS="3562" WIDTH="20"/>
						<String ID="P7_ST00620" HPOS="340" VPOS="3521" WIDTH="268" HEIGHT="39" CONTENT="l'incantation," WC="1.00" CC="54051002000320"/>
						<SP ID="P7_SP00572" HPOS="608" VPOS="3562" WIDTH="24"/>
						<String ID="P7_ST00621" HPOS="632" VPOS="3521" WIDTH="169" HEIGHT="33" CONTENT="embellie" WC="1.00" CC="00100203"/>
						<SP ID="P7_SP00573" HPOS="801" VPOS="3562" WIDTH="22"/>
						<String ID="P7_ST00622" HPOS="823" VPOS="3529" WIDTH="33" HEIGHT="25" CONTENT="et" WC="0.98" CC="00"/>
						<SP ID="P7_SP00574" HPOS="856" VPOS="3562" WIDTH="21"/>
						<String ID="P7_ST00623" HPOS="877" VPOS="3522" WIDTH="109" HEIGHT="32" CONTENT="ornée" WC="0.99" CC="32012"/>
						<SP ID="P7_SP00575" HPOS="986" VPOS="3562" WIDTH="17"/>
						<String ID="P7_ST00624" HPOS="1003" VPOS="3520" WIDTH="85" HEIGHT="41" CONTENT="(une" WC="0.99" CC="0003"/>
						<SP ID="P7_SP00576" HPOS="1088" VPOS="3562" WIDTH="41"/>
						<String ID="P7_ST00625" HPOS="1129" VPOS="3519" WIDTH="68" HEIGHT="34" CONTENT="fois" WC="0.97" CC="3640"/>
						<SP ID="P7_SP00577" HPOS="1197" VPOS="3562" WIDTH="23"/>
						<String ID="P7_ST00626" HPOS="1220" VPOS="3530" WIDTH="70" HEIGHT="32" CONTENT="que" WC="0.98" CC="040"/>
						<SP ID="P7_SP00578" HPOS="1290" VPOS="3562" WIDTH="18"/>
						<String ID="P7_ST00627" HPOS="1308" VPOS="3523" WIDTH="50" HEIGHT="30" CONTENT="les" WC="0.98" CC="210"/>
						<SP ID="P7_SP00579" HPOS="1358" VPOS="3562" WIDTH="24"/>
						<String ID="P7_ST00628" HPOS="1382" VPOS="3519" WIDTH="143" HEIGHT="42" CONTENT="mythes" WC="0.99" CC="010400"/>
						<SP ID="P7_SP00580" HPOS="1525" VPOS="3562" WIDTH="23"/>
						<String ID="P7_ST00629" HPOS="1548" VPOS="3526" WIDTH="83" HEIGHT="25" CONTENT="sont" WC="0.98" CC="0432"/>
						<SP ID="P7_SP00581" HPOS="1631" VPOS="3562" WIDTH="19"/>
						<String ID="P7_ST00630" HPOS="1650" VPOS="3515" WIDTH="213" HEIGHT="43" CONTENT="constitués)" WC="1.00" CC="05001005000"/>
						<SP ID="P7_SP00582" HPOS="1863" VPOS="3562" WIDTH="21"/>
						<String ID="P7_ST00631" HPOS="1884" VPOS="3526" WIDTH="63" HEIGHT="31" CONTENT="par" WC="0.99" CC="020"/>
						<SP ID="P7_SP00583" HPOS="1947" VPOS="3562" WIDTH="19"/>
						<String ID="P7_ST00632" HPOS="1966" VPOS="3515" WIDTH="138" HEIGHT="43" CONTENT="l'imagi" SUBS_TYPE="HypPart1" SUBS_CONTENT="l'imagination" WC="0.99" CC="1400091"/>
						<HYP HPOS="2104" VPOS="3515" WIDTH="19" CONTENT="-"/>
					</TextLine>
					<TextLine ID="P7_TL00050" HPOS="111" VPOS="3569" WIDTH="1682" HEIGHT="45">
						<String ID="P7_ST00633" HPOS="111" VPOS="3572" WIDTH="122" HEIGHT="33" CONTENT="nation" SUBS_TYPE="HypPart2" SUBS_CONTENT="l'imagination" WC="0.98" CC="047214"/>
						<SP ID="P7_SP00584" HPOS="233" VPOS="3605" WIDTH="27"/>
						<String ID="P7_ST00634" HPOS="260" VPOS="3572" WIDTH="84" HEIGHT="33" CONTENT="d'un" WC="0.97" CC="0454"/>
						<SP ID="P7_SP00585" HPOS="344" VPOS="3605" WIDTH="21"/>
						<String ID="P7_ST00635" HPOS="365" VPOS="3577" WIDTH="124" HEIGHT="29" CONTENT="arttste" WC="0.78" CC="0210037" STYLEREFS="TXT_5"/>
						<SP ID="P7_SP00586" HPOS="489" VPOS="3606" WIDTH="21"/>
						<String ID="P7_ST00636" HPOS="510" VPOS="3572" WIDTH="63" HEIGHT="42" CONTENT="qui" WC="0.98" CC="040"/>
						<SP ID="P7_SP00587" HPOS="573" VPOS="3614" WIDTH="21"/>
						<String ID="P7_ST00637" HPOS="594" VPOS="3582" WIDTH="212" HEIGHT="23" CONTENT="commence" WC="0.99" CC="21000602"/>
						<SP ID="P7_SP00588" HPOS="806" VPOS="3614" WIDTH="23"/>
						<String ID="P7_ST00638" HPOS="829" VPOS="3574" WIDTH="19" HEIGHT="30" CONTENT="à" WC="0.56" CC="4"/>
						<SP ID="P7_SP00589" HPOS="848" VPOS="3614" WIDTH="22"/>
						<String ID="P7_ST00639" HPOS="870" VPOS="3571" WIDTH="284" HEIGHT="42" CONTENT="désapproprier" WC="0.83" CC="0010006600007"/>
						<SP ID="P7_SP00590" HPOS="1154" VPOS="3614" WIDTH="18"/>
						<String ID="P7_ST00640" HPOS="1172" VPOS="3573" WIDTH="31" HEIGHT="30" CONTENT="le" WC="0.77" CC="40"/>
						<SP ID="P7_SP00591" HPOS="1203" VPOS="3614" WIDTH="20"/>
						<String ID="P7_ST00641" HPOS="1223" VPOS="3573" WIDTH="108" HEIGHT="31" CONTENT="chant" WC="0.98" CC="06305"/>
						<SP ID="P7_SP00592" HPOS="1331" VPOS="3614" WIDTH="22"/>
						<String ID="P7_ST00642" HPOS="1353" VPOS="3571" WIDTH="43" HEIGHT="33" CONTENT="de" WC="0.81" CC="03"/>
						<SP ID="P7_SP00593" HPOS="1396" VPOS="3614" WIDTH="20"/>
						<String ID="P7_ST00643" HPOS="1416" VPOS="3581" WIDTH="64" HEIGHT="23" CONTENT="son" WC="0.98" CC="023"/>
						<SP ID="P7_SP00594" HPOS="1480" VPOS="3614" WIDTH="26"/>
						<String ID="P7_ST00644" HPOS="1506" VPOS="3570" WIDTH="97" HEIGHT="42" CONTENT="objet" WC="0.97" CC="64207"/>
						<SP ID="P7_SP00595" HPOS="1603" VPOS="3614" WIDTH="25"/>
						<String ID="P7_ST00645" HPOS="1628" VPOS="3569" WIDTH="165" HEIGHT="45" CONTENT="primitif-" WC="0.99" CC="000006444"/>
					</TextLine>
				</TextBlock>
			</PrintSpace>
		</Page>
	</Layout>
</alto>
