2290 3816
951 204 195 36 SNIÉGOU
1156 214 207 29 ROTCHKA

2082 207 69 41 181

196 292 51 44 V.
325 294 121 42 Dans
469 296 37 40 la
527 301 130 35 scène
672 296 53 40 de
741 295 208 55 Kupava,
965 298 195 53 Misguir
1175 311 41 32 et
1229 301 391 55 Sniégourotchka
1631 306 115 54 (acte
1761 308 30 49 I,
1811 322 43 39 p.
1873 322 70 37 113
1960 316 41 33 et
2019 309 111 40 suiv.
2144 309 9 51 )

192 788 94 49 (.4/,
322 787 139 40 tilleul
501 787 108 40 dans
633 786 58 40 les
714 785 188 56 champs,
917 787 99 39 voir
1036 786 40 40 le
1098 785 178 41 Recueil
1281 818 9 17 ,
1321 801 64 38 54,
1430 789 54 40 de
1508 789 40 40 la
1582 792 114 38 série
1721 790 77 42 des
1839 794 146 52 pièces
2024 794 54 40 de
2107 794 39 42 la

136 855 238 42 Pentecôte
397 865 40 32 et
461 856 52 41 de
538 856 40 40 la
599 856 200 41 semaine
823 863 133 32 avant
992 854 40 41 la
1068 854 257 53 Pentecôte,
1351 862 147 47 pièces
1523 858 278 55 anciennes.)

190 936 73 43 VI.
289 961 52 6 —
364 936 178 58 L'appel
564 938 71 40 des
653 936 174 42 hérauts
848 935 155 52 (finale
1023 936 59 41 du
1109 950 19 27 2
1133 940 16 19 e
1172 946 112 41 acte,
1310 951 42 39 p.
1385 940 202 52 168-171)
1610 951 7 29 :

184 1307 250 54 (Composé
476 1321 77 28 sur
587 1321 87 28 une
715 1305 145 53 figure
900 1307 259 54 mélodique
1198 1317 41 32 et
1275 1308 258 54 rythmique
1562 1315 263 47 empruntée
1861 1326 53 27 au
1952 1314 162 51 peuple
2136 1325 11 39 ;

131 1376 464 54 Rimsky-Korsakoff
611 1392 19 25 a
657 1378 196 40 entendu
875 1378 195 53 quelque
1106 1377 136 41 chose
1265 1377 324 53 d'approchant
1632 1380 112 40 dans
1765 1393 81 27 son
1877 1380 203 49 enfance,
2128 1387 21 35 à

131 1444 254 51 Tichvine.)

185 1528 95 41 VII.
306 1550 51 7 —
381 1528 68 41 Au
473 1528 20 40 3
500 1533 15 18 e
529 1537 110 40 acte,
659 1529 199 53 pendant
878 1529 41 41 la
960 1528 86 42 fête
1068 1529 113 41 dans
1205 1529 39 41 le
1268 1528 99 42 bois
1387 1529 221 42 enchanté
1626 1529 62 54 (p.
1721 1544 201 38 197-203,
1964 1536 184 47 205-206

131 1606 40 33 et
192 1596 104 55 230)
319 1611 46 28 se
386 1607 156 33 trouve
567 1612 86 27 une
679 1598 208 42 nouvelle
909 1600 319 52 transcription
1253 1599 54 41 de
1327 1612 71 28 ces
1421 1599 140 56 pièces
1583 1602 21 36 à
1626 1599 173 41 chanter
1818 1606 38 34 et
1878 1601 156 40 danser
2039 1632 9 9 .
2083 1600 67 42 En

133 1676 140 40 outre,
302 1676 109 33 cette
437 1669 143 52 partie
604 1677 231 44 comporte
858 1669 114 41 deux
994 1668 205 41 mélodies
1206 1701 8 18 ,
1241 1666 118 44 Tune
1383 1669 114 41 dans
1527 1669 39 41 le
1595 1683 138 37 genre
1768 1669 59 41 du
1866 1669 133 42 motif
2018 1670 53 41 de
2110 1670 39 40 la

131 1735 346 43 Kamarinskaia
502 1749 8 28 :
536 1738 63 52 (p.
625 1752 72 38 97,
719 1738 106 50 etc.)

131 2095 40 32 et
190 2085 173 49 l'autre,
388 2086 383 42 essentiellement
787 2086 251 53 populaire,
1064 2086 113 41 dans
1198 2083 97 43 l'air
1316 2085 53 41 de
1384 2084 132 42 Bobil
1539 2083 56 53 (le
1628 2084 177 52 Castor)
1832 2096 8 29 :

130 2154 248 54 (Variante,
402 2169 42 39 p.
473 2155 339 53 204,207-208.)

1251 2447 8 7 A
1526 2449 10 5 -

181 2461 131 55 (Voir
329 2463 38 42 le
388 2463 178 40 Recueil
571 2495 10 17 ,
607 2467 49 36 n°
679 2466 62 37 16.
767 2460 64 43 Le
851 2462 304 52 compositeur
1178 2474 23 26 a
1223 2460 254 51 également
1501 2459 194 41 entendu
1729 2467 109 32 cette
1876 2458 191 41 mélodie
2090 2459 53 40 de

132 2546 44 27 sa
200 2538 118 37 mère
341 2533 113 41 dans
479 2546 79 27 son
578 2531 201 42 enfance.
802 2531 124 40 Dans
946 2538 110 33 cette
1074 2535 146 42 scène,
1246 2530 28 40 il
1300 2527 109 43 n'est
1427 2542 78 39 pas
1534 2542 95 27 rare
1667 2542 86 39 que
1795 2541 70 27 ces
1905 2528 113 40 deux
2051 2532 63 36 mé-

131 2601 136 42 lodies
291 2604 144 40 soient
451 2602 274 41 entrelacées
746 2602 63 52 (p.
845 2599 112 54 207),
984 2613 55 28 ou
1065 2598 104 43 bien
1189 2598 39 41 la
1255 2599 220 52 première
1508 2611 46 28 se
1578 2607 233 32 rencontre
1836 2610 103 27 avec
1963 2597 37 40 le
2015 2596 132 41 motif

131 2670 48 40 de
200 2670 124 42 chant
343 2678 37 34 et
402 2672 50 38 de
472 2671 130 39 danse
623 2684 13 26 :
652 2669 76 48 Ai,
752 2669 137 40 tilleul
908 2669 108 40 dans
1040 2668 57 41 les
1120 2667 211 56 champs.)

185 2752 112 43 VIH.
399 2753 121 41 Dans
536 2753 38 40 la
597 2757 132 36 scène
746 2752 54 41 de
825 2750 193 53 Misguir
1039 2759 42 33 et
1103 2750 55 42 de
1179 2749 394 52 Sniégourotchka
1598 2749 113 52 (acte
1754 2747 73 50 111,
1872 2763 42 38 p.
1944 2747 118 52 237),
2098 2747 38 40 la

131 2822 156 52 phrase
306 2823 153 41 vocale
483 2822 53 42 de
559 2821 200 52 Misguir
774 2832 7 28 :

131 2890 231 54 (d'origine
385 2892 254 53 populaire)
665 2904 55 28 ou
745 2904 162 29 encore
933 2907 8 25 :

135 3215 228 52 (d'origine
380 3217 271 53 populaire),
676 3225 42 33 et

188 3554 69 47 IX.
354 3558 123 47 Dans
500 3559 38 42 le
554 3556 136 49 finale
712 3560 54 43 de
799 3556 378 57 Sniégourotchka
1184 3589 10 16 ,
1224 3557 45 43 la*
1300 3561 131 40 sçène
1454 3554 177 43 chorale
1659 3553 123 42 Nous
1803 3566 132 28 avons
1950 3553 109 40 semé
2082 3550 54 39 du
