4551 5788
522 5467 150 73 118

522 663 799 144 Alexander
1392 663 436 143 Mette

522 938 332 110 Leere

522 1183 140 65 Der
744 1183 250 65 nackte
1076 1181 289 67 Mensch
1440 1183 186 65 steht
1697 1205 124 41 vor
1894 1181 125 63 der
2090 1181 208 63 Kälte

522 1293 222 66 Weite
808 1295 190 63 helle
1045 1293 478 65 Winternacht
1580 1292 430 64 frierbleich.
2134 1290 164 66 Glas

522 1407 251 86 gläsert
844 1405 481 64 Fensterfreie.
1452 1403 274 66 Gläsert
1807 1403 232 65 Leere.
2161 1403 137 63 Das

522 1517 168 69 Jahr
739 1515 465 64 durchkältet.
1279 1515 137 64 Alt.
1477 1515 139 63 Das
1665 1515 401 85 zwanzigste
2110 1513 152 70 Jahr-

520 1629 307 64 hundert
884 1627 556 66 blauverbleicht
1491 1627 113 64 die
1663 1625 288 66 Ebenen
2000 1625 297 88 Europa.

520 1739 241 86 Anzug
852 1739 364 64 schlottert
1286 1739 355 64 tuchbreit
1729 1737 146 64 und
1977 1737 325 66 webefest

520 1850 364 88 gastglases
933 1849 202 64 Hirn.

522 1979 245 66 Sterne
801 1979 518 64 Himmelweite
1367 1979 146 64 und
1548 1979 115 64 die
1702 1979 278 64 bleiche
2014 1977 247 66 Schnee-

519 2092 188 65 leere
756 2091 296 90 Europa.
1152 2092 132 65 Die
1350 2092 183 87 Züge
1597 2091 327 66 Soldaten
1983 2115 124 40 vor
2158 2091 144 74 100,

522 2203 142 74 200,
715 2203 144 74 300,
910 2203 123 61 400
1082 2201 260 71 Jahren
1392 2223 212 64 zogen
1653 2201 174 63 hier.
1905 2199 358 90 Strapazen-

522 2313 418 64 zerfressene
974 2313 405 66 Soldateska
1430 2313 416 88 Napoleons,
1882 2313 418 74 Friedrichs,

522 2424 288 65 Banden
883 2424 448 87 Räuberzüge
1414 2424 122 65 der
1618 2424 228 65 Heere
1926 2424 122 63 des
2131 2424 137 63 sieb-

520 2538 298 62 zehnten
901 2536 495 71 Jahrhundert.
1524 2536 375 87 Behangen
1977 2538 130 61 mit
2178 2536 124 63 der

520 2648 354 64 Trommel
923 2648 122 64 des
1077 2648 723 86 Trommelschlägers.
1863 2646 440 88 Gegliederte

522 2758 313 76 Schädel,
888 2760 470 86 scharfäugige
1402 2756 209 66 Geier
1655 2773 205 49 unter
1895 2758 368 64 Feldherrn-

520 2871 219 65 hüten
752 2919 19 29 ,
861 2871 735 87 zusammengefallene
1692 2870 611 88 Schmalgestalten

519 2983 651 65 nervvibrierender
1252 2983 377 65 bewusster
1700 2981 397 89 Sinnträger
2180 2983 123 63 der

522 3117 85 39 zu
686 3092 540 64 vollführenden
1297 3093 356 63 Aktionen
1712 3093 342 63 zwischen
2124 3093 176 61 sich:

520 3203 246 87 Menge
800 3203 147 65 und
981 3205 269 63 Führer
1301 3203 122 65 auf
1465 3203 159 65 dem
1675 3202 205 88 Wege
1914 3229 85 39 zu
2031 3203 234 87 Irgend-

522 3327 227 63 etwas,
810 3313 120 65 das
994 3315 317 85 gemacht
1379 3313 276 65 werden
1723 3315 150 63 soll.
1973 3313 330 65 Warum?

522 3427 137 62 Das
708 3427 315 86 gemacht
1072 3427 278 64 werden
1401 3427 159 64 soll!

520 3556 291 69 Jemand
862 3557 121 63 hat
1016 3556 122 64 das
1174 3556 252 64 Grosse
1463 3581 143 39 vor.
1680 3557 146 63 Tat.
1904 3557 130 61 Die
2070 3556 233 64 Städte

520 3667 581 65 überschimmert
1128 3667 330 65 Himmel.
1489 3667 354 65 Sternbild
1870 3667 430 63 blinkfunkt.

520 3779 205 64 Sonst
771 3781 93 62 ist
911 3781 200 62 weite
1160 3781 234 74 Leere,
1445 3781 115 62 die
1616 3781 210 64 Kälte
1875 3781 245 74 Nacht,
2170 3803 133 40 nur

520 3891 156 64 dass
727 3891 249 64 Pferde
1043 3893 180 84 gehn
1287 3891 146 64 und
1482 3915 252 40 warme
1783 3893 293 62 leiblich
2124 3891 144 64 fühl-

520 4003 164 64 bare
762 4003 471 64 Vollstrecker
1306 4026 135 39 von
1516 4003 262 64 diesem
1850 4003 221 64 Etwas
2126 4003 174 74 sind,

519 4113 121 64 das
690 4113 206 64 Wille
964 4114 278 63 heissen
1301 4114 161 63 will.
1555 4113 90 64 Es
1695 4114 126 85 gilt
1887 4128 223 49 etwas.
2212 4114 90 63 Es

520 4226 126 86 gilt
701 4226 117 63 die
878 4226 203 85 Wege
1142 4226 233 63 hinter
1428 4228 147 62 sich
1626 4228 312 84 bringen.
2037 4226 90 64 Es
2178 4228 124 84 gilt

522 4336 122 65 das
695 4336 149 65 Ziel
893 4336 247 65 fassen.
1240 4336 90 65 Es
1380 4338 124 85 gilt
1553 4336 159 65 dem
1768 4336 290 87 Gegner.

522 4467 276 88 Gegner
847 4468 247 65 ziehen
1143 4468 485 87 zielentgegen.
1724 4467 303 66 Wohin?
2124 4468 174 65 Hin!

519 4578 162 65 Und
730 4578 158 65 her!
988 4578 137 65 Das
1184 4578 193 65 Land
1435 4580 167 86 liegt
1668 4580 165 64 leer.
1934 4578 156 66 Wer
2137 4580 163 64 füllt

520 4688 244 78 Weite,
817 4690 274 76 Fläche,
1137 4692 171 84 ewig
1342 4690 484 66 Gestrecktes?
1899 4692 132 62 Die
2081 4692 219 64 Ferne

519 4802 218 64 dehnt
810 4804 188 84 ewig.
1121 4802 141 64 Der
1333 4802 186 64 leere
1592 4802 401 64 Sternraum
2066 4804 236 62 blinkt

520 4912 115 64 die
708 4914 210 62 Kälte
993 4912 342 88 Ewigkeit
1406 4914 176 64 über
1656 4914 116 64 die
1822 4914 256 64 Willen
2137 4937 160 65 weg.

520 5024 132 64 Die
701 5024 331 86 Ahnung:
1082 5024 302 76 Treffen,
1435 5024 359 76 Schlacht,
1863 5025 389 65 Zusammen-

2413 673 199 61 stoss,
2662 658 319 65 Aufstoss
3030 658 123 65 der
3202 658 202 75 Tore,
3441 658 227 75 Hitze,
3704 657 257 74 Leben,
4005 657 188 74 Blut,

2413 772 468 73 Verströmen,
2957 770 113 63 Du
3145 768 218 65 Feind
3462 768 111 63 Du
3675 767 278 64 Freund
4049 767 144 62 und

2413 883 212 85 Jagen
2711 882 249 62 Raffen
3045 880 334 86 Schlagen
3462 880 248 63 Haben
3795 892 171 51 setzt
4046 892 150 49 rote

2413 994 309 64 Lichter:
3043 1016 87 38 an
3164 992 401 86 irgendeine
3592 990 213 66 Stelle
3831 990 362 63 Horizont.

2413 1107 141 63 Der
2603 1105 232 85 Sieger
2886 1105 137 63 hat.
3123 1104 139 64 Der
3313 1104 232 86 Sieger
3605 1104 173 62 wird
3837 1102 122 64 das
4010 1102 149 63 Fass-

2413 1215 187 63 liche
2650 1215 248 63 haben.
2998 1215 138 63 Das
3189 1215 122 65 Da.
3411 1215 137 63 Das
3599 1215 194 61 Dort.
3888 1212 93 64 Er
4029 1212 167 63 fasst

2413 1327 122 63 das
2586 1327 268 64 Haben.
2937 1325 93 65 Er
3081 1327 120 63 hat
3250 1325 122 65 das
3424 1325 371 65 Fassliche.
3873 1324 132 64 Die
4031 1324 165 62 lohe

2415 1437 169 66 Glut
2613 1439 269 74 Haben,
2918 1441 75 61 in
3028 1437 283 76 Gewalt,
3360 1439 157 74 „Du
3568 1437 203 75 Erde,
3805 1437 126 63 wir
3968 1435 228 65 haben

2711 1551 166 74 „Ihr
2913 1549 256 76 Städte,
3206 1551 123 62 wir
3380 1551 231 62 haben
3944 1547 252 65 brennt

2415 1661 271 64 Wärme
2735 1664 75 61 in
2860 1661 116 64 die
3023 1661 210 66 Kälte
3296 1662 265 63 Nichts.
3661 1661 141 64 Der
3859 1659 337 64 Taktiker

2415 1776 124 64 der
2589 1776 414 64 Schlachten
3052 1776 161 85 hegt
3263 1774 116 63 die
3429 1776 202 61 harre
3682 1774 360 87 Hoffnung
4073 1772 123 63 der

2417 1888 244 84 Menge
2711 1886 402 76 Menschen,
3164 1888 115 62 die
3328 1886 230 64 nichts
3611 1886 140 76 hat,
3804 1886 166 63 kein
3998 1884 197 65 Ende

2418 1999 202 75 sieht,
2667 1998 231 64 nichts
2950 1999 203 75 sieht,
3202 1998 210 62 Kälte
3438 1996 208 76 fühlt,
3675 1998 276 62 bleiche
3978 1996 220 64 Bläue

2415 2108 207 64 flieht
2671 2109 144 63 und
2871 2109 408 63 flichflucht
3345 2108 145 64 und
3553 2108 122 64 das
3739 2108 224 62 Ende:
4017 2108 179 62 Dich

2417 2221 250 75 haben,
2718 2221 281 87 greifen,
3067 2221 247 73 fassen,
3374 2219 226 65 fassen
3650 2243 142 51 um,
3844 2219 351 63 verfassen

2418 2333 221 63 sucht.

2420 2462 403 76 Gedanken,
2884 2463 114 63 die
3059 2462 115 64 die
3241 2463 302 85 traurige
3594 2462 272 62 Minute
3926 2462 225 62 herum-

2418 2587 278 51 steuern
2723 2573 281 65 wollen:
3028 2572 146 64 Wir
3224 2573 158 63 sind
3431 2595 268 41 voraus.
3753 2570 164 64 Wir.
3986 2570 209 64 Weit!

2418 2685 146 63 Wir
2598 2687 411 63 Nichttäter.
3081 2687 137 61 Das
3252 2685 157 63 Tun
3458 2687 92 61 ist
3599 2699 122 49 tot.
3802 2685 98 63 Ist
3926 2683 232 65 Nichts-

2417 2810 127 50 tun
2591 2797 171 73 Tod,
2813 2819 200 41 wenn
3060 2795 154 63 Tun
3279 2809 98 49 tot
3426 2795 130 65 ist?
3653 2794 147 64 Wir
3866 2794 154 64 sind
4083 2794 113 62 die

2420 2909 317 62 scharfen
2771 2909 213 64 Seher
3020 2907 298 88 Sperber
3365 2932 122 39 um
3538 2907 115 64 die
3688 2905 260 88 Gurgel
3992 2905 199 87 jeder

2418 3019 463 84 Vorstellung,
2964 3019 115 62 die
3152 3020 122 61 wir
3357 3019 394 62 abhalftern
3846 3019 129 62 wie
4073 3017 123 63 der

2418 3129 348 64 Schnitter
2837 3131 264 62 ehmals
3175 3131 432 62 dünnscharf
3670 3131 327 84 schnittig
4068 3131 130 60 mit

2418 3242 122 63 der
2591 3242 342 65 Schneide
2984 3241 210 66 Sense
3243 3242 219 63 Korn.
3561 3242 231 63 Keine
3851 3241 347 84 Wölbung

2417 3352 313 65 Himmel
2779 3354 175 63 über
3004 3354 425 85 gestaltetem
3467 3352 277 65 Winkel
3783 3351 195 66 Stadt
4005 3352 193 63 Land

2417 3466 452 83 Landschaft,
2954 3466 115 62 die
3158 3489 126 39 vor
3367 3466 157 62 dem
3621 3466 191 84 Auge
3910 3486 286 41 unserer

2418 3578 751 86 empfängnissicheren
3218 3576 325 64 Sehkraft
3602 3576 351 64 hindurch
4002 3576 196 63 nicht

2417 3691 74 61 in
2518 3689 114 63 die
2683 3689 254 65 Fläche
2972 3689 225 65 dieser
3233 3689 212 65 Leere
3480 3688 381 64 Weltraum
3914 3689 244 63 zurück-

2417 3801 152 83 bog.
2703 3799 610 87 Physiognomien,
3407 3801 292 75 Bauten,
3785 3799 411 65 Gestaltetes

2417 3935 137 39 von
2634 3911 690 64 Menschenhänden:
3407 3911 149 64 dies
3639 3911 168 64 alles
3893 3909 303 88 Geistige

2418 4023 397 63 durchfrass
2891 4023 113 63 die
3077 4023 395 86 Einlebung
3543 4025 73 61 in
3682 4023 157 85 jede
3914 4021 284 87 Regung

2417 4157 159 39 vom
2628 4133 376 64 Mensshen
3053 4141 331 58 vorwärts
3443 4136 73 61 in
3577 4135 115 62 die
3743 4135 205 62 Höhe
3993 4131 200 65 Welt.

2415 4243 161 64 Und
2635 4245 124 62 wir
2818 4245 76 61 in
2942 4245 230 62 Allem
3248 4245 396 64 Stehenden
3704 4245 228 62 haben
4007 4243 189 64 diese

2415 4356 156 65 eine
2666 4380 233 63 grosse
2991 4358 215 63 Leere
3289 4356 430 65 Raumweite
3814 4356 208 63 allem
4112 4380 83 39 zu

2415 4468 330 88 Häupten
2794 4470 100 63 als
2945 4470 120 63 das
3114 4470 207 63 letzte
3387 4470 235 63 Rätsel
3694 4470 218 63 näher
3986 4468 175 65 offen-

2415 4582 469 84 ausgestreckt
2943 4605 126 41 vor
3126 4605 132 39 uns
3313 4622 79 7 —
3450 4583 127 63 wie
3639 4582 124 62 der
3802 4582 213 62 Mann
4066 4582 130 62 mit

2415 4692 124 62 der
2620 4692 310 64 Steinaxt
3026 4693 354 63 Krokodil
3477 4693 144 63 und
3702 4693 295 75 Drache,
4071 4715 124 41 vor

2415 4802 225 64 denen
2691 4827 73 41 er
2815 4805 305 63 auswich
3177 4804 147 64 und
3387 4805 115 63 die
3561 4827 75 41 er
3687 4804 183 64 doch
3920 4805 275 85 erjagen

2413 4915 234 63 wollte
2706 4915 468 87 irgendwann,
3235 4915 277 75 wieder,
3572 4937 199 43 wenn
3831 4914 123 64 der
4005 4914 190 64 Eifer

2920 5029 127 62 ihn
3097 5027 288 64 anblies.
