<?xml version="1.0" encoding="UTF-8"?>
<alto xmlns:xsi="http://www.w3.org/2001/XMLSchema-instance" xmlns="http://www.loc.gov/standards/alto/ns-v2#" xsi:schemaLocation="http://www.loc.gov/standards/alto/ns-v2# http://www.loc.gov/standards/alto/alto-v2.0.xsd" xmlns:xlink="http://www.w3.org/1999/xlink">
	<Description>
		<MeasurementUnit>mm10</MeasurementUnit>
		<sourceImageInformation>
			<fileName>//fileserver7/IN2/Princeton/Batch5/bmtnabi/1856/11/15_01/00000720.tif</fileName>
		</sourceImageInformation>
		<OCRProcessing ID="OCRPROCESSING_1">
			<preProcessingStep>
				<processingSoftware>
					<softwareCreator>CCS Content Conversion Specialists GmbH, Germany</softwareCreator>
					<softwareName>CCS docWORKS</softwareName>
					<softwareVersion>6.6-1.18</softwareVersion>
				</processingSoftware>
			</preProcessingStep>
			<ocrProcessingStep>
				<processingSoftware>
					<softwareCreator>ABBYY (BIT Software), Russia</softwareCreator>
					<softwareName>FineReader</softwareName>
					<softwareVersion>10.0</softwareVersion>
				</processingSoftware>
			</ocrProcessingStep>
		</OCRProcessing>
	</Description>
	<Styles>
		<TextStyle ID="TXT_0" FONTSIZE="19" FONTFAMILY="Times New Roman"/>
		<TextStyle ID="TXT_1" FONTSIZE="15" FONTFAMILY="Times New Roman"/>
		<TextStyle ID="TXT_2" FONTSIZE="17" FONTFAMILY="Unknown" FONTSTYLE="bold"/>
		<ParagraphStyle ID="PAR_RIGHT" ALIGN="Right"/>
		<ParagraphStyle ID="PAR_BLOCK" ALIGN="Block"/>
	</Styles>
	<Layout>
		<Page ID="P4" PHYSICAL_IMG_NR="4" HEIGHT="4399" WIDTH="3487" PRINTED_IMG_NR="368" PC="0.934">
			<TopMargin ID="P4_TM00001" HPOS="0" VPOS="0" WIDTH="3487" HEIGHT="154">
				<TextBlock ID="P4_TB00001" HPOS="1758" VPOS="98" WIDTH="94" HEIGHT="54" STYLEREFS="TXT_0 PAR_RIGHT">
					<TextLine ID="P4_TL00001" HPOS="1758" VPOS="98" WIDTH="94" HEIGHT="54">
						<String ID="P4_ST00001" HPOS="1758" VPOS="98" WIDTH="94" HEIGHT="54" CONTENT="368" WC="0.31" CC="775"/>
					</TextLine>
				</TextBlock>
			</TopMargin>
			<LeftMargin ID="P4_LM00001" HPOS="0" VPOS="154" WIDTH="163" HEIGHT="3963"/>
			<RightMargin ID="P4_RM00001" HPOS="3384" VPOS="154" WIDTH="103" HEIGHT="3963"/>
			<BottomMargin ID="P4_BM00001" HPOS="0" VPOS="4117" WIDTH="3487" HEIGHT="282"/>
			<PrintSpace ID="P4_PS00001" HPOS="163" VPOS="154" WIDTH="3221" HEIGHT="3963">
				<TextBlock ID="P4_TB00002" HPOS="163" VPOS="220" WIDTH="1576" HEIGHT="3869" STYLEREFS="TXT_1 PAR_BLOCK">
					<TextLine ID="P4_TL00002" HPOS="196" VPOS="220" WIDTH="1543" HEIGHT="69">
						<String ID="P4_ST00002" HPOS="196" VPOS="220" WIDTH="124" HEIGHT="52" CONTENT="diese" WC="0.99" CC="70000"/>
						<SP ID="P4_SP00001" HPOS="320" VPOS="272" WIDTH="41"/>
						<String ID="P4_ST00003" HPOS="361" VPOS="223" WIDTH="326" HEIGHT="66" CONTENT="Lügengewalt" WC="0.99" CC="10970050346"/>
						<SP ID="P4_SP00002" HPOS="687" VPOS="289" WIDTH="41"/>
						<String ID="P4_ST00004" HPOS="728" VPOS="243" WIDTH="79" HEIGHT="32" CONTENT="aus" WC="0.97" CC="600"/>
						<SP ID="P4_SP00003" HPOS="807" VPOS="289" WIDTH="43"/>
						<String ID="P4_ST00005" HPOS="850" VPOS="227" WIDTH="86" HEIGHT="50" CONTENT="den" WC="0.99" CC="002"/>
						<SP ID="P4_SP00004" HPOS="936" VPOS="289" WIDTH="45"/>
						<String ID="P4_ST00006" HPOS="981" VPOS="229" WIDTH="189" HEIGHT="51" CONTENT="Wirren" WC="0.97" CC="556324"/>
						<SP ID="P4_SP00005" HPOS="1170" VPOS="289" WIDTH="41"/>
						<String ID="P4_ST00007" HPOS="1211" VPOS="230" WIDTH="78" HEIGHT="50" CONTENT="der" WC="0.96" CC="055"/>
						<SP ID="P4_SP00006" HPOS="1289" VPOS="289" WIDTH="30"/>
						<String ID="P4_ST00008" HPOS="1319" VPOS="233" WIDTH="278" HEIGHT="52" CONTENT="Zeitlichkeit" WC="0.99" CC="750466076006"/>
						<SP ID="P4_SP00007" HPOS="1597" VPOS="289" WIDTH="30"/>
						<String ID="P4_ST00009" HPOS="1627" VPOS="238" WIDTH="112" HEIGHT="48" CONTENT="auch" WC="0.94" CC="3696"/>
					</TextLine>
					<TextLine ID="P4_TL00003" HPOS="192" VPOS="304" WIDTH="1547" HEIGHT="80">
						<String ID="P4_ST00010" HPOS="192" VPOS="304" WIDTH="45" HEIGHT="50" CONTENT="in" WC="0.75" CC="04"/>
						<SP ID="P4_SP00008" HPOS="237" VPOS="354" WIDTH="35"/>
						<String ID="P4_ST00011" HPOS="272" VPOS="322" WIDTH="163" HEIGHT="32" CONTENT="unsere" WC="0.98" CC="063090"/>
						<SP ID="P4_SP00009" HPOS="435" VPOS="354" WIDTH="30"/>
						<String ID="P4_ST00012" HPOS="465" VPOS="307" WIDTH="151" HEIGHT="49" CONTENT="Kunst" WC="0.97" CC="64604"/>
						<SP ID="P4_SP00010" HPOS="616" VPOS="356" WIDTH="29"/>
						<String ID="P4_ST00013" HPOS="645" VPOS="308" WIDTH="312" HEIGHT="66" CONTENT="eingeflossen," WC="0.99" CC="0339060090062"/>
						<SP ID="P4_SP00011" HPOS="957" VPOS="374" WIDTH="34"/>
						<String ID="P4_ST00014" HPOS="991" VPOS="312" WIDTH="112" HEIGHT="50" CONTENT="wird" WC="0.99" CC="0050"/>
						<SP ID="P4_SP00012" HPOS="1103" VPOS="374" WIDTH="29"/>
						<String ID="P4_ST00015" HPOS="1132" VPOS="332" WIDTH="82" HEIGHT="32" CONTENT="uns" WC="0.97" CC="330"/>
						<SP ID="P4_SP00013" HPOS="1214" VPOS="374" WIDTH="20"/>
						<String ID="P4_ST00016" HPOS="1234" VPOS="332" WIDTH="80" HEIGHT="32" CONTENT="aus" WC="0.97" CC="520"/>
						<SP ID="P4_SP00014" HPOS="1314" VPOS="374" WIDTH="24"/>
						<String ID="P4_ST00017" HPOS="1338" VPOS="317" WIDTH="216" HEIGHT="50" CONTENT="manchen" WC="0.98" CC="0720705"/>
						<SP ID="P4_SP00015" HPOS="1554" VPOS="374" WIDTH="20"/>
						<String ID="P4_ST00018" HPOS="1574" VPOS="336" WIDTH="138" HEIGHT="48" CONTENT="gegen" SUBS_TYPE="HypPart1" SUBS_CONTENT="gegenwärtigen" WC="0.97" CC="07908"/>
						<HYP HPOS="1712" VPOS="336" WIDTH="27" CONTENT="-"/>
					</TextLine>
					<TextLine ID="P4_TL00004" HPOS="193" VPOS="388" WIDTH="1546" HEIGHT="70">
						<String ID="P4_ST00019" HPOS="193" VPOS="388" WIDTH="221" HEIGHT="63" CONTENT="wärtigen" SUBS_TYPE="HypPart2" SUBS_CONTENT="gegenwärtigen" WC="0.98" CC="93462925"/>
						<SP ID="P4_SP00016" HPOS="414" VPOS="451" WIDTH="32"/>
						<String ID="P4_ST00020" HPOS="446" VPOS="389" WIDTH="370" HEIGHT="69" CONTENT="Erscheinungen" WC="0.99" CC="6504620736045"/>
						<SP ID="P4_SP00017" HPOS="816" VPOS="458" WIDTH="33"/>
						<String ID="P4_ST00021" HPOS="849" VPOS="393" WIDTH="203" HEIGHT="51" CONTENT="offenbar" WC="0.98" CC="21146760"/>
						<SP ID="P4_SP00018" HPOS="1052" VPOS="458" WIDTH="32"/>
						<String ID="P4_ST00022" HPOS="1084" VPOS="397" WIDTH="209" HEIGHT="58" CONTENT="werden;" WC="0.98" CC="0450653"/>
						<SP ID="P4_SP00019" HPOS="1293" VPOS="458" WIDTH="28"/>
						<String ID="P4_ST00023" HPOS="1321" VPOS="399" WIDTH="113" HEIGHT="48" CONTENT="auch" WC="0.97" CC="5006"/>
						<SP ID="P4_SP00020" HPOS="1434" VPOS="458" WIDTH="32"/>
						<String ID="P4_ST00024" HPOS="1466" VPOS="418" WIDTH="85" HEIGHT="31" CONTENT="uns" WC="0.96" CC="180"/>
						<SP ID="P4_SP00021" HPOS="1551" VPOS="458" WIDTH="29"/>
						<String ID="P4_ST00025" HPOS="1580" VPOS="402" WIDTH="75" HEIGHT="48" CONTENT="hat" WC="0.95" CC="750"/>
						<SP ID="P4_SP00022" HPOS="1655" VPOS="458" WIDTH="24"/>
						<String ID="P4_ST00026" HPOS="1679" VPOS="403" WIDTH="60" HEIGHT="48" CONTENT="sie" WC="0.97" CC="503"/>
					</TextLine>
					<TextLine ID="P4_TL00005" HPOS="192" VPOS="467" WIDTH="1546" HEIGHT="71">
						<String ID="P4_ST00027" HPOS="192" VPOS="467" WIDTH="205" HEIGHT="61" CONTENT="berührt," WC="0.98" CC="72206563"/>
						<SP ID="P4_SP00023" HPOS="397" VPOS="528" WIDTH="35"/>
						<String ID="P4_ST00028" HPOS="432" VPOS="472" WIDTH="277" HEIGHT="66" CONTENT="wenngleich" WC="0.99" CC="0060041017"/>
						<SP ID="P4_SP00024" HPOS="709" VPOS="538" WIDTH="34"/>
						<String ID="P4_ST00029" HPOS="743" VPOS="473" WIDTH="121" HEIGHT="51" CONTENT="nicht" WC="0.97" CC="75050"/>
						<SP ID="P4_SP00025" HPOS="864" VPOS="538" WIDTH="30"/>
						<String ID="P4_ST00030" HPOS="894" VPOS="475" WIDTH="41" HEIGHT="50" CONTENT="in" WC="1.00" CC="00"/>
						<SP ID="P4_SP00026" HPOS="935" VPOS="538" WIDTH="36"/>
						<String ID="P4_ST00031" HPOS="971" VPOS="477" WIDTH="100" HEIGHT="49" CONTENT="dem" WC="0.94" CC="069"/>
						<SP ID="P4_SP00027" HPOS="1071" VPOS="538" WIDTH="33"/>
						<String ID="P4_ST00032" HPOS="1104" VPOS="479" WIDTH="190" HEIGHT="57" CONTENT="Maasse," WC="0.67" CC="3360530"/>
						<SP ID="P4_SP00028" HPOS="1294" VPOS="538" WIDTH="32"/>
						<String ID="P4_ST00033" HPOS="1326" VPOS="481" WIDTH="84" HEIGHT="50" CONTENT="wie" WC="0.94" CC="950"/>
						<SP ID="P4_SP00029" HPOS="1410" VPOS="538" WIDTH="31"/>
						<String ID="P4_ST00034" HPOS="1441" VPOS="482" WIDTH="165" HEIGHT="49" CONTENT="andere" WC="0.98" CC="540042"/>
						<SP ID="P4_SP00030" HPOS="1606" VPOS="538" WIDTH="25"/>
						<String ID="P4_ST00035" HPOS="1631" VPOS="484" WIDTH="81" HEIGHT="50" CONTENT="Völ" SUBS_TYPE="HypPart1" SUBS_CONTENT="Völker," WC="1.00" CC="000"/>
						<HYP HPOS="1712" VPOS="484" WIDTH="26" CONTENT="-"/>
					</TextLine>
					<TextLine ID="P4_TL00006" HPOS="191" VPOS="550" WIDTH="1157" HEIGHT="70">
						<String ID="P4_ST00036" HPOS="191" VPOS="550" WIDTH="96" HEIGHT="60" CONTENT="ker," SUBS_TYPE="HypPart2" SUBS_CONTENT="Völker," WC="0.96" CC="9074"/>
						<SP ID="P4_SP00031" HPOS="287" VPOS="610" WIDTH="30"/>
						<String ID="P4_ST00037" HPOS="317" VPOS="550" WIDTH="146" HEIGHT="51" CONTENT="denen" WC="0.98" CC="05600"/>
						<SP ID="P4_SP00032" HPOS="463" VPOS="610" WIDTH="28"/>
						<String ID="P4_ST00038" HPOS="491" VPOS="553" WIDTH="68" HEIGHT="48" CONTENT="die" WC="0.97" CC="017"/>
						<SP ID="P4_SP00033" HPOS="559" VPOS="610" WIDTH="33"/>
						<String ID="P4_ST00039" HPOS="592" VPOS="555" WIDTH="217" HEIGHT="65" CONTENT="Innigkeit" WC="0.99" CC="726000005"/>
						<SP ID="P4_SP00034" HPOS="809" VPOS="620" WIDTH="32"/>
						<String ID="P4_ST00040" HPOS="841" VPOS="557" WIDTH="78" HEIGHT="51" CONTENT="des" WC="1.00" CC="000"/>
						<SP ID="P4_SP00035" HPOS="919" VPOS="620" WIDTH="27"/>
						<String ID="P4_ST00041" HPOS="946" VPOS="558" WIDTH="176" HEIGHT="52" CONTENT="Lebens" WC="0.99" CC="005521"/>
						<SP ID="P4_SP00036" HPOS="1122" VPOS="620" WIDTH="33"/>
						<String ID="P4_ST00042" HPOS="1155" VPOS="561" WIDTH="92" HEIGHT="49" CONTENT="fern" WC="0.99" CC="0005"/>
						<SP ID="P4_SP00037" HPOS="1247" VPOS="620" WIDTH="33"/>
						<String ID="P4_ST00043" HPOS="1280" VPOS="562" WIDTH="68" HEIGHT="49" CONTENT="ist." WC="0.99" CC="0301"/>
					</TextLine>
					<TextLine ID="P4_TL00007" HPOS="315" VPOS="634" WIDTH="1420" HEIGHT="73">
						<String ID="P4_ST00044" HPOS="315" VPOS="635" WIDTH="63" HEIGHT="49" CONTENT="So" WC="0.44" CC="64"/>
						<SP ID="P4_SP00038" HPOS="378" VPOS="684" WIDTH="40"/>
						<String ID="P4_ST00045" HPOS="418" VPOS="634" WIDTH="130" HEIGHT="66" CONTENT="lange" WC="0.99" CC="35000"/>
						<SP ID="P4_SP00039" HPOS="548" VPOS="700" WIDTH="44"/>
						<String ID="P4_ST00046" HPOS="592" VPOS="635" WIDTH="109" HEIGHT="51" CONTENT="aber" WC="0.95" CC="5639"/>
						<SP ID="P4_SP00040" HPOS="701" VPOS="700" WIDTH="40"/>
						<String ID="P4_ST00047" HPOS="741" VPOS="638" WIDTH="82" HEIGHT="50" CONTENT="der" WC="0.95" CC="805"/>
						<SP ID="P4_SP00041" HPOS="823" VPOS="700" WIDTH="40"/>
						<String ID="P4_ST00048" HPOS="863" VPOS="642" WIDTH="275" HEIGHT="65" CONTENT="pathetische" WC="0.99" CC="75032048040"/>
						<SP ID="P4_SP00042" HPOS="1138" VPOS="707" WIDTH="45"/>
						<String ID="P4_ST00049" HPOS="1183" VPOS="646" WIDTH="80" HEIGHT="48" CONTENT="Pol" WC="0.99" CC="020"/>
						<SP ID="P4_SP00043" HPOS="1263" VPOS="707" WIDTH="52"/>
						<String ID="P4_ST00050" HPOS="1315" VPOS="646" WIDTH="122" HEIGHT="49" CONTENT="nicht" WC="0.97" CC="01763"/>
						<SP ID="P4_SP00044" HPOS="1437" VPOS="707" WIDTH="51"/>
						<String ID="P4_ST00051" HPOS="1488" VPOS="647" WIDTH="85" HEIGHT="49" CONTENT="den" WC="0.99" CC="003"/>
						<SP ID="P4_SP00045" HPOS="1573" VPOS="707" WIDTH="52"/>
						<String ID="P4_ST00052" HPOS="1625" VPOS="648" WIDTH="88" HEIGHT="50" CONTENT="ethi" SUBS_TYPE="HypPart1" SUBS_CONTENT="ethischen" WC="0.98" CC="5070"/>
						<HYP HPOS="1713" VPOS="648" WIDTH="22" CONTENT="-"/>
					</TextLine>
					<TextLine ID="P4_TL00008" HPOS="191" VPOS="715" WIDTH="1543" HEIGHT="74">
						<String ID="P4_ST00053" HPOS="191" VPOS="715" WIDTH="137" HEIGHT="50" CONTENT="schen" SUBS_TYPE="HypPart2" SUBS_CONTENT="ethischen" WC="0.98" CC="00706"/>
						<SP ID="P4_SP00046" HPOS="328" VPOS="765" WIDTH="43"/>
						<String ID="P4_ST00054" HPOS="371" VPOS="717" WIDTH="244" HEIGHT="68" CONTENT="verdrängt" WC="0.98" CC="000099394"/>
						<SP ID="P4_SP00047" HPOS="615" VPOS="785" WIDTH="44"/>
						<String ID="P4_ST00055" HPOS="659" VPOS="721" WIDTH="91" HEIGHT="57" CONTENT="hat," WC="0.97" CC="7060"/>
						<SP ID="P4_SP00048" HPOS="750" VPOS="785" WIDTH="50"/>
						<String ID="P4_ST00056" HPOS="800" VPOS="740" WIDTH="50" HEIGHT="31" CONTENT="so" WC="0.66" CC="24"/>
						<SP ID="P4_SP00049" HPOS="850" VPOS="785" WIDTH="48"/>
						<String ID="P4_ST00057" HPOS="898" VPOS="724" WIDTH="130" HEIGHT="65" CONTENT="lange" WC="0.98" CC="46600"/>
						<SP ID="P4_SP00050" HPOS="1028" VPOS="789" WIDTH="45"/>
						<String ID="P4_ST00058" HPOS="1073" VPOS="726" WIDTH="69" HEIGHT="49" CONTENT="die" WC="1.00" CC="001"/>
						<SP ID="P4_SP00051" HPOS="1142" VPOS="789" WIDTH="41"/>
						<String ID="P4_ST00059" HPOS="1183" VPOS="727" WIDTH="317" HEIGHT="52" CONTENT="Leidenschaft" WC="1.00" CC="100000306603"/>
						<SP ID="P4_SP00052" HPOS="1500" VPOS="789" WIDTH="36"/>
						<String ID="P4_ST00060" HPOS="1536" VPOS="748" WIDTH="86" HEIGHT="31" CONTENT="nur" WC="0.97" CC="710"/>
						<SP ID="P4_SP00053" HPOS="1622" VPOS="789" WIDTH="45"/>
						<String ID="P4_ST00061" HPOS="1667" VPOS="732" WIDTH="67" HEIGHT="48" CONTENT="ein" WC="1.00" CC="000"/>
					</TextLine>
					<TextLine ID="P4_TL00009" HPOS="188" VPOS="798" WIDTH="1546" HEIGHT="79">
						<String ID="P4_ST00062" HPOS="188" VPOS="798" WIDTH="300" HEIGHT="52" CONTENT="Uebermaass" WC="0.66" CC="4260526401"/>
						<SP ID="P4_SP00054" HPOS="488" VPOS="850" WIDTH="30"/>
						<String ID="P4_ST00063" HPOS="518" VPOS="803" WIDTH="272" HEIGHT="50" CONTENT="natürlicher" WC="0.98" CC="74696401742"/>
						<SP ID="P4_SP00055" HPOS="790" VPOS="853" WIDTH="31"/>
						<String ID="P4_ST00064" HPOS="821" VPOS="806" WIDTH="293" HEIGHT="62" CONTENT="Gesundheit," WC="1.00" CC="00052000260"/>
						<SP ID="P4_SP00056" HPOS="1114" VPOS="868" WIDTH="42"/>
						<String ID="P4_ST00065" HPOS="1156" VPOS="826" WIDTH="51" HEIGHT="33" CONTENT="so" WC="0.63" CC="43"/>
						<SP ID="P4_SP00057" HPOS="1207" VPOS="868" WIDTH="30"/>
						<String ID="P4_ST00066" HPOS="1237" VPOS="811" WIDTH="130" HEIGHT="66" CONTENT="lange" WC="0.96" CC="34791"/>
						<SP ID="P4_SP00058" HPOS="1367" VPOS="877" WIDTH="32"/>
						<String ID="P4_ST00067" HPOS="1399" VPOS="813" WIDTH="62" HEIGHT="49" CONTENT="sie" WC="0.99" CC="020"/>
						<SP ID="P4_SP00059" HPOS="1461" VPOS="877" WIDTH="30"/>
						<String ID="P4_ST00068" HPOS="1491" VPOS="813" WIDTH="83" HEIGHT="49" CONTENT="der" WC="0.94" CC="907"/>
						<SP ID="P4_SP00060" HPOS="1574" VPOS="877" WIDTH="39"/>
						<String ID="P4_ST00069" HPOS="1613" VPOS="815" WIDTH="91" HEIGHT="48" CONTENT="Aus" SUBS_TYPE="HypPart1" SUBS_CONTENT="Ausdruck" WC="0.96" CC="453"/>
						<HYP HPOS="1704" VPOS="815" WIDTH="30" CONTENT="-"/>
					</TextLine>
					<TextLine ID="P4_TL00010" HPOS="187" VPOS="879" WIDTH="1546" HEIGHT="80">
						<String ID="P4_ST00070" HPOS="187" VPOS="879" WIDTH="141" HEIGHT="51" CONTENT="druck" SUBS_TYPE="HypPart2" SUBS_CONTENT="Ausdruck" WC="0.98" CC="90200"/>
						<SP ID="P4_SP00061" HPOS="328" VPOS="930" WIDTH="33"/>
						<String ID="P4_ST00071" HPOS="361" VPOS="882" WIDTH="80" HEIGHT="49" CONTENT="der" WC="0.98" CC="006"/>
						<SP ID="P4_SP00062" HPOS="441" VPOS="931" WIDTH="28"/>
						<String ID="P4_ST00072" HPOS="469" VPOS="884" WIDTH="283" HEIGHT="52" CONTENT="Menschheit" WC="0.99" CC="0087265022"/>
						<SP ID="P4_SP00063" HPOS="752" VPOS="936" WIDTH="29"/>
						<String ID="P4_ST00073" HPOS="781" VPOS="906" WIDTH="55" HEIGHT="30" CONTENT="an" WC="0.41" CC="65"/>
						<SP ID="P4_SP00064" HPOS="836" VPOS="936" WIDTH="33"/>
						<String ID="P4_ST00074" HPOS="869" VPOS="888" WIDTH="90" HEIGHT="50" CONTENT="sich" WC="0.98" CC="0206"/>
						<SP ID="P4_SP00065" HPOS="959" VPOS="938" WIDTH="31"/>
						<String ID="P4_ST00075" HPOS="990" VPOS="888" WIDTH="70" HEIGHT="60" CONTENT="ist," WC="0.98" CC="3051"/>
						<SP ID="P4_SP00066" HPOS="1060" VPOS="948" WIDTH="31"/>
						<String ID="P4_ST00076" HPOS="1091" VPOS="891" WIDTH="117" HEIGHT="51" CONTENT="ohne" WC="0.97" CC="0660"/>
						<SP ID="P4_SP00067" HPOS="1208" VPOS="948" WIDTH="38"/>
						<String ID="P4_ST00077" HPOS="1246" VPOS="893" WIDTH="348" HEIGHT="66" CONTENT="widergöttlich," WC="0.99" CC="00906005810073"/>
						<SP ID="P4_SP00068" HPOS="1594" VPOS="959" WIDTH="42"/>
						<String ID="P4_ST00078" HPOS="1636" VPOS="914" WIDTH="73" HEIGHT="31" CONTENT="ver" SUBS_TYPE="HypPart1" SUBS_CONTENT="verzweifelnd" WC="0.99" CC="000"/>
						<HYP HPOS="1709" VPOS="914" WIDTH="24" CONTENT="-"/>
					</TextLine>
					<TextLine ID="P4_TL00011" HPOS="187" VPOS="963" WIDTH="1547" HEIGHT="83">
						<String ID="P4_ST00079" HPOS="187" VPOS="963" WIDTH="232" HEIGHT="52" CONTENT="zweifelnd" SUBS_TYPE="HypPart2" SUBS_CONTENT="verzweifelnd" WC="1.00" CC="700000040"/>
						<SP ID="P4_SP00069" HPOS="419" VPOS="1015" WIDTH="33"/>
						<String ID="P4_ST00080" HPOS="452" VPOS="966" WIDTH="91" HEIGHT="50" CONTENT="und" WC="0.96" CC="047"/>
						<SP ID="P4_SP00070" HPOS="543" VPOS="1016" WIDTH="30"/>
						<String ID="P4_ST00081" HPOS="573" VPOS="968" WIDTH="288" HEIGHT="52" CONTENT="vernichtend" WC="0.99" CC="00060070520"/>
						<SP ID="P4_SP00071" HPOS="861" VPOS="1020" WIDTH="33"/>
						<String ID="P4_ST00082" HPOS="894" VPOS="990" WIDTH="54" HEIGHT="30" CONTENT="zu" WC="0.44" CC="65"/>
						<SP ID="P4_SP00072" HPOS="948" VPOS="1020" WIDTH="33"/>
						<String ID="P4_ST00083" HPOS="981" VPOS="973" WIDTH="119" HEIGHT="50" CONTENT="sein:" WC="0.99" CC="00061"/>
						<SP ID="P4_SP00073" HPOS="1100" VPOS="1023" WIDTH="43"/>
						<String ID="P4_ST00084" HPOS="1143" VPOS="992" WIDTH="49" HEIGHT="32" CONTENT="so" WC="1.00" CC="00"/>
						<SP ID="P4_SP00074" HPOS="1192" VPOS="1024" WIDTH="33"/>
						<String ID="P4_ST00085" HPOS="1225" VPOS="975" WIDTH="132" HEIGHT="67" CONTENT="lange" WC="0.95" CC="36996"/>
						<SP ID="P4_SP00075" HPOS="1357" VPOS="1042" WIDTH="30"/>
						<String ID="P4_ST00086" HPOS="1387" VPOS="976" WIDTH="247" HEIGHT="70" CONTENT="behauptet" WC="0.98" CC="307369770"/>
						<SP ID="P4_SP00076" HPOS="1634" VPOS="1046" WIDTH="31"/>
						<String ID="P4_ST00087" HPOS="1665" VPOS="980" WIDTH="69" HEIGHT="48" CONTENT="die" WC="0.92" CC="956"/>
					</TextLine>
					<TextLine ID="P4_TL00012" HPOS="186" VPOS="1046" WIDTH="1544" HEIGHT="67">
						<String ID="P4_ST00088" HPOS="186" VPOS="1046" WIDTH="169" HEIGHT="50" CONTENT="schöne" WC="1.00" CC="302000"/>
						<SP ID="P4_SP00077" HPOS="355" VPOS="1096" WIDTH="31"/>
						<String ID="P4_ST00089" HPOS="386" VPOS="1049" WIDTH="314" HEIGHT="51" CONTENT="Weltlichkeit" WC="1.00" CC="008600000005"/>
						<SP ID="P4_SP00078" HPOS="700" VPOS="1100" WIDTH="31"/>
						<String ID="P4_ST00090" HPOS="731" VPOS="1052" WIDTH="94" HEIGHT="50" CONTENT="ihre" WC="0.98" CC="6300"/>
						<SP ID="P4_SP00079" HPOS="825" VPOS="1102" WIDTH="30"/>
						<String ID="P4_ST00091" HPOS="855" VPOS="1055" WIDTH="189" HEIGHT="58" CONTENT="Rechte," WC="0.99" CC="7007002"/>
						<SP ID="P4_SP00080" HPOS="1044" VPOS="1113" WIDTH="32"/>
						<String ID="P4_ST00092" HPOS="1076" VPOS="1057" WIDTH="77" HEIGHT="48" CONTENT="das" WC="0.99" CC="030"/>
						<SP ID="P4_SP00081" HPOS="1153" VPOS="1113" WIDTH="42"/>
						<String ID="P4_ST00093" HPOS="1195" VPOS="1058" WIDTH="145" HEIGHT="50" CONTENT="Recht" WC="0.98" CC="40055"/>
						<SP ID="P4_SP00082" HPOS="1340" VPOS="1113" WIDTH="42"/>
						<String ID="P4_ST00094" HPOS="1382" VPOS="1060" WIDTH="81" HEIGHT="48" CONTENT="der" WC="0.99" CC="002"/>
						<SP ID="P4_SP00083" HPOS="1463" VPOS="1113" WIDTH="40"/>
						<String ID="P4_ST00095" HPOS="1503" VPOS="1061" WIDTH="98" HEIGHT="48" CONTENT="Zeit" WC="0.99" CC="0006"/>
						<SP ID="P4_SP00084" HPOS="1601" VPOS="1113" WIDTH="41"/>
						<String ID="P4_ST00096" HPOS="1642" VPOS="1062" WIDTH="88" HEIGHT="48" CONTENT="und" WC="0.94" CC="680"/>
					</TextLine>
					<TextLine ID="P4_TL00013" HPOS="186" VPOS="1129" WIDTH="1544" HEIGHT="82">
						<String ID="P4_ST00097" HPOS="186" VPOS="1129" WIDTH="289" HEIGHT="68" CONTENT="Gegenwart." WC="0.99" CC="6004403530"/>
						<SP ID="P4_SP00085" HPOS="475" VPOS="1197" WIDTH="60"/>
						<String ID="P4_ST00098" HPOS="535" VPOS="1135" WIDTH="225" HEIGHT="64" CONTENT="Nirgends" WC="0.99" CC="60300461"/>
						<SP ID="P4_SP00086" HPOS="760" VPOS="1199" WIDTH="30"/>
						<String ID="P4_ST00099" HPOS="790" VPOS="1137" WIDTH="56" HEIGHT="48" CONTENT="ist" WC="1.00" CC="000"/>
						<SP ID="P4_SP00087" HPOS="846" VPOS="1199" WIDTH="29"/>
						<String ID="P4_ST00100" HPOS="875" VPOS="1137" WIDTH="121" HEIGHT="50" CONTENT="diese" WC="0.99" CC="04400"/>
						<SP ID="P4_SP00088" HPOS="996" VPOS="1199" WIDTH="30"/>
						<String ID="P4_ST00101" HPOS="1026" VPOS="1157" WIDTH="51" HEIGHT="32" CONTENT="so" WC="0.96" CC="00"/>
						<SP ID="P4_SP00089" HPOS="1077" VPOS="1199" WIDTH="40"/>
						<String ID="P4_ST00102" HPOS="1117" VPOS="1140" WIDTH="299" HEIGHT="50" CONTENT="vollkommen" WC="1.00" CC="0080010000"/>
						<SP ID="P4_SP00090" HPOS="1416" VPOS="1199" WIDTH="44"/>
						<String ID="P4_ST00103" HPOS="1460" VPOS="1160" WIDTH="243" HEIGHT="51" CONTENT="ausgespro" SUBS_TYPE="HypPart1" SUBS_CONTENT="ausgesprochen," WC="0.99" CC="062020205"/>
						<HYP HPOS="1703" VPOS="1160" WIDTH="27" CONTENT="-"/>
					</TextLine>
					<TextLine ID="P4_TL00014" HPOS="184" VPOS="1212" WIDTH="1546" HEIGHT="80">
						<String ID="P4_ST00104" HPOS="184" VPOS="1212" WIDTH="131" HEIGHT="60" CONTENT="chen," SUBS_TYPE="HypPart2" SUBS_CONTENT="ausgesprochen," WC="0.98" CC="52060"/>
						<SP ID="P4_SP00091" HPOS="315" VPOS="1272" WIDTH="31"/>
						<String ID="P4_ST00105" HPOS="346" VPOS="1213" WIDTH="85" HEIGHT="50" CONTENT="wie" WC="1.00" CC="000"/>
						<SP ID="P4_SP00092" HPOS="431" VPOS="1272" WIDTH="32"/>
						<String ID="P4_ST00106" HPOS="463" VPOS="1215" WIDTH="40" HEIGHT="49" CONTENT="in" WC="0.77" CC="04"/>
						<SP ID="P4_SP00093" HPOS="503" VPOS="1272" WIDTH="31"/>
						<String ID="P4_ST00107" HPOS="534" VPOS="1216" WIDTH="213" HEIGHT="51" CONTENT="Mozart's" WC="0.64" CC="80713700"/>
						<SP ID="P4_SP00094" HPOS="747" VPOS="1272" WIDTH="33"/>
						<String ID="P4_ST00108" HPOS="780" VPOS="1220" WIDTH="172" HEIGHT="66" CONTENT="Opern," WC="0.98" CC="304054"/>
						<SP ID="P4_SP00095" HPOS="952" VPOS="1286" WIDTH="45"/>
						<String ID="P4_ST00109" HPOS="997" VPOS="1221" WIDTH="143" HEIGHT="49" CONTENT="denen" WC="0.98" CC="00256"/>
						<SP ID="P4_SP00096" HPOS="1140" VPOS="1286" WIDTH="45"/>
						<String ID="P4_ST00110" HPOS="1185" VPOS="1222" WIDTH="112" HEIGHT="50" CONTENT="auch" WC="0.95" CC="5537"/>
						<SP ID="P4_SP00097" HPOS="1297" VPOS="1286" WIDTH="48"/>
						<String ID="P4_ST00111" HPOS="1345" VPOS="1223" WIDTH="78" HEIGHT="50" CONTENT="das" WC="1.00" CC="000"/>
						<SP ID="P4_SP00098" HPOS="1423" VPOS="1286" WIDTH="45"/>
						<String ID="P4_ST00112" HPOS="1468" VPOS="1226" WIDTH="262" HEIGHT="66" CONTENT="specifische" WC="0.80" CC="00005007170"/>
					</TextLine>
					<TextLine ID="P4_TL00015" HPOS="186" VPOS="1295" WIDTH="1543" HEIGHT="69">
						<String ID="P4_ST00113" HPOS="186" VPOS="1295" WIDTH="340" HEIGHT="52" CONTENT="Christenthum" WC="0.99" CC="620034446760"/>
						<SP ID="P4_SP00099" HPOS="526" VPOS="1347" WIDTH="31"/>
						<String ID="P4_ST00114" HPOS="557" VPOS="1298" WIDTH="144" HEIGHT="51" CONTENT="nichts" WC="0.97" CC="557306"/>
						<SP ID="P4_SP00100" HPOS="701" VPOS="1349" WIDTH="30"/>
						<String ID="P4_ST00115" HPOS="731" VPOS="1301" WIDTH="278" HEIGHT="52" CONTENT="Feindliches" WC="0.99" CC="00070420650"/>
						<SP ID="P4_SP00101" HPOS="1009" VPOS="1353" WIDTH="30"/>
						<String ID="P4_ST00116" HPOS="1039" VPOS="1303" WIDTH="252" HEIGHT="51" CONTENT="aufbürden" WC="0.99" CC="300705024"/>
						<SP ID="P4_SP00102" HPOS="1291" VPOS="1354" WIDTH="28"/>
						<String ID="P4_ST00117" HPOS="1319" VPOS="1306" WIDTH="132" HEIGHT="58" CONTENT="kann," WC="0.97" CC="04564"/>
						<SP ID="P4_SP00103" HPOS="1451" VPOS="1364" WIDTH="40"/>
						<String ID="P4_ST00118" HPOS="1491" VPOS="1309" WIDTH="117" HEIGHT="48" CONTENT="ohne" WC="0.98" CC="0730"/>
						<SP ID="P4_SP00104" HPOS="1608" VPOS="1364" WIDTH="43"/>
						<String ID="P4_ST00119" HPOS="1651" VPOS="1309" WIDTH="78" HEIGHT="49" CONTENT="das" WC="0.98" CC="050"/>
					</TextLine>
					<TextLine ID="P4_TL00016" HPOS="182" VPOS="1378" WIDTH="1546" HEIGHT="75">
						<String ID="P4_ST00120" HPOS="182" VPOS="1378" WIDTH="147" HEIGHT="50" CONTENT="Recht" WC="0.97" CC="60075"/>
						<SP ID="P4_SP00105" HPOS="329" VPOS="1428" WIDTH="29"/>
						<String ID="P4_ST00121" HPOS="358" VPOS="1378" WIDTH="80" HEIGHT="50" CONTENT="der" WC="1.00" CC="000"/>
						<SP ID="P4_SP00106" HPOS="438" VPOS="1428" WIDTH="30"/>
						<String ID="P4_ST00122" HPOS="468" VPOS="1381" WIDTH="247" HEIGHT="51" CONTENT="Schönheit" WC="0.99" CC="107086005"/>
						<SP ID="P4_SP00107" HPOS="715" VPOS="1432" WIDTH="30"/>
						<String ID="P4_ST00123" HPOS="745" VPOS="1383" WIDTH="139" HEIGHT="51" CONTENT="selbst" WC="0.99" CC="000600"/>
						<SP ID="P4_SP00108" HPOS="884" VPOS="1434" WIDTH="29"/>
						<String ID="P4_ST00124" HPOS="913" VPOS="1385" WIDTH="42" HEIGHT="49" CONTENT="in" WC="0.94" CC="01"/>
						<SP ID="P4_SP00109" HPOS="955" VPOS="1434" WIDTH="27"/>
						<String ID="P4_ST00125" HPOS="982" VPOS="1389" WIDTH="149" HEIGHT="64" CONTENT="Frage" WC="0.96" CC="70497"/>
						<SP ID="P4_SP00110" HPOS="1131" VPOS="1453" WIDTH="30"/>
						<String ID="P4_ST00126" HPOS="1161" VPOS="1405" WIDTH="53" HEIGHT="32" CONTENT="zu" WC="0.54" CC="62"/>
						<SP ID="P4_SP00111" HPOS="1214" VPOS="1453" WIDTH="47"/>
						<String ID="P4_ST00127" HPOS="1261" VPOS="1389" WIDTH="173" HEIGHT="49" CONTENT="stellen." WC="0.98" CC="55315014"/>
						<SP ID="P4_SP00112" HPOS="1434" VPOS="1453" WIDTH="57"/>
						<String ID="P4_ST00128" HPOS="1491" VPOS="1391" WIDTH="51" HEIGHT="48" CONTENT="In" WC="0.53" CC="62"/>
						<SP ID="P4_SP00113" HPOS="1542" VPOS="1453" WIDTH="55"/>
						<String ID="P4_ST00129" HPOS="1597" VPOS="1391" WIDTH="131" HEIGHT="50" CONTENT="ihnen" WC="0.97" CC="06840"/>
					</TextLine>
					<TextLine ID="P4_TL00017" HPOS="181" VPOS="1461" WIDTH="1543" HEIGHT="69">
						<String ID="P4_ST00130" HPOS="181" VPOS="1461" WIDTH="223" HEIGHT="49" CONTENT="erscheint" WC="0.99" CC="320020046"/>
						<SP ID="P4_SP00114" HPOS="404" VPOS="1510" WIDTH="29"/>
						<String ID="P4_ST00131" HPOS="433" VPOS="1463" WIDTH="70" HEIGHT="49" CONTENT="die" WC="0.95" CC="760"/>
						<SP ID="P4_SP00115" HPOS="503" VPOS="1512" WIDTH="29"/>
						<String ID="P4_ST00132" HPOS="532" VPOS="1463" WIDTH="140" HEIGHT="50" CONTENT="Liebe" WC="0.98" CC="00631"/>
						<SP ID="P4_SP00116" HPOS="672" VPOS="1513" WIDTH="31"/>
						<String ID="P4_ST00133" HPOS="703" VPOS="1466" WIDTH="40" HEIGHT="48" CONTENT="in" WC="0.66" CC="06"/>
						<SP ID="P4_SP00117" HPOS="743" VPOS="1514" WIDTH="46"/>
						<String ID="P4_ST00134" HPOS="789" VPOS="1467" WIDTH="274" HEIGHT="51" CONTENT="natürlicher" WC="0.99" CC="50700600200"/>
						<SP ID="P4_SP00118" HPOS="1063" VPOS="1518" WIDTH="41"/>
						<String ID="P4_ST00135" HPOS="1104" VPOS="1470" WIDTH="154" HEIGHT="60" CONTENT="Gluth," WC="0.66" CC="200863"/>
						<SP ID="P4_SP00119" HPOS="1258" VPOS="1530" WIDTH="40"/>
						<String ID="P4_ST00136" HPOS="1298" VPOS="1471" WIDTH="78" HEIGHT="50" CONTENT="das" WC="0.98" CC="040"/>
						<SP ID="P4_SP00120" HPOS="1376" VPOS="1530" WIDTH="38"/>
						<String ID="P4_ST00137" HPOS="1414" VPOS="1472" WIDTH="310" HEIGHT="51" CONTENT="Heldenthum" WC="0.99" CC="7540070760"/>
					</TextLine>
					<TextLine ID="P4_TL00018" HPOS="179" VPOS="1544" WIDTH="1546" HEIGHT="76">
						<String ID="P4_ST00138" HPOS="179" VPOS="1544" WIDTH="45" HEIGHT="48" CONTENT="in" WC="0.60" CC="70"/>
						<SP ID="P4_SP00121" HPOS="224" VPOS="1592" WIDTH="30"/>
						<String ID="P4_ST00139" HPOS="254" VPOS="1545" WIDTH="300" HEIGHT="51" CONTENT="männlichem" WC="0.99" CC="0065000403"/>
						<SP ID="P4_SP00122" HPOS="554" VPOS="1596" WIDTH="31"/>
						<String ID="P4_ST00140" HPOS="585" VPOS="1547" WIDTH="278" HEIGHT="61" CONTENT="Entzücken," WC="0.99" CC="0266000361"/>
						<SP ID="P4_SP00123" HPOS="863" VPOS="1608" WIDTH="26"/>
						<String ID="P4_ST00141" HPOS="889" VPOS="1550" WIDTH="71" HEIGHT="51" CONTENT="die" WC="0.97" CC="070"/>
						<SP ID="P4_SP00124" HPOS="960" VPOS="1608" WIDTH="31"/>
						<String ID="P4_ST00142" HPOS="991" VPOS="1552" WIDTH="287" HEIGHT="68" CONTENT="Geselligkeit" WC="1.00" CC="400002300006"/>
						<SP ID="P4_SP00125" HPOS="1278" VPOS="1620" WIDTH="25"/>
						<String ID="P4_ST00143" HPOS="1303" VPOS="1555" WIDTH="78" HEIGHT="48" CONTENT="mit" WC="0.94" CC="934"/>
						<SP ID="P4_SP00126" HPOS="1381" VPOS="1620" WIDTH="25"/>
						<String ID="P4_ST00144" HPOS="1406" VPOS="1555" WIDTH="319" HEIGHT="52" CONTENT="schalkischem" WC="0.99" CC="007100062709"/>
					</TextLine>
					<TextLine ID="P4_TL00019" HPOS="178" VPOS="1626" WIDTH="1548" HEIGHT="70">
						<String ID="P4_ST00145" HPOS="178" VPOS="1626" WIDTH="213" HEIGHT="58" CONTENT="Lächeln," WC="0.99" CC="00050640"/>
						<SP ID="P4_SP00127" HPOS="391" VPOS="1684" WIDTH="32"/>
						<String ID="P4_ST00146" HPOS="423" VPOS="1627" WIDTH="123" HEIGHT="50" CONTENT="Alles" WC="0.98" CC="26301"/>
						<SP ID="P4_SP00128" HPOS="546" VPOS="1684" WIDTH="31"/>
						<String ID="P4_ST00147" HPOS="577" VPOS="1630" WIDTH="80" HEIGHT="48" CONTENT="mit" WC="0.95" CC="724"/>
						<SP ID="P4_SP00129" HPOS="657" VPOS="1684" WIDTH="25"/>
						<String ID="P4_ST00148" HPOS="682" VPOS="1630" WIDTH="150" HEIGHT="66" CONTENT="jenem" WC="0.98" CC="39400"/>
						<SP ID="P4_SP00130" HPOS="832" VPOS="1696" WIDTH="32"/>
						<String ID="P4_ST00149" HPOS="864" VPOS="1634" WIDTH="328" HEIGHT="50" CONTENT="Zauberhauch" WC="0.99" CC="05020075305"/>
						<SP ID="P4_SP00131" HPOS="1192" VPOS="1696" WIDTH="33"/>
						<String ID="P4_ST00150" HPOS="1225" VPOS="1636" WIDTH="260" HEIGHT="59" CONTENT="umflossen," WC="0.99" CC="4070790064"/>
						<SP ID="P4_SP00132" HPOS="1485" VPOS="1696" WIDTH="43"/>
						<String ID="P4_ST00151" HPOS="1528" VPOS="1637" WIDTH="87" HEIGHT="50" CONTENT="den" WC="1.00" CC="000"/>
						<SP ID="P4_SP00133" HPOS="1615" VPOS="1696" WIDTH="43"/>
						<String ID="P4_ST00152" HPOS="1658" VPOS="1637" WIDTH="68" HEIGHT="50" CONTENT="die" WC="1.00" CC="000"/>
					</TextLine>
					<TextLine ID="P4_TL00020" HPOS="179" VPOS="1710" WIDTH="1545" HEIGHT="75">
						<String ID="P4_ST00153" HPOS="179" VPOS="1710" WIDTH="346" HEIGHT="66" CONTENT="ursprüngliche" WC="1.00" CC="5050000000272"/>
						<SP ID="P4_SP00134" HPOS="525" VPOS="1776" WIDTH="54"/>
						<String ID="P4_ST00154" HPOS="579" VPOS="1712" WIDTH="280" HEIGHT="51" CONTENT="Gesundheit" WC="0.99" CC="1206504004"/>
						<SP ID="P4_SP00135" HPOS="859" VPOS="1776" WIDTH="58"/>
						<String ID="P4_ST00155" HPOS="917" VPOS="1716" WIDTH="120" HEIGHT="50" CONTENT="eines" WC="1.00" CC="00200"/>
						<SP ID="P4_SP00136" HPOS="1037" VPOS="1776" WIDTH="61"/>
						<String ID="P4_ST00156" HPOS="1098" VPOS="1717" WIDTH="221" HEIGHT="68" CONTENT="kräftigen" WC="0.98" CC="048087904"/>
						<SP ID="P4_SP00137" HPOS="1319" VPOS="1785" WIDTH="53"/>
						<String ID="P4_ST00157" HPOS="1372" VPOS="1720" WIDTH="143" HEIGHT="50" CONTENT="Ethos" WC="0.99" CC="06020"/>
						<SP ID="P4_SP00138" HPOS="1515" VPOS="1785" WIDTH="44"/>
						<String ID="P4_ST00158" HPOS="1559" VPOS="1721" WIDTH="165" HEIGHT="50" CONTENT="diesem" WC="0.98" CC="000389"/>
					</TextLine>
					<TextLine ID="P4_TL00021" HPOS="177" VPOS="1791" WIDTH="1547" HEIGHT="69">
						<String ID="P4_ST00159" HPOS="177" VPOS="1791" WIDTH="363" HEIGHT="66" CONTENT="Hochbegabten" WC="0.99" CC="640670073004"/>
						<SP ID="P4_SP00139" HPOS="540" VPOS="1857" WIDTH="33"/>
						<String ID="P4_ST00160" HPOS="573" VPOS="1796" WIDTH="221" HEIGHT="64" CONTENT="gewährt." WC="0.98" CC="00096454"/>
						<SP ID="P4_SP00140" HPOS="794" VPOS="1860" WIDTH="60"/>
						<String ID="P4_ST00161" HPOS="854" VPOS="1799" WIDTH="131" HEIGHT="49" CONTENT="Nicht" WC="0.97" CC="94070"/>
						<SP ID="P4_SP00141" HPOS="985" VPOS="1860" WIDTH="31"/>
						<String ID="P4_ST00162" HPOS="1016" VPOS="1800" WIDTH="173" HEIGHT="50" CONTENT="minder" WC="0.99" CC="026002"/>
						<SP ID="P4_SP00142" HPOS="1189" VPOS="1860" WIDTH="29"/>
						<String ID="P4_ST00163" HPOS="1218" VPOS="1801" WIDTH="97" HEIGHT="50" CONTENT="sind" WC="0.98" CC="0460"/>
						<SP ID="P4_SP00143" HPOS="1315" VPOS="1860" WIDTH="30"/>
						<String ID="P4_ST00164" HPOS="1345" VPOS="1803" WIDTH="45" HEIGHT="48" CONTENT="in" WC="0.44" CC="55"/>
						<SP ID="P4_SP00144" HPOS="1390" VPOS="1860" WIDTH="35"/>
						<String ID="P4_ST00165" HPOS="1425" VPOS="1803" WIDTH="299" HEIGHT="50" CONTENT="Beelhoven's" WC="0.42" CC="73504488747"/>
					</TextLine>
					<TextLine ID="P4_TL00022" HPOS="176" VPOS="1872" WIDTH="1546" HEIGHT="75">
						<String ID="P4_ST00166" HPOS="176" VPOS="1872" WIDTH="257" HEIGHT="53" CONTENT="Sinfonieen" WC="0.66" CC="6044166003"/>
						<SP ID="P4_SP00145" HPOS="433" VPOS="1925" WIDTH="31"/>
						<String ID="P4_ST00167" HPOS="464" VPOS="1878" WIDTH="146" HEIGHT="48" CONTENT="neben" WC="0.98" CC="00556"/>
						<SP ID="P4_SP00146" HPOS="610" VPOS="1926" WIDTH="33"/>
						<String ID="P4_ST00168" HPOS="643" VPOS="1879" WIDTH="128" HEIGHT="48" CONTENT="allem" WC="0.98" CC="13208"/>
						<SP ID="P4_SP00147" HPOS="771" VPOS="1927" WIDTH="32"/>
						<String ID="P4_ST00169" HPOS="803" VPOS="1880" WIDTH="175" HEIGHT="67" CONTENT="Ringen" WC="0.98" CC="506007"/>
						<SP ID="P4_SP00148" HPOS="978" VPOS="1947" WIDTH="33"/>
						<String ID="P4_ST00170" HPOS="1011" VPOS="1883" WIDTH="88" HEIGHT="48" CONTENT="und" WC="0.97" CC="070"/>
						<SP ID="P4_SP00149" HPOS="1099" VPOS="1947" WIDTH="32"/>
						<String ID="P4_ST00171" HPOS="1131" VPOS="1884" WIDTH="149" HEIGHT="48" CONTENT="Rasen" WC="0.99" CC="04104"/>
						<SP ID="P4_SP00150" HPOS="1280" VPOS="1947" WIDTH="32"/>
						<String ID="P4_ST00172" HPOS="1312" VPOS="1884" WIDTH="80" HEIGHT="48" CONTENT="der" WC="1.00" CC="000"/>
						<SP ID="P4_SP00151" HPOS="1392" VPOS="1947" WIDTH="17"/>
						<String ID="P4_ST00173" HPOS="1409" VPOS="1885" WIDTH="313" HEIGHT="51" CONTENT="Leidenschaft" WC="0.99" CC="016007035696"/>
					</TextLine>
					<TextLine ID="P4_TL00023" HPOS="177" VPOS="1955" WIDTH="1545" HEIGHT="71">
						<String ID="P4_ST00174" HPOS="177" VPOS="1955" WIDTH="71" HEIGHT="50" CONTENT="die" WC="0.94" CC="922"/>
						<SP ID="P4_SP00152" HPOS="248" VPOS="2005" WIDTH="42"/>
						<String ID="P4_ST00175" HPOS="290" VPOS="1956" WIDTH="228" HEIGHT="51" CONTENT="ethischen" WC="0.99" CC="255300425"/>
						<SP ID="P4_SP00153" HPOS="518" VPOS="2007" WIDTH="44"/>
						<String ID="P4_ST00176" HPOS="562" VPOS="1960" WIDTH="388" HEIGHT="66" CONTENT="Grundgewalten" WC="0.99" CC="0070004054605"/>
						<SP ID="P4_SP00154" HPOS="950" VPOS="2026" WIDTH="46"/>
						<String ID="P4_ST00177" HPOS="996" VPOS="1964" WIDTH="197" HEIGHT="51" CONTENT="sichtbar" WC="0.99" CC="04090550"/>
						<SP ID="P4_SP00155" HPOS="1193" VPOS="2026" WIDTH="41"/>
						<String ID="P4_ST00178" HPOS="1234" VPOS="1966" WIDTH="40" HEIGHT="49" CONTENT="in" WC="0.84" CC="30"/>
						<SP ID="P4_SP00156" HPOS="1274" VPOS="2026" WIDTH="32"/>
						<String ID="P4_ST00179" HPOS="1306" VPOS="1965" WIDTH="79" HEIGHT="50" CONTENT="der" WC="0.98" CC="005"/>
						<SP ID="P4_SP00157" HPOS="1385" VPOS="2026" WIDTH="31"/>
						<String ID="P4_ST00180" HPOS="1416" VPOS="1965" WIDTH="306" HEIGHT="60" CONTENT="besonnenen," WC="0.99" CC="60043504040"/>
					</TextLine>
					<TextLine ID="P4_TL00024" HPOS="177" VPOS="2038" WIDTH="1544" HEIGHT="78">
						<String ID="P4_ST00181" HPOS="177" VPOS="2038" WIDTH="183" HEIGHT="50" CONTENT="obwohl" WC="0.98" CC="460450"/>
						<SP ID="P4_SP00158" HPOS="360" VPOS="2088" WIDTH="31"/>
						<String ID="P4_ST00182" HPOS="391" VPOS="2040" WIDTH="141" HEIGHT="51" CONTENT="durch" WC="0.99" CC="03006"/>
						<SP ID="P4_SP00159" HPOS="532" VPOS="2091" WIDTH="31"/>
						<String ID="P4_ST00183" HPOS="563" VPOS="2043" WIDTH="74" HEIGHT="48" CONTENT="ihn" WC="0.95" CC="157"/>
						<SP ID="P4_SP00160" HPOS="637" VPOS="2091" WIDTH="31"/>
						<String ID="P4_ST00184" HPOS="668" VPOS="2044" WIDTH="304" HEIGHT="51" CONTENT="neubelebten" WC="0.99" CC="54258706066"/>
						<SP ID="P4_SP00161" HPOS="972" VPOS="2095" WIDTH="42"/>
						<String ID="P4_ST00185" HPOS="1014" VPOS="2048" WIDTH="310" HEIGHT="66" CONTENT="periodischen" WC="0.99" CC="800410134772"/>
						<SP ID="P4_SP00162" HPOS="1324" VPOS="2114" WIDTH="40"/>
						<String ID="P4_ST00186" HPOS="1364" VPOS="2049" WIDTH="261" HEIGHT="67" CONTENT="Rhythmik," WC="0.98" CC="069779004"/>
						<SP ID="P4_SP00163" HPOS="1625" VPOS="2116" WIDTH="45"/>
						<String ID="P4_ST00187" HPOS="1670" VPOS="2068" WIDTH="51" HEIGHT="32" CONTENT="so" WC="0.65" CC="24"/>
					</TextLine>
					<TextLine ID="P4_TL00025" HPOS="176" VPOS="2120" WIDTH="1545" HEIGHT="71">
						<String ID="P4_ST00188" HPOS="176" VPOS="2121" WIDTH="83" HEIGHT="47" CONTENT="wie" WC="0.98" CC="060"/>
						<SP ID="P4_SP00164" HPOS="259" VPOS="2168" WIDTH="33"/>
						<String ID="P4_ST00189" HPOS="292" VPOS="2120" WIDTH="256" HEIGHT="71" CONTENT="überhaupt" WC="0.99" CC="060023605"/>
						<SP ID="P4_SP00165" HPOS="548" VPOS="2191" WIDTH="29"/>
						<String ID="P4_ST00190" HPOS="577" VPOS="2125" WIDTH="42" HEIGHT="48" CONTENT="in" WC="0.78" CC="04"/>
						<SP ID="P4_SP00166" HPOS="619" VPOS="2191" WIDTH="32"/>
						<String ID="P4_ST00191" HPOS="651" VPOS="2126" WIDTH="78" HEIGHT="49" CONTENT="der" WC="0.96" CC="046"/>
						<SP ID="P4_SP00167" HPOS="729" VPOS="2191" WIDTH="35"/>
						<String ID="P4_ST00192" HPOS="764" VPOS="2128" WIDTH="174" HEIGHT="56" CONTENT="Weise," WC="1.00" CC="000210"/>
						<SP ID="P4_SP00168" HPOS="938" VPOS="2191" WIDTH="34"/>
						<String ID="P4_ST00193" HPOS="972" VPOS="2130" WIDTH="82" HEIGHT="47" CONTENT="wie" WC="0.98" CC="050"/>
						<SP ID="P4_SP00169" HPOS="1054" VPOS="2191" WIDTH="35"/>
						<String ID="P4_ST00194" HPOS="1089" VPOS="2147" WIDTH="48" HEIGHT="32" CONTENT="er" WC="0.70" CC="05"/>
						<SP ID="P4_SP00170" HPOS="1137" VPOS="2191" WIDTH="41"/>
						<String ID="P4_ST00195" HPOS="1178" VPOS="2130" WIDTH="77" HEIGHT="50" CONTENT="das" WC="0.97" CC="025"/>
						<SP ID="P4_SP00171" HPOS="1255" VPOS="2191" WIDTH="47"/>
						<String ID="P4_ST00196" HPOS="1302" VPOS="2132" WIDTH="168" HEIGHT="49" CONTENT="Pathos" WC="0.99" CC="010420"/>
						<SP ID="P4_SP00172" HPOS="1470" VPOS="2191" WIDTH="42"/>
						<String ID="P4_ST00197" HPOS="1512" VPOS="2133" WIDTH="209" HEIGHT="58" CONTENT="einführt," WC="0.99" CC="000806064"/>
					</TextLine>
					<TextLine ID="P4_TL00026" HPOS="174" VPOS="2203" WIDTH="1545" HEIGHT="78">
						<String ID="P4_ST00198" HPOS="174" VPOS="2203" WIDTH="261" HEIGHT="52" CONTENT="durchsetzt" WC="0.99" CC="8602610200"/>
						<SP ID="P4_SP00173" HPOS="435" VPOS="2255" WIDTH="26"/>
						<String ID="P4_ST00199" HPOS="461" VPOS="2208" WIDTH="91" HEIGHT="48" CONTENT="und" WC="0.98" CC="220"/>
						<SP ID="P4_SP00174" HPOS="552" VPOS="2256" WIDTH="30"/>
						<String ID="P4_ST00200" HPOS="582" VPOS="2208" WIDTH="277" HEIGHT="52" CONTENT="abschliesst." WC="0.60" CC="750751160073"/>
						<SP ID="P4_SP00175" HPOS="859" VPOS="2260" WIDTH="57"/>
						<String ID="P4_ST00201" HPOS="916" VPOS="2213" WIDTH="133" HEIGHT="48" CONTENT="Denn" WC="0.98" CC="0044"/>
						<SP ID="P4_SP00176" HPOS="1049" VPOS="2261" WIDTH="41"/>
						<String ID="P4_ST00202" HPOS="1090" VPOS="2213" WIDTH="113" HEIGHT="51" CONTENT="auch" WC="0.98" CC="2006"/>
						<SP ID="P4_SP00177" HPOS="1203" VPOS="2264" WIDTH="41"/>
						<String ID="P4_ST00203" HPOS="1244" VPOS="2231" WIDTH="63" HEIGHT="40" CONTENT="er," WC="0.98" CC="060"/>
						<SP ID="P4_SP00178" HPOS="1307" VPOS="2271" WIDTH="32"/>
						<String ID="P4_ST00204" HPOS="1339" VPOS="2214" WIDTH="80" HEIGHT="48" CONTENT="der" WC="0.99" CC="011"/>
						<SP ID="P4_SP00179" HPOS="1419" VPOS="2271" WIDTH="29"/>
						<String ID="P4_ST00205" HPOS="1448" VPOS="2215" WIDTH="244" HEIGHT="66" CONTENT="Hochtragi" SUBS_TYPE="HypPart1" SUBS_CONTENT="Hochtragische," WC="0.80" CC="620700300"/>
						<HYP HPOS="1692" VPOS="2215" WIDTH="27" CONTENT="-"/>
					</TextLine>
					<TextLine ID="P4_TL00027" HPOS="174" VPOS="2285" WIDTH="1545" HEIGHT="71">
						<String ID="P4_ST00206" HPOS="174" VPOS="2285" WIDTH="122" HEIGHT="60" CONTENT="sche," SUBS_TYPE="HypPart2" SUBS_CONTENT="Hochtragische," WC="0.64" CC="64600"/>
						<SP ID="P4_SP00180" HPOS="296" VPOS="2345" WIDTH="31"/>
						<String ID="P4_ST00207" HPOS="327" VPOS="2288" WIDTH="80" HEIGHT="49" CONTENT="der" WC="0.99" CC="003"/>
						<SP ID="P4_SP00181" HPOS="407" VPOS="2345" WIDTH="30"/>
						<String ID="P4_ST00208" HPOS="437" VPOS="2289" WIDTH="278" HEIGHT="67" CONTENT="pathetische" WC="0.99" CC="00060404330"/>
						<SP ID="P4_SP00182" HPOS="715" VPOS="2356" WIDTH="31"/>
						<String ID="P4_ST00209" HPOS="746" VPOS="2294" WIDTH="165" HEIGHT="57" CONTENT="Heros," WC="0.98" CC="512060"/>
						<SP ID="P4_SP00183" HPOS="911" VPOS="2356" WIDTH="34"/>
						<String ID="P4_ST00210" HPOS="945" VPOS="2295" WIDTH="109" HEIGHT="50" CONTENT="lässt" WC="0.79" CC="50050"/>
						<SP ID="P4_SP00184" HPOS="1054" VPOS="2356" WIDTH="32"/>
						<String ID="P4_ST00211" HPOS="1086" VPOS="2295" WIDTH="78" HEIGHT="50" CONTENT="das" WC="0.98" CC="060"/>
						<SP ID="P4_SP00185" HPOS="1164" VPOS="2356" WIDTH="28"/>
						<String ID="P4_ST00212" HPOS="1192" VPOS="2297" WIDTH="146" HEIGHT="49" CONTENT="Ethos" WC="0.98" CC="08420"/>
						<SP ID="P4_SP00186" HPOS="1338" VPOS="2356" WIDTH="31"/>
						<String ID="P4_ST00213" HPOS="1369" VPOS="2297" WIDTH="121" HEIGHT="49" CONTENT="nicht" WC="0.98" CC="60073"/>
						<SP ID="P4_SP00187" HPOS="1490" VPOS="2356" WIDTH="43"/>
						<String ID="P4_ST00214" HPOS="1533" VPOS="2298" WIDTH="57" HEIGHT="49" CONTENT="im" WC="1.00" CC="00"/>
						<SP ID="P4_SP00188" HPOS="1590" VPOS="2356" WIDTH="47"/>
						<String ID="P4_ST00215" HPOS="1637" VPOS="2299" WIDTH="55" HEIGHT="48" CONTENT="Pa" SUBS_TYPE="HypPart1" SUBS_CONTENT="Pathos" WC="1.00" CC="00"/>
						<HYP HPOS="1692" VPOS="2299" WIDTH="27" CONTENT="-"/>
					</TextLine>
					<TextLine ID="P4_TL00028" HPOS="172" VPOS="2368" WIDTH="1548" HEIGHT="78">
						<String ID="P4_ST00216" HPOS="172" VPOS="2368" WIDTH="104" HEIGHT="49" CONTENT="thos" SUBS_TYPE="HypPart2" SUBS_CONTENT="Pathos" WC="0.98" CC="0720"/>
						<SP ID="P4_SP00189" HPOS="276" VPOS="2417" WIDTH="33"/>
						<String ID="P4_ST00217" HPOS="309" VPOS="2373" WIDTH="296" HEIGHT="63" CONTENT="untergehen," WC="0.99" CC="54006006070"/>
						<SP ID="P4_SP00190" HPOS="605" VPOS="2436" WIDTH="32"/>
						<String ID="P4_ST00218" HPOS="637" VPOS="2375" WIDTH="194" HEIGHT="50" CONTENT="sondern" WC="0.97" CC="0299648"/>
						<SP ID="P4_SP00191" HPOS="831" VPOS="2436" WIDTH="34"/>
						<String ID="P4_ST00219" HPOS="865" VPOS="2377" WIDTH="41" HEIGHT="48" CONTENT="in" WC="0.85" CC="11"/>
						<SP ID="P4_SP00192" HPOS="906" VPOS="2436" WIDTH="32"/>
						<String ID="P4_ST00220" HPOS="938" VPOS="2379" WIDTH="466" HEIGHT="65" CONTENT="organischerWeise" WC="0.60" CC="3595616644004201"/>
						<SP ID="P4_SP00193" HPOS="1404" VPOS="2444" WIDTH="28"/>
						<String ID="P4_ST00221" HPOS="1432" VPOS="2379" WIDTH="85" HEIGHT="50" CONTENT="den" WC="0.99" CC="010"/>
						<SP ID="P4_SP00194" HPOS="1517" VPOS="2444" WIDTH="28"/>
						<String ID="P4_ST00222" HPOS="1545" VPOS="2380" WIDTH="175" HEIGHT="66" CONTENT="ewigen" WC="0.99" CC="000054"/>
					</TextLine>
					<TextLine ID="P4_TL00029" HPOS="171" VPOS="2450" WIDTH="1548" HEIGHT="70">
						<String ID="P4_ST00223" HPOS="171" VPOS="2450" WIDTH="318" HEIGHT="66" CONTENT="Hintergrund" WC="0.99" CC="70000400360"/>
						<SP ID="P4_SP00195" HPOS="489" VPOS="2516" WIDTH="31"/>
						<String ID="P4_ST00224" HPOS="520" VPOS="2454" WIDTH="226" HEIGHT="61" CONTENT="leuchten," WC="0.99" CC="004035052"/>
						<SP ID="P4_SP00196" HPOS="746" VPOS="2516" WIDTH="42"/>
						<String ID="P4_ST00225" HPOS="788" VPOS="2458" WIDTH="80" HEIGHT="48" CONTENT="der" WC="1.00" CC="000"/>
						<SP ID="P4_SP00197" HPOS="868" VPOS="2516" WIDTH="42"/>
						<String ID="P4_ST00226" HPOS="910" VPOS="2458" WIDTH="78" HEIGHT="49" CONTENT="der" WC="0.95" CC="056"/>
						<SP ID="P4_SP00198" HPOS="988" VPOS="2516" WIDTH="41"/>
						<String ID="P4_ST00227" HPOS="1029" VPOS="2460" WIDTH="370" HEIGHT="50" CONTENT="Leidenschaften" WC="0.99" CC="62607055653700"/>
						<SP ID="P4_SP00199" HPOS="1399" VPOS="2516" WIDTH="48"/>
						<String ID="P4_ST00228" HPOS="1447" VPOS="2462" WIDTH="134" HEIGHT="58" CONTENT="Quell" WC="0.97" CC="43055"/>
						<SP ID="P4_SP00200" HPOS="1581" VPOS="2520" WIDTH="46"/>
						<String ID="P4_ST00229" HPOS="1627" VPOS="2463" WIDTH="92" HEIGHT="50" CONTENT="und" WC="0.98" CC="310"/>
					</TextLine>
					<TextLine ID="P4_TL00030" HPOS="169" VPOS="2534" WIDTH="1550" HEIGHT="78">
						<String ID="P4_ST00230" HPOS="169" VPOS="2534" WIDTH="242" HEIGHT="69" CONTENT="Mündung" WC="0.99" CC="6020460"/>
						<SP ID="P4_SP00201" HPOS="411" VPOS="2603" WIDTH="29"/>
						<String ID="P4_ST00231" HPOS="440" VPOS="2537" WIDTH="80" HEIGHT="59" CONTENT="ist;" WC="0.97" CC="7024"/>
						<SP ID="P4_SP00202" HPOS="520" VPOS="2603" WIDTH="34"/>
						<String ID="P4_ST00232" HPOS="554" VPOS="2539" WIDTH="105" HEIGHT="48" CONTENT="weit" WC="0.97" CC="0056"/>
						<SP ID="P4_SP00203" HPOS="659" VPOS="2603" WIDTH="31"/>
						<String ID="P4_ST00233" HPOS="690" VPOS="2540" WIDTH="196" HEIGHT="49" CONTENT="entfernt" WC="0.99" CC="07502360"/>
						<SP ID="P4_SP00204" HPOS="886" VPOS="2603" WIDTH="20"/>
						<String ID="P4_ST00234" HPOS="906" VPOS="2558" WIDTH="85" HEIGHT="33" CONTENT="von" WC="0.96" CC="047"/>
						<SP ID="P4_SP00205" HPOS="991" VPOS="2603" WIDTH="27"/>
						<String ID="P4_ST00235" HPOS="1018" VPOS="2543" WIDTH="294" HEIGHT="50" CONTENT="fieberischen" WC="0.99" CC="004503040504"/>
						<SP ID="P4_SP00206" HPOS="1312" VPOS="2603" WIDTH="19"/>
						<String ID="P4_ST00236" HPOS="1331" VPOS="2544" WIDTH="264" HEIGHT="68" CONTENT="Krämpfen," WC="0.99" CC="019000063"/>
						<SP ID="P4_SP00207" HPOS="1595" VPOS="2612" WIDTH="22"/>
						<String ID="P4_ST00237" HPOS="1617" VPOS="2544" WIDTH="77" HEIGHT="50" CONTENT="der" SUBS_TYPE="HypPart1" SUBS_CONTENT="dergleichen" WC="0.99" CC="020"/>
						<HYP HPOS="1694" VPOS="2544" WIDTH="25" CONTENT="-"/>
					</TextLine>
					<TextLine ID="P4_TL00031" HPOS="171" VPOS="2617" WIDTH="1544" HEIGHT="71">
						<String ID="P4_ST00238" HPOS="171" VPOS="2617" WIDTH="200" HEIGHT="66" CONTENT="gleichen" SUBS_TYPE="HypPart2" SUBS_CONTENT="dergleichen" WC="0.98" CC="94050645"/>
						<SP ID="P4_SP00208" HPOS="371" VPOS="2683" WIDTH="32"/>
						<String ID="P4_ST00239" HPOS="403" VPOS="2623" WIDTH="154" HEIGHT="62" CONTENT="später" WC="0.98" CC="400445"/>
						<SP ID="P4_SP00209" HPOS="557" VPOS="2685" WIDTH="29"/>
						<String ID="P4_ST00240" HPOS="586" VPOS="2622" WIDTH="241" HEIGHT="66" CONTENT="gleichsam" WC="0.99" CC="050303220"/>
						<SP ID="P4_SP00210" HPOS="827" VPOS="2688" WIDTH="32"/>
						<String ID="P4_ST00241" HPOS="859" VPOS="2632" WIDTH="133" HEIGHT="41" CONTENT="unter" WC="0.98" CC="00840"/>
						<SP ID="P4_SP00211" HPOS="992" VPOS="2688" WIDTH="31"/>
						<String ID="P4_ST00242" HPOS="1023" VPOS="2624" WIDTH="100" HEIGHT="50" CONTENT="dem" WC="1.00" CC="000"/>
						<SP ID="P4_SP00212" HPOS="1123" VPOS="2688" WIDTH="32"/>
						<String ID="P4_ST00243" HPOS="1155" VPOS="2626" WIDTH="179" HEIGHT="49" CONTENT="Schilde" WC="0.99" CC="5042600"/>
						<SP ID="P4_SP00213" HPOS="1334" VPOS="2688" WIDTH="23"/>
						<String ID="P4_ST00244" HPOS="1357" VPOS="2627" WIDTH="144" HEIGHT="49" CONTENT="seines" WC="0.99" CC="002400"/>
						<SP ID="P4_SP00214" HPOS="1501" VPOS="2688" WIDTH="18"/>
						<String ID="P4_ST00245" HPOS="1519" VPOS="2628" WIDTH="196" HEIGHT="48" CONTENT="Namens" WC="0.98" CC="950030"/>
					</TextLine>
					<TextLine ID="P4_TL00032" HPOS="168" VPOS="2699" WIDTH="1544" HEIGHT="69">
						<String ID="P4_ST00246" HPOS="168" VPOS="2699" WIDTH="170" HEIGHT="51" CONTENT="Pathos" WC="0.98" CC="030565"/>
						<SP ID="P4_SP00215" HPOS="338" VPOS="2750" WIDTH="32"/>
						<String ID="P4_ST00247" HPOS="370" VPOS="2703" WIDTH="235" HEIGHT="65" CONTENT="geheissen" WC="0.89" CC="002402000"/>
						<SP ID="P4_SP00216" HPOS="605" VPOS="2768" WIDTH="34"/>
						<String ID="P4_ST00248" HPOS="639" VPOS="2706" WIDTH="203" HEIGHT="57" CONTENT="wurden," WC="0.99" CC="0540030"/>
						<SP ID="P4_SP00217" HPOS="842" VPOS="2768" WIDTH="32"/>
						<String ID="P4_ST00249" HPOS="874" VPOS="2706" WIDTH="137" HEIGHT="49" CONTENT="bleibt" WC="0.98" CC="700066"/>
						<SP ID="P4_SP00218" HPOS="1011" VPOS="2768" WIDTH="31"/>
						<String ID="P4_ST00250" HPOS="1042" VPOS="2725" WIDTH="48" HEIGHT="30" CONTENT="er" WC="0.63" CC="70"/>
						<SP ID="P4_SP00219" HPOS="1090" VPOS="2768" WIDTH="30"/>
						<String ID="P4_ST00251" HPOS="1120" VPOS="2708" WIDTH="114" HEIGHT="50" CONTENT="doch" WC="0.97" CC="0662"/>
						<SP ID="P4_SP00220" HPOS="1234" VPOS="2768" WIDTH="26"/>
						<String ID="P4_ST00252" HPOS="1260" VPOS="2708" WIDTH="80" HEIGHT="50" CONTENT="der" WC="0.98" CC="050"/>
						<SP ID="P4_SP00221" HPOS="1340" VPOS="2768" WIDTH="23"/>
						<String ID="P4_ST00253" HPOS="1363" VPOS="2708" WIDTH="213" HEIGHT="50" CONTENT="innerlich" WC="0.99" CC="000036006"/>
						<SP ID="P4_SP00222" HPOS="1576" VPOS="2768" WIDTH="19"/>
						<String ID="P4_ST00254" HPOS="1595" VPOS="2708" WIDTH="94" HEIGHT="50" CONTENT="kräf" SUBS_TYPE="HypPart1" SUBS_CONTENT="kräftige," WC="0.99" CC="0000"/>
						<HYP HPOS="1689" VPOS="2708" WIDTH="23" CONTENT="-"/>
					</TextLine>
					<TextLine ID="P4_TL00033" HPOS="168" VPOS="2780" WIDTH="1544" HEIGHT="77">
						<String ID="P4_ST00255" HPOS="168" VPOS="2780" WIDTH="107" HEIGHT="67" CONTENT="tige," SUBS_TYPE="HypPart2" SUBS_CONTENT="kräftige," WC="0.99" CC="01032"/>
						<SP ID="P4_SP00223" HPOS="275" VPOS="2847" WIDTH="44"/>
						<String ID="P4_ST00256" HPOS="319" VPOS="2784" WIDTH="122" HEIGHT="51" CONTENT="reine" WC="0.99" CC="00054"/>
						<SP ID="P4_SP00224" HPOS="441" VPOS="2847" WIDTH="39"/>
						<String ID="P4_ST00257" HPOS="480" VPOS="2788" WIDTH="232" HEIGHT="57" CONTENT="Künstler," WC="0.99" CC="006043430"/>
						<SP ID="P4_SP00225" HPOS="712" VPOS="2847" WIDTH="54"/>
						<String ID="P4_ST00258" HPOS="766" VPOS="2789" WIDTH="90" HEIGHT="50" CONTENT="und" WC="0.96" CC="550"/>
						<SP ID="P4_SP00226" HPOS="856" VPOS="2847" WIDTH="41"/>
						<String ID="P4_ST00259" HPOS="897" VPOS="2789" WIDTH="142" HEIGHT="50" CONTENT="selbst" WC="0.98" CC="053606"/>
						<SP ID="P4_SP00227" HPOS="1039" VPOS="2847" WIDTH="43"/>
						<String ID="P4_ST00260" HPOS="1082" VPOS="2807" WIDTH="73" HEIGHT="33" CONTENT="wo" WC="1.00" CC="00"/>
						<SP ID="P4_SP00228" HPOS="1155" VPOS="2847" WIDTH="43"/>
						<String ID="P4_ST00261" HPOS="1198" VPOS="2791" WIDTH="90" HEIGHT="49" CONTENT="ihm" WC="0.95" CC="056"/>
						<SP ID="P4_SP00229" HPOS="1288" VPOS="2847" WIDTH="34"/>
						<String ID="P4_ST00262" HPOS="1322" VPOS="2792" WIDTH="306" HEIGHT="65" CONTENT="Versöhnung" WC="0.99" CC="0130034169"/>
						<SP ID="P4_SP00230" HPOS="1628" VPOS="2857" WIDTH="30"/>
						<String ID="P4_ST00263" HPOS="1658" VPOS="2810" WIDTH="54" HEIGHT="31" CONTENT="zu" WC="0.72" CC="50"/>
					</TextLine>
					<TextLine ID="P4_TL00034" HPOS="169" VPOS="2866" WIDTH="1539" HEIGHT="73">
						<String ID="P4_ST00264" HPOS="169" VPOS="2866" WIDTH="146" HEIGHT="49" CONTENT="fehlen" WC="0.98" CC="930047"/>
						<SP ID="P4_SP00231" HPOS="315" VPOS="2915" WIDTH="31"/>
						<String ID="P4_ST00265" HPOS="346" VPOS="2869" WIDTH="184" HEIGHT="60" CONTENT="scheint," WC="0.99" CC="00604261"/>
						<SP ID="P4_SP00232" HPOS="530" VPOS="2929" WIDTH="29"/>
						<String ID="P4_ST00266" HPOS="559" VPOS="2871" WIDTH="93" HEIGHT="49" CONTENT="ist's" WC="0.99" CC="00005"/>
						<SP ID="P4_SP00233" HPOS="652" VPOS="2929" WIDTH="30"/>
						<String ID="P4_ST00267" HPOS="682" VPOS="2872" WIDTH="115" HEIGHT="49" CONTENT="doch" WC="0.96" CC="9206"/>
						<SP ID="P4_SP00234" HPOS="797" VPOS="2929" WIDTH="31"/>
						<String ID="P4_ST00268" HPOS="828" VPOS="2872" WIDTH="121" HEIGHT="49" CONTENT="nicht" WC="0.98" CC="41062"/>
						<SP ID="P4_SP00235" HPOS="949" VPOS="2929" WIDTH="31"/>
						<String ID="P4_ST00269" HPOS="980" VPOS="2873" WIDTH="120" HEIGHT="48" CONTENT="reine" WC="0.99" CC="12070"/>
						<SP ID="P4_SP00236" HPOS="1100" VPOS="2929" WIDTH="34"/>
						<String ID="P4_ST00270" HPOS="1134" VPOS="2873" WIDTH="437" HEIGHT="66" CONTENT="Vernichtungslust," WC="0.99" CC="90400066650655570"/>
						<SP ID="P4_SP00237" HPOS="1571" VPOS="2939" WIDTH="45"/>
						<String ID="P4_ST00271" HPOS="1616" VPOS="2892" WIDTH="92" HEIGHT="32" CONTENT="was" WC="1.00" CC="000"/>
					</TextLine>
					<TextLine ID="P4_TL00035" HPOS="168" VPOS="2949" WIDTH="1540" HEIGHT="66">
						<String ID="P4_ST00272" HPOS="168" VPOS="2966" WIDTH="50" HEIGHT="32" CONTENT="er" WC="1.00" CC="00"/>
						<SP ID="P4_SP00238" HPOS="218" VPOS="2998" WIDTH="30"/>
						<String ID="P4_ST00273" HPOS="248" VPOS="2949" WIDTH="142" HEIGHT="66" CONTENT="singt:" WC="0.99" CC="205050"/>
						<SP ID="P4_SP00239" HPOS="390" VPOS="3015" WIDTH="32"/>
						<String ID="P4_ST00274" HPOS="422" VPOS="2952" WIDTH="159" HEIGHT="51" CONTENT="immer" WC="0.99" CC="04001"/>
						<SP ID="P4_SP00240" HPOS="581" VPOS="3015" WIDTH="30"/>
						<String ID="P4_ST00275" HPOS="611" VPOS="2954" WIDTH="236" HEIGHT="50" CONTENT="vernimmt" WC="0.99" CC="04257005"/>
						<SP ID="P4_SP00241" HPOS="847" VPOS="3015" WIDTH="23"/>
						<String ID="P4_ST00276" HPOS="870" VPOS="2972" WIDTH="102" HEIGHT="32" CONTENT="man" WC="1.00" CC="000"/>
						<SP ID="P4_SP00242" HPOS="972" VPOS="3015" WIDTH="29"/>
						<String ID="P4_ST00277" HPOS="1001" VPOS="2954" WIDTH="85" HEIGHT="50" CONTENT="den" WC="1.00" CC="000"/>
						<SP ID="P4_SP00243" HPOS="1086" VPOS="3015" WIDTH="24"/>
						<String ID="P4_ST00278" HPOS="1110" VPOS="2956" WIDTH="168" HEIGHT="57" CONTENT="reinen," WC="0.99" CC="0000504"/>
						<SP ID="P4_SP00244" HPOS="1278" VPOS="3015" WIDTH="32"/>
						<String ID="P4_ST00279" HPOS="1310" VPOS="2954" WIDTH="279" HEIGHT="51" CONTENT="seienden" WC="0.99" CC="00615000"/>
						<SP ID="P4_SP00245" HPOS="1589" VPOS="3015" WIDTH="32"/>
						<String ID="P4_ST00280" HPOS="1621" VPOS="2956" WIDTH="58" HEIGHT="49" CONTENT="Ge" SUBS_TYPE="HypPart1" SUBS_CONTENT="Gesang" WC="0.98" CC="00"/>
						<HYP HPOS="1679" VPOS="2956" WIDTH="29" CONTENT="-"/>
					</TextLine>
					<TextLine ID="P4_TL00036" HPOS="165" VPOS="3033" WIDTH="1543" HEIGHT="65">
						<String ID="P4_ST00281" HPOS="165" VPOS="3048" WIDTH="111" HEIGHT="50" CONTENT="sang" SUBS_TYPE="HypPart2" SUBS_CONTENT="Gesang" WC="0.96" CC="3049"/>
						<SP ID="P4_SP00246" HPOS="276" VPOS="3098" WIDTH="30"/>
						<String ID="P4_ST00282" HPOS="306" VPOS="3033" WIDTH="115" HEIGHT="51" CONTENT="über" WC="0.96" CC="8620"/>
						<SP ID="P4_SP00247" HPOS="421" VPOS="3098" WIDTH="29"/>
						<String ID="P4_ST00283" HPOS="450" VPOS="3036" WIDTH="103" HEIGHT="49" CONTENT="dem" WC="0.98" CC="004"/>
						<SP ID="P4_SP00248" HPOS="553" VPOS="3098" WIDTH="30"/>
						<String ID="P4_ST00284" HPOS="583" VPOS="3037" WIDTH="200" HEIGHT="58" CONTENT="Sturme," WC="0.99" CC="0455200"/>
						<SP ID="P4_SP00249" HPOS="783" VPOS="3098" WIDTH="30"/>
						<String ID="P4_ST00285" HPOS="813" VPOS="3046" WIDTH="150" HEIGHT="49" CONTENT="unter," WC="0.98" CC="664200"/>
						<SP ID="P4_SP00250" HPOS="963" VPOS="3098" WIDTH="32"/>
						<String ID="P4_ST00286" HPOS="995" VPOS="3055" WIDTH="78" HEIGHT="32" CONTENT="vor" WC="1.00" CC="000"/>
						<SP ID="P4_SP00251" HPOS="1073" VPOS="3098" WIDTH="32"/>
						<String ID="P4_ST00287" HPOS="1105" VPOS="3038" WIDTH="90" HEIGHT="50" CONTENT="und" WC="0.99" CC="020"/>
						<SP ID="P4_SP00252" HPOS="1195" VPOS="3098" WIDTH="31"/>
						<String ID="P4_ST00288" HPOS="1226" VPOS="3038" WIDTH="113" HEIGHT="49" CONTENT="nach" WC="0.97" CC="5600"/>
						<SP ID="P4_SP00253" HPOS="1339" VPOS="3098" WIDTH="23"/>
						<String ID="P4_ST00289" HPOS="1362" VPOS="3038" WIDTH="105" HEIGHT="49" CONTENT="ihm." WC="0.99" CC="0302"/>
						<SP ID="P4_SP00254" HPOS="1467" VPOS="3098" WIDTH="33"/>
						<String ID="P4_ST00290" HPOS="1500" VPOS="3040" WIDTH="54" HEIGHT="49" CONTENT="W" WC="1.00" CC="9"/>
						<String ID="P4_ST00291" HPOS="1555" VPOS="3040" WIDTH="10" HEIGHT="11" CONTENT="T" STYLE="superscript" WC="0.54" CC="4"/>
						<String ID="P4_ST00292" HPOS="1570" VPOS="3040" WIDTH="39" HEIGHT="48" CONTENT="ie" WC="0.93" CC="10"/>
						<SP ID="P4_SP00255" HPOS="1609" VPOS="3098" WIDTH="23"/>
						<String ID="P4_ST00293" HPOS="1632" VPOS="3056" WIDTH="51" HEIGHT="33" CONTENT="an" SUBS_TYPE="HypPart1" SUBS_CONTENT="anders" WC="0.98" CC="30"/>
						<HYP HPOS="1683" VPOS="3056" WIDTH="25" CONTENT="-"/>
					</TextLine>
					<TextLine ID="P4_TL00037" HPOS="167" VPOS="3114" WIDTH="1543" HEIGHT="73">
						<String ID="P4_ST00294" HPOS="167" VPOS="3114" WIDTH="105" HEIGHT="50" CONTENT="ders" SUBS_TYPE="HypPart2" SUBS_CONTENT="anders" WC="0.96" CC="9006"/>
						<SP ID="P4_SP00256" HPOS="272" VPOS="3164" WIDTH="31"/>
						<String ID="P4_ST00295" HPOS="303" VPOS="3116" WIDTH="68" HEIGHT="49" CONTENT="die" WC="0.99" CC="002"/>
						<SP ID="P4_SP00257" HPOS="371" VPOS="3165" WIDTH="29"/>
						<String ID="P4_ST00296" HPOS="400" VPOS="3120" WIDTH="357" HEIGHT="66" CONTENT="Schwächlinge," WC="0.99" CC="0000607507903"/>
						<SP ID="P4_SP00258" HPOS="757" VPOS="3186" WIDTH="32"/>
						<String ID="P4_ST00297" HPOS="789" VPOS="3120" WIDTH="69" HEIGHT="49" CONTENT="die" WC="1.00" CC="000"/>
						<SP ID="P4_SP00259" HPOS="858" VPOS="3186" WIDTH="30"/>
						<String ID="P4_ST00298" HPOS="888" VPOS="3120" WIDTH="42" HEIGHT="49" CONTENT="in" WC="0.68" CC="60"/>
						<SP ID="P4_SP00260" HPOS="930" VPOS="3186" WIDTH="32"/>
						<String ID="P4_ST00299" HPOS="962" VPOS="3120" WIDTH="275" HEIGHT="50" CONTENT="kindischem" WC="0.99" CC="0010430502"/>
						<SP ID="P4_SP00261" HPOS="1237" VPOS="3186" WIDTH="31"/>
						<String ID="P4_ST00300" HPOS="1268" VPOS="3121" WIDTH="150" HEIGHT="49" CONTENT="Zorne" WC="0.98" CC="02233"/>
						<SP ID="P4_SP00262" HPOS="1418" VPOS="3186" WIDTH="16"/>
						<String ID="P4_ST00301" HPOS="1434" VPOS="3139" WIDTH="145" HEIGHT="48" CONTENT="gegen" WC="0.95" CC="55987"/>
						<SP ID="P4_SP00263" HPOS="1579" VPOS="3187" WIDTH="19"/>
						<String ID="P4_ST00302" HPOS="1598" VPOS="3121" WIDTH="112" HEIGHT="51" CONTENT="Gott" WC="0.97" CC="5007"/>
					</TextLine>
					<TextLine ID="P4_TL00038" HPOS="167" VPOS="3198" WIDTH="1539" HEIGHT="70">
						<String ID="P4_ST00303" HPOS="167" VPOS="3198" WIDTH="92" HEIGHT="50" CONTENT="und" WC="0.98" CC="130"/>
						<SP ID="P4_SP00264" HPOS="259" VPOS="3248" WIDTH="30"/>
						<String ID="P4_ST00304" HPOS="289" VPOS="3201" WIDTH="146" HEIGHT="48" CONTENT="Natur" WC="0.98" CC="93500"/>
						<SP ID="P4_SP00265" HPOS="435" VPOS="3249" WIDTH="29"/>
						<String ID="P4_ST00305" HPOS="464" VPOS="3220" WIDTH="54" HEIGHT="30" CONTENT="zu" WC="0.41" CC="65"/>
						<SP ID="P4_SP00266" HPOS="518" VPOS="3250" WIDTH="28"/>
						<String ID="P4_ST00306" HPOS="546" VPOS="3220" WIDTH="131" HEIGHT="32" CONTENT="rasen" WC="0.99" CC="43000"/>
						<SP ID="P4_SP00267" HPOS="677" VPOS="3252" WIDTH="31"/>
						<String ID="P4_ST00307" HPOS="708" VPOS="3202" WIDTH="246" HEIGHT="66" CONTENT="vorgeben," WC="1.00" CC="701000002"/>
						<SP ID="P4_SP00268" HPOS="954" VPOS="3268" WIDTH="31"/>
						<String ID="P4_ST00308" HPOS="985" VPOS="3203" WIDTH="90" HEIGHT="50" CONTENT="und" WC="0.98" CC="060"/>
						<SP ID="P4_SP00269" HPOS="1075" VPOS="3268" WIDTH="40"/>
						<String ID="P4_ST00309" HPOS="1115" VPOS="3205" WIDTH="45" HEIGHT="48" CONTENT="in" WC="0.95" CC="00"/>
						<SP ID="P4_SP00270" HPOS="1160" VPOS="3268" WIDTH="42"/>
						<String ID="P4_ST00310" HPOS="1202" VPOS="3203" WIDTH="156" HEIGHT="50" CONTENT="kunst-" WC="0.72" CC="036023"/>
						<SP ID="P4_SP00271" HPOS="1358" VPOS="3268" WIDTH="42"/>
						<String ID="P4_ST00311" HPOS="1400" VPOS="3203" WIDTH="90" HEIGHT="50" CONTENT="und" WC="0.97" CC="070"/>
						<SP ID="P4_SP00272" HPOS="1490" VPOS="3268" WIDTH="46"/>
						<String ID="P4_ST00312" HPOS="1536" VPOS="3205" WIDTH="146" HEIGHT="49" CONTENT="seelen" SUBS_TYPE="HypPart1" SUBS_CONTENT="seelenlosen" WC="0.99" CC="002400"/>
						<HYP HPOS="1682" VPOS="3205" WIDTH="24" CONTENT="-"/>
					</TextLine>
					<TextLine ID="P4_TL00039" HPOS="164" VPOS="3283" WIDTH="1433" HEIGHT="69">
						<String ID="P4_ST00313" HPOS="164" VPOS="3283" WIDTH="127" HEIGHT="49" CONTENT="losen" SUBS_TYPE="HypPart2" SUBS_CONTENT="seelenlosen" WC="0.99" CC="13000"/>
						<SP ID="P4_SP00273" HPOS="291" VPOS="3332" WIDTH="29"/>
						<String ID="P4_ST00314" HPOS="320" VPOS="3283" WIDTH="183" HEIGHT="50" CONTENT="Bildern" WC="0.98" CC="7050634"/>
						<SP ID="P4_SP00274" HPOS="503" VPOS="3333" WIDTH="32"/>
						<String ID="P4_ST00315" HPOS="535" VPOS="3285" WIDTH="171" HEIGHT="49" CONTENT="endlich" WC="0.99" CC="0090016"/>
						<SP ID="P4_SP00275" HPOS="706" VPOS="3334" WIDTH="32"/>
						<String ID="P4_ST00316" HPOS="738" VPOS="3304" WIDTH="54" HEIGHT="30" CONTENT="zu" WC="0.64" CC="70"/>
						<SP ID="P4_SP00276" HPOS="792" VPOS="3334" WIDTH="29"/>
						<String ID="P4_ST00317" HPOS="821" VPOS="3287" WIDTH="125" HEIGHT="65" CONTENT="Tage" WC="1.00" CC="0000"/>
						<SP ID="P4_SP00277" HPOS="946" VPOS="3352" WIDTH="30"/>
						<String ID="P4_ST00318" HPOS="976" VPOS="3285" WIDTH="190" HEIGHT="67" CONTENT="bringen" WC="0.99" CC="6107000"/>
						<SP ID="P4_SP00278" HPOS="1166" VPOS="3352" WIDTH="142"/>
						<String ID="P4_ST00319" HPOS="1308" VPOS="3302" WIDTH="92" HEIGHT="33" CONTENT="was" WC="1.00" CC="001"/>
						<SP ID="P4_SP00279" HPOS="1400" VPOS="3352" WIDTH="44"/>
						<String ID="P4_ST00320" HPOS="1444" VPOS="3286" WIDTH="153" HEIGHT="49" CONTENT="denn?" WC="0.98" CC="70203"/>
						<SP ID="P4_SP00280" HPOS="1597" VPOS="3352" WIDTH="0"/>
					</TextLine>
					<TextLine ID="P4_TL00040" HPOS="163" VPOS="3363" WIDTH="1544" HEIGHT="69">
						<String ID="P4_ST00321" HPOS="163" VPOS="3363" WIDTH="146" HEIGHT="51" CONTENT="nichts" WC="0.99" CC="002600"/>
						<SP ID="P4_SP00281" HPOS="309" VPOS="3414" WIDTH="44"/>
						<String ID="P4_ST00322" HPOS="353" VPOS="3366" WIDTH="64" HEIGHT="48" CONTENT="als" WC="0.98" CC="050"/>
						<SP ID="P4_SP00282" HPOS="417" VPOS="3414" WIDTH="44"/>
						<String ID="P4_ST00323" HPOS="461" VPOS="3366" WIDTH="70" HEIGHT="49" CONTENT="die" WC="1.00" CC="000"/>
						<SP ID="P4_SP00283" HPOS="531" VPOS="3415" WIDTH="42"/>
						<String ID="P4_ST00324" HPOS="573" VPOS="3365" WIDTH="316" HEIGHT="67" CONTENT="Offenbarung" WC="0.99" CC="50000701160"/>
						<SP ID="P4_SP00284" HPOS="889" VPOS="3432" WIDTH="40"/>
						<String ID="P4_ST00325" HPOS="929" VPOS="3366" WIDTH="512" HEIGHT="51" CONTENT="selbstschänderischer" WC="0.83" CC="00621000406701000001"/>
						<SP ID="P4_SP00285" HPOS="1441" VPOS="3432" WIDTH="41"/>
						<String ID="P4_ST00326" HPOS="1482" VPOS="3368" WIDTH="225" HEIGHT="51" CONTENT="Kleinheit" WC="0.99" CC="050055005"/>
					</TextLine>
					<TextLine ID="P4_TL00041" HPOS="165" VPOS="3446" WIDTH="1541" HEIGHT="70">
						<String ID="P4_ST00327" HPOS="165" VPOS="3446" WIDTH="93" HEIGHT="49" CONTENT="und" WC="0.97" CC="006"/>
						<SP ID="P4_SP00286" HPOS="258" VPOS="3495" WIDTH="28"/>
						<String ID="P4_ST00328" HPOS="286" VPOS="3449" WIDTH="286" HEIGHT="67" CONTENT="Nichtigkeit," WC="0.99" CC="000530800063"/>
						<SP ID="P4_SP00287" HPOS="572" VPOS="3516" WIDTH="32"/>
						<String ID="P4_ST00329" HPOS="604" VPOS="3449" WIDTH="238" HEIGHT="50" CONTENT="lächerlich" WC="0.99" CC="4956035005"/>
						<SP ID="P4_SP00288" HPOS="842" VPOS="3516" WIDTH="41"/>
						<String ID="P4_ST00330" HPOS="883" VPOS="3450" WIDTH="258" HEIGHT="66" CONTENT="aufgebläht" WC="0.98" CC="0470165963"/>
						<SP ID="P4_SP00289" HPOS="1141" VPOS="3516" WIDTH="38"/>
						<String ID="P4_ST00331" HPOS="1179" VPOS="3451" WIDTH="43" HEIGHT="48" CONTENT="in" WC="0.73" CC="05"/>
						<SP ID="P4_SP00290" HPOS="1222" VPOS="3516" WIDTH="41"/>
						<String ID="P4_ST00332" HPOS="1263" VPOS="3451" WIDTH="332" HEIGHT="51" CONTENT="Riesenmäntel" WC="0.99" CC="600000902405"/>
						<SP ID="P4_SP00291" HPOS="1595" VPOS="3516" WIDTH="41"/>
						<String ID="P4_ST00333" HPOS="1636" VPOS="3452" WIDTH="70" HEIGHT="50" CONTENT="die" WC="1.00" CC="000"/>
					</TextLine>
					<TextLine ID="P4_TL00042" HPOS="164" VPOS="3529" WIDTH="1541" HEIGHT="71">
						<String ID="P4_ST00334" HPOS="164" VPOS="3529" WIDTH="308" HEIGHT="67" CONTENT="zwergischen" WC="1.00" CC="40000000043"/>
						<SP ID="P4_SP00292" HPOS="472" VPOS="3596" WIDTH="29"/>
						<String ID="P4_ST00335" HPOS="501" VPOS="3531" WIDTH="195" HEIGHT="57" CONTENT="Glieder," WC="0.99" CC="05000350"/>
						<SP ID="P4_SP00293" HPOS="696" VPOS="3596" WIDTH="31"/>
						<String ID="P4_ST00336" HPOS="727" VPOS="3530" WIDTH="237" HEIGHT="52" CONTENT="lächerlich" WC="0.99" CC="8901007036"/>
						<SP ID="P4_SP00294" HPOS="964" VPOS="3596" WIDTH="31"/>
						<String ID="P4_ST00337" HPOS="995" VPOS="3530" WIDTH="236" HEIGHT="67" CONTENT="befriedigt" WC="0.99" CC="7932006106"/>
						<SP ID="P4_SP00295" HPOS="1231" VPOS="3597" WIDTH="29"/>
						<String ID="P4_ST00338" HPOS="1260" VPOS="3532" WIDTH="43" HEIGHT="50" CONTENT="in" WC="0.76" CC="04"/>
						<SP ID="P4_SP00296" HPOS="1303" VPOS="3597" WIDTH="28"/>
						<String ID="P4_ST00339" HPOS="1331" VPOS="3534" WIDTH="374" HEIGHT="66" CONTENT="nachgeahmtem" WC="1.00" CC="500600040204"/>
					</TextLine>
					<TextLine ID="P4_TL00043" HPOS="164" VPOS="3611" WIDTH="1539" HEIGHT="61">
						<String ID="P4_ST00340" HPOS="164" VPOS="3611" WIDTH="286" HEIGHT="61" CONTENT="Götterweh," WC="0.99" CC="0065009062"/>
						<SP ID="P4_SP00297" HPOS="450" VPOS="3672" WIDTH="43"/>
						<String ID="P4_ST00341" HPOS="493" VPOS="3614" WIDTH="334" HEIGHT="50" CONTENT="Weltschmerz" WC="1.00" CC="00060060005"/>
						<SP ID="P4_SP00298" HPOS="827" VPOS="3672" WIDTH="42"/>
						<String ID="P4_ST00342" HPOS="869" VPOS="3614" WIDTH="93" HEIGHT="49" CONTENT="und" WC="0.98" CC="005"/>
						<SP ID="P4_SP00299" HPOS="962" VPOS="3672" WIDTH="49"/>
						<String ID="P4_ST00343" HPOS="1011" VPOS="3612" WIDTH="306" HEIGHT="51" CONTENT="Heldenzorn." WC="0.99" CC="60500052104"/>
						<SP ID="P4_SP00300" HPOS="1317" VPOS="3672" WIDTH="59"/>
						<String ID="P4_ST00344" HPOS="1376" VPOS="3615" WIDTH="108" HEIGHT="51" CONTENT="Wir" WC="0.99" CC="002"/>
						<SP ID="P4_SP00301" HPOS="1484" VPOS="3672" WIDTH="42"/>
						<String ID="P4_ST00345" HPOS="1526" VPOS="3633" WIDTH="177" HEIGHT="33" CONTENT="nennen" WC="0.99" CC="000006"/>
					</TextLine>
					<TextLine ID="P4_TL00044" HPOS="164" VPOS="3692" WIDTH="1541" HEIGHT="71">
						<String ID="P4_ST00346" HPOS="164" VPOS="3692" WIDTH="131" HEIGHT="51" CONTENT="keine" WC="0.99" CC="00500"/>
						<SP ID="P4_SP00302" HPOS="295" VPOS="3743" WIDTH="29"/>
						<String ID="P4_ST00347" HPOS="324" VPOS="3695" WIDTH="219" HEIGHT="68" CONTENT="Beispiele" WC="1.00" CC="600600000"/>
						<SP ID="P4_SP00303" HPOS="543" VPOS="3763" WIDTH="30"/>
						<String ID="P4_ST00348" HPOS="573" VPOS="3696" WIDTH="80" HEIGHT="50" CONTENT="der" WC="0.98" CC="006"/>
						<SP ID="P4_SP00304" HPOS="653" VPOS="3763" WIDTH="29"/>
						<String ID="P4_ST00349" HPOS="682" VPOS="3695" WIDTH="557" HEIGHT="67" CONTENT="Verzweiflungs-Poesie," WC="1.00" CC="001603011200203007203"/>
						<SP ID="P4_SP00305" HPOS="1239" VPOS="3763" WIDTH="49"/>
						<String ID="P4_ST00350" HPOS="1288" VPOS="3695" WIDTH="69" HEIGHT="51" CONTENT="die" WC="1.00" CC="000"/>
						<SP ID="P4_SP00306" HPOS="1357" VPOS="3763" WIDTH="29"/>
						<String ID="P4_ST00351" HPOS="1386" VPOS="3697" WIDTH="114" HEIGHT="50" CONTENT="auch" WC="0.98" CC="0421"/>
						<SP ID="P4_SP00307" HPOS="1500" VPOS="3763" WIDTH="42"/>
						<String ID="P4_ST00352" HPOS="1542" VPOS="3715" WIDTH="163" HEIGHT="33" CONTENT="unsere" WC="0.99" CC="280000"/>
					</TextLine>
					<TextLine ID="P4_TL00045" HPOS="164" VPOS="3776" WIDTH="1539" HEIGHT="64">
						<String ID="P4_ST00353" HPOS="164" VPOS="3776" WIDTH="198" HEIGHT="51" CONTENT="keusche" WC="0.99" CC="3020030"/>
						<SP ID="P4_SP00308" HPOS="362" VPOS="3827" WIDTH="24"/>
						<String ID="P4_ST00354" HPOS="386" VPOS="3779" WIDTH="153" HEIGHT="49" CONTENT="Kunst" WC="1.00" CC="00002"/>
						<SP ID="P4_SP00309" HPOS="539" VPOS="3828" WIDTH="28"/>
						<String ID="P4_ST00355" HPOS="567" VPOS="3777" WIDTH="195" HEIGHT="51" CONTENT="befleckt" WC="1.00" CC="00110000"/>
						<SP ID="P4_SP00310" HPOS="762" VPOS="3828" WIDTH="28"/>
						<String ID="P4_ST00356" HPOS="790" VPOS="3779" WIDTH="92" HEIGHT="58" CONTENT="hat," WC="0.98" CC="3300"/>
						<SP ID="P4_SP00311" HPOS="882" VPOS="3837" WIDTH="29"/>
						<String ID="P4_ST00357" HPOS="911" VPOS="3779" WIDTH="246" HEIGHT="49" CONTENT="erwähnen" WC="0.99" CC="00090220"/>
						<SP ID="P4_SP00312" HPOS="1157" VPOS="3837" WIDTH="30"/>
						<String ID="P4_ST00358" HPOS="1187" VPOS="3777" WIDTH="121" HEIGHT="50" CONTENT="ihrer" WC="0.99" CC="15000"/>
						<SP ID="P4_SP00313" HPOS="1308" VPOS="3837" WIDTH="28"/>
						<String ID="P4_ST00359" HPOS="1336" VPOS="3777" WIDTH="110" HEIGHT="51" CONTENT="aber" WC="0.99" CC="0002"/>
						<SP ID="P4_SP00314" HPOS="1446" VPOS="3837" WIDTH="35"/>
						<String ID="P4_ST00360" HPOS="1481" VPOS="3779" WIDTH="222" HEIGHT="61" CONTENT="desshalb," WC="0.73" CC="403000662"/>
					</TextLine>
					<TextLine ID="P4_TL00046" HPOS="167" VPOS="3859" WIDTH="1536" HEIGHT="71">
						<String ID="P4_ST00361" HPOS="167" VPOS="3875" WIDTH="76" HEIGHT="35" CONTENT="um" WC="0.73" CC="05"/>
						<SP ID="P4_SP00315" HPOS="243" VPOS="3910" WIDTH="41"/>
						<String ID="P4_ST00362" HPOS="284" VPOS="3859" WIDTH="141" HEIGHT="51" CONTENT="durch" WC="0.99" CC="03061"/>
						<SP ID="P4_SP00316" HPOS="425" VPOS="3910" WIDTH="41"/>
						<String ID="P4_ST00363" HPOS="466" VPOS="3860" WIDTH="87" HEIGHT="51" CONTENT="den" WC="0.96" CC="008"/>
						<SP ID="P4_SP00317" HPOS="553" VPOS="3911" WIDTH="35"/>
						<String ID="P4_ST00364" HPOS="588" VPOS="3861" WIDTH="256" HEIGHT="66" CONTENT="Gegensatz" WC="0.99" CC="030269506"/>
						<SP ID="P4_SP00318" HPOS="844" VPOS="3927" WIDTH="39"/>
						<String ID="P4_ST00365" HPOS="883" VPOS="3861" WIDTH="113" HEIGHT="50" CONTENT="auch" WC="0.98" CC="0053"/>
						<SP ID="P4_SP00319" HPOS="996" VPOS="3927" WIDTH="42"/>
						<String ID="P4_ST00366" HPOS="1038" VPOS="3861" WIDTH="151" HEIGHT="50" CONTENT="diesen" WC="0.99" CC="100704"/>
						<SP ID="P4_SP00320" HPOS="1189" VPOS="3927" WIDTH="28"/>
						<String ID="P4_ST00367" HPOS="1217" VPOS="3861" WIDTH="168" HEIGHT="59" CONTENT="Punkt," WC="0.99" CC="000800"/>
						<SP ID="P4_SP00321" HPOS="1385" VPOS="3927" WIDTH="30"/>
						<String ID="P4_ST00368" HPOS="1415" VPOS="3861" WIDTH="79" HEIGHT="50" CONTENT="das" WC="0.96" CC="009"/>
						<SP ID="P4_SP00322" HPOS="1494" VPOS="3927" WIDTH="34"/>
						<String ID="P4_ST00369" HPOS="1528" VPOS="3864" WIDTH="146" HEIGHT="66" CONTENT="tragi" SUBS_TYPE="HypPart1" SUBS_CONTENT="tragische" WC="0.98" CC="12090"/>
						<HYP HPOS="1674" VPOS="3864" WIDTH="29" CONTENT="-"/>
					</TextLine>
					<TextLine ID="P4_TL00047" HPOS="167" VPOS="3941" WIDTH="1536" HEIGHT="61">
						<String ID="P4_ST00370" HPOS="167" VPOS="3941" WIDTH="138" HEIGHT="50" CONTENT="sche" SUBS_TYPE="HypPart2" SUBS_CONTENT="tragische" WC="0.97" CC="6060"/>
						<SP ID="P4_SP00323" HPOS="305" VPOS="3991" WIDTH="29"/>
						<String ID="P4_ST00371" HPOS="334" VPOS="3943" WIDTH="186" HEIGHT="59" CONTENT="Pathos," WC="0.99" CC="1053064"/>
						<SP ID="P4_SP00324" HPOS="520" VPOS="4002" WIDTH="28"/>
						<String ID="P4_ST00372" HPOS="548" VPOS="3944" WIDTH="195" HEIGHT="49" CONTENT="welches" WC="0.98" CC="7354500"/>
						<SP ID="P4_SP00325" HPOS="743" VPOS="4002" WIDTH="29"/>
						<String ID="P4_ST00373" HPOS="772" VPOS="3960" WIDTH="72" HEIGHT="33" CONTENT="am" WC="0.59" CC="16"/>
						<SP ID="P4_SP00326" HPOS="844" VPOS="4002" WIDTH="28"/>
						<String ID="P4_ST00374" HPOS="872" VPOS="3943" WIDTH="295" HEIGHT="50" CONTENT="herrlichsten" WC="0.99" CC="500040540305"/>
						<SP ID="P4_SP00327" HPOS="1167" VPOS="4002" WIDTH="28"/>
						<String ID="P4_ST00375" HPOS="1195" VPOS="3950" WIDTH="135" HEIGHT="43" CONTENT="unter" WC="1.00" CC="00200"/>
						<SP ID="P4_SP00328" HPOS="1330" VPOS="4002" WIDTH="24"/>
						<String ID="P4_ST00376" HPOS="1354" VPOS="3944" WIDTH="116" HEIGHT="51" CONTENT="allen" WC="0.97" CC="40806"/>
						<SP ID="P4_SP00329" HPOS="1470" VPOS="4002" WIDTH="28"/>
						<String ID="P4_ST00377" HPOS="1498" VPOS="3944" WIDTH="43" HEIGHT="51" CONTENT="in" WC="0.87" CC="02"/>
						<SP ID="P4_SP00330" HPOS="1541" VPOS="4002" WIDTH="27"/>
						<String ID="P4_ST00378" HPOS="1568" VPOS="3946" WIDTH="108" HEIGHT="51" CONTENT="Beet" SUBS_TYPE="HypPart1" SUBS_CONTENT="Beethovens" WC="0.98" CC="6003"/>
						<HYP HPOS="1676" VPOS="3946" WIDTH="27" CONTENT="-"/>
					</TextLine>
					<TextLine ID="P4_TL00048" HPOS="165" VPOS="4024" WIDTH="1537" HEIGHT="65">
						<String ID="P4_ST00379" HPOS="165" VPOS="4024" WIDTH="182" HEIGHT="52" CONTENT="hovens" SUBS_TYPE="HypPart2" SUBS_CONTENT="Beethovens" WC="0.97" CC="809480"/>
						<SP ID="P4_SP00331" HPOS="347" VPOS="4076" WIDTH="28"/>
						<String ID="P4_ST00380" HPOS="375" VPOS="4026" WIDTH="394" HEIGHT="52" CONTENT="Instrumentalien" WC="0.99" CC="050524937334440"/>
						<SP ID="P4_SP00332" HPOS="769" VPOS="4078" WIDTH="28"/>
						<String ID="P4_ST00381" HPOS="797" VPOS="4025" WIDTH="238" HEIGHT="61" CONTENT="erscheint," WC="0.99" CC="0261202953"/>
						<SP ID="P4_SP00333" HPOS="1035" VPOS="4086" WIDTH="28"/>
						<String ID="P4_ST00382" HPOS="1063" VPOS="4026" WIDTH="68" HEIGHT="51" CONTENT="ins" WC="0.97" CC="440"/>
						<SP ID="P4_SP00334" HPOS="1131" VPOS="4086" WIDTH="17"/>
						<String ID="P4_ST00383" HPOS="1148" VPOS="4026" WIDTH="296" HEIGHT="52" CONTENT="Gedächtniss" WC="0.60" CC="42090649013"/>
						<SP ID="P4_SP00335" HPOS="1444" VPOS="4086" WIDTH="28"/>
						<String ID="P4_ST00384" HPOS="1472" VPOS="4043" WIDTH="56" HEIGHT="34" CONTENT="zu" WC="0.53" CC="53"/>
						<SP ID="P4_SP00336" HPOS="1528" VPOS="4086" WIDTH="29"/>
						<String ID="P4_ST00385" HPOS="1557" VPOS="4029" WIDTH="145" HEIGHT="60" CONTENT="rufen," WC="0.99" CC="103014"/>
					</TextLine>
				</TextBlock>
				<TextBlock ID="P4_TB00003" HPOS="1830" VPOS="240" WIDTH="1554" HEIGHT="655" STYLEREFS="TXT_1 PAR_BLOCK">
					<TextLine ID="P4_TL00049" HPOS="1843" VPOS="240" WIDTH="1541" HEIGHT="83">
						<String ID="P4_ST00386" HPOS="1843" VPOS="240" WIDTH="90" HEIGHT="49" CONTENT="und" WC="0.97" CC="540"/>
						<SP ID="P4_SP00337" HPOS="1933" VPOS="289" WIDTH="32"/>
						<String ID="P4_ST00387" HPOS="1965" VPOS="257" WIDTH="53" HEIGHT="33" CONTENT="an" WC="0.27" CC="67"/>
						<SP ID="P4_SP00338" HPOS="2018" VPOS="290" WIDTH="35"/>
						<String ID="P4_ST00388" HPOS="2053" VPOS="242" WIDTH="83" HEIGHT="51" CONTENT="den" WC="0.95" CC="077"/>
						<SP ID="P4_SP00339" HPOS="2136" VPOS="293" WIDTH="31"/>
						<String ID="P4_ST00389" HPOS="2167" VPOS="243" WIDTH="295" HEIGHT="55" CONTENT="Unterschied" WC="0.99" CC="76679057000"/>
						<SP ID="P4_SP00340" HPOS="2462" VPOS="298" WIDTH="31"/>
						<String ID="P4_ST00390" HPOS="2493" VPOS="251" WIDTH="223" HEIGHT="53" CONTENT="zwischen" WC="0.98" CC="70700763"/>
						<SP ID="P4_SP00341" HPOS="2716" VPOS="304" WIDTH="20"/>
						<String ID="P4_ST00391" HPOS="2736" VPOS="256" WIDTH="215" HEIGHT="67" CONTENT="Tragisch" WC="0.98" CC="06440706"/>
						<SP ID="P4_SP00342" HPOS="2951" VPOS="323" WIDTH="33"/>
						<String ID="P4_ST00392" HPOS="2984" VPOS="261" WIDTH="88" HEIGHT="49" CONTENT="und" WC="0.95" CC="570"/>
						<SP ID="P4_SP00343" HPOS="3072" VPOS="323" WIDTH="27"/>
						<String ID="P4_ST00393" HPOS="3099" VPOS="262" WIDTH="285" HEIGHT="55" CONTENT="Verzweifelt" WC="0.99" CC="04060150375"/>
					</TextLine>
					<TextLine ID="P4_TL00050" HPOS="1839" VPOS="323" WIDTH="1545" HEIGHT="75">
						<String ID="P4_ST00394" HPOS="1839" VPOS="323" WIDTH="111" HEIGHT="48" CONTENT="oder" WC="0.95" CC="0978"/>
						<SP ID="P4_SP00344" HPOS="1950" VPOS="371" WIDTH="43"/>
						<String ID="P4_ST00395" HPOS="1993" VPOS="326" WIDTH="222" HEIGHT="50" CONTENT="zwischen" WC="0.98" CC="47660285"/>
						<SP ID="P4_SP00345" HPOS="2215" VPOS="376" WIDTH="42"/>
						<String ID="P4_ST00396" HPOS="2257" VPOS="331" WIDTH="260" HEIGHT="63" CONTENT="göttlichem" WC="0.99" CC="0088653430"/>
						<SP ID="P4_SP00346" HPOS="2517" VPOS="394" WIDTH="44"/>
						<String ID="P4_ST00397" HPOS="2561" VPOS="336" WIDTH="213" HEIGHT="51" CONTENT="Schmerz" WC="0.98" CC="0160367"/>
						<SP ID="P4_SP00347" HPOS="2774" VPOS="394" WIDTH="42"/>
						<String ID="P4_ST00398" HPOS="2816" VPOS="341" WIDTH="91" HEIGHT="49" CONTENT="und" WC="0.97" CC="420"/>
						<SP ID="P4_SP00348" HPOS="2907" VPOS="394" WIDTH="42"/>
						<String ID="P4_ST00399" HPOS="2949" VPOS="342" WIDTH="263" HEIGHT="52" CONTENT="thierischer" WC="0.49" CC="66376041716"/>
						<SP ID="P4_SP00349" HPOS="3212" VPOS="394" WIDTH="28"/>
						<String ID="P4_ST00400" HPOS="3240" VPOS="348" WIDTH="116" HEIGHT="50" CONTENT="Häss" SUBS_TYPE="HypPart1" SUBS_CONTENT="Hässlichkeit" WC="0.44" CC="8913"/>
						<HYP HPOS="3356" VPOS="348" WIDTH="28" CONTENT="-"/>
					</TextLine>
					<TextLine ID="P4_TL00051" HPOS="1838" VPOS="404" WIDTH="1543" HEIGHT="88">
						<String ID="P4_ST00401" HPOS="1838" VPOS="404" WIDTH="175" HEIGHT="50" CONTENT="lichkeit" SUBS_TYPE="HypPart2" SUBS_CONTENT="Hässlichkeit" WC="0.50" CC="75060756"/>
						<SP ID="P4_SP00350" HPOS="2013" VPOS="454" WIDTH="32"/>
						<String ID="P4_ST00402" HPOS="2045" VPOS="409" WIDTH="114" HEIGHT="49" CONTENT="noch" WC="0.94" CC="8667"/>
						<SP ID="P4_SP00351" HPOS="2159" VPOS="458" WIDTH="33"/>
						<String ID="P4_ST00403" HPOS="2192" VPOS="413" WIDTH="158" HEIGHT="47" CONTENT="einmal" WC="0.96" CC="728975"/>
						<SP ID="P4_SP00352" HPOS="2350" VPOS="460" WIDTH="32"/>
						<String ID="P4_ST00404" HPOS="2382" VPOS="432" WIDTH="53" HEIGHT="31" CONTENT="zu" WC="0.74" CC="50"/>
						<SP ID="P4_SP00353" HPOS="2435" VPOS="463" WIDTH="34"/>
						<String ID="P4_ST00405" HPOS="2469" VPOS="432" WIDTH="222" HEIGHT="37" CONTENT="erinnern." WC="0.98" CC="778778082"/>
						<SP ID="P4_SP00354" HPOS="2691" VPOS="469" WIDTH="120"/>
						<String ID="P4_ST00406" HPOS="2811" VPOS="422" WIDTH="62" HEIGHT="50" CONTENT="So" WC="0.61" CC="07"/>
						<SP ID="P4_SP00355" HPOS="2873" VPOS="472" WIDTH="33"/>
						<String ID="P4_ST00407" HPOS="2906" VPOS="441" WIDTH="146" HEIGHT="51" CONTENT="wenig" WC="0.96" CC="07759"/>
						<SP ID="P4_SP00356" HPOS="3052" VPOS="492" WIDTH="31"/>
						<String ID="P4_ST00408" HPOS="3083" VPOS="428" WIDTH="176" HEIGHT="51" CONTENT="Mozart" WC="0.96" CC="957776"/>
						<SP ID="P4_SP00357" HPOS="3259" VPOS="492" WIDTH="31"/>
						<String ID="P4_ST00409" HPOS="3290" VPOS="432" WIDTH="91" HEIGHT="49" CONTENT="und" WC="0.97" CC="070"/>
					</TextLine>
					<TextLine ID="P4_TL00052" HPOS="1835" VPOS="488" WIDTH="1546" HEIGHT="75">
						<String ID="P4_ST00410" HPOS="1835" VPOS="488" WIDTH="260" HEIGHT="52" CONTENT="Beethoven" WC="0.98" CC="760870054"/>
						<SP ID="P4_SP00358" HPOS="2095" VPOS="540" WIDTH="31"/>
						<String ID="P4_ST00411" HPOS="2126" VPOS="493" WIDTH="233" HEIGHT="65" CONTENT="eigentlich" WC="0.99" CC="6103066406"/>
						<SP ID="P4_SP00359" HPOS="2359" VPOS="558" WIDTH="31"/>
						<String ID="P4_ST00412" HPOS="2390" VPOS="498" WIDTH="202" HEIGHT="65" CONTENT="geistlich" WC="0.99" CC="007406507"/>
						<SP ID="P4_SP00360" HPOS="2592" VPOS="563" WIDTH="30"/>
						<String ID="P4_ST00413" HPOS="2622" VPOS="502" WIDTH="110" HEIGHT="48" CONTENT="oder" WC="0.98" CC="0073"/>
						<SP ID="P4_SP00361" HPOS="2732" VPOS="563" WIDTH="32"/>
						<String ID="P4_ST00414" HPOS="2764" VPOS="505" WIDTH="207" HEIGHT="50" CONTENT="kirchlich" WC="0.98" CC="716464007"/>
						<SP ID="P4_SP00362" HPOS="2971" VPOS="563" WIDTH="43"/>
						<String ID="P4_ST00415" HPOS="3014" VPOS="510" WIDTH="178" HEIGHT="49" CONTENT="dichten" WC="0.98" CC="0667437"/>
						<SP ID="P4_SP00363" HPOS="3192" VPOS="563" WIDTH="47"/>
						<String ID="P4_ST00416" HPOS="3239" VPOS="512" WIDTH="114" HEIGHT="51" CONTENT="konn" SUBS_TYPE="HypPart1" SUBS_CONTENT="konnlen," WC="0.45" CC="0756"/>
						<HYP HPOS="3353" VPOS="512" WIDTH="28" CONTENT="-"/>
					</TextLine>
					<TextLine ID="P4_TL00053" HPOS="1834" VPOS="576" WIDTH="1545" HEIGHT="76">
						<String ID="P4_ST00417" HPOS="1834" VPOS="578" WIDTH="89" HEIGHT="49" CONTENT="len," SUBS_TYPE="HypPart2" SUBS_CONTENT="konnlen," WC="0.67" CC="0750"/>
						<SP ID="P4_SP00364" HPOS="1923" VPOS="627" WIDTH="47"/>
						<String ID="P4_ST00418" HPOS="1970" VPOS="590" WIDTH="52" HEIGHT="31" CONTENT="so" WC="0.17" CC="97"/>
						<SP ID="P4_SP00365" HPOS="2022" VPOS="627" WIDTH="40"/>
						<String ID="P4_ST00419" HPOS="2062" VPOS="576" WIDTH="147" HEIGHT="65" CONTENT="wenig" WC="0.98" CC="00770"/>
						<SP ID="P4_SP00366" HPOS="2209" VPOS="641" WIDTH="51"/>
						<String ID="P4_ST00420" HPOS="2260" VPOS="577" WIDTH="94" HEIGHT="51" CONTENT="sind" WC="0.97" CC="4180"/>
						<SP ID="P4_SP00367" HPOS="2354" VPOS="641" WIDTH="43"/>
						<String ID="P4_ST00421" HPOS="2397" VPOS="581" WIDTH="61" HEIGHT="48" CONTENT="sie" WC="0.97" CC="620"/>
						<SP ID="P4_SP00368" HPOS="2458" VPOS="641" WIDTH="32"/>
						<String ID="P4_ST00422" HPOS="2490" VPOS="582" WIDTH="114" HEIGHT="51" CONTENT="doch" WC="0.95" CC="9057"/>
						<SP ID="P4_SP00369" HPOS="2604" VPOS="641" WIDTH="32"/>
						<String ID="P4_ST00423" HPOS="2636" VPOS="585" WIDTH="40" HEIGHT="49" CONTENT="in" WC="0.76" CC="40"/>
						<SP ID="P4_SP00370" HPOS="2676" VPOS="641" WIDTH="35"/>
						<String ID="P4_ST00424" HPOS="2711" VPOS="587" WIDTH="281" HEIGHT="51" CONTENT="Feindschaft" WC="0.99" CC="45050677607"/>
						<SP ID="P4_SP00371" HPOS="2992" VPOS="641" WIDTH="36"/>
						<String ID="P4_ST00425" HPOS="3028" VPOS="592" WIDTH="79" HEIGHT="50" CONTENT="mit" WC="0.94" CC="346"/>
						<SP ID="P4_SP00372" HPOS="3107" VPOS="642" WIDTH="32"/>
						<String ID="P4_ST00426" HPOS="3139" VPOS="592" WIDTH="115" HEIGHT="60" CONTENT="dem," WC="0.99" CC="0140"/>
						<SP ID="P4_SP00373" HPOS="3254" VPOS="652" WIDTH="32"/>
						<String ID="P4_ST00427" HPOS="3286" VPOS="614" WIDTH="93" HEIGHT="32" CONTENT="was" WC="0.99" CC="001"/>
					</TextLine>
					<TextLine ID="P4_TL00054" HPOS="1833" VPOS="653" WIDTH="1546" HEIGHT="87">
						<String ID="P4_ST00428" HPOS="1833" VPOS="653" WIDTH="99" HEIGHT="48" CONTENT="Alle" WC="0.94" CC="5676"/>
						<SP ID="P4_SP00374" HPOS="1932" VPOS="701" WIDTH="32"/>
						<String ID="P4_ST00429" HPOS="1964" VPOS="660" WIDTH="120" HEIGHT="62" CONTENT="trägt" WC="0.97" CC="70806"/>
						<SP ID="P4_SP00375" HPOS="2084" VPOS="722" WIDTH="32"/>
						<String ID="P4_ST00430" HPOS="2116" VPOS="658" WIDTH="89" HEIGHT="49" CONTENT="und" WC="0.95" CC="660"/>
						<SP ID="P4_SP00376" HPOS="2205" VPOS="722" WIDTH="33"/>
						<String ID="P4_ST00431" HPOS="2238" VPOS="660" WIDTH="203" HEIGHT="61" CONTENT="erbauet," WC="0.98" CC="00565083"/>
						<SP ID="P4_SP00377" HPOS="2441" VPOS="722" WIDTH="32"/>
						<String ID="P4_ST00432" HPOS="2473" VPOS="665" WIDTH="140" HEIGHT="64" CONTENT="gleich" WC="0.97" CC="069406"/>
						<SP ID="P4_SP00378" HPOS="2613" VPOS="729" WIDTH="33"/>
						<String ID="P4_ST00433" HPOS="2646" VPOS="667" WIDTH="100" HEIGHT="51" CONTENT="dem" WC="1.00" CC="000"/>
						<SP ID="P4_SP00379" HPOS="2746" VPOS="729" WIDTH="41"/>
						<String ID="P4_ST00434" HPOS="2787" VPOS="671" WIDTH="199" HEIGHT="66" CONTENT="feurigen" WC="0.98" CC="90606005"/>
						<SP ID="P4_SP00380" HPOS="2986" VPOS="737" WIDTH="48"/>
						<String ID="P4_ST00435" HPOS="3034" VPOS="675" WIDTH="345" HEIGHT="65" CONTENT="Kriegsmanne," WC="0.69" CC="950207025003"/>
					</TextLine>
					<TextLine ID="P4_TL00055" HPOS="1830" VPOS="735" WIDTH="1547" HEIGHT="81">
						<String ID="P4_ST00436" HPOS="1830" VPOS="735" WIDTH="80" HEIGHT="48" CONTENT="der" WC="0.91" CC="977"/>
						<SP ID="P4_SP00381" HPOS="1910" VPOS="783" WIDTH="31"/>
						<String ID="P4_ST00437" HPOS="1941" VPOS="737" WIDTH="140" HEIGHT="48" CONTENT="selten" WC="0.96" CC="096888"/>
						<SP ID="P4_SP00382" HPOS="2081" VPOS="785" WIDTH="34"/>
						<String ID="P4_ST00438" HPOS="2115" VPOS="738" WIDTH="123" HEIGHT="51" CONTENT="betet" WC="0.96" CC="78068"/>
						<SP ID="P4_SP00383" HPOS="2238" VPOS="789" WIDTH="33"/>
						<String ID="P4_ST00439" HPOS="2271" VPOS="743" WIDTH="88" HEIGHT="49" CONTENT="und" WC="0.97" CC="170"/>
						<SP ID="P4_SP00384" HPOS="2359" VPOS="792" WIDTH="34"/>
						<String ID="P4_ST00440" HPOS="2393" VPOS="743" WIDTH="113" HEIGHT="51" CONTENT="doch" WC="0.97" CC="0317"/>
						<SP ID="P4_SP00385" HPOS="2506" VPOS="794" WIDTH="32"/>
						<String ID="P4_ST00441" HPOS="2538" VPOS="747" WIDTH="119" HEIGHT="50" CONTENT="nicht" WC="0.96" CC="90776"/>
						<SP ID="P4_SP00386" HPOS="2657" VPOS="797" WIDTH="31"/>
						<String ID="P4_ST00442" HPOS="2688" VPOS="752" WIDTH="169" HEIGHT="64" CONTENT="gottlos" WC="0.97" CC="9466641"/>
						<SP ID="P4_SP00387" HPOS="2857" VPOS="816" WIDTH="30"/>
						<String ID="P4_ST00443" HPOS="2887" VPOS="754" WIDTH="79" HEIGHT="58" CONTENT="ist;" WC="0.97" CC="0076"/>
						<SP ID="P4_SP00388" HPOS="2966" VPOS="816" WIDTH="59"/>
						<String ID="P4_ST00444" HPOS="3025" VPOS="773" WIDTH="50" HEIGHT="31" CONTENT="er" WC="0.67" CC="60"/>
						<SP ID="P4_SP00389" HPOS="3075" VPOS="816" WIDTH="44"/>
						<String ID="P4_ST00445" HPOS="3119" VPOS="757" WIDTH="129" HEIGHT="50" CONTENT="weiss" WC="0.96" CC="08595"/>
						<SP ID="P4_SP00390" HPOS="3248" VPOS="816" WIDTH="42"/>
						<String ID="P4_ST00446" HPOS="3290" VPOS="759" WIDTH="87" HEIGHT="52" CONTENT="den" WC="0.94" CC="077"/>
					</TextLine>
					<TextLine ID="P4_TL00056" HPOS="1830" VPOS="817" WIDTH="934" HEIGHT="78">
						<String ID="P4_ST00447" HPOS="1830" VPOS="817" WIDTH="111" HEIGHT="51" CONTENT="Gott" WC="0.98" CC="3400"/>
						<SP ID="P4_SP00391" HPOS="1941" VPOS="868" WIDTH="29"/>
						<String ID="P4_ST00448" HPOS="1970" VPOS="818" WIDTH="41" HEIGHT="50" CONTENT="in" WC="0.56" CC="26"/>
						<SP ID="P4_SP00392" HPOS="2011" VPOS="868" WIDTH="31"/>
						<String ID="P4_ST00449" HPOS="2042" VPOS="820" WIDTH="107" HEIGHT="59" CONTENT="sich," WC="0.98" CC="05070"/>
						<SP ID="P4_SP00393" HPOS="2149" VPOS="879" WIDTH="32"/>
						<String ID="P4_ST00450" HPOS="2181" VPOS="822" WIDTH="108" HEIGHT="51" CONTENT="aber" WC="0.96" CC="5706"/>
						<SP ID="P4_SP00394" HPOS="2289" VPOS="879" WIDTH="30"/>
						<String ID="P4_ST00451" HPOS="2319" VPOS="828" WIDTH="176" HEIGHT="67" CONTENT="predigt" WC="0.97" CC="9430676"/>
						<SP ID="P4_SP00395" HPOS="2495" VPOS="895" WIDTH="31"/>
						<String ID="P4_ST00452" HPOS="2526" VPOS="830" WIDTH="71" HEIGHT="49" CONTENT="ihn" WC="0.95" CC="057"/>
						<SP ID="P4_SP00396" HPOS="2597" VPOS="895" WIDTH="31"/>
						<String ID="P4_ST00453" HPOS="2628" VPOS="834" WIDTH="136" HEIGHT="49" CONTENT="nicht." WC="0.98" CC="600644"/>
					</TextLine>
				</TextBlock>
				<TextBlock ID="P4_TB00004" HPOS="2426" VPOS="1099" WIDTH="342" HEIGHT="64" STYLEREFS="TXT_2 PAR_RIGHT">
					<TextLine ID="P4_TL00057" HPOS="2426" VPOS="1099" WIDTH="342" HEIGHT="64">
						<String ID="P4_ST00454" HPOS="2426" VPOS="1099" WIDTH="101" HEIGHT="58" CONTENT="Aus" WC="0.93" CC="872"/>
						<SP ID="P4_SP00397" HPOS="2527" VPOS="1157" WIDTH="40"/>
						<String ID="P4_ST00455" HPOS="2567" VPOS="1100" WIDTH="201" HEIGHT="63" CONTENT="Crefeld." WC="0.56" CC="76042760"/>
					</TextLine>
				</TextBlock>
				<TextBlock ID="P4_TB00005" HPOS="1798" VPOS="1227" WIDTH="1571" HEIGHT="2890" STYLEREFS="TXT_1 PAR_BLOCK">
					<TextLine ID="P4_TL00058" HPOS="1949" VPOS="1227" WIDTH="1419" HEIGHT="89">
						<String ID="P4_ST00456" HPOS="1949" VPOS="1227" WIDTH="87" HEIGHT="49" CONTENT="Am" WC="0.83" CC="20"/>
						<SP ID="P4_SP00398" HPOS="2036" VPOS="1276" WIDTH="36"/>
						<String ID="P4_ST00457" HPOS="2072" VPOS="1229" WIDTH="48" HEIGHT="49" CONTENT="6." WC="0.65" CC="70"/>
						<SP ID="P4_SP00399" HPOS="2120" VPOS="1278" WIDTH="33"/>
						<String ID="P4_ST00458" HPOS="2153" VPOS="1230" WIDTH="42" HEIGHT="51" CONTENT="d." WC="0.69" CC="32"/>
						<SP ID="P4_SP00400" HPOS="2195" VPOS="1281" WIDTH="33"/>
						<String ID="P4_ST00459" HPOS="2228" VPOS="1232" WIDTH="61" HEIGHT="50" CONTENT="M." WC="0.69" CC="60"/>
						<SP ID="P4_SP00401" HPOS="2289" VPOS="1282" WIDTH="33"/>
						<String ID="P4_ST00460" HPOS="2322" VPOS="1235" WIDTH="157" HEIGHT="49" CONTENT="wurde" WC="0.98" CC="70060"/>
						<SP ID="P4_SP00402" HPOS="2479" VPOS="1284" WIDTH="31"/>
						<String ID="P4_ST00461" HPOS="2510" VPOS="1254" WIDTH="84" HEIGHT="32" CONTENT="uns" WC="0.96" CC="170"/>
						<SP ID="P4_SP00403" HPOS="2594" VPOS="1286" WIDTH="31"/>
						<String ID="P4_ST00462" HPOS="2625" VPOS="1240" WIDTH="172" HEIGHT="50" CONTENT="endlich" WC="0.98" CC="1608566"/>
						<SP ID="P4_SP00404" HPOS="2797" VPOS="1290" WIDTH="33"/>
						<String ID="P4_ST00463" HPOS="2830" VPOS="1243" WIDTH="80" HEIGHT="49" CONTENT="der" WC="0.95" CC="066"/>
						<SP ID="P4_SP00405" HPOS="2910" VPOS="1292" WIDTH="41"/>
						<String ID="P4_ST00464" HPOS="2951" VPOS="1244" WIDTH="139" HEIGHT="51" CONTENT="schon" WC="0.97" CC="00948"/>
						<SP ID="P4_SP00406" HPOS="3090" VPOS="1295" WIDTH="42"/>
						<String ID="P4_ST00465" HPOS="3132" VPOS="1248" WIDTH="150" HEIGHT="68" CONTENT="langst" WC="0.97" CC="166731"/>
						<SP ID="P4_SP00407" HPOS="3282" VPOS="1316" WIDTH="42"/>
						<String ID="P4_ST00466" HPOS="3324" VPOS="1251" WIDTH="44" HEIGHT="51" CONTENT="in" WC="0.75" CC="05"/>
					</TextLine>
					<TextLine ID="P4_TL00059" HPOS="1823" VPOS="1306" WIDTH="1545" HEIGHT="83">
						<String ID="P4_ST00467" HPOS="1823" VPOS="1306" WIDTH="214" HEIGHT="53" CONTENT="Aussicht" WC="0.98" CC="66203705"/>
						<SP ID="P4_SP00408" HPOS="2037" VPOS="1359" WIDTH="32"/>
						<String ID="P4_ST00468" HPOS="2069" VPOS="1314" WIDTH="207" HEIGHT="63" CONTENT="gestellte" WC="0.98" CC="566706770"/>
						<SP ID="P4_SP00409" HPOS="2276" VPOS="1377" WIDTH="32"/>
						<String ID="P4_ST00469" HPOS="2308" VPOS="1316" WIDTH="179" HEIGHT="52" CONTENT="Genuss" WC="0.94" CC="000100"/>
						<SP ID="P4_SP00410" HPOS="2487" VPOS="1377" WIDTH="43"/>
						<String ID="P4_ST00470" HPOS="2530" VPOS="1339" WIDTH="55" HEIGHT="32" CONTENT="zu" WC="0.61" CC="51"/>
						<SP ID="P4_SP00411" HPOS="2585" VPOS="1377" WIDTH="43"/>
						<String ID="P4_ST00471" HPOS="2628" VPOS="1321" WIDTH="141" HEIGHT="61" CONTENT="Theil," WC="0.77" CC="401232"/>
						<SP ID="P4_SP00412" HPOS="2769" VPOS="1382" WIDTH="41"/>
						<String ID="P4_ST00472" HPOS="2810" VPOS="1325" WIDTH="50" HEIGHT="50" CONTENT="F." WC="0.84" CC="30"/>
						<SP ID="P4_SP00413" HPOS="2860" VPOS="1382" WIDTH="42"/>
						<String ID="P4_ST00473" HPOS="2902" VPOS="1326" WIDTH="250" HEIGHT="54" CONTENT="Hiller's" WC="0.66" CC="62600604"/>
						<SP ID="P4_SP00414" HPOS="3152" VPOS="1382" WIDTH="51"/>
						<String ID="P4_ST00474" HPOS="3203" VPOS="1334" WIDTH="132" HEIGHT="55" CONTENT="„Zer" SUBS_TYPE="HypPart1" SUBS_CONTENT="„Zerstörung" WC="0.98" CC="7200"/>
						<HYP HPOS="3335" VPOS="1334" WIDTH="33" CONTENT="-"/>
					</TextLine>
					<TextLine ID="P4_TL00060" HPOS="1823" VPOS="1394" WIDTH="1543" HEIGHT="76">
						<String ID="P4_ST00475" HPOS="1823" VPOS="1394" WIDTH="261" HEIGHT="64" CONTENT="störung" SUBS_TYPE="HypPart2" SUBS_CONTENT="„Zerstörung" WC="0.98" CC="0463659"/>
						<SP ID="P4_SP00415" HPOS="2084" VPOS="1458" WIDTH="30"/>
						<String ID="P4_ST00476" HPOS="2114" VPOS="1396" WIDTH="429" HEIGHT="65" CONTENT='Jerusalems",' WC="0.99" CC="006450100071"/>
						<SP ID="P4_SP00416" HPOS="2543" VPOS="1461" WIDTH="32"/>
						<String ID="P4_ST00477" HPOS="2575" VPOS="1404" WIDTH="77" HEIGHT="49" CONTENT="das" WC="0.98" CC="050"/>
						<SP ID="P4_SP00417" HPOS="2652" VPOS="1461" WIDTH="31"/>
						<String ID="P4_ST00478" HPOS="2683" VPOS="1422" WIDTH="157" HEIGHT="48" CONTENT="grosse" WC="0.99" CC="902000"/>
						<SP ID="P4_SP00418" HPOS="2840" VPOS="1470" WIDTH="31"/>
						<String ID="P4_ST00479" HPOS="2871" VPOS="1409" WIDTH="91" HEIGHT="49" CONTENT="und" WC="0.98" CC="040"/>
						<SP ID="P4_SP00419" HPOS="2962" VPOS="1470" WIDTH="23"/>
						<String ID="P4_ST00480" HPOS="2985" VPOS="1427" WIDTH="54" HEIGHT="33" CONTENT="an" WC="0.85" CC="20"/>
						<SP ID="P4_SP00420" HPOS="3039" VPOS="1470" WIDTH="21"/>
						<String ID="P4_ST00481" HPOS="3060" VPOS="1411" WIDTH="306" HEIGHT="55" CONTENT="Schönheiten" WC="0.99" CC="00006504500"/>
					</TextLine>
					<TextLine ID="P4_TL00061" HPOS="1822" VPOS="1474" WIDTH="1545" HEIGHT="83">
						<String ID="P4_ST00482" HPOS="1822" VPOS="1489" WIDTH="50" HEIGHT="33" CONTENT="so" WC="1.00" CC="00"/>
						<SP ID="P4_SP00421" HPOS="1872" VPOS="1522" WIDTH="30"/>
						<String ID="P4_ST00483" HPOS="1902" VPOS="1474" WIDTH="148" HEIGHT="50" CONTENT="reiche" WC="1.00" CC="500000"/>
						<SP ID="P4_SP00422" HPOS="2050" VPOS="1524" WIDTH="20"/>
						<String ID="P4_ST00484" HPOS="2070" VPOS="1477" WIDTH="162" HEIGHT="59" CONTENT="Werk," WC="0.99" CC="00230"/>
						<SP ID="P4_SP00423" HPOS="2232" VPOS="1536" WIDTH="18"/>
						<String ID="P4_ST00485" HPOS="2250" VPOS="1499" WIDTH="52" HEIGHT="32" CONTENT="zu" WC="0.54" CC="45"/>
						<SP ID="P4_SP00424" HPOS="2302" VPOS="1536" WIDTH="21"/>
						<String ID="P4_ST00486" HPOS="2323" VPOS="1481" WIDTH="156" HEIGHT="54" CONTENT="hören." WC="0.98" CC="620425"/>
						<SP ID="P4_SP00425" HPOS="2479" VPOS="1536" WIDTH="33"/>
						<String ID="P4_ST00487" HPOS="2512" VPOS="1486" WIDTH="82" HEIGHT="49" CONTENT="Die" WC="0.96" CC="640"/>
						<SP ID="P4_SP00426" HPOS="2594" VPOS="1536" WIDTH="19"/>
						<String ID="P4_ST00488" HPOS="2613" VPOS="1486" WIDTH="292" HEIGHT="71" CONTENT="Aufführung" WC="0.99" CC="5422053706"/>
						<SP ID="P4_SP00427" HPOS="2905" VPOS="1557" WIDTH="24"/>
						<String ID="P4_ST00489" HPOS="2929" VPOS="1491" WIDTH="131" HEIGHT="51" CONTENT="sollte" WC="0.98" CC="264550"/>
						<SP ID="P4_SP00428" HPOS="3060" VPOS="1557" WIDTH="16"/>
						<String ID="P4_ST00490" HPOS="3076" VPOS="1495" WIDTH="85" HEIGHT="50" CONTENT="den" WC="1.00" CC="000"/>
						<SP ID="P4_SP00429" HPOS="3161" VPOS="1557" WIDTH="18"/>
						<String ID="P4_ST00491" HPOS="3179" VPOS="1497" WIDTH="188" HEIGHT="52" CONTENT="Schluss" WC="0.97" CC="0002000"/>
					</TextLine>
					<TextLine ID="P4_TL00062" HPOS="1820" VPOS="1554" WIDTH="1547" HEIGHT="77">
						<String ID="P4_ST00492" HPOS="1820" VPOS="1554" WIDTH="80" HEIGHT="49" CONTENT="der" WC="0.97" CC="034"/>
						<SP ID="P4_SP00430" HPOS="1900" VPOS="1603" WIDTH="41"/>
						<String ID="P4_ST00493" HPOS="1941" VPOS="1557" WIDTH="283" HEIGHT="69" CONTENT="vorjährigen" WC="1.00" CC="60016000000"/>
						<SP ID="P4_SP00431" HPOS="2224" VPOS="1626" WIDTH="42"/>
						<String ID="P4_ST00494" HPOS="2266" VPOS="1563" WIDTH="381" HEIGHT="55" CONTENT="Concert-Saison" WC="0.67" CC="73600562112006"/>
						<SP ID="P4_SP00432" HPOS="2647" VPOS="1626" WIDTH="42"/>
						<String ID="P4_ST00495" HPOS="2689" VPOS="1568" WIDTH="165" HEIGHT="63" CONTENT="bilden," WC="0.98" CC="7020563"/>
						<SP ID="P4_SP00433" HPOS="2854" VPOS="1631" WIDTH="42"/>
						<String ID="P4_ST00496" HPOS="2896" VPOS="1574" WIDTH="159" HEIGHT="50" CONTENT="wurde" WC="0.98" CC="66200"/>
						<SP ID="P4_SP00434" HPOS="3055" VPOS="1631" WIDTH="30"/>
						<String ID="P4_ST00497" HPOS="3085" VPOS="1575" WIDTH="108" HEIGHT="51" CONTENT="aber" WC="0.96" CC="6703"/>
						<SP ID="P4_SP00435" HPOS="3193" VPOS="1631" WIDTH="31"/>
						<String ID="P4_ST00498" HPOS="3224" VPOS="1579" WIDTH="143" HEIGHT="51" CONTENT="durch" WC="0.99" CC="02007"/>
					</TextLine>
					<TextLine ID="P4_TL00063" HPOS="1819" VPOS="1637" WIDTH="1543" HEIGHT="75">
						<String ID="P4_ST00499" HPOS="1819" VPOS="1637" WIDTH="69" HEIGHT="49" CONTENT="ein" WC="0.95" CC="435"/>
						<SP ID="P4_SP00436" HPOS="1888" VPOS="1686" WIDTH="53"/>
						<String ID="P4_ST00500" HPOS="1941" VPOS="1640" WIDTH="422" HEIGHT="56" CONTENT="mehrmonatliches" WC="0.99" CC="000904508460700"/>
						<SP ID="P4_SP00437" HPOS="2363" VPOS="1696" WIDTH="45"/>
						<String ID="P4_ST00501" HPOS="2408" VPOS="1649" WIDTH="253" HEIGHT="51" CONTENT="Kranksein" WC="0.99" CC="057640060"/>
						<SP ID="P4_SP00438" HPOS="2661" VPOS="1700" WIDTH="52"/>
						<String ID="P4_ST00502" HPOS="2713" VPOS="1669" WIDTH="189" HEIGHT="36" CONTENT="unseres" WC="0.99" CC="2670000"/>
						<SP ID="P4_SP00439" HPOS="2902" VPOS="1705" WIDTH="51"/>
						<String ID="P4_ST00503" HPOS="2953" VPOS="1657" WIDTH="409" HEIGHT="55" CONTENT="Musik-Directors" WC="0.77" CC="040701305000506"/>
					</TextLine>
					<TextLine ID="P4_TL00064" HPOS="1822" VPOS="1720" WIDTH="1539" HEIGHT="89">
						<String ID="P4_ST00504" HPOS="1822" VPOS="1720" WIDTH="185" HEIGHT="51" CONTENT="Woiff" WC="0.66" CC="00375"/>
						<SP ID="P4_SP00440" HPOS="2007" VPOS="1771" WIDTH="37"/>
						<String ID="P4_ST00505" HPOS="2044" VPOS="1728" WIDTH="270" HEIGHT="64" CONTENT="unmöglich." WC="0.99" CC="7792804011"/>
						<SP ID="P4_SP00441" HPOS="2314" VPOS="1792" WIDTH="59"/>
						<String ID="P4_ST00506" HPOS="2373" VPOS="1733" WIDTH="143" HEIGHT="48" CONTENT="Dafür" WC="0.96" CC="67707"/>
						<SP ID="P4_SP00442" HPOS="2516" VPOS="1792" WIDTH="41"/>
						<String ID="P4_ST00507" HPOS="2557" VPOS="1734" WIDTH="164" HEIGHT="51" CONTENT="bildete" WC="0.98" CC="4000647"/>
						<SP ID="P4_SP00443" HPOS="2721" VPOS="1792" WIDTH="31"/>
						<String ID="P4_ST00508" HPOS="2752" VPOS="1738" WIDTH="63" HEIGHT="48" CONTENT="sie" WC="1.00" CC="001"/>
						<SP ID="P4_SP00444" HPOS="2815" VPOS="1792" WIDTH="23"/>
						<String ID="P4_ST00509" HPOS="2838" VPOS="1738" WIDTH="116" HEIGHT="66" CONTENT="jetzt" WC="0.97" CC="36660"/>
						<SP ID="P4_SP00445" HPOS="2954" VPOS="1804" WIDTH="30"/>
						<String ID="P4_ST00510" HPOS="2984" VPOS="1740" WIDTH="96" HEIGHT="50" CONTENT="eine" WC="0.95" CC="6275"/>
						<SP ID="P4_SP00446" HPOS="3080" VPOS="1804" WIDTH="31"/>
						<String ID="P4_ST00511" HPOS="3111" VPOS="1743" WIDTH="250" HEIGHT="66" CONTENT="glänzende" WC="0.98" CC="005755777"/>
					</TextLine>
					<TextLine ID="P4_TL00065" HPOS="1815" VPOS="1801" WIDTH="1114" HEIGHT="84">
						<String ID="P4_ST00512" HPOS="1815" VPOS="1801" WIDTH="255" HEIGHT="70" CONTENT="Eröffnung" WC="0.98" CC="400338479"/>
						<SP ID="P4_SP00447" HPOS="2070" VPOS="1871" WIDTH="31"/>
						<String ID="P4_ST00513" HPOS="2101" VPOS="1806" WIDTH="77" HEIGHT="51" CONTENT="des" WC="0.97" CC="070"/>
						<SP ID="P4_SP00448" HPOS="2178" VPOS="1871" WIDTH="32"/>
						<String ID="P4_ST00514" HPOS="2210" VPOS="1809" WIDTH="297" HEIGHT="71" CONTENT="diesjährigen" WC="0.99" CC="062200651007"/>
						<SP ID="P4_SP00449" HPOS="2507" VPOS="1880" WIDTH="33"/>
						<String ID="P4_ST00515" HPOS="2540" VPOS="1815" WIDTH="389" HEIGHT="70" CONTENT="Concertreigens." WC="0.67" CC="336052054600334"/>
					</TextLine>
					<TextLine ID="P4_TL00066" HPOS="1938" VPOS="1888" WIDTH="1424" HEIGHT="72">
						<String ID="P4_ST00516" HPOS="1938" VPOS="1888" WIDTH="97" HEIGHT="48" CONTENT="Vor" WC="0.96" CC="450"/>
						<SP ID="P4_SP00450" HPOS="2035" VPOS="1936" WIDTH="19"/>
						<String ID="P4_ST00517" HPOS="2054" VPOS="1889" WIDTH="145" HEIGHT="51" CONTENT="Allem" WC="0.97" CC="62009"/>
						<SP ID="P4_SP00451" HPOS="2199" VPOS="1940" WIDTH="31"/>
						<String ID="P4_ST00518" HPOS="2230" VPOS="1897" WIDTH="181" HEIGHT="48" CONTENT="müssen" WC="0.97" CC="386261"/>
						<SP ID="P4_SP00452" HPOS="2411" VPOS="1945" WIDTH="33"/>
						<String ID="P4_ST00519" HPOS="2444" VPOS="1898" WIDTH="80" HEIGHT="48" CONTENT="wir" WC="0.94" CC="933"/>
						<SP ID="P4_SP00453" HPOS="2524" VPOS="1946" WIDTH="29"/>
						<String ID="P4_ST00520" HPOS="2553" VPOS="1899" WIDTH="79" HEIGHT="50" CONTENT="das" WC="0.97" CC="015"/>
						<SP ID="P4_SP00454" HPOS="2632" VPOS="1949" WIDTH="32"/>
						<String ID="P4_ST00521" HPOS="2664" VPOS="1902" WIDTH="231" HEIGHT="50" CONTENT="Bemühen" WC="0.99" CC="7010505"/>
						<SP ID="P4_SP00455" HPOS="2895" VPOS="1952" WIDTH="31"/>
						<String ID="P4_ST00522" HPOS="2926" VPOS="1903" WIDTH="80" HEIGHT="51" CONTENT="des" WC="0.98" CC="005"/>
						<SP ID="P4_SP00456" HPOS="3006" VPOS="1954" WIDTH="23"/>
						<String ID="P4_ST00523" HPOS="3029" VPOS="1904" WIDTH="153" HEIGHT="54" CONTENT="Herrn" WC="0.98" CC="60103"/>
						<SP ID="P4_SP00457" HPOS="3182" VPOS="1958" WIDTH="24"/>
						<String ID="P4_ST00524" HPOS="3206" VPOS="1909" WIDTH="130" HEIGHT="51" CONTENT="Direc" SUBS_TYPE="HypPart1" SUBS_CONTENT="Directors" WC="0.74" CC="23600"/>
						<HYP HPOS="3336" VPOS="1909" WIDTH="26" CONTENT="-"/>
					</TextLine>
					<TextLine ID="P4_TL00067" HPOS="1815" VPOS="1971" WIDTH="1547" HEIGHT="73">
						<String ID="P4_ST00525" HPOS="1815" VPOS="1975" WIDTH="94" HEIGHT="42" CONTENT="tors" SUBS_TYPE="HypPart2" SUBS_CONTENT="Directors" WC="0.69" CC="8030"/>
						<SP ID="P4_SP00458" HPOS="1909" VPOS="2017" WIDTH="46"/>
						<String ID="P4_ST00526" HPOS="1955" VPOS="1971" WIDTH="152" HEIGHT="49" CONTENT="Wolff" WC="0.75" CC="06211"/>
						<SP ID="P4_SP00459" HPOS="2107" VPOS="2020" WIDTH="32"/>
						<String ID="P4_ST00527" HPOS="2139" VPOS="1975" WIDTH="302" HEIGHT="63" CONTENT="anerkennen," WC="0.99" CC="27026056460"/>
						<SP ID="P4_SP00460" HPOS="2441" VPOS="2038" WIDTH="42"/>
						<String ID="P4_ST00528" HPOS="2483" VPOS="1982" WIDTH="80" HEIGHT="48" CONTENT="der" WC="1.00" CC="000"/>
						<SP ID="P4_SP00461" HPOS="2563" VPOS="2038" WIDTH="40"/>
						<String ID="P4_ST00529" HPOS="2603" VPOS="2001" WIDTH="86" HEIGHT="33" CONTENT="uns" WC="0.93" CC="754"/>
						<SP ID="P4_SP00462" HPOS="2689" VPOS="2038" WIDTH="43"/>
						<String ID="P4_ST00530" HPOS="2732" VPOS="1984" WIDTH="78" HEIGHT="51" CONTENT="das" WC="0.98" CC="005"/>
						<SP ID="P4_SP00463" HPOS="2810" VPOS="2038" WIDTH="41"/>
						<String ID="P4_ST00531" HPOS="2851" VPOS="1987" WIDTH="152" HEIGHT="52" CONTENT="Werk" WC="0.97" CC="5360"/>
						<SP ID="P4_SP00464" HPOS="3003" VPOS="2039" WIDTH="50"/>
						<String ID="P4_ST00532" HPOS="3053" VPOS="2007" WIDTH="103" HEIGHT="32" CONTENT="zum" WC="0.92" CC="757"/>
						<SP ID="P4_SP00465" HPOS="3156" VPOS="2039" WIDTH="54"/>
						<String ID="P4_ST00533" HPOS="3210" VPOS="2001" WIDTH="152" HEIGHT="43" CONTENT="ersten" WC="0.98" CC="400708"/>
					</TextLine>
					<TextLine ID="P4_TL00068" HPOS="1813" VPOS="2050" WIDTH="1548" HEIGHT="79">
						<String ID="P4_ST00534" HPOS="1813" VPOS="2050" WIDTH="118" HEIGHT="50" CONTENT="Male" WC="0.97" CC="4343"/>
						<SP ID="P4_SP00466" HPOS="1931" VPOS="2100" WIDTH="29"/>
						<String ID="P4_ST00535" HPOS="1960" VPOS="2054" WIDTH="232" HEIGHT="51" CONTENT="vorführte" WC="0.98" CC="546707260"/>
						<SP ID="P4_SP00467" HPOS="2192" VPOS="2105" WIDTH="28"/>
						<String ID="P4_ST00536" HPOS="2220" VPOS="2060" WIDTH="106" HEIGHT="59" CONTENT="und," WC="0.98" CC="0504"/>
						<SP ID="P4_SP00468" HPOS="2326" VPOS="2119" WIDTH="31"/>
						<String ID="P4_ST00537" HPOS="2357" VPOS="2069" WIDTH="116" HEIGHT="42" CONTENT="trotz" WC="0.97" CC="42656"/>
						<SP ID="P4_SP00469" HPOS="2473" VPOS="2119" WIDTH="34"/>
						<String ID="P4_ST00538" HPOS="2507" VPOS="2065" WIDTH="212" HEIGHT="50" CONTENT="mancher" WC="0.99" CC="0363500"/>
						<SP ID="P4_SP00470" HPOS="2719" VPOS="2119" WIDTH="28"/>
						<String ID="P4_ST00539" HPOS="2747" VPOS="2068" WIDTH="310" HEIGHT="61" CONTENT="Hindernisse," WC="0.99" CC="736003536402"/>
						<SP ID="P4_SP00471" HPOS="3057" VPOS="2129" WIDTH="31"/>
						<String ID="P4_ST00540" HPOS="3088" VPOS="2073" WIDTH="172" HEIGHT="51" CONTENT="welche" WC="0.99" CC="007070"/>
						<SP ID="P4_SP00472" HPOS="3260" VPOS="2129" WIDTH="32"/>
						<String ID="P4_ST00541" HPOS="3292" VPOS="2076" WIDTH="69" HEIGHT="52" CONTENT="ein" WC="0.95" CC="076"/>
					</TextLine>
					<TextLine ID="P4_TL00069" HPOS="1813" VPOS="2132" WIDTH="1548" HEIGHT="83">
						<String ID="P4_ST00542" HPOS="1813" VPOS="2132" WIDTH="136" HEIGHT="52" CONTENT="böses" WC="1.00" CC="00001"/>
						<SP ID="P4_SP00473" HPOS="1949" VPOS="2184" WIDTH="38"/>
						<String ID="P4_ST00543" HPOS="1987" VPOS="2137" WIDTH="217" HEIGHT="50" CONTENT="Geschick" WC="0.98" CC="66235007"/>
						<SP ID="P4_SP00474" HPOS="2204" VPOS="2187" WIDTH="42"/>
						<String ID="P4_ST00544" HPOS="2246" VPOS="2140" WIDTH="42" HEIGHT="50" CONTENT="in" WC="0.60" CC="16"/>
						<SP ID="P4_SP00475" HPOS="2288" VPOS="2190" WIDTH="42"/>
						<String ID="P4_ST00545" HPOS="2330" VPOS="2143" WIDTH="86" HEIGHT="49" CONTENT="den" WC="0.97" CC="006"/>
						<SP ID="P4_SP00476" HPOS="2416" VPOS="2192" WIDTH="46"/>
						<String ID="P4_ST00546" HPOS="2462" VPOS="2147" WIDTH="124" HEIGHT="65" CONTENT="Weg" WC="0.98" CC="050"/>
						<SP ID="P4_SP00477" HPOS="2586" VPOS="2212" WIDTH="39"/>
						<String ID="P4_ST00547" HPOS="2625" VPOS="2148" WIDTH="135" HEIGHT="67" CONTENT="legte," WC="0.97" CC="570373"/>
						<SP ID="P4_SP00478" HPOS="2760" VPOS="2215" WIDTH="41"/>
						<String ID="P4_ST00548" HPOS="2801" VPOS="2151" WIDTH="43" HEIGHT="49" CONTENT="in" WC="0.64" CC="70"/>
						<SP ID="P4_SP00479" HPOS="2844" VPOS="2215" WIDTH="42"/>
						<String ID="P4_ST00549" HPOS="2886" VPOS="2152" WIDTH="124" HEIGHT="48" CONTENT="einer" WC="0.97" CC="06606"/>
						<SP ID="P4_SP00480" HPOS="3010" VPOS="2215" WIDTH="38"/>
						<String ID="P4_ST00550" HPOS="3048" VPOS="2153" WIDTH="79" HEIGHT="50" CONTENT="des" WC="0.98" CC="050"/>
						<SP ID="P4_SP00481" HPOS="3127" VPOS="2215" WIDTH="33"/>
						<String ID="P4_ST00551" HPOS="3160" VPOS="2156" WIDTH="201" HEIGHT="52" CONTENT="Werkes" WC="0.98" CC="141605"/>
					</TextLine>
					<TextLine ID="P4_TL00070" HPOS="1814" VPOS="2217" WIDTH="1545" HEIGHT="82">
						<String ID="P4_ST00552" HPOS="1814" VPOS="2217" WIDTH="232" HEIGHT="66" CONTENT="würdigen" WC="0.99" CC="00904066"/>
						<SP ID="P4_SP00482" HPOS="2046" VPOS="2283" WIDTH="33"/>
						<String ID="P4_ST00553" HPOS="2079" VPOS="2220" WIDTH="176" HEIGHT="52" CONTENT="Weise." WC="0.99" CC="335001"/>
						<SP ID="P4_SP00483" HPOS="2255" VPOS="2283" WIDTH="52"/>
						<String ID="P4_ST00554" HPOS="2307" VPOS="2225" WIDTH="94" HEIGHT="50" CONTENT="Der" WC="0.98" CC="022"/>
						<SP ID="P4_SP00484" HPOS="2401" VPOS="2283" WIDTH="30"/>
						<String ID="P4_ST00555" HPOS="2431" VPOS="2228" WIDTH="98" HEIGHT="50" CONTENT="Tod" WC="0.97" CC="600"/>
						<SP ID="P4_SP00485" HPOS="2529" VPOS="2283" WIDTH="32"/>
						<String ID="P4_ST00556" HPOS="2561" VPOS="2229" WIDTH="124" HEIGHT="52" CONTENT="halte" WC="0.98" CC="04052"/>
						<SP ID="P4_SP00486" HPOS="2685" VPOS="2283" WIDTH="32"/>
						<String ID="P4_ST00557" HPOS="2717" VPOS="2233" WIDTH="127" HEIGHT="50" CONTENT="einen" WC="0.98" CC="07504"/>
						<SP ID="P4_SP00487" HPOS="2844" VPOS="2283" WIDTH="35"/>
						<String ID="P4_ST00558" HPOS="2879" VPOS="2251" WIDTH="191" HEIGHT="48" CONTENT="grossen" WC="0.99" CC="0043134"/>
						<SP ID="P4_SP00488" HPOS="3070" VPOS="2299" WIDTH="30"/>
						<String ID="P4_ST00559" HPOS="3100" VPOS="2237" WIDTH="125" HEIGHT="49" CONTENT="Theil" WC="0.82" CC="04003"/>
						<SP ID="P4_SP00489" HPOS="3225" VPOS="2299" WIDTH="32"/>
						<String ID="P4_ST00560" HPOS="3257" VPOS="2257" WIDTH="102" HEIGHT="35" CONTENT="vom" WC="0.94" CC="907"/>
					</TextLine>
					<TextLine ID="P4_TL00071" HPOS="1814" VPOS="2298" WIDTH="1545" HEIGHT="84">
						<String ID="P4_ST00561" HPOS="1814" VPOS="2298" WIDTH="122" HEIGHT="49" CONTENT="Chor" WC="0.96" CC="7063"/>
						<SP ID="P4_SP00490" HPOS="1936" VPOS="2347" WIDTH="29"/>
						<String ID="P4_ST00562" HPOS="1965" VPOS="2300" WIDTH="132" HEIGHT="50" CONTENT="dahin" WC="0.96" CC="06657"/>
						<SP ID="P4_SP00491" HPOS="2097" VPOS="2350" WIDTH="32"/>
						<String ID="P4_ST00563" HPOS="2129" VPOS="2321" WIDTH="286" HEIGHT="48" CONTENT="genommen," WC="0.99" CC="000401072"/>
						<SP ID="P4_SP00492" HPOS="2415" VPOS="2369" WIDTH="29"/>
						<String ID="P4_ST00564" HPOS="2444" VPOS="2311" WIDTH="341" HEIGHT="66" CONTENT="Jugendblüthe" WC="0.60" CC="369200620590"/>
						<SP ID="P4_SP00493" HPOS="2785" VPOS="2377" WIDTH="21"/>
						<String ID="P4_ST00565" HPOS="2806" VPOS="2317" WIDTH="90" HEIGHT="49" CONTENT="und" WC="0.96" CC="560"/>
						<SP ID="P4_SP00494" HPOS="2896" VPOS="2377" WIDTH="22"/>
						<String ID="P4_ST00566" HPOS="2918" VPOS="2317" WIDTH="171" HEIGHT="49" CONTENT="schöne" WC="0.70" CC="444040"/>
						<SP ID="P4_SP00495" HPOS="3089" VPOS="2377" WIDTH="22"/>
						<String ID="P4_ST00567" HPOS="3111" VPOS="2319" WIDTH="248" HEIGHT="63" CONTENT="Stimmen;" WC="0.77" CC="10760020"/>
					</TextLine>
					<TextLine ID="P4_TL00072" HPOS="1811" VPOS="2380" WIDTH="1546" HEIGHT="75">
						<String ID="P4_ST00568" HPOS="1811" VPOS="2380" WIDTH="69" HEIGHT="49" CONTENT="ein" WC="0.95" CC="436"/>
						<SP ID="P4_SP00496" HPOS="1880" VPOS="2429" WIDTH="30"/>
						<String ID="P4_ST00569" HPOS="1910" VPOS="2383" WIDTH="192" HEIGHT="48" CONTENT="anderer" WC="0.98" CC="2793335"/>
						<SP ID="P4_SP00497" HPOS="2102" VPOS="2431" WIDTH="36"/>
						<String ID="P4_ST00570" HPOS="2138" VPOS="2386" WIDTH="119" HEIGHT="49" CONTENT="Theil" WC="0.60" CC="86040"/>
						<SP ID="P4_SP00498" HPOS="2257" VPOS="2435" WIDTH="31"/>
						<String ID="P4_ST00571" HPOS="2288" VPOS="2405" WIDTH="95" HEIGHT="34" CONTENT="war" WC="0.98" CC="060"/>
						<SP ID="P4_SP00499" HPOS="2383" VPOS="2439" WIDTH="29"/>
						<String ID="P4_ST00572" HPOS="2412" VPOS="2391" WIDTH="201" HEIGHT="52" CONTENT="dadurch" WC="0.99" CC="0404105"/>
						<SP ID="P4_SP00500" HPOS="2613" VPOS="2443" WIDTH="30"/>
						<String ID="P4_ST00573" HPOS="2643" VPOS="2396" WIDTH="42" HEIGHT="49" CONTENT="in" WC="1.00" CC="00"/>
						<SP ID="P4_SP00501" HPOS="2685" VPOS="2445" WIDTH="31"/>
						<String ID="P4_ST00574" HPOS="2716" VPOS="2397" WIDTH="175" HEIGHT="49" CONTENT="Trauer" WC="0.99" CC="450400"/>
						<SP ID="P4_SP00502" HPOS="2891" VPOS="2446" WIDTH="39"/>
						<String ID="P4_ST00575" HPOS="2930" VPOS="2408" WIDTH="196" HEIGHT="42" CONTENT="versetzt" WC="0.98" CC="84410660"/>
						<SP ID="P4_SP00503" HPOS="3126" VPOS="2450" WIDTH="46"/>
						<String ID="P4_ST00576" HPOS="3172" VPOS="2405" WIDTH="90" HEIGHT="48" CONTENT="und" WC="0.98" CC="320"/>
						<SP ID="P4_SP00504" HPOS="3262" VPOS="2453" WIDTH="44"/>
						<String ID="P4_ST00577" HPOS="3306" VPOS="2422" WIDTH="51" HEIGHT="33" CONTENT="so" WC="0.67" CC="23"/>
					</TextLine>
					<TextLine ID="P4_TL00073" HPOS="1811" VPOS="2463" WIDTH="1546" HEIGHT="79">
						<String ID="P4_ST00578" HPOS="1811" VPOS="2463" WIDTH="221" HEIGHT="67" CONTENT="vorläufig" WC="0.98" CC="443095440"/>
						<SP ID="P4_SP00505" HPOS="2032" VPOS="2530" WIDTH="27"/>
						<String ID="P4_ST00579" HPOS="2059" VPOS="2466" WIDTH="79" HEIGHT="49" CONTENT="der" WC="0.97" CC="044"/>
						<SP ID="P4_SP00506" HPOS="2138" VPOS="2530" WIDTH="28"/>
						<String ID="P4_ST00580" HPOS="2166" VPOS="2468" WIDTH="294" HEIGHT="70" CONTENT="Mitwirkung" WC="0.99" CC="4050638670"/>
						<SP ID="P4_SP00507" HPOS="2460" VPOS="2538" WIDTH="30"/>
						<String ID="P4_ST00581" HPOS="2490" VPOS="2483" WIDTH="238" HEIGHT="59" CONTENT="entzogen." WC="0.98" CC="037649264"/>
						<SP ID="P4_SP00508" HPOS="2728" VPOS="2542" WIDTH="59"/>
						<String ID="P4_ST00582" HPOS="2787" VPOS="2479" WIDTH="146" HEIGHT="51" CONTENT="Allein" WC="0.99" CC="016301"/>
						<SP ID="P4_SP00509" HPOS="2933" VPOS="2542" WIDTH="45"/>
						<String ID="P4_ST00583" HPOS="2978" VPOS="2499" WIDTH="143" HEIGHT="33" CONTENT="neuer" WC="0.97" CC="70255"/>
						<SP ID="P4_SP00510" HPOS="3121" VPOS="2542" WIDTH="43"/>
						<String ID="P4_ST00584" HPOS="3164" VPOS="2485" WIDTH="108" HEIGHT="50" CONTENT="Flor" WC="0.96" CC="4704"/>
						<SP ID="P4_SP00511" HPOS="3272" VPOS="2542" WIDTH="29"/>
						<String ID="P4_ST00585" HPOS="3301" VPOS="2487" WIDTH="56" HEIGHT="50" CONTENT="ist" WC="0.96" CC="146"/>
					</TextLine>
					<TextLine ID="P4_TL00074" HPOS="1813" VPOS="2546" WIDTH="1540" HEIGHT="76">
						<String ID="P4_ST00586" HPOS="1813" VPOS="2546" WIDTH="419" HEIGHT="67" CONTENT="hinzugekommen," WC="1.00" CC="50775000050000"/>
						<SP ID="P4_SP00512" HPOS="2232" VPOS="2613" WIDTH="42"/>
						<String ID="P4_ST00587" HPOS="2274" VPOS="2554" WIDTH="78" HEIGHT="50" CONTENT="mit" WC="0.98" CC="004"/>
						<SP ID="P4_SP00513" HPOS="2352" VPOS="2613" WIDTH="41"/>
						<String ID="P4_ST00588" HPOS="2393" VPOS="2556" WIDTH="89" HEIGHT="49" CONTENT="ihm" WC="0.94" CC="157"/>
						<SP ID="P4_SP00514" HPOS="2482" VPOS="2613" WIDTH="41"/>
						<String ID="P4_ST00589" HPOS="2523" VPOS="2575" WIDTH="139" HEIGHT="34" CONTENT="neues" WC="0.99" CC="00700"/>
						<SP ID="P4_SP00515" HPOS="2662" VPOS="2613" WIDTH="50"/>
						<String ID="P4_ST00590" HPOS="2712" VPOS="2561" WIDTH="173" HEIGHT="61" CONTENT="Leben," WC="0.98" CC="607044"/>
						<SP ID="P4_SP00516" HPOS="2885" VPOS="2622" WIDTH="45"/>
						<String ID="P4_ST00591" HPOS="2930" VPOS="2581" WIDTH="116" HEIGHT="33" CONTENT="neue" WC="0.98" CC="1150"/>
						<SP ID="P4_SP00517" HPOS="3046" VPOS="2622" WIDTH="44"/>
						<String ID="P4_ST00592" HPOS="3090" VPOS="2566" WIDTH="131" HEIGHT="51" CONTENT="Kraft" WC="0.96" CC="52496"/>
						<SP ID="P4_SP00518" HPOS="3221" VPOS="2622" WIDTH="42"/>
						<String ID="P4_ST00593" HPOS="3263" VPOS="2571" WIDTH="90" HEIGHT="49" CONTENT="und" WC="0.96" CC="018"/>
					</TextLine>
					<TextLine ID="P4_TL00075" HPOS="1810" VPOS="2631" WIDTH="1544" HEIGHT="80">
						<String ID="P4_ST00594" HPOS="1810" VPOS="2643" WIDTH="132" HEIGHT="50" CONTENT="reger" WC="0.97" CC="63900"/>
						<SP ID="P4_SP00519" HPOS="1942" VPOS="2693" WIDTH="40"/>
						<String ID="P4_ST00595" HPOS="1982" VPOS="2631" WIDTH="144" HEIGHT="58" CONTENT="Eifer;" WC="0.97" CC="566066"/>
						<SP ID="P4_SP00520" HPOS="2126" VPOS="2693" WIDTH="59"/>
						<String ID="P4_ST00596" HPOS="2185" VPOS="2633" WIDTH="111" HEIGHT="50" CONTENT="dazu" WC="0.97" CC="0273"/>
						<SP ID="P4_SP00521" HPOS="2296" VPOS="2693" WIDTH="45"/>
						<String ID="P4_ST00597" HPOS="2341" VPOS="2636" WIDTH="69" HEIGHT="51" CONTENT="die" WC="0.99" CC="001"/>
						<SP ID="P4_SP00522" HPOS="2410" VPOS="2693" WIDTH="41"/>
						<String ID="P4_ST00598" HPOS="2451" VPOS="2641" WIDTH="360" HEIGHT="52" CONTENT="unverdrossene" WC="1.00" CC="1000004205170"/>
						<SP ID="P4_SP00523" HPOS="2811" VPOS="2693" WIDTH="32"/>
						<String ID="P4_ST00599" HPOS="2843" VPOS="2646" WIDTH="256" HEIGHT="65" CONTENT="Thätigkeit" WC="0.82" CC="0606000500"/>
						<SP ID="P4_SP00524" HPOS="3099" VPOS="2711" WIDTH="29"/>
						<String ID="P4_ST00600" HPOS="3128" VPOS="2647" WIDTH="79" HEIGHT="52" CONTENT="des" WC="0.99" CC="001"/>
						<SP ID="P4_SP00525" HPOS="3207" VPOS="2711" WIDTH="31"/>
						<String ID="P4_ST00601" HPOS="3238" VPOS="2651" WIDTH="93" HEIGHT="49" CONTENT="Diri" SUBS_TYPE="HypPart1" SUBS_CONTENT="Dirigenten," WC="0.98" CC="4640"/>
						<HYP HPOS="3331" VPOS="2651" WIDTH="23" CONTENT="-"/>
					</TextLine>
					<TextLine ID="P4_TL00076" HPOS="1806" VPOS="2714" WIDTH="1547" HEIGHT="87">
						<String ID="P4_ST00602" HPOS="1806" VPOS="2717" WIDTH="182" HEIGHT="58" CONTENT="genten," SUBS_TYPE="HypPart2" SUBS_CONTENT="Dirigenten," WC="0.99" CC="0064002"/>
						<SP ID="P4_SP00526" HPOS="1988" VPOS="2775" WIDTH="28"/>
						<String ID="P4_ST00603" HPOS="2016" VPOS="2714" WIDTH="193" HEIGHT="51" CONTENT="welches" WC="0.98" CC="0946600"/>
						<SP ID="P4_SP00527" HPOS="2209" VPOS="2775" WIDTH="32"/>
						<String ID="P4_ST00604" HPOS="2241" VPOS="2720" WIDTH="167" HEIGHT="49" CONTENT="vereint" WC="0.99" CC="0031077"/>
						<SP ID="P4_SP00528" HPOS="2408" VPOS="2775" WIDTH="32"/>
						<String ID="P4_ST00605" HPOS="2440" VPOS="2721" WIDTH="69" HEIGHT="49" CONTENT="ein" WC="0.97" CC="025"/>
						<SP ID="P4_SP00529" HPOS="2509" VPOS="2775" WIDTH="39"/>
						<String ID="P4_ST00606" HPOS="2548" VPOS="2741" WIDTH="51" HEIGHT="32" CONTENT="so" WC="0.77" CC="04"/>
						<SP ID="P4_SP00530" HPOS="2599" VPOS="2775" WIDTH="43"/>
						<String ID="P4_ST00607" HPOS="2642" VPOS="2725" WIDTH="192" HEIGHT="52" CONTENT="schönes" WC="0.98" CC="6750004"/>
						<SP ID="P4_SP00531" HPOS="2834" VPOS="2777" WIDTH="43"/>
						<String ID="P4_ST00608" HPOS="2877" VPOS="2728" WIDTH="208" HEIGHT="51" CONTENT="Resultat" WC="0.98" CC="61330846"/>
						<SP ID="P4_SP00532" HPOS="3085" VPOS="2779" WIDTH="45"/>
						<String ID="P4_ST00609" HPOS="3130" VPOS="2749" WIDTH="54" HEIGHT="31" CONTENT="zu" WC="0.79" CC="40"/>
						<SP ID="P4_SP00533" HPOS="3184" VPOS="2780" WIDTH="45"/>
						<String ID="P4_ST00610" HPOS="3229" VPOS="2732" WIDTH="124" HEIGHT="69" CONTENT="Tage" WC="0.98" CC="0071"/>
					</TextLine>
					<TextLine ID="P4_TL00077" HPOS="1806" VPOS="2793" WIDTH="1547" HEIGHT="79">
						<String ID="P4_ST00611" HPOS="1806" VPOS="2793" WIDTH="212" HEIGHT="59" CONTENT="förderte," WC="0.99" CC="005704340"/>
						<SP ID="P4_SP00534" HPOS="2018" VPOS="2852" WIDTH="33"/>
						<String ID="P4_ST00612" HPOS="2051" VPOS="2797" WIDTH="101" HEIGHT="50" CONTENT="dass" WC="0.93" CC="0200"/>
						<SP ID="P4_SP00535" HPOS="2152" VPOS="2852" WIDTH="31"/>
						<String ID="P4_ST00613" HPOS="2183" VPOS="2800" WIDTH="70" HEIGHT="49" CONTENT="die" WC="1.00" CC="000"/>
						<SP ID="P4_SP00536" HPOS="2253" VPOS="2852" WIDTH="32"/>
						<String ID="P4_ST00614" HPOS="2285" VPOS="2802" WIDTH="150" HEIGHT="51" CONTENT="Chöre" WC="0.97" CC="67051"/>
						<SP ID="P4_SP00537" HPOS="2435" VPOS="2853" WIDTH="29"/>
						<String ID="P4_ST00615" HPOS="2464" VPOS="2805" WIDTH="128" HEIGHT="50" CONTENT="einen" WC="0.98" CC="02306"/>
						<SP ID="P4_SP00538" HPOS="2592" VPOS="2855" WIDTH="25"/>
						<String ID="P4_ST00616" HPOS="2617" VPOS="2807" WIDTH="151" HEIGHT="65" CONTENT="jeden," WC="0.99" CC="010022"/>
						<SP ID="P4_SP00539" HPOS="2768" VPOS="2872" WIDTH="31"/>
						<String ID="P4_ST00617" HPOS="2799" VPOS="2810" WIDTH="80" HEIGHT="49" CONTENT="der" WC="0.97" CC="800"/>
						<SP ID="P4_SP00540" HPOS="2879" VPOS="2872" WIDTH="33"/>
						<String ID="P4_ST00618" HPOS="2912" VPOS="2811" WIDTH="116" HEIGHT="49" CONTENT="eben" WC="0.97" CC="0635"/>
						<SP ID="P4_SP00541" HPOS="3028" VPOS="2872" WIDTH="44"/>
						<String ID="P4_ST00619" HPOS="3072" VPOS="2812" WIDTH="124" HEIGHT="52" CONTENT="nicht" WC="0.97" CC="65150"/>
						<SP ID="P4_SP00542" HPOS="3196" VPOS="2872" WIDTH="35"/>
						<String ID="P4_ST00620" HPOS="3231" VPOS="2816" WIDTH="98" HEIGHT="50" CONTENT="Klei" SUBS_TYPE="HypPart1" SUBS_CONTENT="Kleinigkeitskrämer" WC="0.99" CC="0000"/>
						<HYP HPOS="3329" VPOS="2816" WIDTH="24" CONTENT="-"/>
					</TextLine>
					<TextLine ID="P4_TL00078" HPOS="1805" VPOS="2876" WIDTH="1547" HEIGHT="84">
						<String ID="P4_ST00621" HPOS="1805" VPOS="2876" WIDTH="375" HEIGHT="65" CONTENT="nigkeitskrämer" SUBS_TYPE="HypPart2" SUBS_CONTENT="Kleinigkeitskrämer" WC="1.00" CC="81020140010800"/>
						<SP ID="P4_SP00543" HPOS="2180" VPOS="2941" WIDTH="43"/>
						<String ID="P4_ST00622" HPOS="2223" VPOS="2882" WIDTH="71" HEIGHT="60" CONTENT="ist," WC="0.98" CC="1060"/>
						<SP ID="P4_SP00544" HPOS="2294" VPOS="2942" WIDTH="44"/>
						<String ID="P4_ST00623" HPOS="2338" VPOS="2886" WIDTH="41" HEIGHT="48" CONTENT="in" WC="1.00" CC="00"/>
						<SP ID="P4_SP00545" HPOS="2379" VPOS="2942" WIDTH="43"/>
						<String ID="P4_ST00624" HPOS="2422" VPOS="2886" WIDTH="159" HEIGHT="51" CONTENT="vollem" WC="0.99" CC="072004"/>
						<SP ID="P4_SP00546" HPOS="2581" VPOS="2942" WIDTH="41"/>
						<String ID="P4_ST00625" HPOS="2622" VPOS="2890" WIDTH="176" HEIGHT="52" CONTENT="Maasse" WC="0.88" CC="000060"/>
						<SP ID="P4_SP00547" HPOS="2798" VPOS="2942" WIDTH="31"/>
						<String ID="P4_ST00626" HPOS="2829" VPOS="2892" WIDTH="271" HEIGHT="68" CONTENT="befriedigen" WC="0.99" CC="70000008024"/>
						<SP ID="P4_SP00548" HPOS="3100" VPOS="2960" WIDTH="32"/>
						<String ID="P4_ST00627" HPOS="3132" VPOS="2906" WIDTH="220" HEIGHT="54" CONTENT="mussten," WC="0.58" CC="90427043"/>
					</TextLine>
					<TextLine ID="P4_TL00079" HPOS="1806" VPOS="2958" WIDTH="1543" HEIGHT="87">
						<String ID="P4_ST00628" HPOS="1806" VPOS="2958" WIDTH="176" HEIGHT="50" CONTENT="sowohl" WC="0.98" CC="460253"/>
						<SP ID="P4_SP00549" HPOS="1982" VPOS="3008" WIDTH="33"/>
						<String ID="P4_ST00629" HPOS="2015" VPOS="2960" WIDTH="69" HEIGHT="49" CONTENT="die" WC="1.00" CC="001"/>
						<SP ID="P4_SP00550" HPOS="2084" VPOS="3009" WIDTH="45"/>
						<String ID="P4_ST00630" HPOS="2129" VPOS="2962" WIDTH="202" HEIGHT="55" CONTENT="sicheren" WC="0.99" CC="00605200"/>
						<SP ID="P4_SP00551" HPOS="2331" VPOS="3017" WIDTH="43"/>
						<String ID="P4_ST00631" HPOS="2374" VPOS="2968" WIDTH="227" HEIGHT="61" CONTENT="Einsätze," WC="0.99" CC="006203651"/>
						<SP ID="P4_SP00552" HPOS="2601" VPOS="3029" WIDTH="46"/>
						<String ID="P4_ST00632" HPOS="2647" VPOS="2971" WIDTH="85" HEIGHT="51" CONTENT="wie" WC="1.00" CC="000"/>
						<SP ID="P4_SP00553" HPOS="2732" VPOS="3029" WIDTH="45"/>
						<String ID="P4_ST00633" HPOS="2777" VPOS="2972" WIDTH="69" HEIGHT="52" CONTENT="die" WC="0.97" CC="530"/>
						<SP ID="P4_SP00554" HPOS="2846" VPOS="3029" WIDTH="45"/>
						<String ID="P4_ST00634" HPOS="2891" VPOS="2976" WIDTH="355" HEIGHT="69" CONTENT="Schattirungen" WC="0.84" CC="0650200005000"/>
						<SP ID="P4_SP00555" HPOS="3246" VPOS="3045" WIDTH="45"/>
						<String ID="P4_ST00635" HPOS="3291" VPOS="2981" WIDTH="58" HEIGHT="51" CONTENT="im" WC="0.66" CC="06"/>
					</TextLine>
					<TextLine ID="P4_TL00080" HPOS="1806" VPOS="3041" WIDTH="240" HEIGHT="67">
						<String ID="P4_ST00636" HPOS="1806" VPOS="3041" WIDTH="240" HEIGHT="67" CONTENT="Vortrage." WC="0.99" CC="051000964"/>
					</TextLine>
					<TextLine ID="P4_TL00081" HPOS="1926" VPOS="3125" WIDTH="1425" HEIGHT="78">
						<String ID="P4_ST00637" HPOS="1926" VPOS="3125" WIDTH="118" HEIGHT="49" CONTENT="Dass" WC="0.82" CC="0700"/>
						<SP ID="P4_SP00556" HPOS="2044" VPOS="3174" WIDTH="32"/>
						<String ID="P4_ST00638" HPOS="2076" VPOS="3144" WIDTH="162" HEIGHT="34" CONTENT="unsere" WC="0.98" CC="601440"/>
						<SP ID="P4_SP00557" HPOS="2238" VPOS="3178" WIDTH="29"/>
						<String ID="P4_ST00639" HPOS="2267" VPOS="3130" WIDTH="159" HEIGHT="51" CONTENT="Kräfte" WC="0.97" CC="365650"/>
						<SP ID="P4_SP00558" HPOS="2426" VPOS="3181" WIDTH="24"/>
						<String ID="P4_ST00640" HPOS="2450" VPOS="3134" WIDTH="116" HEIGHT="49" CONTENT="noch" WC="0.97" CC="1550"/>
						<SP ID="P4_SP00559" HPOS="2566" VPOS="3183" WIDTH="26"/>
						<String ID="P4_ST00641" HPOS="2592" VPOS="3137" WIDTH="212" HEIGHT="51" CONTENT="Besseres" WC="0.99" CC="73005442"/>
						<SP ID="P4_SP00560" HPOS="2804" VPOS="3188" WIDTH="26"/>
						<String ID="P4_ST00642" HPOS="2830" VPOS="3139" WIDTH="159" HEIGHT="53" CONTENT="leisten" WC="0.98" CC="5265623"/>
						<SP ID="P4_SP00561" HPOS="2989" VPOS="3192" WIDTH="25"/>
						<String ID="P4_ST00643" HPOS="3014" VPOS="3142" WIDTH="197" HEIGHT="61" CONTENT="können," WC="0.98" CC="8024754"/>
						<SP ID="P4_SP00562" HPOS="3211" VPOS="3203" WIDTH="28"/>
						<String ID="P4_ST00644" HPOS="3239" VPOS="3146" WIDTH="84" HEIGHT="50" CONTENT="wol" SUBS_TYPE="HypPart1" SUBS_CONTENT="wollen" WC="0.95" CC="945"/>
						<HYP HPOS="3323" VPOS="3146" WIDTH="28" CONTENT="-"/>
					</TextLine>
					<TextLine ID="P4_TL00082" HPOS="1804" VPOS="3205" WIDTH="1543" HEIGHT="73">
						<String ID="P4_ST00645" HPOS="1804" VPOS="3205" WIDTH="70" HEIGHT="49" CONTENT="len" SUBS_TYPE="HypPart2" SUBS_CONTENT="wollen" WC="0.94" CC="375"/>
						<SP ID="P4_SP00563" HPOS="1874" VPOS="3254" WIDTH="33"/>
						<String ID="P4_ST00646" HPOS="1907" VPOS="3207" WIDTH="81" HEIGHT="47" CONTENT="wir" WC="1.00" CC="000"/>
						<SP ID="P4_SP00564" HPOS="1988" VPOS="3254" WIDTH="30"/>
						<String ID="P4_ST00647" HPOS="2018" VPOS="3208" WIDTH="120" HEIGHT="53" CONTENT="nicht" WC="0.97" CC="75205"/>
						<SP ID="P4_SP00565" HPOS="2138" VPOS="3261" WIDTH="28"/>
						<String ID="P4_ST00648" HPOS="2166" VPOS="3210" WIDTH="42" HEIGHT="49" CONTENT="in" WC="0.83" CC="20"/>
						<SP ID="P4_SP00566" HPOS="2208" VPOS="3261" WIDTH="30"/>
						<String ID="P4_ST00649" HPOS="2238" VPOS="3211" WIDTH="184" HEIGHT="52" CONTENT="Abrede" WC="0.99" CC="175000"/>
						<SP ID="P4_SP00567" HPOS="2422" VPOS="3263" WIDTH="31"/>
						<String ID="P4_ST00650" HPOS="2453" VPOS="3216" WIDTH="185" HEIGHT="61" CONTENT="stellen;" WC="0.99" CC="02944050"/>
						<SP ID="P4_SP00568" HPOS="2638" VPOS="3277" WIDTH="31"/>
						<String ID="P4_ST00651" HPOS="2669" VPOS="3238" WIDTH="86" HEIGHT="31" CONTENT="nur" WC="0.95" CC="606"/>
						<SP ID="P4_SP00569" HPOS="2755" VPOS="3277" WIDTH="29"/>
						<String ID="P4_ST00652" HPOS="2784" VPOS="3239" WIDTH="123" HEIGHT="33" CONTENT="muss" WC="0.67" CC="9003"/>
						<SP ID="P4_SP00570" HPOS="2907" VPOS="3277" WIDTH="30"/>
						<String ID="P4_ST00653" HPOS="2937" VPOS="3241" WIDTH="100" HEIGHT="34" CONTENT="man" WC="0.95" CC="940"/>
						<SP ID="P4_SP00571" HPOS="3037" VPOS="3277" WIDTH="44"/>
						<String ID="P4_ST00654" HPOS="3081" VPOS="3225" WIDTH="124" HEIGHT="50" CONTENT="nicht" WC="0.98" CC="40007"/>
						<SP ID="P4_SP00572" HPOS="3205" VPOS="3277" WIDTH="44"/>
						<String ID="P4_ST00655" HPOS="3249" VPOS="3244" WIDTH="74" HEIGHT="34" CONTENT="ver" SUBS_TYPE="HypPart1" SUBS_CONTENT="vergessen," WC="0.98" CC="600"/>
						<HYP HPOS="3323" VPOS="3244" WIDTH="24" CONTENT="-"/>
					</TextLine>
					<TextLine ID="P4_TL00083" HPOS="1802" VPOS="3291" WIDTH="1546" HEIGHT="84">
						<String ID="P4_ST00656" HPOS="1802" VPOS="3306" WIDTH="177" HEIGHT="47" CONTENT="gessen," SUBS_TYPE="HypPart2" SUBS_CONTENT="vergessen," WC="1.00" CC="0020202"/>
						<SP ID="P4_SP00573" HPOS="1979" VPOS="3353" WIDTH="32"/>
						<String ID="P4_ST00657" HPOS="2011" VPOS="3291" WIDTH="103" HEIGHT="52" CONTENT="dass" WC="0.86" CC="5000"/>
						<SP ID="P4_SP00574" HPOS="2114" VPOS="3353" WIDTH="29"/>
						<String ID="P4_ST00658" HPOS="2143" VPOS="3291" WIDTH="112" HEIGHT="51" CONTENT="dazu" WC="0.96" CC="8044"/>
						<SP ID="P4_SP00575" HPOS="2255" VPOS="3353" WIDTH="24"/>
						<String ID="P4_ST00659" HPOS="2279" VPOS="3296" WIDTH="98" HEIGHT="50" CONTENT="Zeit" WC="0.98" CC="0007"/>
						<SP ID="P4_SP00576" HPOS="2377" VPOS="3353" WIDTH="24"/>
						<String ID="P4_ST00660" HPOS="2401" VPOS="3299" WIDTH="89" HEIGHT="49" CONTENT="und" WC="0.94" CC="618"/>
						<SP ID="P4_SP00577" HPOS="2490" VPOS="3353" WIDTH="25"/>
						<String ID="P4_ST00661" HPOS="2515" VPOS="3304" WIDTH="232" HEIGHT="64" CONTENT="günstiges" WC="0.99" CC="006367046"/>
						<SP ID="P4_SP00578" HPOS="2747" VPOS="3368" WIDTH="17"/>
						<String ID="P4_ST00662" HPOS="2764" VPOS="3304" WIDTH="218" HEIGHT="52" CONTENT="Geschick" WC="0.99" CC="00006407"/>
						<SP ID="P4_SP00579" HPOS="2982" VPOS="3368" WIDTH="23"/>
						<String ID="P4_ST00663" HPOS="3005" VPOS="3308" WIDTH="178" HEIGHT="67" CONTENT="gehört," WC="0.98" CC="9030540"/>
						<SP ID="P4_SP00580" HPOS="3183" VPOS="3375" WIDTH="22"/>
						<String ID="P4_ST00664" HPOS="3205" VPOS="3311" WIDTH="143" HEIGHT="50" CONTENT="welch" WC="0.99" CC="00305"/>
					</TextLine>
					<TextLine ID="P4_TL00084" HPOS="1800" VPOS="3370" WIDTH="1546" HEIGHT="73">
						<String ID="P4_ST00665" HPOS="1800" VPOS="3370" WIDTH="211" HEIGHT="52" CONTENT="letzteres" WC="0.99" CC="507600404"/>
						<SP ID="P4_SP00581" HPOS="2011" VPOS="3422" WIDTH="45"/>
						<String ID="P4_ST00666" HPOS="2056" VPOS="3375" WIDTH="101" HEIGHT="49" CONTENT="kein" WC="0.99" CC="0003"/>
						<SP ID="P4_SP00582" HPOS="2157" VPOS="3424" WIDTH="38"/>
						<String ID="P4_ST00667" HPOS="2195" VPOS="3375" WIDTH="382" HEIGHT="56" CONTENT="Musik-Director" WC="0.69" CC="06900460300532"/>
						<SP ID="P4_SP00583" HPOS="2577" VPOS="3431" WIDTH="29"/>
						<String ID="P4_ST00668" HPOS="2606" VPOS="3385" WIDTH="79" HEIGHT="50" CONTENT="mit" WC="0.98" CC="006"/>
						<SP ID="P4_SP00584" HPOS="2685" VPOS="3435" WIDTH="29"/>
						<String ID="P4_ST00669" HPOS="2714" VPOS="3385" WIDTH="169" HEIGHT="52" CONTENT="seinem" WC="0.99" CC="600005"/>
						<SP ID="P4_SP00585" HPOS="2883" VPOS="3437" WIDTH="32"/>
						<String ID="P4_ST00670" HPOS="2915" VPOS="3389" WIDTH="140" HEIGHT="51" CONTENT="Stabe" WC="0.98" CC="07040"/>
						<SP ID="P4_SP00586" HPOS="3055" VPOS="3440" WIDTH="29"/>
						<String ID="P4_ST00671" HPOS="3084" VPOS="3390" WIDTH="123" HEIGHT="51" CONTENT="lenkt" WC="0.99" CC="40003"/>
						<SP ID="P4_SP00587" HPOS="3207" VPOS="3441" WIDTH="46"/>
						<String ID="P4_ST00672" HPOS="3253" VPOS="3394" WIDTH="93" HEIGHT="49" CONTENT="und" WC="0.98" CC="005"/>
					</TextLine>
					<TextLine ID="P4_TL00085" HPOS="1800" VPOS="3452" WIDTH="136" HEIGHT="51">
						<String ID="P4_ST00673" HPOS="1800" VPOS="3452" WIDTH="136" HEIGHT="51" CONTENT="leitet." WC="0.99" CC="7064010"/>
					</TextLine>
					<TextLine ID="P4_TL00086" HPOS="1924" VPOS="3541" WIDTH="1416" HEIGHT="66">
						<String ID="P4_ST00674" HPOS="1924" VPOS="3541" WIDTH="292" HEIGHT="51" CONTENT="Sämmtliche" WC="0.81" CC="5000031061"/>
						<SP ID="P4_SP00588" HPOS="2216" VPOS="3592" WIDTH="30"/>
						<String ID="P4_ST00675" HPOS="2246" VPOS="3544" WIDTH="193" HEIGHT="51" CONTENT="Solisten" WC="0.99" CC="05205302"/>
						<SP ID="P4_SP00589" HPOS="2439" VPOS="3595" WIDTH="31"/>
						<String ID="P4_ST00676" HPOS="2470" VPOS="3545" WIDTH="124" HEIGHT="52" CONTENT="hatte" WC="0.99" CC="61300"/>
						<SP ID="P4_SP00590" HPOS="2594" VPOS="3597" WIDTH="34"/>
						<String ID="P4_ST00677" HPOS="2628" VPOS="3567" WIDTH="84" HEIGHT="33" CONTENT="uns" WC="0.97" CC="105"/>
						<SP ID="P4_SP00591" HPOS="2712" VPOS="3600" WIDTH="43"/>
						<String ID="P4_ST00678" HPOS="2755" VPOS="3550" WIDTH="146" HEIGHT="52" CONTENT="dieses" WC="0.99" CC="800600"/>
						<SP ID="P4_SP00592" HPOS="2901" VPOS="3602" WIDTH="44"/>
						<String ID="P4_ST00679" HPOS="2945" VPOS="3555" WIDTH="91" HEIGHT="48" CONTENT="Mal" WC="0.97" CC="106"/>
						<SP ID="P4_SP00593" HPOS="3036" VPOS="3603" WIDTH="44"/>
						<String ID="P4_ST00680" HPOS="3080" VPOS="3554" WIDTH="70" HEIGHT="52" CONTENT="die" WC="1.00" CC="000"/>
						<SP ID="P4_SP00594" HPOS="3150" VPOS="3606" WIDTH="42"/>
						<String ID="P4_ST00681" HPOS="3192" VPOS="3556" WIDTH="119" HEIGHT="51" CONTENT="Nach" SUBS_TYPE="HypPart1" SUBS_CONTENT="Nachbarstadt" WC="0.97" CC="5572"/>
						<HYP HPOS="3311" VPOS="3556" WIDTH="29" CONTENT="-"/>
					</TextLine>
					<TextLine ID="P4_TL00087" HPOS="1801" VPOS="3621" WIDTH="1541" HEIGHT="83">
						<String ID="P4_ST00682" HPOS="1801" VPOS="3621" WIDTH="203" HEIGHT="51" CONTENT="barstadt" SUBS_TYPE="HypPart2" SUBS_CONTENT="Nachbarstadt" WC="0.99" CC="50507004"/>
						<SP ID="P4_SP00595" HPOS="2004" VPOS="3672" WIDTH="40"/>
						<String ID="P4_ST00683" HPOS="2044" VPOS="3624" WIDTH="152" HEIGHT="51" CONTENT="Köln" WC="0.97" CC="0913"/>
						<SP ID="P4_SP00596" HPOS="2196" VPOS="3675" WIDTH="41"/>
						<String ID="P4_ST00684" HPOS="2237" VPOS="3626" WIDTH="216" HEIGHT="65" CONTENT="geliefert." WC="1.00" CC="8000000050"/>
						<SP ID="P4_SP00597" HPOS="2453" VPOS="3691" WIDTH="56"/>
						<String ID="P4_ST00685" HPOS="2509" VPOS="3630" WIDTH="236" HEIGHT="61" CONTENT="Jeremias," WC="0.99" CC="503074452"/>
						<SP ID="P4_SP00598" HPOS="2745" VPOS="3691" WIDTH="40"/>
						<String ID="P4_ST00686" HPOS="2785" VPOS="3635" WIDTH="70" HEIGHT="50" CONTENT="die" WC="0.95" CC="920"/>
						<SP ID="P4_SP00599" HPOS="2855" VPOS="3691" WIDTH="43"/>
						<String ID="P4_ST00687" HPOS="2898" VPOS="3636" WIDTH="333" HEIGHT="68" CONTENT="Haupt-Partie" WC="0.99" CC="400404450660"/>
						<SP ID="P4_SP00600" HPOS="3231" VPOS="3704" WIDTH="31"/>
						<String ID="P4_ST00688" HPOS="3262" VPOS="3640" WIDTH="80" HEIGHT="51" CONTENT="des" WC="0.97" CC="006"/>
					</TextLine>
					<TextLine ID="P4_TL00088" HPOS="1802" VPOS="3705" WIDTH="1540" HEIGHT="76">
						<String ID="P4_ST00689" HPOS="1802" VPOS="3705" WIDTH="215" HEIGHT="57" CONTENT="Werkes," WC="0.99" CC="0020052"/>
						<SP ID="P4_SP00601" HPOS="2017" VPOS="3762" WIDTH="31"/>
						<String ID="P4_ST00690" HPOS="2048" VPOS="3722" WIDTH="95" HEIGHT="33" CONTENT="war" WC="1.00" CC="000"/>
						<SP ID="P4_SP00602" HPOS="2143" VPOS="3762" WIDTH="29"/>
						<String ID="P4_ST00691" HPOS="2172" VPOS="3706" WIDTH="42" HEIGHT="51" CONTENT="in" WC="0.78" CC="04"/>
						<SP ID="P4_SP00603" HPOS="2214" VPOS="3762" WIDTH="29"/>
						<String ID="P4_ST00692" HPOS="2243" VPOS="3709" WIDTH="89" HEIGHT="48" CONTENT="den" WC="0.99" CC="003"/>
						<SP ID="P4_SP00604" HPOS="2332" VPOS="3762" WIDTH="28"/>
						<String ID="P4_ST00693" HPOS="2360" VPOS="3710" WIDTH="196" HEIGHT="52" CONTENT="Händen" WC="0.98" CC="602903"/>
						<SP ID="P4_SP00605" HPOS="2556" VPOS="3762" WIDTH="30"/>
						<String ID="P4_ST00694" HPOS="2586" VPOS="3730" WIDTH="85" HEIGHT="33" CONTENT="von" WC="0.99" CC="030"/>
						<SP ID="P4_SP00606" HPOS="2671" VPOS="3763" WIDTH="31"/>
						<String ID="P4_ST00695" HPOS="2702" VPOS="3716" WIDTH="153" HEIGHT="50" CONTENT="Herrn" WC="0.99" CC="40230"/>
						<SP ID="P4_SP00607" HPOS="2855" VPOS="3766" WIDTH="32"/>
						<String ID="P4_ST00696" HPOS="2887" VPOS="3718" WIDTH="330" HEIGHT="63" CONTENT="Schieffer," WC="0.72" CC="0061079001"/>
						<SP ID="P4_SP00608" HPOS="3217" VPOS="3781" WIDTH="42"/>
						<String ID="P4_ST00697" HPOS="3259" VPOS="3723" WIDTH="83" HEIGHT="49" CONTENT="der" WC="0.95" CC="516"/>
					</TextLine>
					<TextLine ID="P4_TL00089" HPOS="1799" VPOS="3788" WIDTH="1541" HEIGHT="82">
						<String ID="P4_ST00698" HPOS="1799" VPOS="3788" WIDTH="150" HEIGHT="49" CONTENT="diesen" WC="0.99" CC="200005"/>
						<SP ID="P4_SP00609" HPOS="1949" VPOS="3837" WIDTH="31"/>
						<String ID="P4_ST00699" HPOS="1980" VPOS="3788" WIDTH="174" HEIGHT="50" CONTENT="sowohl" WC="0.99" CC="056020"/>
						<SP ID="P4_SP00610" HPOS="2154" VPOS="3838" WIDTH="31"/>
						<String ID="P4_ST00700" HPOS="2185" VPOS="3789" WIDTH="42" HEIGHT="51" CONTENT="in" WC="0.51" CC="54"/>
						<SP ID="P4_SP00611" HPOS="2227" VPOS="3840" WIDTH="31"/>
						<String ID="P4_ST00701" HPOS="2258" VPOS="3791" WIDTH="169" HEIGHT="50" CONTENT="Grösse" WC="0.98" CC="139630"/>
						<SP ID="P4_SP00612" HPOS="2427" VPOS="3841" WIDTH="31"/>
						<String ID="P4_ST00702" HPOS="2458" VPOS="3793" WIDTH="63" HEIGHT="50" CONTENT="als" WC="0.98" CC="004"/>
						<SP ID="P4_SP00613" HPOS="2521" VPOS="3843" WIDTH="41"/>
						<String ID="P4_ST00703" HPOS="2562" VPOS="3794" WIDTH="143" HEIGHT="51" CONTENT="hoher" WC="0.99" CC="35000"/>
						<SP ID="P4_SP00614" HPOS="2705" VPOS="3845" WIDTH="39"/>
						<String ID="P4_ST00704" HPOS="2744" VPOS="3798" WIDTH="262" HEIGHT="70" CONTENT="Stimmlage" WC="1.00" CC="203000200"/>
						<SP ID="P4_SP00615" HPOS="3006" VPOS="3868" WIDTH="40"/>
						<String ID="P4_ST00705" HPOS="3046" VPOS="3809" WIDTH="268" HEIGHT="61" CONTENT="anstrengen" SUBS_TYPE="HypPart1" SUBS_CONTENT="anstrengenden" WC="0.99" CC="5000040804"/>
						<HYP HPOS="3314" VPOS="3809" WIDTH="26" CONTENT="-"/>
					</TextLine>
					<TextLine ID="P4_TL00090" HPOS="1799" VPOS="3870" WIDTH="1538" HEIGHT="67">
						<String ID="P4_ST00706" HPOS="1799" VPOS="3870" WIDTH="85" HEIGHT="50" CONTENT="den" SUBS_TYPE="HypPart2" SUBS_CONTENT="anstrengenden" WC="0.95" CC="067"/>
						<SP ID="P4_SP00616" HPOS="1884" VPOS="3920" WIDTH="30"/>
						<String ID="P4_ST00707" HPOS="1914" VPOS="3871" WIDTH="109" HEIGHT="47" CONTENT="Part" WC="0.95" CC="6665"/>
						<SP ID="P4_SP00617" HPOS="2023" VPOS="3920" WIDTH="31"/>
						<String ID="P4_ST00708" HPOS="2054" VPOS="3870" WIDTH="80" HEIGHT="50" CONTENT="mit" WC="0.99" CC="002"/>
						<SP ID="P4_SP00618" HPOS="2134" VPOS="3920" WIDTH="27"/>
						<String ID="P4_ST00709" HPOS="2161" VPOS="3871" WIDTH="146" HEIGHT="51" CONTENT="einem" WC="0.97" CC="72770"/>
						<SP ID="P4_SP00619" HPOS="2307" VPOS="3922" WIDTH="34"/>
						<String ID="P4_ST00710" HPOS="2341" VPOS="3874" WIDTH="244" HEIGHT="52" CONTENT="Ausdruck" WC="0.98" CC="04996450"/>
						<SP ID="P4_SP00620" HPOS="2585" VPOS="3926" WIDTH="29"/>
						<String ID="P4_ST00711" HPOS="2614" VPOS="3878" WIDTH="93" HEIGHT="51" CONTENT="und" WC="0.96" CC="046"/>
						<SP ID="P4_SP00621" HPOS="2707" VPOS="3929" WIDTH="29"/>
						<String ID="P4_ST00712" HPOS="2736" VPOS="3880" WIDTH="123" HEIGHT="51" CONTENT="einer" WC="0.96" CC="72573"/>
						<SP ID="P4_SP00622" HPOS="2859" VPOS="3931" WIDTH="31"/>
						<String ID="P4_ST00713" HPOS="2890" VPOS="3883" WIDTH="242" HEIGHT="52" CONTENT="Ausdauer" WC="0.99" CC="02007377"/>
						<SP ID="P4_SP00623" HPOS="3132" VPOS="3935" WIDTH="29"/>
						<String ID="P4_ST00714" HPOS="3161" VPOS="3902" WIDTH="56" HEIGHT="33" CONTENT="zu" WC="0.76" CC="40"/>
						<SP ID="P4_SP00624" HPOS="3217" VPOS="3935" WIDTH="32"/>
						<String ID="P4_ST00715" HPOS="3249" VPOS="3887" WIDTH="59" HEIGHT="50" CONTENT="Ge" SUBS_TYPE="HypPart1" SUBS_CONTENT="Gehör" WC="0.95" CC="27"/>
						<HYP HPOS="3308" VPOS="3887" WIDTH="29" CONTENT="-"/>
					</TextLine>
					<TextLine ID="P4_TL00091" HPOS="1799" VPOS="3951" WIDTH="1538" HEIGHT="69">
						<String ID="P4_ST00716" HPOS="1799" VPOS="3953" WIDTH="85" HEIGHT="48" CONTENT="hör" SUBS_TYPE="HypPart2" SUBS_CONTENT="Gehör" WC="0.99" CC="300"/>
						<SP ID="P4_SP00625" HPOS="1884" VPOS="4001" WIDTH="42"/>
						<String ID="P4_ST00717" HPOS="1926" VPOS="3951" WIDTH="200" HEIGHT="61" CONTENT="brachte," WC="0.99" CC="75514300"/>
						<SP ID="P4_SP00626" HPOS="2126" VPOS="4012" WIDTH="43"/>
						<String ID="P4_ST00718" HPOS="2169" VPOS="3955" WIDTH="171" HEIGHT="50" CONTENT="welche" WC="0.98" CC="955000"/>
						<SP ID="P4_SP00627" HPOS="2340" VPOS="4012" WIDTH="43"/>
						<String ID="P4_ST00719" HPOS="2383" VPOS="3974" WIDTH="101" HEIGHT="33" CONTENT="zum" WC="0.98" CC="301"/>
						<SP ID="P4_SP00628" HPOS="2484" VPOS="4012" WIDTH="44"/>
						<String ID="P4_ST00720" HPOS="2528" VPOS="3958" WIDTH="223" HEIGHT="54" CONTENT="lautesten" WC="0.99" CC="653001300"/>
						<SP ID="P4_SP00629" HPOS="2751" VPOS="4012" WIDTH="45"/>
						<String ID="P4_ST00721" HPOS="2796" VPOS="3964" WIDTH="180" HEIGHT="51" CONTENT="Beilalle" WC="0.99" CC="60202560"/>
						<SP ID="P4_SP00630" HPOS="2976" VPOS="4015" WIDTH="41"/>
						<String ID="P4_ST00722" HPOS="3017" VPOS="3965" WIDTH="320" HEIGHT="55" CONTENT="aufforderten." WC="1.00" CC="0200000060044"/>
					</TextLine>
					<TextLine ID="P4_TL00092" HPOS="1799" VPOS="4034" WIDTH="1540" HEIGHT="83">
						<String ID="P4_ST00723" HPOS="1799" VPOS="4034" WIDTH="144" HEIGHT="52" CONTENT="Einen" WC="0.98" CC="10705"/>
						<SP ID="P4_SP00631" HPOS="1943" VPOS="4086" WIDTH="30"/>
						<String ID="P4_ST00724" HPOS="1973" VPOS="4034" WIDTH="243" HEIGHT="69" CONTENT="doppelten" WC="0.98" CC="705443606"/>
						<SP ID="P4_SP00632" HPOS="2216" VPOS="4103" WIDTH="22"/>
						<String ID="P4_ST00725" HPOS="2238" VPOS="4037" WIDTH="220" HEIGHT="71" CONTENT="Triumph" WC="0.99" CC="0000803"/>
						<SP ID="P4_SP00633" HPOS="2458" VPOS="4108" WIDTH="20"/>
						<String ID="P4_ST00726" HPOS="2478" VPOS="4039" WIDTH="155" HEIGHT="53" CONTENT="feierte" WC="0.99" CC="1130060"/>
						<SP ID="P4_SP00634" HPOS="2633" VPOS="4108" WIDTH="15"/>
						<String ID="P4_ST00727" HPOS="2648" VPOS="4044" WIDTH="122" HEIGHT="51" CONTENT="Herr" WC="0.98" CC="6005"/>
						<SP ID="P4_SP00635" HPOS="2770" VPOS="4108" WIDTH="31"/>
						<String ID="P4_ST00728" HPOS="2801" VPOS="4045" WIDTH="52" HEIGHT="52" CONTENT="E." WC="0.61" CC="33"/>
						<SP ID="P4_SP00636" HPOS="2853" VPOS="4108" WIDTH="30"/>
						<String ID="P4_ST00729" HPOS="2883" VPOS="4048" WIDTH="159" HEIGHT="51" CONTENT="Koch" WC="0.98" CC="0600"/>
						<SP ID="P4_SP00637" HPOS="3042" VPOS="4108" WIDTH="29"/>
						<String ID="P4_ST00730" HPOS="3071" VPOS="4049" WIDTH="64" HEIGHT="51" CONTENT="als" WC="0.95" CC="209"/>
						<SP ID="P4_SP00638" HPOS="3135" VPOS="4108" WIDTH="25"/>
						<String ID="P4_ST00731" HPOS="3160" VPOS="4049" WIDTH="179" HEIGHT="68" CONTENT="Sänger" WC="0.97" CC="466936"/>
					</TextLine>
				</TextBlock>
			</PrintSpace>
		</Page>
	</Layout>
</alto>
