3510 5011
150 85 93 52 112

729 218 242 40 manner
1014 220 62 39 as
1122 220 76 36 on
1241 220 75 54 ye
1362 193 146 66 28th
1553 212 159 65 past:

734 278 137 84 only
897 278 136 85 Sigr
1054 277 329 67 Valeriano
1400 279 316 83 perform'd

730 363 89 65 his
865 391 136 37 own
1045 380 143 66 part.

539 449 136 66 15th
722 448 335 84 Wensday.
1127 447 292 79 Theseus,
1453 477 125 37 was
1609 451 68 64 de-

732 533 193 85 sign'd
972 551 58 48 to
1089 533 78 66 be
1228 535 337 81 perform'd,
1612 535 105 66 but

730 618 221 87 finding
1019 620 136 83 they
1221 620 179 66 could
1459 637 100 50 not
1618 639 99 66 get

732 707 313 82 Company
1119 706 304 76 sufficient,
1482 710 45 62 it
1593 733 124 39 was

734 808 103 63 put
880 791 79 65 off
1005 790 162 65 untill
1212 791 98 64 the

553 876 137 67 18th
737 876 145 84 Saty
926 875 273 66 Theseus
1246 904 123 38 was
1401 875 315 84 perform'd

736 961 99 65 tho
882 989 34 36 a
962 961 122 65 thin
1132 961 232 66 House.

377 1050 79 65 25
507 1049 157 85 Apr.
729 1049 146 81 Saty
917 1046 87 65 for
1047 1074 73 57 ye
1170 1048 225 64 Benefit
1437 1046 59 68 of
1550 1048 170 83 Sigra

739 1133 341 84 Margarita,
1150 1159 123 40 was
1298 1131 314 84 perform'd
1645 1161 74 53 ye

739 1217 160 66 Two
944 1218 115 65 first
1111 1218 159 65 Acts
1316 1218 61 66 of
1428 1218 289 66 Dorinda.

739 1303 143 65 with
926 1331 74 56 ye
1045 1304 308 66 Addition
1406 1304 60 65 of
1508 1331 73 57 ye
1612 1304 81 65 fol-

736 1388 217 88 lowing
996 1389 159 66 Acts
1205 1407 101 50 out
1350 1389 60 65 of
1456 1388 265 67 Severall

743 1474 258 82 Operas.

720 1575 14 49 I
799 1562 133 62 Con
955 1587 182 37 vezzo
1161 1559 375 84 lusinghiero,
1572 1559 148 66 from

158 1693 37 30 c
206 1695 11 10 .
370 1690 87 33 I-,.,
506 1709 33 14 „
725 1657 19 59 )
798 1674 73 49 ye
918 1646 210 77 Opera
1171 1646 60 65 of
1277 1646 245 65 Hamlet

154 1704 170 64 bigra
369 1704 214 54 rilotta
720 1718 24 46 \
802 1732 48 36 d
883 1732 10 12 •
1031 1731 32 33 l
1152 1731 15 33 i
1256 1730 36 38 j
1377 1731 34 37 r
1519 1731 20 37 t

225 1744 33 34 5
722 1751 24 75 f
800 1758 135 38 rna
995 1744 111 52 che
1155 1744 53 52 la
1254 1744 218 72 doglia,
1519 1758 84 38 rro
1646 1758 75 57 ye

722 1807 17 72 I
799 1817 211 82 Opera
1053 1817 60 65 of
1160 1816 316 66 Hercules.

722 1918 15 49 I
800 1902 121 65 Del
974 1902 165 65 Fallo
1185 1902 109 66 su'l
1334 1905 208 63 camin.
1576 1901 146 66 from

159 2036 37 19 />
209 2038 10 10 •
332 2034 68 18 ir
441 2033 13 19 i
563 2034 13 13 »
729 2018 17 44 )
800 1987 280 66 Clotilda.

156 2061 134 48 oigr
341 2048 317 52 Valentino
720 2048 24 49 <
798 2074 209 35 to,
1040 2075 12 11 •
1251 2076 29 22 a
1405 2075 11 11 •
1525 2071 73 33 j-i
1645 2089 33 9 ..

228 2085 34 37 5
727 2098 19 41 I
818 2085 23 54 1
861 2102 18 37 i
939 2092 252 67 otrmgo,
1246 2100 37 37 o
1343 2100 115 37 mio
1518 2085 206 52 duetto

723 2183 16 39 v
800 2160 144 64 from

675 2305 19 15 ,
725 2240 22 69 I
804 2245 53 64 E
889 2272 151 37 vano
1072 2245 135 83 ogni
1247 2245 292 80 pensiero.
1581 2241 144 66 from

723 2320 16 74 1
802 2330 231 65 Amore
1136 2329 75 66 m'
1242 2329 287 65 infiamma
1632 2329 93 65 col

802 2407 524 90 \lampo
1086 2413 142 67 d'un
1311 2414 255 85 sguardo
1640 2415 84 64 fro

156 2503 171 86 Sigra
372 2503 322 86 Margarita
723 2535 24 34 \
802 2499 270 66 Camilla.

730 2577 20 73 I
804 2588 165 64 Love
1059 2612 136 40 wou
1204 2584 59 66 'd
1339 2584 216 68 invade
1630 2613 94 37 me

723 2662 21 75 f
799 2673 146 65 from
1011 2699 74 55 ye
1152 2672 208 81 Opera
1434 2672 60 63 of
1559 2669 124 66 Tho-

724 2768 23 70 \
803 2761 189 80 myris.

727 2856 17 81 [
805 2845 83 63 Di
931 2870 62 37 se
1042 2845 165 73 senti,
1242 2842 110 66 su'l
1383 2842 101 66 bel
1514 2841 207 68 Volto.

358 2975 45 28 r»
470 2974 14 29 i
517 2977 12 11 .
732 2942 19 60 )
804 2931 145 64 from
995 2928 285 65 Antioco.

238 3002 70 38 is.
410 3002 49 37 ai
515 3001 82 37 icr
728 3002 23 36 \
874 3040 135 40 ume
1077 3042 33 35 a
1114 3012 15 64 j
1136 3044 31 34 a
1172 3031 18 47 j-
1194 3043 53 45 0>
1296 3015 218 63 Arcier
1579 3014 108 64 ben-

729 3125 18 36 v
808 3100 138 65 dato
991 3099 143 64 from
1181 3099 318 66 Hercules.

720 3184 18 66 (
800 3186 146 66 Solo
972 3188 155 80 pieta
1152 3188 56 63 vi
1233 3185 237 74 chiede,
1499 3185 37 64 1'
1561 3188 160 62 inna-

156 3274 171 85 Sigra
374 3273 289 67 Mannina
1293 3262 19 75 I
799 3301 156 36 mora
962 3289 57 46 to
1066 3271 138 65 Cor.
1238 3271 145 65 from
1416 3271 304 66 Etearcus.

723 3349 19 89 (
803 3360 82 64 Di
931 3358 114 65 luci
1092 3356 240 65 adorno.

743 3440 376 88 Concluding
1165 3443 141 65 with
1350 3469 74 56 ye
1494 3442 228 66 Chorus

742 3528 60 65 of
852 3527 280 66 Clotilda.

160 3616 150 85 May
355 3642 74 59 ye
478 3614 81 66 2d
610 3612 321 67 Ernelinda
1020 3613 86 65 for
1190 3641 74 56 ye
1353 3613 225 66 Benefit
1665 3614 60 65 of

629 3698 133 85 Sigr
805 3699 348 66 Valeriano.

484 3788 41 64 9
614 3786 259 67 Rinaldo
896 3812 121 38 was
1042 3783 240 67 revived
1307 3786 86 64 for
1420 3784 131 65 Mrs
1583 3786 105 63 Bar-

612 3870 176 66 bier's
861 3870 244 67 Benefit.
1207 3870 123 66 She
1405 3870 315 83 perform'd

615 3984 74 56 ye
734 3974 127 66 part
904 3956 60 65 of
1010 3955 279 66 Rinaldo.

496 4044 68 66 15
614 4042 273 65 Theseus
953 4041 87 65 for
1091 4068 74 56 ye
1232 4041 225 66 Benefit
1509 4042 60 65 of
1623 4041 102 66 Mr

615 4127 249 68 Hendel
910 4154 73 55 ye
1030 4129 348 80 Composer.

287 4215 169 66 Here
502 4214 199 67 ended
748 4240 75 58 ye
869 4214 239 81 Operas
1151 4211 87 66 for
1283 4212 109 65 this
1425 4240 229 38 season.

770 4317 109 63 17
940 4315 177 65 13.

1769 198 503 102 REALLY,
2358 198 554 91 NOTHING
2988 203 341 97 REAL.

1818 383 185 144 AT
2333 368 37 62 4
2503 366 229 81 o'clock.
3052 391 88 42 we
3319 391 22 42 w
3173 372 59 47 (l)
3278 387 57 54 in

2003 453 168 65 order
2216 466 56 52 to
2317 465 125 70 give
2496 453 118 66 him
2680 482 77 37 an
2827 480 248 43 account
3122 460 76 77 of
3232 486 106 38 our

1771 536 36 33 lt
1870 548 147 55 visits
2061 552 56 51 to
2183 538 281 66 Bressant
2507 545 52 39 (2)
2618 541 124 63 and
2802 540 349 82 Delaunay,
3206 546 53 44 (3)

1985 625 365 76 manifested,
2408 653 73 36 on
2552 625 245 82 hearing
2860 627 79 76 of
2994 627 160 66 what
3206 631 133 78 took

1843 710 190 79 place,
2082 722 166 69 great
2298 711 379 81 indignation,
2724 712 85 64 his
2867 724 176 66 voice,
3095 716 242 79 usually

1844 822 64 36 so
1957 808 299 64 unctuous,
2307 796 287 66 trembled
2630 797 132 65 tviih
2808 824 202 56 anger.

1950 879 227 66 What!
2220 881 75 65 do
2338 909 122 50 you
2528 910 170 36 mean
2768 894 54 53 to
2889 884 107 63 tell
3060 912 91 38 me
3217 886 124 64 that

1846 965 332 79 Delaunay
2224 969 237 65 said....
2496 968 101 64 but
2641 968 33 64 I
2714 968 127 66 had
2898 971 296 82 arranged
3254 970 85 66 his

1849 1051 268 79 holiday,
2163 1081 64 36 so
2294 1081 65 36 as
2426 1064 56 53 to
2550 1054 148 65 have
2762 1055 119 65 him
2935 1055 148 80 back

1847 1138 218 63 middle
2112 1138 76 79 of
2219 1138 339 79 September
2601 1167 74 37 on
2719 1161 264 57 purpose.

1934 1227 13 23 '
1974 1222 194 80 Mark
2211 1251 80 49 y°
2299 1251 34 37 il
2380 1223 123 65 this*
2596 1224 269 83 Nothing
2909 1237 55 52 in
3018 1227 89 64 the
3174 1227 129 66 thea-

1846 1307 175 66 trical
2068 1308 194 65 World
2299 1319 46 52 is
2390 1309 144 64 real.
2634 1308 125 65 The
2823 1322 240 67 attempt
3126 1324 54 54 to
3315 1350 23 11 -

1846 1403 154 55 ceive
2047 1404 45 54 is
2135 1394 170 78 itself
2328 1394 167 79 false
2524 1393 16 22 '

2304 1497 72 36 De
2409 1495 225 38 Goncourt
2662 1507 57 25 on
2745 1496 218 38 Edouard
2994 1497 198 48 Thierry,
3222 1500 118 43 1565.

1778 1664 239 144 AND
2067 1648 93 66 M.
2210 1647 286 66 Edouard
2543 1648 252 84 Thierry
2826 1651 179 85 ought
3061 1667 60 49 to
3163 1652 175 66 know

1965 1736 160 63 since
2173 1735 74 64 he
2294 1761 123 38 was
2463 1733 424 68 administrator
2916 1735 60 66 of
3019 1736 98 65 the
3163 1737 141 66 Fran-

1774 1824 158 76 caise
1975 1821 86 65 for
2106 1820 213 66 twelve
2364 1848 186 56 years.

1781 1928 7 11 I
1795 1925 343 14 mmmmmmmwmmnmMwmfmwMMwm—*
2157 1925 53 10 ruirn
2385 1925 29 10 mr~
2435 1925 10 10 11
2463 1925 24 14 11111
2490 1926 24 9 inr
2581 1925 323 11 TrrwM~nrirrnnniiirriWMmTnTWTmnmim
2907 1925 5 14 11
2919 1926 262 11 iwininfininnwiiiy
3188 1926 15 12 ibi
3214 1928 15 11 w
3236 1928 36 11 biim
3276 1928 6 9 11
3288 1928 24 11 m■
3319 1925 4 14 i
3329 1928 11 11 w

1779 2008 329 147 UNDER
2152 1991 97 65 the
2296 1991 273 66 headline
2684 1992 190 67 What
2917 1995 47 64 is
3009 1994 150 85 right
3197 1996 142 65 with

1964 2078 97 64 the
2534 2076 123 68 Mr.
2733 2078 226 66 Arthur
3024 2079 316 66 Bourchier

1852 2160 98 69 the
2023 2161 343 68 celebrated
3071 2165 266 66 released

1779 2249 120 62 into
1966 2277 33 36 a
2069 2248 254 66 London
2380 2248 253 84 Journal,
2703 2250 207 84 begins
2985 2249 352 85 cheerfully;

1779 2333 103 65 but
1928 2334 199 66 before
2172 2335 75 65 he
2279 2334 102 65 has
2426 2334 335 83 completed
2808 2335 87 65 his
2940 2334 111 66 first
3094 2353 210 67 twenty-

1777 2446 113 37 one
1937 2419 154 65 short
2135 2420 146 64 lines
2341 2419 76 65 he
2487 2422 47 63 is
2600 2419 183 66 found
2829 2419 199 84 telling
3071 2447 65 38 us
3182 2422 157 65 what

1777 2507 47 62 is
1871 2525 201 61 Wrong
2112 2506 144 64 with
2300 2504 95 65 the
2442 2504 244 68 theatre.

1865 2591 45 64 If
1955 2591 161 64 there
2169 2594 47 63 is
2284 2619 114 36 one
2459 2591 131 82 silly
2647 2619 143 54 pose
2837 2593 58 62 in
2939 2591 97 66 the
3080 2591 259 66 Theatre

1778 2674 188 67 world
2013 2676 177 65 sillier
2234 2674 137 67 than
2417 2676 75 65 all
2539 2676 96 65 the
2682 2692 133 59 rest,
2851 2678 42 63 it
2938 2678 47 63 is
3038 2676 174 66 when
3243 2677 96 65 the

1778 2777 162 50 actor
1983 2789 63 37 or
2091 2789 274 57 manager
2408 2761 277 84 pretends
2729 2761 120 65 that
2910 2762 160 65 there
3128 2765 46 62 is
3235 2789 68 38 no-

1777 2847 160 84 thing
1980 2875 205 57 wrong
2244 2847 143 66 with
2453 2847 96 65 the
2618 2847 280 66 Theatre.
3009 2846 136 67 The
3204 2865 136 48 next

1777 2935 58 62 in
1881 2934 172 66 order
2097 2934 58 64 of
2201 2932 245 66 silliness
2491 2936 48 62 is
2586 2932 122 65 that
2759 2950 277 66 pretence
3086 2932 120 66 that
3263 2934 76 63 he

1777 3019 171 64 alone
1994 3047 111 36 can
2149 3017 119 66 find
2336 3019 96 64 the
2500 3035 123 48 true
2677 3019 143 64 fault
2846 3019 148 64 —if
3036 3045 139 56 any:
3223 3019 116 64 and

1776 3104 99 66 the
1922 3104 151 66 third
2117 3102 280 86 stupidity
2441 3106 47 64 is
2519 3104 119 65 that
2689 3104 75 65 he
2811 3104 273 84 pretends
3116 3104 119 63 that
3264 3104 75 65 he

1776 3191 47 63 is
1870 3217 64 38 so
1980 3188 344 86 prejudiced
2392 3191 224 83 against
2682 3189 108 65 this
2858 3217 111 38 one
3016 3215 139 58 very
3199 3188 140 66 little

1781 3275 165 66 fault.

2105 3463 54 66 £
2525 3475 55 49 s.
2945 3434 75 88 d.

1783 3631 290 148 MOST
2119 3636 186 48 actors
2352 3618 116 66 and
2515 3645 302 59 managers
2864 3617 197 82 object
3104 3642 158 55 upon
3305 3643 34 36 a

1983 3704 189 65 sound
2232 3704 157 65 basis
2455 3704 62 64 of
2582 3729 457 39 commonsense.
3130 3699 209 68 While

1777 3792 137 74 they
1960 3817 101 49 say
2176 3790 109 66 this
2315 3792 49 62 is
2397 3790 122 64 bad
2549 3790 88 66 for
2991 3815 100 38 see
3123 3786 217 80 clearly

3085 3871 74 16 mi
3189 3875 10 11 «
3297 3875 9 10 •

1776 3878 120 65 that
1940 3876 157 66 what
2140 3875 137 83 they
2309 3899 98 40 arre
2437 3877 183 84 trying
2672 3891 61 48 to
2778 3901 100 57 say
2926 3876 47 63 is
3084 3873 147 64 This
3292 3873 46 63 is

1778 3962 121 66 bad
1943 3962 87 66 for
2075 3961 237 66 busines

1862 4047 179 66 Then
2086 4046 138 83 why
2268 4063 101 49 not
2413 4073 104 57 say
2562 4047 84 64 it?

2819 4214 14 11 *

1859 4291 53 41 (1)
1943 4285 184 39 Eduard
2155 4286 191 47 Thierry
2376 4287 271 48 (1813-1894),
2684 4284 344 38 Administrator
3067 4284 50 35 of
3153 4281 73 37 the
3264 4281 53 38 Co-

1780 4353 39 25 rn
1825 4339 99 39 edie
1954 4338 240 38 Francaise
2222 4338 112 38 from
2364 4340 100 44 1859
2587 4339 127 44 1871:
2743 4337 69 37 his
2853 4338 109 45 days
3001 4345 114 26 were
3142 4337 127 42 spent
3300 4333 43 36 in

1779 4392 169 47 having
1973 4396 47 32 to
2048 4392 107 35 hear
2183 4391 75 36 the
2293 4390 280 46 complaints,
2612 4400 189 34 arrange
2841 4390 75 35 the
2955 4386 268 41 differences,
3256 4385 89 36 and

1779 4443 187 48 provide
1995 4442 67 37 for
2089 4442 75 37 the
2191 4441 140 39 wilful
2359 4442 191 37 absence
2578 4440 49 39 of
2649 4442 58 37 all
2737 4441 74 38 the
2839 4445 144 33 actors
3009 4437 89 38 and
3131 4440 215 33 actresses

1780 4495 50 38 of
1852 4495 96 38 that
1975 4499 172 40 troupe,

1861 4549 53 43 (2)
1948 4546 219 44 Bressant,
2199 4548 150 40 actor;
2382 4543 274 47 (1815-1804).

1861 4600 52 43 (3)
1943 4597 216 46 Delauay,
2191 4602 145 38 actor;
2369 4597 273 45 (1826-1903).

1862 4651 51 44 (4)
1946 4649 147 37 These
2120 4653 146 32 actors
2294 4647 89 37 had
2409 4647 202 39 behaved
2642 4652 44 33 to
2714 4647 75 37 the
2820 4647 65 37 De
2929 4646 247 36 Goncourts
3215 4640 42 37 in
3288 4651 56 26 an

1784 4700 286 38 insufferable
2098 4710 185 27 manner
2310 4699 135 39 about
2472 4699 181 48 playing
2682 4710 51 27 or
2765 4703 77 33 not
2867 4695 182 50 playing
3076 4694 44 37 in
3149 4693 73 37 the
3249 4693 73 36 bro-

1784 4753 135 37 thers'
1951 4764 96 26 new
2074 4752 140 45 piece.
2246 4751 83 38 Ed.
