3510 5011
3241 93 65 49 97

115 195 448 84 characterised
616 226 69 43 as
740 195 109 74 the
902 216 207 54 actors
1162 228 83 42 on
1298 198 111 75 the
1480 217 196 74 stage.

117 308 109 73 On
276 305 108 72 the
435 301 158 94 right
644 298 109 75 the
806 330 210 64 young
1068 300 107 73 lad
1230 301 133 75 No.
1425 301 41 74 7
1526 301 157 76 with

116 413 89 72 his
256 405 384 75 trunk-hose.
755 404 193 72 Then
997 404 108 72 the
1166 435 205 63 merry
1432 409 247 70 artisan.

118 514 125 75 No.
303 508 44 72 9
386 507 155 73 with
593 505 145 93 long
798 507 325 83 breeches,
1197 540 38 40 a
1305 508 378 75 workman's

117 615 230 77 blouse,
386 607 125 75 and
548 640 38 41 a
620 639 144 62 cap.
820 609 149 73 The
1013 609 199 73 Chico
1249 609 132 75 No.
1423 612 68 81 8,
1532 611 150 75 who

117 716 144 78 with
315 715 91 71 his
459 711 108 74 left
619 711 173 72 hand
844 711 183 74 holds
1080 743 84 42 on
1214 733 67 53 to
1316 714 132 72 that
1486 715 65 71 of
1587 714 94 72 his

117 819 211 81 father,
360 814 126 74 and
515 814 218 75 whose
759 814 134 74 hair
920 815 93 73 his
1049 814 202 75 father
1287 819 48 70 is
1372 819 309 90 caressing

117 922 146 77 with
317 921 91 71 his
463 918 158 93 right
681 917 194 75 hand.
996 918 140 74 The
1213 919 153 73 little
1446 921 130 91 boy
1630 923 49 69 is

116 1020 324 80 interested
498 1020 242 73 neither
775 1025 62 71 in
877 1020 106 73 the
1018 1021 261 93 speaker
1315 1021 132 74 No.
1484 1022 40 73 3
1565 1051 116 42 nor

116 1134 56 67 in
223 1126 109 73 the
384 1128 326 89 goings-on
762 1154 84 43 on
907 1124 107 73 the
1085 1128 197 80 stairs,
1338 1124 114 73 but
1531 1124 148 94 only

116 1238 57 67 in
224 1230 105 73 the
381 1228 157 74 droll
592 1258 145 44 man
792 1228 156 74 with
1001 1227 106 75 the
1142 1229 164 92 huge
1343 1227 189 95 belly,
1571 1227 108 73 the

118 1331 106 76 red
275 1363 151 41 nose
479 1330 125 73 and
656 1330 109 73 the
818 1328 257 96 dagger.

261 1434 191 73 Then
505 1464 212 43 comes
770 1432 108 74 the
929 1434 212 76 fellow
1193 1437 63 70 in
1326 1434 106 73 the
1496 1432 182 94 plush

117 1538 292 75 breeches
464 1533 165 94 (No.
700 1533 142 94 10),
878 1537 149 73 who
1080 1540 49 70 is
1166 1535 319 94 marching
1522 1535 155 75 with

116 1660 165 76 great
332 1660 166 73 steps
552 1638 281 78 towards
887 1670 120 42 one
1062 1639 66 74 of
1180 1641 107 72 the
1322 1658 345 65 entrances,

118 1742 180 78 while
350 1744 105 72 the
489 1742 197 93 youth
757 1742 132 74 No.
986 1744 18 72 1
1038 1744 18 71 1
1151 1741 197 75 inside
1428 1742 65 74 of
1570 1742 107 73 the

116 1849 227 72 barrier
397 1850 49 69 is
498 1846 318 93 watching
853 1845 106 73 the
996 1849 208 70 action
1241 1877 84 42 on
1361 1846 106 74 the
1503 1864 174 75 stage

116 1951 149 76 with
318 1981 79 41 an
450 1949 221 73 almost
723 1952 354 90 passionate
1138 1949 399 74 enthusiasm.

212 2051 163 74 This
428 2051 301 74 enclosed
776 2075 193 64 space
1005 2055 49 70 is
1091 2051 233 94 clearly
1357 2050 320 75 indicated

117 2154 83 94 by
252 2174 131 53 two
436 2155 259 72 barriers
766 2155 73 72 A
892 2154 127 72 and
1074 2154 54 72 B
1209 2153 139 99 (see
1400 2153 234 93 ground-

111 2257 201 95 plan),
404 2257 215 75 which
700 2287 109 43 run
865 2257 261 92 slanting
1204 2258 278 75 towards
1568 2258 109 72 the

112 2381 193 74 stage.
362 2361 365 92 Compare:
787 2360 341 73 Caballero
1183 2361 131 75 No.
1386 2361 81 73 17
1526 2361 152 75 who

115 2467 48 69 is
211 2464 243 91 leaning
505 2464 157 72 from
718 2462 221 75 within
988 2494 84 42 on
1143 2464 107 72 the
1329 2495 122 42 one
1529 2462 145 84 end,

112 2565 188 75 while
352 2567 111 72 the
513 2567 200 92 youth
787 2567 130 73 No.
990 2567 16 72 1
1042 2569 19 69 I
1155 2569 51 70 is
1284 2567 259 92 holding
1598 2598 83 41 on

111 2668 312 94 evidently
475 2688 65 54 to
593 2669 108 73 the
753 2671 181 72 other
983 2668 135 73 side
1170 2668 66 73 of
1300 2671 245 72 Barrier
1580 2668 94 75 A.

118 2772 235 73 Barrier
407 2771 54 72 B
512 2775 50 70 is
616 2771 221 74 almost
889 2771 237 74 hidden
1179 2771 89 94 by
1319 2774 106 72 the
1479 2772 165 73 close-

108 2871 65 94 ly
226 2875 315 73 crammed
606 2874 462 94 Mosqueterfa,
1142 2874 147 94 only
1341 2875 107 74 the
1482 2874 197 75 lower

115 2997 128 74 part
295 2982 48 68 is
397 2977 228 92 clearly
682 2978 219 74 visible
939 2977 293 75 between
1286 2978 106 74 the
1443 2977 128 95 legs
1615 2978 66 74 of

120 3080 360 73 Caballeros
534 3081 131 74 No.
736 3081 86 74 19
879 3080 125 73 and
1061 3081 119 72 20.

265 3184 176 72 That
494 3184 108 72 the
637 3186 150 92 city,
845 3188 62 68 in
962 3182 212 77 which
1228 3213 115 43 our
1392 3182 289 94 drawing

115 3283 122 75 had
287 3289 75 70 its
414 3289 216 90 origin,
670 3318 134 42 was
858 3317 35 42 a
957 3285 183 94 place
1208 3285 66 74 of
1338 3317 172 42 some
1562 3290 78 70 im-

117 3407 311 71 portance,
484 3392 51 69 is
588 3387 242 95 proved
882 3388 89 92 by
1007 3387 107 74 the
1151 3388 221 75 crowd
1406 3389 66 73 of
1508 3388 140 75 well-

118 3489 252 76 dressed
425 3491 348 74 caballeros
830 3491 162 90 (No.
1065 3491 15 71 1
1105 3490 240 91 6-22),
1386 3491 151 74 who
1574 3523 107 42 are

116 3594 282 91 standing
449 3614 63 54 at
564 3595 107 73 the
723 3594 127 72 feet
903 3594 66 72 of
1021 3593 234 73 Thalia
1308 3626 68 40 as
1429 3594 252 74 evident

120 3694 286 76 habitues
459 3698 66 71 of
578 3698 108 72 the
732 3697 242 73 theatre
1010 3696 124 73 and
1171 3696 145 94 fling
1352 3697 158 73 their
1533 3699 148 91 jests

116 3801 124 71 into
295 3801 107 72 the
454 3801 217 74 tumult
728 3801 66 72 of
847 3801 110 72 the
1015 3804 193 88 patio.
1319 3800 149 75 The
1503 3823 175 71 great

117 3932 154 44 mass
300 3903 65 72 of
400 3904 108 72 the
535 3923 363 74 spectators,
931 3903 107 73 the
1075 3903 214 83 ladies,
1329 3903 106 73 the
1470 3904 209 93 clergy

115 4005 120 74 and
289 4007 106 72 the
447 4007 375 92 dignitaries,
879 4026 93 53 sat
1029 4005 126 74 and
1207 4005 207 84 stood,
1471 4038 69 41 as
1575 4038 103 44 we

113 4107 209 85 know,
376 4113 63 69 in
489 4111 107 72 the
651 4110 356 73 corredores
1060 4108 128 75 and
1241 4112 61 71 in
1355 4108 107 75 the
1515 4134 120 63 apo-

115 4224 200 60 sentos
369 4211 63 73 of
482 4212 108 74 the
642 4214 226 71 houses
920 4212 137 72 that
1126 4211 389 74 surrounded
1570 4212 108 73 the

270 4417 49 71 It
372 4439 159 52 must
583 4418 163 73 have
798 4417 165 74 been
1014 4418 159 71 from
1226 4449 121 42 one
1400 4418 66 73 of
1500 4417 178 72 these

117 4539 327 72 aposentos
496 4552 68 43 or
619 4520 362 75 corredores
1035 4552 83 41 on
1170 4521 107 74 the
1329 4521 159 93 right
1542 4521 136 72 side

113 4620 179 90 (seen
343 4623 156 73 from
549 4624 109 72 the
712 4621 336 93 audience)
1103 4623 134 72 that
1315 4654 113 42 our
1505 4626 172 70 artist

112 4755 131 47 saw
296 4726 127 74 and
475 4727 178 76 drew
690 4728 121 72 this
845 4757 206 43 scene.
1143 4727 177 73 That
1357 4731 48 69 is
1442 4726 231 92 clearly

1735 194 469 78 demonstrated
2258 194 87 94 by
2398 194 109 75 the
2558 195 262 77 marked
2888 203 414 91 perspective.

1736 300 150 73 The
1938 330 211 64 young
2684 298 322 74 caballero
2578 331 100 44 no.
2745 302 96 71 22
2878 305 50 70 is
2965 302 339 94 gracefully

1736 402 232 93 doffing
2018 404 96 72 his
2167 401 208 94 ample
2426 402 249 74 sobrero
2738 423 67 53 to
2885 435 120 44 one
3083 405 66 74 of
3201 405 108 74 the

1736 508 359 72 corredores
2149 507 80 71 de
2285 505 97 73 las
2435 518 276 76 mujeres
2719 565 16 25 ,
2791 537 72 43 or
2914 528 67 54 to
3050 508 108 74 the
3211 540 66 43 ce-

1752 609 157 73 losia
1947 609 68 74 of
2065 641 40 42 a
2167 608 296 94 grandee,
2547 609 285 77 whereas
2912 611 108 73 the
3098 611 213 75 Mozo

1734 743 104 43 no.
1899 714 94 71 23
2051 711 235 75 behind
2342 712 129 74 him
2535 717 50 69 is
2662 714 224 94 calling
2962 715 349 94 something

1731 846 87 62 up
1871 833 67 53 to
1992 846 39 42 a
2082 813 298 75 Ventana
2591 815 150 93 high
2778 847 87 63 up
2919 816 126 74 and
3083 837 66 53 to
3203 818 108 73 the

1733 917 160 94 right
1945 918 66 74 of
2045 917 107 73 the
2186 921 243 91 painter
2591 919 255 94 straight
2882 924 288 91 opposite
3203 922 107 74 the

1733 1041 198 71 stage.

1889 1121 150 74 The
2065 1142 291 72 peasants
2385 1153 69 42 or
2492 1123 577 76 cattle-merchants
3108 1125 197 93 (Nos.

1734 1225 93 74 25
1886 1224 127 74 and
2069 1225 131 91 26)
2257 1223 238 75 behind
2548 1227 108 72 the
2705 1258 213 63 young
2953 1228 210 85 cattle,
3201 1229 109 74 the

1730 1328 173 74 small
1938 1357 199 64 group
2175 1327 165 91 (No.
2383 1330 270 88 28-32)
2681 1331 188 73 vhich
2893 1336 50 68 is
2971 1332 339 93 discussing

1730 1463 38 42 a
1823 1431 259 95 bargain
2134 1460 71 44 or
2256 1430 108 74 the
2416 1431 180 74 latest
2648 1432 127 74 talk
2830 1436 66 71 of
2947 1436 109 73 the
3108 1455 197 65 town,

1730 1564 107 44 are
1890 1566 67 42 as
2011 1533 152 75 little
2215 1533 327 75 disturbed
2594 1534 89 95 by
2735 1537 108 72 the
2878 1538 432 93 performance

1730 1670 66 41 as
1832 1638 109 74 the
1993 1637 168 74 stalls
2214 1636 127 73 and
2393 1637 108 74 the
2554 1658 202 54 actors
2811 1671 108 42 are
2970 1641 89 94 by
3112 1643 192 73 them.

1729 1740 319 75 Whether
2101 1740 107 73 the
2260 1740 321 94 page-like
2633 1742 197 93 youth
2881 1744 165 91 (No.
3089 1745 131 91 27)
3258 1750 48 68 is

1729 1844 108 74 the
1976 1843 131 94 boy
2161 1843 150 75 who
2365 1843 230 94 passed
2647 1845 108 74 the
2807 1845 109 74 hat
3080 1852 50 69 is
3200 1848 107 73 left

1728 1967 66 53 to
1847 1977 114 43 our
2012 1949 415 90 imagination.

1888 2050 67 72 O
2010 2061 353 76 campestre
2426 2059 290 63 mansion
2754 2048 250 75 olorosa
3041 2051 112 74 del
3182 2079 80 63 ga-

1729 2153 171 72 nado
1952 2180 47 59 y
2055 2151 79 73 de
2191 2151 95 73 los
2344 2151 467 75 comediantes!
2863 2155 72 71 O
2989 2154 318 92 charming

1728 2254 430 75 nonchalance
2211 2254 68 74 of
2335 2254 106 74 the
2495 2255 382 74 Southerner
2938 2259 62 71 in
3079 2259 223 93 regard

1729 2379 66 53 to
1848 2358 79 74 all
1983 2357 105 74 the
2142 2356 266 75 obvious
2460 2358 202 93 things
2716 2360 67 72 of
2835 2360 137 73 life!

1888 2460 47 74 It
1973 2464 49 70 is
2059 2490 415 63 unnecessary
2510 2479 66 55 to
2605 2461 131 74 add
2764 2490 195 46 more.
3023 2461 284 97 Anyone

1731 2593 121 43 can
1903 2594 105 42 see
2086 2563 136 73 that
2300 2561 120 75 this
2496 2567 49 68 is
2628 2565 109 73 the
2805 2570 241 89 picture
3123 2567 70 73 of
3268 2598 39 41 a

1733 2666 127 73 real
1913 2666 455 94 performance.
2477 2666 162 73 And
2709 2667 108 74 the
2868 2667 132 75 skill
3064 2669 66 73 of
3203 2669 106 73 the

1733 2774 171 69 artist
1954 2774 63 68 in
2086 2768 545 75 characterisation
2698 2801 225 63 proves
3001 2771 135 75 that
3205 2803 102 44 we

1734 2903 105 42 are
1893 2871 316 94 watching
2260 2871 108 74 the
2418 2871 434 94 performance
2904 2874 66 74 of
3018 2906 38 43 a
3093 2906 170 43 come-

1731 2975 88 94 dy
1875 2974 126 75 and
2051 2993 110 55 not
2213 3005 122 42 one
2387 2975 66 72 of
2530 2975 107 73 the
2714 2977 253 95 equally
3043 2978 266 94 popular

1733 3078 269 74 features
2079 3077 65 74 of
2196 3076 107 73 the
2355 3076 248 85 Corral,
2658 3080 155 73 such
2868 3111 67 42 as
2990 3111 38 42 a
3080 3081 224 85 dance,

1734 3212 38 43 a
1823 3180 343 94 conjuror's
2217 3179 205 83 show,
2478 3180 396 88 acrobatism,
2933 3202 114 54 etc.

1889 3285 67 73 In
2008 3282 398 76 conclusion:
2468 3283 22 72 I
2526 3302 150 56 trust
2716 3287 134 72 that
2886 3287 108 72 the
3029 3287 277 94 learning

1733 3387 67 72 of
1851 3387 273 94 Spanish
2177 3384 386 94 philologists
2617 3388 128 75 will
2798 3420 156 42 soon
3009 3388 81 74 be
3161 3389 148 74 able

1733 3510 66 53 to
1851 3491 265 93 identify
2167 3489 112 72 the
2331 3487 150 96 play
2537 3489 210 76 which
2816 3495 51 70 is
2920 3491 188 94 being
3159 3523 109 63 per-

1731 3591 267 75 formed.
2109 3590 223 75 When
2388 3590 140 74 thus
2565 3591 106 74 the
2707 3594 114 74 last
2857 3594 203 74 hiatus
3095 3598 63 70 in
3197 3594 110 74 the

1730 3696 403 95 explanation
2186 3693 67 74 of
2307 3693 120 74 this
2481 3697 282 90 pictorial
2817 3701 488 90 representation

1731 3798 66 73 of
1852 3831 38 41 a
1942 3797 197 75 corral
2220 3800 65 70 in
2365 3796 377 76 Calderon's
2796 3802 148 71 time
2998 3800 153 73 shall
3222 3801 87 72 be

1730 3901 188 85 filled,
1975 3903 23 72 I
2054 3900 155 75 shall
2261 3899 123 73 feel
2436 3900 216 95 happy
2705 3906 64 70 in
2829 3904 228 93 having
3126 3908 181 89 given

1729 4024 67 54 to
1849 4005 107 74 the
1989 4002 269 96 Spanish
2319 4002 251 94 people,
2627 4004 95 74 for
2775 4005 220 75 whose
3047 4026 260 72 country

1730 4107 127 75 and
1912 4107 282 95 qualities
2250 4104 22 73 I
2327 4103 163 75 have
2543 4138 70 41 so
2665 4127 171 74 great
2873 4140 39 41 a
2947 4108 360 94 sympathy,

1730 4243 39 41 a
1838 4210 165 74 fresh
2057 4212 351 88 testimony,
2467 4207 87 94 by
2608 4240 213 44 means
2873 4212 66 73 of
3000 4211 117 74 this
3178 4211 99 74 dis-

1730 4346 254 62 covery,
2023 4314 67 72 of
2126 4313 107 73 the
2285 4313 150 71 time
2487 4313 67 72 of
2605 4314 156 72 their
2815 4314 195 94 glory.
