3510 5011
254 55 92 50 108

246 175 1539 144 ADAVOYLE.

245 384 143 71 BY
474 384 538 73 WILLIAM
1094 386 706 74 McDOUGAL.

246 566 429 66 MODANE.
726 566 414 68 DOGANA.
1188 566 226 68 MAY
1442 571 104 63 10.
1602 568 200 66 1926.

246 782 39 141 I
336 791 122 38 was
502 763 178 87 living
724 793 65 36 so
835 793 141 36 near
1019 765 160 66 what
1209 765 21 64 I
1278 765 302 85 supposed
1634 784 58 48 to
1730 767 78 64 be

334 849 98 64 the
477 849 122 64 hub
643 850 60 63 of
754 850 209 85 things,
997 851 122 64 that
1150 851 20 64 I
1204 878 167 38 came
1401 870 59 46 to
1491 852 78 64 be
1594 851 215 66 unable

242 954 59 48 to
331 935 99 65 tell
461 935 263 66 whether
754 964 62 37 or
845 964 76 37 no
952 936 109 65 this
1095 964 139 48 war,
1269 964 139 39 now
1438 937 220 75 ended,
1692 939 117 63 had

242 1021 174 66 made
460 1021 98 64 the
605 1021 161 64 earth
812 1048 34 37 a
905 1021 171 82 place
1143 1038 60 48 to
1260 1022 113 65 live
1433 1025 60 62 in
1551 1022 258 84 happily,

242 1106 118 66 and
403 1122 58 48 to
508 1105 80 65 let
653 1106 192 65 others
914 1108 113 63 live
1094 1134 62 37 as
1222 1106 241 85 happily
1616 1109 197 66 which

240 1219 220 47 means,
507 1193 280 82 possibly,
834 1193 121 63 safe
999 1191 89 65 for
1131 1191 369 85 democracy.

374 1278 148 65 Had
569 1279 19 62 I
637 1278 157 65 been
839 1307 34 36 a
920 1279 82 64 bit
1046 1278 213 66 further
1289 1278 78 66 off
1399 1280 20 65 1
1451 1280 181 85 might
1662 1279 151 66 have

242 1364 157 64 been
444 1362 136 64 able
627 1379 58 47 to
734 1391 101 37 see
894 1364 110 64 this
1072 1363 223 66 clearer
1361 1365 118 64 and
1546 1365 262 83 quicker.

246 1450 111 64 But
388 1448 139 65 then
555 1449 18 64 i
600 1476 122 37 was
748 1467 98 46 not
869 1449 311 83 permitted
1212 1468 58 46 to
1303 1480 73 57 go
1400 1450 216 65 further
1645 1452 165 65 0ff....

244 1534 111 65 lest
399 1533 19 65 I
466 1533 210 66 should
720 1533 121 65 fare
887 1561 189 39 worse
1122 1561 65 37 or
1228 1536 120 64 fare
1394 1536 156 66 well.
1587 1537 226 80 People

242 1623 114 79 just
385 1619 291 65 wouldn't
708 1621 76 62 let
828 1647 127 47 me;
1005 1621 136 82 they
1171 1621 127 64 said
1415 1649 114 55 you
1561 1622 250 74 mustn't,

244 1706 76 63 oh
364 1731 116 56 you
527 1704 239 75 can't",
816 1706 198 63 which
1066 1706 175 65 made
1307 1734 94 37 me
1469 1707 160 65 often
1692 1706 117 65 feel

243 1791 197 66 fifteen
482 1818 167 55 years
694 1791 100 65 old
841 1791 116 65 and
1002 1792 275 81 helpless.

373 1876 123 63 Yet
543 1876 19 63 1
609 1903 94 36 am
748 1876 60 63 of
853 1904 130 57 age.
1077 1877 21 64 I
1145 1876 148 63 have
1361 1875 156 64 been
1575 1875 60 64 of
1700 1903 111 57 age

244 1961 165 65 these
454 1961 264 65 fourteen
762 1988 183 56 years.
999 1962 19 64 I
1049 1989 94 37 am
1174 1979 100 46 not
1303 1964 162 78 quite
1504 1961 193 81 stupid

246 2063 227 64 except*
502 2050 58 60 in
605 2064 151 62 parts
905 2047 20 64 I
971 2047 176 64 know
1198 2074 113 36 one
1343 2074 63 36 or
1437 2064 118 46 two
1585 2046 224 84 things;

247 2134 101 62 but
392 2131 157 64 what
595 2131 20 64 I
662 2131 78 65 do
785 2148 98 48 not
928 2131 173 66 know
1147 2132 175 64 when
1371 2131 19 64 I
1442 2131 141 64 hear
1648 2131 163 64 these

246 2215 262 65 mustn'ts
554 2214 200 66 would
802 2243 160 37 seem
1008 2233 57 47 to
1113 2215 76 64 be
1235 2215 98 64 the
1378 2215 188 85 things
1627 2215 184 66 worth

243 2300 277 84 knowing
544 2331 13 44 ;
588 2300 119 64 and
740 2301 20 63 1
793 2329 109 36 can
936 2318 96 66 get
1066 2329 75 36 no
1174 2300 357 84 satisfactory
1555 2328 255 38 answers

244 2385 179 65 about
468 2388 165 62 these
679 2384 210 85 things.

373 2470 149 65 This
568 2498 113 37 one
707 2470 85 65 for
822 2470 305 82 example:
1275 2473 46 61 is
1354 2470 98 65 the
1482 2472 162 64 earth
1674 2498 137 38 now

248 2585 34 35 a
327 2555 171 83 place
543 2572 58 48 to
647 2557 114 64 live
804 2559 60 62 in
908 2555 119 65 and
1072 2572 57 48 to
1162 2555 79 65 let
1272 2557 114 63 live
1531 2557 118 66 and
1682 2585 131 54 may

247 2642 19 63 1
314 2667 75 59 go
435 2640 117 65 and
597 2668 102 37 see
745 2644 43 61 it
832 2668 64 37 or
939 2640 232 65 mustn't
1218 2640 61 65 I?
1352 2640 170 65 From
1587 2640 157 67 what
1790 2643 19 62 I

244 2727 139 65 hear
428 2727 19 63 1
494 2727 256 65 mustn't:
799 2755 64 37 so
910 2726 20 64 1
976 2726 151 64 have
1169 2728 114 79 just
1312 2726 157 66 done
1498 2729 61 63 it.
1597 2728 19 62 1
1663 2727 148 63 have

246 2812 262 82 escaped
554 2830 57 47 to
660 2813 161 65 Paris
867 2812 115 65 and
1029 2840 94 37 am
1169 2840 75 35 on
1288 2812 97 65 the
1437 2839 136 55 way
1603 2812 206 66 South.

248 2898 20 65 I
315 2915 159 47 want
517 2915 59 48 to
621 2924 74 57 go
740 2902 59 61 in
842 2897 99 65 the
987 2897 285 66 direction
1315 2897 61 66 of
1408 2897 201 65 Persia
1655 2900 103 63 but
1791 2898 19 64 I

246 3010 95 39 am
384 2986 170 81 again
599 2982 123 66 told
771 2985 19 63 1
837 2999 148 49 must
1032 3010 72 57 go
1148 2982 173 66 home
1353 2982 117 65 and
1516 2983 160 65 work
1728 2983 85 64 for

249 3095 98 56 my
378 3086 259 64 country.
685 3070 112 63 But
840 3068 138 64 then
1013 3070 19 62 I
1065 3067 175 65 know
1273 3068 19 64 1
1317 3068 233 64 mustn't
1580 3068 82 64 do
1693 3067 118 65 that

360 3154 258 66 because
663 3181 94 56 my
802 3154 122 66 sole
968 3180 207 38 reason
1220 3154 86 64 for
1348 3154 195 85 taking
1575 3183 34 35 a
1640 3154 171 82 fancy

244 3256 60 49 to
348 3268 103 38 see
497 3240 201 65 Persia
741 3242 48 63 is
820 3239 134 64 .that
1004 3239 178 64 when
1228 3239 21 64 I
1314 3265 92 38 am
1452 3255 57 48 at
1568 3239 174 64 home
1791 3239 18 63 1

247 3342 96 67 get
386 3353 75 37 no
507 3324 161 67 work
713 3342 58 47 to
817 3324 98 65 do.
966 3324 20 65 I
1034 3324 151 65 have
1231 3324 158 65 been
1433 3324 161 66 there
1655 3324 158 84 eight

246 3411 261 83 working
552 3439 166 55 years
764 3410 118 65 and
929 3437 95 56 my
1070 3409 139 66 kind
1256 3410 60 65 of
1359 3410 164 65 work
1554 3413 48 62 is
1646 3410 60 65 of
1735 3438 76 36 no

251 3523 102 38 use
385 3513 59 48 to
489 3523 249 55 anyone.
774 3495 20 65 I
841 3494 118 66 find
1005 3495 20 64 I
1058 3513 214 47 cannot
1301 3521 115 57 pay
1446 3495 85 65 for
1560 3494 98 66 the
1690 3512 123 47 rent

246 3583 59 63 of
351 3608 33 37 a
430 3582 162 64 small
638 3580 183 66 house
868 3579 118 66 and
1030 3597 59 48 at
1132 3582 98 63 the
1275 3608 159 37 same
1493 3584 137 62 time
1660 3579 151 65 have

247 3667 273 85 anything
566 3695 141 38 over
750 3684 58 47 to
868 3693 114 56 pay
1046 3665 87 65 for
1197 3692 98 57 my
1359 3667 191 64 wife's
1616 3668 197 81 yearly

247 3752 162 66 dress
455 3781 66 35 or
564 3781 96 55 my
704 3780 137 38 own
886 3750 196 86 yearly
1108 3754 129 73 suit,
1270 3752 116 64 and
1418 3752 98 64 the
1547 3752 266 66 children

246 3865 96 38 are
389 3841 259 83 growing
693 3837 165 65 taller
901 3863 136 56 year
1081 3837 80 82 by
1204 3863 157 56 year.

394 3923 175 66 what
613 3940 58 48 to
717 3921 123 67 do?
887 3923 19 64 1
955 3949 93 38 am
1091 3938 101 49 not
1241 3950 34 35 a
1345 3923 234 84 genius:
1650 3922 22 63 I
1734 3921 79 64 do

246 4025 100 47 not
389 4036 230 54 possess
665 4026 160 67 great
867 4007 275 66 intellect.
1216 4006 114 84 My
1375 4007 162 66 work
1603 4006 106 64 lies
1753 4011 58 61 in

244 4095 98 63 the
388 4093 279 68 Theatre.
715 4095 21 64 1
781 4123 94 35 am
905 4111 101 47 not
1034 4110 57 48 at
1121 4092 76 66 all
1242 4092 159 84 lazy:
1453 4093 19 64 I
1519 4096 176 79 enjoy
1717 4121 96 55 my

243 4178 193 65 work:
486 4181 20 63 1
552 4178 149 66 have
747 4206 34 36 a
812 4180 85 63 bit
926 4178 62 65 of
1016 4178 211 65 talent:
1275 4177 141 65 kind
1461 4177 216 65 friends
1710 4206 101 55 say

240 4293 35 35 a
320 4264 157 83 good
522 4265 171 65 deal:
738 4264 219 66 unkind
1004 4290 142 38 ones
1193 4290 100 55 say
1340 4265 19 62 1
1392 4291 93 37 am
1517 4264 96 63 the
1648 4291 129 58 grea-

239 4366 109 49 test
394 4350 85 65 bit
507 4350 61 65 of
597 4350 181 65 talent
820 4378 76 35 on
926 4349 195 64 earth:
1171 4344 285 71 unkinder
1485 4375 144 38 ones
1660 4377 151 36 even

239 4435 113 65 call
398 4463 95 37 me
610 4453 212 48 master
940 4435 181 65 down
1165 4436 60 62 in
1269 4462 98 56 my
1427 4434 141 66 little
1630 4451 178 50 town.

243 4521 20 64 I
317 4521 202 65 would
566 4549 101 55 say
712 4520 61 66 of
802 4521 208 83 myself
1034 4520 121 65 that
1184 4520 20 65 1
1237 4548 94 37 am
1363 4521 160 80 quite
1556 4549 34 36 a
1622 4521 187 64 useful

243 4608 175 72 artist,
450 4605 136 66 able
615 4623 59 48 to
705 4605 80 65 do
814 4623 149 48 most
991 4604 189 85 things
1225 4605 197 65 which
1452 4604 151 66 have
1634 4622 58 48 to
1731 4605 78 66 be

248 4692 156 64 done
450 4695 58 63 in
573 4719 34 39 a
672 4692 242 75 theatre,
982 4690 118 66 and
1168 4690 137 66 able
1371 4707 59 49 to
1495 4690 81 65 do
1643 4690 166 68 these

1855 160 376 85 adequately.
2302 163 20 66 I
2391 164 242 66 wanted
2688 182 61 48 to
2803 165 160 65 work
3029 170 59 63 in
3156 167 275 81 London,

1856 249 105 65 but
2004 276 138 38 now
2189 249 20 64 1
2264 267 157 47 want
2482 268 58 47 to
2609 280 102 36 see
2774 252 234 75 Persia;
3079 254 259 64 because
3414 258 20 63 I

1858 333 166 65 don't
2068 351 160 48 want
2290 353 59 46 to
2396 337 77 62 be
2518 335 182 84 doing
2745 337 260 86 nothing,
3053 339 119 65 and
3217 356 57 47 to
3307 356 122 67 stay

1858 423 59 61 in
1965 419 253 66 London
2250 422 202 63 would
2497 448 172 37 mean
2716 422 210 84 having
2960 424 238 84 nothing
3239 441 58 46 to
3330 424 98 66 do.

1988 504 213 65 Before
2248 504 17 64 1
2312 522 98 66 got
2453 522 59 47 to
2559 507 254 63 London
2862 508 19 62 1
2930 508 157 64 lived
3133 512 59 60 in
3240 508 150 66 Edin-

1860 588 205 85 burgh.
2115 592 142 63 One
2304 587 134 86 day,
2487 592 144 65 after
2660 592 87 65 for
2777 593 160 84 eight
2966 621 63 36 or
3061 596 135 62 nine
3227 595 200 67 weeks

1858 676 299 85 weighing
2195 702 95 56 my
2321 677 214 74 words,
2587 678 21 64 I
2662 678 127 64 said
2905 680 19 62 1
2972 697 158 46 want
3158 696 59 47 to
3262 708 75 57 go
3370 699 61 47 to

1863 761 254 63 London
2261 762 20 64 1
2328 788 122 38 was
2496 762 123 65 told
2666 763 19 64 I
2739 762 252 65 mustn't.
3043 765 21 62 1
3111 765 116 64 had
3260 791 167 40 come

1862 864 57 47 to
1969 847 350 85 Edinburgh
2363 849 143 63 from
2554 849 233 83 Paisley
2819 850 199 63 where
3053 851 20 62 1
3106 876 123 39 was
3264 850 167 67 born.

1862 931 136 66 The
2044 932 118 83 day
2206 935 204 62 before
2457 934 20 63 I
2525 935 99 63 left
2676 935 235 82 Paisley
2957 935 19 63 I
3047 963 123 37 was
3238 936 122 64 told
3409 937 19 64 1

1862 1017 235 65 mustn't
2140 1044 75 59 go
2260 1035 57 47 to
2366 1019 370 85 Edinburgh.
2788 1021 84 62 So
2923 1047 115 54 you
3070 1048 102 37 see
3202 1020 121 65 that
3354 1020 79 65 all

1863 1104 172 85 along
2079 1104 98 63 the
2223 1104 143 65 road
2410 1104 144 65 from
2600 1133 94 55 my
2741 1105 141 64 little
2943 1106 180 64 house
3191 1110 59 61 in
3297 1106 102 64 Kil-

1865 1189 312 65 liecrankie
2227 1191 193 64 Street
2464 1207 59 47 to
2571 1190 251 64 London
2871 1190 20 64 1
2938 1191 150 64 have
3123 1193 155 62 been
3310 1191 121 66 told

1866 1275 20 64 I
1913 1274 234 65 mustn't
2172 1302 72 55 go
2269 1274 313 81 anywhere
2610 1276 99 63 but
2733 1292 149 47 must
2899 1293 121 65 stay
3045 1278 198 62 where
3271 1276 20 64 1
3316 1304 116 39 am.

1992 1362 152 62 And
2192 1362 21 63 I
2261 1362 174 81 begin
2481 1377 57 47 to
2584 1360 158 65 think
2788 1362 160 63 there
2980 1379 148 47 must
3161 1363 74 63 be
3269 1391 164 37 some

1866 1472 169 37 sense
2081 1448 58 60 in
2184 1445 109 64 this
2341 1444 232 85 general
2620 1449 338 78 persuasion
2989 1448 251 63 towards
3276 1450 126 61 loca-

1866 1530 146 65 lism.
2063 1530 46 64 If
2154 1533 19 61 1
2220 1530 118 65 had
2384 1530 206 82 stayed
2636 1548 58 47 at
2759 1533 173 64 home
2998 1537 59 61 in
3127 1534 239 82 Paisley
3410 1534 21 65 I

1866 1616 178 64 could
2068 1616 150 63 have
2242 1614 113 65 still
2385 1616 141 63 read
2558 1617 78 63 all
2667 1617 96 63 the
2796 1617 184 63 books
3012 1618 115 64 and
3160 1646 234 55 newspa-

1867 1730 131 54 pers
2045 1702 118 63 and
2211 1729 149 57 gone
2407 1720 58 45 to
2510 1702 98 62 the
2639 1702 240 74 theatre,
2915 1704 117 64 and
3065 1706 218 80 played
3319 1706 117 81 golf

1979 1788 117 64 and
2123 1786 155 65 been
2309 1814 61 37 as
2417 1787 198 83 happy
2645 1815 62 36 as
2744 1788 19 63 1
2796 1816 92 36 am
2919 1816 154 38 now.
3137 1783 299 89 Probably

1866 1900 84 37 so.
2044 1873 19 63 1
2111 1872 207 64 should
2365 1872 150 64 have
2559 1873 141 63 read
2733 1871 75 65 all
2864 1873 179 66 about
3089 1873 104 65 Mr
3239 1876 194 63 Barrie

1865 1960 59 61 in
1969 1956 273 75 Thrums,
2289 1957 86 64 for
2420 1957 75 64 he
2528 1975 95 47 too
2669 1958 200 65 would
2928 1960 148 65 have
3122 1960 207 82 stayed
3375 1965 57 61 in

1866 2042 117 64 Thi
1996 2069 123 38 urns
2164 2042 117 65 and
2327 2070 179 37 never
2551 2044 151 64 have
2749 2044 249 66 become
3052 2046 94 64 Sir
3210 2045 221 81 James:

1865 2140 20 62 I
1932 2127 177 65 could
2153 2127 151 65 have
2347 2127 143 65 read
2535 2129 87 63 his
2670 2129 182 64 books
2900 2146 129 49 too:
3085 2130 177 65 Peter
3307 2132 126 64 Pan

1865 2212 200 64 would
2097 2240 179 37 never
2305 2214 152 63 have
2490 2212 156 67 been
2676 2218 248 72 written,
2957 2215 104 65 but
3084 2215 165 65 other
3272 2216 174 84 plays,

1865 2296 59 65 of
1968 2298 87 63 his
2102 2298 201 64 would
2356 2299 150 65 have
2539 2299 156 65 been
2727 2318 127 47 sent
2885 2299 77 65 off
2991 2305 57 60 in
3080 2306 353 78 manuscript

1865 2400 58 46 to
1971 2384 234 82 Paisley
2250 2384 116 65 and
2412 2402 103 64 put
2559 2413 77 37 on
2681 2386 98 63 the
2825 2402 164 68 stage
3048 2386 164 65 there
3274 2388 128 82 (pos-

1866 2468 155 81 sibly
2067 2470 80 82 by
2190 2469 126 79 me)
2360 2469 86 65 for
2497 2469 98 65 the
2664 2469 365 84 Paisleyites.
3099 2473 334 65 Barrieisms

1863 2555 182 83 might
2088 2582 151 38 even
2283 2555 149 64 have
2478 2554 241 65 seemed
2766 2573 58 47 to
2869 2583 65 37 us
2981 2585 33 35 a
3059 2557 85 64 bit
3174 2558 255 84 foreign;

1863 2666 97 38 we
2004 2639 200 66 would
2250 2640 151 65 have
2446 2639 286 84 probably
2777 2640 104 67 felt
2924 2642 119 65 that
3079 2670 104 38 our
3212 2643 233 65 theatre,

1865 2724 207 65 should
2121 2726 135 81 only
2300 2726 152 63 echo
2485 2726 373 82 Paisleyisms
2883 2743 56 49 to
2973 2728 77 64 be
3080 2729 353 66 successful-

1863 2809 177 65 Then
2088 2811 19 63 1
2156 2811 207 64 should
2411 2812 148 63 have
2605 2812 156 65 been
2807 2812 135 63 able
2987 2830 59 47 to
3093 2842 100 37 see
3239 2842 160 55 repro-

1866 2894 267 67 ductions
2178 2897 61 65 of
2283 2897 97 65 the
2441 2897 191 66 works
2698 2897 58 65 of
2825 2898 215 84 Pryde,
3112 2902 99 64 the
3278 2919 159 67 great

1867 2981 220 65 Scotch
2131 2985 246 80 painter,
2425 2982 137 65 who
2606 2982 117 65 had
2772 2983 301 66 remained
3103 2988 58 61 in
3215 2986 87 63 his
3335 3014 68 38 na-

1866 3070 116 61 tive
2027 3071 116 79 city
2187 3068 60 64 of
2294 3068 370 84 Edinburgh.
2755 3070 201 65 There
3018 3071 201 65 would
3286 3072 148 64 have

1865 3152 156 65 been
2067 3152 324 87 something
2438 3181 34 36 a
2532 3154 143 66 little
2742 3155 458 87 overwhelming
3268 3173 59 48 to
3372 3185 66 37 us

1863 3239 60 63 in
1966 3237 88 66 his
2101 3237 161 66 work
2307 3267 76 35 on
2426 3240 276 84 reaching
2746 3240 238 84 Paisley
3036 3241 259 66 because
3343 3270 91 38 we

1865 3322 211 67 should
2119 3324 150 65 have
2327 3324 183 66 found
2576 3329 42 61 it
2685 3343 228 70 strange
2980 3328 115 64 and
3165 3329 269 85 Foreign.

1869 3409 348 86 Edinburgh
2262 3410 203 65 Castle
2510 3410 118 65 and
2672 3411 279 66 Arthur's
3019 3413 144 64 Seat
3229 3414 202 65 would

1865 3494 150 66 have
2060 3512 195 49 meant
2299 3523 64 37 so
2410 3495 142 65 little
2596 3512 60 48 to
2688 3524 87 47 us,
2822 3498 139 82 they
3018 3498 201 66 would
3286 3499 154 65 have

1866 3580 243 65 seemed
2156 3609 64 36 so
2265 3582 255 63 beneath
2565 3609 104 37 our
2698 3584 193 64 notice
2923 3588 57 60 in
3015 3584 253 83 Paisley.
3306 3584 128 66 Still

1865 3665 75 65 he
1964 3665 200 66 would
2196 3667 60 64 of
2279 3693 203 38 course
2506 3667 150 66 have
2683 3668 241 81 painted
2948 3669 163 65 other
3142 3670 295 83 subjects;

1865 3750 96 65 the
2010 3750 193 84 gloom
2246 3752 59 64 of
2350 3752 264 64 Prince's
2648 3754 192 64 Street
2871 3781 75 37 on
2980 3754 242 83 Sunday
3266 3754 140 66 after-

1863 3863 157 37 noon
2064 3837 241 81 painted
2354 3836 78 85 by
2476 3837 120 66 him
2665 3838 201 66 would
2933 3841 287 82 probably
3283 3841 150 66 have

1865 3921 255 66 touched
2167 3951 33 36 a
2269 3926 340 78 responsive
2676 3924 184 65 chord
2926 3930 60 60 in
3052 3952 102 38 our
3221 3924 208 66 hearts.

1867 4007 127 65 We
2041 4008 209 65 should
2297 4008 148 65 have
2490 4010 102 64 felt
2638 4010 120 64 that
2808 4011 275 82 anyhow,
3126 4012 84 65 far
3260 4040 169 55 away

1865 4120 138 37 over
2048 4092 95 66 the
2189 4096 345 72 mountains,
2582 4093 162 68 there
2783 4095 159 66 lived
2975 4096 192 65 others
3202 4097 113 65 like
3347 4125 84 46 us,

1863 4180 42 63 if
1949 4196 99 47 not
2092 4180 60 63 of
2196 4206 65 37 us
2407 4181 117 65 and
2568 4181 99 62 the
2714 4181 221 66 Scotch
2965 4185 130 63 mist
3123 4184 163 63 there
3318 4184 114 64 and

1863 4264 140 64 here
2049 4264 202 64 would
2295 4265 151 65 have
2492 4264 203 67 united
2750 4295 65 37 us
2961 4267 104 66 but
3123 4270 61 62 of
3229 4295 202 38 course

1866 4349 293 82 distantly.

1993 4435 250 66 Walton
2266 4453 125 47 too:
2416 4436 76 65 he
2515 4436 201 66 would
2731 4438 150 66 have
2896 4438 157 66 been
3069 4439 359 66 somewhere

1863 4524 59 61 in
1947 4520 98 65 the
2073 4520 368 85 Highlands:
2462 4523 118 64 and
2600 4524 145 63 Bain
2760 4524 137 65 who
2915 4540 160 49 went
3098 4542 58 48 to
3182 4525 247 81 Ceylon,

1862 4605 135 65 isn't
2026 4605 75 66 he
2133 4634 35 37 a
2200 4606 345 66 Scotsman:
2600 4608 156 76 well,
2791 4608 143 66 he'd
2966 4627 99 48 not
3094 4610 150 65 have
3276 4612 153 62 been

1862 4690 259 68 allowed
2145 4707 59 51 to
2229 4719 75 59 go
2330 4708 58 50 to
2413 4692 265 85 Ceylon:
2727 4721 102 38 nor
2860 4694 108 67 Dr.
3001 4695 150 83 John
3183 4694 244 66 Bulloch
