3510 5011
215 66 92 51 122

205 165 148 65 being,
393 165 16 51 I
446 164 169 65 gather,
651 186 27 30 a
717 184 105 46 very
868 168 122 61 good
1047 165 189 53 natured

205 254 118 38 man,
360 234 59 51 he
452 234 80 51 did
569 234 121 51 what
725 233 59 52 he
818 234 135 51 could
990 247 48 38 to
1085 234 151 65 please

206 304 121 49 them
361 303 90 57 all;
488 303 85 50 this
609 301 58 51 he
700 323 142 30 seems
878 315 46 38 to
960 304 120 51 have
1114 304 122 49 done

204 372 77 50 the
315 391 123 30 more
489 370 137 63 easily
685 372 148 61 owing
887 384 45 37 to
985 394 28 28 a
1065 371 171 51 natural

204 441 204 62 aptitude
444 451 47 38 to
526 440 64 49 do
624 440 99 56 this,
761 440 93 49 that
873 441 90 50 and
988 442 77 50 the
1090 442 145 50 other.

204 510 80 49 He
318 508 134 51 could
489 527 82 31 run
606 529 27 28 a
670 508 252 50 Bernhardt
957 510 71 49 for
1061 530 26 29 a
1114 508 121 51 short

202 597 158 31 season
395 577 90 49 and
522 576 76 50 the
634 576 140 64 Dolly
827 578 160 50 Sisters
1038 579 169 49 intermi-

204 645 137 64 nably
358 666 13 35 ;
433 645 263 63 Carpentier
731 644 92 54 and
858 645 235 64 Cowboys
1128 665 107 30 now

204 715 90 49 and
332 714 128 62 again
497 713 112 51 with
645 713 77 49 the
746 715 184 49 Russian
955 714 162 57 Ballet,
1141 714 92 51 and

205 781 214 64 Houp-la
454 781 110 50 with
623 780 142 57 Duse,
826 784 90 49 and
954 783 86 49 Bat
1076 783 125 48 Caba-

202 861 103 46 rets,
341 849 92 50 and
466 870 77 28 see
593 849 187 63 nothing
831 851 154 64 stupid
1038 853 46 48 in
1137 851 95 50 that

202 933 89 36 sort
327 919 49 50 of
409 940 29 28 a
471 938 291 44 programme.

273 987 38 50 If
346 986 212 53 Cochran
593 1007 94 30 was
723 986 163 58 clever,
924 988 58 50 he
1019 1009 94 30 was
1161 1009 44 29 ra-

202 1054 101 51 ther
338 1068 78 37 too
450 1054 259 64 frivolously
742 1054 163 51 clever.

272 1123 79 51 He
386 1143 93 31 was
512 1122 107 65 only
654 1123 155 65 mildly
844 1124 238 50 ambitious
1103 1145 11 36 ;
1174 1124 59 50 he

202 1211 95 31 was
332 1204 77 37 not
445 1193 188 62 entirely
680 1212 99 29 sure
830 1192 49 49 of
930 1192 208 57 himself;
1174 1194 58 48 he

204 1260 161 50 lacked
399 1260 213 51 sufficient
648 1260 265 50 confidence
962 1274 53 37 to
1068 1260 103 51 take
1203 1282 28 29 a

201 1329 184 49 difficult
421 1327 123 65 path.
616 1330 169 62 Thirty
818 1349 127 43 years
978 1350 85 41 ago
1099 1330 132 50 when

202 1397 60 50 he
308 1418 92 29 was
454 1397 331 64 twenty-three,
839 1397 58 51 he
953 1399 153 61 might,
1162 1399 69 49 for

204 1467 217 62 example,
458 1466 118 49 have
624 1467 117 48 been
794 1466 184 63 George
1032 1467 199 50 Bernard

204 1534 181 50 Shaw's
418 1547 221 51 secretary
673 1534 91 50 and
800 1536 107 48 then
941 1536 190 49 become
1166 1537 66 48 his

201 1604 284 61 impresario:
522 1602 60 49 he
616 1603 139 62 might
788 1602 119 51 have
925 1603 138 50 saved
1089 1604 142 49 Shaw

201 1692 27 28 a
247 1672 176 49 terrible
442 1670 61 50 lot
522 1670 50 50 of
590 1691 144 43 worry
756 1673 15 53 f
898 1672 169 50 Who's
1100 1673 131 49 Who

198 1742 46 48 in
263 1742 261 53 Literature
593 1739 139 49 SHA
747 1739 76 58 W,
854 1742 58 49 G.
931 1740 83 59 8.,
1038 1750 85 49 etc,
1147 1750 84 42 etc.

200 1809 194 62 Agent:
432 1828 156 37 none;
624 1816 223 42 transacts
898 1810 69 48 his
1002 1829 104 31 own
1153 1810 54 48 bu-

201 1885 140 41 siness
522 1875 82 51 did
639 1876 97 50 that
786 1896 135 31 never
972 1877 131 50 catch
1155 1877 76 50 the

205 1965 86 44 eye
327 1945 51 49 of
411 1945 212 49 Cochran
640 1950 22 44 ?

270 2013 157 68 Shaw,
464 2013 76 50 the
591 2026 187 50 greatest
831 2034 220 30 one-man
1101 2013 130 51 show

200 2102 61 29 on
295 2083 141 55 earth,
473 2083 123 61 quite
648 2082 76 51 the
776 2096 201 37 smartest
1032 2083 199 50 business

201 2169 104 30 man
341 2149 134 62 living
590 2149 143 50 Shaw
767 2150 182 50 needed
978 2171 60 29 an
1062 2163 131 50 agent
1216 2171 11 37 ;

198 2216 180 51 needed
412 2234 87 33 one
534 2219 214 56 assistant,
784 2238 115 31 even
934 2239 48 30 as
1016 2219 211 50 Cochran

198 2285 180 51 needed
412 2307 87 29 one
534 2286 123 64 thing
691 2300 48 37 to
774 2288 174 49 believe
982 2289 46 48 in
1063 2288 90 49 and
1179 2300 48 37 to

201 2355 152 51 boom.

266 2423 153 50 There
454 2444 94 30 was
582 2444 163 43 money
767 2425 46 48 in
837 2423 158 53 Shaw.
1066 2423 159 58 Shaw,

200 2492 184 50 assisted
419 2492 61 62 by
498 2492 212 50 Cochran
729 2512 12 37 ;
767 2493 223 63 provided
1014 2493 211 50 Cochran

201 2559 70 50 for
306 2561 75 49 the
414 2559 107 51 sake
555 2561 50 49 of
639 2561 78 49 the
751 2561 104 50 final
906 2582 174 29 success
1133 2561 93 49 and

198 2627 78 50 the
310 2628 76 62 big
419 2628 110 62 bags
562 2628 48 49 of
644 2648 164 43 money
842 2629 135 50 could
1002 2629 116 51 have
1143 2629 53 50 be-

200 2695 148 52 lieved
385 2698 46 48 in
465 2697 142 50 Shaw
666 2697 91 49 and
794 2718 61 28 no
889 2718 87 29 one
1011 2698 89 49 else
1136 2697 89 50 and

198 2765 138 50 could
370 2765 118 50 have
525 2764 132 51 taken
681 2785 27 30 a
731 2765 116 50 back
870 2779 94 37 seat
988 2768 91 49 and
1104 2787 89 30 wor-

198 2831 89 51 ked
346 2832 199 53 unheard
600 2836 89 49 and
743 2854 165 31 unseen
932 2855 12 37 ;
997 2835 225 63 provided

201 2901 211 51 Cochran
446 2901 136 51 could
605 2904 118 49 have
747 2924 125 29 worn
896 2906 181 61 jaegers,
1104 2905 95 48 fore-

198 2990 148 32 sworn
416 2973 261 60 ptarmigan,
750 2972 91 50 and
893 2986 75 50 yet
1020 2972 202 51 retained

200 3039 67 50 his
300 3038 114 51 keen
451 3039 196 51 business
680 3039 199 51 faculties
929 3041 54 66 (if
1033 3041 60 51 he
1145 3041 80 49 has

198 3109 111 63 any)
333 3127 13 37 ;
381 3108 224 62 provided
630 3107 57 51 all
713 3108 100 57 this,
839 3103 205 56 Cochran
1067 3109 156 50 would

200 3177 118 49 have
353 3175 118 51 been
505 3196 88 30 one
628 3177 49 49 of
710 3177 78 50 the
813 3197 106 43 very
938 3178 160 49 richest
1122 3198 101 31 men

201 3245 135 61 living
352 3245 158 64 today,
536 3245 92 50 and
648 3244 142 52 Shaw
809 3248 123 61 quite
953 3246 73 50 the
1044 3246 177 50 richest.

267 3312 145 64 Why,
465 3312 107 64 only
623 3312 81 51 last
757 3315 156 48 month
948 3315 142 50 Shaw
1131 3335 94 30 was

200 3381 179 62 lending
413 3380 52 54 i
503 3382 184 55 30,000
723 3395 44 37 at
830 3382 100 66 5Vg
987 3404 29 42 P
1018 3403 48 29 er
1119 3396 103 37 cent

198 3450 69 48 for
301 3448 188 63 housing
522 3466 216 46 purposes
772 3462 47 38 to
856 3451 75 51 the
979 3451 247 63 Easington

200 3516 139 50 Rural
372 3516 185 52 District
591 3518 206 51 Council.

267 3584 146 51 What
446 3606 28 28 a
510 3588 95 61 pair
639 3586 50 50 of
738 3587 158 63 barges
946 3588 108 62 they
1105 3607 121 31 were

200 3667 45 35 to
281 3674 100 42 pass
414 3655 113 50 each
563 3654 127 51 other
723 3658 46 48 in
804 3658 76 49 the
916 3658 192 61 night....
1132 3657 93 49 and

200 3723 110 49 both
346 3723 51 51 of
430 3723 86 51 'em
551 3744 51 30 so
658 3724 104 51 well
813 3724 168 65 lighted
1033 3746 62 44 up
1147 3738 78 38 too

282 3793 137 48 sirens
454 3791 265 64 advertising
770 3793 77 50 the
901 3796 225 49 existence
1176 3793 50 50 of

197 3859 113 49 each
424 3860 154 63 plenty
611 3861 50 48 of
694 3874 377 38 announcements
1105 3883 48 28 as
1176 3875 49 36 to

197 3940 122 51 ports
353 3941 45 37 at
435 3927 150 52 which
620 3930 113 49 each
792 3930 153 51 would
996 3930 116 58 call;
1166 3930 57 49 all

200 4016 106 43 very
341 3997 95 50 safe
469 3998 91 50 and
595 4017 110 44 snug
755 4019 59 30 on
868 4000 212 57 board,...
1133 3998 93 51 and

201 4066 105 62 they
342 4067 160 49 missed
538 4067 113 49 each
686 4066 128 52 other
833 4072 13 46 !
869 4073 11 45 I

268 4132 270 63 Altogether
593 4156 28 29 a
673 4148 79 38 not
804 4157 111 42 very
972 4137 254 59 interesting

201 4200 138 59 book,
378 4203 115 57 this;
529 4205 45 49 in
611 4204 94 50 fact
757 4218 78 37 not
888 4205 67 50 far
1007 4205 216 51 removed

202 4270 112 50 from
352 4270 132 64 being
520 4292 26 28 a
583 4271 95 51 dull
713 4293 104 29 one.
889 4274 38 49 It
960 4275 36 48 is
1021 4287 78 36 too
1123 4271 104 64 long

201 4339 62 62 by
297 4337 126 51 three
458 4340 205 49 hundred
696 4362 150 41 pages,
882 4341 92 51 and
1026 4355 79 37 too
1152 4362 50 29 ex-

198 4409 185 60 pensive
417 4407 62 64 by
512 4409 139 50 about
687 4410 152 49 fifteen
860 4410 207 62 shillings.
1138 4410 90 49 But

198 4475 125 49 there
358 4496 75 29 are
469 4496 124 31 some
630 4497 109 45 very
775 4478 229 64 charming
1063 4477 137 64 photo-

197 4543 163 64 graphs
393 4547 45 47 in
474 4546 76 50 the
586 4547 122 49 book
742 4548 50 50 of
826 4547 117 52 Mrs.
1000 4548 227 56 Cochran,

200 4613 131 51 Mile.
369 4612 195 61 Delesia,
602 4616 76 50 the
732 4616 141 64 Dolly
926 4617 160 51 Sisters
1136 4616 92 50 and

197 4680 164 56 others.

1357 165 53 51 A
1443 165 234 51 showman
1730 184 112 46 may
1886 165 96 51 fool
2032 167 78 49 the
2159 165 158 53 crowd

1288 233 57 51 all
1381 234 57 52 he
1474 234 139 58 likes;
1650 234 60 52 he
1762 256 104 42 may
1917 235 189 65 pretend
2159 251 47 35 to
2260 237 57 49 be

1288 303 100 55 this,
1424 304 95 49 that
1555 303 90 50 and
1681 303 77 50 the
1794 304 143 57 other,
1984 304 80 51 but
2119 304 17 51 I
2191 303 127 50 think

1287 370 60 49 he
1383 385 113 37 must
1533 371 60 51 be
1626 371 169 51 careful
1821 393 136 29 never
1993 385 47 37 to
2074 371 95 51 fool
2194 372 122 50 them

1287 440 141 51 about
1482 454 92 38 two
1636 441 173 64 things:
1950 441 58 50 he
2073 454 113 38 must
2241 441 69 58 be,

1289 521 78 37 not
1402 508 190 63 pretend
1617 521 47 37 to
1684 508 73 57 be,
1781 529 27 29 a
1832 511 190 61 genuine
2045 508 235 52 showman
2302 530 11 29 :

1287 578 91 48 and
1415 578 59 48 he
1526 591 113 37 must
1694 578 119 50 have
1865 599 26 29 a
1943 578 191 62 genuine
2186 578 128 50 show

1386 667 89 29 one
1611 645 67 51 his
1712 667 122 31 own.

1287 810 503 66 MODERN
1881 810 432 67 PLAYS.

1293 971 174 50 THE
1524 971 394 50 BRITISH
1976 972 337 52 DRAMA

1284 1040 290 50 LEAGUE
1627 1040 332 51 LIBRARY
1959 1081 9 10 .
2030 1040 72 65 3/
2138 1040 36 65 -
2210 1040 108 65 net

1284 1110 115 50 each
1437 1112 193 47 volume.
1692 1109 104 51 Vol.
1837 1112 53 57 9,
1948 1110 88 57 10,
2087 1112 88 57 11,
2227 1113 85 49 12.

1293 1178 144 50 THE
1465 1178 339 49 DILEMMA
1843 1179 61 60 by
1924 1178 42 59 J.
1993 1180 173 60 Barry,
2192 1180 124 50 Four

1284 1246 118 50 Seas
1442 1246 81 50 Co.
1561 1246 106 64 (No
1701 1253 123 52 price
1860 1247 176 65 given).

1286 1397 496 112 FORTUNATELY
1818 1399 76 49 the
1948 1400 187 49 modern
2187 1401 104 64 play-

1402 1468 168 49 writers
1606 1488 76 29 are
1716 1467 76 50 the
1841 1481 114 37 most
2009 1470 206 49 unselfish
2269 1470 49 49 of

1284 1536 193 51 mortals.

1353 1604 105 49 The
1494 1603 206 50 advance
1735 1603 135 50 made
1905 1606 122 48 since
2081 1603 77 51 the
2210 1607 107 48 time

1286 1670 49 51 of
1369 1673 239 60 Congreve
1642 1672 92 49 and
1758 1672 265 63 Wycherly,
2060 1673 51 48 of
2145 1673 172 52 Beolco

1284 1740 92 50 and
1411 1742 188 48 Ariosto
1634 1742 35 48 is
1706 1752 114 38 most
1844 1740 202 52 marked.
2120 1742 49 49 In
2187 1743 129 51 those

1286 1809 66 49 far
1387 1809 65 49 off
1508 1809 348 62 unenlightened
1910 1810 129 62 days,
2075 1810 107 64 only
2237 1825 77 37 too

1284 1898 136 43 many
1454 1876 287 65 playwrights
1776 1898 119 29 were
1921 1879 139 49 heard
2086 1882 228 61 repeating

1282 1947 96 47 that
1414 1946 79 50 old
1528 1946 315 62 catch-phrase
1931 1947 104 50 The
2069 1947 144 64 play's
2236 1949 76 50 the

1283 2015 122 61 thing
1510 2016 205 61 meaning
1750 2013 202 64 thereby,
1992 2013 76 51 the
2103 2036 78 42 per
2205 2037 81 30 cen-

1283 2095 114 49 tage.
1467 2083 90 50 But
1593 2096 79 35 not
1719 2103 122 30 now.
1917 2083 49 50 In
2022 2083 127 51 those
2200 2086 112 62 days

1280 2171 136 43 every
1451 2149 265 65 playwright
1741 2152 91 49 had
1858 2152 129 51 debts
2091 2164 77 37 not
2187 2173 122 31 now.

1279 2218 149 49 Debts
1465 2219 216 64 natu'ally
1715 2238 157 32 arouse
1908 2242 27 28 a
1970 2219 266 65 playwright
2261 2234 48 37 to

1278 2290 165 46 action.
1514 2288 106 49 The
1674 2302 93 35 vast
1820 2308 118 30 sums
1990 2289 202 49 amassed
2248 2290 60 62 by

1279 2356 187 48 Ariosto
1500 2355 92 51 and
1628 2355 185 57 Beolco,
1851 2356 265 64 Wycherly,
2154 2357 125 64 Chap-

1279 2444 103 29 man
1418 2425 90 49 and
1543 2426 77 48 the
1656 2425 148 51 others
1838 2445 141 43 prove
2027 2427 108 49 how
2176 2427 133 50 much

1277 2495 219 48 attention
1531 2493 108 63 they
1691 2493 108 64 paid
1852 2509 47 34 to
1951 2514 81 43 per
2086 2509 222 49 centages.

1278 2561 265 63 Nowadays
1579 2562 86 48 this
1700 2561 242 50 selfishness
1982 2562 170 66 (which
2201 2584 108 43 very

1277 2628 133 65 likely
1444 2650 94 29 was
1574 2629 76 51 the
1683 2650 158 30 reason
1877 2629 68 50 for
1971 2632 75 48 the
2078 2632 229 49 wretched

1277 2698 127 51 work
1438 2698 122 49 done
1594 2700 46 47 in
1677 2698 127 49 those
1857 2699 131 65 days)
2045 2699 79 51 has
2177 2703 131 60 given

1275 2766 130 64 place
1442 2780 45 36 to
1522 2789 26 27 a
1584 2766 188 63 grander
1806 2765 205 65 thought.

1347 2834 76 51 No
1457 2835 152 62 longer
1644 2835 110 50 does
1780 2835 76 50 the
1879 2835 279 63 play-writer
2180 2835 127 52 think

1275 2904 50 48 of
1359 2904 208 55 himself;
1707 2904 59 49 he
1801 2904 146 50 thinks
1984 2905 50 49 of
2067 2925 91 43 you
2213 2906 92 50 and

1277 2992 89 31 me.
1439 2972 158 52 While
1636 2975 34 47 it
1724 2975 35 47 is
1810 2975 46 47 in
1908 2972 67 51 his
2027 2976 177 48 interest
2258 2986 47 37 to

1275 3041 127 49 draw
1440 3061 72 29 me
1551 3053 77 37 out
1664 3039 50 50 of
1749 3061 74 42 my
1877 3041 140 51 house
2068 3042 91 51 and
2210 3045 95 47 into

1275 3108 78 50 the
1387 3107 192 52 theatres
1613 3128 52 30 so
1691 3108 92 50 that
1810 3108 17 50 I
1853 3130 84 28 can
1962 3111 59 48 be
2045 3131 89 28 one
2157 3109 49 50 of
2229 3109 76 50 the

1275 3175 126 51 three
1437 3177 224 50 thousand
1698 3179 252 60 witnessing
1985 3178 68 49 his
2089 3178 120 63 play,
2246 3178 59 49 he

1277 3248 35 47 is
1347 3258 80 37 not
1461 3248 131 59 going
1628 3258 47 37 to
1711 3245 118 50 avail
1888 3245 177 51 himself
2117 3246 51 50 of
2219 3267 89 42 any

1274 3314 109 49 such
1419 3314 226 63 privilege.
1717 3315 68 50 So
1818 3333 106 43 year
1976 3315 63 61 by
2089 3334 107 43 year
2249 3314 59 51 he

1277 3382 78 50 has
1391 3381 116 51 been
1543 3382 176 63 making
1754 3385 33 47 it
1823 3385 138 47 easier
2018 3384 92 49 and
2167 3385 141 48 easier

1275 3451 72 49 for
1381 3471 73 29 me
1491 3462 46 38 to
1573 3462 73 52 get
1681 3450 67 50 his
1781 3450 126 64 plays
1929 3453 96 49 into
2050 3471 75 45 my
2149 3451 156 51 house.

1348 3518 16 50 I
1400 3540 86 29 can
1519 3540 108 30 now
1661 3532 138 37 count
1834 3540 61 29 on
1943 3520 75 50 the
2070 3521 106 62 play
2228 3541 52 29 co-

1278 3591 117 59 ming
1430 3601 47 37 to
1513 3610 72 29 me
1620 3608 88 44 any
1733 3591 190 61 evening
1946 3602 44 36 at
2016 3589 123 50 8.30
2166 3610 113 43 punc-

1277 3657 152 63 tually,
1485 3658 114 49 after
1653 3658 17 48 I
1730 3657 117 49 have
1904 3658 168 49 dined:
2134 3658 93 49 and
2289 3658 15 48 I

1275 3746 87 29 can
1396 3725 136 51 select
1567 3746 75 43 my
1678 3746 107 29 own
1819 3724 105 65 play
1959 3727 92 49 and
2105 3739 70 50 get
2230 3727 75 48 the

1278 3794 96 49 best
1407 3807 96 36 seat
1537 3796 46 47 in
1632 3794 75 49 the
1767 3794 155 56 house,
1976 3796 92 50 and
2122 3794 59 49 all
2236 3795 69 50 for

1278 3862 90 63 3/6
1402 3881 51 30 or
1489 3861 95 51 half
1618 3883 27 28 a
1681 3880 167 32 crown.
1924 3862 16 49 I
1995 3883 105 43 may
2150 3862 155 50 smoke

1277 3950 76 42 my
1387 3932 118 60 cigar
1538 3950 51 29 or
1625 3930 99 62 clay
1759 3932 121 61 pipe,
1919 3930 17 51 I
1973 3950 104 43 may
2110 3932 68 61 sip
2233 3951 72 42 my

1277 3998 158 57 coffee,
1472 3998 93 50 and
1602 4000 16 49 I
1655 4019 85 30 can
1776 4001 127 48 draw
1937 4019 62 43 up
2035 4011 48 38 to
2117 3998 77 51 the
2230 4000 77 49 fire

1278 4067 90 49 and
1405 4067 131 49 make
1571 4067 57 51 all
1679 4087 108 43 cosy
1841 4067 90 51 and
1982 4069 125 50 read.
2175 4068 132 62 Why

1279 4157 56 41 go
1369 4139 68 49 [to
1490 4135 75 50 the
1613 4135 245 64 playhouse
1894 4156 89 43 any
2035 4157 121 29 more
2175 4141 24 45 ?
2270 4138 35 48 It

1278 4207 34 47 is
1348 4224 58 30 an
1463 4203 358 52 uncomfortable
1880 4204 145 64 place,
2083 4204 224 64 draughty

1278 4271 91 51 and
1405 4293 49 29 so
1490 4273 168 64 public.
1729 4274 136 49 Once
1900 4273 126 50 there
2064 4274 15 49 I
2117 4273 119 50 have
2258 4287 49 36 to

1278 4354 96 49 stay
1424 4341 61 50 till
1540 4341 76 51 the
1668 4342 90 49 end
1810 4362 116 30 even
1979 4341 34 50 if
2067 4341 76 50 the
2201 4341 106 64 play

1279 4410 131 49 bores
1444 4430 88 31 me.
1604 4410 89 51 But
1729 4410 106 51 here
1871 4414 46 45 in
1942 4431 75 42 my
2040 4431 124 28 room
2191 4411 114 50 lam

1279 4499 60 29 no
1374 4478 153 61 longer
1560 4478 176 64 obliged
1773 4492 48 37 to
1857 4478 154 52 follow
2046 4499 136 43 every
2202 4480 106 63 play

1278 4546 112 63 right
1427 4547 204 62 through.
1703 4547 40 51 If
1776 4567 61 29 on
1872 4549 196 61 opening
2101 4569 115 43 page
2248 4548 60 50 10

1282 4636 51 29 or
1376 4616 57 49 15
1471 4616 18 49 1
1524 4616 93 49 find
1654 4618 33 47 it
1721 4617 95 62 silly
1852 4617 121 56 stuff,
2012 4617 18 49 1
2065 4617 120 49 have
2219 4637 89 29 one

1283 4702 124 32 more
1432 4684 77 62 gift
1533 4684 69 50 for
1625 4684 76 50 the
1720 4685 232 64 Hospitals
1976 4698 46 37 at
2045 4684 260 52 Christmas.

2437 165 73 50 Or
2533 165 113 51 after
2683 165 16 50 I
2737 165 120 50 have
2892 165 113 51 read
3043 186 76 44 my
3142 167 106 64 play
3273 171 17 49 I
3315 192 83 32 can

2369 234 107 51 look
2510 248 44 37 at
2590 238 52 47 its
2677 247 148 52 pretty
2860 256 139 43 paper
3033 256 136 31 cover
3307 243 88 49 and

2369 303 129 63 place
2533 303 84 50 this
2651 323 103 32 new
2791 323 99 43 gem
2924 303 51 50 of
3006 304 201 66 industry
3243 308 44 48 in
3321 328 74 44 my

2368 370 252 52 bookshelf.

2437 440 80 49 Mr
2571 438 286 53 Blackwell's
2907 440 211 51 selection
3170 441 50 51 of
3271 442 124 65 plays

2369 508 118 51 have
2497 510 212 62 specially
2719 508 228 63 twinkling
2959 510 211 49 outsides.
3230 511 165 52 Messrs

2369 577 166 51 Benn's
2571 596 77 30 are
2683 577 92 49 also
2810 577 153 63 bonny
2999 590 47 36 to
3081 577 107 51 look
3222 593 60 42 at,
3316 579 79 51 but

2369 645 63 50 do
2467 658 77 37 not
2578 666 58 42 go
2671 645 103 51 well
2811 644 110 52 with
2957 645 184 64 English
3175 647 104 57 oak,
3305 649 91 51 and

2368 713 133 51 cedar
2535 713 115 51 from
2688 714 223 50 Lebanon
2945 715 36 49 is
3005 727 78 37 not
3107 736 105 42 easy
3238 728 44 38 to
3307 729 88 50 get.

2436 783 67 49 So
2562 783 135 49 much
2731 783 70 49 for
2854 802 75 44 my
2980 803 108 30 own
3138 785 258 61 impression

2366 872 50 29 as
2450 863 47 38 to
2533 850 76 51 the
2643 872 158 29 reason
2835 850 70 51 for
2923 851 251 64 publishing
3208 854 188 49 modern

2369 920 124 63 plays
2530 920 155 49 before
2719 920 108 63 they
2862 920 116 51 have
3015 921 116 50 been
3178 941 105 31 seen
3335 943 59 29 on

2368 1010 26 28 a
2429 1002 138 49 stage.

2437 1057 89 50 But
2563 1057 18 50 I
2617 1077 73 30 am
2709 1056 95 51 told
2827 1056 93 51 that
2945 1057 75 50 the
3051 1070 95 38 true
3170 1077 156 32 reason
3361 1061 35 48 is

2368 1127 123 61 quite
2525 1124 187 51 another
2746 1145 103 29 one.
2920 1126 138 48 Some
3083 1146 78 43 say
3185 1127 107 63 they
3319 1147 75 29 are

2368 1192 237 63 published
2641 1193 191 49 because
2868 1192 107 64 they
3008 1194 119 50 can't
3163 1207 71 49 get
3269 1197 123 48 them

2368 1263 133 49 acted
2524 1282 138 29 or
2697 1261 147 64 prefer
2877 1274 77 37 not
3000 1274 48 38 to
3102 1263 116 51 have
3273 1264 118 50 them

2368 1329 133 51 acted
2606 1349 51 29 or
2690 1343 48 35 to
2775 1331 145 47 entice
2956 1349 243 43 managers.

2436 1399 106 48 The
2576 1399 126 62 plays
2737 1399 62 62 by
2836 1397 192 57 Graves,
3051 1399 150 63 Boyd,
3221 1400 170 56 Peach,

2371 1466 179 63 Peacey
2586 1466 91 49 and
2713 1465 76 50 the
2824 1479 85 36 rest
2934 1486 74 29 are
3032 1486 118 38 new,
3182 1468 80 50 but
3286 1467 105 64 they

2368 1556 77 29 are
2481 1557 28 27 a
2544 1534 109 51 little
2688 1537 278 48 wearisome.

2436 1603 106 51 The
2596 1602 183 51 authors
2813 1603 49 50 of
2897 1603 121 50 them
3055 1625 73 28 are
3164 1603 228 51 doubtless

2368 1672 147 50 clever
2550 1692 103 29 men
2689 1672 89 49 and
2813 1691 196 37 women,
3046 1673 90 48 and
3170 1693 123 29 some
3345 1673 49 48 of

2368 1740 137 56 them,
2543 1761 104 43 may
2681 1739 73 57 be,
2783 1740 93 50 will
2911 1742 126 48 write
3072 1759 27 31 a
3133 1742 121 60 good
3290 1739 100 65 play

2365 1829 125 29 some
2525 1810 107 61 day.
2691 1806 153 51 These
2869 1808 104 63 play
2991 1810 167 47 writers
3193 1809 57 49 all
3273 1828 118 29 seem

2366 1890 47 37 to
2450 1898 71 29 me
2557 1891 47 36 to
2641 1876 139 50 travel
2815 1877 76 49 the
2925 1895 122 32 same
3083 1875 144 65 paths,
3269 1877 101 49 dres-

2364 1946 81 50 sed
2479 1949 47 47 in
2587 1946 75 51 the
2713 1965 123 29 same
2890 1947 179 61 rig-out,
3128 1945 178 63 looking
3347 1957 44 37 at

2365 2015 76 49 the
2476 2035 123 29 same
2636 2013 156 63 things,
2830 2016 90 48 and
2958 2015 321 62 remembering
3315 2013 75 50 the

2365 2083 234 62 delightful
2636 2082 142 62 things
2813 2082 150 51 which
2987 2102 121 29 were
3131 2083 95 50 said
3252 2082 137 49 about

2363 2152 124 49 these
2503 2153 135 61 sights
2655 2153 44 47 in
2719 2153 111 47 their
2849 2150 316 63 guide-books.
3236 2150 153 51 These

2363 2220 294 64 play-writers
2691 2239 120 30 seem
2846 2232 47 37 to
2945 2219 117 50 have
3112 2219 179 51 studied
3344 2232 46 37 at

2363 2290 278 50 Academies
2674 2308 50 29 or
2759 2289 92 49 Art
2886 2288 192 49 Schools
3130 2286 90 52 and
3273 2288 117 49 have

2361 2356 162 62 caught
2564 2356 75 50 the
2675 2355 113 49 trick
2844 2355 49 49 of
2951 2357 174 60 writing
3180 2377 28 27 a
3265 2355 121 63 play.

2360 2425 79 49 To
2496 2427 180 60 acquire
2736 2423 110 58 that,
2901 2443 60 30 no
3018 2423 90 50 real
3168 2422 133 52 talent
3354 2426 36 46 is

2361 2512 247 44 necessary.
2680 2492 152 50 These
2868 2491 297 65 play-writers
3199 2512 75 30 are
3310 2504 77 36 too

2360 2561 149 52 clever
2543 2575 44 36 at
2625 2561 75 50 the
2736 2561 141 50 learnt
2912 2561 110 49 trick
3060 2561 70 49 for
3161 2581 89 43 any
3307 2581 55 29 en-

2359 2643 312 50 couragement
2705 2642 49 37 to
2791 2631 58 48 be
2882 2628 51 51 of
2954 2631 183 49 service.
3208 2631 152 48 Encou-

2359 2713 227 48 ragement
2638 2700 34 47 is
2723 2698 108 63 only
2867 2699 120 61 good
3039 2698 69 49 for
3160 2697 76 50 the
3290 2698 75 48 tho-

2359 2768 141 62 rough
2537 2766 185 63 bungler
2755 2768 108 49 who
2898 2764 152 52 makes
3084 2766 33 49 it
3151 2764 112 51 clear
3292 2764 94 51 that

2359 2835 58 51 he
2451 2835 139 63 really
2625 2835 82 50 did
2742 2848 122 37 want
2912 2848 47 35 to
3010 2853 79 43 say
3141 2832 246 63 something

2359 2905 58 49 he
2453 2905 91 51 had
2581 2924 105 30 seen
2722 2902 166 65 clearly
2947 2923 51 30 or
3055 2902 78 50 felt
3189 2901 195 64 acutely.

2359 2975 117 48 And
2507 2995 49 28 as
2592 2973 125 50 there
2754 2992 103 44 may
2892 2971 60 51 be
2986 2991 88 29 one
3108 2970 109 50 such
3271 2970 86 49 bun-

2361 3041 90 62 gler
2484 3042 178 62 coming
2698 3039 131 63 along
2867 3039 16 51 I
2920 3038 154 54 would
3097 3051 170 51 suggest
3290 3038 96 50 that

2357 3111 59 48 he
2453 3130 157 44 peruse
2646 3111 77 48 the
2759 3109 80 50 old
2878 3108 173 51 French
3086 3109 226 50 comedies
3335 3107 51 48 of

2360 3178 76 49 the
2470 3177 173 52 middle
2679 3197 133 42 ages:
3161 3177 160 49 Lde
3322 3175 58 50 Cal-

2363 3248 110 48 hain
2495 3269 17 35 ;
2567 3248 67 48 Le
2670 3246 146 50 Farce
2851 3248 59 47 de
2945 3245 176 50 Maitre
3173 3244 170 51 Mimin
3365 3264 17 36 ;

2359 3316 364 50 L'Obstination
2759 3315 80 48 des
2876 3316 204 49 Femmes
3100 3312 89 50 and
3215 3314 174 48 Maitre

2360 3385 221 49 Pathelin
2618 3384 68 49 for
2719 3382 223 64 example.
3023 3381 60 48 (0
3119 3380 116 51 And
3297 3380 60 49 Ta-

2361 3453 132 50 barin
2529 3466 147 38 t00....
2712 3465 101 49 stop
2849 3474 27 28 a
2911 3450 206 52 while....
3152 3448 192 64 perhaps
3362 3469 25 28 a

2360 3521 156 49 month
2550 3541 51 29 or
2634 3541 51 29 so
2721 3521 90 49 and
2848 3520 163 49 absorb
3056 3517 246 61 something
3338 3516 48 49 of

2357 3591 238 49 Tabarin:
2650 3592 101 60 give
2808 3610 27 28 a
2895 3587 148 52 whole
3100 3598 177 51 quarter
3337 3597 47 36 to

2357 3660 162 63 Adajn
2556 3659 59 50 de
2651 3658 42 49 la
2730 3657 154 57 Halle,
2921 3655 90 51 and
3065 3655 76 50 the
3196 3667 86 37 rest
3334 3653 48 49 of

2359 3728 76 49 the
2469 3746 107 44 year
2614 3739 46 36 to
2695 3727 154 49 Pierre
2884 3724 234 52 Blanchet.
3189 3723 93 48 Get
3337 3733 48 37 to

2359 3796 136 50 know
2533 3795 122 50 them
2691 3794 121 57 well,
2839 3795 139 62 forget
3004 3793 56 49 all
3085 3791 139 50 about
3248 3809 111 43 your-

2356 3864 83 50 self
2473 3864 90 49 and
2599 3883 113 44 your
2745 3862 444 63 contemporaries....
3225 3859 159 54 Shaw,

2357 3934 168 49 Pinero
2561 3934 91 48 and
2675 3932 152 62 Jones.
2886 3931 133 62 They
3042 3928 133 51 know
3210 3927 34 50 if
3281 3926 105 63 they

2356 4021 79 32 are
2468 4001 137 62 doing
2641 4001 123 51 what
2801 4001 106 61 they
2942 3997 124 52 think
3102 3998 95 49 best
3306 3994 80 50 but

2359 4069 96 50 that
2490 4072 35 47 is
2561 4082 78 37 not
2675 4081 46 37 at
2745 4068 58 51 all
2827 4068 122 50 what
2982 4086 90 43 you
3108 4063 160 52 should
3304 4063 78 50 do.

2429 4138 113 50 First
2577 4151 73 49 get
2684 4137 118 51 clear
2837 4137 124 49 what
2995 4138 32 46 it
3061 4135 34 47 is
3130 4152 88 44 you
3267 4132 117 48 have

2359 4217 81 40 not
2473 4221 48 36 to
2557 4209 127 48 write
2718 4208 139 48 about
2911 4205 90 50 and
3060 4203 62 49 do
3180 4221 70 30 me
3307 4199 77 49 the

2359 4274 208 52 kindness
2604 4288 47 37 to
2676 4275 127 50 listen
2822 4275 69 48 for
2910 4294 25 29 a
2956 4283 213 39 moment.
3239 4268 109 49 Don
3370 4280 14 37 t

2441 4447 55 44 (i)
2529 4445 15 37 I
2575 4449 139 33 wrote
2747 4444 51 38 of
2872 4440 199 40 Pathelin
3147 4437 44 38 in
3286 4437 99 37 The

2364 4496 134 38 Mask
2556 4496 68 38 for
2642 4507 98 39 1924
2761 4496 43 36 in
2874 4494 129 46 Plays
3017 4489 86 41 Old
3122 4488 86 39 and
3225 4488 112 38 New

2361 4548 90 37 and
2478 4558 71 27 am
2576 4546 107 47 glad
2709 4552 46 33 to
2782 4557 75 28 see
2883 4546 95 37 that
3020 4544 89 35 Mr.
3152 4538 232 39 Masefield

2361 4599 83 38 has
2469 4599 197 47 recently
2694 4596 245 41 translated
2966 4593 76 40 the
3081 4591 172 49 play....
3297 4591 89 37 and

2360 4651 145 38 better
2531 4651 89 38 still
2651 4649 87 38 had
2766 4651 35 36 it
2827 4643 253 53 performed
3107 4644 43 38 in
3178 4643 70 38 his
3265 4642 98 38 thea-

2360 4708 69 33 tre
2456 4713 110 28 near
2592 4699 176 42 Oxford
2794 4700 89 39 and
2910 4699 107 39 with
3046 4700 124 43 great
3197 4705 193 28 success-
