3510 5011
210 94 89 50 118

199 966 343 94 BOOK
633 971 588 92 REVIEWS.

198 1168 268 50 DRAMA
479 1169 109 49 TIC
604 1169 239 50 THEOR
856 1169 134 52 YIN
994 1170 228 60 SPAIN,

198 1237 155 50 edited
385 1237 61 61 by
480 1237 70 51 H.
592 1237 35 59 J.
667 1239 210 60 Chaytor
912 1240 78 49 M.
1034 1241 63 48 A.

195 1306 153 49 LIFE
380 1305 63 50 IS
476 1306 46 48 A
560 1306 269 49 DREAM
858 1307 57 59 by
971 1308 252 59 Calderon,

197 1374 255 50 translated
484 1374 59 61 by
579 1376 141 48 Birch
757 1379 45 45 &
847 1377 154 48 Trend
1049 1378 120 61 2/6.

202 1443 143 50 THE
366 1443 362 50 BANKSIDE
743 1444 480 59 STAGE-BOOK,

195 1510 68 51 H.
311 1512 72 49 W.
706 1512 287 57 IVhanslow,Wells
998 1514 225 57 Gardner,

194 1579 183 49 Darton
414 1584 44 44 &
500 1580 84 50 Co.
622 1581 146 49 4!—.

195 1722 183 113 MR.
414 1716 202 65 Chaytor
653 1719 135 62 prints
824 1717 69 51 for
929 1738 49 30 us
1012 1719 124 49 slices
1172 1720 50 49 of

355 1786 216 60 Spanish,
611 1806 26 28 a
674 1785 216 63 language
926 1786 90 51 few
1069 1786 50 49 of
1171 1809 48 28 us

193 1854 155 56 know,
390 1853 89 50 and
513 1874 51 29 so
602 1854 16 49 I
655 1853 117 50 have
809 1866 46 37 to
908 1866 100 37 turn
1060 1866 47 37 to
1144 1876 75 42 my

194 1923 76 50 old
294 1922 92 49 and
428 1923 166 48 trusted
622 1921 141 52 friend
788 1923 176 50 Barrett
988 1923 67 50 H.
1081 1923 137 50 Clark

194 1990 155 51 before
385 1990 16 50 1
438 2011 85 29 can
557 1989 204 51 discover
796 1992 123 49 what
955 1993 32 47 it
1022 1992 137 63 really
1183 1994 35 47 is

194 2059 94 51 that
326 2059 128 61 Lope
490 2058 60 50 de
587 2058 130 62 Vega
758 2060 36 48 is
844 2060 144 61 trying
1040 2072 47 36 to
1121 2079 95 43 say.

263 2129 49 48 In
348 2125 95 52 Mr.
467 2125 174 51 Clark's
722 2126 243 64 European
999 2126 217 52 Theories

192 2195 50 49 of
264 2195 76 49 the
376 2196 171 48 Drama
639 2215 90 42 you
764 2208 71 49 get
871 2197 33 47 it
927 2199 46 47 in
1008 2196 206 64 English;

282 2263 105 50 here
423 2263 71 50 'tis
534 2262 59 51 all
628 2263 211 63 Spanish.
894 2263 201 64 Perhaps
1130 2265 86 50 this

192 2329 121 53 book
360 2333 36 47 is
448 2331 168 63 wholly
669 2331 69 49 for
788 2329 199 53 students
1037 2331 50 51 of
1140 2333 75 50 the

190 2399 195 63 Spanish
420 2399 229 61 language,
674 2399 81 50 but
780 2399 153 51 would
970 2421 27 28 a
1034 2401 159 49 transla-

190 2470 93 49 tion
319 2468 48 49 of
402 2468 77 51 the
504 2469 194 61 Spanish
734 2468 123 49 slices
881 2468 160 63 placed
1068 2482 44 37 at
1138 2469 76 50 the

188 2536 89 50 end
313 2536 50 50 of
400 2536 75 50 the
509 2535 111 50 little
655 2535 123 51 book
814 2535 115 51 have
971 2536 118 51 done
1125 2557 89 43 any

186 2604 126 49 harm
329 2609 21 44 ?
397 2604 33 56 I,
468 2604 69 49 for
570 2624 102 36 one,
724 2602 155 53 would
928 2605 117 51 have
1098 2605 115 51 been

186 2671 183 65 pleased
416 2685 49 37 to
510 2672 121 50 learn
656 2672 121 50 what
802 2674 32 47 it
858 2674 35 48 is
917 2674 94 48 that
1037 2674 177 49 Molina

185 2761 99 42 says
319 2741 139 48 about
500 2741 76 49 the
658 2747 268 55 ignorancia
1004 2741 50 51 of
1077 2742 137 50 Dona

185 2808 201 51 Serafina
404 2811 45 48 in
519 2808 106 51 The
650 2810 232 49 Orchards
901 2810 49 49 of

189 2877 99 62 (Mr
306 2876 137 50 Clark
460 2877 127 63 helps
604 2897 71 29 me
688 2890 46 36 to
750 2877 75 49 the
843 2877 131 49 word
993 2879 221 49 orchards

185 2945 80 51 but
300 2966 97 42 says
433 2947 183 61 nothing
651 2947 139 49 about
825 2947 239 66 Serafina).

254 3014 142 50 What
434 3036 27 28 a
496 3017 96 60 pity
626 3017 34 47 it
683 3018 36 46 is
744 3014 94 51 that
865 3017 45 47 in
935 3015 76 50 the
1036 3036 175 41 process

183 3081 49 51 of
266 3083 235 61 becoming
537 3081 142 56 M.A,
725 3081 95 52 Mr.
874 3083 204 62 Chaytor
1128 3083 82 49 lost

183 3170 123 31 some
324 3170 209 31 common
556 3170 149 29 sense:
743 3150 122 51 what
889 3170 26 29 a
940 3152 94 61 pity
1059 3151 93 50 that
1177 3150 32 56 I,

183 3239 49 30 as
268 3221 302 62 representing
606 3218 208 63 ordinary
849 3221 141 48 artists
1035 3220 175 51 outside

181 3287 59 50 all
277 3290 284 54 universities,
599 3290 46 47 in
679 3300 79 37 not
794 3287 234 64 becoming
1081 3288 129 50 M.A

181 3356 117 49 have
316 3370 77 36 not
418 3357 109 48 such
551 3356 194 61 learning
791 3376 48 29 as
891 3356 83 50 his.
1027 3358 182 48 Cannot

180 3423 196 62 learning
427 3423 91 51 and
566 3424 272 50 mother-wit
890 3445 130 29 come
1070 3424 140 50 closer

183 3491 198 63 together
415 3491 231 51 somehow
683 3528 64 14 ....
783 3512 125 29 some
932 3491 126 64 day?

246 3560 135 62 They
416 3580 129 30 come
579 3560 138 51 closer
740 3561 46 47 in
823 3560 92 51 Mr.
952 3560 135 51 Birch
1119 3561 90 51 and

184 3627 93 51 Mr.
313 3627 194 51 Trend's
554 3627 257 51 translation
865 3627 49 50 of
1006 3627 141 51 Life's
1183 3649 27 28 a

179 3695 168 50 Dream
449 3696 91 51 and
578 3696 94 51 Mr.
708 3696 58 51 E.
802 3696 70 49 Le
908 3696 89 49 Bas
1034 3696 124 65 helps
1182 3718 27 29 a

176 3766 120 61 good
349 3763 102 51 deal
504 3765 110 50 with
668 3765 66 48 his
786 3776 124 51 stage
960 3765 105 63 plan
1119 3765 90 50 and

176 3834 68 50 his
278 3846 94 38 two
406 3833 295 51 illustrations.

245 3902 18 49 I
300 3900 90 53 will
424 3912 79 39 not
538 3921 210 43 compare
800 3900 66 50 his
914 3899 127 52 work
1096 3900 112 53 with

174 3970 96 50 that
306 3970 49 50 of
390 3969 94 52 Mr.
520 3970 206 50 Terence
763 3969 127 64 Gray
936 3989 51 31 or
1016 3970 93 51 Mr.
1138 3972 67 48 H.

173 4039 82 51 W.
292 4036 268 54 Whanslaw
598 4039 80 49 but
714 4059 59 28 no
810 4038 144 49 doubt
980 4038 76 50 the
1082 4039 126 48 three

173 4106 91 51 will
286 4106 58 50 be
366 4106 168 51 classed
561 4106 198 62 together
780 4106 59 64 by
858 4106 77 51 the
960 4119 244 39 amateurs.

239 4175 17 51 I
292 4175 91 51 find
420 4175 94 49 Mr.
551 4173 269 54 Whanslaw
857 4175 90 49 and
990 4175 68 51 his
1083 4175 125 49 book

169 4242 259 64 superficial,
465 4242 90 50 and
592 4242 96 51 Mr.
747 4242 128 64 Gray
912 4245 290 61 pretentious,

171 4311 167 63 though
374 4311 111 49 both
504 4309 48 51 of
571 4311 118 50 them
726 4330 75 30 are
828 4311 113 63 tidy.
1008 4312 98 51 Mr.
1138 4312 70 49 Le

170 4380 89 51 Bas
292 4400 142 30 seems
468 4392 47 37 to
552 4380 60 49 be
645 4392 46 37 at
743 4400 101 29 ease
899 4382 46 47 in
998 4401 28 28 a
1063 4379 143 51 castle

169 4468 49 29 or
253 4469 27 27 a
315 4448 208 62 dungeon
561 4448 95 65 (the
691 4459 92 40 two
820 4448 175 62 designs
1039 4450 48 47 in
1128 4449 78 48 the

169 4516 103 64 play
289 4516 143 64 book)
453 4518 89 49 and
569 4530 99 50 puts
692 4538 61 29 on
776 4534 59 32 no
860 4518 109 49 side.
1026 4518 16 48 I
1074 4516 132 51 think

167 4584 58 49 he
259 4586 34 47 is
329 4584 147 50 rather
513 4598 76 36 too
625 4584 111 50 fond
762 4585 48 49 of
849 4584 232 63 platforms
1110 4585 94 49 and

166 4666 134 51 s'eps,
336 4654 93 49 and
457 4654 15 49 I
514 4654 154 50 would
694 4665 171 51 suggest
909 4666 46 37 to
982 4654 92 49 him
1106 4654 100 50 that

167 4721 75 51 the
277 4741 77 31 use
390 4721 48 49 of
471 4734 94 38 two
602 4721 142 63 flights
781 4722 51 50 of
866 4741 176 31 convex
1081 4735 125 52 steps

1280 234 88 29 one
1407 215 168 52 behind
1613 215 76 51 the
1724 216 129 52 other
1901 220 37 48 is
1989 238 59 30 an
2099 238 136 32 error.
2274 219 35 51 If

1281 281 76 51 the
1394 281 117 51 front
1545 295 118 51 steps
1700 304 77 30 are
1812 297 47 37 to
1912 285 60 51 be
2025 306 176 31 convex
2252 286 57 50 let

1281 350 127 50 those
1432 351 168 51 behind
1639 352 118 51 them
1780 353 57 50 be
1857 374 214 31 concave.
2145 355 115 50 And
2286 376 23 28 a

1282 418 299 65 well-shaped
1617 421 109 49 arch
1761 422 36 48 is
1831 422 170 63 always
2023 424 109 50 finer
2158 437 47 37 to
2239 445 70 28 see

1282 487 108 49 than
1425 507 58 29 an
1517 487 246 64 ill-shaped
1798 510 104 30 one.
1975 492 15 48 I
2029 512 113 29 once
2179 490 130 51 made

1280 577 27 28 a
1347 555 149 51 model
1515 558 110 48 with
1651 577 58 30 an
1746 558 105 49 arch
1876 560 45 49 in
1957 560 32 49 it
2027 560 90 50 and
2156 560 33 56 I,
2218 573 91 42 too,

1282 624 133 49 made
1450 626 32 47 it
1519 645 47 28 as
1601 625 96 50 Mr.
1736 624 66 51 Le
1839 626 89 50 Bas
1953 626 125 58 does,
2107 628 89 50 low
2221 629 88 48 and

1280 692 250 63 sprawling,
1567 694 90 48 and
1681 692 107 64 only
1812 694 113 49 after
1948 717 28 27 a
2000 695 103 62 long
2125 697 184 63 journey

1281 772 47 37 to
1354 760 125 49 India
1503 760 82 51 did
1611 762 17 47 I
1652 760 207 52 discover
1883 783 59 28 on
1978 767 176 59 coming
2178 764 131 50 home

1280 841 48 36 to
1365 828 196 50 London
1597 830 106 50 how
1740 828 104 64 ugly
1879 851 77 42 my
2003 832 106 50 arch
2146 851 108 32 was.
2293 833 16 50 I

1280 898 108 48 then
1425 897 139 49 broke
1601 898 75 48 the
1713 898 166 57 model,
1915 920 113 42 gave
2062 921 63 43 up
2159 921 125 30 scene-

1280 967 100 54 ries,
1413 964 92 50 and
1542 964 124 51 Fleet
1703 967 148 48 Street
1874 967 192 51 claimed
2103 988 86 30 me.
2222 971 87 49 But

1281 1053 116 31 even
1431 1034 107 50 here
1653 1037 46 47 in
1733 1034 85 50 this
1854 1035 108 51 little
1998 1038 140 49 Wine
2164 1038 145 49 Office

1281 1104 142 48 Court
1462 1103 92 57 Inn,
1613 1103 76 49 the
1741 1104 107 48 arch
1901 1106 34 47 is
1990 1105 201 64 shapely,
2232 1118 77 38 not

1280 1169 248 63 sprawling.
1570 1170 88 51 But
1685 1170 15 49 I
1727 1171 112 51 wish
1865 1171 92 51 Mr.
1986 1172 66 50 Le
2076 1174 90 49 Bas
2189 1174 120 63 good

1280 1237 103 51 luck
1417 1241 90 47 and
1544 1237 85 51 lots
1663 1237 50 50 of
1746 1242 212 60 practice.

1350 1307 72 48 As
1479 1307 70 48 for
1603 1306 266 52 Calderon's
1923 1311 299 61 masterpiece,
2276 1311 33 47 it

1281 1377 188 47 remains
1505 1388 47 37 to
1587 1376 85 49 this
1707 1377 90 62 day
1851 1376 229 50 unknown
2135 1391 47 35 to
2234 1378 75 51 the

1284 1442 181 63 English
1516 1456 121 49 stage
1752 1446 282 62 presumably
2088 1444 68 51 for
2208 1444 99 51 lack

1281 1512 50 49 of
1365 1533 27 28 a
1429 1513 189 49 suitable
1655 1512 271 52 translation.

1352 1580 37 50 It
1425 1600 141 31 seems
1587 1580 262 56 incredible,
1874 1581 82 50 but
1994 1602 50 29 so
2079 1583 33 48 it
2147 1583 35 48 is
2203 1602 12 37 ;

1281 1647 85 58 for,
1394 1647 35 50 if
1450 1669 28 28 a
1503 1649 121 61 good
1651 1649 255 51 translation
1930 1650 184 55 existed,
2142 1650 96 51 Mr.
2263 1651 42 62 J.

1281 1717 57 51 B.
1374 1717 155 51 Trend
1566 1717 153 50 would
1761 1717 136 51 know
1921 1717 49 50 of
1991 1720 55 48 its
2064 1721 237 56 existence,

1272 1783 59 51 he
1368 1785 133 62 being
1536 1805 27 28 a
1599 1785 195 62 Spanish
1846 1785 174 50 scholar
2070 1787 108 50 who
2227 1786 80 51 has

1274 1852 120 49 lived
1431 1854 45 47 in
1495 1853 156 62 Spain,
1679 1853 78 50 has
1783 1856 178 47 written
2047 1856 53 48 A
2125 1856 181 48 Picture

1270 1919 49 51 of
1355 1921 199 49 Modern
1591 1922 142 62 Spain
1822 1922 181 66 (1921)
2038 1923 90 50 and
2165 1936 116 35 trans-

1270 1988 119 51 lated
1449 1989 195 62 Spanish
1698 1992 307 59 masterpieces
2048 1992 90 49 and
2189 1992 116 49 been

1269 2058 195 62 Spanish
1500 2060 351 57 correspondent
1887 2070 47 38 to
1970 2059 76 51 the
2150 2060 124 50 Athe-

1270 2145 162 31 naeum
1525 2128 47 48 in
1618 2126 143 50 1919.

1337 2194 207 49 Assisted
1581 2195 61 62 by
1680 2194 95 52 Mr.
1813 2194 150 55 Birch,
2009 2215 86 29 one
2142 2195 50 49 of
2227 2196 77 51 the

1269 2276 113 37 most
1406 2262 235 51 successful
1666 2263 241 61 producers
1926 2262 47 50 of
1994 2285 58 29 an
2078 2265 224 50 Amateur

1267 2332 243 62 Company
1533 2332 49 50 of
1618 2331 278 62 Cambridge
1931 2332 275 63 University,
2244 2333 57 50 he

1267 2398 78 50 has
1380 2398 134 51 made
1538 2418 73 44 my
1637 2399 218 50 existence
1879 2398 239 62 decidedly
2144 2401 156 57 richer,

1267 2467 69 49 for
1384 2467 17 49 I
1437 2467 119 50 have
1608 2487 128 28 come
1790 2487 107 29 near
1951 2467 76 50 the
2072 2468 228 51 Calderon

1266 2536 284 61 masterpiece
1585 2548 45 35 at
1663 2534 97 49 last.

1336 2604 16 48 I
1388 2616 162 37 cannot
1586 2602 104 64 pick
1726 2601 128 51 faults
1909 2605 45 47 in
2008 2604 110 49 their
2171 2604 127 51 work

1266 2670 133 51 when
1434 2671 142 51 under
1611 2691 51 30 so
1686 2684 120 49 great
1841 2691 28 30 a
1904 2671 113 51 debt
2072 2685 47 37 to
2174 2672 123 51 them

1267 2740 71 49 for
1375 2741 75 48 the
1487 2740 109 49 little
1632 2740 183 63 glimpse
1849 2740 108 63 they
2010 2741 117 51 have
2165 2743 132 61 given

1267 2829 71 29 me
1373 2808 49 50 of
1456 2810 65 54 it;
1559 2807 58 51 all
1655 2810 16 48 I
1697 2829 85 29 can
1817 2810 62 49 do
1915 2811 34 47 is
1973 2821 47 38 to
2056 2822 171 51 suggest
2248 2822 48 37 to

1267 2876 125 50 those
1426 2876 108 49 who
1570 2876 90 49 will
1695 2876 93 63 buy
1825 2876 85 50 this
1944 2877 106 63 play
2100 2890 46 38 at
2180 2898 115 30 once

1266 2944 94 50 that
1397 2944 105 64 they
1539 2964 104 30 race
1679 2945 207 61 throught
1911 2947 32 48 it
1968 2958 45 37 at
2038 2958 80 51 top
2136 2947 154 59 speed.

1265 3014 72 48 As
1361 3015 33 47 it
1418 3033 244 42 progresses
1689 3027 71 48 get
1785 3011 186 64 quicker
1998 3014 88 50 and
2112 3014 183 63 quicker

1263 3102 115 29 even
1413 3094 49 37 to
1498 3102 26 28 a
1547 3081 181 50 hurried
1764 3080 99 64 skip
1900 3102 104 30 now
2029 3083 92 49 and
2146 3085 145 59 again.

1262 3147 163 51 Taken
1459 3147 159 65 slowly
1651 3150 32 48 it
1719 3149 136 62 might
1897 3169 165 44 weary.
2103 3150 16 49 I
2146 3151 146 50 rather

1262 3217 126 50 think
1437 3217 139 62 you'll
1629 3217 59 50 be
1741 3217 157 64 pulled
1957 3239 61 39 up
2070 3218 222 64 suddenly

1261 3286 278 51 somewhere
1576 3286 206 49 between
1818 3306 135 43 pages
1990 3286 66 51 50
2091 3288 89 50 and
2208 3288 82 51 60.

1261 3356 159 49 When
1458 3354 15 50 I
1511 3375 128 29 came
1674 3367 48 37 to
1756 3354 76 50 the
1858 3375 181 42 passage
2074 3368 45 37 at
2142 3356 151 50 which

1263 3422 18 49 I
1341 3422 212 62 stopped,
1614 3423 89 49 and
1759 3422 151 50 which
1962 3422 18 50 I
2033 3423 175 49 believe
2258 3424 33 48 it

1261 3489 255 63 impossible
1534 3503 47 37 to
1605 3511 99 41 pass
1728 3490 189 51 without
1937 3493 130 48 twice
2091 3491 197 64 reading,

1261 3561 33 46 it
1331 3580 92 30 was
1458 3559 139 49 about
1642 3559 145 51 12.30
1827 3572 46 36 at
1928 3559 139 63 night,
2128 3560 18 51 I
2201 3560 92 50 had

1262 3648 114 40 gone
1411 3640 49 38 to
1495 3627 90 51 bed
1622 3639 45 37 at
1691 3648 27 28 a
1742 3627 438 63 quarter-to-twelve
2205 3629 90 49 and

1261 3695 93 50 had
1379 3693 178 51 fancied
1582 3693 183 68 sleepily
1785 3695 16 49 I
1827 3695 154 50 would
2001 3696 110 51 read
2135 3697 96 50 Act
2253 3697 37 50 I.

1261 3763 157 51 before
1454 3766 174 65 putting
1662 3776 79 37 out
1796 3763 77 50 the
1925 3763 123 64 light.
2121 3765 16 50 I
2184 3766 109 49 read

1261 3832 77 49 the
1380 3832 150 52 whole
1647 3833 164 61 getting
1864 3832 134 51 faster
2033 3832 90 51 and
2158 3832 134 52 faster

1261 3899 90 51 and
1387 3899 203 64 skipping
1617 3899 74 51 the
1712 3899 125 64 jerky
1863 3899 88 50 bits
2074 3900 70 50 for
2169 3900 124 51 there

1261 3989 76 30 are
1373 3989 28 30 a
1426 3970 100 57 few
1561 3968 49 51 of
1646 3968 146 51 these.

1329 4038 37 49 It
1389 4040 36 46 is
1449 4036 226 64 assuredly
1710 4057 27 29 a
1763 4048 114 38 most
1902 4035 252 52 wonderful
2188 4036 104 65 play

1350 4105 90 51 and
1477 4107 16 49 1
1530 4105 154 52 would
1719 4106 101 62 give
1871 4105 133 51 much
2058 4118 47 36 to
2158 4105 135 52 know

1261 4173 269 64 Spanish,...
1567 4173 93 50 and
1688 4173 104 50 then
1812 4185 46 37 to
1883 4194 73 29 see
1981 4175 33 47 it
2037 4172 258 65 performed

1262 4245 46 48 in
1343 4243 145 64 Spain
1525 4242 90 51 and
1652 4245 136 48 await
1825 4243 92 49 that
1944 4245 142 59 magic
2109 4262 186 45 passage

1262 4312 184 49 betwixt
1484 4332 134 42 pages
1656 4312 63 48 50
1756 4311 90 49 and
1882 4311 84 50 60.

1329 4380 17 50 I
1385 4380 134 51 know
1556 4400 61 29 no
1651 4380 208 49 situation
1893 4379 50 51 of
1978 4379 108 50 such
2136 4398 156 43 power

1262 4450 45 47 in
1342 4468 89 45 any
1469 4448 127 51 other
1622 4448 155 51 drama
1798 4469 12 35 ;
1835 4450 34 47 it
1891 4461 86 36 sets
2001 4468 88 29 one
2113 4447 180 63 tingling

1262 4516 57 50 all
1337 4537 127 30 over.
1536 4516 157 51 When
1719 4518 17 49 I
1761 4537 126 29 came
1923 4529 47 37 to
1995 4518 32 49 it
2053 4518 17 48 I
2097 4515 194 65 stopped

1263 4585 121 51 dead
1538 4585 91 49 and
1686 4585 296 63 experienced
2041 4585 251 62 something

1260 4654 149 49 which
1448 4654 16 50 I
1501 4666 162 38 cannot
1699 4673 173 44 express
1907 4654 80 49 but
2023 4654 151 50 which
2211 4665 80 52 put

1263 4742 72 31 me
1370 4725 46 47 in
1449 4742 28 31 a
1511 4735 112 38 state
1657 4721 51 52 of
1741 4722 269 64 astonishing
2051 4723 241 64 happiness

2453 218 91 50 and
2579 220 33 48 it
2647 239 95 30 was
2773 219 145 51 1230
2943 232 44 37 at
3012 220 139 62 night,
3179 222 16 49 I
3220 228 171 49 seemed

2366 298 47 37 to
2448 299 124 38 enter
2606 287 96 50 that
2738 299 112 37 state
2885 289 89 49 and
3012 288 128 63 place
3180 290 89 51 and
3295 294 100 49 time

2366 354 153 50 where
2556 356 122 49 there
2699 357 34 48 is
2758 355 171 50 neither
2954 356 120 61 sleep
3099 377 82 30 nor
3205 358 185 66 waking,

2365 423 91 49 and
2474 436 73 50 yet
2563 423 150 50 where
2723 424 124 49 there
2864 425 226 62 assuredly
3100 428 34 46 is
3144 426 247 63 happiness.

2368 490 95 49 Not
2498 491 125 50 often
2658 513 84 28 can
2780 512 86 29 one
2890 492 139 63 speak
3064 493 49 50 of
3137 515 26 28 a
3200 495 121 62 thing
3344 517 48 29 so

2368 579 106 43 very
2509 579 111 31 rare.
2650 560 14 48 I
2692 560 146 50 tasted
2862 562 33 47 it
2931 560 81 51 last
3048 562 120 61 night
3191 580 48 30 as
3262 563 16 50 I
3302 585 89 29 was

2361 629 198 60 stopped
2598 629 205 49 between
2838 649 134 42 pages
3010 630 64 49 50
3111 630 89 50 and
3241 632 80 50 60.

2434 695 161 50 Taken
2629 709 128 50 apart
2810 697 113 48 from
2976 697 76 50 the
3104 710 85 38 rest
3234 699 49 49 of
3317 701 74 50 the

2365 762 105 64 play
2488 784 89 30 one
2595 765 152 51 would
2768 785 99 43 pass
2885 766 85 49 this
2994 786 199 42 passage.
3223 767 166 52 Placed

2365 831 152 51 where
2553 835 31 46 it
2609 835 51 55 is,
2685 835 31 47 it
2735 835 35 48 is
2788 855 26 27 a
2836 833 176 50 miracle
3036 835 89 48 and
3154 838 205 61 arresting
3379 860 11 34 ;

2364 902 33 47 it
2419 900 189 51 dazzles.
2647 901 229 50 Calderon
2900 904 35 47 is
2957 903 164 49 indeed
3147 905 244 63 something

2366 989 72 27 we
2476 969 188 63 thought
2690 972 299 48 non-exisient
3100 992 25 28 a
3151 974 238 59 magician:

2365 1036 54 49 all
2442 1038 95 49 that
2561 1040 34 47 is
2619 1038 301 62 complicated
2946 1039 88 50 and
3059 1041 330 62 contradictory

2366 1106 56 47 he
2459 1105 147 50 draws
2630 1108 94 47 into
2749 1106 65 50 his
2850 1106 132 65 play:
3020 1129 87 28 one
3131 1122 163 36 cannot
3318 1130 72 29 see

2363 1172 106 51 how
2507 1173 57 50 he
2600 1174 90 50 will
2726 1175 195 61 possibly
2960 1188 80 50 put
3074 1178 33 47 it
3147 1179 44 46 in
3227 1177 131 50 order
3377 1199 11 29 :

2364 1241 56 48 he
2456 1242 110 49 does
2603 1242 76 49 the
2715 1256 114 36 most
2865 1244 154 62 daring
3075 1245 144 61 things
3334 1245 56 50 all

2362 1309 93 48 that
2491 1312 34 46 is
2561 1311 254 61 impossible
2852 1312 88 49 and
2987 1311 58 49 all
3081 1313 93 49 that
3198 1315 35 47 is
3268 1316 121 60 quite

2361 1379 208 61 ordinary
2589 1379 106 49 here
2719 1379 155 51 crowd
2911 1379 198 62 together
3128 1402 11 28 :
3167 1381 90 50 and
3281 1383 107 49 with

2361 1466 58 28 an
2455 1466 101 29 ease
2593 1447 95 50 that
2723 1449 33 47 is
2793 1449 286 61 astonishing.

2432 1515 16 48 I
2486 1514 117 50 have
2637 1536 105 30 seen
2794 1516 259 50 Pirandello
3108 1518 278 49 somewhere

2360 1581 194 51 referred
2613 1595 45 37 to
2711 1604 47 29 as
2812 1598 76 35 not
2944 1584 148 51 unlike
3147 1585 239 50 Calderon.

2359 1651 90 49 But
2502 1650 228 51 Calderon
2781 1654 34 47 is
2867 1655 183 55 certain,
3108 1653 57 49 he
3217 1654 78 49 has
3330 1675 58 30 no

2360 1719 178 56 doubts,
2578 1720 91 49 and
2706 1719 57 50 he
2798 1723 35 47 is
2880 1743 26 27 a
2959 1720 288 63 professional
3284 1722 77 49 dra-

2360 1799 146 37 matist
2540 1788 92 49 and
2669 1791 122 58 gives
2827 1809 48 29 us
2923 1790 75 49 the
3052 1792 254 59 impression
3341 1791 47 49 of

2359 1877 26 26 a
2422 1868 158 36 master
2615 1856 200 62 working
2856 1858 111 50 with
3019 1870 195 37 extreme
3263 1880 118 28 ease.

2356 1923 257 50 Pirandello
2650 1927 35 46 is
2722 1926 148 48 rather
2907 1926 74 49 the
3018 1947 191 29 reverse.

2425 1991 105 50 The
2566 1992 127 62 plays
2730 1992 63 63 by
2829 1994 263 49 Pirandello
3134 2015 74 29 are
3245 2007 117 38 trans-

2358 2058 122 50 lated
2515 2061 96 48 into
2646 2061 187 61 English
2878 2062 157 50 within
3059 2063 85 48 five
3167 2083 128 43 years
3341 2063 47 49 of

2356 2127 115 50 their
2507 2127 135 62 being
2668 2129 277 63 performed,
3019 2131 270 50 Calderon's
3313 2152 73 29 are

2355 2195 85 50 still
2478 2195 180 63 looking
2695 2197 71 50 for
2800 2218 125 29 some
2949 2218 88 30 one
3062 2199 112 50 with
3210 2201 106 48 time
3340 2213 45 36 to

2355 2277 138 36 waste
2599 2265 70 49 for
2690 2267 33 48 it
2747 2265 155 50 would
2924 2267 56 48 he
2994 2284 162 46 money
3175 2266 96 58 lost,
3294 2288 60 29 me-

2354 2332 149 50 thinks
2539 2332 57 63 (if
2630 2332 77 50 life
2742 2340 38 42 is
2805 2354 28 28 a
2868 2334 30 49 d
2903 2337 140 61 ream)
3068 2333 69 51 for
3161 2355 89 43 any
3274 2355 109 43 poor

2353 2399 206 50 dreamer
2594 2402 47 47 in
2696 2401 213 62 England
2963 2416 47 35 to
3063 2404 99 61 give
3215 2423 26 30 a
3295 2403 89 50 few

2349 2488 131 42 years
2514 2481 47 36 to
2598 2469 75 50 the
2726 2469 262 51 translation
3041 2470 50 50 of
3147 2470 68 51 his
3250 2491 134 44 many

2351 2538 326 61 masterpieces,
2730 2536 69 50 for
3014 2539 91 50 win
3160 2558 27 29 a
3237 2538 145 51 friend

2349 2623 51 30 or
2447 2616 92 39 two
2673 2606 47 49 in
2791 2605 209 62 England
3076 2608 169 61 against
3316 2606 45 50 hi

2357 2671 176 64 waking
2568 2674 35 48 is
2639 2672 193 64 perhaps
2867 2688 77 36 out
2980 2674 50 49 of
3054 2675 78 48 the
3156 2676 204 62 question

2356 2807 166 49 THE
2558 2808 701 51 CHARTERHOUSE
3294 2811 101 49 OF

2348 2876 279 52 PARMA.
2687 2877 340 51 Marie-Henri
3092 2878 150 61 Beyle
3312 2881 77 57 (de

2348 2944 268 61 Stendhal).
2654 2947 39 48 2
2732 2949 110 47 vols.
2884 2948 170 49 Chatto
3086 2947 49 49 &

2344 3013 195 49 London
2592 3014 180 63 15/—.
2836 3015 133 50 Boni
3019 3020 62 46 &
3138 3015 246 62 Liverighl,

2344 3080 122 51 New
2512 3081 143 60 York•
2695 3081 35 57 $
2768 3083 56 50 5.

2345 3224 195 111 THIS
2564 3217 258 52 translation
2846 3220 80 49 has
2950 3220 226 63 appeared
3200 3222 45 47 in
3268 3220 113 51 both

2447 3284 205 64 England
2664 3287 90 48 and
2767 3288 233 55 America,
3020 3287 91 50 and
3124 3288 91 50 Mr.
3238 3290 57 49 C.
3312 3287 63 50 K.

2344 3354 134 50 Scott
2508 3354 246 50 Moncrieff
2790 3356 107 50 who
2933 3357 36 48 is
3006 3356 270 62 responsible
3321 3356 65 49 for

2345 3424 32 48 it
2414 3425 34 47 is
2485 3437 47 35 to
2569 3423 58 49 be
2664 3423 245 51 felicitated
2945 3445 60 29 on
3041 3424 125 51 what
3191 3438 113 37 must
3328 3425 58 49 be

2345 3494 125 60 quite
2507 3491 75 50 the
2638 3491 96 50 best
2795 3491 257 51 translation
3109 3493 92 49 that
3254 3495 35 49 is
3334 3512 49 30 or

2344 3579 107 31 ever
2488 3560 90 50 will
2612 3560 74 50 be.
2724 3560 128 65 Only
2889 3564 62 46 do
2988 3561 17 50 I
3043 3560 152 64 object
3243 3574 46 37 to
3313 3561 73 50 the

2344 3626 149 51 rather
2527 3640 80 37 too
2643 3627 207 63 frequent
2887 3649 77 30 use
3000 3629 49 50 of
3096 3629 79 50 the
3226 3629 158 63 phrase

2347 3705 29 20 *'
2403 3695 90 49 hell
2530 3696 68 49 for
2634 3696 170 49 leather

2414 3763 89 50 But
2541 3765 123 49 what
2702 3785 28 29 a
2772 3763 116 52 trifle
2930 3767 40 47 is
3016 3765 86 50 this
3143 3763 245 65 compared

2345 3832 110 52 with
2479 3832 75 51 the
2574 3832 206 52 hundred
2801 3833 271 64 perfections
3091 3834 51 50 of
3163 3834 68 51 his
3246 3833 138 51 work.

2412 3900 106 50 The
2552 3900 173 64 highest
2761 3903 142 62 praise
2939 3904 35 47 is
3008 3902 78 49 the
3110 3902 159 63 simple
3306 3900 75 50 old

2344 3988 89 31 one
2459 3970 124 49 —it
2616 3969 140 64 really
2791 3970 111 51 does
2954 3982 77 38 not
3090 3972 108 50 read
3233 3969 87 51 like
3355 3991 26 28 a

2347 4038 269 52 translation.

2415 4106 74 50 As
2525 4106 68 50 for
2629 4107 76 50 the
2742 4106 137 59 book,
2916 4109 31 48 it
2989 4106 131 52 ranks
3171 4107 112 51 with
3322 4106 56 50 all

2347 4176 77 48 the
2460 4175 124 49 finest
2620 4175 120 63 lying
2775 4177 45 47 in
2856 4175 77 51 the
2969 4176 175 56 world;
3184 4196 90 30 one
3299 4195 82 29 can

2344 4264 79 43 say
2459 4262 58 30 no
2542 4264 124 29 more
2688 4245 108 48 than
2820 4243 157 54 this....
3005 4243 95 51 that
3125 4246 35 48 is
3182 4265 26 28 a
3233 4242 148 52 novel.

2343 4312 76 49 To
2455 4311 73 56 lie,
2565 4312 92 51 and
2693 4325 47 38 to
2776 4312 58 49 lie
2870 4312 88 51 like
2993 4313 118 51 truth
3137 4312 90 51 and
3270 4312 112 62 keep

2347 4382 32 47 it
2418 4400 63 41 up
2517 4392 47 37 to
2599 4380 80 50 the
2713 4380 107 51 end.

2418 4448 145 51 What
2601 4448 245 52 Nietzsche
2883 4461 164 44 meant,
3073 4450 123 50 what
3221 4448 160 56 Taine,

2343 4516 61 64 by
2422 4516 158 64 calling
2598 4519 76 48 the
2695 4518 160 50 author
2928 4518 79 50 the
3045 4532 121 48 great
3190 4516 164 64 psycho-

2342 4585 125 62 logist
2503 4585 49 49 of
2587 4586 76 50 the
2699 4599 185 51 century
2994 4588 93 49 and
3193 4585 76 49 the
3306 4584 75 49 last

2343 4666 121 50 great
2499 4654 299 63 psychologist
2832 4655 51 49 of
2918 4655 172 49 France
3204 4654 17 49 I
3275 4673 78 29 can-

2343 4735 79 38 not
2459 4741 95 44 say.
