2911 3048
1540 2410 50 44 34

729 552 85 44 nie
847 566 73 39 so,
953 553 110 43 wie
1095 553 84 45 ich
1212 554 136 44 Dich
1379 568 109 32 nun
1525 557 133 47 liebe
1689 572 93 30 um
1815 558 194 46 Deiner
2042 565 178 42 zarten
2252 563 174 44 Bilder

728 612 209 45 willen!
980 613 156 43 Denn
1178 614 115 43 eine
1329 614 143 47 Frau
1511 618 125 45 liebt
1672 618 137 44 Dich
1848 632 93 30 um
1979 620 193 47 Deiner
2208 636 217 31 armen

728 673 656 54 Menschlichkeiten,
1404 676 84 45 ich
1507 679 125 44 aber
1650 694 92 30 um
1757 679 190 46 Deines
1966 683 260 45 reichen
2247 684 177 44 Gött=

727 731 215 46 liehen
961 734 54 42 in
1035 733 116 45 Dir!
1172 733 213 54 Somoff,
1406 738 159 52 saufe,
1584 739 179 53 stehle,
1783 740 299 45 übernimm
2103 743 260 45 Dich==
2373 764 52 20 =

728 792 86 43 Du
838 793 117 45 hast
979 793 258 56 „August”
1263 796 190 54 gemalt
1477 800 107 43 und
1608 800 224 52 „Weiße
1855 800 221 45 Nacht”!
2274 813 149 42 ©o©

728 883 283 54 KROGH
1051 884 449 58 CHRISTIAN.
1539 890 99 54 Nr.
1664 903 92 55 70:
1795 892 282 53 Krankes
2114 893 171 55 Kind.
2381 908 42 41 ©

727 964 42 41 ©
832 955 187 44 Warst
1038 955 87 44 Du
1144 955 164 44 schon
1328 958 195 46 einmal
1541 961 186 54 krank,
1748 964 143 43 mein
1911 963 282 47 Lieber?!?
2214 965 68 44 So
2304 966 119 44 hilf=

726 1014 77 44 los
821 1016 108 43 und
948 1015 238 57 zugleich
1200 1016 229 47 verklärt
1441 1020 83 45 ?!?
1536 1021 142 58 Weg
1698 1036 94 31 aus
1812 1024 121 44 dem
1948 1024 196 52 Leben,
2161 1037 140 44 weg,
2316 1026 107 44 und

727 1076 239 44 dennoch
999 1076 97 44 mit
1129 1076 289 59 Spannung
1444 1084 261 52 wartend,
1737 1083 98 44 daß
1869 1097 54 31 es
1956 1083 466 48 wiederkehre?!?

725 1144 43 43 ©
831 1135 68 45 So
921 1136 64 45 ist
1004 1137 93 44 das
1116 1136 200 45 Bildnis
1335 1138 228 59 Kroghs:
1584 1142 110 46 Das
1712 1143 204 44 kranke
1937 1143 161 44 Kind!
2273 1154 95 42 ©©
2379 1155 43 42 ©

728 1225 323 54 GALLEN
1096 1226 67 54 A.
1211 1227 100 53 Nr.
1346 1232 90 63 76:
1484 1232 408 65 Joukahainen
1944 1234 76 52 im
2073 1234 347 55 Hinterhalt.

725 1306 42 41 ©
819 1297 196 53 Gallen,
1027 1311 93 31 aus
1134 1297 360 61 fremdartigen
1505 1305 181 46 harten
1698 1306 310 57 grandiosen
2014 1305 409 46 Nadelwaldun=

725 1369 100 43 gen
836 1357 228 44 kommst
1075 1358 100 52 Du,
1186 1358 281 56 schreitest,
1480 1364 54 43 in
1545 1366 273 45 schwarze
1830 1366 107 44 und
1948 1365 224 44 blutrote
2185 1366 134 56 Sage
2331 1380 90 43 ge=

724 1415 132 44 hüllt
869 1417 105 43 und
990 1418 827 60 dumpfeVolkes=Träumereien,
1830 1425 132 44 rauh
1976 1425 220 55 singend
2210 1426 211 53 Natur,

723 1475 76 43 im
827 1476 486 47 Menschenherzen
1335 1481 190 57 jedoch
1553 1486 396 55 umgewandelt
1977 1486 54 43 in
2061 1485 361 58 Stimmung

723 1537 109 43 und
860 1538 461 54 Begebenheit!
1351 1540 168 55 Siehe,
1544 1545 53 42 in
1627 1546 183 56 eisiger
1836 1545 238 45 tötlicher
2101 1545 321 46 Landschaft

722 1595 163 46 lauert
899 1597 386 54 Joukahainen,
1302 1601 99 44 den
1418 1602 214 47 Dichter
1646 1620 67 30 zu
1729 1606 275 44 ermorden
2020 1606 97 43 mit
2132 1606 120 44 dem
2268 1606 151 45 Pfeil!

722 1656 141 45 Alles
883 1661 164 41 atmet
1062 1659 175 52 Böses,
1252 1660 169 46 Natur
1440 1665 107 42 und
1563 1665 241 46 Mensch!
1828 1666 137 44 Dein
1985 1666 238 54 brauner,
2239 1668 180 45 wind=

723 1717 292 55 gefolterter
1039 1718 174 44 Busch
1237 1732 166 44 sogar,
1425 1722 198 55 Gallen,
1644 1728 192 54 spricht
1860 1726 167 51 Mord,
2047 1725 148 56 Neid,
2215 1729 202 45 Rache!

722 1786 42 41 ©
827 1776 210 45 Überall
1058 1782 195 40 wartet
1273 1781 124 44 alles
1412 1782 166 54 Kalte,
1595 1785 292 53 Trockene,
1901 1785 212 45 tötliche
2132 1788 286 45 Geschosse

722 1850 94 31 aus
832 1837 120 44 dem
969 1838 297 45 Hinterhalt
1280 1854 67 30 zu
1361 1844 197 43 senden
1573 1844 95 44 auf
1675 1846 251 43 Warmes
1946 1846 107 43 und
2069 1847 348 59 Lebendiges!

722 1927 230 54 BIESE
990 1928 267 55 HELMI.
1296 1931 99 55 Nr.
1421 1949 91 50 92:
1551 1934 590 57 Winterlandschaft.
2268 1954 149 42 ©o©

720 2008 42 42 ©
825 1999 151 44 Biese
993 2000 187 53 Helmi,
1197 2001 83 44 ich
1300 2003 123 57 ging
1442 2004 188 46 hinaus
1649 2007 74 42 im
1739 2008 295 45 Dezember
2052 2011 106 42 und
2174 2012 243 56 jauchzte

719 2059 108 44 und
843 2059 215 53 weinte,
1075 2059 75 45 als
1171 2061 65 44 ob
1258 2076 54 30 es
1327 2064 111 44 Mai
1457 2067 173 45 wäre!
1651 2068 90 45 Ich
1760 2068 95 44 sah
1876 2068 98 45 alle
1991 2070 425 47 Fröhlichkeiten

719 2120 108 43 und
856 2119 100 44 alle
980 2120 397 57 Traurigkeiten
1406 2127 107 43 und
1538 2127 233 45 bedurfte
1799 2127 154 46 hiezu
1981 2130 181 45 keiner
2185 2131 230 45 Primeln

718 2180 109 43 und
858 2179 180 44 keiner
1063 2180 291 46 Veilchen!!
1385 2184 77 45 Im
1490 2186 296 46 Dezember
1814 2188 197 46 konnte
2044 2191 84 45 ich
2156 2192 258 56 jauchzen

717 2240 109 43 und
845 2241 238 44 weinen!
2266 2262 41 41 ©
2318 2262 43 41 ©
2372 2263 41 40 ©
