3568 4475
1722 194 102 50 178

153 335 83 51 der
287 336 344 52 dramatischen
672 337 153 50 Musik
871 337 288 69 Vertretung
1209 340 81 48 mit
1333 339 83 49 der
1459 339 229 49 Beschrän-

152 416 147 67 kung,
344 416 103 51 dass
489 434 89 32 nur
620 434 82 32 aus
736 417 212 51 Werken
994 428 181 40 ernster
1205 420 207 63 Gattung
1456 419 262 49 anerkannt

153 497 268 50 classischer
466 497 204 59 Meister,
724 496 161 52 deren.
913 499 307 66 Aufführung
1265 499 82 49 auf
1385 497 89 50 den
1519 499 197 49 Bühnen

153 575 365 52 verschwunden
543 576 113 50 oder
679 577 144 50 selten
848 579 271 66 geworden,
1149 579 90 49 und
1266 579 44 48 in
1335 577 149 50 denen
1507 579 209 66 zugleich

152 656 81 50 der
266 656 126 50 Chor
421 656 279 66 beschäftigt
729 661 145 55 wäre,
903 659 101 49 eine
1028 659 224 49 Auswahl
1284 657 228 65 getroffen
1545 659 171 49 werde.

155 737 95 49 Das
282 744 119 42 erste
432 736 196 68 Beispiel
661 736 83 51 der
774 740 88 47 Art
893 739 91 65 gab
1017 740 121 48 Köln
1167 739 62 48 im
1260 739 144 48 Jahre
1440 736 166 62 1847,
1643 755 73 32 wo

153 816 72 51 die
269 817 269 50 Ouvertüre
581 816 96 51 und
721 817 81 51 der
846 820 158 48 zweite
1050 821 86 47 Act
1180 819 82 49 der
1629 835 85 33 von

151 896 270 68 Spontini
472 896 216 68 gegeben
743 898 176 50 wurde.
989 898 187 50 Darauf
1229 898 172 66 folgten
1464 898 142 49 1851
1670 898 44 50 in

152 979 193 48 Aachen
377 978 270 49 Ouvertüre
679 978 94 49 und
804 979 176 49 Scenen
1011 995 82 33 aus
1481 995 83 32 von
1599 979 77 48 Mo-

152 1064 149 52 zart,
359 1055 146 52 1853
556 1058 46 48 in
651 1058 122 49 Köln
825 1059 178 48 Scenen
1055 1074 81 33 aus
1187 1058 83 49 der
1628 1074 85 33 von

153 1136 209 60 Gluck,
399 1135 148 52 1858
580 1135 117 51 eben
730 1136 58 50 da
811 1153 82 33 aus
917 1136 82 50 der
1351 1136 147 51 1860
1524 1136 43 50 in
1591 1138 92 48 Düs-

153 1215 177 51 seldorf
369 1233 84 34 aus
498 1216 82 50 der
621 1216 265 68 „Iphigenie
929 1218 83 49 auf
1326 1216 146 51 1862
1517 1219 42 48 in
1594 1218 120 49 Köln

153 1313 83 33 aus
280 1296 84 50 der
405 1296 268 68 „Iphigenie
701 1296 44 49 in
1013 1296 149 51 1864
1194 1298 44 49 in
1270 1298 190 49 Aachen
1505 1314 84 33 aus
1634 1296 82 50 der

165 1376 270 68 „Iphigenie
466 1376 82 50 auf
809 1376 95 51 und
948 1376 124 51 dann
1112 1378 148 49 dieses
1288 1378 116 49 Jahr
1442 1378 45 49 in
1529 1378 161 49 Düssel-

157 1454 109 52 dorf
289 1473 83 34 aus
402 1455 83 50 der

273 1614 218 51 Ueberall
543 1632 160 34 waren
735 1614 74 51 die
838 1616 179 50 Scenen
1060 1632 51 34 so
1155 1615 204 67 gewählt
1395 1614 94 51 und
1531 1630 150 35 zusam-

156 1695 306 66 mengestellt,
505 1694 106 52 dass
651 1712 107 33 man
797 1695 89 50 den
914 1695 155 51 Inhalt
1105 1695 80 50 des
1216 1695 218 50 Drama's
1472 1694 44 49 in
1557 1695 157 50 seinen

155 1774 429 67 Haupt-Umrissen
616 1775 171 51 daraus
818 1775 235 50 erkennen
1084 1775 188 50 konnte.
1304 1775 163 50 Dieses
1491 1774 94 51 Mal
1616 1792 100 31 war

155 1854 202 51 dieselbe
387 1854 109 51 Idee
526 1855 118 50 auch
677 1855 124 51 wohl
832 1855 170 51 leitend
1041 1872 233 49 gewesen,
1312 1854 115 51 aber
1455 1854 148 51 durch
1634 1854 82 49 das

153 1934 122 51 oben
331 1934 306 67 angegebene
693 1934 290 51 Ausbleiben
1050 1935 83 50 der
1195 1934 212 51 fremden
1463 1933 255 52 Celebrität

155 2023 172 43 musste
355 2015 126 50 Alles
509 2032 51 33 so
590 2015 214 50 verkürzt
843 2015 91 51 und
966 2015 262 67 gestrichen
1260 2014 207 58 werden,
1496 2014 103 51 dass
1629 2030 87 33 von

155 2095 151 50 einem
345 2095 257 66 irgendwie
650 2095 239 50 fassbaren
921 2096 186 50 Ganzen
1152 2095 125 50 nicht
1322 2095 132 48 mehr
1486 2094 72 49 die
1587 2093 130 52 Rede

153 2175 97 50 sein
282 2175 190 59 konnte,
512 2175 94 50 und
646 2175 120 50 nach
797 2174 83 51 der
908 2175 269 66 Erklärung
1208 2175 78 50 des
1318 2174 220 51 Comite's
1577 2174 141 51 selbst

166 2272 118 42 „nur
313 2253 149 50 durch
493 2254 82 49 das
607 2254 287 51 freundliche
917 2254 471 67 Entgegenkommen
1421 2254 81 49 der
1531 2254 183 49 Damen

157 2334 338 57 Goldschmidt,
526 2352 85 33 von
633 2334 263 68 Edelsberg
928 2335 93 50 und
1045 2334 363 67 Rothenberger
1436 2352 48 31 es
1515 2334 199 66 möglich

155 2414 273 67 geworden,
472 2415 80 50 das
583 2415 277 66 Programm
901 2415 83 50 mit
1012 2415 352 66 Abkürzungen
1408 2414 211 49 aufrecht
1661 2432 53 30 zu

426 2495 126 48 Frau
585 2494 322 49 Goldschmidt
948 2494 171 49 wählte
1157 2494 94 49 sich
1282 2512 89 31 nur
1401 2493 73 50 die
1505 2493 211 50 reizende

156 2575 156 50 Partie
341 2573 82 50 der
773 2575 79 48 für
891 2574 176 49 welche
1097 2574 218 49 Fräulein
1354 2573 363 66 Rothenberger

156 2654 216 66 engagirt
401 2670 116 42 war,
556 2653 94 50 und
679 2653 125 50 diese
834 2654 264 49 übernahm
1133 2654 72 49 die
1568 2654 117 48 Fräu-

157 2734 89 51 lein
277 2750 86 33 von
393 2733 263 67 Edelsberg
687 2734 72 49 die
800 2734 170 58 „Furie
994 2734 79 49 des
1354 2734 161 48 Dieses
1539 2734 148 48 Arran-

157 2820 189 60 gement
388 2813 108 50 kam
541 2813 202 50 definitiv
787 2820 94 43 erst
922 2830 75 35 am
1039 2814 213 66 Sonntag
1296 2813 105 49 früh
1444 2830 53 31 zu
1529 2811 188 51 Stande.

157 2894 106 49 Von
294 2893 82 50 der
404 2895 157 48 Partie
590 2894 83 49 der
703 2893 196 50 Armida
936 2894 172 49 konnte
1148 2894 95 49 also
1281 2893 126 49 nicht
1445 2893 83 49 viel
1559 2891 131 52 beibe-

160 2974 157 51 halten
363 2973 207 59 werden,
613 2973 57 50 da
714 2990 107 33 man
866 2990 85 33 von
997 2974 160 49 keiner
1195 2973 228 67 Sängerin
1467 2974 249 65 verlangen

160 3054 142 58 kann,
346 3053 83 49 mit
471 3053 127 49 einer
639 3053 188 49 solchen
862 3053 156 50 Partie
1060 3053 347 49 unvorbereitet
1450 3050 72 51 bei
1567 3053 150 48 einem

159 3133 271 51 Musikfeste
460 3133 307 59 aufzutreten,
797 3131 94 51 und
921 3149 47 33 es
998 3133 208 49 verdient
1235 3133 88 49 alle
1347 3131 371 66 Anerkennung,

160 3214 104 50 dass
282 3213 216 51 Fräulein
519 3211 455 68 Rothenberger
1003 3211 98 59 das,
1125 3229 94 33 was
1243 3213 117 49 noch
1384 3211 149 51 davon
1556 3213 161 48 stehen

160 3293 124 51 blieb
315 3291 100 68 (das
438 3294 147 48 Duett
607 3293 82 49 mit
711 3293 215 67 Hydraot
955 3291 94 50 und
1081 3291 72 51 die
1182 3294 147 48 Scene
1360 3293 84 48 mit
1472 3291 82 50 der
1577 3291 140 50 Furie

161 3373 80 51 des
259 3373 206 66 Hasses),
487 3389 50 33 so
556 3373 260 66 vorzüglich
835 3389 130 50 sang.
998 3373 133 49 Auch
1153 3373 216 49 Fräulein
1390 3389 63 33 vo
1464 3389 29 32 n
1516 3371 118 50 Ede
1649 3373 11 48 1
1674 3388 21 33 s-

161 3454 145 65 berg
344 3460 108 59 trug
481 3453 100 49 ihre
612 3453 155 49 Partie
797 3454 82 48 mit
909 3454 155 48 Feuer
1095 3451 92 51 und
1219 3453 132 49 mehr
1382 3451 337 50 dramatischer

160 3531 329 51 Leidenschaft
518 3549 95 42 vor,
651 3533 65 48 als
748 3533 85 48 wir
871 3531 157 50 bisher
1072 3531 71 50 bei
1186 3531 72 49 ihr
1300 3531 418 67 wahrgenommen

161 3613 175 51 hatten.
368 3611 135 50 Auch
534 3611 73 50 die
636 3611 111 50 Arie
776 3611 80 50 des
886 3610 215 69 Hydraot
1131 3610 358 68 (Stockhausen)
1521 3610 94 50 und
1646 3610 73 50 die

162 3700 120 44 erste
306 3692 79 50 des
406 3692 200 50 Rinaldo
631 3692 169 67 (Gunz)
825 3693 183 49 blieben
1041 3709 121 49 weg,
1192 3690 102 51 weil
1326 3692 81 49 das
1437 3693 279 65 Programm

162 3773 80 51 des
284 3773 192 49 zweiten
520 3773 154 66 Tages
716 3772 269 67 überhaupt
1026 3789 52 32 zu
1122 3772 110 66 lang
1276 3788 122 41 war;
1445 3770 72 50 die
1558 3770 161 51 zweite

162 3853 172 49 schöne
357 3852 111 50 Arie
491 3850 266 52 Rinaldo's:
797 3852 212 57 „Hehres
1455 3867 114 49 sang
1595 3852 124 48 Herr

165 3933 156 51 Gunz
350 3934 82 48 mit
461 3932 307 50 besonderem
800 3932 211 49 Schmelz
1041 3932 94 49 und
1164 3932 223 49 schönem
1420 3932 185 64 Tragen
1638 3930 81 50 der

164 4014 210 48 Stimme.
430 4013 117 48 Eine
576 4013 135 48 Perle
741 4028 101 34 war
880 4010 227 51 natürlich
1140 4010 83 51 der
1263 4010 205 51 überaus
1509 4010 210 50 liebliche

166 4093 188 66 Gesang
383 4090 84 51 der
783 4090 146 51 durch
962 4090 87 50 den
1079 4089 206 66 Vortrag
1314 4107 87 34 von
1427 4090 123 50 Frau
1577 4089 112 51 Gold-

166 4170 215 60 schmidt,
413 4170 81 49 der
526 4170 247 66 allerdings
804 4188 56 32 an
893 4172 86 48 den
1011 4169 188 51 Zauber
1237 4170 44 49 in
1313 4170 88 49 den
1434 4170 172 50 Gärten
1638 4169 81 50 der

166 4250 196 51 Armida
390 4250 204 66 glauben
623 4252 117 49 liess.

1940 342 88 49 Die
2051 342 162 50 zweite
2239 343 289 67 Abtheilung
2552 344 79 49 des
2657 344 249 51 Concertes
2931 346 133 50 füllte
3090 346 250 51 Mendels-

1817 421 192 50 sohn's
2041 424 184 48 Musik
2257 442 100 31 zur
2737 443 86 33 von
2856 426 189 50 Racine.
3077 426 178 51 Unsere
3281 433 63 45 An-

1817 501 117 50 sicht
1975 503 118 48 über
2132 503 125 50 diese
2298 505 336 67 Composition,
2677 505 141 51 deren
2862 506 292 51 relativen
3203 509 171 49 Werth

1818 581 85 49 wir
1933 580 222 67 übrigens
2194 584 318 57 anerkennen,
2556 585 153 48 haben
2740 586 86 49 wir
2861 602 80 33 vor
2972 586 201 50 Kurzem
3207 586 43 50 in
3281 586 71 51 die-

1816 677 80 33 sen
1928 661 205 50 Blättern
2165 664 447 66 ausgesprochen*).
2658 666 86 49 Die
2773 666 314 68 Ausführung
3119 684 99 33 war
3247 669 131 48 recht

1817 748 99 56 gut,
1947 740 59 50 im
2041 743 188 49 Ganzen
2271 743 262 50 betrachtet
2577 745 224 48 vielleicht
2832 745 72 50 die
2935 745 128 50 beste
3095 763 73 32 am
3200 764 177 47 ganzen

1817 820 150 51 Feste.
2027 823 86 48 Die
2156 823 98 49 drei
2293 824 329 49 Solostimmen
2669 825 195 50 wurden
2906 843 83 32 von
3036 828 125 47 Frau
3194 828 147 48 Gold-

1816 900 275 60 schmidt,
2117 903 216 49 Fräulein
2357 903 329 50 Daberkow
2712 922 82 31 aus
2817 905 279 50 Düsseldorf
3115 905 97 52 und
3212 905 123 52 Frä-

1821 979 88 49 ulein
1940 995 102 35 von
2075 980 324 69 Edelsberg
2429 999 264 50 gesungen;
2724 984 81 49 das
2834 984 314 51 verbindende
3181 985 197 51 Gedicht

1816 1075 87 33 von
1937 1059 85 51 Ed.
2055 1061 222 50 Devrient
2314 1063 64 48 las
2410 1064 125 47 Herr
2575 1063 243 49 Professor
2847 1064 189 58 Nielo,
3076 1065 144 50 durch
3254 1065 124 50 seine

1817 1139 340 51 dramatischen
2185 1141 322 66 Vorlesungen
2538 1159 73 33 am
2639 1143 180 50 Rheine
2848 1144 277 51 rühmlichst
3156 1145 222 60 bekannt,

1816 1219 131 49 recht
1970 1220 361 52 ausdrucksvoll.
2366 1223 84 48 Die
2475 1223 163 66 Tempi
2664 1223 196 49 wurden
2885 1224 118 48 auch
3030 1224 99 49 hier
3161 1225 71 48 bei
3266 1226 88 49 eini-

1816 1315 90 50 gen
1930 1301 262 49 Nummern
2221 1319 53 31 zu
2305 1303 171 48 schnell
2508 1320 300 47 genommen,
2837 1322 36 30 z.
2898 1305 49 48 B.
2979 1304 43 49 in
3048 1304 104 49 dem
3180 1305 198 51 Choral:

1827 1379 132 58 „Nur
1982 1380 151 65 Angst
2157 1380 94 50 und
2277 1381 222 58 Weinen,
2735 1383 104 48 dem
2874 1383 127 49 Chor
3031 1384 83 48 mit
3137 1385 240 48 Alt-Solo:

1827 1459 108 57 „Du
1964 1459 262 66 schweigst,
2457 1460 95 50 und
2584 1461 118 50 auch
2737 1460 72 51 bei
2839 1461 182 68 einigen
3053 1464 325 66 Sopran-Soli,

1818 1538 74 50 bei
1917 1539 207 51 welchen
2149 1540 72 50 die
2245 1540 332 67 Schnelligkeit
2598 1540 106 51 dem
2729 1543 83 48 Stil
2843 1559 85 32 von
2960 1543 419 66 eigentümlicher

1817 1618 175 58 Farbe,
2023 1619 88 49 den
2142 1620 328 51 Mendelssohn
2502 1621 99 49 hier
2632 1621 83 50 mit
2743 1621 166 59 Recht,
2940 1623 277 67 Meyerbeer
3247 1623 131 58 aber,

1818 1715 135 33 wenn
1977 1715 51 33 er
2051 1699 44 49 in
2126 1700 346 51 christliche
2507 1701 311 68 Hymnologie
2843 1703 197 58 kommt,
3066 1704 80 48 mit
3172 1704 206 49 Unrecht

1820 1779 261 60 anwendet,
2112 1780 197 67 Eintrag
2351 1781 118 50 thut.
2525 1781 97 50 Das
2664 1780 506 52 hebräisch-nationale
3203 1783 176 50 Colorit

1816 1858 57 49 ist
1902 1859 102 48 hier
2034 1875 56 33 an
2119 1860 153 50 seiner
2301 1861 159 59 Stelle,
2502 1878 226 49 wogegen
2771 1878 47 33 es
2848 1861 73 50 bei
2951 1863 277 67 Meyerbeer
3259 1882 36 30 z.
3323 1864 52 48 B.

1817 1938 46 49 in
1905 1939 225 49 Johann's
2178 1940 212 67 Hymnus
2433 1958 80 32 vor
2556 1940 104 50 dem
2705 1941 190 50 Sturme
2940 1943 84 48 auf
3063 1943 211 48 Münster
3316 1944 61 48 im

2188 2020 93 50 und
2310 2020 46 50 in
2387 2020 105 50 dem
2525 2020 127 51 Chor
2682 2020 83 51 der
2787 2021 216 51 Bischöfe
3031 2021 45 50 in
3107 2021 83 50 der
3224 2021 126 60 „Afri-

2077 2099 235 49 widerlich
2344 2100 70 51 ist.

1938 2178 96 49 Das
2061 2178 201 50 Concert
2290 2179 80 49 des
2400 2179 224 49 dritten
2655 2180 261 65 Festtages,
2945 2179 164 51 dessen
3137 2181 132 49 Feier
3299 2198 80 32 vor

1818 2255 73 52 33
1916 2258 177 49 Jahren
2124 2259 83 49 mit
2236 2260 129 48 einer
2395 2258 338 50 bescheidenen
2758 2259 203 51 Matinee
2987 2267 136 43 unter
3147 2260 203 50 Mendels-

1816 2336 155 50 sohn's
1996 2338 236 50 Direction
2263 2341 44 49 in
2340 2339 279 49 Düsseldorf
2643 2338 193 68 (1833)
2869 2339 203 67 begann,
3105 2358 98 33 war
3232 2341 147 50 dieses

1817 2416 94 51 Mal
1940 2434 55 33 zu
2025 2418 150 50 einem
2201 2419 418 67 Haupt-Concerte
2649 2419 81 49 mit
2759 2419 152 51 einem
2942 2419 309 51 überreichen
3281 2420 97 50 und

1817 2496 88 50 fast
1947 2496 296 66 engländisch
2287 2498 288 51 überfüllten
2605 2499 311 66 Programme
2945 2499 273 67 geworden,
3259 2499 120 51 denn

1818 2593 46 33 es
1909 2576 191 50 enthielt
2142 2578 82 49 eilf
2260 2579 262 50 Nummern
2579 2579 95 50 und
2724 2579 226 50 darunter
2992 2580 131 49 sechs
3166 2583 213 62 grössere

1821 2656 207 51 Werke:
2066 2656 74 51 die
2168 2655 40 54 s
2208 2655 187 69 infonia
2422 2656 155 54 eroica
2615 2676 86 33 von
2743 2659 363 60 Beethoven,
3151 2662 72 48 ein
3256 2660 92 50 Con-

1818 2744 98 42 cert
1948 2736 77 50 für
2056 2738 182 51 Violine
2258 2756 87 33 von
2376 2740 213 66 Spohr,
2626 2738 89 49 den
2746 2739 191 50 zweiten
2969 2739 132 50 Theil
3133 2756 84 33 von
3259 2740 89 57 „Pa-

1818 2815 153 51 radies
2001 2815 94 51 und
2312 2836 88 31 von
2445 2819 355 56 Schumann,
2846 2818 402 51 Fest-Ouverture
3293 2836 85 33 von

1817 2896 42 50 J.
1893 2896 192 59 Rietz,
2117 2898 201 49 Concert
2347 2899 77 48 für
2448 2898 256 49 Violoncell
2733 2914 87 33 von
2851 2899 288 67 Molique,
3170 2899 178 67 Doppel-

1818 2975 115 50 chor
1962 2993 86 33 von
2076 2978 42 49 J.
2150 2978 46 49 S.
2227 2978 167 49 Bach.
2438 2979 305 48 Dazwischen
2773 2978 119 49 noch
2925 2979 109 48 fünf
3058 2979 315 66 Sologesang-

1818 3055 329 68 Vorträge!—
2156 3058 120 49 Dass
2300 3058 84 48 wir
2408 3074 81 33 aus
2511 3058 190 49 inneren
2726 3058 225 51 Gründen
2975 3059 127 48 nicht
3125 3059 253 50 wünschen

1818 3134 204 61 können,
2067 3135 104 51 dass
2215 3135 104 51 dem
2366 3135 167 52 dritten
2566 3137 229 50 Concerte
2837 3137 104 49 eine
2977 3138 156 49 solche
3163 3137 184 50 Ausdeh-

1817 3232 130 48 nung
1976 3215 213 68 gegeben
2221 3217 173 59 werde,
2438 3217 153 50 haben
2622 3217 84 49 wir
2734 3218 62 48 im
2828 3224 152 42 ersten
3012 3218 178 48 Artikel
3234 3217 144 50 schon

1817 3303 179 58 gesagt.
2053 3295 131 50 Aber
2213 3297 117 49 auch
2371 3299 71 48 ein
2485 3303 212 44 äusserer
2726 3298 164 49 Grund
2933 3298 174 66 spricht
3149 3298 226 65 dagegen.

1821 3374 140 51 Wird
1991 3375 198 50 nämlich
2217 3375 81 51 das
2328 3377 137 50 dritte
2497 3378 215 57 Concert,
2754 3377 201 49 welches
2993 3377 145 48 durch
3170 3377 73 49 die
3273 3377 79 49 Vir-

1818 3455 426 68 tuosen-Vorträge
2281 3458 141 49 schon
2453 3458 168 49 immer
2652 3457 132 49 einen
2815 3472 192 49 grossen
3038 3457 109 49 Reiz
3180 3458 79 47 für
3288 3455 90 52 den

1821 3534 179 50 Besuch
2032 3535 81 50 der
2144 3537 168 66 Menge
2343 3537 143 58 hatte,
2526 3537 118 50 auch
2677 3537 81 49 mit
2787 3537 373 66 Aufführungen
3191 3552 187 51 grosser

1822 3614 200 60 Werke,
2064 3615 74 50 die
2175 3617 46 48 in
2251 3618 73 48 die
2356 3617 166 49 beiden
2555 3618 274 66 Haupttage
2859 3615 227 68 gehören,
3118 3623 234 58 ausgestat-

1818 3699 80 53 tet,
1940 3711 50 33 so
2023 3694 114 50 wird
2168 3694 73 51 die
2271 3697 308 49 Theilnahme
2624 3713 58 32 an
2712 3694 89 51 den
2834 3694 164 50 beiden
3029 3702 153 43 ersten
3213 3695 162 66 Tagen

1820 3773 224 51 darunter
2075 3774 165 60 leiden,
2271 3775 101 51 weil
2403 3777 73 49 die
2502 3777 237 49 Besucher
2768 3774 122 51 dann
2922 3792 75 33 am
3029 3775 169 50 dritten
3229 3777 149 66 Tage,

1820 3853 82 49 der
1933 3853 155 51 bisher
2117 3855 66 50 als
2212 3857 102 49 eine
2342 3855 195 68 Zugabe
2579 3857 112 64 galt,
2735 3855 126 57 alles,
2906 3854 229 51 wesshalb
3176 3872 107 33 man
3320 3872 57 32 zu

1820 3933 148 49 einem
2015 3934 268 51 Musikfeste
2328 3935 195 59 kommt,
2573 3935 147 49 hören
2770 3934 203 58 können,
3017 3951 160 49 grosse
3223 3933 155 51 Chöre

1821 4013 91 49 und
1958 4031 160 47 grosse
2161 4015 446 60 Orchestersachen,
2650 4013 96 51 und
2787 4013 138 51 dabei
2970 4013 74 51 die
3077 4014 179 51 Würze
3295 4012 83 50 der

1818 4092 373 68 Solo-Vorträge
2220 4095 118 50 noch
2368 4095 66 51 als
2465 4093 223 52 lockende
2716 4094 178 50 Zukost
2925 4093 295 51 bekommen.
3265 4093 112 51 Man

1928 4269 38 47 *)
1996 4271 37 37 S.
2064 4272 73 36 Nr.
2170 4270 47 40 21
2251 4285 86 23 vom
2369 4271 61 40 26.
2460 4275 80 35 Mai
2570 4273 35 37 d.
2636 4275 35 35 J.
