3568 4475
1696 202 102 54 181

136 362 84 50 der
263 364 243 49 Mittelsatz
993 362 232 52 Andante
1534 358 172 54 modera
1133 356 20 29 3
1160 352 207 75 /4-Tact,
1424 372 154 51 gegen
1622 352 83 51 das

144 440 189 71 Adagio
576 442 135 52 molto
901 460 24 34 e
1002 440 244 63 cantabile,
859 435 23 33 4
887 435 209 75 /4-Tact,
1139 436 125 49 nicht
1310 436 195 51 markirt
1546 450 160 52 genug

136 524 183 48 hervor.
377 526 91 48 Am
499 524 356 50 auffallendsten
905 536 100 33 war
1047 519 117 49 aber
1203 517 119 51 allen
1352 516 240 52 Musikern
1623 513 82 50 das

136 604 179 67 Tempo
361 604 83 50 der
474 605 255 51 Becitative
772 602 83 49 der
902 601 137 48 Bässe
1081 599 44 49 in
1170 597 82 50 der
1283 597 270 65 Einleitung
1598 611 105 33 zum

137 684 177 50 Finale.
369 686 327 50 Stockhausen
734 684 103 48 liess
878 681 63 48 sie
978 680 45 49 in
1054 679 106 49 dem
1402 676 103 67 (der
1550 682 153 44 ersten

139 764 105 49 acht
273 764 162 67 Tacte)
478 765 174 66 spielen
696 761 97 51 und
833 759 320 66 rechtfertigte
1184 759 42 48 in
1259 757 81 50 der
1371 756 155 51 Probe
1556 755 149 49 dieses

137 860 150 51 gegen
329 845 89 49 alle
456 844 243 49 Tradition
742 839 331 53 anstürmende
1104 840 180 65 Tempo
1327 836 230 61 dadurch,
1600 835 103 49 dass

141 941 54 33 er
234 925 83 49 als
346 925 225 66 Sänger
606 924 125 49 diese
760 922 254 50 Becitative
1042 938 50 31 so
1124 917 94 51 und
1247 917 129 50 nicht
1404 917 167 50 anders
1602 915 75 51 auf-

137 1005 149 49 fassen
319 1007 152 46 müsse
503 1023 43 31 u.
576 1021 34 33 s.
643 1021 57 32 w.
757 1004 69 48 Im
871 1000 256 52 Orchester
1171 999 202 49 meinten
1419 1015 96 32 nun
1559 996 144 57 Viele,

136 1084 175 67 gerade
343 1084 84 50 der
456 1086 182 65 Sänger
668 1087 153 46 müsse
850 1100 75 32 am
967 1081 161 50 besten
1161 1079 182 58 wissen,
1387 1095 97 33 was
1510 1072 165 55 Recita-

145 1162 93 55 tivo
271 1183 54 31 zu
371 1165 235 51 bedeuten
649 1165 140 57 habe,
833 1162 200 51 nämlich
1077 1161 135 50 einen
1255 1156 446 52 declamatorischen

141 1245 221 66 Vortrag,
394 1245 83 49 der
507 1246 118 50 eben
656 1244 179 50 sowohl
866 1244 162 49 mitten
1054 1242 45 49 in
1131 1241 72 48 ein
1231 1239 188 62 Presto,
1460 1239 64 49 als
1553 1237 45 49 in
1630 1237 71 49 ein

148 1321 188 73 Adagio
380 1325 136 51 fallen
558 1326 155 48 könne
755 1322 95 51 und
888 1321 213 51 dennoch
1139 1321 158 48 seinen
1338 1320 195 65 eigenen
1566 1317 136 65 Gang

139 1405 237 58 festhalte;
408 1406 135 50 allein
568 1405 60 51 da
651 1405 72 49 die
738 1402 321 52 Redefreiheit
1081 1400 286 67 glücklicher
1395 1397 162 52 Weise
1581 1396 119 51 noch

140 1486 127 50 nicht
310 1488 45 47 in
395 1486 89 50 den
529 1486 287 50 Orchestern
860 1482 273 68 eingeführt
1180 1482 74 56 ist,
1299 1480 92 48 und
1435 1479 85 49 wir
1565 1477 138 58 auch,

141 1565 224 50 ebenfalls
389 1565 283 67 glücklicher
701 1565 181 60 Weise,
907 1562 117 50 noch
1049 1561 126 50 nicht
1206 1578 46 31 so
1286 1560 106 48 weit
1421 1559 284 66 gekommen

139 1646 119 57 sind,
296 1645 104 50 dass
423 1645 136 67 jeder
588 1644 391 51 Instrumentalist
1007 1642 63 49 im
1101 1641 257 50 Orchester
1400 1639 150 49 seiner
1580 1637 99 65 eige-

140 1744 90 32 nen
256 1726 285 66 Auffassung
572 1726 61 50 im
657 1726 237 65 Vortrage
924 1724 123 49 eines
1071 1722 147 50 Solo's
1251 1721 153 65 folgen
1435 1719 152 57 dürfe,
1618 1717 88 50 wie

140 1806 169 50 einmal
342 1806 71 50 ein
445 1806 251 66 Koryphäe
727 1805 82 50 der
849 1810 221 43 neuesten
1103 1801 170 50 Schule
1313 1800 300 65 behauptete,
1654 1814 49 33 so

144 1885 194 51 wurden
371 1888 74 48 die
471 1888 254 49 Recitative
744 1886 166 69 presto
950 1882 207 69 gespielt.
1221 1881 118 50 Was
1369 1881 55 48 ist
1454 1880 107 48 Ihre
1592 1877 86 50 Mei-

143 1984 129 48 nung
304 1965 294 66 darüber?*)

262 2048 90 48 Am
384 2046 220 50 dritten
637 2048 233 62 Festtage,
906 2043 186 64 Freitag
1124 2040 89 51 den
1250 2041 44 50 1.
1324 2040 129 57 Juni,
1485 2037 110 51 fand
1627 2037 79 50 das

143 2128 134 48 letzte
317 2126 201 50 Concert
559 2125 175 52 wieder
784 2125 61 48 im
897 2123 376 67 Sagebiel'schen
1324 2120 137 50 Saale
1512 2116 193 52 Abends

146 2203 110 73 67a
291 2208 100 49 Uhr
421 2209 136 48 Statt.

266 2289 96 48 Das
403 2289 281 65 Programm
729 2284 195 51 brachte
963 2300 86 33 von
1094 2284 246 63 grösseren
1374 2277 215 53 Werken
1633 2277 73 51 die

145 2366 300 51 Ouvertüren
496 2385 102 31 zum
1026 2379 84 32 von
1174 2359 208 51 Weber
1439 2357 94 50 und
1589 2357 117 58 „Die

144 2446 173 51 schöne
643 2463 85 32 von
760 2441 435 57 Mendelssohn,
1235 2440 87 50 den
1354 2439 192 49 zweiten
1573 2437 130 49 Theil

145 2544 86 33 von
277 2528 376 49 Schumann's
694 2524 250 61 „Paradies
982 2523 95 49 und
1321 2519 385 51 Violin-Concert

145 2625 86 32 von
266 2609 188 49 Viotti
496 2608 92 50 und
619 2604 551 68 Sologesang-Vorträge
1202 2601 80 50 der
1313 2603 182 47 Damen
1531 2597 138 51 Gold-

146 2688 253 49 schmidt
450 2688 94 50 und
595 2685 360 52 Bettelheim
1015 2685 93 47 und
1156 2681 79 49 des
1291 2681 155 49 Herrn
1496 2680 175 65 Stäge-

148 2785 184 33 mann.

264 2849 89 48 Die
384 2849 268 49 Ouvertüre
689 2863 104 33 zum
1204 2840 225 51 bereitete
1471 2839 104 49 dem
1607 2838 66 49 An-

146 2928 183 49 denken
362 2929 50 49 C.
444 2929 63 48 M.
539 2944 85 32 von
654 2926 224 51 Weber's
908 2925 132 48 einen
1075 2923 191 49 wahren
1298 2920 258 65 Triumph:
1587 2918 118 49 nach

145 3008 83 51 der
258 3009 266 50 trefflichen
545 3008 316 64 Ausführung
891 3005 92 67 (bei
1018 3004 200 51 welcher
1249 3020 87 32 nur
1367 3003 62 48 im
1628 3015 78 33 vor

251 3242 39 49 *)
319 3242 70 38 Ich
429 3243 127 36 werde
596 3242 91 37 bald
717 3241 256 49 Gelegenheit
1013 3241 141 45 haben,
1196 3240 95 36 über
1332 3238 73 36 den
1434 3238 168 46 Vortrag
1645 3235 66 36 der

146 3311 222 33 neunten
412 3306 228 36 Sinfonie
685 3305 219 47 überhaupt
945 3304 66 36 das
1055 3302 329 48 auszusprechen,
1426 3312 80 25 was
1543 3300 65 35 ich
1638 3309 70 25 aus

144 3370 196 47 häufigem
369 3368 187 37 Anhören
599 3368 202 37 derselben
841 3371 113 32 unter
994 3366 203 47 tüchtigen
1243 3366 233 46 Dirigenten
1518 3362 80 37 und
1640 3374 68 23 aus

145 3434 165 45 eigenen
340 3431 162 36 Studien
531 3432 207 47 geschöpft
764 3431 110 35 habe.
928 3431 78 34 Für
1028 3431 98 45 jetzt
1154 3431 40 33 in
1225 3429 147 35 Betreff
1398 3428 66 35 der
1493 3427 216 35 Recitative

145 3506 74 24 nur
247 3507 42 23 so
320 3493 89 46 viel,
441 3493 87 37 dass
557 3494 40 34 in
628 3493 65 35 der
721 3492 266 37 Ueberschrift
1015 3489 276 38 Beethoven's:
1339 3517 18 20 „
1365 3488 118 37 Selon
1512 3488 34 36 le
1575 3499 112 25 carac-

147 3562 78 30 tere
267 3556 98 37 d?un
404 3556 212 36 Becitative
655 3555 98 37 mais
790 3554 51 37 in
879 3554 174 47 Tempo
1141 3554 60 35 die
1245 3553 97 36 zwei
1384 3552 144 35 letzten
1574 3552 136 35 Worte

147 3620 109 35 nicht
283 3620 212 36 bedeuten:
526 3618 50 38 in
603 3617 172 38 istesso
804 3624 174 41 tempo,
1008 3617 167 35 sondern
1198 3616 82 35 sich
1302 3627 73 23 nur
1398 3615 71 35 auf
1495 3614 61 36 die
1575 3613 114 47 rhyth-

147 3682 148 36 mische
324 3681 310 48 Beschränkung
664 3681 66 36 des
759 3685 108 32 sonst
895 3681 52 34 im
977 3681 121 33 Tacte
1126 3690 99 36 ganz
1255 3678 125 35 freien
1399 3677 216 34 Recitativs
1645 3676 44 35 be-

148 3745 155 45 ziehen;
347 3745 141 43 ferner,
528 3744 87 36 dass
643 3744 65 36 bei
737 3744 66 35 der
832 3742 257 38 Wiederkehr
1118 3742 66 35 der
1212 3740 218 38 Recitative
1460 3751 103 24 zwar
1592 3739 38 35 S.
1660 3736 50 39 98

148 3808 67 36 der
242 3807 174 36 Partitur
444 3805 139 50 Tempo
605 3806 132 47 primo
768 3806 111 45 steht,
923 3805 116 36 allein
1079 3805 61 34 die
1180 3803 143 36 letzten
1354 3805 119 34 Tacte
1503 3803 67 35 des
1599 3802 90 36 Reci-

148 3872 117 35 tativs
293 3870 70 34 mit
385 3881 98 35 poco
513 3869 154 49 Adagio
697 3869 227 36 bezeichnet
953 3867 98 45 sind,
1090 3865 168 37 welches
1287 3865 58 37 als
1375 3864 238 38 Ritardando
1643 3876 68 24 aus

149 3935 128 35 einem
307 3933 134 35 Presto
472 3932 212 36 auffallend
712 3936 115 40 wäre,
869 3931 80 36 und
991 3930 87 36 dass
1119 3929 96 36 über
1256 3929 60 35 die
1360 3928 97 36 zwei
1500 3926 210 48 folgenden

149 3996 309 36 Wiederkehren
488 3995 37 37 S.
555 3994 49 38 99
633 3996 81 35 und
742 3992 76 40 100
856 3994 141 47 Tempo
1018 3992 131 49 primo
1180 3992 208 48 Allegro
1431 4003 77 24 von
1545 3991 143 36 Beetho-

150 4072 75 23 ven
254 4058 256 49 geschrieben
539 4059 158 34 worden
724 4058 63 43 ist,
830 4057 80 36 und
939 4069 102 24 zwar
1069 4056 37 36 S.
1138 4053 75 39 100
1244 4067 114 37 sogar
1395 4055 102 35 nach
1526 4053 75 37 den
1629 4055 82 34 vier

151 4123 149 34 Tacten
322 4122 67 36 des
416 4119 347 49 vorhergehenden
781 4117 161 50 Allegro
971 4117 137 38 assai
1119 4146 8 17 ,
1159 4117 56 35 als
1236 4117 172 36 sicherer
1428 4116 164 45 Beweis,
1624 4114 87 37 dass

150 4196 42 25 er
220 4185 68 35 das
315 4184 195 37 Recitativ
537 4184 54 35 im
621 4183 243 48 Gegensatze
897 4194 50 23 zu
976 4182 87 35 dem
1100 4179 140 38 assai
1277 4179 107 37 bloss
1423 4178 161 49 allegro,
1629 4176 82 37 also

150 4246 285 49 langsamer
470 4246 127 37 haben
625 4244 143 47 wollte,
811 4245 58 36 als
898 4244 146 49 allegro
1074 4243 106 38 assai
1182 4271 9 19 ,
1231 4242 250 49 geschweige
1523 4239 101 37 denn
1653 4238 58 37 als

147 4314 144 42 presto.
1489 4303 44 36 L»
1561 4302 46 38 B*

1806 348 83 50 der
1917 347 193 51 zweiten
2141 347 221 50 Fermate
2406 343 101 51 eine
2536 345 253 66 Trompete
2832 358 84 35 aus
2947 339 244 53 Versehen
3236 338 135 51 einen

1805 430 116 49 Tact
1948 446 54 32 zu
2032 427 104 50 früh
2167 427 46 50 in
2244 425 89 50 den
2364 423 350 66 aufsteigenden
2742 422 127 51 Lauf
2905 421 80 52 der
3015 419 219 53 Violinen
3276 418 71 50 ein-

1805 507 157 66 setzte)
1995 507 162 50 wurde
2194 506 74 51 die
2303 503 380 68 Wiederholung
2726 502 245 51 stürmisch
3015 502 230 65 verlangt,
3291 498 82 50 mit

1807 587 336 67 Begeisterung
2173 585 285 67 ausgeführt
2489 582 94 51 und
2615 583 81 49 mit
2724 582 139 51 Jubel
2893 582 380 66 aufgenommen.

1806 670 95 49 Das
1933 667 384 51 Violin-Concert
2357 684 85 31 von
2488 663 142 50 Viotti
2676 668 107 60 trug
2825 662 263 50 Joachim
3135 679 50 33 so
3226 658 146 51 schön

1805 766 98 42 vor,
1934 748 86 49 wie
2051 747 70 50 ich
2152 747 78 48 ihn
2262 747 87 50 fast
2378 746 75 49 nie
2491 743 124 51 habe
2656 743 173 66 spielen
2870 742 172 58 hören;
3085 738 285 54 namentlich

1805 828 81 51 das
1917 827 183 67 Adagio
2133 844 97 33 war
2261 827 72 48 ein
2368 823 344 52 wundervoller
2743 823 187 66 Gesang
2972 821 94 51 und
3103 822 74 50 die
3213 821 131 65 einge-

1804 911 153 66 legten
1990 907 245 52 Cadenzen
2268 907 227 67 prächtig.
2556 906 74 49 Da
2661 903 123 51 auch
2812 903 72 50 die
2915 902 278 67 Begleitung
3224 900 144 52 durch

1804 991 81 49 das
1915 990 257 50 Orchester
2200 987 287 50 vortrefflich
2534 1002 115 45 war,
2695 1001 51 33 so
2787 983 92 68 gab
2923 983 81 50 das
3034 983 158 51 Ganze
3235 981 135 51 einen

1802 1071 209 49 seltenen
2041 1070 325 64 Kunstgenuss
2397 1066 198 51 edelster
2627 1065 224 66 Gattung.

1922 1179 51 47 in
2027 1175 309 51 Schumann's
2390 1173 249 59 „Paradies
2684 1171 95 50 und
3019 1185 177 49 sangen
3239 1169 129 48 Frau

1805 1255 340 59 Goldschmidt,
2196 1254 219 49 Fräulein
2458 1253 176 57 Mandl,
2684 1250 219 51 Fräulein
2950 1249 298 57 Bettelheim,
3297 1246 75 50 die

1804 1339 186 48 Herren
2022 1338 83 48 Dr.
2138 1336 148 60 Gunz,
2332 1335 284 65 Stägemann
2661 1331 96 50 und
2801 1330 325 50 Stockhausen
3157 1327 74 50 die
3262 1327 109 50 Soli.

1805 1419 66 48 Im
1904 1416 255 51 Orchester
2190 1415 170 50 kamen
2389 1421 117 42 trotz
2548 1413 84 48 der
2672 1411 143 50 vielen
2854 1410 441 64 Wiederholungen
3324 1408 46 48 in

1804 1496 85 51 der
1921 1495 153 51 Probe
2105 1495 213 50 dennoch
2349 1495 44 48 in
2425 1494 89 48 den
2539 1493 479 48 Blas-Instrumenten
3044 1489 152 65 einige
3216 1486 157 51 starke

1807 1578 239 48 Verseben
2079 1592 93 33 vor.
2206 1573 158 52 Ueber
2392 1573 73 49 die
2491 1574 167 56 Kunst,
2688 1569 327 66 zweckmässig
3044 1587 54 31 zu
3131 1566 242 69 probiren,

1805 1659 123 48 ohne
1974 1655 291 57 Zeitverlust,
2312 1655 81 48 mit
2436 1651 371 68 augenblicklich
2853 1650 153 50 klarer
3050 1646 201 69 Angabe
3293 1646 82 51 des

1807 1738 192 49 Fehlers
2025 1735 94 50 und
2141 1735 83 50 der
2249 1735 88 50 Art
2361 1734 80 49 der
2467 1733 374 62 Verbesserung,
2864 1730 121 50 ohne
3011 1729 80 51 das
3117 1728 256 52 Orchester

1806 1835 55 32 zu
1893 1815 276 69 langweilen
2201 1814 93 51 und
2326 1814 210 49 dadurch
2569 1813 114 49 eher
2713 1810 368 66 Nachlässigkeit
3111 1810 63 48 als
3204 1808 143 67 gestei-

1807 1904 133 60 gerte
1971 1894 430 53 Aufmerksamkeit
2429 1913 53 29 zu
2514 1893 290 49 veranlassen
2837 1910 42 31 u.
2911 1908 33 32 s.
2980 1907 73 40 w.,
3093 1889 119 49 über
3243 1888 125 49 diese

1802 1978 159 67 jedem
2003 1976 277 64 Dirigenten
2329 1974 110 49 sehr
2492 1971 334 65 nothwendige
2874 1971 155 49 Kunst
3079 1973 172 45 müsste
3300 1968 75 49 ein

1810 2056 132 51 Buch
1973 2055 306 68 geschrieben
2403 2054 114 49 aber
2548 2053 118 49 auch
2699 2053 185 63 gelesen
2910 2049 211 51 werden!
3241 2049 99 49 Men-

1813 2136 255 51 delssohn's
2435 2133 164 49 wurde
2639 2133 131 48 recht
2806 2139 82 57 gut
2917 2129 299 67 ausgeführt,
3260 2128 115 49 aber

1811 2218 127 49 nicht
2136 2216 66 51 da
2208 2232 148 53 capo
2357 2215 82 65 verlangt.

1929 2324 105 50 Von
2075 2322 88 51 den
2208 2323 348 65 Sologesängen
2601 2321 103 49 liess
2745 2319 82 50 der
2865 2318 207 66 Vortrag
3123 2333 88 33 von
3250 2316 82 49 Mo-

1807 2406 174 48 zart's
2018 2402 325 67 Sopran-Arie
2389 2402 83 48 mit
2514 2401 231 66 obligater
2774 2398 182 50 Violine
2997 2397 102 66 (aus
3130 2396 82 49 der
3243 2396 132 66 Oper

1805 2483 63 51 II
1988 2483 73 52 R'e
2180 2482 133 70 pastore)
2314 2482 75 48 durch
2394 2483 125 47 Frau
2545 2478 412 52 Goldschmidt
2987 2477 93 48 und
3105 2476 265 49 Joachim

1805 2563 127 51 nicht
1955 2580 89 33 nur
2067 2563 109 48 alles
2201 2562 188 48 Andere
2421 2578 55 32 an
2510 2561 170 48 diesem
2708 2561 151 54 Feste,
2890 2557 199 49 sondern
3121 2557 127 54 alles,
3273 2571 97 33 was

1807 2661 108 34 man
1941 2644 48 67 je
2018 2644 43 49 in
2092 2642 150 49 dieser
2272 2642 211 65 Gattung
2512 2641 171 67 gehört
2712 2639 95 58 hat,
2839 2638 108 50 weit
2977 2637 153 49 hinter
3159 2636 94 49 sich
3284 2653 52 31 zu-

1807 2723 130 51 rück.
1969 2723 161 50 Dieses
2158 2719 663 52 Ineinander-Verschmelzen
2846 2718 83 48 der
2952 2717 197 48 Stimme
3174 2713 91 52 und
3292 2714 80 49 des

1810 2806 152 48 Tones
2002 2803 84 50 der
2115 2802 176 57 Saiten,
2335 2801 123 49 diese
2488 2799 161 50 Poesie
2690 2798 79 50 des
2801 2796 273 52 Ausdrucks
3113 2796 44 48 in
3204 2794 169 51 beiden

1811 2885 164 50 würde
2006 2886 179 48 Mozart
2224 2882 141 51 selbst
2393 2882 213 50 entzückt
2636 2878 172 64 haben,
2851 2896 136 32 wenn
3028 2895 51 31 er
3118 2893 48 33 es
3203 2876 170 68 gehört

1813 2966 138 49 hätte.

1931 3072 103 49 Den
2070 3069 187 50 Schluss
2295 3067 79 51 des
2416 3067 250 51 Concertes
2708 3064 185 52 machte
2937 3064 101 49 eine
3086 3061 254 51 Wiederho-

1810 3154 113 65 lung
1954 3151 80 50 des
2064 3150 343 51 Händel'schen
2812 3145 83 51 das
2926 3145 80 49 mit
3038 3144 335 66 Begeisterung

1810 3249 103 33 vom
1940 3231 127 51 Chor
2091 3229 92 50 und
2213 3227 321 52 sämmtlichen
2558 3225 456 67 Solo-Sängerinnen
3039 3222 92 51 und
3157 3224 211 64 Sängern

1811 3329 239 50 gesungen
2084 3309 160 50 wurde
2286 3309 93 49 und
2418 3309 45 49 in
2503 3307 163 50 Einem
2712 3307 266 64 Tonerguss
3019 3304 81 49 mit
3140 3302 104 50 dem
3276 3304 62 49 Or-

1811 3394 181 48 chester
2021 3393 71 48 ein
2122 3389 308 52 Prachtstück
2463 3389 188 54 bildete,
2681 3386 80 50 das
2793 3386 104 48 dem
2933 3386 134 48 Feste
3097 3384 88 49 den
3217 3384 121 49 Stem-

1813 3474 72 67 pel
1917 3473 123 49 eines
2070 3471 105 50 echt
2204 3470 365 50 künstlerischen
2604 3470 155 47 Festes
2790 3465 291 51 aufdrückte.
3121 3464 110 50 Wir
3257 3464 87 49 kön-

1811 3570 90 33 nen
1933 3551 125 51 nicht
2089 3551 178 57 umhin,
2312 3550 100 48 hier
2455 3549 117 49 noch
2613 3547 169 50 einmal
2827 3546 75 50 auf
2948 3545 71 49 die
3052 3544 320 49 vortreffliche

1814 3633 315 64 Ausführung
2173 3630 83 51 der
2302 3631 153 50 Chöre
2496 3629 60 49 im
2897 3625 475 57 zurückzukommen,

1814 3713 151 50 wobei
2009 3713 94 49 sich
2149 3710 180 52 evident
2373 3709 339 57 herausstellte,
2757 3724 96 33 was
2896 3706 72 50 die
3010 3705 193 49 Studien
3248 3705 124 48 eines

1815 3791 385 68 Gesangvereins,
2244 3790 87 50 wie
2374 3789 72 49 die
2477 3787 260 51 Akademie
2782 3804 86 32 von
2898 3785 340 57 Stockhausen,
3282 3782 89 51 den

1813 3874 71 51 ein
1929 3875 224 62 Sänger
2196 3871 141 56 leitet,
2382 3870 78 48 für
2501 3869 133 49 einen
2669 3867 172 51 Werth
2883 3866 94 50 und
3005 3865 163 66 Erfolg
3198 3864 173 50 haben.

1818 3954 110 52 Wie
1973 3951 166 51 anders
2185 3950 191 50 würden
2422 3949 73 49 die
2538 3949 283 65 Leistungen
2870 3945 140 51 selbst
3053 3951 138 59 guter
3234 3945 109 65 Sing-

1814 4034 181 49 vereine
2039 4033 241 57 ausfallen,
2324 4048 136 32 wenn
2512 4030 99 48 ihre
2657 4028 271 66 Dirigenten
2968 4025 135 51 mehr
3150 4043 86 33 von
3288 4024 84 51 der

1814 4113 207 52 Technik
2046 4113 78 49 des
2149 4111 239 65 Gesanges
2411 4108 289 59 verständen,
2731 4106 72 51 die
2834 4106 77 49 für
2942 4105 88 51 den
3065 4105 305 66 Chorgesang

1813 4195 44 50 in
1904 4195 154 65 Bezug
2101 4193 84 50 auf
2219 4191 333 57 Athemholen,
2595 4191 262 47 Tonansatz
2896 4205 43 32 u.
2976 4204 34 33 s.
3053 4204 58 33 w.
3155 4185 117 52 eben
3319 4203 49 33 so

1815 4274 186 67 wichtig
2031 4274 72 61 ist,
2134 4274 63 49 als
2229 4271 78 51 für
2337 4270 88 52 den
2455 4270 305 67 Sologesang.
