2789 3911
184 359 86 31 cru
302 341 211 47 démêler
538 340 115 60 qu'il
678 341 236 56 s'agissait
941 340 65 46 du
1034 343 245 57 problème
1307 344 58 46 de
1387 344 47 44 la
1460 343 350 59 repopulation.
1827 341 231 59 Jusqu'au
2085 341 117 45 bout
2222 340 57 45 ils
2299 345 107 41 sont
2431 340 148 46 restés

187 416 97 47 très
303 416 177 45 divisés
509 419 45 39 et
584 414 128 58 prêts
743 414 26 43 à
791 427 61 31 en
877 415 134 42 venir
1036 429 93 31 aux
1159 419 172 42 mains.
1356 418 92 44 Les
1469 432 89 29 uns
1580 418 269 43 estimaient
1871 429 92 45 que
1990 414 207 44 l'auteur
2217 415 144 43 serait
2380 413 199 58 disciple

185 490 60 44 de
261 490 61 43 M.
349 489 122 52 Piot,
493 486 69 45 les
581 489 164 40 autres
775 485 116 58 qu'il
918 486 292 46 manifestait
1237 489 85 44 des
1347 491 280 42 sentiments
1648 487 328 45 malthusiens.

280 579 23 24 «
326 561 121 45 Mais
468 559 59 44 de
555 557 250 46 mamelles
824 559 147 57 point.
998 560 119 43 Tout
1135 562 125 56 juste
1279 561 235 59 quelques
1535 574 202 43 oranges
1760 559 208 59 perdues
1990 559 117 43 dans
2125 559 71 44 les
2222 557 252 46 corbeilles
2494 556 84 46 des

185 646 263 33 ouvreuses
466 648 10 41 ;
509 645 61 32 on
601 634 90 41 sait
720 645 93 44 que
837 631 305 60 l'esthétique
1173 634 228 45 nouvelle
1421 648 60 30 ne
1509 639 186 53 permet
1721 648 85 45 pas
1834 646 90 46 que
1959 632 44 43 le
2031 634 106 43 titre
2170 631 209 58 réponde
2404 632 174 59 jamais

189 720 61 32 au
275 708 124 56 sujet
424 703 155 45 traité.
606 720 22 24 »

279 839 66 46 Le
378 838 187 47 Carnet
585 837 61 44 de
674 837 50 45 la
1328 835 239 47 Semaine
997 871 10 22 ,
1037 835 58 47 29
1112 838 106 57 juin
1239 853 9 29 :
1281 839 62 45 M.
1374 839 201 46 Wisner
1596 855 9 27 :

283 929 23 25 «
338 912 219 44 L'œuvre
584 909 339 60 d'Apollinaire
952 914 73 40 est
1051 924 96 31 une
1171 924 231 44 gageure,
1425 926 96 30 une
1549 912 139 54 façon
1716 910 57 45 de
1799 926 51 29 se
1883 923 200 46 moquer
2111 909 59 45 de
2196 913 161 43 tout...
2391 909 92 45 elle
2514 914 70 38 est

189 983 95 47 très
303 983 173 58 simple
500 982 186 55 malgré
706 995 88 31 son
815 984 70 42 air
902 982 170 44 d'aller
1092 982 60 44 de
1169 984 223 55 guingois
1412 998 10 42 ;
1446 983 93 44 elle
1561 989 72 38 est
1650 982 235 45 familière
1906 983 125 43 alors
2052 997 92 44 que
2155 984 268 57 justement
2442 984 48 56 je
2516 980 67 46 lui

192 1069 139 33 eusse
359 1055 215 45 souhaité
590 1054 107 58 plus
724 1053 61 45 de
806 1054 228 56 sonorité,
1059 1053 170 58 d'élan,
1255 1055 190 45 d'envol
1462 1059 47 41 et
1529 1055 108 46 d'au
1658 1055 166 46 delà...

286 1144 22 25 «
338 1129 57 43 Et
419 1128 74 43 les
518 1125 279 58 interprètes
824 1125 60 44 de
910 1130 122 41 cette
1051 1129 282 56 conception
1354 1126 28 46 à
1401 1126 47 45 la
1477 1126 251 56 Welss,de
1750 1129 121 40 cette
1893 1140 148 31 revue
2070 1128 81 55 qui
2178 1125 206 44 chahute
2403 1125 156 44 Aristo-

189 1201 156 57 phane
372 1204 47 40 et
446 1199 83 45 fait
556 1200 47 43 la
628 1200 147 57 nique
797 1199 27 43 à
851 1199 244 57 Rabelais,
1115 1201 232 42 servirent
1374 1213 117 31 avec
1517 1199 220 45 dévotion
1761 1197 271 46 Guillaume
2062 1197 292 59 Apollinaire
2379 1195 205 46 acclamé

192 1286 85 46 par
303 1272 69 46 les
396 1272 248 45 futuristes
663 1277 48 40 et
733 1272 130 44 renié
890 1285 84 44 par
998 1272 71 45 les
1089 1272 223 45 cubistes.
1347 1289 22 25 »

283 1404 74 46 La
387 1404 239 47 Semaine
646 1406 60 43 de
728 1404 166 58 Paris,
922 1404 18 45 1
950 1410 42 26 er
1011 1404 161 59 juillet
1196 1407 92 43 :M.
1312 1406 158 44 Pierre
1492 1406 161 44 Véron
1677 1420 9 28 :

288 1495 24 25 «
347 1479 63 45 M.
434 1478 291 59 Apollinaire
750 1492 28 29 a
806 1479 149 56 repris
988 1477 71 44 les
1084 1482 207 41 ressorts
1319 1477 82 46 des
1427 1481 247 54 tragiques
1705 1490 153 43 grecs,
1882 1477 80 58 qui
1990 1481 108 39 sont
2117 1476 270 57 élastiques.
2410 1474 40 45 Il
2473 1474 68 43 les
2561 1488 27 31 a

195 1550 193 58 tendus,
402 1552 35 43 il
456 1566 59 29 en
542 1566 28 29 a
592 1550 86 45 fait
702 1550 83 45 des
810 1554 199 41 ressorts
1027 1550 27 44 à
1070 1549 181 46 boudin
1263 1566 12 42 ;
1307 1552 104 43 rien
1439 1549 275 46 d'étonnant
1737 1550 28 42 à
1788 1564 53 30 ce
1862 1562 94 46 que
1982 1548 190 46 l'action
2193 1549 160 57 puisse
2372 1548 189 44 simulta-

198 1623 198 44 nément
416 1623 229 44 rebondir
672 1627 47 40 et
736 1625 155 44 rester
910 1622 289 61 suspendue.
1233 1639 23 25 »

286 1756 26 43 7
330 1756 156 59 juillet
503 1771 10 28 :
541 1757 62 44 M.
631 1756 198 45 Camille
849 1757 69 44 Le
942 1756 156 45 Senne
1126 1773 9 26 :

292 1845 23 26 «
336 1829 56 43 Et
418 1829 47 43 la
482 1827 149 60 pièce,
658 1843 113 29 mon
791 1830 141 54 Dieu,
952 1829 113 43 c'est
1091 1841 94 32 une
1205 1830 145 57 petite
1370 1827 231 57 comédie,
1622 1826 100 46 très
1744 1826 181 46 morale
1948 1832 48 40 et
2024 1827 154 45 même
2206 1825 142 44 d'une
2376 1824 215 45 moralité

195 1900 298 57 rétrograde.
514 1901 102 44 Elle
650 1901 154 43 aurait
827 1914 64 45 pu
922 1902 98 42 être
1046 1900 167 56 signée
1241 1900 59 44 de
1322 1901 61 43 M.
1410 1900 147 44 Henri
1577 1898 280 46 Lavedan...
1882 1900 237 53 Qu'est-ce
2137 1898 27 44 à
2189 1897 136 45 dire?
2352 1897 60 43 M.
2451 1896 114 46 Guil-

198 1971 160 47 laume
391 1972 291 60 Apollinaire
701 1972 198 45 serait-il
917 1986 67 31 un
1011 1971 216 46 Ponsard
1256 1972 213 46 cubiste?
1490 1971 177 44 cruelle
1688 1973 191 55 énigme
1898 1972 9 42 !
1935 1972 159 59 j'aime
2121 1972 161 42 mieux
2314 1970 156 43 saluer
2494 1982 95 29 une

199 2047 210 44 certaine
446 2046 203 45 drôlerie
679 2045 254 57 originale,
955 2058 66 31 un
1053 2046 254 58 burlesque
1338 2046 186 43 naturel
1559 2050 49 39 et
1638 2045 280 44 rabelaisien
1952 2045 117 44 dans
2100 2045 46 43 la
2179 2043 196 45 filiation
2406 2041 28 44 d
2439 2041 153 45 'Ubu-

199 2118 115 46 Roi.
348 2135 23 25 »

298 2250 71 47 La
392 2249 230 50 Grimace
642 2265 13 31 :
684 2252 101 43 Léo
809 2250 170 46 Poldès
1003 2267 9 26 :

302 2339 23 26 «
352 2348 61 13 —
434 2325 41 43 A
496 2324 272 44 Charenton
786 2325 10 42 !

303 2412 22 25 «
364 2395 157 44 ...Les
547 2395 255 46 Mamelles
829 2396 61 45 de
914 2394 236 57 Tirésias,
1180 2395 214 46 comédie
1431 2394 301 61 symbolique
1751 2394 59 45 de
1835 2394 270 47 Guillaume
2126 2395 310 58 Apollinaire,
2465 2395 103 57 légi-

203 2470 173 43 timent
401 2466 295 60 pleinement
722 2483 53 29 ce
786 2471 309 56 jugement...

301 2559 19 21 «
344 2542 118 44 Mais
482 2541 35 43 il
537 2542 227 44 convient
785 2541 59 45 de
874 2544 135 52 tirer,
1042 2541 59 45 de
1142 2554 54 33 ce
1216 2541 254 60 spectacle,
1509 2555 94 32 une
1641 2539 292 45 conclusion.
1958 2539 104 47 Elle
2090 2541 235 57 s'impose.
2351 2541 68 46 La
2451 2542 136 44 voici.

202 2612 428 46 L'inharmonieux
646 2613 228 59 loufoque
896 2613 112 45 Erik
1031 2615 149 54 Satie,
1201 2615 328 57 compositeur
1549 2627 83 31 sur
1651 2612 244 45 machines
1916 2615 28 40 à
1965 2612 146 43 écrire
2137 2617 46 40 et
2207 2612 240 57 crécelles,
2474 2627 26 31 a
2526 2627 65 45 pu

203 2687 114 45 salir
331 2685 27 44 à
378 2700 89 30 son
494 2687 101 45 aise
618 2687 71 43 les
720 2687 180 43 Ballets
923 2688 177 44 Russes
1121 2700 60 30 en
1201 2686 322 44 introduisant
1543 2686 118 44 dans
1680 2700 55 29 ce
1756 2685 235 58 spectacle
2012 2685 270 58 esthétique
2304 2699 94 31 une
2429 2700 163 30 œuvre

202 2758 202 45 ridicule
434 2772 93 46 que
555 2758 133 45 n'eut
714 2761 132 56 point
870 2760 170 59 signée
1062 2772 64 31 un
1147 2761 177 57 joueur
1350 2758 58 45 de
1431 2762 226 42 tam-tam
1683 2757 265 56 sénégalais
1975 2782 61 8 —
2061 2761 44 39 et
2135 2757 84 44 des
2243 2760 259 41 musiciens
2531 2757 58 44 de

203 2831 150 44 talent
364 2831 253 44 attendent
628 2831 332 45 humblement
973 2831 166 58 depuis
1152 2831 85 44 des
1250 2831 181 44 années
1444 2832 145 57 qu'on
1600 2831 71 43 les
1685 2833 127 56 joue.
1829 2831 99 43 Son
1938 2829 249 59 complice,
2206 2829 44 45 le
2267 2829 325 46 barbouilleur

204 2903 332 58 géométrique
556 2904 197 43 Picasso
773 2903 196 58 (Pablo),
993 2903 249 58 spéculant
1262 2917 83 30 sur
1373 2902 265 45 l'éternelle
1662 2903 148 44 bêtise
1835 2903 248 52 humaine,
2107 2903 28 42 à
2160 2902 149 44 réussi
2330 2902 47 44 le
2403 2907 109 40 tour
2535 2902 58 44 de

204 2975 129 45 force
350 2974 261 60 d'imposer
627 2989 88 31 son
736 2989 113 31 nom
877 2989 60 31 au
954 2975 179 59 public,
1162 2988 82 46 par
1271 2975 45 45 le
1333 2974 239 59 scandale,
1599 2980 45 40 et
1664 2975 59 45 de
1744 2974 181 46 vendre
1948 2974 81 45 des
2058 2975 139 44 toiles
2224 2975 80 58 qui
2332 2977 261 56 paraissent

206 3045 268 59 fabriquées
500 3061 84 44 par
609 3045 87 46 des
714 3047 274 58 intoxiqués
1016 3045 60 46 de
1098 3047 341 57 Sainte-Anne,
1460 3047 24 44 à
1506 3048 83 44 des
1609 3049 103 56 prix
1740 3045 325 57 formidables,
2088 3045 157 45 tandis
2266 3059 91 45 que
2390 3045 57 45 de
2467 3048 127 43 vrais

206 3120 212 59 peintres
438 3118 193 45 crèvent
650 3119 60 46 de
725 3119 114 44 faim
861 3119 118 44 dans
998 3119 105 44 leur
1119 3119 209 46 ateliers.
1342 3119 141 44 Poète
1502 3120 294 45 visionnaire
1816 3123 48 40 et
1882 3119 116 56 naïf,
2020 3118 268 45 Guillaume
2307 3119 290 57 Apollinaire

211 3191 210 56 dérange
443 3191 48 46 la
517 3193 214 57 critique,
759 3191 47 46 le
829 3193 277 44 Tout-Paris
1128 3191 85 46 des
1230 3191 282 60 premières,
1537 3193 66 44 les
1623 3194 160 56 rapins
1801 3191 59 45 de
1886 3191 47 45 la
1961 3193 136 43 Butte
2123 3196 47 40 et
2202 3191 70 43 les
2295 3191 223 55 ivrognes
2539 3191 58 45 de

211 3264 360 57 Montparnasse
597 3278 124 44 pour
742 3266 193 43 assister
955 3262 27 45 à
999 3264 46 44 la
1070 3264 107 58 plus
1196 3268 354 53 extravagante,
1571 3264 87 44 àla
1679 3265 106 57 plus
1806 3264 222 43 insensée
2051 3262 85 45 des
2158 3262 354 45 élucubrations
2532 3262 65 46 du

212 3335 213 46 cubisme
452 3360 60 9 —
538 3336 127 45 alors
687 3350 110 45 que,
820 3336 129 46 faute
974 3336 60 46 de
1060 3340 315 56 spectateurs,
1399 3336 45 45 le
1460 3335 290 47 Marchand
1777 3336 61 46 de
1873 3334 184 48 Venise
2078 3350 27 29 a
2126 3337 150 56 quitté
2306 3335 203 43 l'affiche
2533 3334 63 47 du

212 3408 202 46 Théâtre
434 3410 225 44 Antoine.
691 3411 160 43 Mieux
874 3424 191 31 encore.
1087 3410 75 44 Au
1187 3414 215 41 moment
1421 3408 62 47 où
1500 3410 47 44 la
1571 3424 166 44 presse
1761 3410 238 58 d'opinion
2018 3422 207 45 manque
2253 3408 56 44 de
2334 3408 179 58 papier,
2533 3407 63 46 où

209 3481 68 44 les
301 3482 241 57 journaux
562 3482 348 58 indépendants
931 3497 52 31 se
1004 3483 164 45 voient
1186 3482 221 46 menacés
1427 3482 61 45 de
1505 3481 297 59 disparaître,
1822 3480 61 45 où
1898 3481 45 44 la
1961 3481 185 44 Pensée
2158 3480 118 45 libre
2295 3485 71 40 est
2380 3480 213 58 traquée,
