2090 2875
818 356 177 27 Flackernder
1014 357 120 25 Flamme
1155 356 165 26 entfesseltes
1341 356 107 30 Wüten,

779 400 108 27 Traube
907 409 65 17 vom
991 401 112 34 Drange
1124 400 48 26 des
1193 400 89 26 Saftes
1302 404 152 30 gesprengt,

780 444 227 34 Nachtigalltriller
1027 444 24 26 in
1072 444 201 30 Fliederblüten,

780 489 94 25 Grotte
895 488 45 25 mit
961 487 95 35 Epheu
1075 488 53 26 und
1150 488 92 25 Rosen
1263 487 141 35 verhängt:

817 532 44 26 Ich
881 532 60 35 sing
961 531 67 26 euch
1047 531 52 26 den
1120 532 76 35 Sang
1216 540 65 17 vom
1300 531 94 26 wilden
1415 530 147 35 Begehren,

779 575 64 26 Von
863 575 138 36 glutender
1022 575 106 26 Herzen
1147 575 113 36 blutiger
1280 575 130 31 Schlacht,

780 619 63 26 Von
863 619 147 26 sehnender
1030 619 99 25 Scham
1150 619 54 26 und
1224 619 125 25 scheuem
1371 618 155 31 Gewähren,

779 663 63 26 Von
863 663 152 26 heimlichen
1036 662 140 26 Wundern
1197 662 229 35 verschwiegener
1447 662 94 26 Nacht.

818 761 149 31 Schwarze,
988 760 119 27 lastende
1128 761 231 32 Friedhofscholle,

780 804 140 32 Bahrtuch,
941 804 65 27 über
1027 804 41 27 die
1090 804 104 27 Gräber
1214 804 124 36 gedeckt;

780 849 77 26 Halle
878 849 47 26 des
946 848 135 31 Himmels,
1102 848 186 32 wundervolle,

780 892 269 34 Wolkenbewimpelt
1069 892 54 26 und
1144 892 238 34 sternenbesteckt:

817 937 45 26 Ich
882 937 59 34 sing
962 936 72 31 euch,
1056 936 49 25 wie
1124 936 185 26 schwärmend
1329 945 214 27 emporgezogen

780 981 58 26 Auf
855 980 249 34 Schwanenflügeln
1124 980 47 25 der
1192 981 215 34 Menschengeist

780 1024 79 26 Hoch
880 1024 82 26 durch
983 1024 41 25 die
1045 1023 173 26 leuchtenden
1238 1018 184 41 Ätherwogen

780 1062 76 33 Über
876 1068 62 26 dem
958 1069 109 25 Grauen
1088 1067 46 26 der
1155 1068 94 25 Grüfte
1269 1068 86 26 kreist.

821 1167 93 35 Pilger,
934 1167 82 25 lasset
1036 1166 35 26 ab
1091 1174 65 18 vom
1177 1167 109 30 Hasten,

782 1211 105 25 Wischt
908 1210 41 26 die
970 1211 98 34 Augen
1089 1210 56 25 klar
1166 1219 64 17 vom
1250 1210 97 31 Staub;

781 1254 158 26 Schleudert
958 1255 53 25 fort
1031 1254 41 25 die
1092 1254 137 26 schweren
1249 1255 107 30 Lasten,

782 1298 139 27 Schnöder
941 1297 140 26 Habsucht
1101 1298 103 35 kargen
1225 1298 85 25 Raub.

819 1343 138 30 Schnitter,
979 1343 70 25 wollt
1069 1342 39 26 ihr
1129 1342 70 35 ewig
1218 1342 113 26 mähen?

781 1386 111 36 Schlagt
912 1386 42 26 die
974 1386 86 26 Sichel
1080 1386 26 26 in
1128 1385 51 27 den
1199 1387 93 25 Baum.

781 1431 138 30 Mädchen,
940 1429 83 36 beugt
1043 1429 67 27 euch
1129 1430 49 26 auf
1195 1439 65 17 vom
1279 1429 102 32 Nähen,

781 1474 93 26 Steckt
894 1474 41 26 die
956 1473 86 27 Nadel
1062 1474 25 26 in
1109 1474 51 26 den
1180 1474 91 26 Saum.

821 1573 76 26 Lafst
918 1582 28 17 es
968 1581 62 18 euer
1050 1573 71 26 Herz
1142 1572 203 34 durchdringen:

782 1616 92 27 Leben
894 1616 33 27 ist
947 1616 48 26 des
1015 1616 106 27 Lebens
1142 1616 83 26 Preis!

781 1661 58 26 Der
858 1669 50 18 nur
929 1660 47 26 soll
996 1668 55 18 von
1072 1660 80 26 Liebe
1173 1660 101 34 singen,

782 1705 106 26 Dessen
908 1704 71 26 Herz
1000 1712 55 18 von
1074 1704 81 26 Liebe
1176 1704 75 31 heifs;

819 1749 58 25 Der
897 1756 49 18 nur
967 1748 49 26 soll
1035 1756 32 17 zu
1088 1748 113 26 Sternen
1222 1747 104 30 weisen,

782 1792 60 26 Den
863 1801 60 17 zum
943 1792 80 26 Stern
1044 1792 55 25 sein
1120 1791 102 26 Fühlen
1242 1790 68 31 hebt,

782 1837 56 25 Der
859 1845 48 17 nur
928 1836 49 26 soll
997 1836 41 25 die
1058 1836 109 26 Sonnen
1188 1835 108 35 preisen,

783 1881 56 24 Der
858 1888 50 17 vor
929 1880 83 25 ihrem
1031 1880 84 25 Glanz
1135 1879 100 26 erbebt.

822 1984 110 26 Läutert
952 1991 63 18 eure
1035 1983 217 26 Menschenseele

784 2028 28 25 In
833 2028 46 25 der
899 2027 144 26 Schönheit
1062 2027 122 35 heiligem
1205 2025 95 32 Strahl,

784 2071 62 27 Und
868 2071 71 26 dann
959 2071 80 35 steigt
1059 2080 48 17 aus
1128 2071 83 25 reiner
1231 2069 84 27 Kehle

785 2115 232 26 Erdentrunkener
1038 2114 105 32 Choral,

824 2159 61 26 Und
907 2168 27 17 er
955 2159 74 36 glüht
1050 2159 82 26 durch
1152 2158 49 27 alle
1222 2158 102 29 Brüste,

785 2201 127 28 Schwebt
931 2203 82 26 durch
1034 2203 40 26 die
1094 2202 78 27 Lüfte
1194 2201 45 27 mit
1259 2200 178 27 brausendem
1456 2200 94 33 Schall,

785 2245 140 28 Weckend
946 2246 48 27 des
1014 2246 90 27 Echos
1124 2244 231 28 schlummernden
1375 2244 60 26 Hall

785 2289 45 27 Bis
851 2300 32 17 zu
903 2290 47 27 der
969 2291 107 35 Seligen
1096 2289 79 27 stiller
1194 2289 98 26 Küste:

1268 2457 0 0 6
