2090 2875
171 370 22 16 so
204 369 56 23 stark
277 381 44 16 von
337 375 68 24 denen
421 378 35 23 des
471 380 82 29 Königs
569 379 37 27 ab,
624 378 46 24 dafs
687 378 45 23 ihre
746 374 149 25 Freundschaft

171 400 47 22 dem
238 404 135 27 Widerstreit
396 411 61 23 nicht
476 413 66 22 Stand
564 413 59 23 hielt.
650 408 155 27 Knobelsdorff
820 408 75 24 wollte

185 439 25 15 en
227 436 127 28 Schlofsbau
375 452 35 14 aus
428 445 119 23 Rücksicht
566 445 42 23 auf
624 445 34 23 die
675 444 131 24 Gesundheit
825 447 59 17 unter-

187 468 62 23 ellern
260 474 44 22 und
315 475 39 22 ihn
366 478 65 22 somit
447 479 104 26 erhöhen,
569 479 45 22 daß
630 487 22 14 er
668 486 43 15 von
728 483 64 17 unten
806 475 89 32 gesehen

185 502 42 20 'cht
246 503 67 27 durch
333 508 34 23 die
383 512 109 22 Terrassen
508 513 153 21 überschritten
678 511 80 23 würde.
792 508 103 24 Friedrich

216 536 27 22 he
259 552 32 5 —
306 542 63 22 wohl
389 545 102 22 zunächst
510 553 37 14 aus
567 543 285 33 Sparsamkeitsrücksichten
865 554 29 4 —

170 569 12 14 v
184 571 28 16 °n
229 570 69 25 Keller
315 576 44 21 und
376 578 110 22 Unterbau
503 579 70 22 nichts
593 580 83 21 wissen.
711 577 112 23 Vielleicht
840 574 55 23 auch

170 602 71 24 sprach
253 603 34 25 der
299 608 101 24 Wunsch
417 612 51 25 mit,
484 611 33 23 die
529 612 161 22 Zimmerflucht
705 611 48 22 dem
764 610 85 22 Niveau
861 607 34 23 des

190 638 64 20 artens
272 640 65 23 näher
354 651 27 13 zu
398 643 77 24 halten.
511 645 63 22 Diese
589 645 104 22 Intimität
709 644 37 22 hat
764 648 66 18 etwas
848 649 36 15 aus-

170 669 126 27 gesprochen
308 675 144 32 Behagliches.

182 701 18 41 .
217 701 112 28 Sanssouci
354 709 26 22 ist
403 710 33 22 die
453 711 164 29 geschlossenste
635 710 125 32 Schöpfung
776 707 119 25 Friedrichs,

170 735 32 17 ein
221 736 101 30 Gedicht,
346 742 34 22 ein
399 744 115 26 Märchen,
538 744 44 22 und
602 745 22 22 in
647 744 37 22 der
704 742 137 30 Verbindung
860 740 35 22 des

193 767 103 28 titzlichen
307 774 41 22 mit
362 775 50 23 dem
426 777 99 22 Schönen
541 778 37 22 der
593 778 97 22 rundeste
704 775 112 24 Ausdruck
831 775 64 21 seines

182 806 10 34 .
201 806 63 20 esens.
298 807 40 22 Die
355 810 196 30 Terrassenanlage,
568 811 34 21 ein
619 811 128 29 Weinberg,
766 810 35 22 das
813 806 82 24 Schloß

181 836 32 17 uie
221 836 149 31 Garconniere,
383 842 34 23 die
427 851 20 14 er
457 844 44 22 und
513 845 56 21 seine
579 844 151 23 allernächsten
740 842 92 23 Freunde
840 840 44 23 voll-

185 871 84 21 ommen
287 873 123 25 ausfüllten.
446 877 107 30 Nirgends
572 878 32 21 ein
625 877 65 22 leerer
705 878 81 23 Raum,
807 875 49 22 alles
873 873 22 22 in

189 905 79 26 aisigen
281 906 162 30 Dimensionen,
462 909 125 23 übersehbar
604 910 45 22 und
665 910 57 22 doch
733 909 103 23 vornehm
851 906 44 23 und

167 935 117 32 gtolsartig.
320 941 48 22 Auf
380 943 112 22 Sanssouci
508 942 63 31 paßt,
587 951 45 15 was
651 944 34 21 ein
703 944 134 29 Zeitgenosse
852 949 43 14 von

190 971 21 15 m
222 975 65 24 sagte:
305 981 21 14 er
338 975 29 21 sei
380 976 34 21 ein
425 976 116 22 Liebhaber
552 977 90 22 schöner
654 976 45 23 und
713 976 116 22 nützlicher
840 976 55 20 Bau-

166 999 71 22 Werke
248 1010 102 22 gewesen.
371 1010 27 20 Es
409 1009 59 30 giebt
477 1009 62 23 wohl
550 1010 24 21 in
583 1010 153 25 Deutschland,
748 1011 20 28 ja
779 1010 22 21 in
811 1010 84 28 Europa

182 1036 33 41 ejn
226 1034 59 26 Haus
300 1047 44 15 von
362 1042 83 22 solcher
458 1043 147 29 Originalität,
624 1043 44 22 und
681 1043 36 22 das
732 1043 33 22 bei
777 1042 51 23 aller
839 1043 42 21 Vor-

182 1068 90 23 ehmheit
295 1080 24 14 so
343 1082 40 22 eng
403 1074 41 23 auf
464 1076 34 21 die
519 1075 133 23 Bedürfnisse
675 1077 54 22 eines
753 1075 142 31 eigenartigen

166 1097 114 28 Menschen
292 1108 159 28 zugeschnitten
462 1109 33 22 ist.

214 1135 42 21 Das
274 1138 63 23 Neue
353 1141 66 23 Palais
436 1141 66 23 bildet
519 1142 61 22 einen
592 1144 123 28 Gegensatz.
750 1143 25 22 Es
790 1143 27 21 ist
834 1141 61 23 keine

191 1170 245 35 nggesellenwohnung,
452 1176 60 21 nicht
527 1174 42 23 auf
581 1176 35 22 ein
631 1176 141 31 persönliches
784 1174 110 24 Bedürfnis

192 1202 140 29 geschnitten,
349 1207 92 23 sondern
456 1209 34 21 ein
503 1208 82 23 Prunk-
602 1209 45 22 und
660 1209 234 31 Repräsentationsbau,

166 1233 117 26 geschaffen
293 1246 37 14 aus
340 1240 48 22 dem
398 1241 118 26 Bedürfnis,
526 1241 36 23 das
572 1242 68 22 durch
648 1242 106 22 Friedrich
762 1241 133 31 geschaffene

193 1270 24 15 Ue
229 1268 97 25 Preußen
338 1274 165 27 auszudrücken,
516 1275 45 22 und
576 1275 22 22 in
611 1275 79 22 diesem
701 1275 80 23 Zweck
793 1275 87 22 wunder-

178 1299 28 19 oll
218 1302 141 27 symbolisiert
371 1307 67 22 durch
450 1308 34 21 die
497 1308 44 22 drei
552 1309 191 29 Frauengestalten,
761 1309 33 22 die
809 1308 42 23 auf
859 1309 36 22 der

185 1334 62 27 uppel
259 1336 166 33 triumphierend
438 1341 34 21 die
484 1341 151 30 Königskrone
647 1342 148 30 emporheben.

212 1369 113 24 Sanssouci
341 1373 27 21 ist
386 1373 49 23 dem
452 1374 139 23 Individuum
606 1375 104 22 Friedrich
727 1383 44 14 von
789 1374 105 26 Preußen,

191 1402 13 14 n
224 1402 54 22 auch
298 1404 34 22 die
350 1407 157 30 Königsmacht
527 1407 124 26 schmückt,
672 1407 41 23 auf
729 1408 41 22 den
787 1408 50 22 Leib
857 1416 26 21 ge-

200 1436 73 22 nitten.
309 1440 42 20 Das
370 1441 64 21 Neue
454 1441 66 22 Palais
540 1441 137 22 versinnlicht
696 1441 42 22 den
757 1441 74 30 König
851 1448 43 15 von

182 1463 80 26 teuften
274 1469 22 22 in
308 1471 111 24 abstracto.

211 1500 27 20 h,s
253 1507 27 17 ist
300 1506 55 21 auch
372 1507 23 21 in
413 1508 55 28 Lage
489 1507 43 22 und
551 1506 112 23 Grundriß
682 1507 34 22 ein
734 1509 115 28 Gegensatz
868 1514 26 14 zu

165 1529 115 28 Sanssouci.

212 1568 24 18 tn
254 1568 35 22 der
300 1570 70 24 Ebene
387 1572 99 30 gelegen,
503 1573 77 30 gehört
596 1581 19 14 es
628 1574 68 22 einem
707 1574 80 22 andern
799 1571 83 24 Schlofs-

168 1601 58 30 /Pus
238 1607 38 20 an,
294 1603 58 24 doch
370 1606 27 22 ist
414 1614 19 14 es
448 1607 22 21 in
489 1607 66 21 seiner
567 1606 132 32 kompakten
711 1605 125 32 Massigkeit
848 1605 45 22 und

179 1633 20 15 er
216 1632 144 28 bedeutenden
375 1639 230 31 Höhenentwicklung
621 1640 60 22 mehr
699 1640 33 22 ein
747 1637 145 26 Stadtschlofs,

186 1667 7 13 s
205 1669 33 17 ein
250 1667 146 27 Landschloß.
431 1673 114 22 Vielleicht
556 1673 51 30 geht
619 1673 55 22 diese
686 1673 126 29 Gestaltung
823 1671 70 31 gleich

190 1701 9 13 r
210 1699 138 27 malerischen
357 1705 139 30 Verbindung
508 1714 42 14 von
563 1706 202 22 Backsteinwänden
777 1706 40 22 mit
828 1704 52 23 Sand-

165 1728 149 32 steinpilastern
331 1738 45 22 und
387 1739 121 22 -Gesimsen
525 1738 41 23 auf
580 1739 91 23 dieselbe
685 1739 147 22 holländische
847 1739 30 21 An-

165 1762 78 32 tegung
265 1770 87 24 zurück.
381 1773 54 21 Man
456 1772 64 22 denkt
541 1772 33 22 bei
595 1772 48 22 dem
663 1772 121 30 mächtigen
805 1769 87 24 Würfel

166 1794 55 23 °hne
238 1799 82 25 Portale
338 1812 27 14 an
383 1805 36 22 das
440 1805 113 23 Stadthaus
571 1806 22 22 in
611 1805 140 23 Amsterdam.
783 1805 56 22 Aber
856 1803 36 22 der

184 1830 97 25 narakter
298 1836 27 22 ist
343 1838 57 22 doch
414 1838 81 22 wieder
513 1838 106 23 durchaus
636 1839 121 30 preußisch.
783 1839 46 21 Wo
844 1844 49 14 man

206 1864 35 21 der
256 1867 115 26 Rückseite
387 1872 33 21 die
437 1871 66 22 breite
514 1873 94 21 Terrasse
623 1872 43 22 und
684 1872 40 22 den
736 1871 59 23 Blick
810 1868 41 24 auf
861 1869 34 22 die

182 1897 114 28 etspektive
309 1903 34 22 des
353 1905 78 22 Kanals
442 1905 41 22 mit
495 1905 49 22 dem
553 1905 188 22 Dekorationsbau
754 1905 34 21 des
797 1905 84 21 Wasser-

166 1927 97 27 schlosses
275 1934 29 22 als
310 1936 115 24 Abschluss
435 1944 105 16 erwarten
548 1938 69 26 sollte,
627 1938 65 22 findet
698 1938 45 22 sich
751 1938 34 22 der
791 1936 92 23 Exerzier-

196 1966 20 16 er
227 1964 133 35 Paradeplatz
376 1971 22 22 in
414 1971 40 22 den
467 1971 139 30 Organismus
623 1971 35 22 der
675 1970 158 30 Schlofsanlage
849 1969 34 21 ein-

180 1998 87 27 bogen,
285 2002 34 22 ein
334 2004 73 22 weites
420 2004 58 26 Feld,
496 2004 67 23 durch
578 2004 34 22 die
623 2004 126 31 großartige
761 2002 133 24 Dekoration

181 2031 19 15 er
219 2030 119 28 Communs
357 2037 167 30 abgeschlossen.
558 2038 41 21 Die
613 2037 180 32 Tempelfronten,
807 2035 75 23 Säulen-

181 2059 60 29 allen,
251 2065 137 35 Freitreppen,
398 2071 116 26 Pavillons,
523 2071 106 31 Kuppeln,
641 2071 70 22 Thore
721 2071 41 22 und
771 2068 122 25 Obelisken,

166 2095 36 17 aus
214 2094 67 26 denen
293 2101 44 22 sich
349 2103 65 23 dieser
426 2112 27 14 an
463 2103 83 23 kühner
554 2104 124 22 Phantastik
687 2113 40 13 nur
736 2104 48 22 dem
794 2102 100 29 Zwinger

191 2130 129 26 rgfeichbare
331 2137 45 21 Bau
388 2136 178 32 zusammenfügt,
579 2138 118 30 gemahnen
710 2146 26 13 an
749 2137 34 22 die
794 2137 85 21 Formen-

166 2159 61 25 spiele
244 2166 202 26 architektonischer
464 2170 196 31 Gestaltungskraft
677 2170 36 22 der
732 2168 149 33 Operndekora-

183 2197 38 21 °n,
243 2196 34 24 die
298 2200 22 22 in
337 2203 57 28 jener
411 2203 86 31 Epoche
515 2203 36 22 das
569 2203 139 31 baufreudige
726 2202 114 23 Publikum
858 2200 35 23 des

180 2229 69 21 ursten
271 2233 44 22 und
337 2236 65 22 seines
422 2236 70 22 Hofes
513 2241 113 26 ergötzten.
662 2238 32 20 Zu
714 2236 40 22 den
775 2241 119 24 strengeren

180 2262 73 22 orrnen
268 2264 35 23 des
315 2268 149 23 Schloßbaues
480 2269 72 23 bilden
563 2269 34 23 die
609 2272 120 20 Communs
741 2269 60 22 einen
813 2269 80 22 heitern

184 2297 85 22 ontrast.
304 2301 34 22 Sie
355 2307 105 18 stammen
478 2303 56 22 auch
551 2303 60 22 nicht
629 2312 36 13 aus
684 2302 106 23 derselben
808 2301 82 29 Quelle,

188 2326 88 26 achdem
293 2334 157 24 Knobelsdorff
464 2336 172 32 zurückgetreten
652 2345 55 17 war,
726 2335 71 23 führte
814 2335 80 29 Büring

962 375 40 22 den
1014 373 125 24 Schloßbau
1151 379 61 17 unter
1220 374 114 23 Friedrichs
1344 375 125 30 Inspiration
1481 382 43 17 aus,
1537 373 101 23 während
1650 372 35 22 die

962 409 118 21 Communs
1092 407 45 21 ihre
1149 407 85 29 heutige
1246 408 82 21 Gestalt
1340 408 95 22 Gontard
1447 406 124 24 verdanken.

1010 442 43 20 Das
1073 441 72 20 Innere
1165 439 56 30 birgt
1240 440 23 21 in
1275 440 230 30 Wandbekleidungen
1522 439 43 23 und
1583 438 101 23 Mobiliar

961 474 45 22 eine
1026 472 82 23 Anzahl
1130 472 36 22 der
1188 473 201 29 hervorragendsten
1412 473 132 30 Erzeugnisse
1566 472 36 22 der
1624 476 59 17 unter

960 506 113 23 Friedrichs
1101 506 91 29 Leitung
1221 506 190 30 emporgeblühten
1439 506 137 22 dekorativen
1603 506 80 20 Künste

961 540 34 22 des
1006 541 55 20 Orts.
1080 540 53 20 Was
1146 547 42 13 von
1197 538 104 22 Friedrich
1312 539 48 21 dem
1369 539 92 22 Großen
1469 540 22 21 in
1500 538 99 23 Potsdam
1606 537 76 31 gebaut

961 572 42 22 und
1016 570 136 32 eingerichtet
1164 571 82 25 wurde,
1259 570 56 23 mufs
1328 580 37 13 aus
1375 572 36 21 der
1419 572 98 30 Eigenart
1525 572 34 21 des
1568 570 114 22 Menschen

960 605 104 24 Friedrich
1080 602 100 32 begriffen
1195 603 95 26 werden,
1308 604 37 22 der
1360 605 40 21 mit
1414 605 69 22 einem
1495 604 126 22 erstaunlich
1632 602 41 22 viel-

960 639 87 29 seitigen
1057 637 43 22 und
1109 635 105 32 kräftigen
1221 636 139 22 Sinnenleben
1369 636 76 31 begabt
1453 646 52 14 war.
1520 637 47 21 Sein
1573 635 97 23 Künstler-

961 680 53 22 auge
1025 670 106 30 verlangte
1142 669 30 22 im
1181 668 101 23 Gröfsten
1294 670 43 21 wie
1349 670 30 21 im
1388 670 107 21 Kleinsten
1507 670 43 21 sein
1560 669 73 25 Recht,
1645 667 41 23 auf

960 705 33 22 die
1009 702 121 24 Bedüfnisse
1147 702 34 22 des
1197 701 105 22 Musikers
1318 702 68 30 gehen
1401 702 220 22 Innendekorationen
1637 701 45 22 und

960 737 97 23 kostbare
1069 735 74 23 Möbel
1158 734 89 27 zurück,
1265 734 43 22 und
1324 734 36 22 der
1371 735 169 22 Feinschmecker
1555 735 27 21 ist
1597 734 35 22 der
1643 735 26 21 Ur-

961 772 63 23 heber
1036 769 78 32 großer
1127 768 42 22 und
1182 767 119 31 origineller
1310 767 157 23 Gartenbauten
1478 768 44 22 wie
1533 767 35 23 der
1579 766 103 31 unsagbar

961 806 92 22 schönen
1064 804 109 21 Terrassen
1185 809 42 14 von
1239 801 117 22 Sanssouci.

1009 952 104 24 Friedrich
1124 950 96 23 Wilhem
1231 951 26 21 11.
1268 949 37 22 hat
1317 947 34 22 das
1364 946 159 31 Marmorpalais
1536 954 34 14 am
1582 946 98 29 Heiligen

961 990 36 20 See
1014 987 59 22 nicht
1088 985 29 23 als
1129 984 79 30 König,
1224 981 89 24 sondern
1329 980 27 23 als
1368 980 132 22 Privatmann
1517 979 83 30 gebaut,
1616 978 64 27 klein,

961 1020 120 31 behaglich,
1097 1018 75 32 üppig,
1189 1017 41 23 wie
1246 1023 19 15 es
1281 1015 76 22 seinem
1373 1015 64 29 Hang
1451 1021 37 13 zur
1501 1011 180 32 Bequemlichkeit

961 1054 116 32 entsprach,
1089 1053 30 21 im
1128 1054 85 20 Ganzen
1221 1050 58 22 mehr
1289 1046 116 32 bürgerlich
1414 1046 29 22 als
1452 1045 103 27 fürstlich,
1568 1045 48 22 aber
1623 1045 57 22 noch

960 1089 76 22 immer
1050 1087 45 22 sehr
1110 1084 113 23 kultiviert.
1246 1081 95 24 Gontard
1353 1078 93 25 entwarf
1456 1079 33 22 die
1500 1078 70 27 Pläne,
1587 1078 92 31 weniger

960 1119 159 35 phantasievoll,
1136 1118 27 22 als
1180 1125 50 14 man
1245 1120 100 19 erwarten
1362 1113 72 26 sollte,
1451 1113 45 22 eine
1511 1111 168 30 Vereinfachung

960 1155 44 23 und
1014 1153 122 25 Reduktion
1148 1152 33 22 des
1191 1152 76 21 Neuen
1275 1149 73 25 Palais,
1361 1146 39 24 auf
1409 1147 35 22 das
1453 1147 54 21 auch
1517 1145 32 22 die
1558 1145 121 22 malerische

960 1189 109 29 Wirkung
1081 1187 34 22 des
1128 1188 118 20 Kontrastes
1258 1183 105 22 zwischen
1373 1181 40 22 den
1424 1178 251 31 Hausteingliederungen

960 1222 44 23 und
1018 1222 40 22 den
1069 1226 60 18 roten
1140 1216 161 33 Ziegelwänden
1313 1216 77 22 deutet.

1010 1258 42 20 Der
1064 1256 77 21 Garten
1156 1252 43 23 und
1211 1251 34 22 die
1256 1250 69 22 innere
1336 1250 136 27 Ausstattung
1483 1259 32 3 —
1527 1244 34 22 die
1572 1244 108 22 schweren

962 1286 223 35 Chippendalestühle!
1204 1298 28 4 —
1249 1283 77 23 weisen
1344 1281 40 24 auf
1397 1280 35 22 das
1447 1278 166 23 Hereinbrechen
1631 1285 38 22 eng-

960 1324 81 22 lischen
1053 1321 116 24 Einflusses.
1192 1321 58 20 Ganz
1261 1326 40 13 neu
1313 1316 33 22 für
1358 1316 33 21 ein
1403 1310 162 26 Fürstenschlofs
1577 1316 26 16 ist
1614 1310 66 22 schon

961 1357 34 22 die
1007 1359 55 28 Lage
1074 1364 34 14 am
1117 1355 91 24 Wasser,
1222 1352 32 22 die
1266 1350 35 23 das
1312 1357 59 18 neue,
1383 1348 34 22 das
1430 1344 186 25 architektonische
1627 1345 41 20 Her-

961 1390 103 22 kommen
1086 1385 182 25 durchbrechende
1290 1381 144 32 Naturgefühl
1456 1381 72 21 verrät.
1561 1379 53 20 Man
1633 1377 48 22 will

960 1432 52 14 vom
1023 1424 79 20 Fenster
1118 1429 36 14 aus
1170 1420 59 22 nicht
1245 1418 40 22 den
1296 1415 92 24 Anblick
1402 1422 43 15 von
1456 1415 116 22 Terrassen,
1587 1410 94 22 Kanälen

960 1456 45 22 und
1018 1454 159 26 Laubwänden,
1195 1452 90 23 sondern
1301 1450 33 23 die
1351 1449 69 25 weite,
1438 1446 125 24 unberührte
1580 1443 43 23 und
1640 1452 28 13 un-

960 1489 126 22 berührbare
1097 1489 71 21 Natur
1180 1485 110 32 genießen.

1009 1522 66 22 Einen
1097 1521 56 22 noch
1173 1518 183 24 unmittelbareren
1375 1514 110 25 Ausdruck
1505 1512 50 24 fand
1574 1512 36 22 das
1630 1518 52 14 neue

959 1554 147 23 sentimentale
1113 1552 144 31 Naturgefühl
1267 1553 22 21 in
1295 1550 135 30 Verbindung
1439 1548 39 22 mit
1487 1547 35 22 der
1528 1545 140 24 aufdämmern-

959 1588 42 21 den
1012 1586 118 24 Romantik
1142 1586 41 22 auf
1191 1586 36 22 der
1235 1584 137 24 Pfaueninsel.
1391 1583 59 25 Hier,
1462 1589 38 14 wo
1511 1581 33 22 die
1554 1580 128 27 Erinnerung

959 1630 27 13 an
996 1621 40 22 den
1045 1620 143 22 Goldmacher
1196 1618 85 23 Kunkel
1290 1617 82 31 spukte,
1380 1615 46 24 ließ
1435 1614 101 23 Friedrich
1544 1611 105 24 Wilhelm
1658 1612 24 20 11.

959 1654 34 21 ein
1010 1654 131 21 Wohnhaus
1159 1653 23 21 in
1200 1652 79 22 Gestalt
1299 1651 54 21 eines
1374 1648 126 24 verfallenen
1517 1645 165 24 Ritterschlosses

959 1687 104 21 errichten
1088 1686 40 22 mit
1154 1686 56 21 einer
1236 1686 92 21 eisernen
1352 1681 136 24 Laufbrücke
1512 1680 105 22 zwischen
1643 1676 40 23 den

959 1721 101 24 Türmen,
1073 1719 34 22 ein
1119 1718 144 30 langweiliges
1275 1716 65 23 Stück
1352 1717 126 29 impotenter
1489 1712 123 26 Romantik,
1625 1710 57 23 nicht

958 1761 24 13 zu
995 1752 131 30 vergleichen
1141 1752 40 21 mit
1193 1751 35 22 der
1240 1750 105 30 ungefähr
1356 1748 155 32 gleichzeitigen
1522 1746 44 22 und
1578 1744 104 23 derselben

958 1785 122 30 Stimmung
1091 1789 166 25 entsprungenen
1268 1781 136 31 Löwenburg
1416 1782 29 20 im
1456 1780 53 22 Park
1521 1787 24 15 zu
1557 1776 112 24 Wilhelms-

959 1818 64 22 höhe.

1008 1931 103 23 Friedrich
1126 1930 107 23 Wilhelm
1247 1931 35 22 111.
1301 1930 44 21 und
1361 1929 34 22 die
1411 1928 95 30 Königin
1522 1926 75 23 Louise
1613 1924 68 23 haben

959 1966 72 30 wenig
1043 1967 79 29 Spuren
1133 1964 23 22 in
1164 1963 99 23 Potsdam
1274 1962 142 23 hinterlassen.
1438 1960 113 31 Behaglich
1562 1958 82 23 fühlten
1653 1957 27 21 sie

959 1999 45 22 sich
1020 2007 38 14 vor
1073 1997 62 22 allem
1150 1996 41 23 auf
1202 1996 36 23 der
1249 1996 137 22 Pfaueninsel.
1410 1995 63 22 Doch
1484 1992 76 24 dürfen
1572 1993 29 21 im
1612 1990 58 23 Stadt-

959 2030 77 25 schloß
1048 2031 33 21 die
1093 2030 92 22 Zimmer
1196 2030 37 22 der
1245 2030 95 29 Königin
1351 2029 61 22 nicht
1423 2027 113 22 übersehen
1547 2024 83 24 werden
1642 2028 39 16 mit

958 2066 55 22 ihrer
1028 2063 115 26 einfachen,
1158 2062 49 23 aber
1219 2063 36 22 hie
1270 2062 44 22 und
1326 2062 26 22 da
1365 2061 112 30 ungemein
1488 2055 192 36 geschmackvollen

959 2100 138 27 Ausstattung
1103 2096 22 22 in
1130 2096 125 30 Mahagoni.
1265 2096 52 21 Hier
1323 2096 27 21 ist
1356 2095 36 21 der
1398 2095 59 21 letzte
1461 2096 49 20 Rest
1516 2100 42 14 von
1564 2089 116 24 fürstlicher

958 2130 175 32 Repräsentation
1147 2128 126 31 abgestreift.
1301 2128 55 22 Aber
1368 2128 78 22 Kultur
1457 2127 26 21 ist
1495 2127 73 20 immer
1579 2122 55 23 noch
1646 2120 31 21 da.

959 2168 42 20 Das
1014 2166 61 29 Auge
1086 2163 58 22 hatte
1156 2162 57 22 noch
1224 2162 37 22 das
1273 2160 108 24 Bedürfnis
1393 2161 54 22 nach
1458 2159 49 22 dem
1517 2155 92 24 Anblick
1621 2158 58 26 guter

959 2197 139 24 Verhältnisse
1109 2195 43 23 und
1165 2195 66 23 Scheu
1247 2203 39 14 vor
1301 2194 102 23 falschem
1414 2195 49 20 Putz
1474 2190 44 23 und
1530 2188 75 24 Prunk.
1626 2186 52 21 Was

959 2232 36 22 das
1004 2230 99 23 moderne
1112 2229 69 22 Berlin
1188 2230 48 29 jetzt
1246 2236 35 15 aus
1290 2227 96 31 England
1395 2226 44 23 und
1448 2223 97 24 Amerika
1555 2219 72 32 geholt
1635 2218 42 25 hat,

959 2265 39 23 den
1014 2263 122 26 schlichten,
1152 2262 119 22 sachlichen
1282 2262 39 21 Stil
1336 2260 35 23 der
1383 2261 143 25 Ausstattung,
1541 2255 35 21 das
1590 2253 55 21 hätte
1657 2257 20 14 es

959 2300 44 22 hier
1015 2298 64 22 näher
1088 2295 43 23 und
1142 2309 28 2 —
1181 2303 65 14 wenn
1256 2295 56 22 auch
1321 2292 97 24 ebenfalls
1428 2289 40 24 auf
1473 2288 113 31 englischer
1594 2284 70 22 Grund-

959 2332 47 30 lage
1020 2345 28 3 —
1062 2328 135 33 preußischer
1209 2328 68 22 haben
1289 2327 91 22 können.

986 2498 0 0 51
