2090 2875
425 341 111 22 entfernen.
560 344 24 19 Es
597 342 24 22 ist
634 342 61 22 daher
706 343 132 31 begreiflich,
850 347 44 22 dafs
905 349 34 21 der
949 351 44 22 eine
1002 353 48 22 oder
1060 355 72 23 andere

425 374 103 25 Künstler,
545 382 63 13 voran
625 376 71 28 gerade
709 377 73 26 Maler,
800 379 20 21 in
835 380 46 23 dem
893 388 79 17 ernsten
984 386 81 22 Streben
1079 390 53 21 nach

425 406 46 20 echt
491 405 156 23 koloristischen
667 407 94 24 Effekten
782 411 43 22 sich
843 413 21 21 in
883 414 79 23 Stoffen
978 421 93 21 versucht
1100 422 32 22 die

425 446 92 21 weniger
524 439 182 30 Schwierigkeiten
714 441 66 23 bieten
792 444 28 21 als
830 445 31 22 die
867 448 93 22 Technik
966 450 34 22 der
1006 452 85 24 Malerei
1110 456 21 21 in

426 469 65 22 denen
503 479 20 12 er
535 471 46 21 aber
593 473 55 20 noch
662 473 101 29 grösseren
776 477 132 25 malerischen
917 483 49 21 Reiz
977 491 24 14 zu
1010 486 84 23 erzielen
1103 489 29 21 im

427 502 70 22 stände
513 509 24 15 ist
566 506 38 19 Die
620 506 150 24 meisterhaften
785 511 95 23 Arbeiten
893 513 34 22 der
938 517 83 29 Japaner
1035 519 20 22 in
1070 522 55 21 Lack

427 535 76 21 Bronze
524 535 96 23 Stickerei
629 546 70 14 usr.
712 540 66 23 haben
793 543 38 21 den
844 546 108 23 Künstlern
967 549 52 23 dazu
1031 553 57 21 nicht
1100 563 32 13 am

428 574 114 22 wenigsten
554 568 34 22 das
596 570 86 23 Vorbild
695 574 42 20 und
751 574 38 22 den
799 577 47 21 Mut
856 580 95 29 gegeben.
970 584 50 22 Wie
1029 585 32 22 die
1071 585 49 24 kolo-

430 600 89 21 ristische
529 601 73 22 Schule
612 610 79 15 unserer
699 606 129 25 modernsten
836 612 73 26 Kunst,
919 623 22 12 so
949 615 25 21 ist
984 616 46 23 aber
1038 620 52 21 auch
1101 621 31 21 die

429 634 179 30 Gegenstrümung
623 635 31 22 die
663 645 35 13 aus
706 638 34 22 der
748 640 183 34 Gleichgültigkeit
938 657 63 22 gegen
1009 651 110 32 denGegen-

429 664 57 21 stnd
497 665 33 21 der
538 668 129 31 Darstellung
673 671 40 21 und
723 672 32 22 die
761 674 94 23 Formen-
864 679 41 21 und
912 681 163 31 Kompositionsl
1078 687 44 28 osig-

430 695 42 22 ke.t
482 696 34 22 der
522 699 138 24 Naturalisten
668 704 41 21 und
717 705 116 25 Koloristen
841 713 119 22 entstanden
968 695 34 50 ist:
1010 716 32 23 die
1049 720 84 25 Gruppe

430 761 42 22 und
482 762 35 22 der
525 764 155 32 Schwiengke.t
690 777 20 13 in
719 770 32 22 die
760 773 104 28 moderne,
876 779 52 21 auch
938 780 61 22 ihnen
1010 784 123 23 anhaftende

429 794 180 26 Unbestimmthe.t
624 800 34 22 der
673 803 83 23 Formen
774 806 123 26 wirklichen
911 812 35 21 Stil
961 822 25 12 zu
999 814 83 30 bringen
1112 819 21 21 in

430 861 137 23 Rucksichten
605 866 27 21 Dl
634 874 9 13 e
662 872 263 27 ornamental-stilistische
944 879 135 29 Behandlung
1099 884 35 21 der

430 893 70 21 Forme
532 903 5 13 ,
540 904 12 12 n
564 896 38 22 den
619 900 153 26 verschiedenen
788 906 86 23 Fächern
891 910 34 22 des
943 913 181 25 Kunsthandwerk

430 924 61 23 bietet
502 927 39 22 den
552 936 84 20 ernsten,
650 933 172 29 phantasievollen
832 942 109 23 Künstlern
954 944 64 23 dieser
1027 949 108 22 Ricinus

431 965 21 13 m
470 958 34 22 der
516 961 120 33 Gestaltung
651 966 33 22 des
700 967 117 31 figürlichen
834 974 113 25 Schmucks
962 987 42 13 von
1016 981 53 22 Zinn
1093 959 41 45 von

429 989 85 25 Mobeln
524 1001 20 14 u.
552 993 36 24 sf.
598 1004 58 16 einen
668 999 107 26 leichteren
785 1004 78 32 Erfolg,
876 1009 45 21 eine
930 1010 111 24 stilvollere
1050 1016 84 28 Lösung

430 1023 51 22 ihrer
493 1026 155 33 Bestrebungen,
661 1032 28 22 als
701 1042 19 12 es
733 1035 20 21 in
768 1036 35 23 der
814 1039 85 23 Malerei
911 1043 92 28 möglich
1016 1047 25 21 ist
1075 1050 58 21 Denn

429 1063 55 47 Tal
565 1068 13 14 11
578 1047 29 66 -
607 1071 10 12 Z
618 1064 37 49 V
657 1065 18 21 ei
678 1071 44 42 nl
728 1070 84 27 SCSUCht
829 1073 43 21 Und
894 1047 106 52 -ni£f
1001 1083 8 17 rt
1026 1081 68 23 ersehe

429 1087 166 67 feftu
678 1098 45 22 Dek
725 1108 13 13 °
740 1102 66 22 ration
823 1113 12 13 V
837 1113 13 13 °
851 1114 13 13 n
881 1115 37 22 V°
922 1108 15 22 k
976 1119 27 13 ™
1005 1111 12 21 d
1034 1098 100 39 -boiki

771 1156 17 20 *

428 1189 105 53 KunSn
534 1191 6 20 B
536 1224 10 18 H
553 1191 34 23 dm
590 1201 14 41 !
605 1202 67 23 UngCn
686 1204 24 38 ?
725 1199 53 23 dner
789 1203 18 20 ei
809 1210 13 22 B
824 1206 63 20 enarti
888 1214 39 22 g»
938 1209 150 33 Entwicklung
1100 1214 34 21 des

428 1220 58 55 lZ
511 1223 73 56 heiul
600 1267 8 12 ,
608 1235 9 29 ?
633 1236 36 43 T
687 1230 25 22 de
740 1234 44 21 BeSt
786 1242 20 14 -
807 1235 12 22 b
822 1244 67 23 -g-
907 1248 81 16 unserer
1003 1220 131 48 modernsten

428 1258 70 46 LuTa
726 1264 34 23 der
775 1269 91 23 Rkhtun
868 1280 13 21 S
897 1273 12 21 d
945 1275 131 29 Befähigung
1093 1280 41 21 und

428 1286 48 21 Lust
488 1287 33 22 der
530 1291 94 23 Kunstler
633 1295 112 24 zweifellos
755 1301 98 29 gegeben;
866 1304 142 26 insbesondere
1017 1285 117 49 erscheinen

428 1317 22 54 t
497 1321 41 54 2
650 1335 19 14 Se
675 1361 24 17 u
701 1331 34 21 tän
736 1330 21 48 f
758 1340 25 23 ge
809 1336 70 22 Beteili
881 1346 57 23 S™g
955 1349 33 14 am
1000 1343 18 20 K

430 1354 65 52 11l
512 1386 38 22 auf
563 1365 41 43 1,
622 1367 40 41 T
664 1369 9 13 C
675 1362 35 46 I
712 1363 40 22 auf
752 1354 13 54 .
765 1374 9 11 C
775 1374 7 28 !
784 1374 24 13 ne
825 1367 82 31 P*«*
982 1374 152 30 koloristische,

430 1544 54 21 einer

430 1575 90 25 dadurch
532 1582 95 28 gegeben,
643 1564 123 48 dafs'ichh
767 1562 160 59 LTtÄT

428 1616 35 13 aus
479 1609 39 23 den
530 1614 164 25 Gewohnheiten
712 1622 33 17 K,r
924 1601 54 23 alten
991 1605 53 22 Trad
1047 1612 87 22 itionen,

429 1639 62 24 falten
512 1643 83 24 können
625 1649 39 22 d,f
690 1654 41 19 sich
797 1634 32 39 7
844 1632 43 20 n3ti
889 1640 12 13 °
904 1634 54 22 naleS
970 1637 57 22 Haus
1040 1639 36 22 hat
1089 1646 30 16 ™t-

428 1662 301 43 forderungendesAmrikl
864 1664 141 26 Bedürfnissen
1029 1672 42 21 und
1088 1674 30 21 An-

429 1684 161 53 herausgeLdet
605 1683 35 52 hi
669 1718 23 21 M
837 1702 19 45 f°
859 1703 9 13 C
870 1695 13 52 t
896 1700 120 47 ?**?
1017 1711 10 13 *
1039 1704 93 24 ****

430 1739 69 22 nächst
508 1749 38 14 nur
555 1744 65 30 einige
629 1750 81 24 wenige
719 1754 18 20 K
740 1756 23 18 ün
764 1730 26 44 ?H
868 1728 14 46 t
911 1739 24 13 m
951 1739 20 16 *
984 1735 98 25 Amerika
1096 1747 25 14 ZU

430 1768 33 24 ftr
472 1772 31 21 die
513 1754 185 50 gegebenUZ
712 1792 11 13 u
727 1793 26 22 ng
778 1761 6 16 '
878 1770 53 45 oT

430 1802 97 25 lerischen
541 1808 108 25 Ausdruck
663 1794 75 39 <xef„J
786 1797 26 14 ™
815 1794 51 19 dAn
866 1794 140 39 ,Forderungen
1014 1800 38 22 den
1060 1802 72 24 künst-

429 1811 284 59 Bedürfnisseentunde?;
727 1817 129 61 Solche
867 1833 36 46 „T

430 1867 153 27 Dekorationen
595 1876 114 32 verlangten
928 1863 13 19 F
943 1871 12 12 °
957 1871 56 16 rmen
1027 1868 41 21 und
1081 1877 51 15 neue

781 1926 36 43 t
827 1922 102 25 mehreren
939 1928 72 26 jahren
1021 1931 54 23 *~
1084 1935 24 21 e-

431 1943 15 50 m
446 1943 183 50 ochtefchnurd
629 1943 4 67 n
633 1943 262 67 ari:s:L^rf:d
896 1958 59 23 nuher
971 1970 21 12 ve
993 1971 12 39 ;
1006 1962 65 32 folgt;
1089 1966 45 23 hier

431 1998 64 30 artige
512 2001 105 30 Richtung
635 2007 52 22 eines
705 2013 89 18 nitinn.l
919 1999 19 14 S£
949 2001 21 13 m
972 2002 12 13 °
987 1994 59 24 derne
1048 2014 6 8 >
1065 1999 17 21 ei
1084 2007 13 22 g
1098 2008 25 13 en

432 2031 131 24 Handwerks
575 2036 21 21 in
604 2012 43 47 In
902 2025 19 19 K
923 2026 12 19 °
938 2026 38 21 Mtl
977 2035 20 13 «
999 2036 13 13 n

431 2063 45 22 Fufs
485 2065 72 29 gefafst
568 2070 42 20 und
619 2072 54 21 noch
683 2075 38 21 auf
728 2079 37 17 anH
806 2083 14 13 v
896 2063 19 13 Se
933 2056 36 23 her
981 2062 56 20 noch
1048 2062 60 24 feter
1110 2074 24 13 en

432 2074 230 54 sichLgedehntha.
678 2081 34 47 F7a
714 2116 11 13 n
729 2079 52 53 kret
784 2112 11 20 h
814 2091 35 41 7r
850 2092 6 13 e
857 2092 5 13 '
865 2093 12 21 g
879 2094 20 38 %
900 2087 165 29 deSKUnSthand
1066 2105 44 14 --
1111 2098 23 22 ks

432 2130 92 22 mählich
524 2108 11 20 B
538 2133 37 20 mit
587 2133 64 25 Intere
662 2144 19 15 se
692 2139 39 23 auf
739 2111 68 56 S
819 2115 37 50 f

432 2164 123 28 vorragende
565 2166 95 24 Arbeiten
675 2170 34 22 der
720 2145 71 53 S
803 2149 45 50 rfff

1197 359 89 30 einigten
1296 363 82 21 Staaten
1391 364 21 21 in
1424 370 94 16 neuester
1526 365 46 22 Zeit
1584 366 44 21 ihre
1636 366 114 22 besondere
1761 364 146 23 Aufmerksam-

1198 391 43 23 keit
1253 395 137 29 zugewendet
1398 397 43 22 hat.
1457 398 39 21 Ein
1506 397 40 23 auf
1551 399 75 22 Grund
1636 400 56 20 einer
1700 399 98 30 längeren
1807 397 35 23 für
1851 398 68 21 diesen

1198 425 78 22 Zweck
1289 433 189 19 unternommenen
1490 432 60 21 Reise
1565 431 150 31 ausgegebenes
1728 431 69 22 Werk
1813 440 42 13 von
1869 430 52 28 Bing

1198 459 77 29 spricht
1286 461 54 25 sich,
1357 469 60 15 unter
1432 463 153 23 ausführlicher
1600 465 150 30 Begründung,
1767 465 21 21 in
1800 472 54 23 ganz
1870 463 39 22 ähn-

1198 491 63 22 licher
1269 494 72 22 Weise
1350 503 44 19 aus,
1402 496 42 22 wie
1453 496 36 22 der
1497 498 172 21 Unterzeichnete
1679 507 20 12 es
1709 496 71 23 früher
1789 497 76 30 gethan
1875 496 46 22 hat:

1198 525 97 22 Amerika
1306 528 28 21 sei
1343 527 40 22 auf
1389 529 46 22 dem
1444 529 91 23 sicheren
1543 532 77 29 Wege,
1628 531 45 21 eine
1682 531 125 30 eigenartige
1814 527 107 25 nationale

1198 559 67 20 Kunst
1282 560 44 21 sich
1341 568 25 14 zu
1382 562 104 26 schaffen,
1502 564 38 21 mit
1557 564 35 21 der
1605 564 33 21 die
1651 563 147 31 europäische,
1813 571 37 14 aus
1866 561 55 23 alten

1202 591 132 23 Traditionen
1354 594 74 22 immer
1448 604 42 14 von
1514 605 76 13 neuem
1612 596 128 31 schöpfende
1761 596 44 22 und
1826 596 43 22 sich
1891 601 20 14 er-

1198 623 127 32 schöpfende
1336 629 67 20 Kunst
1416 629 65 21 schon
1494 631 46 27 jetzt
1552 630 59 21 nicht
1621 630 59 21 mehr
1689 629 63 22 Stand
1763 629 66 26 halte;
1839 630 82 26 Europa

1198 660 67 19 müsse
1277 658 64 22 dieser
1356 662 121 29 Bewegung
1493 662 50 22 über
1559 662 51 22 kurz
1625 662 52 22 oder
1693 662 49 30 lang
1757 662 83 29 folgen,
1858 666 64 17 wenn

1198 690 55 22 auch
1265 691 38 21 mit
1315 692 66 22 voller
1394 694 200 31 Berücksichtigung
1607 695 35 22 der
1655 695 171 22 Gewohnheiten
1839 694 35 22 der
1886 692 24 21 be-

1198 723 100 22 sonderen
1311 726 174 24 Nationalitäten.

1248 758 71 20 Wenn
1336 759 22 20 in
1374 760 133 26 Frankreich,
1526 761 91 22 welches
1633 761 67 22 durch
1717 761 35 21 das
1773 768 65 22 ganze
1857 766 53 14 neun-

1198 789 72 22 zehnte
1291 790 138 28 Jahrhundert
1450 793 28 22 im
1497 793 187 23 Kunsthandwerk
1707 794 49 21 dem
1775 792 89 23 Vorbild
1888 790 34 21 der

1198 822 83 28 grofsen
1300 824 98 30 Epochen
1416 826 65 22 seiner
1500 827 170 29 Vergangenheit
1690 834 25 14 zu
1733 827 78 20 seinem
1830 823 91 32 gröfsten

1200 855 79 22 Vorteil
1289 861 44 16 treu
1342 856 115 31 geblieben,
1468 859 91 22 dasselbe
1569 861 39 20 mit
1618 860 36 21 der
1662 859 94 30 gröfsten
1766 860 66 20 Treue
1842 857 82 30 kopiert

1200 888 42 21 und
1254 888 54 22 diese
1321 891 65 20 Ware
1399 891 50 21 über
1461 892 40 21 alle
1511 893 59 21 Welt
1583 892 107 22 verbreitet
1702 892 44 24 hat,
1759 892 62 21 heule
1837 887 86 25 officiell

1199 921 33 21 die
1244 922 108 22 schweren
1365 923 93 22 Schäden
1471 925 65 21 dieser
1551 924 201 23 schablonenhaften
1766 924 158 26 Nachahmung

1199 953 114 23 anerkennt
1325 955 43 22 und
1380 956 35 21 das
1427 958 138 30 Einschlagen
1578 959 54 21 eines
1645 966 68 14 neuen
1725 960 91 28 Weges,
1833 957 42 21 wie
1891 955 33 22 die

1199 988 76 23 „Neue
1376 989 37 21 ihn
1425 998 38 13 uns
1475 991 60 29 zeigt,
1546 991 28 22 als
1587 991 126 30 notwendig
1725 990 88 22 erkannt
1823 988 62 25 wird,
1898 994 23 15 so

1200 1020 25 20 ist
1237 1028 19 13 es
1269 1020 33 22 bei
1314 1029 38 14 uns
1365 1021 21 22 in
1397 1023 143 22 Deutschland
1552 1024 77 30 gewifs
1639 1024 84 30 doppelt
1733 1023 97 30 geboten,
1839 1021 40 23 auf
1888 1020 33 22 die

1199 1052 151 31 selbständigen
1368 1055 84 27 Keime,
1470 1056 33 21 die
1521 1057 44 21 sich
1584 1058 21 20 in
1623 1057 66 21 dieser
1706 1056 109 30 Richtung
1833 1055 33 21 bei
1883 1060 38 15 uns

1198 1086 83 29 zeigen,
1297 1086 141 23 aufmerksam
1451 1097 24 12 zu
1492 1090 94 22 machen.
1610 1089 124 30 Gegenüber
1750 1089 35 21 der
1797 1088 74 22 Macht
1888 1086 34 22 der

1199 1119 143 22 Gewohnheit
1358 1120 44 22 und
1415 1129 65 22 gegen
1493 1121 35 23 das
1540 1124 74 20 Gesetz
1627 1122 35 22 der
1673 1122 110 30 Trägheit,
1795 1121 37 22 das
1844 1120 44 22 sich
1900 1119 21 21 in

1199 1150 53 23 allen
1262 1152 41 21 den
1311 1152 198 24 bureaukratischen
1517 1156 111 21 Instituten
1635 1155 43 21 und
1689 1157 114 23 Instanzen,
1809 1155 22 21 in
1840 1152 82 24 welche

1199 1183 32 22 die
1248 1187 68 20 Kunst
1335 1186 33 22 bei
1387 1195 37 13 uns
1442 1187 22 22 in
1481 1188 143 21 Deutschland
1642 1189 123 29 eingezäunt
1783 1188 35 25 ist,
1838 1182 83 35 geltend

1199 1217 81 25 macht,
1299 1217 56 23 kann
1371 1219 45 30 jede
1434 1228 52 14 neue
1504 1221 109 30 Richtung
1631 1230 40 12 nur
1689 1221 94 29 langsam
1800 1220 71 22 Boden
1887 1225 24 22 ge-

1199 1250 95 26 winnen;
1314 1252 132 22 andererseits
1464 1253 55 22 mufs
1537 1254 29 21 sie
1584 1253 47 22 aber
1649 1253 40 22 auf
1707 1254 46 21 eine
1774 1253 73 29 stetige
1865 1253 46 21 Fort-

1199 1283 148 31 entwicklung
1364 1284 39 23 auf
1417 1286 35 21 der
1468 1286 67 30 einzig
1551 1286 105 29 gesunden
1673 1286 122 30 Grundlage
1811 1286 34 22 des
1860 1283 50 32 prak-

1199 1315 79 22 tischen
1290 1317 44 21 und
1347 1319 121 21 nationalen
1479 1318 138 23 Bedürfnisses
1630 1319 43 22 und
1683 1319 35 22 der
1728 1319 149 29 Bedingungen
1889 1316 33 22 des

1199 1349 107 22 Materials
1318 1350 143 30 hingewiesen
1473 1352 91 22 werden.
1588 1352 109 22 Wirklich
1713 1353 70 21 Neues
1799 1352 64 21 bildet
1880 1348 43 24 sich

1199 1380 94 31 langsam
1312 1383 42 21 und
1372 1384 36 21 hat
1427 1385 125 21 mancherlei
1571 1385 78 22 Phasen
1667 1385 189 22 durchzumachen.
1884 1381 39 23 Die

1199 1413 187 32 Flatterhaftigkeit
1404 1417 42 21 und
1467 1421 84 18 nervöse
1569 1418 187 29 Neuerungssucht
1776 1425 81 14 unserer
1876 1422 32 16 mo-

1199 1446 76 22 dernen
1295 1449 69 20 Kunst
1385 1449 56 22 mufs
1458 1457 43 15 von
1523 1451 56 21 einer
1599 1451 85 21 solchen
1706 1450 154 29 Entwicklung
1879 1447 43 23 fern

1199 1479 88 27 bleiben,
1308 1489 51 22 ganz
1380 1480 109 23 besonders
1510 1482 33 22 bei
1563 1491 38 14 uns
1620 1484 21 21 in
1660 1483 154 25 Deutschland,
1835 1490 37 15 wo
1891 1479 32 23 die

1199 1513 86 29 Fragen:
1302 1522 44 13 was
1361 1514 25 21 ist
1402 1514 36 22 das
1455 1515 97 22 deutsche
1568 1518 70 19 Haus?
1656 1524 44 14 was
1719 1516 41 22 soll
1777 1524 19 13 es
1814 1516 54 21 sein?
1886 1520 36 16 wo

1199 1545 45 21 sind
1264 1546 55 22 seine
1338 1546 140 31 berechtigten
1497 1548 120 21 nationalen
1635 1548 238 30 Eigentümlichkeiten,
1891 1546 31 22 die

1199 1578 89 29 gepflegt
1303 1579 85 22 werden
1406 1580 43 21 und
1466 1580 60 21 einen
1545 1580 166 23 künstlerischen
1726 1581 112 22 Ausdruck
1856 1579 67 23 haben

1199 1613 96 20 müssen?
1311 1612 56 22 noch
1380 1612 141 22 beantwortet
1533 1613 86 21 werden
1631 1617 89 18 müssen.
1747 1617 61 19 Denn
1821 1612 103 29 vorläufig

1200 1643 67 22 haben
1280 1645 39 21 wir
1335 1653 40 13 nur
1389 1645 34 22 die
1439 1646 95 29 negative
1546 1647 111 20 Antwort:
1673 1647 34 21 die
1719 1647 151 22 Mietskaserne
1888 1645 36 22 der

1198 1676 198 31 Reichshauptstadt
1411 1678 39 22 mit
1467 1678 47 22 dem
1529 1679 106 25 „Berliner
1782 1680 35 22 der
1833 1678 78 31 „Kegel-

1290 1710 42 21 und
1351 1710 40 22 den
1601 1711 58 23 kann
1676 1713 59 21 nicht
1756 1713 40 22 den
1813 1711 110 33 Anspruch

1198 1741 185 27 daraufmachen,
1399 1744 29 21 als
1440 1744 83 22 Modell
1540 1744 33 22 des
1589 1745 112 22 deutschen
1713 1747 81 20 Hauses
1806 1754 25 13 zu
1844 1743 78 33 gelten!

1551 1800 16 19 $

1363 1844 103 21 ERNST
1483 1844 128 22 MORITZ
1629 1846 128 21 GEYGER

1248 1881 40 19 Der
1303 1882 42 19 Pan
1361 1881 36 21 hat
1413 1882 66 21 schon
1495 1890 41 14 von
1551 1883 78 21 seinem
1645 1889 66 15 ersten
1722 1883 105 30 Jahrgang
1844 1890 25 14 an
1886 1880 37 22 auf

1198 1912 121 22 vereinzelte
1326 1914 169 30 Erscheinungen
1505 1915 52 23 nach
1568 1915 34 23 der
1610 1916 43 22 hier
1660 1916 146 30 gezeichneten
1814 1915 108 27 Richtung

1199 1943 141 24 aufmerksam
1355 1947 108 29 gemacht;
1479 1948 30 21 im
1521 1948 128 23 Schlufsheft
1664 1949 34 22 des
1711 1949 74 22 letzten
1796 1949 125 28 Jahrganges

1198 1976 40 22 auf
1252 1977 32 22 die
1296 1979 201 30 Wandteppiche
1512 1981 35 22 der
1558 1982 143 22 Webeschule
1717 1990 43 13 von
1772 1978 150 26 Scherrebek

1199 2010 42 21 und
1259 2009 71 23 früher
1347 2012 66 21 schon
1437 2012 40 22 auf
1499 2015 135 30 Küppings
1653 2015 108 28 geblasene
1785 2015 73 22 Gläser
1878 2009 44 26 und

1199 2042 104 23 Obrists
1312 2045 194 30 epochemachende
1513 2047 155 22 Stickarbeiten.
1686 2048 23 21 In
1719 2047 48 22 dem
1774 2045 148 31 vorliegenden

1199 2076 52 20 Heft
1263 2076 65 29 geben
1341 2078 39 21 wir
1393 2078 45 21 eine
1451 2087 52 13 neue
1516 2080 71 21 Arbeit
1600 2080 63 22 dieser
1675 2081 46 24 Art,
1733 2081 40 21 den

1443 2129 236 22 STANDSPIEGEL

1199 2175 43 14 von
1259 2169 59 21 Ernst
1332 2170 79 22 Moritz
1424 2172 89 29 Geyger,
1531 2172 35 22 der
1584 2172 39 22 auf
1639 2173 74 22 Grund
1731 2174 56 21 einer
1804 2172 118 27 Bestellung

1200 2207 80 15 unseres
1288 2202 79 22 Kaisers
1377 2203 95 22 entstand
1481 2204 43 22 und
1534 2211 39 15 erst
1581 2205 94 23 kürzlich
1682 2206 105 22 vollendet
1794 2205 89 23 worden
1890 2204 31 21 ist.

1200 2232 38 21 Die
1256 2234 153 30 Heliogravüre
1427 2236 43 22 und
1488 2236 35 22 der
1540 2238 128 22 Lichtdruck
1684 2239 55 22 nach
1757 2239 48 21 dem
1822 2234 102 26 Entwurf

1202 2263 34 23 des
1251 2266 129 23 Flachreliefs
1397 2268 41 22 auf
1451 2269 34 22 der
1500 2270 111 22 Rückseite
1627 2271 35 22 des
1678 2271 138 31 eigentlichen
1832 2269 89 33 Spiegels

1201 2297 65 29 geben
1295 2307 23 14 so
1347 2301 115 30 gelungene
1485 2304 189 31 Nachbildungen,
1700 2305 44 22 dass
1771 2305 45 21 eine
1842 2309 80 26 genaue

1229 2456 0 0 42
