3832 4572
2190 3900 217 46 134

1570 2189 36 32 [E
1632 2186 168 36 Zustände
1828 2188 36 34 in
1891 2187 149 36 Dresden
2065 2188 111 36 bieten
2204 2191 54 33 ein

1581 2241 75 34 sehr
1682 2240 107 36 klares
1816 2240 70 36 und
1913 2241 35 35 in
1973 2243 96 34 mehr
2094 2243 47 35 als
2169 2244 89 34 einer

1581 2294 191 48 Beziehung
1790 2295 218 48 eigenartiges
2023 2295 75 35 Bild
2119 2295 53 36 des
2188 2299 46 33 Zu-

1582 2347 300 36 sammenwirkens
1909 2347 56 36 der
1991 2349 266 49 mannigfachen

1582 2400 168 36 Faktoren
1758 2428 10 14 3
1815 2401 53 35 die
1915 2401 56 35 das
2013 2401 243 38 künstlerische

1580 2453 111 36 Leben
1705 2455 36 34 in
1754 2467 115 23 unsrer
1880 2456 135 49 Epoche
2027 2455 228 39 beeinflussen.

1660 2509 51 34 Im
1757 2522 234 36 vergangenen
2031 2511 225 44 Jahrhundert

1581 2561 124 35 kamen
1719 2561 108 36 neben
1842 2561 77 36 dem
1933 2563 158 35 Künstler
2110 2563 46 35 als
2172 2567 63 33 Pro-

1582 2614 163 36 duzenten
1783 2615 70 35 und
1895 2615 76 35 dem
2007 2619 136 33 Fürsten
2186 2617 69 35 und

1581 2669 123 34 seinem
1721 2667 82 37 Hof
1818 2669 45 35 als
1883 2672 124 33 Mäcen
2026 2669 136 49 grofsen
2176 2671 77 35 Stils

1079 2717 97 36 keine
1206 2718 141 35 anderen
1366 2720 139 34 Mächte
1529 2721 37 33 in
1584 2723 155 34 Betracht
1759 2721 109 37 aufser
1893 2722 56 36 der
1968 2724 124 35 Kirche
2115 2724 70 35 und
2204 2724 50 36 bis

1080 2785 40 21 zu
1142 2772 108 34 einem
1269 2772 164 48 gewissen
1448 2774 111 34 Grade
1579 2774 56 36 der
1649 2775 321 50 Stadtverwaltung.
2001 2778 101 34 Nach
2116 2777 57 35 der
2187 2781 45 33 Re-

1078 2824 160 36 volution
1258 2833 64 27 trat
1342 2824 53 36 die
1414 2827 123 35 Kirche
1557 2828 47 35 als
1623 2828 174 50 lebendige
1816 2828 99 36 Kraft
1934 2830 140 42 zurück,
2095 2831 69 35 und
2184 2833 69 35 wie

1079 2877 56 35 der
1153 2878 110 35 Palast
1292 2878 53 35 des
1366 2881 153 41 Fürsten,
1541 2881 56 35 der
1621 2883 97 34 einen
1736 2882 263 36 Mikrokosmos
2029 2884 78 36 alles
2134 2883 99 37 künst-

1078 2930 161 37 lerischen
1265 2931 69 35 und
1359 2931 205 38 kulturellen
1582 2935 123 36 Lebens
1725 2935 147 49 gebildet
1895 2937 105 41 hatte,
2025 2938 36 34 in
2084 2939 87 34 seine
2191 2942 42 32 Be-

1078 2984 173 35 standteile
1265 2984 154 42 Theater,
1439 2989 104 47 Oper,
1558 2990 243 40 Konzerthaus,
1818 2990 299 49 Gemäldegalerie,
2133 2993 100 49 Sculp-

1079 3037 302 48 turensammlung,
1412 3040 335 44 Gewerbemuseum,
1776 3043 289 42 Kulturmuseum,
2092 3043 137 38 Waffen-

1078 3090 203 48 sammlung.
1293 3093 328 37 Naturhistorisches
1632 3099 172 38 Museum,
1816 3097 285 37 Völkermuseum
2117 3112 33 22 u.
2166 3112 24 23 s.
2202 3113 47 22 w.

1079 3142 168 49 aufgelöst
1262 3144 118 35 wurde
1397 3146 142 47 (womit
1554 3148 57 34 der
1625 3148 139 36 Anstofs
1780 3163 57 21 zur
1851 3150 148 49 Bildung
2013 3152 89 34 einer
2114 3152 137 48 grofsen

1079 3196 83 34 Zahl
1181 3210 111 26 neuer,
1319 3196 76 36 dem
1420 3213 231 36 vergangenen
1668 3203 225 44 Jahrhundert
1911 3203 234 37 unbekannter
2164 3209 64 32 Bau-

1079 3250 213 46 organismen
1310 3251 148 46 gegeben
1476 3256 91 46 war)
1587 3268 38 21 so
1646 3255 91 35 teilte
1757 3257 72 35 sich
1849 3258 89 34 auch
1963 3257 54 36 die
2036 3259 212 42 ästhetische,

1079 3301 159 36 kritische
1265 3302 68 35 und
1359 3304 382 40 volkswirtschaftliche
1765 3309 174 36 Funktion
1963 3310 55 36 des
2044 3311 110 37 Hofes
2178 3313 71 35 und

1078 3355 117 34 wurde
1215 3355 107 35 vielen
1340 3359 254 36 verschiedenen
1613 3362 175 34 Schultern
1814 3362 212 50 aufgeladen,
2048 3365 76 35 dem
2143 3369 105 39 Staat,

1079 3408 109 34 seinen
1203 3408 175 36 Anstalten
1398 3411 70 34 und
1487 3413 113 34 seinen
1615 3416 171 40 Beamten,
1807 3416 65 35 den
1886 3419 276 41 Kunstvereinen,
2184 3419 64 36 den

1078 3461 197 41 Sammlern,
1296 3461 57 35 der
1371 3466 119 40 Presse,
1509 3479 99 34 sogar
1628 3466 77 36 dem
1724 3470 244 36 Kunsthandel.

1157 3516 166 46 Langsam
1343 3515 110 36 haben
1471 3518 71 35 sich
1561 3518 86 36 diese
1665 3534 108 22 neuen
1787 3523 139 35 Mächte
1946 3525 208 36 entwickelt.
2183 3527 65 34 Die

1078 3567 138 34 meisten
1234 3567 74 35 sind
1328 3569 87 34 auch
1430 3570 103 35 heute
1551 3573 90 34 noch
1655 3574 95 35 nicht
1765 3577 135 41 soweit,
1921 3576 73 36 dafs
2012 3579 46 34 sie
2073 3579 71 34 sich
2158 3580 89 34 nach

1079 3618 55 35 der
1155 3620 155 44 Qualität
1334 3622 89 34 ihrer
1446 3624 205 48 Leistungen
1674 3626 198 51 ebenbürtig
1895 3629 109 36 neben
2027 3631 65 35 den
2111 3634 135 33 Fürsten

1079 3671 69 35 und
1172 3673 109 35 seinen
1307 3673 80 36 Hof
1407 3675 115 35 stellen
1550 3677 144 36 dürften.
1733 3683 44 32 So
1803 3681 60 35 hat
1891 3696 27 22 z,
1935 3685 34 34 B.
1998 3683 58 35 der
2085 3685 161 34 moderne

2367 2194 93 33 Staat
2479 2193 64 34 mit
2562 2193 112 34 seinen
2693 2194 140 39 Bauten,
2855 2194 252 34 Monumenten
3128 2193 70 35 und
3213 2193 154 49 Anlagen
3382 2194 92 35 noch
3488 2194 54 35 bei

2365 2245 140 35 weitem
2536 2246 96 34 nicht
2652 2245 106 36 soviel
2779 2245 115 36 Glück
2914 2245 145 50 gehabt,
3088 2247 69 34 wie
3188 2246 58 36 der
3274 2250 94 32 Fürst
3394 2248 57 34 der
3484 2246 39 37 ab-

2365 2299 251 35 solutistischen
2648 2299 154 49 Epoche,
2836 2299 71 34 und
2940 2300 53 35 die
3020 2300 150 35 Ursache
3195 2301 43 34 ist
3265 2301 96 35 nicht
3389 2302 85 35 weit
3502 2314 39 22 zu

2365 2353 142 35 suchen:
2529 2366 32 21 er
2580 2353 42 34 ist
2641 2354 93 35 noch
2753 2352 79 36 kein
2852 2353 156 42 Bauherr,
3025 2354 57 34 der
3102 2354 90 34 seine
3211 2355 106 34 Sache
3337 2356 155 34 versteht.

2443 2618 85 34 Wie
2552 2619 72 34 sich
2650 2617 53 36 die
2731 2617 267 37 künstlerischen
3018 2619 111 48 Dinge
3154 2621 60 33 seit
3243 2619 63 35 den
3325 2618 195 51 Befreiungs-

2362 2670 139 50 kriegen
2519 2672 38 34 in
2571 2671 149 35 Dresden
2740 2671 198 36 entwickelt
2957 2671 123 43 haben,
3100 2673 42 34 ist
3161 2674 36 33 in
3217 2673 63 34 den
3299 2673 134 36 äufsern
3452 2677 58 32 Um-

2362 2725 102 35 rissen
2490 2724 149 36 bekannt
2668 2739 124 35 genug.
2834 2728 71 32 Um
2939 2726 99 35 1880
3064 2740 74 21 war
3166 2726 53 35 die
3242 2728 149 48 Epoche,
3419 2728 38 35 in
3483 2728 56 35 der

2362 2778 148 35 Dresden
2536 2779 74 35 eine
2636 2777 240 37 bestimmende
2902 2779 120 35 Macht
3048 2779 54 35 des
3128 2779 268 36 künstlerischen
3415 2781 122 36 Lebens

2361 2832 37 34 in
2418 2831 231 36 Deutschland
2677 2832 186 42 bedeutete,
2892 2833 50 34 im
2961 2832 147 37 Grofsen
3134 2833 71 35 und
3224 2837 137 32 Ganzen
3385 2834 153 37 vorüber.

2361 2886 65 34 Die
2444 2885 123 35 Führer
2592 2899 117 22 waren
2733 2886 178 48 gestorben
2937 2886 82 35 oder
3046 2887 46 34 sie
3119 2900 132 28 waren,
3278 2887 48 35 bis
3352 2887 66 36 auf
3439 2890 96 33 einen

2362 2938 82 36 oder
2463 2940 98 40 zwei,
2582 2939 63 35 mit
2663 2939 88 35 ihrer
2770 2938 99 36 Kraft
2888 2940 72 35 und
2980 2941 108 34 ihrem
3107 2939 111 36 Leben
3246 2954 56 21 am
3320 2941 101 36 Ende.

2443 2993 62 34 Die
2522 3002 105 26 ersten
2638 2995 108 33 Boten
2757 2992 54 36 des
2829 3007 109 21 neuen
2949 2993 137 41 Lebens,
3109 2994 56 35 das
3181 2993 152 36 unterdes
3352 2995 37 35 in
3410 2995 125 35 andern

2361 3045 183 36 deutschen
2562 3046 246 36 Kunststädten
2828 3047 152 36 erwacht
3000 3061 85 27 war,
3107 3048 148 49 pochten
3275 3061 60 21 um
3355 3047 86 36 diese
3460 3050 74 33 Zeit

2360 3113 43 21 an
2422 3099 162 35 Dresdens
2603 3100 123 35 Thore.
2764 3099 82 36 Dafs
2871 3100 55 35 die
2945 3103 166 32 Vertreter
3135 3101 57 35 der
3212 3101 180 34 Dresdener
3412 3104 120 38 Kunst,

2359 3153 71 35 ihre
2470 3153 140 35 Schüler
2644 3155 72 33 und
2756 3153 54 35 die
2848 3155 37 33 in
2926 3154 97 35 ihren
3055 3155 225 34 Traditionen
3321 3155 211 34 erwachsene

2357 3206 167 36 Dresdner
2543 3205 224 37 Gesellschaft
2789 3208 45 34 sie
2848 3208 96 34 nicht
2957 3209 65 33 mit
3034 3207 96 46 Jubel
3146 3207 205 49 empfangen
3365 3206 165 43 konnten,

2357 3259 83 49 liegt
2461 3259 65 37 auf
2540 3261 58 34 der
2617 3259 114 37 Hand.
2764 3261 102 35 Auch
2885 3261 36 34 in
2940 3261 149 35 Dresden
3108 3260 222 36 wiederholte
3349 3261 71 35 sich
3441 3261 87 35 dann

2358 3313 57 35 das
2434 3312 306 43 Mifsverständnis,
2760 3313 72 36 dafs
2853 3327 73 22 nun
2946 3315 63 33 mit
3028 3315 110 33 einem
3158 3313 93 35 Male
3270 3313 103 42 Alles,
3388 3328 72 21 was
3481 3315 48 34 bis

2359 3367 105 35 dahin
2488 3367 160 48 gegolten
2674 3368 112 40 hatte,
2817 3367 186 48 abgethan,
3032 3366 72 36 dafs
3128 3380 70 21 nun
3223 3367 109 35 nichts
3360 3367 95 35 mehr
3481 3369 47 34 als

2357 3420 121 48 gerade
2498 3420 58 35 das
2575 3423 150 32 Neueste
2749 3433 41 22 zu
2811 3423 127 33 Gemüt
2963 3421 108 47 gehen
3094 3420 112 42 sollte,
3228 3420 72 35 und
3326 3419 56 36 der
3400 3420 134 51 Kampf

2357 3487 75 22 war
2452 3473 54 42 da,
2526 3474 69 34 wie
2615 3473 141 35 überall.

2436 3529 38 33 In
2502 3527 57 34 der
2587 3526 125 35 kurzen
2740 3527 85 40 Zeit,
2852 3526 53 34 die
2933 3527 121 34 seither
3078 3526 191 41 verflossen,
3295 3527 60 35 hat
3378 3528 73 35 sich
3474 3528 54 34 die

2355 3581 174 34 Situation
2553 3579 164 49 gewaltig
2740 3579 216 37 verschoben.
2993 3579 184 37 Grollende
3204 3580 77 35 Alte
3305 3581 76 35 sind
3409 3582 119 34 immer

2353 3635 93 34 noch
2473 3633 52 42 da,
2551 3632 76 36 aber
2644 3633 112 35 neben
2775 3633 104 35 ihnen
2904 3633 42 35 ist
2972 3633 54 35 ein
3049 3637 118 45 junges
3188 3634 201 36 Geschlecht
3408 3635 100 35 heran-

2356 3687 215 47 gewachsen,
2592 3686 57 36 das
2668 3685 56 37 für
2743 3687 86 35 seine
2848 3699 109 23 neuen
2975 3686 109 36 Ideale
3104 3686 107 36 wirkt
3231 3687 70 35 und
3323 3687 114 36 wirbt.
