3816 4572
2104 3924 216 42 166

995 573 101 36 Auch
1114 574 37 34 in
1169 573 63 35 den
1253 573 113 35 besten
1384 571 149 36 Stücken
1551 572 42 34 ist
1613 571 77 35 dem
1704 570 231 35 Portraitisten
1954 569 57 35 das
2031 570 132 34 Feinere

995 627 74 35 und
1081 625 132 36 Tiefere
1233 626 57 35 der
1308 625 260 35 Individualität
1588 623 188 49 entglitten.
1806 623 63 34 Die
1886 623 278 47 Gewöhnungen

994 681 103 33 seines
1117 678 303 36 Formendialektes
1439 678 89 47 legte
1544 676 154 36 Cranach
1717 676 88 34 auch
1824 675 89 35 beim
1930 676 233 34 Portraitieren

993 733 95 35 nicht
1099 732 52 41 ab,
1162 732 161 49 ungleich
1337 731 134 48 einigen
1485 729 309 35 niederländischen
1804 729 233 40 Manieristen,
2049 728 53 35 die
2114 729 50 34 im

993 783 208 37 Bildnisfach
1225 785 107 34 durch
1351 782 220 48 Tüchtigkeit
1595 782 71 35 und
1692 782 211 34 Gesundheit
1929 782 232 35 überraschen.

1074 841 71 33 Aus
1166 838 77 34 dem
1257 837 104 35 Alten
1374 839 212 33 Testamente
1605 834 129 36 wählte
1754 834 56 35 der
1825 835 186 35 sächsische
2024 835 139 34 Meister

995 891 124 35 keinen
1138 890 215 48 Gegenstand
1377 889 102 35 lieber
1503 888 47 36 als
1571 888 65 34 den
1655 886 216 42 Sündenfall,
1898 888 210 35 namentlich
2127 888 36 34 in

994 944 65 35 den
1087 957 43 33 30
1140 957 33 21 er
1191 943 120 46 Jahren
1330 943 54 35 des
1409 941 251 46 Jahrhunderts.
1702 942 84 34 Wie
1810 940 176 49 glücklich
2010 942 94 34 hatte
2130 955 33 21 er

991 998 38 34 in
1048 997 76 35 dem
1138 996 235 35 Holzschnitte
1392 1008 70 22 von
1481 994 57 47 150
1557 994 19 47 p
1595 994 58 47 die
1674 1002 105 27 ersten
1794 995 187 34 Menschen
2000 996 48 33 im
2063 997 80 33 Para-

993 1050 86 35 diese
1093 1049 170 36 zwischen
1277 1049 65 34 den
1355 1049 119 34 Tieren
1495 1048 55 34 des
1565 1046 143 36 Waldes
1729 1047 199 48 dargestellt.
1964 1050 93 43 Jetzt,
2078 1048 84 35 stolz

992 1103 136 47 besorgt
1147 1116 61 20 um
1228 1102 65 34 den
1312 1099 113 37 Effekt
1444 1101 105 34 seiner
1568 1100 145 35 nackten
1733 1102 203 40 Menschen,
1962 1100 146 36 entfernt
2128 1115 34 21 er

991 1155 189 35 säuberlich
1199 1154 103 41 Alles,
1323 1167 72 22 was
1415 1154 66 35 den
1499 1153 97 35 Blick
1614 1166 71 23 von
1704 1153 111 36 Adam
1834 1154 73 35 und
1927 1168 69 22 von
2015 1157 67 33 Eva
2102 1155 40 35 ab-

990 1210 117 34 ziehen
1126 1208 139 34 könnte.
1309 1209 120 33 Wenn
1453 1220 65 21 nur
1542 1206 89 35 diese
1657 1206 148 36 nackten
1822 1208 143 48 Figuren
1990 1208 65 36 den
2081 1214 61 43 prü-

990 1260 123 36 fenden
1126 1260 96 35 Blick
1241 1260 191 35 beständen.
1478 1260 64 35 Die
1557 1259 217 36 Unkenntnis
1790 1260 56 36 des
1860 1261 138 35 inneren
2013 1265 128 45 Körper-

990 1314 101 35 baues
1105 1314 89 36 wird
1210 1327 99 22 umso
1325 1313 196 41 deutlicher,
1540 1317 30 44 je
1587 1314 95 34 mehr
1702 1314 54 34 die
1770 1312 141 37 Absicht
1933 1313 65 36 auf
2007 1316 154 34 zierliche

991 1366 180 49 Wirkung
1202 1366 55 35 die
1277 1366 117 36 Leiber
1417 1366 140 42 streckt,
1582 1366 92 49 biegt
1700 1366 73 35 und
1799 1367 96 36 dreht
1920 1368 72 35 und
2013 1369 147 35 wendet.

989 1422 106 33 Keine
1121 1420 178 40 Knochen,
1325 1418 99 37 keine
1453 1419 171 43 Struktur,
1654 1420 79 36 kein
1763 1418 146 51 Gefüge.
1966 1425 67 32 Das
2063 1424 98 46 Auge

991 1474 115 48 gleitet
1135 1473 52 34 die
1216 1472 274 49 geschlängelten
1519 1472 235 37 Umrifslinien
1782 1474 157 49 entlang,
1969 1475 90 35 ohne
2088 1476 73 35 eine

988 1526 107 43 Ecke,
1124 1527 72 34 eine
1214 1526 339 49 Ueberschneidung,
1584 1528 97 34 einen
1706 1525 108 37 festen
1833 1527 112 36 Punkt
1969 1542 41 21 zu
2036 1528 124 36 finden.

987 1582 39 33 In
1046 1580 103 35 dieser
1168 1580 280 49 Formensprache
1468 1578 117 37 fehlen
1605 1580 52 35 die
1676 1583 259 33 Konsonanten.

1068 1634 63 33 Die
1155 1634 93 34 recht
1271 1633 161 48 häufigen
1456 1633 302 48 mythologischen
1776 1637 126 32 Scenen
1927 1634 115 36 bilden
2060 1633 100 37 keine

988 1685 181 36 besondere
1189 1690 155 45 Gruppe,
1371 1688 41 33 da
1438 1686 57 35 der
1514 1688 139 34 Meister
1680 1687 66 35 den
1763 1690 78 32 Ton
1864 1688 96 35 nicht
1983 1688 175 42 wechselt,

989 1753 79 34 mag
1087 1752 34 21 er
1140 1752 71 23 von
1228 1740 118 45 Judith
1366 1740 82 35 oder
1465 1741 173 41 Lucretia,
1665 1754 69 21 von
1753 1744 69 32 Eva
1841 1741 83 35 oder
1944 1742 120 40 Diana,
2089 1755 70 22 von

987 1793 113 34 Adam
1126 1792 81 35 oder
1225 1792 130 50 Apollo
1379 1794 170 48 sprechen.
1595 1794 81 35 Sehr
1702 1807 82 36 gern
1810 1794 84 35 malt
1921 1796 153 34 Cranach
2100 1795 58 35 das

986 1846 200 35 Parisurteil.
1246 1850 66 31 Der
1336 1845 128 36 Antike
1492 1848 88 33 steht
1607 1860 34 21 er
1668 1848 37 33 in
1732 1847 139 36 solchen
1899 1848 261 49 Darstellungen

985 1900 64 33 mit
1077 1899 244 48 ahnungsloser
1349 1898 297 51 Unbefangenheit
1669 1900 203 49 gegenüber.
1923 1904 44 32 Er
1995 1902 163 35 berichtet

986 1952 65 35 den
1076 1952 221 35 heidnischen
1315 1954 144 46 Mythos
1485 1954 181 47 behaglich
1690 1955 89 34 nach
1805 1954 57 35 der
1888 1955 139 48 eigenen
2047 1954 93 36 klein-

985 2005 237 48 bürgerlichen
1236 2006 231 49 Vorstellung,
1488 2008 162 47 weniger,
1671 2008 68 35 wie
1759 2008 55 34 ein
1828 2008 92 35 Kind
1940 2008 136 42 erzählt,
2098 2009 58 43 als,

985 2059 69 35 wie
1074 2060 55 34 ein
1147 2060 237 47 gutgelaunter
1403 2060 240 35 Schulmeister
1662 2061 66 35 den
1747 2061 150 35 Kindern
1916 2061 135 36 erzählt.
2094 2063 64 34 Die

986 2125 44 22 an
1050 2112 273 49 Verständigkeit
1348 2112 208 37 kränkelnde
1590 2114 163 35 Naivetät
1780 2114 116 36 weckt
1928 2116 99 33 meist
2064 2116 94 35 noch

984 2165 191 35 lächelndes
1195 2164 168 37 Gefallen.

1065 2219 259 48 Darstellungen
1340 2219 55 36 des
1405 2219 127 36 Lebens
1547 2220 72 35 und
1633 2220 140 35 Leidens
1786 2221 137 43 Christi,
1940 2221 218 36 Madonnen-

984 2272 71 34 und
1074 2272 268 48 Heiligenbilder
1370 2274 258 36 verschwinden
1656 2273 209 49 keineswegs
1890 2275 64 34 mit
1979 2274 78 36 dem
2076 2276 62 34 Ein-

986 2334 109 25 setzen
1115 2326 56 34 der
1191 2325 463 51 Reformationsbewegung,
1679 2341 105 22 wenn
1803 2328 46 34 sie
1870 2328 87 35 auch
1977 2329 180 48 spärlicher

985 2379 148 34 werden.
1176 2381 37 32 In
1234 2379 205 36 Altartafeln
1457 2381 90 34 wird
1573 2381 53 34 die
1651 2394 86 21 neue
1757 2381 105 34 Lehre
1888 2379 181 43 offenbart,
2099 2396 38 34 ge-

984 2432 271 48 sinnungsstark,
1283 2433 77 35 aber
1387 2432 225 37 künstlerisch
1636 2435 117 47 wenig
1780 2435 211 48 ertragreich.
2033 2436 124 34 Früher

984 2498 116 22 waren
1129 2486 53 34 die
1202 2486 114 35 Altäre
1345 2486 222 36 anschaulich
1591 2487 73 35 und
1688 2488 152 49 poetisch
1866 2488 69 35 wie
1961 2488 58 35 das
2046 2492 89 31 Evan-

985 2538 206 49 gelienepos,
1220 2542 79 44 jetzt
1328 2540 154 47 gleichen
1508 2541 46 34 sie
1580 2540 192 36 lehrhaften
1798 2541 188 48 Predigten.
2033 2544 124 33 Früher

984 2591 106 35 schuf
1105 2593 53 33 die
1172 2592 160 49 gläubige
1344 2593 329 49 Vorstellungskraft
1687 2594 185 42 Gestalten,
1892 2608 73 21 nun
1983 2596 100 34 weist
2104 2596 52 35 die

984 2645 238 48 theologische
1243 2646 148 48 Bildung
1409 2647 236 49 Beziehungen
1664 2648 97 35 nach.

1065 2700 170 34 Cranachs
1251 2700 192 35 Koloristik
1455 2713 75 22 war
1549 2711 78 24 stets
1643 2701 66 35 den
1722 2702 189 35 intensiven
1927 2700 229 37 Lokalfarben

984 2753 178 45 zugethan.
1211 2754 65 33 Das
1304 2753 202 35 Fiedlersche
1531 2754 274 35 Madonnenbild
1832 2754 148 36 leuchtet
2008 2755 149 48 glutvoll

985 2805 65 33 mit
1069 2804 294 50 Rubingefunkel.
1406 2808 102 34 Auch
1529 2807 53 35 die
1602 2808 145 35 anderen
1766 2808 130 35 Werke
1916 2808 57 35 der
1991 2810 164 41 Frühzeit,

985 2857 68 35 wie
1088 2867 89 26 etwa
1210 2859 57 35 der
1295 2861 197 48 stämmige,
1526 2875 60 34 arg
1617 2861 184 36 verkannte
1827 2862 188 35 Wörlitzer
2047 2863 108 41 Altar,

987 2923 148 35 prangen
1154 2912 36 34 in
1210 2921 100 26 satter
1334 2914 71 35 und
1425 2915 167 48 gesunder
1610 2915 163 48 Färbung.
1819 2913 134 51 Kräftig
1979 2915 104 36 bleibt
2102 2915 55 36 die

2271 569 101 35 Farbe
2397 571 93 34 noch
2516 571 36 34 in
2579 571 66 35 den
2669 585 84 22 20er
2777 572 72 35 und
2873 586 83 33 30er
2974 574 136 45 Jahren,
3139 575 42 34 da
3205 576 46 35 sie
3270 578 107 35 schon
3397 592 43 22 an

2271 623 237 47 Eintönigkeit
2526 623 111 37 leidet.
2672 627 80 32 Nur
2771 626 48 34 im
2836 625 161 36 Inkarnat
3016 627 88 35 wird
3125 628 57 35 der
3200 629 108 35 Maler
3327 634 95 45 ängst-

2271 675 81 42 lich,
2372 675 86 37 blafs
2479 677 70 34 und
2567 677 244 37 schwächlich.
2855 682 75 32 Den
2945 679 123 42 hellen,
3089 681 207 50 porzellanig
3312 683 128 47 glatten

2270 728 149 36 nackten
2434 729 81 35 Leib
2535 729 90 35 stellt
2645 744 33 21 er
2698 745 81 35 gern
2798 745 63 22 vor
2881 733 72 35 eine
2974 732 238 50 dunkelgrüne
3227 736 211 44 Laubwand,

2271 783 53 34 die
2352 783 200 49 pedantisch
2580 785 255 47 zugeschnitten
2861 786 42 34 ist
2929 799 58 21 zur
3006 786 188 49 Rahmung
3218 788 58 35 der
3296 792 125 47 Körper-

2271 835 101 35 form.
2417 837 63 34 Die
2499 837 191 35 Silhouette
2708 838 91 35 wird
2824 851 38 22 so
2887 839 239 41 verdeutlicht,
3156 841 53 35 die
3234 841 125 36 Plastik
3384 844 56 35 der

2269 888 226 50 Körperform
2521 890 207 49 geschädigt.
2771 892 109 34 Nicht
2904 891 105 36 selten
3028 893 100 35 sehen
3148 894 53 34 die
3221 895 142 47 Figuren
3383 910 56 21 aus

2269 943 70 35 wie
2359 943 63 34 mit
2443 943 56 35 der
2513 945 119 33 Schere
2652 957 58 22 aus
2726 945 117 48 Papier
2862 945 221 49 geschnitten.
3120 947 62 35 Die
3200 950 240 48 stereotypisch

2269 995 300 36 wiederkehrende
2584 997 202 36 Laubwand
2805 997 77 37 läfst
2896 999 219 48 sehnsüchtig
3134 1000 57 35 der
3205 1001 150 36 schönen
3370 1004 70 35 und

2269 1049 134 35 reichen
2431 1049 195 36 Waldflora
2659 1050 196 49 gedenken,
2890 1052 54 35 die
2974 1053 169 35 Cranachs
3167 1055 254 47 Jugendvorstel-

2269 1102 129 49 lungen
2424 1116 37 22 so
2489 1102 128 50 kräftig
2642 1104 86 35 wild
2755 1104 139 36 belebte.
2932 1109 76 31 Den
3028 1108 217 34 Gewändern
3268 1109 92 47 giebt
3384 1110 57 35 der

2269 1157 139 33 Meister
2438 1170 54 21 am
2518 1156 141 36 liebsten
2683 1158 55 34 ein
2763 1159 192 41 intensives,
2984 1159 92 35 doch
3101 1160 94 35 nicht
3223 1160 215 38 leuchtendes

2269 1212 82 32 Rot.
2398 1210 64 34 Die
2486 1209 119 35 Tiefen
2628 1211 89 34 beim
2744 1215 98 32 Grün
2869 1211 72 36 und
2967 1216 71 32 Rot
3067 1214 192 34 erscheinen
3285 1216 96 34 meist
3404 1217 36 34 in

2270 1263 337 48 undurchsichtigem
2627 1264 169 42 Schwarz,
2817 1265 166 36 während
3002 1266 57 35 das
3080 1267 127 35 Fleisch
3227 1268 62 34 mit
3308 1269 111 35 schwa-

2269 1316 85 34 chen
2384 1316 130 35 kühlen
2541 1317 159 36 Schatten
2728 1319 187 48 vorsichtig
2941 1319 73 35 und
3044 1319 105 35 selten
3177 1322 180 47 genügend
3385 1336 37 34 ge-

2268 1369 123 35 rundet
2419 1370 101 36 wird.
2568 1373 51 32 Im
2645 1371 238 49 Allgemeinen
2907 1374 42 33 ist
2976 1373 54 35 die
3059 1373 224 37 Farbenwahl
3311 1375 36 35 in
3377 1376 64 35 den

2269 1427 153 45 späteren
2453 1422 246 50 Schöpfungen
2732 1426 170 34 Cranachs
2936 1425 125 36 ebenso
3095 1427 241 49 unbeweglich
3368 1430 71 34 und

2269 1490 230 21 nuancenarm
2525 1477 69 35 wie
2621 1477 53 35 die
2700 1478 75 34 Mal
2779 1479 118 41 weise,
2932 1479 54 35 die
3019 1480 71 35 sich
3118 1480 115 36 weder
3259 1483 89 33 nach
3376 1482 64 35 den

2268 1529 139 35 Mafsen
2433 1530 58 34 der
2509 1529 122 36 Tafeln
2659 1531 132 41 richtet,
2822 1533 91 34 noch
2943 1534 88 34 auch
3057 1533 63 35 den
3144 1533 294 49 wirkungsvollen

2269 1586 186 45 Gegensatz
2475 1597 69 21 von
2562 1584 186 49 Lasierung
2767 1585 68 35 und
2856 1585 209 37 deckendem
3085 1585 148 51 Auftrag
3252 1589 186 47 irgendwie

2267 1645 224 26 auszunutzen
2513 1636 110 36 weifs.
2668 1638 248 50 Gleichmäfsig
2940 1641 88 33 steht
3052 1639 55 36 die
3127 1641 256 35 Farbenschicht
3405 1643 35 34 in

2267 1688 336 50 undurchsichtiger,
2631 1690 158 43 blanker,
2820 1693 226 48 emailartiger
3066 1694 295 36 Geschlossenheit
3381 1694 64 36 auf

2267 1742 56 35 der
2342 1742 108 36 Tafel.
2493 1741 369 45 Stoffcharakteristik,
2888 1747 257 35 Raumillusion
3172 1747 81 35 oder
3273 1747 146 37 Luftwir-

2267 1796 98 49 kung
2382 1810 120 22 waren
2521 1798 63 33 mit
2603 1811 39 21 so
2658 1811 126 28 armen,
2805 1799 151 36 überdies
2972 1800 122 34 zuletzt
3109 1802 49 34 im
3172 1801 266 36 Fabrikbetriebe

2266 1850 238 35 verwendeten
2523 1851 141 34 Mitteln
2683 1851 96 35 nicht
2798 1854 96 33 mehr
2912 1867 41 21 zu
2972 1854 179 35 erreichen.

2348 1904 156 34 Cranach
2524 1904 170 35 überlebte
2713 1906 90 34 seine
2822 1909 129 41 Kunst;
2973 1916 63 26 erst
3061 1919 42 33 15
3112 1921 16 33 5
3141 1921 12 33 3
3179 1907 88 35 starb
3289 1921 45 22 er.
3367 1907 77 37 Auf

2267 1956 64 35 den
2351 1956 178 36 Grabstein
2557 1958 172 34 schrieben
2758 1959 45 34 sie
2831 1960 218 40 „celerrimus
3078 1961 110 48 pictor
3191 1967 22 15 CG
3315 1961 122 49 arglos,

2267 2011 90 34 ohne
2376 2023 41 22 zu
2438 2011 123 40 ahnen,
2589 2012 70 34 wie
2678 2012 205 48 zweideutig
2902 2015 46 33 sie
2967 2013 128 43 lobten,
3115 2014 85 41 und,
3221 2013 74 36 dafs
3315 2015 45 34 sie
3381 2015 56 35 der

2266 2066 109 33 Kunst
2396 2064 168 35 Cranachs
2585 2065 107 34 schon
2712 2064 114 36 früher
2845 2066 58 35 das
2924 2066 90 36 Grab
3034 2066 210 50 geschaufelt
3263 2068 118 35 hatten
3400 2069 37 34 in

2265 2117 204 35 sächsischer
2487 2117 95 35 Erde.

2346 2170 153 41 Gestellt,
2520 2170 90 35 doch
2629 2170 107 36 kaum
2752 2172 227 36 beantwortet
2994 2172 92 36 kann
3101 2173 54 35 die
3169 2175 102 47 Frage
3285 2173 149 44 werden,

2266 2236 71 23 was
2363 2223 101 36 wohl
2492 2237 59 21 aus
2589 2225 120 42 einem,
2742 2226 56 34 der
2832 2224 129 50 gröfser
2986 2239 74 23 war
3088 2226 46 35 als
3164 2227 172 40 Cranach,
3365 2241 72 21 was

2266 2285 90 27 etwa
2377 2290 58 21 aus
2455 2280 109 31 Dürer
2582 2278 38 34 in
2629 2278 221 49 Wittenberg
2869 2279 185 47 geworden
3073 2284 102 31 wäre.
3210 2282 104 32 Hätte
3329 2283 109 32 Dürer

2266 2330 56 35 das
2349 2343 88 22 neue
2457 2331 241 47 Evangelium,
2725 2332 56 34 das
2809 2346 33 20 er
2866 2332 47 34 als
2940 2333 113 34 Christ
3077 2333 72 35 und
3180 2336 125 45 Bürger
3332 2333 106 35 kaum

2266 2383 116 35 anders
2404 2382 166 37 aufnahm
2585 2384 90 35 denn
2692 2386 167 41 Cranach,
2875 2386 36 34 in
2931 2386 77 34 dem
3024 2387 284 47 protestierenden
3323 2387 114 35 Lande

2266 2436 47 35 als
2334 2436 156 36 Künstler
2516 2450 40 21 zu
2583 2438 165 47 gestalten
2774 2440 196 34 vermocht?
3005 2440 155 34 Cranach
3186 2440 191 35 illustrierte
3405 2454 31 21 es

2264 2493 32 44 ja
2320 2504 65 21 nur
2417 2491 35 34 in
2486 2490 177 36 trockener
2689 2492 260 35 Wörtlichkeit.
3007 2492 136 36 Würde
3168 2494 142 34 Luthers
3336 2493 101 35 nahes

2264 2546 102 32 Feuer
2392 2542 63 36 den
2476 2544 182 35 Gesichten
2679 2548 122 32 Dürers
2822 2546 192 47 geleuchtet
3038 2546 112 34 haben
3176 2546 81 34 oder
3282 2560 65 22 nur
3372 2547 65 35 den

2266 2596 205 36 Gedanken?
2518 2600 103 32 Hätte
2648 2601 107 32 Dürer
2781 2598 64 35 den
2871 2601 134 46 Zwang
3029 2599 54 35 des
3104 2598 119 43 Hofes,
3244 2600 55 35 die
3317 2600 101 36 Schul-

2265 2649 199 42 stubenluft,
2480 2650 54 35 die
2550 2650 374 51 Gelehrtenpedanterie
2938 2652 74 35 und
3026 2652 306 50 kleinbürgerliche
3346 2657 91 45 Enge

2264 2702 111 51 tapfer
2394 2702 201 37 bestanden?
2755 2705 82 35 Und
2855 2719 104 22 wenn
2985 2720 32 20 er
3037 2716 276 39 untergegangen
3332 2712 104 37 wäre,

2266 2756 116 35 anders
2403 2757 47 34 als
2471 2758 165 41 Cranach,
2657 2763 92 31 wäre
2769 2760 55 34 ein
2844 2758 175 36 Gröfserer
3038 2770 287 38 untergegangen.
3360 2763 75 33 Wo

2266 2811 169 34 Cranachs
2456 2810 236 37 unbewufster
2715 2815 63 32 Art
2802 2812 267 50 verschrumpfte
3094 2814 71 34 und
3191 2813 245 50 verkrüppelte,

2264 2867 92 31 wäre
2376 2863 57 36 das
2452 2864 167 36 wissende
2639 2865 136 36 Streben
2796 2867 148 48 tragisch
2962 2867 202 35 zerbrochen
3184 2867 153 35 worden.

3033 2949 84 33 Max
3137 2949 25 44 J.
3183 2949 253 33 Friedlaender
