3816 4572
2086 3889 215 44 162

1005 519 154 49 bewegte
1170 521 100 50 Kopf
1278 523 160 48 sprechen
1447 523 189 49 pathetisch
1650 524 58 36 das
1719 524 159 36 Wunder
1888 538 70 22 aus.
1984 526 64 34 Die
2058 527 119 47 Engel,

1006 574 96 34 nicht
1135 575 188 35 unähnlich
1357 575 65 35 den
1452 577 93 34 Putti
1577 577 57 35 der
1666 577 232 36 italienischen
1928 580 124 40 Kunst,
2085 593 69 33 sym-

1005 627 157 34 metrisch
1182 629 172 47 geordnet,
1375 629 86 35 thun
1477 631 62 33 mit
1553 629 149 49 Sorgfalt
1717 630 70 35 und
1802 630 143 49 klugem
1960 632 215 35 Verständnis

1004 680 54 34 ihr
1077 680 121 36 Werk.
1245 682 80 34 Und
1346 681 57 35 der
1420 685 111 32 Mann
1549 692 117 33 unten,
1694 683 48 35 im
1761 683 259 49 Mittelgründe,
2041 685 58 35 der
2118 686 57 35 der

1005 733 365 48 emporschwebenden
1389 735 158 48 Heiligen
1567 736 219 41 nachschaut,
1888 737 54 34 ein
1968 737 188 37 charakteri-

1003 786 138 35 stischer
1165 786 78 35 aber
1265 786 209 50 keineswegs
1499 787 210 48 glücklicher
1732 791 120 33 Zusatz
1953 791 221 37 verscheucht

1003 851 59 22 aus
1078 839 57 34 der
1150 840 150 34 vollends
1319 840 95 35 nicht
1429 840 241 36 absichtslosen
1685 841 217 51 Darstellung
1918 843 64 35 den
2001 843 172 38 keuschen

1002 890 142 42 Zauber,
1165 892 56 35 der
1241 893 167 35 Cranachs
1429 894 200 48 Zeichnung
1647 907 85 35 ganz
1751 894 123 37 erfüllt.

1083 943 64 36 Oft
1166 944 134 36 freilich
1319 946 136 35 kommt
1474 960 32 21 es
1525 947 95 35 nicht
1646 947 101 42 dazu,
1774 948 72 36 dafs
1867 951 170 35 Cranachs
2057 953 113 34 Natur

1001 996 82 36 über
1104 1000 123 33 Dürers
1246 1001 111 32 Kunst
1375 1000 94 47 siegt.

1079 1051 70 34 Mit
1175 1050 190 49 markigem
1394 1052 226 42 Federstrich,
1655 1051 104 37 tiefen
1787 1055 159 36 Schatten
1973 1057 37 35 in
2038 1057 131 37 dichter

998 1102 353 51 Kreuzschraffierung
1365 1105 219 36 unmittelbar
1597 1106 109 36 neben
1720 1106 127 37 breiten
1857 1108 144 36 weifsen
2011 1110 155 43 Flächen,

998 1156 80 47 geht
1098 1158 170 33 Cranachs
1288 1157 98 35 derbe
1405 1157 298 50 Unbefangenheit
1731 1160 49 36 bis
1810 1175 44 22 an
1881 1162 54 36 die
1955 1167 131 33 Grenze
2110 1165 58 36 der

997 1210 76 34 dem
1080 1209 213 36 Holzschnitt
1304 1211 192 48 möglichen
1507 1212 112 36 maleri-

1000 1263 102 34 schen
1114 1263 71 34 und
1199 1262 202 49 plastischen
1405 1264 229 51 Wirkungen.

1000 1318 129 46 Später,
1153 1316 69 35 wie
1252 1329 34 22 er
1317 1317 53 35 die
1398 1319 219 36 Kreuzschraf-

998 1367 128 50 fierung
1160 1369 125 34 meidet
1312 1370 70 35 und
1415 1372 96 35 einen
1539 1374 97 34 mehr

998 1422 155 47 ruhigen,
1173 1435 129 35 grauen
1318 1422 112 37 Effekt
1450 1438 40 22 zu
1509 1427 126 35 suchen

997 1475 145 41 scheint,
1171 1475 89 36 wird
1295 1476 54 35 die
1376 1480 148 47 traurige
1552 1482 63 33 Ent-

996 1525 164 51 kräftung
1186 1529 105 34 seiner
1314 1533 110 32 Kunst
1451 1532 49 35 im
1523 1533 88 36 Holz-

996 1581 143 35 schnitte
1153 1583 92 34 noch
1260 1581 199 52 auffälliger
1470 1585 47 36 als
1531 1587 35 34 in
1577 1586 56 36 der

994 1634 151 36 Malerei.
1175 1636 63 34 Die
1252 1636 144 36 Illusion
1413 1637 58 36 der
1486 1642 126 47 Körper-

994 1686 141 36 lichkeit
1154 1689 88 34 stellt
1261 1690 72 35 sich
1351 1690 73 35 ihm
1442 1692 90 35 ohne
1551 1692 80 37 tiefe

994 1740 155 36 Schatten
1177 1743 96 34 nicht
1307 1744 71 40 ein,
1406 1745 82 35 weil
1516 1760 34 21 er
1577 1747 55 35 die

992 1792 91 36 feine
1093 1797 109 33 Kunst
1215 1795 57 35 der
1281 1798 351 51 Formendarstellung

992 1847 105 35 durch
1127 1847 241 52 Beobachtung
1396 1851 57 36 der
1485 1862 146 27 zarteren

990 1900 364 51 Umrifsbewegungen
1413 1906 96 35 nicht
1571 1906 40 36 be-

989 1953 160 38 herrscht.
1185 1957 79 34 Sein
1278 1959 97 46 Auge
1390 1958 86 36 sieht
1490 1972 66 23 nur
1575 1961 54 35 die

991 2005 194 38 deutlichen
1199 2012 182 47 Vorgänge
1400 2012 38 35 in
1457 2012 58 35 der
1530 2014 98 35 Welt

990 2060 56 34 der
1065 2063 154 35 Formen.

1065 2115 120 48 Einige
1205 2115 254 43 Holzschnitte,
1490 2118 54 37 die
1567 2134 59 21 aus

985 2165 78 37 dem
1095 2169 141 35 zweiten
1264 2171 179 44 Jahrzehnt
1478 2172 55 36 des
1567 2186 13 24 1
1591 2176 33 34 6,

983 2220 237 45 Jahrhunderts
1241 2231 181 35 stammen,
1443 2227 69 34 wie
1536 2229 89 34 auch

984 2272 55 36 die
1071 2274 254 50 gleichzeitigen
1357 2278 180 43 Gemälde,
1570 2280 55 36 die

984 2325 170 51 übrigens,
1170 2330 97 34 meist
1282 2331 90 34 ohne
1387 2332 170 48 Signatur,
1575 2334 47 36 als

984 2379 161 37 Arbeiten
1157 2384 171 34 Cranachs
1339 2385 95 34 nicht
1445 2386 179 49 allgemein

984 2433 186 37 anerkannt
1195 2435 156 43 werden,
1377 2438 115 49 zeigen
1517 2442 105 40 noch,

982 2486 117 36 wobei
1133 2501 33 22 er
1200 2490 163 48 siegreich
1390 2505 90 28 war,
1508 2495 114 48 zeigen

982 2540 119 43 schon,
1118 2555 70 22 was
1208 2543 61 35 ihn
1288 2552 205 29 entmannen
1513 2548 108 37 sollte.

1061 2597 38 31 In
1119 2593 57 36 der
1194 2596 228 50 Wiedergabe
1447 2608 90 28 etwa
1566 2602 55 35 des

982 2645 266 39 durchfurchten
1255 2651 301 44 Greisenantlitzes,
1564 2654 58 36 der

982 2699 193 47 geäderten,
1208 2703 221 50 schwieligen
1458 2709 139 34 Männer-

980 2753 104 40 hand,
1104 2753 55 36 des
1182 2754 142 38 krausen
1344 2760 203 42 Barthaares,
1565 2761 55 36 des

981 2806 184 36 Pelzwerks
1197 2809 43 34 ist
1274 2812 155 35 Cranach
1455 2812 165 39 kraftvoll

980 2858 72 35 und
1089 2860 185 48 glücklich.
1329 2866 106 34 Noch
1467 2867 61 36 hat
1560 2868 59 35 das

980 2911 202 51 vielzackige
1217 2917 101 35 Horn
1359 2919 106 35 seiner
1492 2922 102 35 Wald-

981 2966 81 33 tiere
1082 2967 97 34 einen
1203 2967 174 39 lebhaften
1396 2971 128 42 Effekt,
1549 2977 70 34 wie

981 3017 57 35 das
1050 3018 182 38 Gekräusel
1248 3021 56 37 der
1318 3025 299 45 Straufsenfedern,

981 3072 68 33 wie
1060 3071 52 36 die
1127 3073 193 47 geborstene
1331 3080 202 35 Baumrinde
1547 3083 70 35 und

981 3123 57 35 das
1065 3125 204 37 Laubwerk.
1320 3130 90 36 Alles
1435 3136 180 47 Knorrige,

981 3176 177 50 Knollige,
1179 3182 179 36 Verästelte
1379 3184 128 48 glückt.
1547 3192 46 32 Ge-

980 3228 114 49 lingen
1131 3231 143 44 überall,
1318 3249 59 22 wo
1415 3239 55 35 die
1501 3243 116 34 Natur

980 3282 107 35 schon
1106 3285 71 34 eine
1192 3286 242 41 „malerische“
1452 3295 142 48 Mannig-

980 3333 171 49 faltigkeit
1180 3339 85 34 auch
1299 3340 77 36 dem
1410 3345 206 50 stumpferen

981 3388 99 47 Auge
1095 3388 109 37 bietet.
1236 3394 197 37 Ohnmacht
1452 3397 163 51 dagegen,

980 3453 60 21 wo
1075 3454 31 21 es
1134 3442 79 48 gilt,
1246 3445 37 34 in
1310 3446 56 35 der
1394 3451 221 38 anscheinend

980 3493 253 47 geschlossenen
1256 3499 96 35 Linie
1374 3503 222 38 Ueberschnei-

980 3545 136 49 dungen
1135 3548 243 50 aufzuspüren,
1406 3555 53 35 die
1483 3560 110 46 Lange-

978 3599 101 35 weile
1116 3601 56 34 der
1205 3604 143 46 geraden
1380 3608 96 35 Linie
1508 3610 106 37 durch

978 3653 243 50 Nuancierung
1267 3656 221 40 aufzuheben.
1545 3667 68 32 Das

2285 530 185 42 suchende,
2491 531 168 49 spähende
2677 534 98 48 Auge
2794 533 97 38 fehlt.
2938 535 127 43 Glatte,
3085 538 89 35 sanft
3194 540 72 35 sich
3283 542 171 38 rundende

2283 585 161 40 Formen,
2471 585 55 34 die
2553 585 145 48 geraden
2723 587 128 36 Striche
2875 588 36 35 in
2934 588 65 36 den
3028 590 265 38 Gewandfalten
3321 596 71 34 und
3418 597 35 36 in

2283 634 59 37 der
2355 637 221 35 Architektur
2590 638 135 37 werden
2745 641 53 34 die
2817 648 95 28 toten
2927 642 124 37 Stellen
3070 644 35 35 in
3123 646 107 34 seiner
3242 647 209 49 Zeichnung,

2362 690 40 33 In
2421 690 108 34 Wien
2557 691 107 49 hängt
2691 693 55 34 ein
2765 693 162 36 Gemälde
2948 696 170 36 Cranachs
3227 699 126 37 Christi
3380 702 48 35 Ab-

2281 741 114 37 schied
2414 756 70 23 von
2508 743 66 36 den
2598 747 129 35 Frauen
2830 756 87 27 etwa
2954 762 11 22 i
2979 762 68 34 520
3077 751 206 43 entstanden,
3312 754 57 35 das
3397 756 55 37 die

2280 797 190 48 Entartung
2498 798 104 34 seiner
2621 801 111 33 Kunst
2758 799 108 36 schon
2891 799 229 40 unerfreulich
3139 817 112 36 genug
3272 803 176 42 offenbart,

2280 850 77 33 Nur
2375 849 55 35 die
2449 850 122 36 Hände
2590 851 55 36 des
2664 851 176 44 Heilands,
2868 854 76 35 hart
2963 856 216 37 verarbeitete
3198 837 250 66 Bauernhände!

2278 901 77 35 sind
2374 903 257 37 ausdrucksvoll
2652 905 71 35 und
2742 906 157 36 scheinen
2913 910 190 48 Einspruch
3122 924 40 21 zu
3180 912 144 36 erheben
3343 928 105 33 gegen

2278 953 55 37 die
2348 953 189 41 affektierte
2550 958 273 37 Weichlichkeit
2837 961 222 49 ringsumher.
3089 967 68 32 Das
3171 964 282 41 Nebeneinander

2277 1022 70 21 von
2365 1010 208 36 natürlicher
2591 1011 162 37 Derbheit
2779 1014 68 34 und
2869 1028 283 35 angenommener
3171 1019 219 37 Zierlichkeit
3407 1023 42 35 ist

2276 1061 66 35 den
2371 1063 268 37 Cranach'schen
2664 1065 247 52 Schöpfungen
2939 1070 114 48 eigen,
3084 1070 53 37 die
3155 1072 170 36 zwischen
3352 1088 95 28 1510

2275 1116 69 34 und
2371 1128 94 37 1525
2488 1127 91 27 etwa
2598 1119 207 36 entstanden.
2838 1122 70 34 Mit
2927 1122 60 37 der
3001 1124 241 49 angedeuteten
3256 1127 192 47 Begabung,

2276 1168 77 35 dem
2372 1169 247 49 angedeuteten
2637 1174 193 48 Vermögen
2844 1175 116 36 suchte
2974 1178 107 34 Lucas
3098 1179 155 34 Cranach
3268 1180 61 35 seit
3349 1194 11 22 1
3377 1194 13 21 s
3402 1194 44 23 10
