3825 4572
2248 3879 216 45 128

1642 1058 195 63 EINE
1883 1058 607 66 HEIMSTAETTE
2536 1060 216 64 FUER
2798 1060 299 66 KUNST

2096 1508 164 107 DAS
2281 1527 86 21 neue
2386 1515 257 35 Unternehmen
2662 1514 56 36 des
2739 1517 110 33 Herrn
2868 1516 86 48 Bing
2977 1517 36 34 in
3040 1516 100 41 Paris,
3167 1517 57 35 das
3243 1518 49 34 im
3311 1518 141 48 vorigen
3471 1518 124 36 Herbst

2225 1566 55 36 die
2307 1567 124 35 Pariser
2456 1571 110 32 Presse
2594 1568 232 50 wochenlang
2853 1570 37 34 in
2916 1569 119 35 Alarm
3063 1578 174 35 versetzte,
3258 1571 60 35 hat
3342 1584 73 22 nun
3440 1573 90 34 auch
3559 1573 35 34 in

2096 1620 234 35 Deutschland
2364 1621 76 35 eine
2474 1620 163 50 abfällige
2664 1621 115 36 Kritik
2815 1621 165 37 erfahren.
3036 1625 151 34 Warum
3218 1637 87 22 neue
3333 1627 130 33 Kunst?
3519 1628 75 32 Wo

2096 1672 99 50 fängt
2215 1673 88 35 diese
2322 1677 63 31 an?
2426 1675 70 34 Mit
2515 1675 126 46 Millet,
2661 1676 63 34 mit
2744 1679 140 37 Monet,
2905 1677 63 33 mit
2988 1677 154 40 Besnard,
3162 1678 64 34 mit
3245 1675 180 52 Khnopff?
3464 1682 68 32 Das
3552 1681 43 33 ist

2097 1728 57 33 der
2173 1728 73 34 eine
2260 1726 177 38 Vorwurf.
2476 1729 81 34 Und
2572 1729 58 34 der
2649 1729 137 37 andere:
2808 1729 52 35 die
2875 1728 218 37 Einfachheit
3114 1730 56 35 der
3184 1730 122 36 Möbel
3321 1733 45 34 sei
3382 1731 212 36 übertrieben

2095 1780 71 35 und
2192 1781 160 47 gesucht,
2383 1781 55 34 ein
2463 1794 101 22 neuer
2591 1782 111 34 Kitzel
2730 1781 57 37 für
2816 1783 53 34 die
2898 1783 107 35 durch
3032 1782 198 38 Ueberfülle
3258 1798 44 22 an
3331 1788 178 32 Genüssen
3536 1800 39 34 ge-

2096 1834 221 36 schwächten
2336 1836 138 34 Nerven
2565 1835 73 35 eine
2657 1848 85 22 neue
2761 1837 109 34 Mode
2962 1835 98 36 keine
3078 1850 87 22 neue
3185 1837 157 47 Kunst.*)

2832 1978 28 31 ❖

2228 2110 63 33 Ein
2316 2111 114 33 Name
2462 2109 158 36 bedeutet
2646 2110 124 48 gewifs
2796 2112 95 34 nicht
2917 2126 60 35 gar
3006 2126 42 21 zu
3074 2112 75 35 viel.
3203 2112 55 35 Ob
3285 2114 56 35 der
3370 2116 68 33 Pan
3471 2117 121 39 „Pan“

2094 2161 86 36 hiefs
2208 2162 81 35 oder
2309 2168 133 43 „grüne
2461 2164 239 48 Nachtigall“,
2725 2164 57 35 das
2803 2178 84 29 war,
2913 2166 170 49 abgesehn
3102 2179 69 22 von
3191 2166 57 34 der
3268 2166 325 50 Geschmacksfrage

2094 2215 224 49 gleichgiltig,
2344 2216 72 35 und
2436 2218 88 33 Herr
2543 2217 86 48 Bing
2653 2217 121 36 würde
2799 2217 188 37 zweifellos
3011 2220 35 34 in
3066 2218 238 49 Verlegenheit
3323 2229 149 40 geraten,
3492 2222 100 34 sollte

2094 2281 34 22 er
2152 2282 113 35 sagen,
2294 2282 44 21 an
2366 2269 148 36 welcher
2534 2270 111 41 Stelle,
2675 2270 54 35 bei
2756 2270 172 37 welchem
2952 2275 139 32 Namen
3118 2272 54 35 die
3198 2285 87 22 neue
3309 2276 113 33 Kunst
3446 2273 56 36 für
3530 2276 61 34 ihn

2093 2322 155 47 beginne.
2286 2322 80 35 Und
2392 2323 91 34 doch
2507 2323 82 48 liegt
2616 2324 37 34 in
2681 2324 77 35 dem
2788 2327 138 32 Namen
2954 2327 74 34 eine
3057 2327 302 47 symptomatische
3380 2328 211 49 Bedeutung.

2093 2377 87 32 Herr
2194 2376 95 47 Bing,
2310 2376 58 34 der
2382 2375 114 49 grofse
2516 2376 290 37 Meister-Kenner
2820 2379 69 34 und
2905 2379 163 35 Sammler
3085 2379 209 49 japanischer
3309 2383 123 40 Kunst,
3453 2382 138 34 wendet

2093 2429 73 34 sich
2190 2429 164 50 plötzlich
2375 2429 39 36 ab
2440 2443 69 21 von
2535 2430 106 35 seiner
2664 2431 234 36 sammelnden
2922 2433 72 34 und
3020 2432 280 48 registrierenden
3318 2434 211 49 Thätigkeit,
3559 2449 33 21 er

2093 2481 90 35 stellt
2211 2483 71 34 sich
2310 2483 122 34 mitten
2461 2483 37 34 in
2526 2483 65 34 den
2615 2486 113 33 Strom
2756 2484 58 35 der
2841 2486 163 48 heutigen
3032 2489 199 46 Bewegung
3259 2487 71 35 und
3359 2487 92 48 giebt
3479 2490 113 33 seinen

2093 2535 215 36 Geschmack
2326 2535 73 36 und
2420 2536 89 35 seine
2528 2538 201 35 Kenntnisse
2749 2538 35 34 in
2804 2538 63 35 den
2885 2540 118 34 Dienst
3023 2540 57 35 der
3099 2540 103 35 heute
3222 2538 220 38 schaffenden
3460 2540 130 38 Kräfte.

2227 2592 68 31 Das
2315 2589 91 48 giebt
2425 2603 41 21 zu
2486 2589 144 36 denken.

2226 2643 63 33 Die
2309 2643 74 34 Zeit
2408 2643 55 34 des
2491 2643 186 36 Sammelns
2702 2644 72 35 und
2801 2646 219 35 Schachteins
3045 2647 60 34 hat
3130 2644 195 51 aufgehört.
3372 2648 64 34 Die
3462 2651 129 32 Kästen

2091 2695 76 35 sind
2185 2695 84 41 voll,
2289 2696 54 35 die
2362 2697 152 47 Register
2540 2698 180 47 geordnet;
2745 2698 86 47 jedes
2853 2699 249 42 Schränkchen,
3127 2700 90 47 jeder
3236 2700 111 42 Stuhl,
3366 2701 90 48 jeder
3475 2704 116 33 Fetzen

2091 2749 99 35 Tuch
2218 2748 147 36 befindet
2394 2750 73 35 sich
2493 2749 73 36 fein
2594 2750 188 36 säuberlich
2817 2766 41 21 an
2887 2754 125 34 seinem
3042 2753 89 35 Platz
3160 2754 72 35 und
3264 2754 125 35 erzählt
3413 2768 70 22 von
3512 2755 77 35 dem

2091 2804 149 33 Können
2259 2803 70 34 und
2349 2803 201 49 Empfinden
2569 2805 107 34 seiner
2694 2806 84 35 Zeit.
2820 2808 106 47 Japan
2949 2806 106 35 bildet
3080 2807 57 34 das
3158 2806 236 36 Schlufsstück
3418 2821 40 22 zu
3484 2808 105 35 dieser

2091 2855 213 49 Sammlung.
2324 2858 86 33 Nun
2423 2857 44 34 ist
2481 2857 90 35 Alles
2587 2868 369 39 zusammengetragen,
2967 2873 72 22 was
3055 2858 133 37 frühere
3204 2861 118 35 Zeiten
3337 2860 70 36 und
3422 2861 167 36 Kulturen

2089 2908 284 49 hervorgebracht
2402 2909 112 36 haben
2540 2924 43 21 an
2611 2914 113 32 Kunst
2748 2912 73 35 und
2846 2912 281 49 Kunstgewerbe.
3172 2917 77 32 Wo
3278 2928 73 21 nun
3377 2914 78 42 hin,
3485 2928 104 22 wenn

2089 2975 82 22 man
2195 2963 73 35 sich
2296 2963 96 35 nicht
2416 2969 159 43 genügen
2599 2964 108 36 lassen
2726 2965 77 36 will
2823 2979 42 22 an
2891 2966 78 35 dem
2985 2966 236 43 Bewufstsein,
3243 2968 68 35 wie
3338 2968 147 36 herrlich
3505 2970 84 34 weit

2090 3029 31 21 es
2142 3015 132 36 Andere
2293 3017 154 34 ihrerzeit
2467 3017 181 48 gebracht?

2222 3070 85 34 Hier
2326 3069 126 36 mufste
2472 3071 57 34 der
2549 3071 241 48 Umschwung
2810 3073 175 36 einsetzen.

2222 3125 88 33 Man
2325 3122 125 36 besann
2464 3125 85 40 sich,
2565 3125 73 35 dafs
2650 3138 31 22 es
2694 3125 201 49 wichtigere
2905 3125 183 50 Aufgaben
3100 3126 94 49 gäbe,
3211 3126 46 35 als
3269 3128 35 33 in
3315 3127 63 35 den
3391 3128 195 35 Schränken

2089 3174 58 36 der
2161 3173 191 38 Vorfahren
2372 3190 41 21 zu
2431 3177 158 46 kramen;
2611 3191 80 22 man
2710 3178 106 35 lernte
2836 3192 69 23 von
2919 3182 146 38 Neuem,
3088 3180 71 35 dafs
3178 3180 89 47 jeder
3286 3182 209 35 Generation
3515 3183 72 34 ihre

2090 3229 140 48 eigenen
2249 3229 74 35 und
2347 3243 111 22 neuen
2477 3230 182 49 Aufgaben
2683 3232 132 48 gestellt
2834 3233 151 42 werden,
3012 3233 71 35 und
3102 3232 74 36 dafs
3198 3232 93 49 grofs
3311 3246 64 22 nur
3394 3234 53 35 die
3468 3236 117 35 Zeiten

2088 3295 130 29 waren,
2239 3282 54 36 die
2317 3283 96 35 ihren
2432 3285 172 47 eigensten
2623 3285 276 50 Empfindungen
2925 3288 140 47 eigenen
3085 3286 182 36 Ausdruck
3288 3300 41 21 zu
3349 3288 168 35 verleihen
3538 3290 47 34 im

2089 3336 125 34 Stande
2234 3349 127 23 waren.

2222 3392 69 32 Das
2317 3403 73 22 war
2415 3389 99 37 keine
2541 3391 225 42 Modesache,
2794 3391 99 36 keine
2917 3396 130 38 Laune,
3074 3406 56 22 am
3156 3393 192 48 wenigsten
3372 3394 212 49 Müdigkeit.

2222 3443 108 35 Müde
2355 3457 65 21 nur
2439 3458 75 21 war
2538 3459 81 21 man
2643 3446 188 48 geworden
2857 3447 90 34 einer
2966 3446 220 35 dekorativen
3204 3450 125 38 Kunst,
3349 3447 54 35 die
3424 3449 141 35 tausend-

2088 3495 70 35 mal
2173 3499 159 45 Gesagtes
2352 3497 270 50 nachplapperte,
2637 3498 82 36 weil
2739 3500 46 34 sie
2804 3499 100 34 selbst
2923 3499 110 35 nichts
3048 3502 115 33 Neues
3183 3513 41 22 zu
3244 3513 102 35 sagen
3365 3502 104 35 hatte.
3504 3503 80 34 Und

3291 1835 52 29 *

2176 3628 30 39 *)
2231 3628 69 41 Vgl.
2323 3628 233 31 Kunstchronik
2580 3630 87 30 VIII.
2683 3629 160 44 Jahrgang
2867 3633 63 29 No.
2954 3643 50 24 23.
3044 3632 114 42 Verlag
3178 3644 65 19 von
3267 3633 33 30 E.
3318 3634 40 30 A.
3377 3633 151 31 Seemann
3552 3634 32 30 in

2088 3672 141 41 Leipzig;
2255 3673 122 40 „Bing’s
2400 3674 72 30 Part
2494 3679 169 27 nouveau“
2686 3686 64 20 von
2775 3676 40 30 O.
2834 3676 83 37 Feld,
2942 3676 92 31 Paris.
