3648 4572
1372 3908 214 45 151

273 553 197 37 fliessenden
486 557 186 48 Ausgleich
691 560 170 35 zwischen
875 563 107 34 Innen
997 564 70 33 und
1083 565 129 35 Aussen
1232 564 139 36 können
1385 566 66 35 wir

273 607 58 35 das
348 607 245 39 künstlerische
608 611 272 38 Lebenselement
896 614 155 45 erfassen,
1067 618 91 34 noch
1174 619 61 34 ehe
1251 619 53 35 die
1318 619 114 35 Gestal-

273 668 87 41 tung
380 675 41 21 zu
446 661 111 45 fester,
583 679 83 20 vom
694 668 159 34 Material
879 668 175 49 bedingter
1079 673 98 33 Form
1202 673 144 47 gerinnt,
1372 672 78 36 aber

273 714 108 36 schon
400 729 82 22 vom
502 717 274 50 schöpferischen
794 720 112 42 Trieb,
934 736 82 21 vom
1035 722 216 38 fruchtbaren
1274 727 98 34 Keim
1392 726 57 34 der

272 767 76 33 Idee
383 768 264 51 durchdrungen
679 785 48 22 im
755 774 121 36 Schofs
903 776 58 35 der
985 778 243 47 ungeborenen
1254 779 164 49 Möglich
1436 802 15 4 -

272 818 116 37 keiten
403 821 211 38 schwimmt.
644 827 229 35 Kunstwerke
893 829 86 35 lernt
998 843 80 22 man
1095 834 44 44 ja,
1154 833 69 34 wie
1237 846 61 22 uns
1315 835 133 34 Goethe

271 882 127 38 gesagt,
418 875 97 35 nicht
534 875 146 44 kennen,
701 893 104 22 wenn
824 882 47 33 sie
890 880 101 51 fertig
1009 884 91 43 sind;
1125 898 80 22 man
1223 886 91 35 mufs
1334 888 45 33 sie
1399 887 50 35 im

271 927 185 34 Entstehen
476 929 194 42 erhaschen,
691 945 59 22 um
770 934 46 34 sie
837 935 257 48 einigermafsen
1113 952 39 21 zu
1173 938 180 49 begreifen.

351 980 150 35 Deshalb
522 983 118 34 stellen
659 985 66 34 wir
744 988 87 33 zwei
851 990 256 35 Meisterwerke
1126 1005 69 22 von
1214 993 157 35 höchster
1385 996 42 32 Be-

271 1030 156 50 deutung
454 1032 57 36 für
539 1034 58 36 das
626 1035 245 40 künstlerische
891 1042 143 36 Denken
1063 1045 35 33 in
1117 1045 64 34 den
1200 1046 247 49 Mittelpunkt:

272 1084 53 35 die
345 1086 145 47 goldene
511 1086 115 37 Pforte
645 1103 41 21 zu
702 1091 151 50 Freiberg
871 1094 73 35 und
963 1096 63 35 den
1044 1096 200 37 Stifterchor
1261 1100 37 34 in
1312 1102 109 32 Naum-

270 1138 88 48 burg
385 1152 43 21 an
456 1140 58 34 der
534 1141 111 43 Saale;
676 1143 89 36 denn
792 1149 74 43 jene
894 1148 42 34 ist
965 1149 53 35 die
1044 1152 222 48 notwendige
1285 1152 162 36 Vorstufe

271 1191 117 41 dieser,
417 1193 71 34 und
515 1194 89 35 diese
622 1195 54 35 die
695 1195 222 54 folgerichtig
935 1200 279 39 fortschreitende
1233 1207 214 48 Aeusserung

271 1245 88 34 eines
396 1246 73 34 und
502 1246 171 37 desselben
701 1251 108 43 Stiles,
845 1253 58 35 der
931 1254 64 35 auf
1018 1256 57 35 der
1103 1258 103 35 Höhe
1242 1258 56 36 der
1324 1260 121 35 letzten

269 1296 185 51 Aufgaben
473 1300 149 48 anlangt.

842 1456 29 32 ❖

349 1654 56 34 An
443 1653 56 35 der
535 1655 208 41 „Goldenen
774 1658 117 38 Pforte
894 1667 22 15 cc
951 1664 135 36 reichen
1118 1668 222 36 Architektur
1372 1670 71 35 und

268 1704 127 36 Plastik
429 1707 157 35 einander
619 1708 54 36 die
704 1712 141 44 Hände;
886 1715 78 35 aber
1004 1716 94 38 beide
1131 1722 312 37 Schwesterkünste

268 1764 137 30 müssen
426 1759 65 36 auf
506 1761 98 35 einen
623 1763 74 34 Teil
715 1765 90 36 ihrer
824 1768 171 48 eigensten
1005 1773 156 47 Vorzüge
1180 1775 200 43 verzichten,
1400 1777 42 34 da

269 1811 53 35 die
344 1813 320 51 Durchgliederung
684 1818 90 35 einer
1043 1839 58 21 um
1122 1827 63 35 den
1204 1829 156 49 Eingang
1378 1843 66 22 nur

267 1864 312 52 Reliefauffassung
607 1879 167 38 gestattet,
805 1874 81 35 oder
913 1889 44 21 an
985 1877 64 35 den
1068 1880 259 50 Thürschrägen
1353 1883 89 34 doch

268 1919 207 48 wenigstens
496 1921 71 35 eine
587 1922 110 36 starke
713 1926 233 50 Annäherung
966 1943 44 22 an
1029 1932 116 35 solche
1164 1934 160 49 verlangt.
1353 1935 89 36 Aber

268 1972 307 37 architektonische
594 1976 73 34 und
687 1976 224 40 bildnerische
927 1985 245 47 Organisation
1192 1987 250 51 durchdringen

267 2025 159 35 einander
457 2028 72 34 und
558 2029 136 36 wirken
725 2031 37 35 in
790 2034 164 49 innigster
981 2037 226 51 Verbindung
1235 2054 205 24 zusammen.

266 2077 113 36 Schon
399 2079 55 35 die
473 2081 215 49 Hauptform
708 2084 55 36 des
783 2089 238 35 romanischen
1035 2092 296 50 Kirchenportales
1350 2096 90 35 wird

263 2134 33 44 ja
325 2133 63 33 mit
408 2135 111 33 Recht
547 2135 78 35 dem
653 2138 308 49 perspektivischen
984 2144 158 36 Einblick
1164 2147 36 34 in
1225 2147 57 35 das
1308 2149 114 35 Mittel-

265 2183 107 37 schiff
390 2186 205 49 verglichen.
645 2193 66 32 Der
729 2191 163 44 Anblick,
920 2195 65 35 den
1004 2198 67 34 wir
1095 2198 48 35 im
1162 2201 121 34 Innern
1306 2203 133 45 jenseits

264 2237 57 35 der
340 2239 169 36 Schwelle
534 2241 46 35 als
600 2243 75 35 Bild
699 2246 172 47 geniefsen
897 2250 70 33 und
993 2250 89 35 beim
1096 2255 176 33 Vorwärts
1275 2255 165 35 wandern

264 2304 78 22 zum
362 2292 97 36 Altar
478 2293 66 35 auf
544 2294 121 37 lösend
685 2298 47 34 als
751 2301 263 37 Nacheinander
1033 2305 106 34 seiner
1157 2305 206 38 wirklichen
1378 2310 41 33 Be-

264 2345 177 35 standteile
466 2347 144 42 erleben,
636 2349 72 36 hier
732 2352 160 37 draufsen
911 2357 165 34 erscheint
1096 2371 34 21 er
1150 2357 64 36 auf
1230 2359 52 35 die
1302 2362 137 48 schräge

263 2398 232 36 Wandfiäche
528 2402 190 47 geworfen.
766 2406 92 35 Aber
885 2409 37 34 in
948 2409 210 37 verkürztem
1185 2415 158 47 Auszuge
1367 2415 73 35 und

262 2451 225 37 schnellerem
505 2456 132 48 Tempo
657 2457 107 36 wirkt
789 2473 33 22 er
847 2462 226 49 eindringlich
1092 2464 72 35 und
1183 2465 91 36 stark
1294 2466 65 36 auf
1374 2467 64 35 den

264 2504 278 37 ankommenden
562 2511 174 36 Besucher.
765 2514 65 33 Die
849 2516 131 35 Reihen
1001 2517 108 35 rechts
1131 2519 69 34 und
1220 2519 89 35 links
1329 2521 108 48 gehen

263 2557 160 42 vorüber,
444 2559 131 36 ordnen
594 2563 72 34 sich
685 2573 110 38 unter,
815 2567 165 37 während
1000 2570 57 34 das
1072 2570 188 37 Mittelfeld
1280 2572 81 36 über
1381 2574 58 35 der

263 2609 116 36 Pforte
398 2611 55 35 des
469 2613 209 49 Heiligtums
699 2617 46 35 als
764 2620 135 48 ruhiges
915 2622 75 35 Bild
1011 2624 158 35 bestehen
1184 2624 104 36 bleibt
1307 2627 71 35 und
1397 2641 40 21 zu

264 2663 189 37 dauernder
471 2666 204 51 Bedeutung
694 2670 154 49 aufgeht.

343 2718 81 34 Und
457 2721 92 33 noch
577 2723 88 35 Eins.
713 2726 118 34 Durch
858 2726 53 36 die
936 2728 130 43 Stufen,
1096 2730 99 36 deren
1220 2735 100 31 Reste
1345 2737 92 33 noch

262 2770 74 34 hier
355 2771 36 34 in
412 2770 65 36 den
490 2772 117 37 Ecken
624 2777 220 36 unmittelbar
862 2794 62 21 vor
943 2782 56 35 der
1014 2784 258 36 Thürschwelle
1291 2787 146 37 sichtbar

263 2822 188 49 geblieben,
483 2826 161 48 obgleich
663 2843 80 21 man
762 2832 47 33 sie
829 2836 272 45 ausgeschnitten
1125 2837 71 42 hat,
1226 2839 136 35 werden
1383 2841 54 35 die

261 2876 123 35 beiden
402 2878 170 36 innersten
585 2881 223 50 Säulenpaare
828 2887 63 34 mit
906 2888 96 35 ihren
1017 2890 265 47 Bogenwulsten
1297 2892 140 38 darüber

261 2929 73 35 und
354 2930 79 35 dem
447 2932 202 48 figürlichen
664 2936 183 44 Schmuck,
868 2939 65 36 den
952 2942 46 34 sie
1013 2943 233 35 einschliefsen
1265 2958 41 21 zu
1325 2947 110 35 einem

261 2984 262 50 Kirchenportal
552 2987 48 35 im
630 3002 123 35 engem
774 2992 100 35 Sinne
899 2995 331 49 zusammengefafst,
1259 2999 72 35 und
1357 3000 78 36 alles

260 3036 148 49 Uebrige
437 3038 177 51 empfängt
642 3042 65 34 den
738 3045 187 36 Charakter
954 3048 91 35 einer
1073 3048 276 39 vorbereitenden
1377 3056 40 32 Er-

260 3091 203 49 weiterung.
511 3096 44 32 So
583 3104 64 25 erst
681 3095 142 49 begreift
848 3100 72 34 sich
948 3100 54 35 die
1026 3103 199 48 Steigerung
1252 3104 56 35 des
1334 3119 80 22 orna-

259 3144 173 35 mentalen
452 3147 201 35 Reichtums
680 3162 44 21 an
750 3151 65 35 den
834 3152 161 36 Schäften
1019 3154 58 35 der
1095 3156 124 35 Säulen
1243 3159 70 34 und
1338 3160 96 35 ihren

259 3198 223 36 Archivolten
503 3213 69 22 von
593 3215 119 21 aussen
731 3205 88 34 nach
839 3206 104 35 innen
958 3220 52 29 zu,
1031 3208 70 35 und
1116 3210 48 33 im
1179 3212 137 34 Ganzen
1331 3212 103 36 dieser

259 3249 216 38 Dekoration
494 3254 129 35 wieder
649 3255 52 35 die
721 3259 345 50 Zusammenfassung
1090 3261 56 36 der
1171 3261 118 38 beiden
1313 3266 120 35 innern

259 3306 101 32 Paare
379 3306 64 34 mit
464 3307 148 36 textilem
631 3311 133 34 Muster
788 3311 72 35 und
884 3312 56 35 der
960 3313 118 36 beiden
1099 3315 134 36 äufsern
1254 3318 61 34 mit
1334 3319 80 35 senk-

257 3358 131 35 rechter
417 3359 81 35 oder
525 3361 210 49 spiralischer
762 3366 270 49 Kanneliierung
1061 3368 71 44 (Hie
1158 3382 25 22 z.
1204 3372 39 34 T,
1270 3372 163 47 ungleich

258 3423 69 22 von
348 3412 181 49 Spätgotik
548 3415 71 35 und
640 3418 224 35 Renaissance
891 3419 221 37 überarbeitet
1131 3423 172 49 worden).
1350 3426 81 35 Und

258 3463 100 36 sehen
388 3466 66 35 wir
480 3468 148 41 endlich,
657 3469 74 36 dafs
760 3471 54 35 die
839 3472 137 36 Schäfte
1005 3474 56 35 der
1088 3475 194 36 vordersten
1306 3479 125 35 Säulen

260 3516 117 37 aufsen
398 3533 84 34 ganz
502 3521 86 48 glatt
607 3522 150 48 gelassen
776 3526 86 40 sind,
884 3525 70 36 dafs
974 3528 71 34 ihre
1065 3530 103 33 Basen
1190 3528 76 37 aber
1284 3532 63 34 mit
1366 3532 64 35 den

258 3568 248 40 benachbarten
525 3577 242 47 Zwergsäulen
793 3577 65 36 auf
878 3581 73 34 eine
970 3582 103 34 Höhe
1097 3581 159 48 gebracht
1275 3585 154 42 worden,

257 3636 39 21 so
325 3625 136 35 sondert
487 3628 73 34 sich
586 3628 54 36 die
663 3630 160 36 äufserste
843 3632 204 51 Einfassung
1070 3634 55 35 des
1146 3639 283 47 Gesamtportales

256 3677 128 36 wieder
418 3679 46 35 als
499 3683 218 47 Gegenstück
757 3698 58 22 zur
847 3687 171 35 innersten
1049 3687 246 53 Thüröffnung
1326 3692 106 36 selber

1555 566 132 38 heraus.
1724 571 40 31 Es
1787 568 145 36 entsteht
1952 568 56 36 der
2027 568 184 44 Eindruck,
2237 569 46 37 als
2307 572 47 34 sei
2373 572 72 35 eine
2464 572 164 35 Vorhalle
2648 573 81 36 oder

1556 621 111 35 Parvis
1687 620 73 36 hier
1778 635 356 36 zusammengezogen;,
2155 637 38 21 so
2214 623 72 36 dafs
2307 625 73 34 ihre
2399 625 186 36 äufsersten
2601 628 127 47 Träger

1556 687 87 22 vorn
1670 674 71 34 und
1769 675 120 35 hinten
1920 677 91 34 noch
2035 677 122 35 immer
2182 676 64 36 den
2272 678 113 35 Inhalt
2409 679 59 34 der
2491 680 237 36 Seitenwände

1555 727 171 35 zwischen
1746 728 71 35 sich
1836 729 36 34 in
1891 728 52 36 die
1962 731 103 33 Mitte
2084 731 156 35 nehmen.

1636 783 44 31 So
1701 781 90 35 stellt
1811 783 72 34 sich
1903 782 86 36 auch
2011 797 41 21 an
2072 783 115 36 diesen
2207 783 265 50 festgerahmten
2490 786 236 49 Wandungen

1555 834 73 34 eine
1656 833 216 37 kunstreiche
1901 837 213 48 Disposition
2141 839 132 34 heraus.
2320 839 109 35 Nicht
2456 839 102 36 allein
2577 841 38 34 in
2633 854 70 33 sym-

1555 888 195 34 metrischer
1768 889 191 48 Beziehung
1979 891 216 48 entsprechen
2215 893 69 34 vier
2303 894 143 47 Figuren
2471 892 66 35 auf
2552 893 56 35 der
2628 895 96 34 einen

1555 940 84 34 Seite
1658 940 47 35 als
1726 941 256 49 gleichwertige
2002 943 134 36 Glieder
2155 944 58 35 der
2231 945 155 48 gleichen
2404 946 86 35 Zahl
2510 946 65 35 auf
2590 946 56 36 der
2667 961 40 22 an-

1555 992 80 36 dern
1661 993 204 49 gegenüber,
1890 996 147 35 sondern
2063 997 54 35 die
2143 997 118 36 beiden
2280 1000 119 34 innern
2419 999 136 36 Glieder
2575 1002 150 47 gehören

1553 1046 129 36 wieder
1700 1047 103 35 näher
1822 1061 193 23 zusammen
2034 1051 74 35 hier
2126 1052 68 34 wie
2218 1052 87 36 dort.
2352 1054 52 34 Sie
2432 1053 111 36 bilden
2562 1053 162 37 wirklich

1553 1100 54 34 ein
1632 1102 82 33 Paar
1738 1101 36 35 in
1800 1102 265 36 menschlichem
2086 1105 119 45 Sinne;
2237 1107 54 34 ein
2310 1108 110 34 Mann
2444 1108 71 34 und
2542 1108 74 35 eine
2639 1110 85 33 Frau

1552 1153 116 35 stehen
1686 1154 36 34 in
1741 1166 135 36 engerer
1894 1155 224 51 Verbindung
2137 1159 64 35 mit
2220 1159 170 42 einander,
2412 1160 45 35 als
2478 1161 54 35 die
2551 1161 172 36 einzelnen

1552 1208 144 33 Männer
1720 1207 36 35 in
1781 1207 65 35 den
1872 1207 184 37 äufsersten
2082 1211 71 34 und
2178 1212 170 37 innersten
2372 1214 163 35 Nischen.
2582 1218 41 31 Es
2647 1215 74 35 sind

1550 1258 175 49 jedenfalls
1740 1263 100 33 Paare
1860 1260 184 49 gekrönter
2058 1265 165 48 Häupter,
2246 1265 52 36 die
2317 1267 108 34 durch
2445 1267 69 35 dies
2530 1268 191 35 Abzeichen

1551 1312 108 35 schon
1689 1326 41 21 zu
1768 1314 58 34 der
1858 1315 212 35 thronenden
2105 1319 128 35 Gestalt
2270 1320 48 34 im
2351 1319 188 49 Bogenfeld
2578 1321 141 41 droben,

1552 1366 63 34 mit
1651 1366 57 34 der
1741 1369 116 32 Krone
1891 1366 66 37 auf
1986 1368 77 36 dem
2090 1372 136 48 Haupt,
2265 1373 73 35 eine
2373 1374 124 35 nähere
2532 1376 191 47 Beziehung

1551 1419 194 48 gewinnen.

1630 1474 119 33 Damit
1765 1474 42 33 ist
1821 1471 57 36 für
1893 1474 54 34 die
1964 1474 250 51 vielgliederige
2226 1480 211 46 Symmetrie,
2453 1481 71 34 und
2542 1481 178 35 besonders

1550 1522 57 37 für
1635 1524 54 35 die
1719 1526 184 49 vierteilige
1922 1528 107 34 Reihe
2052 1542 69 21 von
2141 1531 173 35 Gestalten
2339 1533 114 35 hüben
2481 1534 70 35 und
2577 1534 142 42 drüben,

1550 1578 54 34 die
1623 1576 193 51 körperlich
1835 1580 226 47 ausgebildete
2077 1584 209 35 Dominante
2306 1585 55 35 des
2377 1589 137 33 Ganzen
2534 1586 185 49 gefunden,

1550 1630 72 35 und
1642 1644 92 22 zwar
1753 1632 36 34 in
1809 1632 56 35 der
1884 1634 151 34 höheren
2053 1637 147 47 Region,
2228 1637 55 35 die
2308 1639 82 35 über
2408 1640 77 35 dem
2504 1642 138 47 Haupte
2662 1642 57 35 des

1551 1684 253 35 menschlichen
1829 1687 178 34 Besuchers
2037 1689 117 34 stehen
2181 1689 114 44 bleibt,
2325 1705 105 23 wenn
2458 1693 53 35 die
2536 1695 112 34 Seiten
2676 1708 43 21 an

1550 1736 74 35 ihm
1643 1736 145 36 vorüber
1806 1739 213 42 schwinden,
2039 1742 68 34 wie
2128 1755 33 21 er
2180 1743 57 35 der
2251 1745 167 35 Schwelle
2439 1746 54 35 des
2509 1747 207 48 Heiligtums

1550 1789 106 35 selber
1682 1791 155 35 zustrebt.
1884 1792 80 35 Und
1997 1794 127 35 wieder
2151 1797 137 35 sondert
2315 1798 71 35 sich
2415 1798 129 36 droben
2568 1801 48 34 im
2644 1801 55 49 pla-

1550 1843 145 34 stischen
1714 1843 173 36 Schmuck
1907 1845 57 35 der
1982 1847 201 49 Kehlungen
2208 1849 58 35 der
2284 1851 146 36 innerste
2448 1852 194 42 Halbkreis,
2670 1855 47 34 als

1549 1909 77 21 zum
1645 1896 113 35 Portal
1787 1898 48 33 im
1860 1911 121 35 engem
2002 1900 82 35 Sinn
2109 1902 155 48 gehörig,
2293 1905 71 34 und
2392 1905 56 35 der
2468 1905 172 42 äufserste,
2670 1907 47 35 als

1549 1950 151 33 weiteste
1715 1950 280 50 Umschliefsung
2009 1952 56 35 des
2082 1957 136 33 Ganzen
2239 1957 64 34 mit
2317 1958 96 34 ihren
2431 1959 194 47 steigenden
2645 1961 73 35 und

1548 2002 183 35 stehenden
1752 2003 183 42 Gestalten,
1968 2019 69 22 von
2063 2006 77 35 dem
2166 2009 167 35 mittleren
2353 2013 82 33 Paar
2460 2013 63 33 mit
2547 2013 170 35 sitzenden

1548 2056 276 47 Figurenreihen,
1853 2058 165 35 während
2043 2059 53 36 die
2115 2061 261 49 durchgehende
2397 2065 242 42 Scheitellinie,
2669 2067 47 35 als

1548 2107 177 36 Mittelaxe
1759 2108 56 35 der
1843 2112 217 44 Symmetrie,
2094 2115 63 33 mit
2187 2116 98 34 ihren
2318 2122 167 30 vorwärts
2517 2118 199 36 strebenden

1548 2161 236 49 Halbfiguren,
1805 2163 128 34 wieder
1951 2164 65 35 alle
2030 2165 147 49 Sphären
2193 2181 41 22 zu
2255 2170 88 34 einer
2363 2171 241 36 einheitlichen
2616 2173 101 35 Welt

1548 2213 183 36 verbindet.

1626 2270 44 32 So
1705 2267 227 36 durchwaltet
1965 2270 56 35 das
2056 2272 308 38 architektonische
2393 2279 118 33 Gesetz
2544 2279 88 35 auch
2662 2279 53 35 die

1547 2319 208 49 Gliederung
1784 2321 55 35 des
1868 2322 201 49 plastischen
2099 2326 199 42 Bildwerks,
2331 2329 57 34 das
2417 2331 64 33 mit
2509 2331 205 36 Lebewesen

1546 2373 88 35 nach
1653 2386 134 22 unserer
1806 2377 61 33 Art
1887 2375 63 35 alle
1959 2379 132 33 Räume
2112 2379 55 34 des
2178 2379 181 38 Aufbaues
2380 2381 124 39 erfüllt.
2535 2385 80 35 Drei
2629 2386 69 34 vier-

1546 2425 115 49 teilige
1679 2427 132 35 Reihen
1830 2428 168 48 umgeben
2018 2430 57 35 das
2091 2433 230 49 Hauptstück,
2340 2438 32 44 ja
2388 2436 54 34 die
2463 2437 130 35 oberste
2605 2439 107 35 Reihe

1547 2478 104 36 dieser
1662 2479 71 35 drei
1745 2481 42 33 ist
1798 2493 41 22 an
1851 2482 70 34 sich
1933 2483 181 47 eigentlich
2124 2486 73 35 eine
2209 2488 275 49 Verdoppelung,
2502 2491 74 34 eine
2588 2491 126 35 höhere

1545 2531 222 49 Verbindung
1778 2547 57 22 aus
1847 2534 62 34 den
1920 2544 140 27 unteren
2067 2536 153 38 Hälften.
2239 2540 76 45 Jede
2328 2541 104 36 dieser
2440 2544 131 34 Reihen
2583 2544 130 35 besteht

1545 2585 36 33 in
1591 2585 72 34 sich
1672 2586 139 41 wieder,
1826 2588 68 34 wie
1905 2588 57 34 der
1973 2603 102 33 ganze
2086 2592 193 43 Portalbau,
2296 2608 58 21 aus
2370 2596 110 35 einem
2491 2596 134 36 äufsern
2641 2599 73 34 und

1545 2638 111 34 einem
1675 2639 119 35 innern
1813 2642 81 32 Paar
1914 2655 69 21 von
2004 2643 174 42 Gliedern,
2206 2645 54 36 die
2285 2648 105 34 näher
2414 2662 41 21 zu
2475 2650 159 36 einander
2653 2665 40 35 ge-

1543 2690 118 36 hören.
1708 2693 51 33 Sie
1779 2693 211 47 vergleichen
2013 2697 73 34 sich
2111 2697 72 35 also
2207 2700 190 47 ungesucht
2416 2702 65 35 den
2499 2704 212 48 vierzeiligen

1543 2744 166 48 Strophen
1738 2745 63 34 mit
1829 2745 135 37 äufsern
1992 2750 71 34 und
2097 2751 119 35 innern
2244 2754 224 49 Reimpaaren
2496 2755 58 36 der
2582 2757 111 48 gleich-

1543 2797 141 48 zeitigen
1706 2797 218 38 Dichtkunst.
1957 2802 80 34 Und
2056 2804 69 34 wie
2144 2805 88 34 diese
2251 2808 92 33 noch
2361 2808 38 34 in
2417 2808 57 35 der
2493 2809 217 36 alt-ererbten

1543 2848 270 38 kunstreichsten
1831 2855 97 32 Form
1958 2854 55 35 des
2032 2858 134 33 Sonetts
2186 2859 128 35 wieder
2338 2861 37 34 in
2400 2861 65 35 den
2490 2872 107 26 ersten
2623 2865 71 34 vier-

1542 2902 142 49 zeiligen
1698 2904 166 36 Absätzen
1883 2905 106 37 durch
2009 2908 129 47 gleiche
2152 2912 119 34 Reime
2289 2913 105 36 näher
2408 2914 196 38 verbunden
2623 2918 85 43 sind,

1543 2955 71 34 also
1646 2958 234 45 symmetrisch
1907 2960 157 36 einander
2090 2965 229 47 entsprechen,
2348 2980 37 21 so
2409 2968 75 35 hier
2508 2969 54 35 die
2589 2970 121 35 beiden

1542 3008 278 50 viergliederigen
1857 3015 256 36 Statuenreihen
2154 3017 88 35 links
2286 3019 71 35 und
2393 3021 109 35 rechts
2545 3036 44 22 an
2630 3024 79 35 dem

1542 3062 161 48 schrägen
1724 3065 186 35 Gewände.
1950 3067 136 35 Darauf
2099 3068 91 50 folgt
2211 3071 54 35 die
2283 3074 349 51 Zusammenfassung
2651 3076 59 35 der

1541 3115 120 34 beiden
1672 3118 150 40 Gesätze,
1839 3118 64 40 die,
1919 3120 120 35 weiter
2053 3123 200 42 ausholend,
2270 3125 89 36 doch
2375 3127 76 34 dem
2467 3128 111 35 selben
2589 3133 119 45 Gange

1541 3166 153 49 folgend,
1724 3182 57 21 zur
1804 3172 135 34 Einheit
1968 3173 55 35 des
2044 3178 137 33 Ganzen
2211 3178 213 49 emporführt
2451 3182 72 35 und
2552 3183 157 48 zugleich

1541 3220 56 35 das
1618 3220 116 36 Relief
1749 3223 35 34 in
1803 3224 88 35 ihrer
1909 3226 103 34 Mitte
2031 3227 46 35 als
2097 3231 92 35 Kern
2207 3230 216 45 hervorhebt,
2449 3236 68 33 wie
2538 3236 54 35 ein
2611 3235 79 36 kost-

1539 3273 91 34 bares
1651 3274 146 36 Kleinod
1821 3278 63 33 mit
1903 3278 231 38 kunstreicher
2152 3285 146 48 Fassung
2321 3299 69 22 von
2410 3287 104 38 Gold.
2623 3292 84 33 Wie

1538 3326 49 34 im
1607 3330 118 31 Sonett
1748 3330 72 34 sich
1839 3330 90 36 Alles
1950 3332 66 35 auf
2037 3333 52 35 die
2112 3335 96 36 letzte
2228 3339 91 34 Zeile
2338 3342 172 46 spannend
2530 3342 176 50 zugipfelt,

1538 3393 38 20 so
1597 3380 72 34 hier
1689 3380 64 35 auf
1767 3382 64 35 den
1850 3385 112 35 Inhalt
1981 3386 56 35 des
2056 3389 217 49 Tympanon.
2310 3395 68 32 Der
2397 3393 177 38 bleibende
2594 3400 112 38 Wert,

1539 3432 56 35 der
1614 3433 72 35 hier
1705 3434 144 47 geboten
1868 3438 101 42 wird,
1995 3441 167 36 nachdem
2190 3443 64 35 alle
2273 3447 198 49 Bewegung
2498 3450 122 34 umher
2645 3450 63 35 ihn

1538 3486 69 34 wie
1637 3486 220 51 Uebergänge
1886 3491 54 34 des
1971 3493 167 36 Werdens
2172 3497 200 36 vorbereitet
2405 3500 82 36 oder
2520 3503 70 34 wie
2620 3506 66 33 Aus-

1536 3537 124 50 klänge
1679 3540 50 35 im
1747 3543 161 35 weiteren
1927 3546 148 48 Vollzug
2094 3548 197 46 verkündet,
2318 3553 165 36 erscheint
2501 3556 37 33 in
2556 3556 59 35 der
2634 3558 55 34 ein-

1536 3591 214 37 heitlichsten
1779 3596 372 41 zusammenfassenden
2174 3606 100 33 Form
2299 3605 55 35 des
2380 3607 120 38 Bildes,
2538 3612 35 42 Ja
2601 3610 103 35 dieses

1535 3644 117 36 Relief
1671 3647 206 37 wiederholt
1904 3652 37 33 in
1973 3654 106 34 seiner
2103 3658 244 47 Komposition
2372 3660 92 35 noch
2493 3662 125 35 einmal
2648 3664 57 35 das

1535 3697 272 51 Bildungsgesetz
1828 3703 54 34 des
1903 3708 153 34 Ganzen:
2078 3721 58 22 aus
2157 3712 85 34 zwei
2261 3712 176 37 seitlichen
2456 3716 248 35 Bestandteilen
