3720 4572
1370 3915 214 45 129

289 563 37 22 so
360 551 104 35 brach
495 553 72 35 sich
599 553 53 35 die
683 555 267 51 Ueberzeugung
983 560 111 41 Bahn,
1123 560 73 35 dafs
1226 574 32 22 es
1289 560 103 49 gelte,
1425 562 37 35 in

289 605 132 47 eigener
428 632 9 13 3
469 606 96 35 nicht
589 608 37 34 in
652 608 172 49 erborgter
849 612 144 47 Sprache
1022 626 40 21 zu
1086 614 117 43 reden;
1233 614 227 36 allenthalben

288 659 134 34 machte
447 660 72 34 sich
547 660 53 35 die
625 674 86 22 neue
734 664 197 49 Bewegung
955 666 147 47 geltend,
1126 668 73 35 hier
1222 666 132 45 früher;,
1382 669 78 34 dort

288 715 122 45 später;
435 712 71 34 und
532 726 105 22 wenn
664 715 87 35 auch
776 715 170 49 langsam,
975 732 38 21 so
1041 721 79 46 geht
1139 722 46 34 sie
1215 722 90 35 doch
1333 721 106 36 unauf-

286 764 146 36 haltsam
456 766 96 34 ihren
580 770 100 45 Gang
703 773 178 32 vorwärts.
929 775 130 33 Darum
1087 775 42 34 ist
1149 788 32 21 es
1206 776 54 35 ein
1279 777 180 46 wichtiges

287 817 72 34 und
384 816 215 38 erfreuliches
619 821 166 41 Zeichen,
815 823 73 35 dafs
915 824 57 35 der
995 829 132 46 jüngste
1146 827 182 37 Abschnitt
1347 830 36 34 in
1403 830 57 34 der

285 870 122 48 gewifs
427 871 186 36 heilsamen
633 873 69 35 und
724 875 171 36 seinerzeit
913 880 246 48 notwendigen
1176 882 284 49 Sammelperiode

284 936 73 21 nun
377 922 161 36 ebenfalls
558 926 113 34 seinen
691 926 183 38 Abschlufs
894 929 174 49 gefunden
1087 934 69 35 hat.

364 979 87 32 Herr
477 978 86 48 Bing
590 979 60 34 hat
675 981 71 34 sein
778 994 101 23 neues
910 986 255 37 Unternehmen
1196 988 74 35 l’art
1300 1002 158 23 nouveau

283 1040 163 37 genannt.
467 1033 42 32 Er
522 1031 60 34 hat
599 1031 107 36 damit
720 1047 101 35 sagen
837 1037 146 36 wollen:
1005 1038 53 35 die
1074 1042 74 33 Zeit
1163 1041 55 35 des
1234 1042 224 36 historischen

283 1083 185 34 Sammelns
493 1084 43 34 ist
561 1083 57 36 für
644 1086 92 34 mich
763 1089 163 42 vorüber,
954 1091 55 35 ich
1039 1094 74 34 will
1139 1094 53 35 die
1217 1097 121 46 Augen
1363 1094 95 37 offen

281 1136 117 35 halten
417 1135 57 36 für
493 1137 55 35 die
567 1137 218 38 schaffenden
806 1141 137 44 Kräfte,
966 1145 53 34 die
1039 1159 59 22 um
1117 1148 92 34 mich
1234 1149 109 48 thätig
1363 1150 92 44 sind;

281 1190 56 34 ich
354 1189 75 36 will
450 1191 98 34 einen
564 1192 261 50 Sammelpunkt
845 1195 126 43 bilden,
993 1212 40 21 an
1054 1199 78 36 dem
1149 1201 101 46 jeder,
1271 1202 56 34 der
1341 1204 115 33 Neues

281 1256 39 21 zu
340 1256 100 35 sagen
467 1244 71 41 hat,
566 1258 41 21 zu
627 1248 108 33 WArt
754 1248 72 34 und
850 1262 57 22 zur
927 1251 152 49 Geltung
1103 1252 164 37 kommen
1293 1255 82 44 soll;
1400 1256 56 35 ich

280 1296 76 35 will
377 1298 98 33 einen
495 1300 65 32 Ort
580 1298 162 44 schaffen,
763 1315 61 21 wo
845 1302 53 35 die
914 1303 182 37 Gebenden
1115 1307 70 34 und
1206 1308 53 34 die
1277 1310 154 33 Nehmen-

279 1349 65 35 den
364 1350 71 35 sich
456 1350 173 49 begegnen
649 1353 70 35 und
739 1354 70 35 sich
829 1355 134 37 kennen
982 1357 125 37 lernen.

359 1406 152 39 Gesetzt,
538 1404 74 36 dafs
632 1406 58 35 der
708 1406 121 50 Erfolg
856 1409 111 37 hinter
992 1411 78 35 dem
1090 1414 197 35 Gewollten
1312 1414 121 36 zurück-

279 1455 119 43 bliebe,
419 1470 37 22 so
477 1457 99 36 sollte
597 1472 79 22 man
696 1461 75 35 ihm
790 1460 58 37 für
867 1462 65 36 den
952 1474 106 39 guten
1074 1466 133 35 'Willen
1228 1466 100 37 allein
1347 1469 107 34 schon

278 1509 147 36 danken.

358 1564 84 35 Wie
462 1564 60 35 hat
542 1578 33 22 er
594 1579 72 21 nun
686 1567 113 35 seinen
820 1569 187 37 Gedanken
1028 1570 265 50 durchgeführt?

356 1619 39 32 In
424 1618 65 34 den
518 1627 63 39 gut
609 1620 200 48 angelegten
828 1625 156 34 Räumen
1011 1625 87 34 eines
1124 1625 243 49 zweckmäfsig
1392 1640 40 35 ge-

277 1669 127 36 bauten
418 1673 130 32 Hauses
564 1672 61 34 hat
640 1686 34 21 er
688 1673 64 35 alle
766 1677 214 47 Erzeugnisse
994 1677 179 36 moderner
1188 1682 119 38 Kunst,
1327 1681 124 34 soweit

277 1724 45 34 sie
338 1726 113 33 Neues
471 1738 39 21 zu
531 1738 102 35 sagen
651 1727 106 40 hatte,
777 1727 35 35 in
834 1729 313 47 geschmackvoller
1165 1733 264 35 Zusammenstel-

276 1776 86 49 lung
388 1778 174 48 vereinigt.
609 1781 43 33 Er
677 1780 61 34 hat
763 1781 110 48 einige
901 1782 57 35 der
977 1785 151 33 Zimmer
1154 1798 37 21 so
1221 1786 228 47 eingerichtet,

276 1830 69 35 wie
372 1844 49 27 er,
452 1831 81 35 oder
566 1832 57 35 der
655 1832 193 36 schaffende
874 1837 160 34 Künstler
1060 1837 53 34 die
1140 1839 223 48 Einrichtung
1394 1838 56 37 für

275 1882 361 51 zweckentsprechend
657 1886 71 34 und
748 1888 275 46 geschmackvoll
1042 1889 84 36 hält.
1168 1893 43 32 Er
1230 1893 59 33 hat
1308 1894 138 46 gezeigt,

274 1937 69 34 wie
371 1950 78 21 man
478 1938 55 34 ein
562 1939 175 35 modernes
761 1940 197 36 Efszimmer
982 1943 162 47 gestalten
1168 1957 96 35 mag;
1296 1946 68 34 wie
1395 1947 53 34 ein

274 1989 74 34 Bild
378 2003 69 21 von
476 1992 159 45 gewisser
663 1992 290 50 Farbenwirkung
987 2009 54 21 am
1074 1996 290 37 vorteilhaftesten
1391 2013 57 21 zur

273 2042 152 49 Geltung
453 2056 41 21 zu
522 2042 141 51 bringen
689 2046 61 41 ist;
777 2047 69 34 wie
872 2049 87 33 auch
984 2049 48 34 im
1060 2048 134 36 kleinen
1214 2051 70 34 und
1303 2051 145 36 intimen

272 2098 111 32 Raum
410 2095 53 35 die
489 2096 197 37 dekorative
707 2100 138 34 Wand-
868 2101 70 34 und
966 2101 275 36 Deckenmalerei
1266 2105 72 33 ihre
1363 2108 63 32 Ver-

271 2148 178 49 wendung
464 2149 114 36 finden
593 2150 104 36 kann.
733 2152 162 36 Daneben
910 2155 100 34 weist
1030 2169 32 21 er
1079 2155 170 35 einzelnen
1265 2156 180 37 bildenden

269 2202 182 35 Künstlern
480 2204 89 33 seine
597 2206 133 33 Räume
759 2219 42 21 an
830 2219 56 22 zur
911 2209 262 48 Veranstaltung
1201 2223 70 21 von
1298 2211 127 34 Sonder-

270 2255 265 49 ausstellungen;
565 2270 37 21 so
632 2272 74 21 war
731 2258 37 35 in
797 2259 124 35 diesem
949 2262 161 46 Frühjahr
1142 2263 73 33 eine
1244 2264 201 48 Sammlung

269 2322 69 21 von
358 2308 135 35 Bildern
520 2310 70 35 und
618 2312 240 49 Radierungen
886 2313 56 35 des
970 2314 37 35 in
1035 2315 89 35 Paris
1157 2314 163 36 lebenden
1350 2319 71 33 Nor-

269 2375 128 35 wegers
418 2364 135 33 Munch
573 2363 77 36 dort
669 2366 185 48 vereinigt,
884 2366 54 35 die
964 2368 131 47 jedem,
1125 2368 58 35 der
1202 2369 65 35 den
1286 2371 158 34 Künstler

266 2416 96 34 nicht
383 2416 107 35 schon
509 2430 69 21 von
598 2418 126 35 seinem
744 2419 126 35 Atelier
895 2420 60 35 her
978 2420 145 42 kannte,
1152 2422 55 34 ein
1231 2435 85 35 ganz
1341 2436 102 22 neues

267 2468 73 35 Bild
361 2468 106 36 dieser
492 2470 244 49 eigenartigen,
757 2471 104 36 tiefen
887 2475 266 35 Persönlichkeit
1178 2474 108 49 geben
1306 2475 135 37 mufste.

266 2524 41 31 Es
322 2522 42 34 ist
380 2522 169 36 durchaus
570 2523 337 43 selbstverständlich,
924 2526 72 36 dafs
1013 2529 101 46 jeder,
1131 2528 56 35 der
1208 2528 87 35 diese
1309 2532 132 32 Räume

266 2574 133 42 betritt,
428 2577 95 34 nicht
543 2590 68 21 von
641 2578 87 35 allen
747 2578 190 49 gebotenen
957 2582 258 47 Gegenständen
1239 2583 35 33 in
1295 2582 146 48 gleicher

265 2629 119 34 Weise
399 2628 178 49 befriedigt
592 2631 137 36 werden
745 2632 110 43 kann;
876 2632 72 36 dafs
964 2648 34 21 er
1014 2635 67 34 dies
1097 2634 112 42 loben,
1225 2638 86 44 jenes
1328 2636 113 34 tadeln

265 2681 105 41 wird;
387 2682 71 35 und
473 2696 31 21 es
519 2683 42 34 ist
577 2684 178 49 deswegen
772 2687 88 34 auch
875 2686 168 36 durchaus
1055 2688 223 48 gleichgiltig,
1290 2689 150 35 welcher

265 2735 214 48 Standpunkt
491 2736 170 36 einzelnen
674 2740 257 46 Gegenständen
947 2741 81 35 oder
1039 2741 266 48 Einrichtungen
1316 2756 103 34 gegen-

263 2787 82 35 über
371 2789 146 47 geboten
545 2791 179 43 erscheint;
750 2792 48 35 im
825 2796 183 45 Gegensatz
1032 2804 91 26 etwa
1152 2809 39 20 zu
1218 2796 63 34 den
1311 2809 42 20 an
1382 2796 56 34 der

265 2843 197 34 erwähnten
494 2843 99 34 Stelle
628 2845 239 48 ausgeführten
907 2848 196 36 Ansichten.
1151 2848 91 35 Aber
1269 2847 83 36 über
1380 2849 57 34 das

263 2896 73 33 eine
357 2895 106 35 durch
484 2895 53 36 die
555 2910 103 34 ganze
681 2912 85 21 neue
786 2902 194 47 Bewegung
1003 2902 324 49 hindurchgehende
1347 2903 72 33 Leit-

261 2949 112 34 motiv
388 2949 57 34 der
460 2949 274 51 Vereinfachung
753 2952 56 35 der
827 2954 119 34 Linien
966 2955 69 34 und
1051 2955 143 36 Flächen
1214 2954 124 35 rnüfste
1358 2968 78 22 man

261 3001 72 34 sich
353 3002 242 48 verständigen.

834 3077 28 32 ❖

339 3162 39 32 In
411 3174 119 22 unsern
556 3163 409 48 Kunstgewerbeschulen
1002 3166 90 35 wird
1124 3167 61 34 seit
1208 3166 122 45 Jahren
1363 3168 69 34 und

258 3214 121 44 Jahren
404 3215 63 34 mit
492 3215 150 47 grofsem
662 3217 97 34 Fleifs
787 3218 70 35 und
877 3218 149 49 grofsem
1048 3219 168 36 Geschick
1236 3234 42 20 an
1298 3220 58 35 der
1373 3234 40 35 ge-

259 3275 118 26 treuen
391 3267 249 50 Nachbildung
659 3269 227 37 überlieferter
903 3275 209 33 Ornamente
1131 3272 193 49 gearbeitet.
1363 3274 68 35 Mit

259 3319 91 35 Stolz
364 3321 90 35 wird
472 3322 38 34 in
529 3323 108 34 einem
657 3337 131 22 unserer
802 3327 152 45 grüfsten
969 3328 145 33 Museen
1129 3340 43 21 an
1187 3325 244 50 augenfälliger

259 3373 99 34 Stelle
383 3374 73 35 eine
476 3375 200 49 Sammlung
700 3391 69 21 von
789 3379 210 41 Leuchtern,
1026 3380 154 48 Spiegeln
1205 3389 62 26 etc.
1288 3381 141 48 gezeigt,

258 3426 54 34 die
331 3427 35 33 in
387 3427 57 35 der
464 3428 157 49 dortigen
640 3431 122 34 Schule
780 3432 36 33 in
837 3432 209 35 technischer
1061 3432 221 49 Vollendung
1363 3432 45 35 ko-

258 3480 101 47 piert,
385 3482 89 34 nach
501 3481 237 37 überlieferten
758 3484 177 36 Modellen
961 3486 186 48 getreulich
1172 3485 135 50 kopiert
1336 3487 91 34 sind!

257 3533 116 34 Dieser
399 3533 90 35 Stolz
522 3533 66 37 auf
616 3537 54 34 die
703 3546 136 39 getreue
873 3539 195 34 technische
1095 3539 249 48 Nachbildung
1373 3540 54 34 des

256 3585 264 37 Ueberlieferten
540 3589 59 34 hat
618 3603 31 21 es
671 3592 62 32 mit
752 3591 71 34 sich
851 3592 180 47 gebracht,
1058 3592 73 35 dafs
1154 3592 92 48 jeder
1265 3592 161 42 Tischler,

254 3638 90 48 jeder
364 3640 244 37 Goldschmied
628 3644 162 35 zunächst
809 3658 43 21 an
875 3645 57 34 das
954 3648 189 32 Ornament
1162 3645 71 35 und
1253 3645 90 35 dann
1364 3655 63 26 erst

256 3705 42 21 an
318 3692 63 36 den
393 3695 216 47 Gegenstand
630 3696 131 36 dachte.
791 3698 172 35 Welchen
983 3698 61 35 Stil
1065 3699 113 34 werde
1197 3699 58 34 ich
1269 3699 156 35 wählen?

1569 563 148 36 welches
1739 568 188 32 Ornament
1948 566 112 36 werde
2086 567 55 34 ich
2161 566 207 50 anbringen?
2392 570 133 35 welche
2544 572 135 48 Epoche
2699 574 40 34 ist

1570 630 56 21 zur
1651 619 73 34 Zeit
1750 633 82 21 vom
1855 618 193 37 kaufenden
2072 619 185 37 Publikum
2285 635 55 21 am
2368 623 141 34 meisten
2535 623 204 51 bevorzugt?

1569 673 67 32 Das
1665 685 119 22 waren
1813 672 53 36 die
1893 682 106 26 ersten
2027 676 141 45 Fragen,
2196 675 52 34 die
2276 688 39 21 zu
2345 674 237 38 beantworten
2610 692 128 23 waren.

1571 724 76 34 Und
1667 738 37 21 so
1726 734 64 26 trat
1810 726 57 35 das
1884 729 188 33 Ornament
2091 741 44 21 an
2154 726 53 36 die
2224 737 94 32 erste,
2334 728 57 36 der
2406 732 216 45 Gegenstand
2638 732 100 35 selbst

1568 790 43 22 an
1626 777 53 35 die
1694 779 120 35 zweite
1829 780 109 36 Stelle.
1971 783 87 32 Man
2071 781 94 35 hatte
2180 795 184 34 vergessen,
2379 782 72 35 dafs
2474 784 35 33 in
2528 793 99 26 erster
2641 786 98 35 Linie

1567 830 58 35 der
1651 832 282 37 Gebrauchswert
1959 834 54 34 des
2040 835 252 48 Gegenstandes
2325 836 221 42 entscheidet,
2577 837 72 36 dafs
2679 839 57 35 das

1568 887 190 33 Ornament
1782 886 70 35 sich
1877 886 153 36 defshalb
2048 887 77 36 dem
2142 889 215 47 Gegenstand
2382 891 271 36 unterzuordnen
2676 892 61 36 hat

1566 938 71 33 und
1658 938 72 35 dafs
1752 952 31 21 es
1803 953 64 21 nur
1888 954 57 21 aus
1966 941 124 35 diesem
2109 943 118 34 heraus
2248 943 71 34 sich
2340 942 209 37 entwickeln
2569 944 86 38 darf.
2690 949 45 32 So

1566 992 195 35 entstanden
1789 993 53 35 die
1862 993 248 42 Thürklinken,
2136 995 53 35 die
2215 996 52 34 bei
2292 995 90 49 jeder
2401 997 200 49 Berührung
2620 998 94 36 Unbe-

1566 1044 245 48 quemlichkeit
1848 1049 250 40 verursachten,
2144 1049 54 34 die
2233 1049 300 43 Schlüssellöcher,
2580 1051 53 35 die
2671 1052 64 35 den

1565 1097 166 36 Schlüssel
1750 1100 95 34 nicht
1863 1100 133 41 hinein,
2022 1102 146 34 sondern
2194 1116 55 22 am
2272 1103 141 35 liebsten
2437 1102 217 44 nasführten,
2681 1106 54 35 die

1563 1151 121 35 Tische
1716 1153 62 33 mit
1802 1153 122 35 Beinen
1950 1155 72 34 und
2047 1155 130 41 Ecken,
2208 1156 53 34 die
2284 1157 96 47 jeden
2404 1157 331 49 Vorübergehenden

1564 1202 204 43 bedrohten,
1794 1205 54 35 die
1874 1209 164 47 Lampen,
2066 1208 53 36 die
2145 1222 66 22 nur
2234 1223 69 21 von
2323 1210 135 35 starken
2476 1214 172 33 Männern
2672 1214 63 33 mit

1563 1258 311 36 Schmiedehänden
1894 1270 157 38 getragen
2071 1263 140 35 werden
2229 1261 165 38 konnten.

1643 1313 45 32 So
1709 1310 130 37 konnte
1858 1325 32 22 es
1910 1315 95 33 nicht
2024 1316 120 34 weiter
2163 1316 118 48 gehen.

1644 1365 61 34 Die
1725 1365 187 35 modernen
1927 1367 211 37 Bedürfnisse
2158 1371 156 33 machten
2334 1371 72 35 sich
2424 1372 36 34 in
2476 1372 256 47 gebieterischer

1561 1418 117 34 Weise
1698 1418 153 47 geltend;
1878 1433 71 21 was
1969 1421 110 48 längst
2098 1423 108 34 schon
2224 1421 57 37 für
2300 1423 52 35 die
2373 1425 205 49 Gestaltung
2598 1440 134 21 unserer

1561 1469 137 36 Fabrik-
1717 1471 70 35 und
1808 1472 357 44 Wirtschaftsräume,
2186 1489 132 22 unserer
2337 1478 240 42 Badezimmer,
2598 1493 134 22 unserer

1561 1526 144 45 D-Züge
1733 1524 71 35 und
1832 1525 240 51 Schlafwagen
2108 1528 218 49 mafsgebend
2353 1544 177 35 gewesen,
2564 1541 63 26 trat
2655 1546 74 22 nun

1561 1577 87 34 auch
1674 1575 56 36 für
1758 1578 53 34 die
1838 1579 203 49 Gestaltung
2073 1581 57 35 der
2156 1583 242 36 Wohnräume
2425 1586 37 33 in
2492 1585 64 36 den
2580 1587 129 34 Vorder-

1559 1629 129 48 grund;
1709 1630 56 35 das
1787 1632 129 49 Prinzip
1938 1632 55 36 der
2007 1635 187 35 schlichten
2210 1636 228 36 Sachlichkeit
2456 1637 81 36 kam
2552 1639 87 36 auch
2657 1640 73 35 hier

1559 1696 56 21 zur
1641 1683 160 49 Geltung.
1850 1688 67 31 Das
1952 1700 73 21 war
2057 1687 99 35 keine
2182 1689 301 43 Absichtlichkeit,
2516 1693 109 34 nichts
2660 1696 46 33 Ge-

1558 1735 149 41 wolltes,
1727 1736 98 37 keine
1841 1740 104 33 Sucht
1964 1740 89 34 nach
2073 1740 76 36 dem
2168 1755 110 22 neuen
2298 1743 80 43 Stil;
2399 1758 32 21 es
2451 1759 75 21 war
2546 1747 73 33 eine
2634 1749 71 32 Not-

1557 1789 227 48 wendigkeit;
1805 1804 32 21 es
1853 1805 73 21 war
1941 1792 57 35 der
2011 1795 159 45 gesunde,
2185 1797 248 47 naturgemäfse
2448 1800 104 47 Weg,
2573 1799 65 34 den
2653 1800 74 35 eine

1557 1840 66 35 auf
1644 1842 72 35 sich
1740 1844 101 35 selbst
1867 1845 71 34 sich
1964 1845 201 37 besinnende
2184 1849 74 34 Zeit
2277 1850 109 48 gehen
2406 1850 136 39 mufste.
2587 1855 44 32 So
2652 1853 74 34 sind

1556 1895 45 34 sie
1622 1896 209 46 entstanden,
1848 1901 73 44 jene
1941 1898 194 43 einfachen,
2155 1901 146 48 glatten,
2323 1903 263 37 schmucklosen
2605 1907 120 34 Möbel

1557 1948 68 34 und
1643 1949 255 36 Gerätschaften
1917 1953 63 33 mit
2001 1952 170 37 einfacher
2187 1957 322 49 Ornamentierung,
2532 1959 52 34 die
2605 1959 120 35 immer

1554 2014 64 21 nur
1638 2002 127 35 wieder
1783 2017 98 34 sagen
1903 2005 145 36 wollen:
2069 2007 56 34 ich
2145 2007 96 35 diene
2261 2010 148 34 meinem
2420 2011 157 43 Zwecke,
2598 2012 69 35 und
2683 2027 43 20 an

1555 2053 99 36 deren
1663 2057 138 33 Formen
1814 2056 55 35 der
1878 2057 180 36 historisch
2066 2060 177 36 Gebildete
2252 2062 71 34 sich
2334 2063 120 35 immer
2465 2065 128 35 wieder
2656 2066 69 34 und

1554 2120 78 21 zum
1653 2108 113 35 Glück
1785 2110 192 47 vergeblich
2058 2112 117 49 fragen
2195 2115 105 41 wird,
2321 2116 133 36 welche
2469 2118 256 49 Kulturepoche

1553 2161 72 34 hier
1647 2174 77 21 zum
1745 2162 143 35 Vorbild
1908 2163 123 37 diente.
2076 2166 130 36 Gewifs
2227 2168 75 34 sind
2326 2169 46 35 sie
2400 2171 92 34 noch
2519 2171 119 43 selten;
2668 2173 54 34 ein

1553 2222 62 38 gut
1633 2215 93 47 Ding
1751 2215 75 35 will
1846 2217 115 34 Weile
1987 2218 127 44 haben;
2141 2220 71 35 und
2231 2222 69 34 wie
2325 2221 78 35 alles
2424 2226 91 32 Gute
2533 2225 70 34 und
2624 2228 97 32 Neue

1551 2265 111 36 haben
1685 2269 45 32 sie
1750 2268 63 35 den
1833 2270 203 36 schwersten
2055 2272 132 49 Kampf
2201 2287 40 21 zu
2262 2274 158 36 bestehen
2439 2277 63 34 mit
2522 2277 95 42 dem,
2646 2293 74 21 was

1552 2319 108 35 schon
1683 2321 127 35 wieder
1835 2323 169 36 hinterher
2030 2324 88 36 läuft
2137 2328 69 34 und
2234 2328 139 47 glaubt,
2403 2329 34 34 in
2467 2329 63 35 den
2551 2332 93 34 Geist
2664 2331 57 35 der

1552 2375 198 47 Bewegung
1779 2376 248 48 eingedrungen
2051 2392 40 21 zu
2111 2380 80 40 sein,
2212 2394 101 21 wenn
2333 2395 30 21 es
2384 2395 63 21 nur
2467 2384 72 33 eine
2559 2383 162 50 zufällige

1550 2428 114 40 Form,
1692 2427 72 35 eine
1793 2427 159 50 zufällige
1977 2431 94 34 Linie
2101 2434 196 34 nachahmt.
2344 2434 88 35 Aber
2458 2436 44 34 sie
2527 2437 74 34 sind
2627 2438 92 35 doch

1550 2479 54 40 da,
1632 2480 70 34 und
1729 2495 72 20 wer
1820 2482 70 34 sich
1915 2483 52 34 die
1987 2484 108 35 Mühe
2120 2486 95 35 nicht
2234 2487 201 35 verdriefsen
2453 2488 91 41 läfst,
2565 2491 89 34 wird
2673 2492 45 34 sie

1550 2533 87 33 auch
1657 2532 123 37 finden.

1629 2587 139 35 Wohin
1787 2587 88 35 diese
1895 2592 195 46 Bewegung
2109 2589 123 37 führen
2252 2593 105 41 wird,
2378 2608 72 21 wer
2471 2597 194 34 vermöchte
2685 2611 31 21 es

1549 2651 38 20 zu
1608 2643 118 43 sagen?
1764 2641 112 35 Soviel
1902 2642 40 34 ist
1967 2643 139 47 gewifs:
2133 2646 45 32 sie
2198 2646 41 33 ist
2258 2646 35 34 in
2321 2656 105 38 guten
2445 2648 161 43 Händen;
2629 2650 87 35 denn

1549 2690 52 35 die
1615 2693 73 33 Zeit
1707 2693 42 34 ist
1768 2707 78 21 zum
1865 2705 105 38 guten
1984 2696 71 35 Teil
2075 2697 151 41 vorüber,
2248 2698 42 35 da
2311 2700 54 35 die
2380 2701 158 35 Künstler
2556 2703 160 42 meinten,

1546 2745 72 33 sich
1637 2754 107 26 etwas
1759 2759 41 21 zu
1815 2748 175 48 vergeben,
2006 2763 104 22 wenn
2129 2751 45 34 sie
2192 2751 70 34 sich
2278 2754 63 33 mit
2356 2755 197 48 geringeren
2568 2757 147 47 Dingen,

1546 2797 46 35 als
1608 2799 64 33 mit
1687 2798 57 35 der
1759 2810 230 38 sogenannten
2003 2804 142 39 „hohen
2160 2806 109 33 Kunst
2272 2811 23 14 cc
2309 2805 181 44 befafsten;
2515 2808 53 35 die
2587 2811 108 33 Künst-

1545 2849 47 35 ler
1620 2851 75 35 sind
1723 2865 46 29 es,
1800 2854 53 34 die
1881 2855 71 34 sich
1978 2855 179 36 allerorten
2185 2871 40 21 zu
2255 2861 148 46 Trägern
2433 2860 57 36 der
2517 2863 197 49 Bewegung

1544 2905 158 46 gemacht
1720 2905 121 36 haben.

1623 2957 88 35 Aber
1730 2968 122 38 gesetzt
1872 2959 100 36 selbst
1992 2962 64 34 den
2076 2963 231 36 schlimmsten
2326 2966 85 35 Fall:
2440 2981 116 22 unsere
2576 2969 73 34 Zeit
2667 2970 46 34 sei

1542 3010 95 34 nicht
1655 3009 176 38 fruchtbar
1850 3027 122 35 genug,
1994 3015 173 36 bleibende
2186 3030 85 22 neue
2290 3021 119 32 Werte
2429 3034 40 21 zu
2490 3019 149 38 schaffen

1542 3062 71 35 und
1642 3077 30 21 es
1698 3065 88 35 wird
1811 3066 95 35 nicht
1935 3081 42 21 an
2003 3067 106 36 denen
2134 3068 114 37 fehlen
2267 3071 53 34 die
2345 3073 64 34 mit
2433 3072 106 37 dieser
2557 3076 133 49 Behaup-

1542 3124 83 39 tung
1648 3117 127 35 schnell
1802 3118 52 35 bei
1882 3120 57 34 der
1958 3122 102 34 Hand
2086 3123 69 34 sein
2178 3124 138 35 werden
2339 3141 64 27 —;
2431 3126 45 35 als
2498 3128 72 35 eine
2587 3129 121 42 Mode,

1541 3169 72 34 eine
1628 3172 126 39 Laune,
1775 3172 71 34 eine
1861 3173 198 49 Müdigkeit
2072 3176 89 35 wird
2176 3190 79 21 man
2270 3178 86 35 diese
2372 3192 85 22 neue
2472 3181 116 35 Welle
2601 3182 37 35 in
2653 3182 57 35 der

1540 3222 245 50 Entwicklung
1815 3239 115 21 unsrer
1956 3230 124 41 Kunst,
2110 3230 102 35 dieses
2245 3231 136 36 Streben
2408 3234 88 35 nach
2524 3234 78 36 dem
2629 3237 60 34 Ein-

1539 3273 121 37 fachen
1681 3277 70 35 und
1766 3278 307 51 Zweckmäfsigen,
2094 3283 55 34 nie
2168 3284 143 35 ansehen
2331 3284 150 44 können,
2497 3288 146 36 sondern
2662 3290 45 34 als

1539 3327 56 36 das
1625 3339 105 25 ernste
1933 3335 89 34 einer
2050 3337 90 40 Zeit,
2175 3337 54 34 die
2257 3338 95 35 nicht
2385 3341 95 34 mehr
2507 3341 200 42 rückwärts,

1537 3381 146 36 sondern
1701 3389 165 31 vorwärts
1887 3385 136 37 blicken
2043 3389 130 35 wollte.

2104 3529 27 32 $

1614 3651 87 32 Was
1717 3648 138 37 können
1869 3652 66 34 wir
1949 3650 56 36 für
2022 3655 230 36 Deutschland
2268 3670 58 22 aus
2342 3658 104 35 dieser
2460 3672 108 23 neuen
2582 3662 98 34 Heim-

1533 3704 98 31 stätte
1651 3700 55 36 für
1726 3702 53 35 die
1799 3706 108 33 Kunst
1928 3705 129 37 lernen?
