3832 4572
2177 3903 219 42 142

1076 532 66 35 wir
1161 533 36 34 in
1222 533 90 41 ihm,
1338 532 65 35 den
1422 546 80 21 man
1527 532 71 35 sich
1617 533 95 35 nicht
1733 531 127 41 anders,
1882 531 45 36 als
1948 545 55 21 am
2022 530 226 36 Schreibtisch

1076 585 132 35 denken
1234 585 148 42 konnte,
1411 586 65 34 den
1501 586 190 48 geborenen
1719 585 237 36 Bühnenleiter
1984 593 184 32 vermutet,
2199 584 46 35 als

1076 638 57 35 der
1152 652 34 21 er
1205 639 71 35 sich
1295 638 110 36 sofort
1425 640 128 34 erwies.

1155 693 102 34 Trotz
1283 692 144 35 alledem
1453 692 92 34 hätte
1570 704 31 22 es
1632 691 75 34 sehr
1730 690 104 35 leicht
1858 690 73 35 sehr
1957 688 112 36 schief
2091 690 63 34 mit
2182 703 63 21 uns

1075 746 111 48 gehen
1210 744 156 42 können,
1456 745 68 34 wir
1549 757 117 23 waren
1690 743 155 34 homines
1871 743 84 35 novi
1981 744 88 33 einer
2094 744 69 33 wie
2189 743 57 35 der

1078 799 131 34 andere.
1239 801 44 32 So
1303 798 118 35 hatten
1443 798 66 35 wir
1528 797 53 35 bei
1601 797 77 34 dem
1697 796 308 47 Kostenanschlag,
2027 795 64 36 den
2111 796 66 35 wir
2196 796 49 35 im

1075 854 156 33 Sommer
1262 852 174 40 machten,
1470 850 108 48 völlig
1606 849 204 41 übersehen,
1843 849 73 35 dafs
1944 850 48 34 im
2017 850 140 34 Winter
2190 851 55 34 ein

1074 905 156 40 Theater,
1250 904 90 35 auch
1354 917 104 22 wenn
1474 917 79 20 man
1567 916 65 21 nur
1647 902 81 35 aller
1743 903 155 34 vierzehn
1911 904 92 47 Tage
2022 903 109 48 spielt,
2152 903 92 36 doch

1073 957 128 48 täglich
1220 970 61 21 um
1300 957 58 34 der
1378 957 128 34 Proben
1525 956 118 35 willen
1663 957 129 46 geheizt
1812 955 140 36 werden
1971 956 102 42 mufs,
2098 957 70 34 und

1072 1011 70 34 wie
1165 1023 81 22 man
1271 1023 32 22 es
1328 1010 143 35 machen
1497 1008 109 42 mufs,
1634 1008 73 36 dafs
1728 1010 110 34 einem
1858 1009 53 35 die
1931 1010 75 34 sehr
2024 1010 220 35 wesentliche

1072 1064 188 34 Einnahme
1285 1076 58 21 aus
1371 1062 56 35 der
1453 1062 192 36 Garderobe
1670 1062 97 35 nicht
1792 1071 100 26 unter
1918 1063 65 34 den
2001 1063 148 35 Händen
2173 1077 54 22 zer-

1070 1117 103 40 rinnt,
1187 1115 151 36 wufsten
1347 1117 66 34 wir
1428 1116 89 34 auch
1531 1116 111 42 nicht;
1663 1116 67 35 wir
1743 1115 112 36 haben
1869 1115 111 36 ferner
1998 1117 95 35 einen
2111 1117 131 36 Prozefs

1071 1169 172 40 verloren,
1270 1169 81 35 weil
1380 1169 67 35 wir
1469 1182 64 21 uns
1567 1169 81 34 über
1680 1169 64 35 den
1768 1167 133 50 Begriff
1922 1170 256 41 „Salondame“
2206 1172 37 34 in

1070 1223 187 35 schwerem
1275 1224 125 32 Irrtum
1420 1220 172 37 befunden
1620 1223 127 41 hatten,
1838 1223 55 35 die
1912 1224 221 48 Dichtungen
2153 1224 88 42 aber,

1070 1275 54 35 die
1138 1277 66 34 wir
1219 1274 210 41 aufführten,
1443 1276 116 35 hatten
1578 1274 66 36 fast
1663 1275 65 35 alle
1747 1275 131 49 Erfolg,
1894 1277 114 35 sodafs
2024 1291 117 21 unsere
2156 1279 66 34 Mit-

1070 1328 202 49 gliederzahl
1304 1329 97 35 rasch
1423 1329 49 34 bis
1498 1328 82 35 über
1611 1331 74 34 600
1715 1330 95 47 stieg.
1854 1333 65 32 Das
1944 1344 73 21 war
2046 1332 89 34 auch
2162 1341 61 26 not-

1072 1381 156 49 wendig,
1256 1381 90 35 denn
1368 1395 82 21 man
1474 1381 144 36 braucht
1643 1391 90 27 etwa
1759 1397 99 32 3000
1875 1386 51 33 M.
1949 1385 208 41 monatlich,
2182 1398 60 23 um

1072 1436 72 34 eine
1163 1449 41 21 zu
1222 1444 105 39 guten
1340 1436 205 47 Leistungen
1564 1433 117 52 fähige
1695 1437 317 50 Schauspieltruppe
2032 1451 42 22 zu
2090 1438 153 35 erhalten

1071 1488 69 35 und
1159 1489 54 34 die
1231 1491 128 33 Kosten
1376 1487 58 37 für
1452 1489 192 35 monatlich
1660 1491 86 34 zwei
1760 1491 265 48 Vorstellungen
2043 1505 40 21 zu
2099 1491 140 43 decken,

1135 1550 245 40 vorausgesetzt
1399 1543 103 41 noch,
1525 1542 72 36 dafs
1618 1543 72 35 sich
1709 1543 71 35 drei
1801 1544 81 35 oder
1902 1546 68 34 vier
1990 1548 104 31 Leute
2113 1545 126 42 finden,

1071 1595 109 35 denen
1204 1608 32 22 es
1263 1595 124 35 Freude
1412 1596 132 41 macht,
1573 1595 54 37 die
1652 1596 161 36 Arbeiten
1838 1597 58 35 der
1916 1599 240 48 Oberleitung,
2185 1599 58 35 der

1070 1649 117 48 Regie,
1209 1649 56 35 der
1279 1650 343 49 Kassenverwaltung
1641 1650 70 35 und
1731 1650 57 35 der
1804 1650 282 51 Schriftführung
2105 1666 61 21 um
2185 1652 58 36 der

1069 1703 85 34 Ehre
1173 1701 119 36 willen
1310 1715 40 22 zu
1369 1704 198 35 verrichten.

1149 1755 62 35 Die
1226 1757 238 47 Dramaturgie
1483 1757 178 48 besorgten
1676 1759 67 34 wir
1762 1759 207 47 gemeinsam
1984 1759 73 35 und
2072 1774 106 34 zogen
2192 1761 50 35 im

1069 1807 107 37 Laufe
1196 1808 102 36 dieses
1314 1809 308 36 Wintersemesters
1643 1819 90 27 etwa
1757 1825 72 22 200
1851 1815 148 33 Dramen
2018 1814 37 34 in
2074 1815 165 34 Betracht.

1148 1863 82 34 Wir
1249 1861 190 37 eröffneten
1457 1877 144 22 unseren
1615 1864 145 49 Feldzug
1779 1866 63 34 mit
1862 1866 90 35 einer
1971 1880 70 21 von
2056 1868 110 35 Heine
2181 1881 40 35 ge-

1067 1915 161 36 haltenen
1252 1913 224 39 öffentlichen
1497 1916 210 37 Conference
1735 1918 82 35 über
1836 1920 145 35 Gerhart
2000 1923 238 46 Hauptmann,

1067 1982 69 22 von
1169 1969 114 35 dessen
1309 1973 149 32 Dramen
1490 1984 102 22 unser
1617 1971 225 36 Stadttheater
1874 1973 113 35 bisher
2014 1974 92 35 noch
2140 1974 99 36 keine

1067 2023 109 34 Notiz
1195 2036 207 35 genommen
1420 2023 70 36 hat.
1520 2028 70 32 Der
1608 2025 114 48 grofse
1742 2026 75 35 Saal
1837 2026 56 35 des
1909 2028 107 34 Hotel
2032 2028 40 35 de
2088 2028 151 49 Pologne

1069 2089 74 22 war
1162 2075 49 36 bis
1232 2075 66 36 auf
1312 2077 64 35 den
1396 2077 121 36 letzten
1532 2078 91 35 Platz
1643 2077 135 49 gefüllt,
1798 2080 72 34 und
1885 2080 58 35 der
1958 2084 147 46 Vortrag
2119 2082 120 35 wurde

1067 2129 63 35 mit
1150 2130 110 35 einem
1276 2129 120 37 Beifall
1411 2129 279 51 aufgenommen,
1712 2133 58 34 der
1783 2134 70 33 wie
1869 2134 72 34 eine
1955 2136 283 35 Demonstration

1068 2183 132 35 aussah.
1229 2186 41 32 Es
1291 2197 75 22 war
1385 2183 72 36 also
1478 2185 92 36 doch
1588 2186 98 35 nicht
1705 2186 80 35 alles
1805 2188 69 35 tot!
1904 2190 40 32 Es
1960 2202 74 21 war
2053 2188 73 35 also
2147 2189 92 36 doch

1065 2235 113 36 Leben
1211 2236 59 36 da!
1313 2240 41 32 Es
1382 2238 94 35 hatte
1503 2252 66 22 nur
1597 2253 43 21 an
1669 2240 111 35 einem
1808 2240 263 50 Sammelpunkt
2098 2240 139 51 gefehlt.

1067 2290 97 35 Zwei
1174 2291 91 47 Tage
1285 2291 89 35 nach
1397 2294 112 45 jenem
1528 2300 108 27 ersten
1656 2293 349 36 Gesellschaftsabend
2024 2295 128 36 hielten
2172 2298 67 34 wir

1069 2342 90 36 dann
1176 2357 117 21 unsere
1309 2352 82 28 erste
1407 2347 163 40 Matinee,
1590 2346 54 35 die
1660 2360 117 22 unsere
1791 2346 219 50 anfängliche
2025 2352 117 45 Sorge,
2164 2349 72 36 dafs

1067 2409 80 23 man
1158 2410 61 22 uns
1233 2397 171 36 vielleicht
1413 2397 193 52 überhaupt
1616 2401 96 34 nicht
1723 2401 92 34 recht
1826 2411 90 26 ernst
1925 2403 151 34 nehmen
2085 2404 151 41 möchte,

1065 2449 153 36 vollends
1238 2450 184 50 beseitigte.

1147 2505 81 33 Wir
1239 2504 110 36 haben
1359 2505 92 35 dann
1465 2506 50 34 im
1530 2504 107 37 Laufe
1651 2520 136 22 unserer
1795 2507 112 36 sieben
1919 2511 144 36 Monate
2074 2508 162 50 folgende

1066 2556 155 36 siebzehn
1239 2557 125 36 Stücke
1383 2559 152 49 gespielt,
1556 2573 71 22 von
1647 2560 109 35 denen
1769 2562 93 34 sechs
1881 2561 189 51 überhaupt
2083 2577 78 27 neu,
2182 2564 54 35 die

1066 2608 144 50 übrigen
1233 2624 65 22 nur
1324 2611 58 35 für
1399 2613 138 48 Leipzig
1560 2627 67 21 neu
1646 2628 133 21 waren:
1819 2616 37 48 1)
1877 2619 93 37 „Das
1990 2615 220 37 Friedensfest
2213 2625 23 14 cc

1067 2676 71 22 von
1152 2665 144 34 Gerhart
1309 2667 242 47 Hauptmann;
1575 2667 39 48 2)
1635 2670 158 46 „Agnete
1796 2675 22 15 cc
1820 2696 10 13 ,
1850 2670 55 33 ein
1920 2669 175 36 dänisches
2112 2674 127 32 Drama

1064 2729 71 23 von
1161 2717 141 35 seltener
1328 2719 302 49 psychologischer
1658 2722 169 41 Feinheit,
1857 2736 69 22 von
1950 2724 136 35 Amalie
2105 2723 132 43 Skram,

1065 2769 141 37 deutsch
1238 2785 70 21 von
1333 2773 144 35 Therese
1509 2776 133 46 Krüger
1673 2775 73 35 und
1780 2778 87 33 Otto
1900 2776 101 35 Erich
2034 2777 203 44 Hartleben;

1071 2823 38 49 3)
1142 2825 160 47 «Figaros
1335 2827 195 35 Hochzeit“
1563 2841 69 22 von
1660 2830 279 41 Beaumarchais,
1973 2830 167 35 übersetzt
2168 2844 71 23 von

1064 2876 150 49 Ludwig
1229 2878 120 43 Fulda;
1369 2879 42 50 4)
1428 2882 157 40 „Martin
1599 2882 222 35 Lehnhardt“
1836 2896 69 22 von
1922 2886 103 33 Cäsar
2040 2884 198 42 Flaischlen,

1063 2931 127 34 womit
1204 2931 78 41 wir,
1297 2932 119 35 nächst
1430 2933 78 35 dem
1524 2933 229 52 ~Biberpelz“,
1771 2950 122 21 unsern
1908 2938 255 35 stürmischsten
2178 2941 41 32 Er-

1063 2980 76 50 folg
1164 2983 277 51 davongetragen
1466 2987 126 43 haben;
1638 2989 38 48 5)
1704 2992 92 38 „Der
1821 2992 126 33 Vater“
1972 3005 69 22 von
2064 2992 174 35 Wilhelm

1064 3036 192 48 Weigand;
1293 3038 39 48 6)
1354 3040 323 49 „Schierlingssaft“
1709 3056 70 21 von
1810 3045 148 47 Augier,
1991 3045 144 35 deutsch
2167 3058 71 23 von

1063 3090 119 34 Anton
1197 3091 101 47 Bing;
1323 3092 40 48 7)
1378 3096 289 47 „Dämmerung“
1682 3109 69 22 von
1766 3099 98 32 Ernst
1880 3100 161 42 Rosmer;
2066 3099 38 48 8)
2121 3102 94 39 „Ros-

1064 3143 227 42 mersholm“;
1326 3145 40 47 p)
1401 3147 73 35 eine
1507 3150 103 32 Scene
1644 3162 58 21 aus
1731 3150 181 40 „Anatol“
1938 3165 71 22 von
2036 3152 200 46 Schnitzler;

1071 3195 62 48 10)
1154 3199 94 37 „Das
1276 3197 202 49 Siegesfest“
1498 3214 70 21 von
1592 3204 101 33 Franz
1710 3203 115 35 Adam
1843 3204 189 48 Beyerlein,
2060 3206 55 35 ein
2138 3206 84 35 reali-

1066 3248 104 35 stisch
1196 3250 231 46 patriotisches
1447 3254 156 48 Festspiel
1629 3268 77 22 zum
1726 3256 202 50 Sedantage,
1958 3272 69 22 von
2052 3260 90 34 einer
2161 3258 58 36 dra-

1067 3302 188 34 matischen
1279 3302 115 42 Kraft,
1422 3306 69 34 wie
1514 3307 56 34 ich
1597 3309 46 34 sie
1662 3310 92 33 noch
1774 3324 43 21 an
1837 3309 136 37 keinem
1992 3312 245 49 patriotischen

1067 3354 156 49 Festspiel
1239 3355 103 35 erlebt
1358 3356 97 44 habe,
1476 3360 55 33 ein
1547 3360 104 36 Stück
1665 3375 70 22 von
1755 3364 123 42 echter,
1894 3364 178 37 deutscher
2085 3366 132 49 Königs-

1067 3413 93 28 treue
1187 3408 69 34 und
1284 3410 153 47 zugleich
1455 3425 69 21 von
1543 3413 284 50 hervorragender
1846 3416 262 38 künstlerischer
2126 3418 111 43 Reife,

1065 3458 56 35 das
1144 3460 55 35 die
1218 3462 275 43 Zuhörerschaft,
1515 3465 145 37 obwohl
1681 3482 59 34 gar
1764 3470 96 35 nicht
1884 3472 169 48 Sedantag
2072 3486 91 28 war,
2196 3486 41 22 zu

1070 3512 90 35 einer
1180 3513 205 49 politischen
1404 3519 280 36 Demonstration
1703 3523 216 43 veranlafste;
1948 3526 62 47 11)
2031 3526 205 40 „Flntruse“

1065 3578 71 21 von
1150 3566 237 44 Maeterlinck,
1404 3568 140 37 deutsch
1564 3585 69 23 von
1650 3575 166 50 Rudolph
1831 3577 144 46 Lothar;
2003 3580 61 47 12)
2086 3582 150 38 „Hanna

1066 3620 135 46 Jagert“
1223 3633 69 21 von
1309 3624 87 32 Otto
1411 3624 99 34 Erich
1531 3625 196 43 Hartleben,
1748 3629 73 35 eine
1839 3631 187 41 Komödie,
2046 3632 54 35 die
2120 3646 118 22 unsere

1068 3672 265 36 Zuhörerschaft
1359 3675 37 34 in
1420 3675 54 36 die
1499 3676 198 39 köstlichste
1716 3683 116 34 Laune
1850 3692 174 38 versetzte;
2062 3686 61 48 13)
2142 3689 95 39 „Der

2354 534 129 32 Vater“
2502 546 70 21 von
2591 534 135 47 August
2746 534 210 49 Strindberg;
2984 537 62 48 14)
3063 537 91 40 „Die
3168 539 84 33 Frau
3267 540 176 47 Majorin“
3458 555 67 22 von

2354 584 197 49 Spazinsky.
2643 588 57 33 Bei
2720 588 57 34 der
2796 587 228 50 Aufführung
3043 589 105 36 dieses
3168 590 140 36 Stückes
3328 593 127 48 zeigten
3475 594 55 37 die

2355 638 190 49 Leipziger,
2571 638 72 37 dafs
2669 641 46 34 sie
2739 642 89 34 auch
2855 642 174 48 energisch
3047 644 94 34 Nein
3165 657 41 22 zu
3226 659 101 34 sagen
3344 647 184 36 verstehen.

2352 691 82 34 Und
2453 693 47 34 sie
2519 692 117 36 hatten
2655 694 120 35 Recht.
2813 697 67 33 Das
2900 695 106 35 Stück
3025 710 74 22 war
3119 696 293 38 unbeschreiblich
3431 701 80 49 lang-

2352 744 130 49 weilig.
2512 747 59 34 Ich
2586 746 147 49 begreife
2747 749 93 34 noch
2855 751 100 33 heute
2969 750 107 42 nicht,
3097 751 70 35 wie
3183 751 55 35 ich
3253 751 100 37 selbst
3368 753 48 35 im
3431 756 79 34 Lese-

2352 796 132 37 komite
2509 799 87 35 habe
2621 799 102 36 dafür
2747 802 159 35 stimmen
2925 802 156 47 können;
3122 804 63 48 15)
3206 806 132 39 „Drei“
3357 819 69 23 von
3446 810 83 33 Max

2352 854 141 44 Dreyer;
2519 854 63 48 16)
2603 856 143 47 „König
2760 854 141 36 Midas“
2920 870 67 21 von
3005 859 141 33 Gunnar
3161 859 166 48 Heiberg;
3354 861 62 47 17)
3437 864 93 39 „Der

2351 904 195 51 Biberpelz“
2585 920 69 22 von
2697 908 143 35 Gerhart
2876 911 238 48 Hauptmann.
3244 912 59 36 Als
3341 914 187 36 Kuriosum

2352 958 46 35 sei
2434 959 92 35 noch
2564 959 178 45 berichtet,
2791 961 72 36 dafs
2906 976 59 22 zur
3002 964 243 48 Faschingszeit
3287 967 48 33 im
3378 967 151 49 hiesigen

2351 1012 255 50 Krystallpalast
2626 1016 73 33 eine
2718 1028 82 22 vom
2815 1019 300 47 „Dramaturgen“
3134 1031 134 23 unseres
3288 1019 240 37 Stadttheaters

2349 1064 239 44 herrührende,
2604 1068 36 34 in
2653 1070 175 34 Kamerun
2847 1070 168 48 spielende
3031 1071 405 51 Gelegenheitsdichtung
3452 1073 58 36 auf-

2349 1118 141 49 geführt
2509 1120 130 42 wurde,
2660 1122 35 35 in
2716 1122 56 35 der
2791 1136 33 22 u.
2846 1137 29 21 a.
2896 1125 87 34 auch
3008 1137 117 23 unsere
3144 1126 233 36 Litterarische
3398 1127 113 37 Gesell-

2350 1171 111 36 schaft
2481 1174 72 35 eine
2573 1173 178 38 komische
2770 1176 102 35 Rolle
2891 1177 126 49 spielte.

2430 1229 56 32 An
2518 1240 142 23 unseren
2692 1228 111 36 sieben
2838 1230 395 37 Gesellschaftsabenden
3265 1240 121 42 trugen
3410 1236 116 46 Georg

2348 1278 214 45 Hirschfeld,
2592 1284 101 33 Cäsar
2712 1283 202 41 Flaischlen,
2940 1287 117 46 Georg
3082 1285 147 35 Freiherr
3248 1299 70 22 von
3339 1287 184 49 Ompteda,

2347 1332 176 37 Wilhelm
2551 1348 70 22 von
2650 1336 139 41 Polenz,
2820 1340 41 32 G.
2892 1338 146 34 Freiherr
3064 1351 71 22 von
3163 1339 153 42 Locella,
3347 1342 177 34 Hermann

2348 1386 227 43 Sudermann,
2603 1391 99 33 Ernst
2726 1404 71 21 von
2816 1390 199 49 Wolzogen
3042 1392 70 34 und
3138 1393 112 48 einige
3270 1393 121 35 andere
3410 1395 115 47 eigene

2349 1440 219 49 Dichtungen
2592 1456 79 29 vor;
2706 1442 188 37 aufserdem
2919 1445 162 49 sprachen
3106 1449 59 32 Dr.
3193 1446 78 35 Carl
3297 1447 111 35 Heine
3441 1447 84 36 über

2348 1495 144 34 Gerhart
2503 1497 236 48 Hauptmann,
2751 1496 119 36 Alfred
2880 1500 80 33 Kerr
2971 1500 94 39 „Zur
3073 1499 227 49 Psychologie
3311 1499 57 37 der
3379 1514 146 22 neueren

2347 1547 220 42 Litteratur“,
2583 1548 199 51 Wolfgang
2793 1552 193 34 Kirchbach
3001 1554 94 40 „Zur
3111 1553 225 48 Psychologie
3351 1553 57 36 der
3419 1554 106 48 Lyrik

2351 1600 155 36 Schillers
2534 1602 71 35 und
2626 1604 187 42 Goethes“,
2841 1605 82 35 Paul
2943 1605 196 36 Schlenther
3158 1606 108 41 „über
3285 1609 240 47 Hauptmanns

2349 1653 137 36 Florian
2505 1658 136 44 Geyer“
2666 1657 73 35 und
2763 1660 88 32 Otto
2878 1658 318 37 Neumann-Hofer
3220 1659 109 42 „über
3348 1663 177 33 Hermann

2349 1707 245 38 Sudermann“.

2430 1764 87 33 Man
2539 1763 60 34 hat
2625 1776 117 23 unsere
2761 1765 259 41 „Litterarische
3041 1764 261 43 Gesellschaft“,
3326 1767 69 35 wie
3414 1766 59 37 das
3492 1771 32 44 ja

2349 1815 75 34 sehr
2437 1815 88 36 nahe
2535 1815 94 50 liegt,
2646 1818 35 34 in
2693 1819 301 48 Zusammenhang
3005 1820 89 34 auch
3106 1820 62 34 mit
3179 1821 166 35 Antoines
3356 1821 169 40 „Theätrc

2349 1866 110 37 libre“
2479 1869 70 35 und
2568 1870 58 35 der
2645 1871 146 35 Berliner
2810 1873 138 41 „Freien
2967 1873 144 35 Bühne“
3130 1873 178 49 gebracht;
3329 1873 78 36 aber
3426 1887 99 23 unser

2348 1920 108 37 Beruf
2481 1936 75 23 war
2588 1924 92 35 doch
2718 1926 54 34 ein
2799 1926 200 35 wesentlich
3033 1926 147 37 anderer.
3227 1929 77 44 Jene
3332 1941 116 22 waren
3487 1929 38 34 in

2348 1985 99 26 erster
2484 1977 96 35 Linie
2615 1976 58 37 für
2704 1978 55 35 die
2793 1980 155 41 Dichter,
2987 1980 68 35 wir
3090 1980 77 35 aber
3205 1994 118 22 waren
3359 1982 36 34 in
3426 1990 99 26 erster

2347 2030 97 34 Linie
2469 2028 56 36 für
2559 2030 57 35 das
2645 2031 187 36 Publikum
2858 2033 60 35 da:
2961 2033 83 35 Wir
3072 2033 147 36 wollten
3248 2033 100 37 keine
3375 2033 129 43 „Probe-

2347 2082 140 36 bühne“
2498 2084 71 35 und
2581 2083 99 36 keine
2689 2086 338 40 „Versuchsbühne“
3038 2087 82 41 sein,
3141 2087 147 38 sondern
3299 2089 68 35 wir
3377 2087 146 37 wollten

2346 2149 126 22 unsern
2482 2136 220 50 Mitgliedern
2723 2140 98 34 einen
2836 2139 131 37 Genufs
2986 2138 222 44 verschaffen,
3228 2141 58 35 der
3304 2142 106 36 ihnen
3429 2152 95 25 sonst

2346 2190 37 34 in
2402 2190 137 49 Leipzig
2558 2200 130 40 versagt
2708 2192 100 36 blieb.
2852 2197 68 31 Das
2946 2193 61 35 hat
3026 2207 64 22 uns
3116 2195 175 35 natürlich
3311 2193 211 51 keineswegs

2346 2244 191 48 gehindert,
2558 2258 86 22 neue
2664 2246 125 35 Stücke
2810 2246 70 35 und
2899 2260 86 22 neue
3006 2247 142 35 Dichter
3167 2261 42 22 zu
3228 2248 154 49 bringen.
3416 2248 107 36 Aber

2347 2296 65 36 die
2443 2297 263 37 verkannten
2740 2301 197 40 Dichter,
2970 2300 136 36 denen
3146 2302 130 35 sich’s
3310 2302 127 35 lohnt
3475 2315 47 23 zu

2345 2349 166 43 helfen,
2549 2352 92 35 sind
2674 2366 73 36 gar
2783 2354 120 34 nicht
2939 2367 46 21 so
3024 2355 92 35 sehr
3154 2355 239 36 zahlreich!
3440 2357 83 34 Wir

2344 2403 156 36 konnten
2515 2405 97 35 nicht
2621 2405 280 49 gewissenhafter
2916 2407 140 42 suchen,
3073 2407 47 36 als
3132 2409 66 35 wir
3214 2422 31 22 es
3260 2409 126 49 gethan
3396 2409 125 42 haben,

2344 2457 72 35 und
2436 2458 206 36 schliefslich
2662 2474 117 21 waren
2798 2461 68 35 wir
2886 2461 91 35 doch
2991 2462 99 34 Einer
3105 2463 182 48 Meinung,
3308 2461 74 37 dafs
3403 2476 32 22 es
3456 2463 66 35 den

2345 2511 224 36 allermeisten
2589 2513 57 34 der
2660 2527 70 21 von
2749 2528 64 21 uns
2833 2514 177 48 gelesenen
3024 2514 125 36 Stücke
3165 2515 173 36 entweder
3354 2529 43 22 an
3410 2517 90 35 Tech-

2343 2564 63 36 nik
2426 2565 82 35 oder
2611 2580 72 22 was
2704 2568 194 35 schlimmer
2916 2569 44 35 ist
3051 2582 43 22 an
3114 2570 127 41 Poesie,
3262 2583 44 22 an
3325 2569 196 36 seelischem

2344 2618 144 36 Gehalte
2509 2616 115 40 fehlte.

2427 2673 82 35 Wir
2534 2674 257 36 unterscheiden
2813 2688 63 22 uns
2895 2675 37 35 in
2951 2676 109 36 noch
3080 2677 111 34 einem
3212 2675 134 37 Punkte
3365 2690 71 23 von
3455 2677 66 35 den

2347 2724 106 37 freien
2472 2727 157 35 Bühnen:
2650 2729 66 33 wir
2735 2728 75 36 sind
2829 2728 97 36 nicht
2944 2728 74 38 frei.
3060 2731 83 34 Wir
3162 2729 113 36 haben
3292 2731 89 48 jedes
3402 2729 118 43 Stück,

2346 2779 59 35 das
2424 2780 68 34 wir
2510 2780 128 49 spielen
2652 2781 166 42 wollten,
2848 2783 77 34 dem
3016 2782 165 36 Direktor
3200 2783 56 35 des
3277 2783 242 36 Stadttheaters

2345 2846 60 22 zur
2423 2834 263 48 Begutachtung
2701 2835 161 49 vorlegen
2881 2841 147 37 müssen,
3049 2837 58 34 der
3125 2838 186 34 seinerseits
3327 2837 192 36 wiederum

2346 2886 80 35 dem
2450 2889 86 32 Rate
2561 2888 58 34 der
2643 2888 96 35 Stadt
2762 2890 137 49 Leipzig
2926 2889 55 35 für
3007 2889 55 35 die
3085 2899 81 39 gute
3192 2891 83 34 Sitte
3301 2904 55 22 am
3374 2891 146 35 Theater

2345 2941 336 39 „verantwortlich“
2705 2943 43 33 ist
2772 2943 69 34 und
2868 2942 171 36 natürlich
3065 2956 59 35 gar
3149 2943 101 36 keine
3269 2944 250 48 Veranlassung

2345 2994 105 40 hatte,
2470 2994 72 35 sich
2561 3004 240 40 unsertwegen
2820 2997 37 34 in
2871 2997 317 48 Ungelegenheiten
3208 3011 41 22 zu
3264 3002 144 32 stürzen.
3437 2997 81 36 Und

2345 3047 228 35 thatsächlich
2592 3049 122 35 wurde
2738 3063 62 21 uns
2823 3049 89 37 denn
2932 3051 88 35 auch
3040 3050 120 36 bereits
3181 3051 57 35 das
3258 3052 121 34 zweite
3398 3050 118 43 Stück,

2347 3100 58 35 das
2424 3102 68 34 wir
2511 3102 224 43 einreichten,
2756 3104 71 34 eins
2848 3117 69 22 von
2937 3104 66 35 den
3021 3117 93 23 neun
3134 3103 308 50 Zwischenspielen
3461 3104 57 34 des

2347 3156 199 40 Cervantes,
2573 3158 93 38 „Der
2691 3155 240 51 eifersüchtige
2955 3157 105 35 Alte“
3079 3158 172 35 verboten.
3294 3158 81 34 Wir
3393 3157 122 35 hatten

2345 3207 119 35 bereits
2484 3208 54 35 die
2558 3209 160 35 vorletzte
2735 3209 106 36 Probe
2860 3211 202 48 abgehalten
3080 3211 72 35 und
3173 3224 62 22 uns
3256 3224 42 22 an
3320 3211 76 34 dem
3411 3223 81 23 wun-

2345 3260 162 36 derbaren
2533 3260 205 38 klassischen
2765 3266 139 33 Humor
2929 3264 56 35 des
3012 3264 426 45 Don-Quixote-Dichters
3465 3277 35 21 er-

2345 3312 108 44 freut,
2487 3314 47 35 als
2562 3316 55 34 ich
2644 3330 70 22 von
2740 3319 112 33 Herrn
2880 3317 162 35 Direktor
3066 3320 205 45 Stägemann
3299 3317 97 35 einen
3425 3314 98 38 Brief

2346 3368 137 36 erhielt:
2511 3370 108 40 „Sehr
2636 3371 152 47 geehrter
2807 3373 87 32 Herr
2913 3370 150 36 Doktor!
3094 3373 52 32 Da
3165 3370 58 34 das
3245 3370 272 36 Cervantes’sche

2344 3422 318 49 „Zwischenspiel“
2670 3437 67 23 von
2749 3426 110 32 Zoten
2870 3423 197 36 wimmelt“
3078 3437 66 21 u.s.
3153 3437 46 21 w.
3273 3424 82 35 Wir
3365 3422 151 36 mufsten

2345 3474 67 35 den
2432 3477 180 34 Cervantes
2633 3476 71 35 also
2724 3476 162 36 absetzen.
2916 3477 89 35 Aber
3024 3490 73 21 nun
3115 3476 182 36 berichtete
3317 3477 54 35 die
3391 3479 105 47 Tages-

2345 3541 109 36 presse
2478 3542 71 22 von
2575 3529 77 34 dem
2671 3530 145 42 Verbot,
2845 3530 71 34 und
2941 3531 36 33 in
3002 3530 65 34 den
3087 3530 115 34 besten
3222 3531 139 35 Kreisen
3381 3544 135 22 unserer

2345 3581 114 42 Stadt,
2485 3582 54 35 die
2563 3581 64 37 auf
2647 3584 73 34 ihre
2739 3582 163 36 klassisch
2926 3583 222 35 litterarische
3168 3583 148 49 Bildung
3334 3585 76 34 sehr
3429 3584 87 35 stolz

2345 3635 93 41 sind,
2458 3636 155 35 entstand
2634 3636 74 35 eine
2728 3637 142 48 gewisse
2890 3637 186 49 spöttische
3096 3637 197 49 Stimmung
3312 3651 109 35 gegen
3441 3639 74 34 eine

2345 3690 147 40 Zensur,
2518 3690 53 34 die
2598 3688 42 36 da
2665 3690 154 48 glaubte,
2851 3692 178 34 Cervantes
3061 3691 97 34 nicht
3184 3700 255 27 verantworten
3472 3704 43 22 zu
