2219 3691
733 170 251 31 SOUVENIRS
1020 160 176 36 INÉDITS
1230 169 56 26 DE
1320 166 165 28 CHOPIN

107 183 48 36 34

163 275 97 42 Une
284 274 57 42 IV
346 281 14 19 e
379 273 126 41 lettre
529 283 54 29 ne
616 267 220 42 renferme
856 266 94 39 rien
971 270 271 34 concernant
1265 260 196 52 Chopin.

161 345 79 40 Les
280 343 137 40 lettres
456 340 218 40 suivantes
705 335 147 54 furent
884 332 147 41 écrites
1077 334 122 52 après
1231 330 41 40 la
1310 335 111 34 mort
1447 328 51 40 de
1530 324 189 56 Chopin.

163 414 124 40 Dans
310 425 86 28 une
418 409 39 42 V
460 414 15 17 e
494 406 150 55 (écrite
666 418 85 39 peu
773 408 128 47 après
918 401 39 40 le
982 401 156 51 départ
1155 399 54 40 de
1231 397 46 40 M
1283 402 46 17 me
1350 395 303 42 ledrzeïewicz
1684 391 54 41 de
1762 390 146 46 Paris,
1933 395 42 33 et
1997 386 127 40 datée

108 483 57 39 du
193 497 34 36 3.
263 481 29 40 I.
327 477 118 55 1850)
468 475 46 42 M
519 477 45 29 lle
582 475 66 42 St.
673 475 63 39 dit
760 470 162 54 qu'elle
946 470 168 38 revient
1155 467 53 40 de
1232 465 186 42 l'atelier
1440 465 54 40 de
1515 463 241 49 Clésinger
1779 465 56 35 où
1868 457 86 41 elle
1974 456 10 40 1
2006 470 21 26 a
2066 469 58 25 vu

109 550 254 42 travaillant
386 562 104 26 avec
507 547 161 40 ardeur
689 557 9 35 ;
727 541 83 42 elle
837 551 195 41 suppose
1066 550 86 39 que
1182 536 39 41 le
1253 541 266 35 monument
1550 532 55 39 de
1634 528 182 54 Chopin
1840 540 97 28 sera
1961 538 87 28 une
2070 523 54 40 de

110 633 69 27 ses
199 618 252 40 meilleures
475 627 190 29 œuvres.

163 687 122 39 Dans
308 685 39 39 la
373 683 54 41 VI
433 689 14 16 e
470 681 76 55 (du
575 677 182 56 19-I-50)
792 690 114 28 nous
946 685 216 32 trouvons
1200 675 39 39 la
1265 674 201 39 mention
1503 666 163 55 qu'elle
1704 681 21 25 a
1768 665 140 40 réussi
1936 667 22 36 à
1997 674 102 28 sous-

108 755 125 40 louer
255 752 340 53 l'appartement
617 749 114 40 dans
748 746 146 53 lequel
918 745 181 52 Chopin
1122 752 66 32 est
1210 751 133 32 mort.

163 822 122 40 Dans
324 821 40 40 la
402 819 80 43 VII
485 824 16 18 e
543 816 75 56 (du
653 831 43 37 31
738 817 117 52 janv.
903 813 118 54 1850)
1053 812 47 41 M
1105 811 39 23 lle
1180 810 65 42 St.
1280 821 204 30 annonce
1514 807 41 40 la
1587 813 115 32 mort
1732 803 53 40 de
1811 802 41 40 la
1882 799 166 42 femme
2071 799 53 40 de

107 890 326 41 Franchomme
451 899 8 38 ;
487 886 205 43 combien
710 884 179 53 Chopin
911 884 143 40 aurait
1078 882 189 39 ressenti
1291 886 110 33 cette
1422 884 132 38 mort,
1581 888 19 26 s
1619 874 27 39 il
1684 878 73 35 eût
1792 883 160 29 encore
1978 873 108 36 vécu
2114 871 7 35 !

107 960 96 40 Elle
227 960 147 51 ajoute
398 971 85 38 que
518 956 237 49 Clésinger
782 968 22 26 a
828 952 97 53 déjà
957 952 188 40 terminé
1178 949 38 40 la
1246 946 143 52 figure
1417 947 53 40 de
1500 944 165 41 femme
1697 942 58 40 du
1787 946 268 35 monument
2084 946 38 30 et

110 1044 57 37 qu
186 1029 83 40 elle
303 1026 79 41 fait
405 1040 86 27 une
514 1024 151 41 bonne
687 1023 286 53 impression.
1012 1020 240 49 Clésinger
1274 1031 22 26 a
1322 1016 191 47 déclaré,
1552 1012 191 46 dit-elle,
1787 1023 85 39 que
1896 1009 159 52 jamais
2097 1006 25 39 il

108 1098 70 40 n'a
197 1096 201 42 travaillé
423 1108 103 28 avec
557 1101 153 33 autant
741 1091 54 40 de
819 1091 99 40 soin
949 1093 22 37 à
1002 1103 145 26 aucun
1177 1093 279 33 monument.
1482 1083 44 40 M
1535 1081 37 23 llc
1603 1081 67 42 St.
1694 1095 22 26 a
1743 1081 238 49 remarqué
2014 1076 113 40 clans

108 1166 184 40 l'atelier
322 1165 54 39 de
416 1163 69 41 Cl.
515 1163 38 40 le
576 1159 176 52 négatif
789 1160 58 39 du
880 1171 187 39 masque
1097 1156 242 53 posthume
1363 1154 53 40 de
1440 1152 180 52 Chopin
1664 1147 57 57 (le
1754 1147 163 42 second
1962 1147 75 50 qui
2071 1157 55 27 en

106 1234 66 41 fut
195 1233 113 51 tiré),
334 1232 162 51 auquel
538 1231 105 39 était
675 1232 141 37 restée
852 1226 201 41 attachée
1074 1237 86 28 une
1202 1237 124 26 assez
1369 1221 172 51 grande
1585 1220 203 52 quantité
1824 1217 53 40 de
1911 1215 212 41 cheveux.

106 1302 38 40 A
170 1315 82 27 son
282 1303 194 37 instante
498 1299 143 51 prière
661 1296 68 40 Cl.
753 1295 61 40 lui
849 1309 21 25 a
908 1294 104 40 cédé
1035 1301 112 32 cette
1171 1293 247 51 empreinte
1437 1302 10 37 ;
1477 1290 113 39 mais
1615 1289 39 38 la
1692 1288 220 50 première
1945 1286 75 51 qui
2062 1281 64 42 fut

106 1373 106 37 tirée
233 1378 113 31 reste
362 1380 158 28 encore
544 1380 83 26 aux
654 1365 146 39 mains
822 1363 55 40 de
899 1361 68 41 Cl.
1001 1361 31 40 Il
1057 1375 54 25 va
1152 1373 106 27 sans
1281 1359 95 40 dire
1409 1371 86 39 que
1538 1370 46 27 ce
1617 1357 211 39 souvenir
1864 1352 60 54 (1)
1951 1366 100 35 reçu
2072 1352 52 38 de

106 1438 69 41 Cl.
202 1451 96 27 sera
329 1440 170 48 envoyé
521 1449 80 38 par
628 1432 48 42 M
680 1430 38 25 lle
739 1430 65 42 St.
833 1436 21 35 à
878 1429 47 42 M
929 1435 48 18 me
1007 1429 139 41 ledrz.

159 1507 123 40 Dans
305 1506 39 40 la
367 1504 100 43 VIII
472 1509 15 17 e
510 1502 76 54 (du
608 1498 188 56 9-11-50)
814 1499 45 40 M
865 1498 38 23 lle
920 1497 66 43 St.
1010 1500 107 38 écrit
1139 1497 162 53 qu'elle
1320 1511 23 25 a
1369 1500 67 36 été
1458 1495 219 52 quelques
1695 1495 123 51 jours
1840 1498 284 46 auparavant

106 1591 75 26 sur
197 1575 39 40 la
261 1573 151 42 tombe
432 1573 53 40 de
508 1571 181 52 Chopin
713 1576 57 34 où
793 1569 84 40 elle
901 1583 21 25 a
962 1568 168 51 déposé
1166 1566 142 40 douze
1331 1577 254 29 couronnes
1621 1575 8 36 ;
1656 1562 134 41 celles
1814 1563 76 50 qui
1924 1576 26 37 y
1975 1558 148 42 furent

104 1646 134 38 mises
258 1657 80 38 par
360 1641 46 40 M
411 1646 47 17 me
482 1640 136 41 ledrz.
659 1646 99 33 sont
790 1650 161 29 encore
972 1644 164 32 vertes.
1182 1633 64 41 La
1271 1636 228 50 princesse
1534 1629 289 44 Czernicheff
1841 1645 21 25 a
1888 1629 236 51 beaucoup

104 1715 94 51 prié
217 1711 46 41 M
267 1710 38 23 lle
328 1709 66 42 St.
420 1710 55 40 de
494 1709 62 40 lui
576 1709 174 40 donner
769 1720 87 27 une
880 1707 134 52 petite
1038 1703 120 42 table
1178 1704 54 39 de
1255 1702 197 53 Chopin,
1479 1716 59 38 qu
1558 1701 84 40 elle
1661 1700 209 42 voudrait
1888 1700 207 52 acquérir
2114 1709 8 38 ;

103 1780 47 42 M
154 1778 39 25 lle
213 1779 66 42 St.
302 1780 60 40 lui
388 1794 21 25 a
430 1778 201 53 répondu
657 1790 86 39 que
765 1789 71 28 ces
869 1775 234 40 souvenirs
1129 1785 54 27 ne
1216 1780 101 32 sont
1341 1785 81 39 pas
1446 1775 21 35 à
1502 1770 182 47 vendre,
1725 1771 114 38 mais
1878 1767 161 54 qu'elle
2063 1767 61 40 lui

107 1849 108 42 offre
235 1857 109 33 cette
367 1848 134 52 petite
524 1845 118 42 table
662 1860 56 26 au
736 1858 104 27 nom
861 1843 52 40 de
936 1841 47 41 M
987 1847 47 17 me
1065 1841 158 50 ledrz.,
1265 1840 83 40 elle
1386 1841 147 51 ajoute
1574 1853 86 38 que
1701 1838 39 40 la
1775 1839 229 51 princesse
2043 1835 79 41 Cz.

106 1920 113 39 ainsi
243 1931 86 39 que
351 1930 47 27 sa
421 1914 90 42 fille
535 1916 58 50 (la
616 1916 228 50 princesse
868 1911 183 52 Soutzo)
1079 1911 231 39 adoraient
1331 1908 197 53 Chopin.

157 1984 134 43 Enfin
308 1985 83 42 elle
407 1985 148 52 ajoute
572 1980 291 56 qu'Albrecht
881 1995 22 26 a
931 1984 171 48 envoyé
1121 1983 81 37 600
1221 1977 52 41 fr.
1308 1992 113 38 pour
1450 1977 39 41 le
1513 1977 124 53 loyer
1668 1977 54 40 de
1746 1973 344 56 l'appartement
2113 1986 8 38 ;

103 2057 29 38 il
158 2071 22 25 a
202 2054 107 42 fallu
333 2069 55 26 en
409 2053 174 41 donner
610 2066 74 28 100
708 2065 56 28 au
788 2052 185 52 portier.

157 2124 87 40 Par
264 2124 39 39 la
326 2122 56 41 IX
384 2128 15 16 e
424 2120 148 55 (écrite
595 2135 54 28 en
687 2120 164 42 février
895 2116 123 56 1850)
1041 2132 116 27 nous
1183 2130 258 40 apprenons
1467 2130 86 39 que
1576 2115 241 51 Clésinger
1860 2122 174 45 promet
2070 2113 54 40 de

104 2192 103 42 finir
226 2193 39 40 le
285 2200 264 33 monument
587 2203 114 40 pour
732 2190 39 40 le
797 2202 15 39 5
840 2202 122 27 mars
986 2186 326 54 (anniversaire
1348 2186 53 40 de
1426 2186 40 40 la
1487 2184 85 42 fête
1595 2186 54 40 de
1685 2182 201 55 Chopin)
1910 2192 42 32 et
1976 2196 86 39 que
2087 2182 37 40 le

106 2263 159 40 comité
289 2262 75 51 qui
388 2260 91 40 s'en
503 2273 165 39 occupe
691 2259 94 41 doit
807 2271 46 28 se
877 2256 242 50 consulter,
1146 2264 141 44 quant
1307 2269 55 26 au
1387 2255 217 52 piédestal
1631 2269 9 33 ;
1665 2253 46 41 M
1719 2252 37 24 lle
1788 2252 66 42 St.
1894 2267 21 25 a
1943 2252 183 52 rappelé

108 2336 21 34 à
155 2344 69 27 ces
247 2329 244 41 Messieurs
515 2342 101 39 que,
639 2329 179 39 suivant
842 2327 40 39 le
904 2326 120 40 désir
1046 2326 53 39 de
1137 2323 47 40 M
1189 2329 48 17 me
1261 2323 156 49 ledrz.,
1461 2323 39 40 le
1532 2323 193 51 grillage
1759 2323 92 40 doit
1891 2323 125 39 avoir
2039 2335 87 26 une

106 2409 139 43 porte,
274 2397 89 42 afin
388 2398 134 52 qu'on
555 2398 151 51 puisse
729 2396 192 51 déposer
941 2394 77 40 des
1040 2394 136 40 fleurs
1197 2407 76 26 sur
1295 2393 38 40 la
1360 2392 167 41 tombe.

163 2468 122 39 Dans
306 2467 38 40 la
364 2466 36 41 X
402 2471 15 17 e
438 2464 77 53 (du
536 2463 236 54 20-111-50)
793 2477 115 27 nous
951 2471 215 33 trouvons
1191 2462 39 39 la
1258 2461 188 40 relation
1470 2460 78 40 des
1585 2459 243 41 différends
1854 2461 74 51 qui
1955 2473 46 26 se
2026 2468 100 32 sont

109 2537 144 40 élevés
273 2544 124 32 entre
419 2535 64 40 les
506 2532 226 42 membres
748 2533 59 40 du
828 2534 162 38 comité
1007 2530 258 52 s'occupant
1287 2530 58 40 du
1374 2538 266 32 monument
1679 2527 228 42 funéraire
1941 2537 42 31 et
2023 2528 79 40 Clé-

110 2608 167 48 singer,
303 2603 240 42 différends
566 2611 134 44 ayant
720 2615 53 27 eu
791 2615 114 39 pour
929 2600 184 41 résultat
1136 2612 87 40 que
1244 2599 38 40 le
1306 2607 266 31 monument
1595 2598 70 40 n'a
1691 2612 57 38 pu
1780 2602 92 36 être
1906 2600 223 48 inauguré

112 2675 39 39 le
183 2674 97 51 jour
303 2674 304 39 anniversaire
626 2671 54 39 de
701 2671 40 39 la
766 2668 86 42 fête
874 2669 54 40 de
967 2667 181 53 Chopin
1171 2679 8 28 :
1219 2668 39 39 la
1284 2676 160 38 statue,
1471 2667 197 52 sculptée
1691 2681 82 38 par
1794 2666 254 51 Clésinger,
2072 2681 56 26 au

113 2744 87 38 lieu
224 2741 136 42 d'être
383 2741 132 41 d'une
535 2740 121 41 seule
679 2741 136 50 pièce,
842 2751 47 27 se
911 2739 249 51 composait
1180 2737 53 40 de
1253 2739 108 39 trois
1381 2738 183 51 parties,
1591 2736 53 39 de
1670 2735 39 40 la
1735 2734 144 52 figure
1903 2739 148 36 même
2074 2736 53 39 de

115 2812 39 39 la
179 2810 178 50 femme,
376 2810 59 41 du
454 2808 102 42 bloc
578 2822 75 27 sur
676 2807 147 52 lequel
843 2815 111 32 cette
993 2804 144 52 figure
1178 2819 172 39 repose,
1378 2807 115 39 ainsi
1527 2817 86 39 que
1635 2805 59 39 du
1719 2804 234 51 piédestal,
1978 2805 148 40 tandis

117 2880 106 52 qu'il
242 2881 116 39 avait
377 2883 68 36 été
485 2890 201 28 convenu
725 2888 86 39 que
833 2875 40 39 le
912 2882 94 32 tout
1042 2874 134 39 serait
1199 2873 170 51 sculpté
1393 2870 132 41 d'une
1550 2872 122 39 seule
1696 2885 164 27 masse.
1888 2870 71 43 On
1984 2886 55 26 en
2062 2881 66 32 est

116 2951 143 38 arrivé
278 2953 23 35 à
322 2948 53 40 de
393 2949 123 39 vives
538 2946 201 52 disputes
764 2956 9 39 ;
796 2942 251 52 Clésinger,
1069 2957 82 38 par
1174 2942 39 40 la
1233 2943 101 39 voix
1370 2942 78 39 des
1481 2942 236 51 journaux,
1743 2955 21 26 a
1790 2940 79 41 fait
1890 2942 131 52 appel
2044 2956 83 26 aux

117 3020 175 37 artistes
312 3026 40 31 et
377 3031 82 25 aux
482 3016 226 52 critiques,
736 3011 90 43 afin
850 3012 131 52 qu'ils
1005 3011 360 41 considérassent
1389 3023 82 27 son
1496 3010 157 40 travail
1672 3022 175 28 comme
1871 3023 86 27 une
1975 3024 154 28 œuvre

116 3083 126 42 d'art.
266 3083 134 42 Enfin
421 3085 39 38 le
479 3084 161 41 comité
669 3083 102 40 s'est
794 3081 153 41 décidé
976 3085 22 36 à
1021 3089 201 44 accepter
1245 3080 39 40 la
1319 3078 144 52 figure
1484 3079 100 41 telle
1609 3078 161 54 qu'elle
1805 3087 81 33 est.
1919 3078 63 42 Ce
2004 3081 75 51 qui
2107 3095 21 25 a

118 3159 155 36 amené
307 3154 251 50 également
599 3152 59 41 du
692 3151 162 51 retard,
881 3150 102 41 c'est
1018 3163 85 39 que
1139 3149 38 40 le
1215 3150 164 39 terrain
1415 3150 104 38 était
1558 3148 115 50 gelé,
1701 3162 79 38 par
1805 3149 115 40 suite
1943 3149 53 40 de
2021 3151 106 51 quoi

115 3222 269 40 l'architecte
407 3222 68 40 n'a
499 3235 80 38 pas
601 3221 137 41 voulu
762 3219 319 53 entreprendre
1105 3218 62 41 les
1192 3226 186 33 travaux
1400 3217 54 41 de
1490 3216 362 50 soubassement,
1893 3219 237 50 craignant

116 3291 131 50 qu'ils
271 3304 53 26 ne
347 3290 171 40 fussent
541 3302 80 39 pas
641 3288 230 41 durables.

157 3439 48 40 (1)
228 3439 46 32 La
303 3437 133 33 famille
453 3438 42 32 cle
513 3438 142 41 Chopin
677 3447 173 25 conserve
865 3446 131 24 encore
1019 3435 231 43 aujourd'hui
1273 3438 30 31 le
1325 3445 150 32 masque
1495 3434 142 44 négatif
1656 3445 84 24 avec
1763 3438 52 31 les
1830 3436 180 40 cheveux,
2034 3436 91 33 ainsi

112 3499 70 30 que
204 3491 31 30 le
253 3497 148 32 masque
423 3488 135 40 positif.
