2169 3624
798 112 272 40 L'IMITATION
1106 125 53 27 EN
1197 124 201 32 MUSIQUE

2078 127 21 37 7

693 279 360 42 L'lmitation
1086 291 71 29 en
1195 279 288 53 musique.

127 412 48 42 Si
200 412 89 41 Ton
311 421 105 33 veut
436 413 174 41 étudier
626 412 99 42 l'art
745 414 189 40 musical
957 429 55 26 au
1033 416 126 51 point
1179 415 54 41 de
1256 429 84 27 vue
1378 415 330 53 sociologique,
1742 416 29 40 il
1792 415 96 42 faut
1911 419 194 51 prendre

68 482 80 40 des
170 480 169 42 formes
359 482 53 40 de
435 484 304 50 composition
760 491 246 32 nettement
1023 481 203 53 définies,
1249 492 40 32 et
1312 498 55 26 en
1388 484 233 52 expliquer
1647 484 39 40 la
1708 490 183 45 genèse.
1915 485 144 49 Voici,
2081 492 19 35 à

68 564 169 39 propos
260 551 58 40 du
336 565 155 37 canon,
517 565 208 37 —genre
749 553 92 51 qui,
859 556 21 35 à
903 553 219 51 première
1145 566 100 36 vue,
1268 562 66 31 est
1349 552 104 41 bien
1473 552 206 50 abstrait,
1787 568 87 26 une
1894 553 192 43 observa

68 623 94 37 tion
187 625 88 35 très
299 621 160 52 simple
480 634 87 39 que
590 621 40 40 le
650 621 166 40 lecteur
838 635 166 38 pourra
1026 620 258 43 facilement
1307 622 291 51 généraliser.

123 689 125 40 Dans
271 705 61 25 un
372 690 78 40 des
482 690 101 53 plus
623 689 144 42 beaux
804 690 133 41 livres
971 692 75 50 qui
1081 692 119 39 aient
1242 705 111 38 paru
1390 691 158 52 depuis
1573 693 132 39 treize
1746 706 81 26 ans
1854 691 75 55 (i),
1955 692 61 40 M.
2046 691 56 43 G.

68 758 164 48 Tarde,
275 759 286 52 aujourd'hui
595 759 202 40 membre
836 759 55 41 de
930 759 211 41 l'lnstitut
1179 769 41 31 et
1263 759 259 53 professeur
1545 774 56 26 au
1627 759 186 53 Collège
1837 762 53 40 de
1914 762 186 47 France,

67 830 206 38 examine
296 827 189 42 d'abord
508 828 38 40 la
567 830 211 51 question
802 830 208 39 suivante
1037 840 7 27 :
1075 826 66 50 Qu
1161 835 125 33 est-ce
1310 828 154 54 qu'une
1486 828 155 41 société
1666 832 16 36 1

123 896 73 42 On
221 912 21 25 a
266 898 204 52 répondu
508 902 22 36 à
554 906 112 32 cette
687 899 209 51 question
920 912 54 26 en
1014 898 150 40 disant
1190 910 7 26 :
1237 910 21 27 ((
1286 897 97 42 Une
1418 899 164 40 société
1607 907 66 32 est
1696 913 60 25 un
1780 912 174 39 groupe
1993 899 88 40 d'in-

65 966 181 41 dividus
269 966 73 55 qui
365 981 43 25 se
448 967 181 39 rendent
652 967 51 39 de
739 967 182 40 mutuels
958 967 179 41 services
1149 1000 7 8 .
1192 978 19 28 ))
1237 966 120 41 Sans
1388 967 153 49 doute,
1564 968 114 39 dans
1711 981 88 27 une
1830 969 180 49 société,
2039 969 64 39 les

64 1036 230 40 individus
336 1034 306 43 s'entr'aident
684 1036 344 41 mutuellement
1044 1052 8 32 ;
1079 1045 111 32 cette
1245 1034 237 43 définition
1526 1037 99 40 n'en
1665 1041 146 48 paraît
1834 1051 81 38 pas
1954 1039 149 38 moins

66 1106 200 39 inexacte
290 1110 21 35 à
337 1105 61 41 M.
438 1105 164 50 Tarde,
629 1119 112 39 pour
760 1105 226 53 plusieurs
1010 1107 192 39 raisons.
1240 1105 69 41 En
1351 1108 114 38 voici
1498 1106 115 40 deux
1653 1108 76 50 qui
1754 1115 102 31 sont
1893 1110 180 49 péremp-

67 1176 135 38 toires
228 1190 7 25 :
265 1190 37 24 10
326 1173 67 41 s'il
411 1177 106 38 était
538 1176 95 40 vrai
651 1188 86 39 que
760 1175 232 51 l'échange
1015 1175 55 40 de
1093 1176 193 40 services
1306 1184 66 32 est
1406 1190 47 26 ce
1473 1177 76 51 qui
1579 1177 265 39 caractérise
1867 1176 214 40 essentiel-

66 1243 167 41 lement
252 1258 87 26 une
360 1246 179 46 société,
562 1244 29 40 il
607 1258 55 26 en
677 1244 253 40 résulterait
951 1258 85 38 que
1054 1244 63 41 les
1141 1246 188 39 sociétés
1353 1260 80 37 par
1446 1245 248 41 excellence
1712 1254 101 31 sont
1834 1245 64 40 les
1916 1246 189 39 sociétés

68 1313 221 41 animales
315 1326 7 27 :
369 1327 90 27 non
502 1327 81 39 pas
620 1313 132 41 celles
775 1314 78 40 des
877 1322 186 35 castors,
1089 1314 78 40 des
1204 1313 186 41 abeilles
1411 1327 56 27 ou
1491 1314 78 40 des
1590 1313 207 48 fourmis,
1820 1315 113 39 mais
1969 1314 136 40 celles

69 1382 259 42 d'animaux
369 1390 87 34 très
499 1383 254 51 inférieurs,
800 1383 63 40 les
887 1383 379 52 siphonophores,
1306 1398 80 37 par
1406 1384 216 52 exemple,
1659 1390 56 34 où
1750 1384 38 39 la
1819 1384 196 40 division
2040 1384 61 39 du

69 1453 157 40 travail
250 1461 67 31 est
348 1456 195 49 poussée
578 1454 36 38 si
638 1453 108 47 loin,
774 1466 87 37 que
884 1452 62 39 les
980 1465 86 27 uns
1089 1461 217 41 mangent
1329 1466 115 38 pour
1486 1453 62 39 les
1590 1461 164 39 autres,
1778 1454 76 50 qui
1895 1453 210 50 digèrent

68 1534 115 40 pour
202 1534 132 27 eux...
364 1533 21 27 ((
411 1520 72 41 On
507 1534 55 27 ne
586 1522 171 39 saurait
774 1522 235 39 concevoir
1028 1521 54 40 de
1105 1521 102 52 plus
1225 1521 177 50 signalé
1425 1522 169 39 service
1620 1533 36 36 )),
1700 1522 148 51 ajoute
1872 1521 207 52 spirituel-

67 1590 167 40 lement
250 1588 63 41 M.
334 1589 163 41 Tarde.
525 1597 42 33 2°
591 1590 33 40 Il
646 1605 27 37 y
699 1604 21 26 a
745 1590 78 40 des
847 1604 112 37 gens
978 1592 76 50 qui
1075 1603 47 27 se
1142 1590 187 40 rendent
1353 1590 77 40 des
1453 1592 193 38 services
1667 1595 88 35 très
1774 1590 113 40 réels
1910 1599 42 31 et
1975 1598 124 32 entre

67 1659 213 53 lesquels,
307 1667 229 44 pourtant,
560 1658 172 41 semble
757 1658 184 41 s'élever
963 1672 88 26 une
1078 1658 198 40 barrière
1300 1658 380 41 infranchissable
1703 1670 6 27 :
1735 1660 130 49 ainsi,
1901 1674 84 25 aux
2006 1657 63 41 An-

68 1728 132 48 tilles,
224 1728 64 40 les
311 1729 249 50 émigrants
584 1729 174 40 chinois
778 1736 41 32 et
854 1728 197 40 hindous
1082 1736 77 32 ont
1176 1727 115 41 beau
1312 1732 92 36 être
1439 1728 78 40 liés
1541 1732 22 35 à
1583 1728 119 40 leurs
1723 1732 184 36 maîtres
1926 1728 55 40 de
2002 1741 98 27 race

68 1797 193 41 blanche
287 1812 81 38 par
399 1798 79 40 des
496 1796 153 42 offices
674 1799 288 51 réciproques
985 1806 42 31 et
1052 1811 81 38 par
1154 1797 79 40 des
1254 1805 214 41 contrats,
1495 1809 20 26 ((
1549 1797 159 52 jamais
1741 1811 60 25 un
1826 1797 88 39 lien
1936 1798 141 38 vérita-

70 1866 200 41 blement
297 1867 138 41 social
456 1881 54 26 ne
528 1866 195 41 s'établit
747 1875 123 32 entre
891 1881 98 33 eux,
1012 1866 206 41 carilsne
1240 1868 296 50 parviennent
1552 1866 160 52 jamais
1737 1870 21 35 à
1783 1865 278 40 s'assimiler.
2081 1877 22 26 )>

140 1935 237 53 Qu'est-ce
397 1936 116 40 donc
531 1936 166 52 qu'une
721 1938 164 38 société
904 1940 15 35 ?
1008 1934 137 48 C'est,
1174 1935 170 53 répond
1366 1934 61 40 M.
1451 1934 163 49 Tarde,
1639 1949 58 26 un
1720 1948 175 39 groupe
1914 1935 54 39 de
1987 1947 113 38 gens

66 2005 73 55 qui
154 2004 205 41 s'imitent
366 2037 8 16 ,
394 2009 122 37 étant
549 2004 277 41 semblables
852 2004 61 40 les
937 2018 84 27 uns
1043 2020 83 25 aux
1160 2013 150 31 autres
1331 2018 76 26 sur
1425 2019 59 25 un
1501 2004 145 51 grand
1665 2003 188 41 nombre
1877 2004 54 39 de
1951 2005 153 50 points

66 2074 251 41 essentiels.
346 2074 125 41 Vous
496 2074 148 53 parlez
669 2074 38 40 le
733 2078 146 36 même
909 2074 197 51 langage
1129 2072 230 53 (français,
1382 2073 194 51 anglais,
1607 2070 303 53 allemand...)
1932 2086 86 38 que
2039 2072 64 40 les

66 2144 207 40 hommes
297 2158 56 26 au
377 2144 155 40 milieu
556 2143 211 53 desquels
789 2157 114 27 vous
925 2157 114 27 vous
1063 2152 179 31 trouvez
1266 2159 7 33 ;
1296 2156 114 27 vous
1428 2156 113 27 vous
1564 2141 194 41 habillez
1783 2155 175 27 comme
1981 2155 82 27 eux
2089 2157 8 32 ;

66 2227 113 26 vous
210 2215 150 38 suivez
384 2213 65 41 les
474 2216 170 37 mêmes
665 2222 250 38 coutumes,
955 2213 63 40 les
1042 2216 170 36 mêmes
1245 2212 173 47 modes,
1461 2211 172 53 parfois
1656 2211 64 40 les
1741 2215 171 36 mêmes
1933 2214 142 37 entraî-

67 2291 222 40 nements,
312 2291 120 32 etc...
462 2281 128 42 Voilà
610 2295 87 27 une
722 2283 178 40 société.
928 2294 20 27 ((
975 2280 65 41 La
1065 2283 181 46 société,
1286 2279 104 42 c'est
1427 2281 258 40 l'imitation
1711 2291 37 39 )),
1771 2280 64 39 dit
1870 2279 230 40 l'éminent

67 2351 270 53 philosophe
361 2364 55 27 en
437 2364 47 27 se
505 2356 245 35 résumant.

123 2420 129 40 Cette
277 2420 172 40 théorie
472 2429 66 31 est
555 2429 98 43 trop
675 2418 234 42 favorable
928 2423 22 35 à
974 2419 39 39 la
1040 2419 124 40 thèse
1188 2432 86 38 que
1298 2418 71 52 j'ai
1390 2419 231 39 examinée
1642 2418 52 39 ici
1712 2415 76 54 (2),
1817 2430 115 39 pour
1955 2430 86 39 que
2061 2418 39 51 je

68 2503 55 26 ne
157 2487 118 41 m'en
298 2502 185 38 empare
514 2502 96 38 pas.

129 2556 44 50 Je
203 2570 55 26 ne
288 2558 117 38 crois
428 2556 249 40 nullement
700 2557 127 51 jouer
852 2568 75 27 sur
946 2554 64 41 les
1044 2562 117 32 mots
1193 2568 55 26 en
1271 2554 149 40 disant
1443 2569 8 24 :
1487 2553 40 39 la
1553 2553 58 40 loi
1648 2552 54 40 de
1726 2552 39 40 la
1797 2553 302 52 composition

68 2625 233 49 musicale,
318 2640 20 24 c
357 2631 58 33 est
438 2624 264 41 limitation.

123 2694 121 42 C'est
268 2703 178 32 surtout
471 2698 22 36 à
515 2693 208 52 l'origine
743 2693 54 41 de
815 2692 97 41 l'art
936 2706 86 39 que
1046 2701 111 32 cette
1180 2692 59 40 loi
1273 2696 206 49 apparaît
1500 2704 104 27 avec
1635 2705 59 26 un
1717 2696 223 35 caractère
1961 2690 118 40 d'évi-

66 2764 138 41 dence
225 2768 254 49 (peut-être,
518 2777 115 27 nous
667 2777 207 39 pouvons
901 2762 40 41 le
965 2775 261 39 remarquer
1248 2761 78 41 dès
1360 2762 297 45 maintenant,
1681 2773 131 40 parce
1837 2758 198 53 qu'alors
2058 2759 40 39 la

70 2835 165 40 société
255 2842 66 31 est
339 2833 102 53 plus
466 2833 256 50 homogène
756 2830 383 54 qu'aujourd'hui,
1176 2831 38 52 je
1245 2844 114 27 veux
1383 2831 93 40 dire
1510 2831 148 39 moins
1679 2829 356 47 individualiste,
2058 2836 42 32 et

66 2903 102 52 plus
186 2902 242 41 fortement
451 2906 145 36 nouée
621 2910 162 32 autour
805 2901 54 40 de
883 2900 218 53 quelques
1126 2898 224 54 dogmes).
1384 2898 63 42 Le
1480 2900 195 52 premier
1696 2912 138 37 genre
1858 2911 77 27 sur
1951 2897 148 52 lequel

66 2972 64 40 les
149 2972 170 51 grands
337 2973 331 51 compositeurs
687 2984 45 27 se
757 2978 100 33 sont
874 2974 192 43 exercés,
1096 2978 66 32 est
1183 2967 205 42 lecanon.
1413 2967 78 51 Or,
1513 2968 40 41 le
1582 2981 145 27 canon
1747 2966 113 42 n'est
1874 2980 80 40 pas
1969 2975 126 32 autre

66 3041 136 41 chose
225 3041 139 52 qu'un
381 3042 195 39 exercice
595 3039 264 41 à'imitation
877 3038 55 54 (si
949 3038 90 41 l'on
1056 3039 140 52 prend
1221 3052 47 27 ce
1289 3046 92 32 mot
1395 3038 113 40 dans
1527 3038 39 39 le
1588 3050 102 27 sens
1708 3034 389 56 philosophique).

66 3110 125 41 Dans
215 3111 39 39 la
281 3110 152 51 fugue,
461 3110 39 40 le
525 3110 148 41 thème
698 3109 144 40 initial
866 3108 229 51 engendre
1119 3107 172 41 bientôt
1314 3121 60 26 un
1398 3107 297 51 contre-sujet
1715 3117 7 27 :
1750 3106 28 39 il
1804 3103 247 42 ressemble
2075 3109 23 35 à

68 3180 41 40 la
139 3179 157 41 cellule
318 3180 179 40 vivante
536 3180 92 52 qui,
668 3192 115 39 pour
822 3191 46 27 se
905 3178 286 52 développer,
1235 3189 45 28 se
1313 3184 189 44 partage
1538 3188 54 27 en
1623 3175 114 40 deux
1761 3189 7 34 ;
1797 3174 38 41 le
1860 3187 138 26 canon
2009 3205 7 16 ,
2042 3187 59 26 au

68 3250 242 49 contraire,
337 3257 66 33 est
425 3262 88 27 une
536 3248 302 52 composition
862 3253 57 35 où
943 3246 40 40 la
1027 3250 147 36 même
1216 3244 193 41 mélodie
1434 3257 46 27 se
1516 3248 163 48 répète,
1725 3243 133 40 d'une
1897 3244 143 51 partie
2077 3246 23 36 à

118 3408 52 44 (1)
187 3410 66 31 Les
271 3410 65 31 lois
361 3410 40 32 de
420 3410 204 33 l'imitation
631 3434 9 14 ,
660 3409 108 33 étude
787 3408 256 44 sociologique
1066 3419 65 31 par
1150 3408 44 32 G.
1215 3407 117 33 Tarde
1365 3407 137 42 (Paris,
1518 3407 127 42 Alcan,
1673 3407 118 43 1890).

118 3459 49 43 (2)
195 3460 90 34 Voir
304 3463 33 31 la
363 3461 117 33 Revue
504 3460 169 32 musicale
697 3460 61 32 des
780 3471 10 21 i
798 3465 29 17 er
849 3459 90 43 juin,
966 3471 10 21 i
985 3465 28 17 er
1036 3464 99 34 août,
1161 3470 9 20 i
1180 3463 30 18 er
1236 3458 207 41 septembre
1471 3469 103 33 1903.
