<?xml version="1.0" encoding="UTF-8"?>
<alto xmlns:xsi="http://www.w3.org/2001/XMLSchema-instance" xmlns="http://www.loc.gov/standards/alto/ns-v2#" xsi:schemaLocation="http://www.loc.gov/standards/alto/ns-v2# http://www.loc.gov/standards/alto/alto-v2.0.xsd" xmlns:xlink="http://www.w3.org/1999/xlink">
	<Description>
		<MeasurementUnit>mm10</MeasurementUnit>
		<sourceImageInformation>
			<fileName>//fileserver7/IN2-2/Princeton/bmtnabj/1904/01/01_01/00000057.tif</fileName>
		</sourceImageInformation>
		<OCRProcessing ID="OCRPROCESSING_1">
			<preProcessingStep>
				<processingSoftware>
					<softwareCreator>CCS Content Conversion Specialists GmbH, Germany</softwareCreator>
					<softwareName>CCS docWorks</softwareName>
					<softwareVersion>6.7-1.20</softwareVersion>
				</processingSoftware>
			</preProcessingStep>
			<ocrProcessingStep>
				<processingSoftware>
					<softwareCreator>ABBYY (BIT Software), Russia</softwareCreator>
					<softwareName>FineReader</softwareName>
					<softwareVersion>10.0</softwareVersion>
				</processingSoftware>
			</ocrProcessingStep>
		</OCRProcessing>
	</Description>
	<Styles>
		<TextStyle ID="TXT_0" FONTSIZE="11" FONTFAMILY="Times New Roman"/>
		<TextStyle ID="TXT_1" FONTSIZE="17" FONTFAMILY="Times New Roman"/>
		<TextStyle ID="TXT_2" FONTSIZE="15" FONTFAMILY="Times New Roman"/>
		<ParagraphStyle ID="PAR_CENTER" ALIGN="Center"/>
		<ParagraphStyle ID="PAR_RIGHT" ALIGN="Right"/>
		<ParagraphStyle ID="PAR_BLOCK" ALIGN="Block"/>
	</Styles>
	<Layout>
		<Page ID="P41" PHYSICAL_IMG_NR="41" HEIGHT="3721" WIDTH="2252" PRINTED_IMG_NR="41" PC="0.923">
			<TopMargin ID="P41_TM00001" HPOS="0" VPOS="0" WIDTH="2252" HEIGHT="211">
				<TextBlock ID="P41_TB00001" HPOS="580" VPOS="163" WIDTH="1099" HEIGHT="34" STYLEREFS="TXT_0 PAR_CENTER">
					<TextLine ID="P41_TL00001" HPOS="581" VPOS="163" WIDTH="1098" HEIGHT="34">
						<String ID="P41_ST00001" HPOS="581" VPOS="163" WIDTH="195" HEIGHT="27" CONTENT="LETTRES" WC="0.99" CC="0041160"/>
						<SP ID="P41_SP00001" HPOS="776" VPOS="190" WIDTH="34"/>
						<String ID="P41_ST00002" HPOS="810" VPOS="164" WIDTH="56" HEIGHT="25" CONTENT="DE" WC="0.81" CC="30"/>
						<SP ID="P41_SP00002" HPOS="866" VPOS="190" WIDTH="32"/>
						<String ID="P41_ST00003" HPOS="898" VPOS="164" WIDTH="106" HEIGHT="33" CONTENT="JANE" WC="1.00" CC="1000"/>
						<SP ID="P41_SP00003" HPOS="1004" VPOS="197" WIDTH="36"/>
						<String ID="P41_ST00004" HPOS="1040" VPOS="163" WIDTH="208" HEIGHT="27" CONTENT="STIRLING" WC="0.74" CC="60006600"/>
						<SP ID="P41_SP00004" HPOS="1248" VPOS="197" WIDTH="34"/>
						<String ID="P41_ST00005" HPOS="1282" VPOS="164" WIDTH="51" HEIGHT="25" CONTENT="ET" WC="1.00" CC="00"/>
						<SP ID="P41_SP00005" HPOS="1333" VPOS="197" WIDTH="35"/>
						<String ID="P41_ST00006" HPOS="1368" VPOS="164" WIDTH="55" HEIGHT="25" CONTENT="DE" WC="0.66" CC="60"/>
						<SP ID="P41_SP00006" HPOS="1423" VPOS="197" WIDTH="35"/>
						<String ID="P41_ST00007" HPOS="1458" VPOS="163" WIDTH="49" HEIGHT="26" CONTENT="SA" WC="0.92" CC="01"/>
						<SP ID="P41_SP00007" HPOS="1507" VPOS="197" WIDTH="35"/>
						<String ID="P41_ST00008" HPOS="1542" VPOS="163" WIDTH="137" HEIGHT="27" CONTENT="SOEUR" WC="0.97" CC="04780"/>
						<SP ID="P41_SP00008" HPOS="1679" VPOS="197" WIDTH="0"/>
					</TextLine>
				</TextBlock>
				<TextBlock ID="P41_TB00002" HPOS="2073" VPOS="168" WIDTH="74" HEIGHT="40" STYLEREFS="TXT_1 PAR_RIGHT">
					<TextLine ID="P41_TL00002" HPOS="2073" VPOS="168" WIDTH="74" HEIGHT="40">
						<String ID="P41_ST00009" HPOS="2073" VPOS="168" WIDTH="74" HEIGHT="40" CONTENT="41" WC="1.00" CC="00"/>
					</TextLine>
				</TextBlock>
			</TopMargin>
			<LeftMargin ID="P41_LM00001" HPOS="0" VPOS="211" WIDTH="109" HEIGHT="3342"/>
			<RightMargin ID="P41_RM00001" HPOS="2152" VPOS="211" WIDTH="100" HEIGHT="3342"/>
			<BottomMargin ID="P41_BM00001" HPOS="0" VPOS="3553" WIDTH="2252" HEIGHT="168"/>
			<PrintSpace ID="P41_PS00001" HPOS="109" VPOS="211" WIDTH="2043" HEIGHT="3342">
				<TextBlock ID="P41_TB00003" HPOS="109" VPOS="251" WIDTH="2043" HEIGHT="3302" STYLEREFS="TXT_2 PAR_BLOCK">
					<TextLine ID="P41_TL00003" HPOS="173" VPOS="252" WIDTH="1974" HEIGHT="60">
						<String ID="P41_ST00010" HPOS="173" VPOS="253" WIDTH="64" HEIGHT="42" CONTENT="La" WC="0.48" CC="36"/>
						<SP ID="P41_SP00009" HPOS="237" VPOS="295" WIDTH="22"/>
						<String ID="P41_ST00011" HPOS="259" VPOS="252" WIDTH="228" HEIGHT="45" CONTENT="XXXVIII" WC="0.97" CC="0001000"/>
						<String ID="P41_ST00012" HPOS="492" VPOS="260" WIDTH="16" HEIGHT="17" CONTENT="e" STYLE="superscript" WC="0.62" CC="3"/>
						<SP ID="P41_SP00010" HPOS="508" VPOS="297" WIDTH="16"/>
						<String ID="P41_ST00013" HPOS="524" VPOS="253" WIDTH="76" HEIGHT="54" CONTENT="(du" WC="0.94" CC="743"/>
						<SP ID="P41_SP00011" HPOS="600" VPOS="307" WIDTH="15"/>
						<String ID="P41_ST00014" HPOS="615" VPOS="254" WIDTH="226" HEIGHT="52" CONTENT="2-XH-52," WC="0.61" CC="06083507"/>
						<SP ID="P41_SP00012" HPOS="841" VPOS="307" WIDTH="26"/>
						<String ID="P41_ST00015" HPOS="867" VPOS="256" WIDTH="54" HEIGHT="38" CONTENT="de" WC="0.96" CC="00"/>
						<SP ID="P41_SP00013" HPOS="921" VPOS="307" WIDTH="25"/>
						<String ID="P41_ST00016" HPOS="946" VPOS="253" WIDTH="399" HEIGHT="51" CONTENT="Barnton-IIouse)" WC="0.67" CC="006561343600207"/>
						<SP ID="P41_SP00014" HPOS="1345" VPOS="307" WIDTH="31"/>
						<String ID="P41_ST00017" HPOS="1376" VPOS="254" WIDTH="64" HEIGHT="42" CONTENT="fut" WC="0.96" CC="621"/>
						<SP ID="P41_SP00015" HPOS="1440" VPOS="307" WIDTH="25"/>
						<String ID="P41_ST00018" HPOS="1465" VPOS="257" WIDTH="148" HEIGHT="49" CONTENT="écrite," WC="0.98" CC="7170534"/>
						<SP ID="P41_SP00016" HPOS="1613" VPOS="307" WIDTH="29"/>
						<String ID="P41_ST00019" HPOS="1642" VPOS="258" WIDTH="114" HEIGHT="41" CONTENT="ainsi" WC="0.97" CC="55741"/>
						<SP ID="P41_SP00017" HPOS="1756" VPOS="307" WIDTH="38"/>
						<String ID="P41_ST00020" HPOS="1794" VPOS="271" WIDTH="87" HEIGHT="37" CONTENT="que" WC="0.97" CC="520"/>
						<SP ID="P41_SP00018" HPOS="1881" VPOS="308" WIDTH="27"/>
						<String ID="P41_ST00021" HPOS="1908" VPOS="261" WIDTH="213" HEIGHT="51" CONTENT="quelques" SUBS_TYPE="HypPart1" SUBS_CONTENT="quelquesunes" WC="0.99" CC="00051003"/>
						<HYP HPOS="2121" VPOS="261" WIDTH="26" CONTENT="-"/>
					</TextLine>
					<TextLine ID="P41_TL00004" HPOS="117" VPOS="321" WIDTH="2026" HEIGHT="58">
						<String ID="P41_ST00022" HPOS="117" VPOS="337" WIDTH="109" HEIGHT="28" CONTENT="unes" SUBS_TYPE="HypPart2" SUBS_CONTENT="quelquesunes" WC="1.00" CC="0100"/>
						<SP ID="P41_SP00019" HPOS="226" VPOS="365" WIDTH="24"/>
						<String ID="P41_ST00023" HPOS="250" VPOS="324" WIDTH="78" HEIGHT="40" CONTENT="des" WC="0.98" CC="400"/>
						<SP ID="P41_SP00020" HPOS="328" VPOS="365" WIDTH="37"/>
						<String ID="P41_ST00024" HPOS="365" VPOS="325" WIDTH="245" HEIGHT="46" CONTENT="suivantes," WC="1.00" CC="0046006000"/>
						<SP ID="P41_SP00021" HPOS="610" VPOS="371" WIDTH="32"/>
						<String ID="P41_ST00025" HPOS="642" VPOS="321" WIDTH="134" HEIGHT="42" CONTENT="d'une" WC="0.99" CC="04500"/>
						<SP ID="P41_SP00022" HPOS="776" VPOS="371" WIDTH="24"/>
						<String ID="P41_ST00026" HPOS="800" VPOS="331" WIDTH="95" HEIGHT="32" CONTENT="tout" WC="0.97" CC="1045"/>
						<SP ID="P41_SP00023" HPOS="895" VPOS="371" WIDTH="22"/>
						<String ID="P41_ST00027" HPOS="917" VPOS="331" WIDTH="125" HEIGHT="32" CONTENT="autre" WC="0.99" CC="00430"/>
						<SP ID="P41_SP00024" HPOS="1042" VPOS="371" WIDTH="24"/>
						<String ID="P41_ST00028" HPOS="1066" VPOS="325" WIDTH="206" HEIGHT="46" CONTENT="écriture," WC="0.99" CC="900330001"/>
						<SP ID="P41_SP00025" HPOS="1272" VPOS="371" WIDTH="23"/>
						<String ID="P41_ST00029" HPOS="1295" VPOS="338" WIDTH="131" HEIGHT="38" CONTENT="parce" WC="1.00" CC="00000"/>
						<SP ID="P41_SP00026" HPOS="1426" VPOS="376" WIDTH="24"/>
						<String ID="P41_ST00030" HPOS="1450" VPOS="338" WIDTH="86" HEIGHT="39" CONTENT="que" WC="1.00" CC="000"/>
						<SP ID="P41_SP00027" HPOS="1536" VPOS="377" WIDTH="24"/>
						<String ID="P41_ST00031" HPOS="1560" VPOS="324" WIDTH="46" HEIGHT="40" CONTENT="M" WC="1.00" CC="0"/>
						<String ID="P41_ST00032" HPOS="1611" VPOS="322" WIDTH="38" HEIGHT="25" CONTENT="lle" STYLE="superscript" WC="0.39" CC="764"/>
						<SP ID="P41_SP00028" HPOS="1649" VPOS="377" WIDTH="23"/>
						<String ID="P41_ST00033" HPOS="1672" VPOS="323" WIDTH="87" HEIGHT="53" CONTENT="St.," WC="0.97" CC="0803"/>
						<SP ID="P41_SP00029" HPOS="1759" VPOS="377" WIDTH="28"/>
						<String ID="P41_ST00034" HPOS="1787" VPOS="339" WIDTH="76" HEIGHT="27" CONTENT="sur" WC="0.98" CC="600"/>
						<SP ID="P41_SP00030" HPOS="1863" VPOS="377" WIDTH="19"/>
						<String ID="P41_ST00035" HPOS="1882" VPOS="327" WIDTH="39" HEIGHT="40" CONTENT="le" WC="0.69" CC="60"/>
						<SP ID="P41_SP00031" HPOS="1921" VPOS="377" WIDTH="23"/>
						<String ID="P41_ST00036" HPOS="1944" VPOS="330" WIDTH="125" HEIGHT="49" CONTENT="point" WC="0.97" CC="40455"/>
						<SP ID="P41_SP00032" HPOS="2069" VPOS="379" WIDTH="23"/>
						<String ID="P41_ST00037" HPOS="2092" VPOS="331" WIDTH="51" HEIGHT="40" CONTENT="de" WC="1.00" CC="00"/>
					</TextLine>
					<TextLine ID="P41_TL00005" HPOS="115" VPOS="390" WIDTH="2030" HEIGHT="57">
						<String ID="P41_ST00038" HPOS="115" VPOS="406" WIDTH="81" HEIGHT="27" CONTENT="son" WC="0.95" CC="507"/>
						<SP ID="P41_SP00033" HPOS="196" VPOS="433" WIDTH="23"/>
						<String ID="P41_ST00039" HPOS="219" VPOS="393" WIDTH="155" HEIGHT="51" CONTENT="départ" WC="1.00" CC="000006"/>
						<SP ID="P41_SP00034" HPOS="374" VPOS="444" WIDTH="17"/>
						<String ID="P41_ST00040" HPOS="391" VPOS="404" WIDTH="113" HEIGHT="40" CONTENT="pour" WC="0.99" CC="0240"/>
						<SP ID="P41_SP00035" HPOS="504" VPOS="444" WIDTH="23"/>
						<String ID="P41_ST00041" HPOS="527" VPOS="391" WIDTH="148" HEIGHT="51" CONTENT="Paris," WC="0.99" CC="000304"/>
						<SP ID="P41_SP00036" HPOS="675" VPOS="444" WIDTH="26"/>
						<String ID="P41_ST00042" HPOS="701" VPOS="391" WIDTH="104" HEIGHT="40" CONTENT="s'est" WC="1.00" CC="12000"/>
						<SP ID="P41_SP00037" HPOS="805" VPOS="444" WIDTH="23"/>
						<String ID="P41_ST00043" HPOS="828" VPOS="390" WIDTH="122" HEIGHT="42" CONTENT="foulé" WC="0.98" CC="40029"/>
						<SP ID="P41_SP00038" HPOS="950" VPOS="444" WIDTH="20"/>
						<String ID="P41_ST00044" HPOS="970" VPOS="391" WIDTH="40" HEIGHT="42" CONTENT="la" WC="0.72" CC="40"/>
						<SP ID="P41_SP00039" HPOS="1010" VPOS="444" WIDTH="25"/>
						<String ID="P41_ST00045" HPOS="1035" VPOS="393" WIDTH="123" HEIGHT="39" CONTENT="main" WC="0.97" CC="0606"/>
						<SP ID="P41_SP00040" HPOS="1158" VPOS="444" WIDTH="24"/>
						<String ID="P41_ST00046" HPOS="1182" VPOS="392" WIDTH="159" HEIGHT="52" CONTENT="droite," WC="0.99" CC="0003504"/>
						<SP ID="P41_SP00041" HPOS="1341" VPOS="444" WIDTH="27"/>
						<String ID="P41_ST00047" HPOS="1368" VPOS="406" WIDTH="47" HEIGHT="27" CONTENT="ce" WC="0.95" CC="00"/>
						<SP ID="P41_SP00042" HPOS="1415" VPOS="444" WIDTH="25"/>
						<String ID="P41_ST00048" HPOS="1440" VPOS="395" WIDTH="75" HEIGHT="50" CONTENT="qui" WC="0.97" CC="043"/>
						<SP ID="P41_SP00043" HPOS="1515" VPOS="445" WIDTH="26"/>
						<String ID="P41_ST00049" HPOS="1541" VPOS="394" WIDTH="39" HEIGHT="39" CONTENT="la" WC="1.00" CC="00"/>
						<SP ID="P41_SP00044" HPOS="1580" VPOS="445" WIDTH="24"/>
						<String ID="P41_ST00050" HPOS="1604" VPOS="392" WIDTH="118" HEIGHT="41" CONTENT="force" WC="1.00" CC="00000"/>
						<SP ID="P41_SP00045" HPOS="1722" VPOS="445" WIDTH="25"/>
						<String ID="P41_ST00051" HPOS="1747" VPOS="398" WIDTH="22" HEIGHT="35" CONTENT="à" WC="0.27" CC="7"/>
						<SP ID="P41_SP00046" HPOS="1769" VPOS="445" WIDTH="25"/>
						<String ID="P41_ST00052" HPOS="1794" VPOS="395" WIDTH="243" HEIGHT="52" CONTENT="prolonger" WC="1.00" CC="000002700"/>
						<SP ID="P41_SP00047" HPOS="2037" VPOS="447" WIDTH="28"/>
						<String ID="P41_ST00053" HPOS="2065" VPOS="412" WIDTH="80" HEIGHT="28" CONTENT="son" WC="0.94" CC="276"/>
					</TextLine>
					<TextLine ID="P41_TL00006" HPOS="115" VPOS="459" WIDTH="2030" HEIGHT="56">
						<String ID="P41_ST00054" HPOS="115" VPOS="461" WIDTH="150" HEIGHT="51" CONTENT="séjour" WC="0.99" CC="400260"/>
						<SP ID="P41_SP00048" HPOS="265" VPOS="512" WIDTH="19"/>
						<String ID="P41_ST00055" HPOS="284" VPOS="459" WIDTH="147" HEIGHT="40" CONTENT="là-bas" WC="0.99" CC="223001"/>
						<SP ID="P41_SP00049" HPOS="431" VPOS="512" WIDTH="23"/>
						<String ID="P41_ST00056" HPOS="454" VPOS="468" WIDTH="42" HEIGHT="31" CONTENT="et" WC="1.00" CC="00"/>
						<SP ID="P41_SP00050" HPOS="496" VPOS="512" WIDTH="26"/>
						<String ID="P41_ST00057" HPOS="522" VPOS="464" WIDTH="21" HEIGHT="35" CONTENT="à" WC="0.01" CC="9"/>
						<SP ID="P41_SP00051" HPOS="543" VPOS="512" WIDTH="19"/>
						<String ID="P41_ST00058" HPOS="562" VPOS="461" WIDTH="138" HEIGHT="39" CONTENT="écrire" WC="1.00" CC="050000"/>
						<SP ID="P41_SP00052" HPOS="700" VPOS="512" WIDTH="24"/>
						<String ID="P41_ST00059" HPOS="724" VPOS="459" WIDTH="53" HEIGHT="40" CONTENT="de" WC="1.00" CC="00"/>
						<SP ID="P41_SP00053" HPOS="777" VPOS="512" WIDTH="18"/>
						<String ID="P41_ST00060" HPOS="795" VPOS="459" WIDTH="39" HEIGHT="40" CONTENT="la" WC="0.84" CC="30"/>
						<SP ID="P41_SP00054" HPOS="834" VPOS="512" WIDTH="18"/>
						<String ID="P41_ST00061" HPOS="852" VPOS="462" WIDTH="123" HEIGHT="38" CONTENT="main" WC="0.98" CC="0061"/>
						<SP ID="P41_SP00055" HPOS="975" VPOS="512" WIDTH="20"/>
						<String ID="P41_ST00062" HPOS="995" VPOS="460" WIDTH="193" HEIGHT="51" CONTENT="gauche." WC="0.98" CC="9061203"/>
						<SP ID="P41_SP00056" HPOS="1188" VPOS="512" WIDTH="23"/>
						<String ID="P41_ST00063" HPOS="1211" VPOS="459" WIDTH="47" HEIGHT="43" CONTENT="M" WC="1.00" CC="0"/>
						<String ID="P41_ST00064" HPOS="1262" VPOS="459" WIDTH="39" HEIGHT="25" CONTENT="lle" STYLE="superscript" WC="0.48" CC="644"/>
						<SP ID="P41_SP00057" HPOS="1301" VPOS="512" WIDTH="21"/>
						<String ID="P41_ST00065" HPOS="1322" VPOS="460" WIDTH="66" HEIGHT="43" CONTENT="St." WC="0.99" CC="020"/>
						<SP ID="P41_SP00058" HPOS="1388" VPOS="512" WIDTH="19"/>
						<String ID="P41_ST00066" HPOS="1407" VPOS="475" WIDTH="47" HEIGHT="28" CONTENT="se" WC="0.97" CC="00"/>
						<SP ID="P41_SP00059" HPOS="1454" VPOS="512" WIDTH="25"/>
						<String ID="P41_ST00067" HPOS="1479" VPOS="463" WIDTH="156" HEIGHT="40" CONTENT="rendra" WC="0.99" CC="104006"/>
						<SP ID="P41_SP00060" HPOS="1635" VPOS="512" WIDTH="26"/>
						<String ID="P41_ST00068" HPOS="1661" VPOS="464" WIDTH="294" HEIGHT="51" CONTENT="uniquement" WC="1.00" CC="0000400002"/>
						<SP ID="P41_SP00061" HPOS="1955" VPOS="515" WIDTH="21"/>
						<String ID="P41_ST00069" HPOS="1976" VPOS="469" WIDTH="21" HEIGHT="36" CONTENT="à" WC="1.00" CC="9"/>
						<SP ID="P41_SP00062" HPOS="1997" VPOS="515" WIDTH="20"/>
						<String ID="P41_ST00070" HPOS="2017" VPOS="465" WIDTH="128" HEIGHT="42" CONTENT="Paris" WC="1.00" CC="00040"/>
					</TextLine>
					<TextLine ID="P41_TL00007" HPOS="113" VPOS="526" WIDTH="2031" HEIGHT="59">
						<String ID="P41_ST00071" HPOS="113" VPOS="542" WIDTH="116" HEIGHT="39" CONTENT="pour" WC="0.99" CC="0050"/>
						<SP ID="P41_SP00063" HPOS="229" VPOS="581" WIDTH="16"/>
						<String ID="P41_ST00072" HPOS="245" VPOS="526" WIDTH="253" HEIGHT="43" CONTENT="s'entendre" WC="1.00" CC="1400600000"/>
						<SP ID="P41_SP00064" HPOS="498" VPOS="581" WIDTH="24"/>
						<String ID="P41_ST00073" HPOS="522" VPOS="542" WIDTH="104" HEIGHT="27" CONTENT="avec" WC="0.98" CC="0514"/>
						<SP ID="P41_SP00065" HPOS="626" VPOS="581" WIDTH="22"/>
						<String ID="P41_ST00074" HPOS="648" VPOS="527" WIDTH="241" HEIGHT="54" CONTENT="Grzymala" WC="0.48" CC="78800637"/>
						<SP ID="P41_SP00066" HPOS="889" VPOS="581" WIDTH="37"/>
						<String ID="P41_ST00075" HPOS="926" VPOS="543" WIDTH="55" HEIGHT="26" CONTENT="au" WC="0.89" CC="02"/>
						<SP ID="P41_SP00067" HPOS="981" VPOS="581" WIDTH="26"/>
						<String ID="P41_ST00076" HPOS="1007" VPOS="531" WIDTH="115" HEIGHT="51" CONTENT="sujet" WC="0.99" CC="40004"/>
						<SP ID="P41_SP00068" HPOS="1122" VPOS="582" WIDTH="23"/>
						<String ID="P41_ST00077" HPOS="1145" VPOS="531" WIDTH="54" HEIGHT="40" CONTENT="de" WC="1.00" CC="00"/>
						<SP ID="P41_SP00069" HPOS="1199" VPOS="582" WIDTH="25"/>
						<String ID="P41_ST00078" HPOS="1224" VPOS="544" WIDTH="82" HEIGHT="28" CONTENT="son" WC="0.97" CC="007"/>
						<SP ID="P41_SP00070" HPOS="1306" VPOS="582" WIDTH="25"/>
						<String ID="P41_ST00079" HPOS="1331" VPOS="545" WIDTH="154" HEIGHT="27" CONTENT="œuvre" WC="0.99" CC="07000"/>
						<SP ID="P41_SP00071" HPOS="1485" VPOS="582" WIDTH="41"/>
						<String ID="P41_ST00080" HPOS="1526" VPOS="531" WIDTH="202" HEIGHT="52" CONTENT="Solange" WC="0.99" CC="5003600"/>
						<SP ID="P41_SP00072" HPOS="1728" VPOS="583" WIDTH="26"/>
						<String ID="P41_ST00081" HPOS="1754" VPOS="546" WIDTH="21" HEIGHT="27" CONTENT="a" WC="1.00" CC="0"/>
						<SP ID="P41_SP00073" HPOS="1775" VPOS="583" WIDTH="20"/>
						<String ID="P41_ST00082" HPOS="1795" VPOS="532" WIDTH="97" HEIGHT="53" CONTENT="déjà" WC="0.99" CC="0004"/>
						<SP ID="P41_SP00074" HPOS="1892" VPOS="585" WIDTH="26"/>
						<String ID="P41_ST00083" HPOS="1918" VPOS="532" WIDTH="168" HEIGHT="44" CONTENT="obtenu" WC="0.99" CC="045004"/>
						<SP ID="P41_SP00075" HPOS="2086" VPOS="585" WIDTH="21"/>
						<String ID="P41_ST00084" HPOS="2107" VPOS="536" WIDTH="37" HEIGHT="40" CONTENT="le" WC="0.81" CC="30"/>
					</TextLine>
					<TextLine ID="P41_TL00008" HPOS="115" VPOS="598" WIDTH="195" HEIGHT="41">
						<String ID="P41_ST00085" HPOS="115" VPOS="598" WIDTH="195" HEIGHT="41" CONTENT="divorce." WC="1.00" CC="05000003"/>
					</TextLine>
					<TextLine ID="P41_TL00009" HPOS="169" VPOS="665" WIDTH="1977" HEIGHT="59">
						<String ID="P41_ST00086" HPOS="169" VPOS="665" WIDTH="64" HEIGHT="41" CONTENT="La" WC="0.75" CC="40"/>
						<SP ID="P41_SP00076" HPOS="233" VPOS="706" WIDTH="20"/>
						<String ID="P41_ST00087" HPOS="253" VPOS="666" WIDTH="177" HEIGHT="40" CONTENT="XXXIX" WC="0.98" CC="00010"/>
						<String ID="P41_ST00088" HPOS="435" VPOS="672" WIDTH="15" HEIGHT="17" CONTENT="e" STYLE="superscript" WC="0.23" CC="7"/>
						<SP ID="P41_SP00077" HPOS="450" VPOS="706" WIDTH="19"/>
						<String ID="P41_ST00089" HPOS="469" VPOS="665" WIDTH="142" HEIGHT="54" CONTENT="(aussi" WC="1.00" CC="000000"/>
						<SP ID="P41_SP00078" HPOS="611" VPOS="719" WIDTH="22"/>
						<String ID="P41_ST00090" HPOS="633" VPOS="667" WIDTH="53" HEIGHT="40" CONTENT="de" WC="1.00" CC="00"/>
						<SP ID="P41_SP00079" HPOS="686" VPOS="719" WIDTH="20"/>
						<String ID="P41_ST00091" HPOS="706" VPOS="666" WIDTH="401" HEIGHT="50" CONTENT="Barnton-llouse," WC="0.77" CC="000530115605004"/>
						<SP ID="P41_SP00080" HPOS="1107" VPOS="719" WIDTH="23"/>
						<String ID="P41_ST00092" HPOS="1130" VPOS="668" WIDTH="58" HEIGHT="40" CONTENT="du" WC="1.00" CC="00"/>
						<SP ID="P41_SP00081" HPOS="1188" VPOS="719" WIDTH="24"/>
						<String ID="P41_ST00093" HPOS="1212" VPOS="683" WIDTH="12" HEIGHT="25" CONTENT="1" WC="1.00" CC="0"/>
						<SP ID="P41_SP00082" HPOS="1224" VPOS="719" WIDTH="9"/>
						<String ID="P41_ST00094" HPOS="1233" VPOS="673" WIDTH="34" HEIGHT="18" CONTENT="er" STYLE="superscript" WC="0.12" CC="79"/>
						<String ID="P41_ST00095" HPOS="1270" VPOS="668" WIDTH="77" HEIGHT="53" CONTENT="-I-5" WC="0.73" CC="4023"/>
						<SP ID="P41_SP00083" HPOS="1347" VPOS="721" WIDTH="13"/>
						<String ID="P41_ST00096" HPOS="1360" VPOS="667" WIDTH="37" HEIGHT="54" CONTENT="3)" WC="0.26" CC="86"/>
						<SP ID="P41_SP00084" HPOS="1397" VPOS="721" WIDTH="28"/>
						<String ID="P41_ST00097" HPOS="1425" VPOS="683" WIDTH="115" HEIGHT="28" CONTENT="nous" WC="0.99" CC="2003"/>
						<SP ID="P41_SP00085" HPOS="1540" VPOS="721" WIDTH="21"/>
						<String ID="P41_ST00098" HPOS="1561" VPOS="670" WIDTH="199" HEIGHT="53" CONTENT="apprend" WC="1.00" CC="0000040"/>
						<SP ID="P41_SP00086" HPOS="1760" VPOS="723" WIDTH="32"/>
						<String ID="P41_ST00099" HPOS="1792" VPOS="671" WIDTH="248" HEIGHT="41" CONTENT="seulement" WC="1.00" CC="003100060"/>
						<SP ID="P41_SP00087" HPOS="2040" VPOS="723" WIDTH="21"/>
						<String ID="P41_ST00100" HPOS="2061" VPOS="686" WIDTH="85" HEIGHT="38" CONTENT="que" WC="1.00" CC="000"/>
					</TextLine>
					<TextLine ID="P41_TL00010" HPOS="117" VPOS="734" WIDTH="2028" HEIGHT="59">
						<String ID="P41_ST00101" HPOS="117" VPOS="748" WIDTH="19" HEIGHT="27" CONTENT="((" WC="0.68" CC="06"/>
						<SP ID="P41_SP00088" HPOS="136" VPOS="775" WIDTH="28"/>
						<String ID="P41_ST00102" HPOS="164" VPOS="736" WIDTH="36" HEIGHT="40" CONTENT="le" WC="0.70" CC="40"/>
						<SP ID="P41_SP00089" HPOS="200" VPOS="776" WIDTH="25"/>
						<String ID="P41_ST00103" HPOS="225" VPOS="750" WIDTH="168" HEIGHT="39" CONTENT="pauvre" WC="1.00" CC="000000"/>
						<SP ID="P41_SP00090" HPOS="393" VPOS="789" WIDTH="21"/>
						<String ID="P41_ST00104" HPOS="414" VPOS="738" WIDTH="89" HEIGHT="38" CONTENT="ami" WC="0.98" CC="004"/>
						<SP ID="P41_SP00091" HPOS="503" VPOS="789" WIDTH="26"/>
						<String ID="P41_ST00105" HPOS="529" VPOS="736" WIDTH="53" HEIGHT="40" CONTENT="de" WC="1.00" CC="00"/>
						<SP ID="P41_SP00092" HPOS="582" VPOS="789" WIDTH="20"/>
						<String ID="P41_ST00106" HPOS="602" VPOS="736" WIDTH="40" HEIGHT="40" CONTENT="la" WC="0.97" CC="00"/>
						<SP ID="P41_SP00093" HPOS="642" VPOS="789" WIDTH="26"/>
						<String ID="P41_ST00107" HPOS="668" VPOS="750" WIDTH="252" HEIGHT="38" CONTENT="campagne" WC="1.00" CC="00000050"/>
						<SP ID="P41_SP00094" HPOS="920" VPOS="789" WIDTH="26"/>
						<String ID="P41_ST00108" HPOS="946" VPOS="748" WIDTH="21" HEIGHT="27" CONTENT="))" WC="0.39" CC="56"/>
						<SP ID="P41_SP00095" HPOS="967" VPOS="789" WIDTH="24"/>
						<String ID="P41_ST00109" HPOS="991" VPOS="734" WIDTH="296" HEIGHT="54" CONTENT="(c'est-à-dire" WC="1.00" CC="4020064000000"/>
						<SP ID="P41_SP00096" HPOS="1287" VPOS="789" WIDTH="25"/>
						<String ID="P41_ST00110" HPOS="1312" VPOS="736" WIDTH="301" HEIGHT="56" CONTENT="Grzymala).a" WC="0.79" CC="00400040561"/>
						<SP ID="P41_SP00097" HPOS="1613" VPOS="792" WIDTH="20"/>
						<String ID="P41_ST00111" HPOS="1633" VPOS="753" WIDTH="107" HEIGHT="27" CONTENT="sans" WC="0.98" CC="1500"/>
						<SP ID="P41_SP00098" HPOS="1740" VPOS="792" WIDTH="24"/>
						<String ID="P41_ST00112" HPOS="1764" VPOS="740" WIDTH="136" HEIGHT="43" CONTENT="doute" WC="1.00" CC="00300"/>
						<SP ID="P41_SP00099" HPOS="1900" VPOS="792" WIDTH="16"/>
						<String ID="P41_ST00113" HPOS="1916" VPOS="741" WIDTH="99" HEIGHT="52" CONTENT="déjà" WC="0.99" CC="5000"/>
						<SP ID="P41_SP00100" HPOS="2015" VPOS="793" WIDTH="25"/>
						<String ID="P41_ST00114" HPOS="2040" VPOS="743" WIDTH="105" HEIGHT="40" CONTENT="écrit" WC="0.98" CC="90005"/>
					</TextLine>
					<TextLine ID="P41_TL00011" HPOS="115" VPOS="805" WIDTH="1688" HEIGHT="53">
						<String ID="P41_ST00115" HPOS="115" VPOS="819" WIDTH="46" HEIGHT="27" CONTENT="ce" WC="0.64" CC="07"/>
						<SP ID="P41_SP00101" HPOS="161" VPOS="846" WIDTH="25"/>
						<String ID="P41_ST00116" HPOS="186" VPOS="805" WIDTH="107" HEIGHT="53" CONTENT="qu'il" WC="0.98" CC="00438"/>
						<SP ID="P41_SP00102" HPOS="293" VPOS="858" WIDTH="24"/>
						<String ID="P41_ST00117" HPOS="317" VPOS="806" WIDTH="106" HEIGHT="40" CONTENT="était" WC="0.99" CC="00005"/>
						<SP ID="P41_SP00103" HPOS="423" VPOS="858" WIDTH="32"/>
						<String ID="P41_ST00118" HPOS="455" VPOS="819" WIDTH="54" HEIGHT="26" CONTENT="en" WC="0.67" CC="06"/>
						<SP ID="P41_SP00104" HPOS="509" VPOS="858" WIDTH="22"/>
						<String ID="P41_ST00119" HPOS="531" VPOS="809" WIDTH="89" HEIGHT="37" CONTENT="état" WC="0.99" CC="0006"/>
						<SP ID="P41_SP00105" HPOS="620" VPOS="858" WIDTH="24"/>
						<String ID="P41_ST00120" HPOS="644" VPOS="805" WIDTH="25" HEIGHT="40" CONTENT="d" WC="1.00" CC="0"/>
						<SP ID="P41_SP00106" HPOS="669" VPOS="858" WIDTH="20"/>
						<String ID="P41_ST00121" HPOS="689" VPOS="806" WIDTH="154" HEIGHT="50" CONTENT="écrire," WC="0.99" CC="9300013"/>
						<SP ID="P41_SP00107" HPOS="843" VPOS="858" WIDTH="24"/>
						<String ID="P41_ST00122" HPOS="867" VPOS="807" WIDTH="114" HEIGHT="39" CONTENT="mais" WC="0.99" CC="0030"/>
						<SP ID="P41_SP00108" HPOS="981" VPOS="858" WIDTH="26"/>
						<String ID="P41_ST00123" HPOS="1007" VPOS="806" WIDTH="176" HEIGHT="50" CONTENT="malgré" WC="0.99" CC="070000"/>
						<SP ID="P41_SP00109" HPOS="1183" VPOS="858" WIDTH="39"/>
						<String ID="P41_ST00124" HPOS="1222" VPOS="806" WIDTH="92" HEIGHT="41" CONTENT="cela" WC="0.99" CC="0020"/>
						<SP ID="P41_SP00110" HPOS="1314" VPOS="858" WIDTH="22"/>
						<String ID="P41_ST00125" HPOS="1336" VPOS="807" WIDTH="29" HEIGHT="39" CONTENT="il" WC="0.69" CC="05"/>
						<SP ID="P41_SP00111" HPOS="1365" VPOS="858" WIDTH="26"/>
						<String ID="P41_ST00126" HPOS="1391" VPOS="807" WIDTH="204" HEIGHT="41" CONTENT="travaille" WC="0.99" CC="206040630"/>
						<SP ID="P41_SP00112" HPOS="1595" VPOS="858" WIDTH="32"/>
						<String ID="P41_ST00127" HPOS="1627" VPOS="821" WIDTH="176" HEIGHT="29" CONTENT="encore." WC="1.00" CC="0000024"/>
					</TextLine>
					<TextLine ID="P41_TL00012" HPOS="171" VPOS="872" WIDTH="1974" HEIGHT="60">
						<String ID="P41_ST00128" HPOS="171" VPOS="873" WIDTH="123" HEIGHT="41" CONTENT="Dans" WC="0.98" CC="6001"/>
						<SP ID="P41_SP00113" HPOS="294" VPOS="914" WIDTH="26"/>
						<String ID="P41_ST00129" HPOS="320" VPOS="874" WIDTH="38" HEIGHT="40" CONTENT="la" WC="0.78" CC="40"/>
						<SP ID="P41_SP00114" HPOS="358" VPOS="914" WIDTH="38"/>
						<String ID="P41_ST00130" HPOS="396" VPOS="873" WIDTH="77" HEIGHT="40" CONTENT="XL" WC="1.00" CC="00"/>
						<String ID="P41_ST00131" HPOS="477" VPOS="879" WIDTH="14" HEIGHT="17" CONTENT="e" STYLE="superscript" WC="0.24" CC="7"/>
						<SP ID="P41_SP00115" HPOS="491" VPOS="914" WIDTH="26"/>
						<String ID="P41_ST00132" HPOS="517" VPOS="872" WIDTH="71" HEIGHT="54" CONTENT="(de" WC="1.00" CC="000"/>
						<SP ID="P41_SP00116" HPOS="588" VPOS="926" WIDTH="21"/>
						<String ID="P41_ST00133" HPOS="609" VPOS="873" WIDTH="145" HEIGHT="49" CONTENT="Paris," WC="0.99" CC="400003"/>
						<SP ID="P41_SP00117" HPOS="754" VPOS="926" WIDTH="34"/>
						<String ID="P41_ST00134" HPOS="788" VPOS="875" WIDTH="59" HEIGHT="40" CONTENT="du" WC="0.80" CC="03"/>
						<SP ID="P41_SP00118" HPOS="847" VPOS="926" WIDTH="37"/>
						<String ID="P41_ST00135" HPOS="884" VPOS="873" WIDTH="233" HEIGHT="55" CONTENT="19-IX-53)" WC="0.81" CC="315002300"/>
						<SP ID="P41_SP00119" HPOS="1117" VPOS="928" WIDTH="43"/>
						<String ID="P41_ST00136" HPOS="1160" VPOS="873" WIDTH="46" HEIGHT="41" CONTENT="M" WC="1.00" CC="0"/>
						<String ID="P41_ST00137" HPOS="1212" VPOS="873" WIDTH="39" HEIGHT="24" CONTENT="lle" STYLE="superscript" WC="0.44" CC="447"/>
						<SP ID="P41_SP00120" HPOS="1251" VPOS="928" WIDTH="36"/>
						<String ID="P41_ST00138" HPOS="1287" VPOS="873" WIDTH="66" HEIGHT="42" CONTENT="St." WC="0.96" CC="054"/>
						<SP ID="P41_SP00121" HPOS="1353" VPOS="928" WIDTH="28"/>
						<String ID="P41_ST00139" HPOS="1381" VPOS="890" WIDTH="205" HEIGHT="27" CONTENT="annonce" WC="0.99" CC="0040400"/>
						<SP ID="P41_SP00122" HPOS="1586" VPOS="928" WIDTH="36"/>
						<String ID="P41_ST00140" HPOS="1622" VPOS="891" WIDTH="82" HEIGHT="27" CONTENT="son" WC="1.00" CC="000"/>
						<SP ID="P41_SP00123" HPOS="1704" VPOS="928" WIDTH="32"/>
						<String ID="P41_ST00141" HPOS="1736" VPOS="878" WIDTH="218" HEIGHT="52" CONTENT="prochain" WC="1.00" CC="00000000"/>
						<SP ID="P41_SP00124" HPOS="1954" VPOS="930" WIDTH="36"/>
						<String ID="P41_ST00142" HPOS="1990" VPOS="879" WIDTH="155" HEIGHT="53" CONTENT="départ" WC="1.00" CC="000300"/>
					</TextLine>
					<TextLine ID="P41_TL00013" HPOS="115" VPOS="941" WIDTH="2032" HEIGHT="58">
						<String ID="P41_ST00143" HPOS="115" VPOS="955" WIDTH="114" HEIGHT="40" CONTENT="pour" WC="1.00" CC="0000"/>
						<SP ID="P41_SP00125" HPOS="229" VPOS="995" WIDTH="21"/>
						<String ID="P41_ST00144" HPOS="250" VPOS="942" WIDTH="214" HEIGHT="41" CONTENT="l'Ecosse." WC="1.00" CC="130000003"/>
						<SP ID="P41_SP00126" HPOS="464" VPOS="995" WIDTH="28"/>
						<String ID="P41_ST00145" HPOS="492" VPOS="941" WIDTH="152" HEIGHT="54" CONTENT="Quant" WC="0.99" CC="00054"/>
						<SP ID="P41_SP00127" HPOS="644" VPOS="995" WIDTH="21"/>
						<String ID="P41_ST00146" HPOS="665" VPOS="947" WIDTH="22" HEIGHT="36" CONTENT="à" WC="1.00" CC="0"/>
						<SP ID="P41_SP00128" HPOS="687" VPOS="995" WIDTH="19"/>
						<String ID="P41_ST00147" HPOS="706" VPOS="941" WIDTH="233" HEIGHT="54" CONTENT="l'ouvrage" WC="0.99" CC="020600500"/>
						<SP ID="P41_SP00129" HPOS="939" VPOS="995" WIDTH="24"/>
						<String ID="P41_ST00148" HPOS="963" VPOS="944" WIDTH="55" HEIGHT="40" CONTENT="de" WC="1.00" CC="00"/>
						<SP ID="P41_SP00130" HPOS="1018" VPOS="995" WIDTH="17"/>
						<String ID="P41_ST00149" HPOS="1035" VPOS="941" WIDTH="263" HEIGHT="56" CONTENT="Grzymala," WC="0.80" CC="000560104"/>
						<SP ID="P41_SP00131" HPOS="1298" VPOS="997" WIDTH="26"/>
						<String ID="P41_ST00150" HPOS="1324" VPOS="944" WIDTH="64" HEIGHT="41" CONTENT="les" WC="0.99" CC="003"/>
						<SP ID="P41_SP00132" HPOS="1388" VPOS="997" WIDTH="24"/>
						<String ID="P41_ST00151" HPOS="1412" VPOS="945" WIDTH="190" HEIGHT="42" CONTENT="lecteurs" WC="0.99" CC="50650600"/>
						<SP ID="P41_SP00133" HPOS="1602" VPOS="997" WIDTH="25"/>
						<String ID="P41_ST00152" HPOS="1627" VPOS="955" WIDTH="76" HEIGHT="31" CONTENT="ont" WC="0.96" CC="036"/>
						<SP ID="P41_SP00134" HPOS="1703" VPOS="997" WIDTH="19"/>
						<String ID="P41_ST00153" HPOS="1722" VPOS="960" WIDTH="56" HEIGHT="27" CONTENT="eu" WC="0.78" CC="04"/>
						<SP ID="P41_SP00135" HPOS="1778" VPOS="997" WIDTH="23"/>
						<String ID="P41_ST00154" HPOS="1801" VPOS="946" WIDTH="346" HEIGHT="53" CONTENT="probablement" WC="1.00" CC="000000100030"/>
					</TextLine>
					<TextLine ID="P41_TL00014" HPOS="112" VPOS="1011" WIDTH="2033" HEIGHT="59">
						<String ID="P41_ST00155" HPOS="112" VPOS="1012" WIDTH="138" HEIGHT="50" CONTENT="égard" WC="1.00" CC="00000"/>
						<SP ID="P41_SP00136" HPOS="250" VPOS="1062" WIDTH="23"/>
						<String ID="P41_ST00156" HPOS="273" VPOS="1026" WIDTH="83" HEIGHT="27" CONTENT="aux" WC="0.98" CC="032"/>
						<SP ID="P41_SP00137" HPOS="356" VPOS="1062" WIDTH="21"/>
						<String ID="P41_ST00157" HPOS="377" VPOS="1011" WIDTH="174" HEIGHT="42" CONTENT="bonnes" WC="0.99" CC="004300"/>
						<SP ID="P41_SP00138" HPOS="551" VPOS="1062" WIDTH="21"/>
						<String ID="P41_ST00158" HPOS="572" VPOS="1014" WIDTH="246" HEIGHT="39" CONTENT="intentions" WC="0.99" CC="0700060070"/>
						<SP ID="P41_SP00139" HPOS="818" VPOS="1062" WIDTH="26"/>
						<String ID="P41_ST00159" HPOS="844" VPOS="1013" WIDTH="54" HEIGHT="41" CONTENT="dé" WC="0.61" CC="07"/>
						<SP ID="P41_SP00140" HPOS="898" VPOS="1062" WIDTH="39"/>
						<String ID="P41_ST00160" HPOS="937" VPOS="1011" WIDTH="243" HEIGHT="50" CONTENT="l'écrivain," WC="1.00" CC="02900000004"/>
						<SP ID="P41_SP00141" HPOS="1180" VPOS="1062" WIDTH="33"/>
						<String ID="P41_ST00161" HPOS="1213" VPOS="1028" WIDTH="73" HEIGHT="26" CONTENT="car" WC="1.00" CC="000"/>
						<SP ID="P41_SP00142" HPOS="1286" VPOS="1062" WIDTH="34"/>
						<String ID="P41_ST00162" HPOS="1320" VPOS="1014" WIDTH="137" HEIGHT="49" CONTENT="de-ci," WC="0.85" CC="004004"/>
						<SP ID="P41_SP00143" HPOS="1457" VPOS="1063" WIDTH="42"/>
						<String ID="P41_ST00163" HPOS="1499" VPOS="1014" WIDTH="124" HEIGHT="42" CONTENT="de-là" WC="0.94" CC="00300"/>
						<SP ID="P41_SP00144" HPOS="1623" VPOS="1063" WIDTH="22"/>
						<String ID="P41_ST00164" HPOS="1645" VPOS="1015" WIDTH="29" HEIGHT="41" CONTENT="il" WC="0.78" CC="13"/>
						<SP ID="P41_SP00145" HPOS="1674" VPOS="1063" WIDTH="25"/>
						<String ID="P41_ST00165" HPOS="1699" VPOS="1015" WIDTH="135" HEIGHT="42" CONTENT="laisse" WC="1.00" CC="004000"/>
						<SP ID="P41_SP00146" HPOS="1834" VPOS="1063" WIDTH="32"/>
						<String ID="P41_ST00166" HPOS="1866" VPOS="1015" WIDTH="234" HEIGHT="55" CONTENT="beaucoup" WC="1.00" CC="00030000"/>
						<SP ID="P41_SP00147" HPOS="2100" VPOS="1070" WIDTH="24"/>
						<String ID="P41_ST00167" HPOS="2124" VPOS="1022" WIDTH="21" HEIGHT="36" CONTENT="à" WC="1.00" CC="0"/>
					</TextLine>
					<TextLine ID="P41_TL00015" HPOS="113" VPOS="1079" WIDTH="2032" HEIGHT="57">
						<String ID="P41_ST00168" HPOS="113" VPOS="1080" WIDTH="184" HEIGHT="42" CONTENT="désirer." WC="1.00" CC="00000001"/>
						<SP ID="P41_SP00148" HPOS="297" VPOS="1122" WIDTH="21"/>
						<String ID="P41_ST00169" HPOS="318" VPOS="1080" WIDTH="47" HEIGHT="40" CONTENT="M" WC="1.00" CC="0"/>
						<String ID="P41_ST00170" HPOS="370" VPOS="1079" WIDTH="38" HEIGHT="24" CONTENT="lle" STYLE="superscript" WC="0.60" CC="604"/>
						<SP ID="P41_SP00149" HPOS="408" VPOS="1122" WIDTH="20"/>
						<String ID="P41_ST00171" HPOS="428" VPOS="1079" WIDTH="214" HEIGHT="43" CONTENT="O'Meara" WC="0.88" CC="1402000"/>
						<SP ID="P41_SP00150" HPOS="642" VPOS="1122" WIDTH="25"/>
						<String ID="P41_ST00172" HPOS="667" VPOS="1096" WIDTH="21" HEIGHT="26" CONTENT="a" WC="1.00" CC="0"/>
						<SP ID="P41_SP00151" HPOS="688" VPOS="1122" WIDTH="26"/>
						<String ID="P41_ST00173" HPOS="714" VPOS="1087" WIDTH="184" HEIGHT="47" CONTENT="épousé," WC="1.00" CC="0000004"/>
						<SP ID="P41_SP00152" HPOS="898" VPOS="1134" WIDTH="25"/>
						<String ID="P41_ST00174" HPOS="923" VPOS="1096" WIDTH="54" HEIGHT="26" CONTENT="en" WC="0.89" CC="02"/>
						<SP ID="P41_SP00153" HPOS="977" VPOS="1134" WIDTH="31"/>
						<String ID="P41_ST00175" HPOS="1008" VPOS="1083" WIDTH="186" HEIGHT="53" CONTENT="janvier," WC="1.00" CC="00001003"/>
						<SP ID="P41_SP00154" HPOS="1194" VPOS="1136" WIDTH="45"/>
						<String ID="P41_ST00176" HPOS="1239" VPOS="1082" WIDTH="68" HEIGHT="40" CONTENT="M." WC="0.85" CC="02"/>
						<SP ID="P41_SP00155" HPOS="1307" VPOS="1136" WIDTH="41"/>
						<String ID="P41_ST00177" HPOS="1348" VPOS="1082" WIDTH="190" HEIGHT="52" CONTENT="Dubois," WC="0.99" CC="4100404"/>
						<SP ID="P41_SP00156" HPOS="1538" VPOS="1136" WIDTH="37"/>
						<String ID="P41_ST00178" HPOS="1575" VPOS="1094" WIDTH="135" HEIGHT="42" CONTENT="agent" WC="0.98" CC="40035"/>
						<SP ID="P41_SP00157" HPOS="1710" VPOS="1136" WIDTH="43"/>
						<String ID="P41_ST00179" HPOS="1753" VPOS="1086" WIDTH="54" HEIGHT="40" CONTENT="de" WC="1.00" CC="00"/>
						<SP ID="P41_SP00158" HPOS="1807" VPOS="1136" WIDTH="33"/>
						<String ID="P41_ST00180" HPOS="1840" VPOS="1084" WIDTH="181" HEIGHT="43" CONTENT="bourse." WC="1.00" CC="0040002"/>
						<SP ID="P41_SP00159" HPOS="2021" VPOS="1136" WIDTH="27"/>
						<String ID="P41_ST00181" HPOS="2048" VPOS="1085" WIDTH="97" HEIGHT="42" CONTENT="Elle" WC="1.00" CC="0100"/>
					</TextLine>
					<TextLine ID="P41_TL00016" HPOS="113" VPOS="1150" WIDTH="2034" HEIGHT="58">
						<String ID="P41_ST00182" HPOS="113" VPOS="1164" WIDTH="167" HEIGHT="38" CONTENT="occupe" WC="0.99" CC="006000"/>
						<SP ID="P41_SP00160" HPOS="280" VPOS="1202" WIDTH="17"/>
						<String ID="P41_ST00183" HPOS="297" VPOS="1164" WIDTH="104" HEIGHT="26" CONTENT="avec" WC="1.00" CC="0000"/>
						<SP ID="P41_SP00161" HPOS="401" VPOS="1202" WIDTH="21"/>
						<String ID="P41_ST00184" HPOS="422" VPOS="1150" WIDTH="60" HEIGHT="40" CONTENT="lui" WC="0.97" CC="501"/>
						<SP ID="P41_SP00162" HPOS="482" VPOS="1202" WIDTH="20"/>
						<String ID="P41_ST00185" HPOS="502" VPOS="1166" WIDTH="58" HEIGHT="24" CONTENT="un" WC="0.71" CC="05"/>
						<SP ID="P41_SP00163" HPOS="560" VPOS="1202" WIDTH="24"/>
						<String ID="P41_ST00186" HPOS="584" VPOS="1152" WIDTH="108" HEIGHT="52" CONTENT="petit" WC="0.98" CC="00445"/>
						<SP ID="P41_SP00164" HPOS="692" VPOS="1204" WIDTH="18"/>
						<String ID="P41_ST00187" HPOS="710" VPOS="1160" WIDTH="313" HEIGHT="44" CONTENT="appartement" WC="1.00" CC="30000000006"/>
						<SP ID="P41_SP00165" HPOS="1023" VPOS="1204" WIDTH="24"/>
						<String ID="P41_ST00188" HPOS="1047" VPOS="1160" WIDTH="42" HEIGHT="33" CONTENT="et" WC="0.69" CC="06"/>
						<SP ID="P41_SP00166" HPOS="1089" VPOS="1204" WIDTH="21"/>
						<String ID="P41_ST00189" HPOS="1110" VPOS="1166" WIDTH="56" HEIGHT="27" CONTENT="ne" WC="1.00" CC="00"/>
						<SP ID="P41_SP00167" HPOS="1166" VPOS="1204" WIDTH="22"/>
						<String ID="P41_ST00190" HPOS="1188" VPOS="1152" WIDTH="151" HEIGHT="41" CONTENT="donne" WC="1.00" CC="00000"/>
						<SP ID="P41_SP00168" HPOS="1339" VPOS="1204" WIDTH="23"/>
						<String ID="P41_ST00191" HPOS="1362" VPOS="1153" WIDTH="101" HEIGHT="53" CONTENT="plus" WC="0.98" CC="0240"/>
						<SP ID="P41_SP00169" HPOS="1463" VPOS="1206" WIDTH="21"/>
						<String ID="P41_ST00192" HPOS="1484" VPOS="1153" WIDTH="54" HEIGHT="41" CONTENT="de" WC="1.00" CC="00"/>
						<SP ID="P41_SP00170" HPOS="1538" VPOS="1206" WIDTH="30"/>
						<String ID="P41_ST00193" HPOS="1568" VPOS="1153" WIDTH="168" HEIGHT="52" CONTENT="leçons." WC="0.99" CC="2010004"/>
						<SP ID="P41_SP00171" HPOS="1736" VPOS="1206" WIDTH="31"/>
						<String ID="P41_ST00194" HPOS="1767" VPOS="1153" WIDTH="240" HEIGHT="55" CONTENT="Grzymala" WC="1.00" CC="00000000"/>
						<SP ID="P41_SP00172" HPOS="2007" VPOS="1208" WIDTH="35"/>
						<String ID="P41_ST00195" HPOS="2042" VPOS="1170" WIDTH="21" HEIGHT="25" CONTENT="a" WC="1.00" CC="0"/>
						<SP ID="P41_SP00173" HPOS="2063" VPOS="1208" WIDTH="23"/>
						<String ID="P41_ST00196" HPOS="2086" VPOS="1155" WIDTH="61" HEIGHT="41" CONTENT="dit" WC="0.98" CC="050"/>
					</TextLine>
					<TextLine ID="P41_TL00017" HPOS="115" VPOS="1217" WIDTH="2032" HEIGHT="58">
						<String ID="P41_ST00197" HPOS="115" VPOS="1224" WIDTH="21" HEIGHT="35" CONTENT="à" WC="1.00" CC="0"/>
						<SP ID="P41_SP00174" HPOS="136" VPOS="1259" WIDTH="26"/>
						<String ID="P41_ST00198" HPOS="162" VPOS="1218" WIDTH="45" HEIGHT="41" CONTENT="M" WC="0.72" CC="2"/>
						<String ID="P41_ST00199" HPOS="213" VPOS="1217" WIDTH="37" HEIGHT="24" CONTENT="lle" STYLE="superscript" WC="0.56" CC="534"/>
						<SP ID="P41_SP00175" HPOS="250" VPOS="1259" WIDTH="25"/>
						<String ID="P41_ST00200" HPOS="275" VPOS="1218" WIDTH="66" HEIGHT="42" CONTENT="St." WC="0.99" CC="001"/>
						<SP ID="P41_SP00176" HPOS="341" VPOS="1260" WIDTH="32"/>
						<String ID="P41_ST00201" HPOS="373" VPOS="1234" WIDTH="58" HEIGHT="38" CONTENT="qu" WC="0.78" CC="04"/>
						<SP ID="P41_SP00177" HPOS="431" VPOS="1272" WIDTH="20"/>
						<String ID="P41_ST00202" HPOS="451" VPOS="1220" WIDTH="27" HEIGHT="40" CONTENT="il" WC="0.78" CC="40"/>
						<SP ID="P41_SP00178" HPOS="478" VPOS="1272" WIDTH="39"/>
						<String ID="P41_ST00203" HPOS="517" VPOS="1234" WIDTH="21" HEIGHT="26" CONTENT="a" WC="1.00" CC="0"/>
						<SP ID="P41_SP00179" HPOS="538" VPOS="1272" WIDTH="27"/>
						<String ID="P41_ST00204" HPOS="565" VPOS="1225" WIDTH="235" HEIGHT="36" CONTENT="rencontré" WC="1.00" CC="000000500"/>
						<SP ID="P41_SP00180" HPOS="800" VPOS="1272" WIDTH="32"/>
						<String ID="P41_ST00205" HPOS="832" VPOS="1235" WIDTH="81" HEIGHT="39" CONTENT="par" WC="1.00" CC="000"/>
						<SP ID="P41_SP00181" HPOS="913" VPOS="1274" WIDTH="31"/>
						<String ID="P41_ST00206" HPOS="944" VPOS="1221" WIDTH="183" HEIGHT="49" CONTENT="hasard," WC="1.00" CC="0000004"/>
						<SP ID="P41_SP00182" HPOS="1127" VPOS="1274" WIDTH="43"/>
						<String ID="P41_ST00207" HPOS="1170" VPOS="1221" WIDTH="114" HEIGHT="41" CONTENT="dans" WC="1.00" CC="0000"/>
						<SP ID="P41_SP00183" HPOS="1284" VPOS="1274" WIDTH="24"/>
						<String ID="P41_ST00208" HPOS="1308" VPOS="1237" WIDTH="60" HEIGHT="26" CONTENT="un" WC="0.99" CC="00"/>
						<SP ID="P41_SP00184" HPOS="1368" VPOS="1274" WIDTH="22"/>
						<String ID="P41_ST00209" HPOS="1390" VPOS="1232" WIDTH="270" HEIGHT="40" CONTENT="restaurant," WC="0.99" CC="00060005054"/>
						<SP ID="P41_SP00185" HPOS="1660" VPOS="1274" WIDTH="43"/>
						<String ID="P41_ST00210" HPOS="1703" VPOS="1221" WIDTH="201" HEIGHT="54" CONTENT="Solange" WC="1.00" CC="0010001"/>
						<SP ID="P41_SP00186" HPOS="1904" VPOS="1275" WIDTH="35"/>
						<String ID="P41_ST00211" HPOS="1939" VPOS="1238" WIDTH="104" HEIGHT="27" CONTENT="avec" WC="1.00" CC="0001"/>
						<SP ID="P41_SP00187" HPOS="2043" VPOS="1275" WIDTH="24"/>
						<String ID="P41_ST00212" HPOS="2067" VPOS="1238" WIDTH="80" HEIGHT="28" CONTENT="son" WC="1.00" CC="000"/>
					</TextLine>
					<TextLine ID="P41_TL00018" HPOS="114" VPOS="1289" WIDTH="2033" HEIGHT="58">
						<String ID="P41_ST00213" HPOS="114" VPOS="1290" WIDTH="128" HEIGHT="48" CONTENT="mari," WC="0.98" CC="06013"/>
						<SP ID="P41_SP00188" HPOS="242" VPOS="1338" WIDTH="34"/>
						<String ID="P41_ST00214" HPOS="276" VPOS="1289" WIDTH="175" HEIGHT="51" CONTENT="malgré" WC="0.99" CC="001009"/>
						<SP ID="P41_SP00189" HPOS="451" VPOS="1340" WIDTH="38"/>
						<String ID="P41_ST00215" HPOS="489" VPOS="1289" WIDTH="97" HEIGHT="41" CONTENT="leur" WC="0.99" CC="1050"/>
						<SP ID="P41_SP00190" HPOS="586" VPOS="1340" WIDTH="25"/>
						<String ID="P41_ST00216" HPOS="611" VPOS="1291" WIDTH="259" HEIGHT="52" CONTENT="séparation" WC="0.99" CC="0906092208"/>
						<SP ID="P41_SP00191" HPOS="870" VPOS="1343" WIDTH="36"/>
						<String ID="P41_ST00217" HPOS="906" VPOS="1291" WIDTH="155" HEIGHT="40" CONTENT="datant" WC="0.99" CC="006005"/>
						<SP ID="P41_SP00192" HPOS="1061" VPOS="1343" WIDTH="32"/>
						<String ID="P41_ST00218" HPOS="1093" VPOS="1291" WIDTH="53" HEIGHT="40" CONTENT="de" WC="1.00" CC="00"/>
						<SP ID="P41_SP00193" HPOS="1146" VPOS="1343" WIDTH="44"/>
						<String ID="P41_ST00219" HPOS="1190" VPOS="1291" WIDTH="224" HEIGHT="53" CONTENT="plusieurs" WC="1.00" CC="040000500"/>
						<SP ID="P41_SP00194" HPOS="1414" VPOS="1344" WIDTH="24"/>
						<String ID="P41_ST00220" HPOS="1438" VPOS="1294" WIDTH="131" HEIGHT="39" CONTENT="mois." WC="0.99" CC="00033"/>
						<SP ID="P41_SP00195" HPOS="1569" VPOS="1344" WIDTH="46"/>
						<String ID="P41_ST00221" HPOS="1615" VPOS="1291" WIDTH="44" HEIGHT="41" CONTENT="M" WC="0.62" CC="3"/>
						<String ID="P41_ST00222" HPOS="1664" VPOS="1291" WIDTH="38" HEIGHT="24" CONTENT="l,e" STYLE="superscript" WC="0.62" CC="640"/>
						<SP ID="P41_SP00196" HPOS="1702" VPOS="1344" WIDTH="31"/>
						<String ID="P41_ST00223" HPOS="1733" VPOS="1293" WIDTH="53" HEIGHT="41" CONTENT="de" WC="1.00" CC="00"/>
						<SP ID="P41_SP00197" HPOS="1786" VPOS="1344" WIDTH="34"/>
						<String ID="P41_ST00224" HPOS="1820" VPOS="1292" WIDTH="106" HEIGHT="55" CONTENT="K(?)" WC="0.60" CC="3075"/>
						<SP ID="P41_SP00198" HPOS="1926" VPOS="1347" WIDTH="49"/>
						<String ID="P41_ST00225" HPOS="1975" VPOS="1309" WIDTH="20" HEIGHT="25" CONTENT="a" WC="1.00" CC="0"/>
						<SP ID="P41_SP00199" HPOS="1995" VPOS="1347" WIDTH="29"/>
						<String ID="P41_ST00226" HPOS="2024" VPOS="1294" WIDTH="63" HEIGHT="40" CONTENT="dit" WC="0.96" CC="036"/>
						<SP ID="P41_SP00200" HPOS="2087" VPOS="1347" WIDTH="37"/>
						<String ID="P41_ST00227" HPOS="2124" VPOS="1299" WIDTH="23" HEIGHT="35" CONTENT="à" WC="1.00" CC="0"/>
					</TextLine>
					<TextLine ID="P41_TL00019" HPOS="114" VPOS="1355" WIDTH="2032" HEIGHT="59">
						<String ID="P41_ST00228" HPOS="114" VPOS="1357" WIDTH="46" HEIGHT="40" CONTENT="M" WC="0.85" CC="1"/>
						<String ID="P41_ST00229" HPOS="165" VPOS="1355" WIDTH="39" HEIGHT="25" CONTENT="lle" STYLE="superscript" WC="0.68" CC="314"/>
						<SP ID="P41_SP00201" HPOS="204" VPOS="1397" WIDTH="21"/>
						<String ID="P41_ST00230" HPOS="225" VPOS="1357" WIDTH="66" HEIGHT="42" CONTENT="St." WC="0.96" CC="053"/>
						<SP ID="P41_SP00202" HPOS="291" VPOS="1399" WIDTH="28"/>
						<String ID="P41_ST00231" HPOS="319" VPOS="1372" WIDTH="87" HEIGHT="39" CONTENT="que" WC="1.00" CC="000"/>
						<SP ID="P41_SP00203" HPOS="406" VPOS="1411" WIDTH="31"/>
						<String ID="P41_ST00232" HPOS="437" VPOS="1356" WIDTH="201" HEIGHT="54" CONTENT="Solange" WC="1.00" CC="0020301"/>
						<SP ID="P41_SP00204" HPOS="638" VPOS="1411" WIDTH="34"/>
						<String ID="P41_ST00233" HPOS="672" VPOS="1359" WIDTH="207" HEIGHT="48" CONTENT="habitait," WC="0.99" CC="005110564"/>
						<SP ID="P41_SP00205" HPOS="879" VPOS="1411" WIDTH="34"/>
						<String ID="P41_ST00234" HPOS="913" VPOS="1361" WIDTH="199" HEIGHT="52" CONTENT="pendant" WC="1.00" CC="0000005"/>
						<SP ID="P41_SP00206" HPOS="1112" VPOS="1413" WIDTH="37"/>
						<String ID="P41_ST00235" HPOS="1149" VPOS="1374" WIDTH="46" HEIGHT="27" CONTENT="ce" WC="1.00" CC="00"/>
						<SP ID="P41_SP00207" HPOS="1195" VPOS="1413" WIDTH="36"/>
						<String ID="P41_ST00236" HPOS="1231" VPOS="1369" WIDTH="161" HEIGHT="45" CONTENT="temps," WC="1.00" CC="000003"/>
						<SP ID="P41_SP00208" HPOS="1392" VPOS="1414" WIDTH="40"/>
						<String ID="P41_ST00237" HPOS="1432" VPOS="1376" WIDTH="59" HEIGHT="26" CONTENT="un" WC="0.80" CC="30"/>
						<SP ID="P41_SP00209" HPOS="1491" VPOS="1414" WIDTH="42"/>
						<String ID="P41_ST00238" HPOS="1533" VPOS="1364" WIDTH="287" HEIGHT="50" CONTENT="pensionnat," WC="0.99" CC="00620006053"/>
						<SP ID="P41_SP00210" HPOS="1820" VPOS="1414" WIDTH="28"/>
						<String ID="P41_ST00239" HPOS="1848" VPOS="1363" WIDTH="221" HEIGHT="43" CONTENT="heureuse" WC="1.00" CC="00500100"/>
						<SP ID="P41_SP00211" HPOS="2069" VPOS="1414" WIDTH="24"/>
						<String ID="P41_ST00240" HPOS="2093" VPOS="1364" WIDTH="53" HEIGHT="40" CONTENT="de" WC="1.00" CC="00"/>
					</TextLine>
					<TextLine ID="P41_TL00020" HPOS="116" VPOS="1425" WIDTH="2031" HEIGHT="60">
						<String ID="P41_ST00241" HPOS="116" VPOS="1425" WIDTH="137" HEIGHT="43" CONTENT="n'être" WC="0.99" CC="347000"/>
						<SP ID="P41_SP00212" HPOS="253" VPOS="1468" WIDTH="20"/>
						<String ID="P41_ST00242" HPOS="273" VPOS="1428" WIDTH="101" HEIGHT="52" CONTENT="plus" WC="1.00" CC="0001"/>
						<SP ID="P41_SP00213" HPOS="374" VPOS="1480" WIDTH="20"/>
						<String ID="P41_ST00243" HPOS="394" VPOS="1437" WIDTH="332" HEIGHT="32" CONTENT="constamment" WC="1.00" CC="00405000005"/>
						<SP ID="P41_SP00214" HPOS="726" VPOS="1480" WIDTH="20"/>
						<String ID="P41_ST00244" HPOS="746" VPOS="1434" WIDTH="191" HEIGHT="48" CONTENT="exposée" WC="1.00" CC="0100070"/>
						<SP ID="P41_SP00215" HPOS="937" VPOS="1482" WIDTH="32"/>
						<String ID="P41_ST00245" HPOS="969" VPOS="1444" WIDTH="82" HEIGHT="26" CONTENT="aux" WC="1.00" CC="000"/>
						<SP ID="P41_SP00216" HPOS="1051" VPOS="1482" WIDTH="28"/>
						<String ID="P41_ST00246" HPOS="1079" VPOS="1430" WIDTH="168" HEIGHT="52" CONTENT="injures" WC="1.00" CC="0610000"/>
						<SP ID="P41_SP00217" HPOS="1247" VPOS="1482" WIDTH="18"/>
						<String ID="P41_ST00247" HPOS="1265" VPOS="1439" WIDTH="38" HEIGHT="33" CONTENT="et" WC="0.77" CC="04"/>
						<SP ID="P41_SP00218" HPOS="1303" VPOS="1482" WIDTH="25"/>
						<String ID="P41_ST00248" HPOS="1328" VPOS="1446" WIDTH="82" HEIGHT="26" CONTENT="aux" WC="1.00" CC="000"/>
						<SP ID="P41_SP00219" HPOS="1410" VPOS="1482" WIDTH="18"/>
						<String ID="P41_ST00249" HPOS="1428" VPOS="1445" WIDTH="138" HEIGHT="39" CONTENT="coups" WC="1.00" CC="00000"/>
						<SP ID="P41_SP00220" HPOS="1566" VPOS="1484" WIDTH="22"/>
						<String ID="P41_ST00250" HPOS="1588" VPOS="1432" WIDTH="54" HEIGHT="40" CONTENT="de" WC="1.00" CC="00"/>
						<SP ID="P41_SP00221" HPOS="1642" VPOS="1484" WIDTH="19"/>
						<String ID="P41_ST00251" HPOS="1661" VPOS="1446" WIDTH="82" HEIGHT="27" CONTENT="son" WC="0.99" CC="003"/>
						<SP ID="P41_SP00222" HPOS="1743" VPOS="1484" WIDTH="21"/>
						<String ID="P41_ST00252" HPOS="1764" VPOS="1434" WIDTH="127" HEIGHT="38" CONTENT="mari." WC="0.99" CC="00044"/>
						<SP ID="P41_SP00223" HPOS="1891" VPOS="1484" WIDTH="25"/>
						<String ID="P41_ST00253" HPOS="1916" VPOS="1432" WIDTH="64" HEIGHT="41" CONTENT="De" WC="1.00" CC="00"/>
						<SP ID="P41_SP00224" HPOS="1980" VPOS="1484" WIDTH="21"/>
						<String ID="P41_ST00254" HPOS="2001" VPOS="1432" WIDTH="146" HEIGHT="53" CONTENT="quelle" WC="0.99" CC="050140"/>
					</TextLine>
					<TextLine ID="P41_TL00021" HPOS="115" VPOS="1497" WIDTH="2027" HEIGHT="58">
						<String ID="P41_ST00255" HPOS="115" VPOS="1498" WIDTH="201" HEIGHT="39" CONTENT="manière" WC="0.99" CC="1000800"/>
						<SP ID="P41_SP00225" HPOS="316" VPOS="1537" WIDTH="15"/>
						<String ID="P41_ST00256" HPOS="331" VPOS="1497" WIDTH="154" HEIGHT="40" CONTENT="ont-ils" WC="0.99" CC="0053400"/>
						<SP ID="P41_SP00226" HPOS="485" VPOS="1537" WIDTH="19"/>
						<String ID="P41_ST00257" HPOS="504" VPOS="1512" WIDTH="59" HEIGHT="38" CONTENT="pu" WC="1.00" CC="00"/>
						<SP ID="P41_SP00227" HPOS="563" VPOS="1550" WIDTH="21"/>
						<String ID="P41_ST00258" HPOS="584" VPOS="1511" WIDTH="54" HEIGHT="26" CONTENT="en" WC="0.81" CC="03"/>
						<SP ID="P41_SP00228" HPOS="638" VPOS="1550" WIDTH="14"/>
						<String ID="P41_ST00259" HPOS="652" VPOS="1499" WIDTH="127" HEIGHT="39" CONTENT="venir" WC="1.00" CC="00000"/>
						<SP ID="P41_SP00229" HPOS="779" VPOS="1550" WIDTH="15"/>
						<String ID="P41_ST00260" HPOS="794" VPOS="1503" WIDTH="22" HEIGHT="35" CONTENT="à" WC="1.00" CC="0"/>
						<SP ID="P41_SP00230" HPOS="816" VPOS="1550" WIDTH="24"/>
						<String ID="P41_ST00261" HPOS="840" VPOS="1512" WIDTH="87" HEIGHT="26" CONTENT="une" WC="0.98" CC="600"/>
						<SP ID="P41_SP00231" HPOS="927" VPOS="1550" WIDTH="19"/>
						<String ID="P41_ST00262" HPOS="946" VPOS="1507" WIDTH="195" HEIGHT="43" CONTENT="entente," WC="0.99" CC="00500104"/>
						<SP ID="P41_SP00232" HPOS="1141" VPOS="1550" WIDTH="19"/>
						<String ID="P41_ST00263" HPOS="1160" VPOS="1498" WIDTH="104" HEIGHT="42" CONTENT="c'est" WC="0.99" CC="04006"/>
						<SP ID="P41_SP00233" HPOS="1264" VPOS="1550" WIDTH="23"/>
						<String ID="P41_ST00264" HPOS="1287" VPOS="1514" WIDTH="47" HEIGHT="26" CONTENT="ce" WC="1.00" CC="00"/>
						<SP ID="P41_SP00234" HPOS="1334" VPOS="1550" WIDTH="21"/>
						<String ID="P41_ST00265" HPOS="1355" VPOS="1514" WIDTH="86" HEIGHT="38" CONTENT="que" WC="1.00" CC="000"/>
						<SP ID="P41_SP00235" HPOS="1441" VPOS="1552" WIDTH="19"/>
						<String ID="P41_ST00266" HPOS="1460" VPOS="1499" WIDTH="47" HEIGHT="41" CONTENT="M" WC="1.00" CC="0"/>
						<String ID="P41_ST00267" HPOS="1513" VPOS="1498" WIDTH="38" HEIGHT="24" CONTENT="lle" STYLE="superscript" WC="0.55" CC="714"/>
						<SP ID="P41_SP00236" HPOS="1551" VPOS="1552" WIDTH="15"/>
						<String ID="P41_ST00268" HPOS="1566" VPOS="1499" WIDTH="65" HEIGHT="42" CONTENT="St." WC="0.97" CC="043"/>
						<SP ID="P41_SP00237" HPOS="1631" VPOS="1552" WIDTH="25"/>
						<String ID="P41_ST00269" HPOS="1656" VPOS="1515" WIDTH="55" HEIGHT="27" CONTENT="ne" WC="0.76" CC="40"/>
						<SP ID="P41_SP00238" HPOS="1711" VPOS="1552" WIDTH="16"/>
						<String ID="P41_ST00270" HPOS="1727" VPOS="1510" WIDTH="106" HEIGHT="43" CONTENT="peut" WC="0.98" CC="0063"/>
						<SP ID="P41_SP00239" HPOS="1833" VPOS="1553" WIDTH="24"/>
						<String ID="P41_ST00271" HPOS="1857" VPOS="1501" WIDTH="285" HEIGHT="54" CONTENT="s'expliquer." WC="1.00" CC="000073300000"/>
					</TextLine>
					<TextLine ID="P41_TL00022" HPOS="113" VPOS="1564" WIDTH="2031" HEIGHT="59">
						<String ID="P41_ST00272" HPOS="113" VPOS="1564" WIDTH="98" HEIGHT="42" CONTENT="Elle" WC="1.00" CC="0000"/>
						<SP ID="P41_SP00240" HPOS="211" VPOS="1606" WIDTH="22"/>
						<String ID="P41_ST00273" HPOS="233" VPOS="1566" WIDTH="69" HEIGHT="39" CONTENT="n'a" WC="0.96" CC="540"/>
						<SP ID="P41_SP00241" HPOS="302" VPOS="1606" WIDTH="20"/>
						<String ID="P41_ST00274" HPOS="322" VPOS="1580" WIDTH="76" HEIGHT="38" CONTENT="pu," WC="0.97" CC="060"/>
						<SP ID="P41_SP00242" HPOS="398" VPOS="1618" WIDTH="28"/>
						<String ID="P41_ST00275" HPOS="426" VPOS="1566" WIDTH="458" HEIGHT="50" CONTENT="malheureusement," WC="1.00" CC="0000000000000144"/>
						<SP ID="P41_SP00243" HPOS="884" VPOS="1618" WIDTH="21"/>
						<String ID="P41_ST00276" HPOS="905" VPOS="1569" WIDTH="99" HEIGHT="39" CONTENT="voir" WC="1.00" CC="0000"/>
						<SP ID="P41_SP00244" HPOS="1004" VPOS="1618" WIDTH="26"/>
						<String ID="P41_ST00277" HPOS="1030" VPOS="1568" WIDTH="205" HEIGHT="40" CONTENT="Fontana" WC="0.82" CC="6005000"/>
						<SP ID="P41_SP00245" HPOS="1235" VPOS="1618" WIDTH="23"/>
						<String ID="P41_ST00278" HPOS="1258" VPOS="1578" WIDTH="134" HEIGHT="31" CONTENT="avant" WC="1.00" CC="00000"/>
						<SP ID="P41_SP00246" HPOS="1392" VPOS="1618" WIDTH="36"/>
						<String ID="P41_ST00279" HPOS="1428" VPOS="1569" WIDTH="39" HEIGHT="40" CONTENT="le" WC="0.75" CC="22"/>
						<SP ID="P41_SP00247" HPOS="1467" VPOS="1618" WIDTH="28"/>
						<String ID="P41_ST00280" HPOS="1495" VPOS="1569" WIDTH="158" HEIGHT="53" CONTENT="départ" WC="1.00" CC="000004"/>
						<SP ID="P41_SP00248" HPOS="1653" VPOS="1622" WIDTH="35"/>
						<String ID="P41_ST00281" HPOS="1688" VPOS="1570" WIDTH="53" HEIGHT="40" CONTENT="de" WC="1.00" CC="00"/>
						<SP ID="P41_SP00249" HPOS="1741" VPOS="1622" WIDTH="25"/>
						<String ID="P41_ST00282" HPOS="1766" VPOS="1570" WIDTH="179" HEIGHT="41" CONTENT="celui-ci" WC="1.00" CC="00033400"/>
						<SP ID="P41_SP00250" HPOS="1945" VPOS="1622" WIDTH="24"/>
						<String ID="P41_ST00283" HPOS="1969" VPOS="1585" WIDTH="114" HEIGHT="38" CONTENT="pour" WC="1.00" CC="0200"/>
						<SP ID="P41_SP00251" HPOS="2083" VPOS="1623" WIDTH="20"/>
						<String ID="P41_ST00284" HPOS="2103" VPOS="1571" WIDTH="41" HEIGHT="40" CONTENT="la" WC="0.18" CC="69"/>
					</TextLine>
					<TextLine ID="P41_TL00023" HPOS="116" VPOS="1648" WIDTH="266" HEIGHT="38">
						<String ID="P41_ST00285" HPOS="116" VPOS="1648" WIDTH="266" HEIGHT="38" CONTENT="campagne." WC="1.00" CC="000000003"/>
					</TextLine>
					<TextLine ID="P41_TL00024" HPOS="169" VPOS="1702" WIDTH="1971" HEIGHT="57">
						<String ID="P41_ST00286" HPOS="169" VPOS="1702" WIDTH="64" HEIGHT="41" CONTENT="La" WC="0.82" CC="30"/>
						<SP ID="P41_SP00252" HPOS="233" VPOS="1743" WIDTH="23"/>
						<String ID="P41_ST00287" HPOS="256" VPOS="1702" WIDTH="96" HEIGHT="41" CONTENT="XLl" WC="0.70" CC="601"/>
						<String ID="P41_ST00288" HPOS="357" VPOS="1708" WIDTH="15" HEIGHT="17" CONTENT="e" STYLE="superscript" WC="0.69" CC="3"/>
						<SP ID="P41_SP00253" HPOS="372" VPOS="1743" WIDTH="21"/>
						<String ID="P41_ST00289" HPOS="393" VPOS="1702" WIDTH="73" HEIGHT="53" CONTENT="(de" WC="0.98" CC="500"/>
						<SP ID="P41_SP00254" HPOS="466" VPOS="1755" WIDTH="18"/>
						<String ID="P41_ST00290" HPOS="484" VPOS="1702" WIDTH="405" HEIGHT="52" CONTENT="Barnton-House," WC="0.85" CC="00006000702004"/>
						<SP ID="P41_SP00255" HPOS="889" VPOS="1755" WIDTH="283"/>
						<String ID="P41_ST00291" HPOS="1172" VPOS="1715" WIDTH="127" HEIGHT="32" CONTENT="outre" WC="0.99" CC="05000"/>
						<SP ID="P41_SP00256" HPOS="1299" VPOS="1755" WIDTH="25"/>
						<String ID="P41_ST00292" HPOS="1324" VPOS="1707" WIDTH="63" HEIGHT="41" CONTENT="les" WC="0.98" CC="302"/>
						<SP ID="P41_SP00257" HPOS="1387" VPOS="1755" WIDTH="34"/>
						<String ID="P41_ST00293" HPOS="1421" VPOS="1721" WIDTH="263" HEIGHT="38" CONTENT="remarques" WC="1.00" CC="070000000"/>
						<SP ID="P41_SP00258" HPOS="1684" VPOS="1759" WIDTH="21"/>
						<String ID="P41_ST00294" HPOS="1705" VPOS="1708" WIDTH="251" HEIGHT="41" CONTENT="ordinaires" WC="1.00" CC="0002703000"/>
						<SP ID="P41_SP00259" HPOS="1956" VPOS="1759" WIDTH="37"/>
						<String ID="P41_ST00295" HPOS="1993" VPOS="1722" WIDTH="75" HEIGHT="28" CONTENT="sur" WC="0.98" CC="040"/>
						<SP ID="P41_SP00260" HPOS="2068" VPOS="1759" WIDTH="33"/>
						<String ID="P41_ST00296" HPOS="2101" VPOS="1710" WIDTH="39" HEIGHT="40" CONTENT="le" WC="0.82" CC="30"/>
					</TextLine>
					<TextLine ID="P41_TL00025" HPOS="116" VPOS="1769" WIDTH="2030" HEIGHT="56">
						<String ID="P41_ST00297" HPOS="116" VPOS="1770" WIDTH="157" HEIGHT="42" CONTENT="travail" WC="1.00" CC="0000013"/>
						<SP ID="P41_SP00261" HPOS="273" VPOS="1812" WIDTH="23"/>
						<String ID="P41_ST00298" HPOS="296" VPOS="1771" WIDTH="54" HEIGHT="40" CONTENT="de" WC="1.00" CC="00"/>
						<SP ID="P41_SP00262" HPOS="350" VPOS="1812" WIDTH="19"/>
						<String ID="P41_ST00299" HPOS="369" VPOS="1769" WIDTH="259" HEIGHT="55" CONTENT="Grzymala." WC="0.92" CC="002000004"/>
						<SP ID="P41_SP00263" HPOS="628" VPOS="1824" WIDTH="26"/>
						<String ID="P41_ST00300" HPOS="654" VPOS="1781" WIDTH="42" HEIGHT="31" CONTENT="et" WC="1.00" CC="00"/>
						<SP ID="P41_SP00264" HPOS="696" VPOS="1824" WIDTH="26"/>
						<String ID="P41_ST00301" HPOS="722" VPOS="1771" WIDTH="39" HEIGHT="40" CONTENT="la" WC="0.88" CC="20"/>
						<SP ID="P41_SP00265" HPOS="761" VPOS="1824" WIDTH="27"/>
						<String ID="P41_ST00302" HPOS="788" VPOS="1773" WIDTH="237" HEIGHT="52" CONTENT="répétition" WC="0.99" CC="0007046203"/>
						<SP ID="P41_SP00266" HPOS="1025" VPOS="1825" WIDTH="24"/>
						<String ID="P41_ST00303" HPOS="1049" VPOS="1773" WIDTH="55" HEIGHT="42" CONTENT="de" WC="1.00" CC="00"/>
						<SP ID="P41_SP00267" HPOS="1104" VPOS="1825" WIDTH="27"/>
						<String ID="P41_ST00304" HPOS="1131" VPOS="1773" WIDTH="40" HEIGHT="42" CONTENT="la" WC="0.66" CC="24"/>
						<SP ID="P41_SP00268" HPOS="1171" VPOS="1825" WIDTH="38"/>
						<String ID="P41_ST00305" HPOS="1209" VPOS="1775" WIDTH="208" HEIGHT="40" CONTENT="nouvelle" WC="1.00" CC="00600100"/>
						<SP ID="P41_SP00269" HPOS="1417" VPOS="1825" WIDTH="39"/>
						<String ID="P41_ST00306" HPOS="1456" VPOS="1788" WIDTH="77" HEIGHT="27" CONTENT="sur" WC="1.00" CC="000"/>
						<SP ID="P41_SP00270" HPOS="1533" VPOS="1825" WIDTH="29"/>
						<String ID="P41_ST00307" HPOS="1562" VPOS="1775" WIDTH="189" HEIGHT="41" CONTENT="l'accord" WC="0.99" CC="54040000"/>
						<SP ID="P41_SP00271" HPOS="1751" VPOS="1825" WIDTH="45"/>
						<String ID="P41_ST00308" HPOS="1796" VPOS="1789" WIDTH="195" HEIGHT="28" CONTENT="survenu" WC="1.00" CC="0000010"/>
						<SP ID="P41_SP00272" HPOS="1991" VPOS="1825" WIDTH="30"/>
						<String ID="P41_ST00309" HPOS="2021" VPOS="1786" WIDTH="125" HEIGHT="32" CONTENT="entre" WC="0.99" CC="03600"/>
					</TextLine>
					<TextLine ID="P41_TL00026" HPOS="117" VPOS="1838" WIDTH="1262" HEIGHT="53">
						<String ID="P41_ST00310" HPOS="117" VPOS="1838" WIDTH="201" HEIGHT="53" CONTENT="Solange" WC="1.00" CC="0040000"/>
						<SP ID="P41_SP00273" HPOS="318" VPOS="1891" WIDTH="20"/>
						<String ID="P41_ST00311" HPOS="338" VPOS="1849" WIDTH="41" HEIGHT="32" CONTENT="et" WC="1.00" CC="00"/>
						<SP ID="P41_SP00274" HPOS="379" VPOS="1891" WIDTH="25"/>
						<String ID="P41_ST00312" HPOS="404" VPOS="1854" WIDTH="81" HEIGHT="27" CONTENT="son" WC="1.00" CC="000"/>
						<SP ID="P41_SP00275" HPOS="485" VPOS="1891" WIDTH="26"/>
						<String ID="P41_ST00313" HPOS="511" VPOS="1842" WIDTH="128" HEIGHT="47" CONTENT="mari," WC="0.99" CC="00102"/>
						<SP ID="P41_SP00276" HPOS="639" VPOS="1891" WIDTH="28"/>
						<String ID="P41_ST00314" HPOS="667" VPOS="1854" WIDTH="55" HEIGHT="27" CONTENT="ne" WC="1.00" CC="00"/>
						<SP ID="P41_SP00277" HPOS="722" VPOS="1891" WIDTH="23"/>
						<String ID="P41_ST00315" HPOS="745" VPOS="1839" WIDTH="222" HEIGHT="42" CONTENT="renferme" WC="1.00" CC="00000000"/>
						<SP ID="P41_SP00278" HPOS="967" VPOS="1891" WIDTH="25"/>
						<String ID="P41_ST00316" HPOS="992" VPOS="1842" WIDTH="93" HEIGHT="40" CONTENT="rien" WC="0.99" CC="0400"/>
						<SP ID="P41_SP00279" HPOS="1085" VPOS="1891" WIDTH="23"/>
						<String ID="P41_ST00317" HPOS="1108" VPOS="1842" WIDTH="56" HEIGHT="40" CONTENT="de" WC="1.00" CC="00"/>
						<SP ID="P41_SP00280" HPOS="1164" VPOS="1891" WIDTH="19"/>
						<String ID="P41_ST00318" HPOS="1183" VPOS="1844" WIDTH="196" HEIGHT="40" CONTENT="curieux." WC="1.00" CC="00000700"/>
					</TextLine>
					<TextLine ID="P41_TL00027" HPOS="169" VPOS="1909" WIDTH="1981" HEIGHT="57">
						<String ID="P41_ST00319" HPOS="169" VPOS="1909" WIDTH="124" HEIGHT="40" CONTENT="Dans" WC="0.99" CC="0060"/>
						<SP ID="P41_SP00281" HPOS="293" VPOS="1949" WIDTH="20"/>
						<String ID="P41_ST00320" HPOS="313" VPOS="1909" WIDTH="39" HEIGHT="40" CONTENT="la" WC="1.00" CC="00"/>
						<SP ID="P41_SP00282" HPOS="352" VPOS="1949" WIDTH="19"/>
						<String ID="P41_ST00321" HPOS="371" VPOS="1909" WIDTH="116" HEIGHT="40" CONTENT="XLII" WC="0.61" CC="3047"/>
						<String ID="P41_ST00322" HPOS="493" VPOS="1914" WIDTH="15" HEIGHT="17" CONTENT="e" STYLE="superscript" WC="0.24" CC="7"/>
						<SP ID="P41_SP00283" HPOS="508" VPOS="1949" WIDTH="23"/>
						<String ID="P41_ST00323" HPOS="531" VPOS="1909" WIDTH="72" HEIGHT="52" CONTENT="(de" WC="1.00" CC="000"/>
						<SP ID="P41_SP00284" HPOS="603" VPOS="1961" WIDTH="19"/>
						<String ID="P41_ST00324" HPOS="622" VPOS="1909" WIDTH="398" HEIGHT="50" CONTENT="Barnton-llouse," WC="0.80" CC="000500717400003"/>
						<SP ID="P41_SP00285" HPOS="1020" VPOS="1961" WIDTH="32"/>
						<String ID="P41_ST00325" HPOS="1052" VPOS="1910" WIDTH="244" HEIGHT="55" CONTENT="n-XII-53)" WC="0.67" CC="840504501"/>
						<SP ID="P41_SP00286" HPOS="1296" VPOS="1965" WIDTH="38"/>
						<String ID="P41_ST00326" HPOS="1334" VPOS="1911" WIDTH="47" HEIGHT="40" CONTENT="M" WC="1.00" CC="0"/>
						<String ID="P41_ST00327" HPOS="1387" VPOS="1910" WIDTH="38" HEIGHT="24" CONTENT="ile" STYLE="superscript" WC="0.42" CC="547"/>
						<SP ID="P41_SP00287" HPOS="1425" VPOS="1965" WIDTH="37"/>
						<String ID="P41_ST00328" HPOS="1462" VPOS="1911" WIDTH="67" HEIGHT="43" CONTENT="St." WC="0.98" CC="004"/>
						<SP ID="P41_SP00288" HPOS="1529" VPOS="1965" WIDTH="36"/>
						<String ID="P41_ST00329" HPOS="1565" VPOS="1913" WIDTH="124" HEIGHT="53" CONTENT="parle" WC="1.00" CC="00040"/>
						<SP ID="P41_SP00289" HPOS="1689" VPOS="1966" WIDTH="23"/>
						<String ID="P41_ST00330" HPOS="1712" VPOS="1914" WIDTH="55" HEIGHT="40" CONTENT="de" WC="0.75" CC="04"/>
						<SP ID="P41_SP00290" HPOS="1767" VPOS="1966" WIDTH="37"/>
						<String ID="P41_ST00331" HPOS="1804" VPOS="1914" WIDTH="41" HEIGHT="40" CONTENT="la" WC="0.79" CC="40"/>
						<SP ID="P41_SP00291" HPOS="1845" VPOS="1966" WIDTH="24"/>
						<String ID="P41_ST00332" HPOS="1869" VPOS="1915" WIDTH="174" HEIGHT="50" CONTENT="grande" WC="1.00" CC="000100"/>
						<SP ID="P41_SP00292" HPOS="2043" VPOS="1966" WIDTH="24"/>
						<String ID="P41_ST00333" HPOS="2067" VPOS="1917" WIDTH="56" HEIGHT="39" CONTENT="im" SUBS_TYPE="HypPart1" SUBS_CONTENT="impression" WC="0.95" CC="09"/>
						<HYP HPOS="2123" VPOS="1917" WIDTH="27" CONTENT="-"/>
					</TextLine>
					<TextLine ID="P41_TL00028" HPOS="113" VPOS="1976" WIDTH="2034" HEIGHT="60">
						<String ID="P41_ST00334" HPOS="113" VPOS="1980" WIDTH="205" HEIGHT="50" CONTENT="pression" SUBS_TYPE="HypPart2" SUBS_CONTENT="impression" WC="1.00" CC="00030004"/>
						<SP ID="P41_SP00293" HPOS="318" VPOS="2030" WIDTH="24"/>
						<String ID="P41_ST00335" HPOS="342" VPOS="1976" WIDTH="101" HEIGHT="55" CONTENT="qu'a" WC="0.98" CC="0540"/>
						<SP ID="P41_SP00294" HPOS="443" VPOS="2031" WIDTH="21"/>
						<String ID="P41_ST00336" HPOS="464" VPOS="1983" WIDTH="161" HEIGHT="36" CONTENT="causée" WC="1.00" CC="200000"/>
						<SP ID="P41_SP00295" HPOS="625" VPOS="2031" WIDTH="24"/>
						<String ID="P41_ST00337" HPOS="649" VPOS="1983" WIDTH="22" HEIGHT="36" CONTENT="à" WC="1.00" CC="0"/>
						<SP ID="P41_SP00296" HPOS="671" VPOS="2031" WIDTH="18"/>
						<String ID="P41_ST00338" HPOS="689" VPOS="1978" WIDTH="130" HEIGHT="41" CONTENT="Paris" WC="1.00" CC="00000"/>
						<SP ID="P41_SP00297" HPOS="819" VPOS="2031" WIDTH="24"/>
						<String ID="P41_ST00339" HPOS="843" VPOS="1979" WIDTH="237" HEIGHT="41" CONTENT="l'annonce" WC="0.99" CC="330540600"/>
						<SP ID="P41_SP00298" HPOS="1080" VPOS="2031" WIDTH="23"/>
						<String ID="P41_ST00340" HPOS="1103" VPOS="1980" WIDTH="54" HEIGHT="40" CONTENT="de" WC="1.00" CC="00"/>
						<SP ID="P41_SP00299" HPOS="1157" VPOS="2031" WIDTH="29"/>
						<String ID="P41_ST00341" HPOS="1186" VPOS="1981" WIDTH="40" HEIGHT="40" CONTENT="la" WC="0.71" CC="40"/>
						<SP ID="P41_SP00300" HPOS="1226" VPOS="2031" WIDTH="25"/>
						<String ID="P41_ST00342" HPOS="1251" VPOS="1980" WIDTH="283" HEIGHT="53" CONTENT="publication" WC="0.99" CC="04050006500"/>
						<SP ID="P41_SP00301" HPOS="1534" VPOS="2033" WIDTH="25"/>
						<String ID="P41_ST00343" HPOS="1559" VPOS="1982" WIDTH="77" HEIGHT="40" CONTENT="des" WC="1.00" CC="000"/>
						<SP ID="P41_SP00302" HPOS="1636" VPOS="2033" WIDTH="32"/>
						<String ID="P41_ST00344" HPOS="1668" VPOS="1996" WIDTH="178" HEIGHT="27" CONTENT="œuvres" WC="1.00" CC="050000"/>
						<SP ID="P41_SP00303" HPOS="1846" VPOS="2033" WIDTH="35"/>
						<String ID="P41_ST00345" HPOS="1881" VPOS="1983" WIDTH="266" HEIGHT="53" CONTENT="posthumes" WC="1.00" CC="000630003"/>
					</TextLine>
					<TextLine ID="P41_TL00029" HPOS="113" VPOS="2046" WIDTH="2035" HEIGHT="54">
						<String ID="P41_ST00346" HPOS="113" VPOS="2047" WIDTH="53" HEIGHT="41" CONTENT="de" WC="0.96" CC="00"/>
						<SP ID="P41_SP00304" HPOS="166" VPOS="2088" WIDTH="43"/>
						<String ID="P41_ST00347" HPOS="209" VPOS="2046" WIDTH="196" HEIGHT="54" CONTENT="Chopin." WC="0.99" CC="3000253"/>
						<SP ID="P41_SP00305" HPOS="405" VPOS="2100" WIDTH="41"/>
						<String ID="P41_ST00348" HPOS="446" VPOS="2046" WIDTH="241" HEIGHT="54" CONTENT="Beaucoup" WC="1.00" CC="00040000"/>
						<SP ID="P41_SP00306" HPOS="687" VPOS="2100" WIDTH="35"/>
						<String ID="P41_ST00349" HPOS="722" VPOS="2048" WIDTH="54" HEIGHT="40" CONTENT="de" WC="1.00" CC="00"/>
						<SP ID="P41_SP00307" HPOS="776" VPOS="2100" WIDTH="31"/>
						<String ID="P41_ST00350" HPOS="807" VPOS="2062" WIDTH="250" HEIGHT="38" CONTENT="personnes" WC="1.00" CC="000005300"/>
						<SP ID="P41_SP00308" HPOS="1057" VPOS="2100" WIDTH="43"/>
						<String ID="P41_ST00351" HPOS="1100" VPOS="2058" WIDTH="102" HEIGHT="31" CONTENT="sont" WC="0.99" CC="0002"/>
						<SP ID="P41_SP00309" HPOS="1202" VPOS="2100" WIDTH="44"/>
						<String ID="P41_ST00352" HPOS="1246" VPOS="2055" WIDTH="306" HEIGHT="36" CONTENT="mécontentes" WC="1.00" CC="00000400000"/>
						<SP ID="P41_SP00310" HPOS="1552" VPOS="2100" WIDTH="38"/>
						<String ID="P41_ST00353" HPOS="1590" VPOS="2055" WIDTH="21" HEIGHT="36" CONTENT="à" WC="1.00" CC="0"/>
						<SP ID="P41_SP00311" HPOS="1611" VPOS="2100" WIDTH="38"/>
						<String ID="P41_ST00354" HPOS="1649" VPOS="2065" WIDTH="134" HEIGHT="26" CONTENT="cause" WC="0.99" CC="00500"/>
						<SP ID="P41_SP00312" HPOS="1783" VPOS="2100" WIDTH="23"/>
						<String ID="P41_ST00355" HPOS="1806" VPOS="2051" WIDTH="78" HEIGHT="41" CONTENT="des" WC="1.00" CC="000"/>
						<SP ID="P41_SP00313" HPOS="1884" VPOS="2100" WIDTH="37"/>
						<String ID="P41_ST00356" HPOS="1921" VPOS="2053" WIDTH="227" HEIGHT="40" CONTENT="dernières" WC="1.00" CC="000407000"/>
					</TextLine>
					<TextLine ID="P41_TL00030" HPOS="111" VPOS="2116" WIDTH="2029" HEIGHT="59">
						<String ID="P41_ST00357" HPOS="111" VPOS="2116" WIDTH="208" HEIGHT="41" CONTENT="volontés" WC="0.99" CC="06600370"/>
						<SP ID="P41_SP00314" HPOS="319" VPOS="2157" WIDTH="16"/>
						<String ID="P41_ST00358" HPOS="335" VPOS="2117" WIDTH="55" HEIGHT="40" CONTENT="de" WC="1.00" CC="00"/>
						<SP ID="P41_SP00315" HPOS="390" VPOS="2157" WIDTH="17"/>
						<String ID="P41_ST00359" HPOS="407" VPOS="2116" WIDTH="181" HEIGHT="53" CONTENT="Chopin" WC="1.00" CC="300010"/>
						<SP ID="P41_SP00316" HPOS="588" VPOS="2169" WIDTH="13"/>
						<String ID="P41_ST00360" HPOS="601" VPOS="2116" WIDTH="96" HEIGHT="53" CONTENT="(qui" WC="0.98" CC="4014"/>
						<SP ID="P41_SP00317" HPOS="697" VPOS="2169" WIDTH="18"/>
						<String ID="P41_ST00361" HPOS="715" VPOS="2119" WIDTH="120" HEIGHT="38" CONTENT="avait" WC="1.00" CC="00010"/>
						<SP ID="P41_SP00318" HPOS="835" VPOS="2169" WIDTH="21"/>
						<String ID="P41_ST00362" HPOS="856" VPOS="2118" WIDTH="203" HEIGHT="40" CONTENT="ordonné" WC="0.99" CC="0000346"/>
						<SP ID="P41_SP00319" HPOS="1059" VPOS="2169" WIDTH="14"/>
						<String ID="P41_ST00363" HPOS="1073" VPOS="2118" WIDTH="54" HEIGHT="41" CONTENT="de" WC="0.94" CC="01"/>
						<SP ID="P41_SP00320" HPOS="1127" VPOS="2169" WIDTH="17"/>
						<String ID="P41_ST00364" HPOS="1144" VPOS="2118" WIDTH="153" HEIGHT="41" CONTENT="brûler" WC="0.99" CC="001400"/>
						<SP ID="P41_SP00321" HPOS="1297" VPOS="2169" WIDTH="14"/>
						<String ID="P41_ST00365" HPOS="1311" VPOS="2128" WIDTH="101" HEIGHT="32" CONTENT="tous" WC="0.98" CC="3021"/>
						<SP ID="P41_SP00322" HPOS="1412" VPOS="2169" WIDTH="18"/>
						<String ID="P41_ST00366" HPOS="1430" VPOS="2119" WIDTH="63" HEIGHT="40" CONTENT="les" WC="0.98" CC="400"/>
						<SP ID="P41_SP00323" HPOS="1493" VPOS="2169" WIDTH="15"/>
						<String ID="P41_ST00367" HPOS="1508" VPOS="2122" WIDTH="272" HEIGHT="39" CONTENT="manuscrits" WC="1.00" CC="0050000150"/>
						<SP ID="P41_SP00324" HPOS="1780" VPOS="2169" WIDTH="18"/>
						<String ID="P41_ST00368" HPOS="1798" VPOS="2121" WIDTH="107" HEIGHT="52" CONTENT="qu'il" WC="1.00" CC="00020"/>
						<SP ID="P41_SP00325" HPOS="1905" VPOS="2173" WIDTH="21"/>
						<String ID="P41_ST00369" HPOS="1926" VPOS="2121" WIDTH="189" HEIGHT="54" CONTENT="laissait)" WC="0.99" CC="202010008"/>
						<SP ID="P41_SP00326" HPOS="2115" VPOS="2175" WIDTH="16"/>
						<String ID="P41_ST00370" HPOS="2131" VPOS="2136" WIDTH="9" HEIGHT="34" CONTENT=";" WC="0.39" CC="6"/>
					</TextLine>
					<TextLine ID="P41_TL00031" HPOS="111" VPOS="2184" WIDTH="1707" HEIGHT="58">
						<String ID="P41_ST00371" HPOS="111" VPOS="2185" WIDTH="46" HEIGHT="41" CONTENT="M" WC="1.00" CC="0"/>
						<String ID="P41_ST00372" HPOS="164" VPOS="2190" WIDTH="47" HEIGHT="18" CONTENT="me" STYLE="superscript" WC="0.71" CC="50"/>
						<SP ID="P41_SP00327" HPOS="211" VPOS="2226" WIDTH="21"/>
						<String ID="P41_ST00373" HPOS="232" VPOS="2184" WIDTH="264" HEIGHT="55" CONTENT="Marceline" WC="0.99" CC="080004220"/>
						<SP ID="P41_SP00328" HPOS="496" VPOS="2239" WIDTH="21"/>
						<String ID="P41_ST00374" HPOS="517" VPOS="2185" WIDTH="304" HEIGHT="54" CONTENT="Czartoryska" WC="0.95" CC="00000000040"/>
						<SP ID="P41_SP00329" HPOS="821" VPOS="2239" WIDTH="24"/>
						<String ID="P41_ST00375" HPOS="845" VPOS="2189" WIDTH="30" HEIGHT="46" CONTENT="r]" WC="0.57" CC="70"/>
						<SP ID="P41_SP00330" HPOS="875" VPOS="2239" WIDTH="28"/>
						<String ID="P41_ST00376" HPOS="903" VPOS="2196" WIDTH="177" HEIGHT="32" CONTENT="surtout" WC="0.99" CC="0005005"/>
						<SP ID="P41_SP00331" HPOS="1080" VPOS="2239" WIDTH="24"/>
						<String ID="P41_ST00377" HPOS="1104" VPOS="2185" WIDTH="210" HEIGHT="56" CONTENT="s'oppose" WC="1.00" CC="04000000"/>
						<SP ID="P41_SP00332" HPOS="1314" VPOS="2241" WIDTH="25"/>
						<String ID="P41_ST00378" HPOS="1339" VPOS="2193" WIDTH="21" HEIGHT="36" CONTENT="à" WC="1.00" CC="0"/>
						<SP ID="P41_SP00333" HPOS="1360" VPOS="2241" WIDTH="27"/>
						<String ID="P41_ST00379" HPOS="1387" VPOS="2197" WIDTH="112" HEIGHT="33" CONTENT="cette" WC="0.99" CC="00360"/>
						<SP ID="P41_SP00334" HPOS="1499" VPOS="2241" WIDTH="20"/>
						<String ID="P41_ST00380" HPOS="1519" VPOS="2188" WIDTH="299" HEIGHT="54" CONTENT="publication." WC="1.00" CC="000620003063"/>
					</TextLine>
					<TextLine ID="P41_TL00032" HPOS="171" VPOS="2253" WIDTH="1971" HEIGHT="57">
						<String ID="P41_ST00381" HPOS="171" VPOS="2253" WIDTH="74" HEIGHT="42" CONTENT="On" WC="0.69" CC="60"/>
						<SP ID="P41_SP00335" HPOS="245" VPOS="2295" WIDTH="25"/>
						<String ID="P41_ST00382" HPOS="270" VPOS="2270" WIDTH="22" HEIGHT="25" CONTENT="a" WC="1.00" CC="0"/>
						<SP ID="P41_SP00336" HPOS="292" VPOS="2295" WIDTH="21"/>
						<String ID="P41_ST00383" HPOS="313" VPOS="2256" WIDTH="95" HEIGHT="52" CONTENT="prié" WC="0.98" CC="0036"/>
						<SP ID="P41_SP00337" HPOS="408" VPOS="2308" WIDTH="21"/>
						<String ID="P41_ST00384" HPOS="429" VPOS="2254" WIDTH="47" HEIGHT="41" CONTENT="M" WC="1.00" CC="0"/>
						<String ID="P41_ST00385" HPOS="480" VPOS="2253" WIDTH="40" HEIGHT="27" CONTENT="lle" STYLE="superscript" WC="0.48" CC="734"/>
						<SP ID="P41_SP00338" HPOS="520" VPOS="2308" WIDTH="19"/>
						<String ID="P41_ST00386" HPOS="539" VPOS="2253" WIDTH="66" HEIGHT="43" CONTENT="St." WC="0.98" CC="004"/>
						<SP ID="P41_SP00339" HPOS="605" VPOS="2308" WIDTH="28"/>
						<String ID="P41_ST00387" HPOS="633" VPOS="2256" WIDTH="184" HEIGHT="40" CONTENT="d'écrire" WC="1.00" CC="02600000"/>
						<SP ID="P41_SP00340" HPOS="817" VPOS="2308" WIDTH="23"/>
						<String ID="P41_ST00388" HPOS="840" VPOS="2270" WIDTH="77" HEIGHT="26" CONTENT="sur" WC="1.00" CC="000"/>
						<SP ID="P41_SP00341" HPOS="917" VPOS="2308" WIDTH="22"/>
						<String ID="P41_ST00389" HPOS="939" VPOS="2265" WIDTH="112" HEIGHT="32" CONTENT="cette" WC="0.99" CC="00600"/>
						<SP ID="P41_SP00342" HPOS="1051" VPOS="2308" WIDTH="24"/>
						<String ID="P41_ST00390" HPOS="1075" VPOS="2259" WIDTH="211" HEIGHT="51" CONTENT="question" WC="0.99" CC="00006205"/>
						<SP ID="P41_SP00343" HPOS="1286" VPOS="2310" WIDTH="35"/>
						<String ID="P41_ST00391" HPOS="1321" VPOS="2262" WIDTH="22" HEIGHT="36" CONTENT="à" WC="1.00" CC="0"/>
						<SP ID="P41_SP00344" HPOS="1343" VPOS="2310" WIDTH="42"/>
						<String ID="P41_ST00392" HPOS="1385" VPOS="2257" WIDTH="46" HEIGHT="41" CONTENT="M" WC="1.00" CC="0"/>
						<String ID="P41_ST00393" HPOS="1438" VPOS="2263" WIDTH="46" HEIGHT="17" CONTENT="nle" STYLE="superscript" WC="0.43" CC="772"/>
						<SP ID="P41_SP00345" HPOS="1484" VPOS="2310" WIDTH="24"/>
						<String ID="P41_ST00394" HPOS="1508" VPOS="2257" WIDTH="321" HEIGHT="43" CONTENT="ledrzeïewicz." WC="0.88" CC="0000003030042"/>
						<SP ID="P41_SP00346" HPOS="1829" VPOS="2310" WIDTH="24"/>
						<String ID="P41_ST00395" HPOS="1853" VPOS="2258" WIDTH="66" HEIGHT="42" CONTENT="De" WC="0.76" CC="40"/>
						<SP ID="P41_SP00347" HPOS="1919" VPOS="2310" WIDTH="20"/>
						<String ID="P41_ST00396" HPOS="1939" VPOS="2258" WIDTH="126" HEIGHT="42" CONTENT="l'avis" WC="1.00" CC="030000"/>
						<SP ID="P41_SP00348" HPOS="2065" VPOS="2310" WIDTH="24"/>
						<String ID="P41_ST00397" HPOS="2089" VPOS="2260" WIDTH="53" HEIGHT="41" CONTENT="de" WC="1.00" CC="00"/>
					</TextLine>
					<TextLine ID="P41_TL00033" HPOS="111" VPOS="2322" WIDTH="2032" HEIGHT="57">
						<String ID="P41_ST00398" HPOS="111" VPOS="2323" WIDTH="47" HEIGHT="50" CONTENT="M" WC="1.00" CC="9"/>
						<String ID="P41_ST00399" HPOS="164" VPOS="2322" WIDTH="38" HEIGHT="24" CONTENT="ile" STYLE="superscript" WC="0.61" CC="307"/>
						<SP ID="P41_SP00349" HPOS="202" VPOS="2373" WIDTH="16"/>
						<String ID="P41_ST00400" HPOS="218" VPOS="2323" WIDTH="86" HEIGHT="52" CONTENT="St.," WC="0.97" CC="0633"/>
						<SP ID="P41_SP00350" HPOS="304" VPOS="2375" WIDTH="33"/>
						<String ID="P41_ST00401" HPOS="337" VPOS="2333" WIDTH="145" HEIGHT="32" CONTENT="toutes" WC="0.99" CC="004600"/>
						<SP ID="P41_SP00351" HPOS="482" VPOS="2375" WIDTH="24"/>
						<String ID="P41_ST00402" HPOS="506" VPOS="2338" WIDTH="70" HEIGHT="27" CONTENT="ces" WC="1.00" CC="000"/>
						<SP ID="P41_SP00352" HPOS="576" VPOS="2375" WIDTH="21"/>
						<String ID="P41_ST00403" HPOS="597" VPOS="2338" WIDTH="250" HEIGHT="39" CONTENT="personnes" WC="1.00" CC="000000000"/>
						<SP ID="P41_SP00353" HPOS="847" VPOS="2377" WIDTH="25"/>
						<String ID="P41_ST00404" HPOS="872" VPOS="2335" WIDTH="76" HEIGHT="31" CONTENT="ont" WC="1.00" CC="000"/>
						<SP ID="P41_SP00354" HPOS="948" VPOS="2377" WIDTH="24"/>
						<String ID="P41_ST00405" HPOS="972" VPOS="2334" WIDTH="102" HEIGHT="41" CONTENT="tort," WC="0.97" CC="45063"/>
						<SP ID="P41_SP00355" HPOS="1074" VPOS="2377" WIDTH="36"/>
						<String ID="P41_ST00406" HPOS="1110" VPOS="2340" WIDTH="132" HEIGHT="38" CONTENT="parce" WC="1.00" CC="00000"/>
						<SP ID="P41_SP00356" HPOS="1242" VPOS="2378" WIDTH="38"/>
						<String ID="P41_ST00407" HPOS="1280" VPOS="2340" WIDTH="85" HEIGHT="39" CONTENT="que" WC="0.98" CC="050"/>
						<SP ID="P41_SP00357" HPOS="1365" VPOS="2379" WIDTH="37"/>
						<String ID="P41_ST00408" HPOS="1402" VPOS="2336" WIDTH="148" HEIGHT="33" CONTENT="toutes" WC="0.99" CC="500050"/>
						<SP ID="P41_SP00358" HPOS="1550" VPOS="2379" WIDTH="40"/>
						<String ID="P41_ST00409" HPOS="1590" VPOS="2341" WIDTH="71" HEIGHT="27" CONTENT="ces" WC="0.99" CC="200"/>
						<SP ID="P41_SP00359" HPOS="1661" VPOS="2379" WIDTH="40"/>
						<String ID="P41_ST00410" HPOS="1701" VPOS="2328" WIDTH="227" HEIGHT="41" CONTENT="chansons" WC="0.99" CC="03000063"/>
						<SP ID="P41_SP00360" HPOS="1928" VPOS="2379" WIDTH="33"/>
						<String ID="P41_ST00411" HPOS="1961" VPOS="2338" WIDTH="76" HEIGHT="32" CONTENT="ont" WC="1.00" CC="000"/>
						<SP ID="P41_SP00361" HPOS="2037" VPOS="2379" WIDTH="40"/>
						<String ID="P41_ST00412" HPOS="2077" VPOS="2333" WIDTH="66" HEIGHT="37" CONTENT="été" WC="0.97" CC="700"/>
					</TextLine>
					<TextLine ID="P41_TL00034" HPOS="113" VPOS="2392" WIDTH="2030" HEIGHT="56">
						<String ID="P41_ST00413" HPOS="113" VPOS="2393" WIDTH="211" HEIGHT="41" CONTENT="chantées" WC="1.00" CC="00050000"/>
						<SP ID="P41_SP00362" HPOS="324" VPOS="2434" WIDTH="22"/>
						<String ID="P41_ST00414" HPOS="346" VPOS="2392" WIDTH="345" HEIGHT="54" CONTENT="publiquement" WC="1.00" CC="060010500002"/>
						<SP ID="P41_SP00363" HPOS="691" VPOS="2446" WIDTH="23"/>
						<String ID="P41_ST00415" HPOS="714" VPOS="2394" WIDTH="59" HEIGHT="40" CONTENT="du" WC="0.87" CC="02"/>
						<SP ID="P41_SP00364" HPOS="773" VPOS="2446" WIDTH="23"/>
						<String ID="P41_ST00416" HPOS="796" VPOS="2396" WIDTH="154" HEIGHT="39" CONTENT="vivant" WC="0.99" CC="000055"/>
						<SP ID="P41_SP00365" HPOS="950" VPOS="2446" WIDTH="20"/>
						<String ID="P41_ST00417" HPOS="970" VPOS="2399" WIDTH="146" HEIGHT="37" CONTENT="même" WC="0.99" CC="0500"/>
						<SP ID="P41_SP00366" HPOS="1116" VPOS="2446" WIDTH="23"/>
						<String ID="P41_ST00418" HPOS="1139" VPOS="2396" WIDTH="54" HEIGHT="40" CONTENT="de" WC="1.00" CC="00"/>
						<SP ID="P41_SP00367" HPOS="1193" VPOS="2446" WIDTH="27"/>
						<String ID="P41_ST00419" HPOS="1220" VPOS="2395" WIDTH="182" HEIGHT="53" CONTENT="Chopin" WC="0.99" CC="000048"/>
						<SP ID="P41_SP00368" HPOS="1402" VPOS="2448" WIDTH="26"/>
						<String ID="P41_ST00420" HPOS="1428" VPOS="2411" WIDTH="7" HEIGHT="33" CONTENT=";" WC="0.01" CC="9"/>
						<SP ID="P41_SP00369" HPOS="1435" VPOS="2448" WIDTH="41"/>
						<String ID="P41_ST00421" HPOS="1476" VPOS="2396" WIDTH="109" HEIGHT="41" CONTENT="elles" WC="0.99" CC="02400"/>
						<SP ID="P41_SP00370" HPOS="1585" VPOS="2448" WIDTH="24"/>
						<String ID="P41_ST00422" HPOS="1609" VPOS="2405" WIDTH="102" HEIGHT="32" CONTENT="sont" WC="1.00" CC="0000"/>
						<SP ID="P41_SP00371" HPOS="1711" VPOS="2448" WIDTH="42"/>
						<String ID="P41_ST00423" HPOS="1753" VPOS="2396" WIDTH="115" HEIGHT="41" CONTENT="donc" WC="1.00" CC="0000"/>
						<SP ID="P41_SP00372" HPOS="1868" VPOS="2448" WIDTH="35"/>
						<String ID="P41_ST00424" HPOS="1903" VPOS="2398" WIDTH="240" HEIGHT="50" CONTENT="devenues," WC="1.00" CC="000005014"/>
					</TextLine>
					<TextLine ID="P41_TL00035" HPOS="114" VPOS="2463" WIDTH="1007" HEIGHT="53">
						<String ID="P41_ST00425" HPOS="114" VPOS="2475" WIDTH="55" HEIGHT="28" CONTENT="en" WC="0.64" CC="07"/>
						<SP ID="P41_SP00373" HPOS="169" VPOS="2503" WIDTH="21"/>
						<String ID="P41_ST00426" HPOS="190" VPOS="2463" WIDTH="195" HEIGHT="52" CONTENT="quelque" WC="0.99" CC="0500050"/>
						<SP ID="P41_SP00374" HPOS="385" VPOS="2515" WIDTH="24"/>
						<String ID="P41_ST00427" HPOS="409" VPOS="2472" WIDTH="136" HEIGHT="38" CONTENT="sorte," WC="1.00" CC="000003"/>
						<SP ID="P41_SP00375" HPOS="545" VPOS="2515" WIDTH="24"/>
						<String ID="P41_ST00428" HPOS="569" VPOS="2464" WIDTH="39" HEIGHT="39" CONTENT="la" WC="0.80" CC="40"/>
						<SP ID="P41_SP00376" HPOS="608" VPOS="2515" WIDTH="25"/>
						<String ID="P41_ST00429" HPOS="633" VPOS="2464" WIDTH="229" HEIGHT="52" CONTENT="propriété" WC="0.99" CC="000002657"/>
						<SP ID="P41_SP00377" HPOS="862" VPOS="2516" WIDTH="23"/>
						<String ID="P41_ST00430" HPOS="885" VPOS="2463" WIDTH="236" HEIGHT="53" CONTENT="publique." WC="1.00" CC="000030000"/>
					</TextLine>
					<TextLine ID="P41_TL00036" HPOS="170" VPOS="2530" WIDTH="1977" HEIGHT="57">
						<String ID="P41_ST00431" HPOS="170" VPOS="2531" WIDTH="123" HEIGHT="40" CONTENT="Dans" WC="0.99" CC="0050"/>
						<SP ID="P41_SP00378" HPOS="293" VPOS="2571" WIDTH="24"/>
						<String ID="P41_ST00432" HPOS="317" VPOS="2531" WIDTH="39" HEIGHT="40" CONTENT="la" WC="1.00" CC="00"/>
						<SP ID="P41_SP00379" HPOS="356" VPOS="2571" WIDTH="24"/>
						<String ID="P41_ST00433" HPOS="380" VPOS="2530" WIDTH="138" HEIGHT="41" CONTENT="XLIII" WC="0.95" CC="00200"/>
						<String ID="P41_ST00434" HPOS="523" VPOS="2537" WIDTH="15" HEIGHT="16" CONTENT="e" STYLE="superscript" WC="0.58" CC="4"/>
						<SP ID="P41_SP00380" HPOS="538" VPOS="2571" WIDTH="23"/>
						<String ID="P41_ST00435" HPOS="561" VPOS="2532" WIDTH="126" HEIGHT="40" CONTENT="lettre" WC="0.99" CC="604000"/>
						<SP ID="P41_SP00381" HPOS="687" VPOS="2572" WIDTH="21"/>
						<String ID="P41_ST00436" HPOS="708" VPOS="2531" WIDTH="71" HEIGHT="52" CONTENT="(de" WC="0.99" CC="200"/>
						<SP ID="P41_SP00382" HPOS="779" VPOS="2583" WIDTH="18"/>
						<String ID="P41_ST00437" HPOS="797" VPOS="2531" WIDTH="404" HEIGHT="49" CONTENT="Barnton-House," WC="0.86" CC="00000004613003"/>
						<SP ID="P41_SP00383" HPOS="1201" VPOS="2583" WIDTH="27"/>
						<String ID="P41_ST00438" HPOS="1228" VPOS="2533" WIDTH="58" HEIGHT="39" CONTENT="du" WC="1.00" CC="00"/>
						<SP ID="P41_SP00384" HPOS="1286" VPOS="2583" WIDTH="31"/>
						<String ID="P41_ST00439" HPOS="1317" VPOS="2531" WIDTH="274" HEIGHT="54" CONTENT="12-XII-53)," WC="0.75" CC="05403140060"/>
						<SP ID="P41_SP00385" HPOS="1591" VPOS="2585" WIDTH="25"/>
						<String ID="P41_ST00440" HPOS="1616" VPOS="2532" WIDTH="48" HEIGHT="41" CONTENT="M" WC="1.00" CC="0"/>
						<String ID="P41_ST00441" HPOS="1668" VPOS="2531" WIDTH="40" HEIGHT="25" CONTENT="lle" STYLE="superscript" WC="0.53" CC="707"/>
						<SP ID="P41_SP00386" HPOS="1708" VPOS="2585" WIDTH="20"/>
						<String ID="P41_ST00442" HPOS="1728" VPOS="2532" WIDTH="66" HEIGHT="43" CONTENT="St." WC="0.99" CC="003"/>
						<SP ID="P41_SP00387" HPOS="1794" VPOS="2585" WIDTH="21"/>
						<String ID="P41_ST00443" HPOS="1815" VPOS="2534" WIDTH="63" HEIGHT="41" CONTENT="dit" WC="0.97" CC="015"/>
						<SP ID="P41_SP00388" HPOS="1878" VPOS="2585" WIDTH="23"/>
						<String ID="P41_ST00444" HPOS="1901" VPOS="2548" WIDTH="103" HEIGHT="39" CONTENT="que," WC="0.99" CC="0004"/>
						<SP ID="P41_SP00389" HPOS="2004" VPOS="2587" WIDTH="26"/>
						<String ID="P41_ST00445" HPOS="2030" VPOS="2536" WIDTH="88" HEIGHT="39" CONTENT="mal" SUBS_TYPE="HypPart1" SUBS_CONTENT="malgré" WC="0.99" CC="000"/>
						<HYP HPOS="2118" VPOS="2536" WIDTH="29" CONTENT="-"/>
					</TextLine>
					<TextLine ID="P41_TL00037" HPOS="113" VPOS="2599" WIDTH="2032" HEIGHT="56">
						<String ID="P41_ST00446" HPOS="113" VPOS="2604" WIDTH="79" HEIGHT="46" CONTENT="gré" SUBS_TYPE="HypPart2" SUBS_CONTENT="malgré" WC="0.97" CC="008"/>
						<SP ID="P41_SP00390" HPOS="192" VPOS="2650" WIDTH="29"/>
						<String ID="P41_ST00447" HPOS="221" VPOS="2613" WIDTH="47" HEIGHT="26" CONTENT="sa" WC="0.76" CC="04"/>
						<SP ID="P41_SP00391" HPOS="268" VPOS="2650" WIDTH="33"/>
						<String ID="P41_ST00448" HPOS="301" VPOS="2599" WIDTH="126" HEIGHT="42" CONTENT="lettre" WC="1.00" CC="005000"/>
						<SP ID="P41_SP00392" HPOS="427" VPOS="2650" WIDTH="23"/>
						<String ID="P41_ST00449" HPOS="450" VPOS="2604" WIDTH="198" HEIGHT="49" CONTENT="envoyée" WC="1.00" CC="0600000"/>
						<SP ID="P41_SP00393" HPOS="648" VPOS="2653" WIDTH="38"/>
						<String ID="P41_ST00450" HPOS="686" VPOS="2601" WIDTH="41" HEIGHT="39" CONTENT="la" WC="0.83" CC="30"/>
						<SP ID="P41_SP00394" HPOS="727" VPOS="2653" WIDTH="36"/>
						<String ID="P41_ST00451" HPOS="763" VPOS="2601" WIDTH="147" HEIGHT="50" CONTENT="veille," WC="0.99" CC="0004404"/>
						<SP ID="P41_SP00395" HPOS="910" VPOS="2653" WIDTH="24"/>
						<String ID="P41_ST00452" HPOS="934" VPOS="2601" WIDTH="85" HEIGHT="40" CONTENT="elle" WC="0.99" CC="0600"/>
						<SP ID="P41_SP00396" HPOS="1019" VPOS="2653" WIDTH="33"/>
						<String ID="P41_ST00453" HPOS="1052" VPOS="2603" WIDTH="106" HEIGHT="38" CONTENT="écrit" WC="0.98" CC="00056"/>
						<SP ID="P41_SP00397" HPOS="1158" VPOS="2653" WIDTH="37"/>
						<String ID="P41_ST00454" HPOS="1195" VPOS="2614" WIDTH="160" HEIGHT="27" CONTENT="encore" WC="0.99" CC="070000"/>
						<SP ID="P41_SP00398" HPOS="1355" VPOS="2653" WIDTH="25"/>
						<String ID="P41_ST00455" HPOS="1380" VPOS="2607" WIDTH="131" HEIGHT="46" CONTENT="après" WC="0.98" CC="00083"/>
						<SP ID="P41_SP00399" HPOS="1511" VPOS="2653" WIDTH="37"/>
						<String ID="P41_ST00456" HPOS="1548" VPOS="2601" WIDTH="39" HEIGHT="40" CONTENT="la" WC="0.79" CC="40"/>
						<SP ID="P41_SP00400" HPOS="1587" VPOS="2653" WIDTH="23"/>
						<String ID="P41_ST00457" HPOS="1610" VPOS="2601" WIDTH="128" HEIGHT="41" CONTENT="lettre" WC="1.00" CC="200300"/>
						<SP ID="P41_SP00401" HPOS="1738" VPOS="2653" WIDTH="23"/>
						<String ID="P41_ST00458" HPOS="1761" VPOS="2603" WIDTH="163" HEIGHT="52" CONTENT="qu'elle" WC="0.99" CC="0600030"/>
						<SP ID="P41_SP00402" HPOS="1924" VPOS="2655" WIDTH="19"/>
						<String ID="P41_ST00459" HPOS="1943" VPOS="2604" WIDTH="122" HEIGHT="40" CONTENT="vient" WC="0.99" CC="00060"/>
						<SP ID="P41_SP00403" HPOS="2065" VPOS="2655" WIDTH="26"/>
						<String ID="P41_ST00460" HPOS="2091" VPOS="2604" WIDTH="54" HEIGHT="40" CONTENT="de" WC="1.00" CC="00"/>
					</TextLine>
					<TextLine ID="P41_TL00038" HPOS="113" VPOS="2667" WIDTH="2030" HEIGHT="56">
						<String ID="P41_ST00461" HPOS="113" VPOS="2670" WIDTH="198" HEIGHT="39" CONTENT="recevoir" WC="1.00" CC="00100040"/>
						<SP ID="P41_SP00404" HPOS="311" VPOS="2709" WIDTH="18"/>
						<String ID="P41_ST00462" HPOS="329" VPOS="2669" WIDTH="54" HEIGHT="40" CONTENT="de" WC="1.00" CC="00"/>
						<SP ID="P41_SP00405" HPOS="383" VPOS="2709" WIDTH="22"/>
						<String ID="P41_ST00463" HPOS="405" VPOS="2667" WIDTH="47" HEIGHT="41" CONTENT="M" WC="1.00" CC="0"/>
						<String ID="P41_ST00464" HPOS="458" VPOS="2674" WIDTH="46" HEIGHT="17" CONTENT="me" STYLE="superscript" WC="0.55" CC="17"/>
						<SP ID="P41_SP00406" HPOS="504" VPOS="2709" WIDTH="16"/>
						<String ID="P41_ST00465" HPOS="520" VPOS="2668" WIDTH="179" HEIGHT="54" CONTENT="Veyret." WC="0.79" CC="4000053"/>
						<SP ID="P41_SP00407" HPOS="699" VPOS="2722" WIDTH="28"/>
						<String ID="P41_ST00466" HPOS="727" VPOS="2669" WIDTH="31" HEIGHT="40" CONTENT="Il" WC="0.79" CC="04"/>
						<SP ID="P41_SP00408" HPOS="758" VPOS="2722" WIDTH="26"/>
						<String ID="P41_ST00467" HPOS="784" VPOS="2668" WIDTH="132" HEIGHT="52" CONTENT="s'agit" WC="1.00" CC="000004"/>
						<SP ID="P41_SP00409" HPOS="916" VPOS="2722" WIDTH="21"/>
						<String ID="P41_ST00468" HPOS="937" VPOS="2670" WIDTH="53" HEIGHT="40" CONTENT="de" WC="1.00" CC="00"/>
						<SP ID="P41_SP00410" HPOS="990" VPOS="2722" WIDTH="25"/>
						<String ID="P41_ST00469" HPOS="1015" VPOS="2670" WIDTH="204" HEIGHT="41" CONTENT="Fontana" WC="0.82" CC="6005000"/>
						<SP ID="P41_SP00411" HPOS="1219" VPOS="2722" WIDTH="20"/>
						<String ID="P41_ST00470" HPOS="1239" VPOS="2672" WIDTH="76" HEIGHT="51" CONTENT="qui" WC="0.98" CC="040"/>
						<SP ID="P41_SP00412" HPOS="1315" VPOS="2723" WIDTH="25"/>
						<String ID="P41_ST00471" HPOS="1340" VPOS="2668" WIDTH="103" HEIGHT="43" CONTENT="s'est" WC="0.99" CC="44010"/>
						<SP ID="P41_SP00413" HPOS="1443" VPOS="2723" WIDTH="30"/>
						<String ID="P41_ST00472" HPOS="1473" VPOS="2674" WIDTH="207" HEIGHT="49" CONTENT="présenté" WC="0.99" CC="00700556"/>
						<SP ID="P41_SP00414" HPOS="1680" VPOS="2723" WIDTH="24"/>
						<String ID="P41_ST00473" HPOS="1704" VPOS="2671" WIDTH="104" HEIGHT="40" CONTENT="chez" WC="1.00" CC="0100"/>
						<SP ID="P41_SP00415" HPOS="1808" VPOS="2723" WIDTH="24"/>
						<String ID="P41_ST00474" HPOS="1832" VPOS="2671" WIDTH="47" HEIGHT="40" CONTENT="M" WC="0.81" CC="1"/>
						<String ID="P41_ST00475" HPOS="1884" VPOS="2676" WIDTH="48" HEIGHT="18" CONTENT="me" STYLE="superscript" WC="0.61" CC="33"/>
						<SP ID="P41_SP00416" HPOS="1932" VPOS="2723" WIDTH="39"/>
						<String ID="P41_ST00476" HPOS="1971" VPOS="2672" WIDTH="52" HEIGHT="41" CONTENT="V." WC="0.54" CC="53"/>
						<SP ID="P41_SP00417" HPOS="2023" VPOS="2723" WIDTH="30"/>
						<String ID="P41_ST00477" HPOS="2053" VPOS="2671" WIDTH="90" HEIGHT="42" CONTENT="afin" WC="0.99" CC="0110"/>
					</TextLine>
					<TextLine ID="P41_TL00039" HPOS="112" VPOS="2737" WIDTH="2031" HEIGHT="57">
						<String ID="P41_ST00478" HPOS="112" VPOS="2737" WIDTH="224" HEIGHT="41" CONTENT="d'obtenir" WC="1.00" CC="040000034"/>
						<SP ID="P41_SP00418" HPOS="336" VPOS="2778" WIDTH="20"/>
						<String ID="P41_ST00479" HPOS="356" VPOS="2738" WIDTH="131" HEIGHT="40" CONTENT="d'elle" WC="0.99" CC="030050"/>
						<SP ID="P41_SP00419" HPOS="487" VPOS="2778" WIDTH="19"/>
						<String ID="P41_ST00480" HPOS="506" VPOS="2738" WIDTH="162" HEIGHT="52" CONTENT="qu'elle" WC="0.99" CC="0500350"/>
						<SP ID="P41_SP00420" HPOS="668" VPOS="2790" WIDTH="34"/>
						<String ID="P41_ST00481" HPOS="702" VPOS="2752" WIDTH="218" HEIGHT="39" CONTENT="reprenne" WC="0.99" CC="00003640"/>
						<SP ID="P41_SP00421" HPOS="920" VPOS="2791" WIDTH="38"/>
						<String ID="P41_ST00482" HPOS="958" VPOS="2743" WIDTH="22" HEIGHT="37" CONTENT="à" WC="1.00" CC="0"/>
						<SP ID="P41_SP00422" HPOS="980" VPOS="2791" WIDTH="36"/>
						<String ID="P41_ST00483" HPOS="1016" VPOS="2738" WIDTH="341" HEIGHT="42" CONTENT="FYanchomme»" WC="0.67" CC="88001400067"/>
						<SP ID="P41_SP00423" HPOS="1357" VPOS="2791" WIDTH="19"/>
						<String ID="P41_ST00484" HPOS="1376" VPOS="2740" WIDTH="40" HEIGHT="39" CONTENT="la" WC="0.81" CC="30"/>
						<SP ID="P41_SP00424" HPOS="1416" VPOS="2791" WIDTH="35"/>
						<String ID="P41_ST00485" HPOS="1451" VPOS="2740" WIDTH="245" HEIGHT="40" CONTENT="mazourka" WC="0.97" CC="00002000"/>
						<SP ID="P41_SP00425" HPOS="1696" VPOS="2791" WIDTH="27"/>
						<String ID="P41_ST00486" HPOS="1723" VPOS="2754" WIDTH="86" HEIGHT="38" CONTENT="que" WC="0.99" CC="030"/>
						<SP ID="P41_SP00426" HPOS="1809" VPOS="2792" WIDTH="23"/>
						<String ID="P41_ST00487" HPOS="1832" VPOS="2740" WIDTH="178" HEIGHT="41" CONTENT="celui-ci" WC="0.99" CC="01430306"/>
						<SP ID="P41_SP00427" HPOS="2010" VPOS="2792" WIDTH="25"/>
						<String ID="P41_ST00488" HPOS="2035" VPOS="2756" WIDTH="21" HEIGHT="26" CONTENT="a" WC="1.00" CC="0"/>
						<SP ID="P41_SP00428" HPOS="2056" VPOS="2792" WIDTH="29"/>
						<String ID="P41_ST00489" HPOS="2085" VPOS="2756" WIDTH="58" HEIGHT="38" CONTENT="pu" WC="1.00" CC="00"/>
					</TextLine>
					<TextLine ID="P41_TL00040" HPOS="111" VPOS="2806" WIDTH="2032" HEIGHT="56">
						<String ID="P41_ST00490" HPOS="111" VPOS="2806" WIDTH="237" HEIGHT="42" CONTENT="déchiffrer" WC="1.00" CC="0805300000"/>
						<SP ID="P41_SP00429" HPOS="348" VPOS="2848" WIDTH="21"/>
						<String ID="P41_ST00491" HPOS="369" VPOS="2806" WIDTH="176" HEIGHT="54" CONTENT="d'après" WC="0.99" CC="0400070"/>
						<SP ID="P41_SP00430" HPOS="545" VPOS="2860" WIDTH="25"/>
						<String ID="P41_ST00492" HPOS="570" VPOS="2807" WIDTH="236" HEIGHT="53" CONTENT="l'esquisse" WC="1.00" CC="3300000000"/>
						<SP ID="P41_SP00431" HPOS="806" VPOS="2860" WIDTH="22"/>
						<String ID="P41_ST00493" HPOS="828" VPOS="2808" WIDTH="54" HEIGHT="40" CONTENT="de" WC="1.00" CC="00"/>
						<SP ID="P41_SP00432" HPOS="882" VPOS="2860" WIDTH="24"/>
						<String ID="P41_ST00494" HPOS="906" VPOS="2807" WIDTH="196" HEIGHT="54" CONTENT="Chopin." WC="0.99" CC="0000334"/>
						<SP ID="P41_SP00433" HPOS="1102" VPOS="2861" WIDTH="22"/>
						<String ID="P41_ST00495" HPOS="1124" VPOS="2807" WIDTH="80" HEIGHT="52" CONTENT="Or," WC="0.98" CC="004"/>
						<SP ID="P41_SP00434" HPOS="1204" VPOS="2861" WIDTH="26"/>
						<String ID="P41_ST00496" HPOS="1230" VPOS="2807" WIDTH="47" HEIGHT="41" CONTENT="M" WC="1.00" CC="0"/>
						<String ID="P41_ST00497" HPOS="1282" VPOS="2807" WIDTH="38" HEIGHT="24" CONTENT="lle" STYLE="superscript" WC="0.37" CC="737"/>
						<SP ID="P41_SP00435" HPOS="1320" VPOS="2861" WIDTH="18"/>
						<String ID="P41_ST00498" HPOS="1338" VPOS="2807" WIDTH="65" HEIGHT="43" CONTENT="St." WC="0.86" CC="040"/>
						<SP ID="P41_SP00436" HPOS="1403" VPOS="2861" WIDTH="25"/>
						<String ID="P41_ST00499" HPOS="1428" VPOS="2808" WIDTH="235" HEIGHT="42" CONTENT="désirerait" WC="1.00" CC="0704000000"/>
						<SP ID="P41_SP00437" HPOS="1663" VPOS="2861" WIDTH="24"/>
						<String ID="P41_ST00500" HPOS="1687" VPOS="2810" WIDTH="227" HEIGHT="40" CONTENT="vivement" WC="0.99" CC="90000006"/>
						<SP ID="P41_SP00438" HPOS="1914" VPOS="2861" WIDTH="24"/>
						<String ID="P41_ST00501" HPOS="1938" VPOS="2824" WIDTH="86" HEIGHT="38" CONTENT="que" WC="0.99" CC="030"/>
						<SP ID="P41_SP00439" HPOS="2024" VPOS="2862" WIDTH="24"/>
						<String ID="P41_ST00502" HPOS="2048" VPOS="2819" WIDTH="95" HEIGHT="33" CONTENT="tout" WC="1.00" CC="0000"/>
					</TextLine>
					<TextLine ID="P41_TL00041" HPOS="112" VPOS="2876" WIDTH="2031" HEIGHT="55">
						<String ID="P41_ST00503" HPOS="112" VPOS="2890" WIDTH="47" HEIGHT="28" CONTENT="ce" WC="1.00" CC="00"/>
						<SP ID="P41_SP00440" HPOS="159" VPOS="2918" WIDTH="17"/>
						<String ID="P41_ST00504" HPOS="176" VPOS="2879" WIDTH="75" HEIGHT="51" CONTENT="qui" WC="0.99" CC="002"/>
						<SP ID="P41_SP00441" HPOS="251" VPOS="2930" WIDTH="21"/>
						<String ID="P41_ST00505" HPOS="272" VPOS="2890" WIDTH="217" HEIGHT="28" CONTENT="concerne" WC="1.00" CC="00300060"/>
						<SP ID="P41_SP00442" HPOS="489" VPOS="2930" WIDTH="21"/>
						<String ID="P41_ST00506" HPOS="510" VPOS="2878" WIDTH="39" HEIGHT="39" CONTENT="la" WC="0.80" CC="40"/>
						<SP ID="P41_SP00443" HPOS="549" VPOS="2930" WIDTH="25"/>
						<String ID="P41_ST00507" HPOS="574" VPOS="2876" WIDTH="279" HEIGHT="54" CONTENT="publication" WC="1.00" CC="01000005300"/>
						<SP ID="P41_SP00444" HPOS="853" VPOS="2930" WIDTH="24"/>
						<String ID="P41_ST00508" HPOS="877" VPOS="2878" WIDTH="78" HEIGHT="40" CONTENT="des" WC="0.99" CC="030"/>
						<SP ID="P41_SP00445" HPOS="955" VPOS="2930" WIDTH="24"/>
						<String ID="P41_ST00509" HPOS="979" VPOS="2891" WIDTH="177" HEIGHT="27" CONTENT="œuvres" WC="0.99" CC="060007"/>
						<SP ID="P41_SP00446" HPOS="1156" VPOS="2930" WIDTH="39"/>
						<String ID="P41_ST00510" HPOS="1195" VPOS="2878" WIDTH="267" HEIGHT="52" CONTENT="posthumes" WC="1.00" CC="000640000"/>
						<SP ID="P41_SP00447" HPOS="1462" VPOS="2930" WIDTH="24"/>
						<String ID="P41_ST00511" HPOS="1486" VPOS="2878" WIDTH="53" HEIGHT="41" CONTENT="de" WC="1.00" CC="00"/>
						<SP ID="P41_SP00448" HPOS="1539" VPOS="2930" WIDTH="24"/>
						<String ID="P41_ST00512" HPOS="1563" VPOS="2878" WIDTH="183" HEIGHT="53" CONTENT="Chopin" WC="0.99" CC="000036"/>
						<SP ID="P41_SP00449" HPOS="1746" VPOS="2931" WIDTH="34"/>
						<String ID="P41_ST00513" HPOS="1780" VPOS="2892" WIDTH="45" HEIGHT="27" CONTENT="se" WC="1.00" CC="00"/>
						<SP ID="P41_SP00450" HPOS="1825" VPOS="2931" WIDTH="36"/>
						<String ID="P41_ST00514" HPOS="1861" VPOS="2878" WIDTH="51" HEIGHT="42" CONTENT="fît" WC="0.97" CC="105"/>
						<SP ID="P41_SP00451" HPOS="1912" VPOS="2931" WIDTH="23"/>
						<String ID="P41_ST00515" HPOS="1935" VPOS="2894" WIDTH="57" HEIGHT="26" CONTENT="au" WC="0.79" CC="04"/>
						<SP ID="P41_SP00452" HPOS="1992" VPOS="2931" WIDTH="21"/>
						<String ID="P41_ST00516" HPOS="2013" VPOS="2893" WIDTH="51" HEIGHT="28" CONTENT="su" WC="0.91" CC="10"/>
						<SP ID="P41_SP00453" HPOS="2064" VPOS="2931" WIDTH="25"/>
						<String ID="P41_ST00517" HPOS="2089" VPOS="2880" WIDTH="54" HEIGHT="41" CONTENT="de" WC="1.00" CC="00"/>
					</TextLine>
					<TextLine ID="P41_TL00042" HPOS="111" VPOS="2945" WIDTH="2029" HEIGHT="56">
						<String ID="P41_ST00518" HPOS="111" VPOS="2945" WIDTH="47" HEIGHT="41" CONTENT="M" WC="0.55" CC="4"/>
						<String ID="P41_ST00519" HPOS="163" VPOS="2951" WIDTH="47" HEIGHT="17" CONTENT="me" STYLE="superscript" WC="0.65" CC="07"/>
						<SP ID="P41_SP00454" HPOS="210" VPOS="2986" WIDTH="20"/>
						<String ID="P41_ST00520" HPOS="230" VPOS="2945" WIDTH="157" HEIGHT="49" CONTENT="ledrz.," WC="0.87" CC="0000413"/>
						<SP ID="P41_SP00455" HPOS="387" VPOS="2994" WIDTH="26"/>
						<String ID="P41_ST00521" HPOS="413" VPOS="2955" WIDTH="41" HEIGHT="32" CONTENT="et" WC="0.85" CC="02"/>
						<SP ID="P41_SP00456" HPOS="454" VPOS="2994" WIDTH="21"/>
						<String ID="P41_ST00522" HPOS="475" VPOS="2959" WIDTH="104" HEIGHT="28" CONTENT="avec" WC="0.99" CC="0003"/>
						<SP ID="P41_SP00457" HPOS="579" VPOS="2994" WIDTH="21"/>
						<String ID="P41_ST00523" HPOS="600" VPOS="2960" WIDTH="82" HEIGHT="27" CONTENT="son" WC="0.97" CC="008"/>
						<SP ID="P41_SP00458" HPOS="682" VPOS="2994" WIDTH="25"/>
						<String ID="P41_ST00524" HPOS="707" VPOS="2945" WIDTH="317" HEIGHT="54" CONTENT="approbation." WC="0.99" CC="000000045464"/>
						<SP ID="P41_SP00459" HPOS="1024" VPOS="2999" WIDTH="21"/>
						<String ID="P41_ST00525" HPOS="1045" VPOS="2946" WIDTH="63" HEIGHT="41" CONTENT="La" WC="1.00" CC="00"/>
						<SP ID="P41_SP00460" HPOS="1108" VPOS="2999" WIDTH="22"/>
						<String ID="P41_ST00526" HPOS="1130" VPOS="2949" WIDTH="128" HEIGHT="51" CONTENT="copie" WC="1.00" CC="00030"/>
						<SP ID="P41_SP00461" HPOS="1258" VPOS="3000" WIDTH="20"/>
						<String ID="P41_ST00527" HPOS="1278" VPOS="2947" WIDTH="53" HEIGHT="42" CONTENT="de" WC="1.00" CC="00"/>
						<SP ID="P41_SP00462" HPOS="1331" VPOS="3000" WIDTH="24"/>
						<String ID="P41_ST00528" HPOS="1355" VPOS="2956" WIDTH="112" HEIGHT="33" CONTENT="cette" WC="0.99" CC="00050"/>
						<SP ID="P41_SP00463" HPOS="1467" VPOS="3000" WIDTH="26"/>
						<String ID="P41_ST00529" HPOS="1493" VPOS="2948" WIDTH="247" HEIGHT="41" CONTENT="mazourka" WC="0.88" CC="00305000"/>
						<SP ID="P41_SP00464" HPOS="1740" VPOS="3000" WIDTH="22"/>
						<String ID="P41_ST00530" HPOS="1762" VPOS="2963" WIDTH="23" HEIGHT="26" CONTENT="a" WC="1.00" CC="0"/>
						<SP ID="P41_SP00465" HPOS="1785" VPOS="3000" WIDTH="24"/>
						<String ID="P41_ST00531" HPOS="1809" VPOS="2952" WIDTH="68" HEIGHT="37" CONTENT="été" WC="0.93" CC="748"/>
						<SP ID="P41_SP00466" HPOS="1877" VPOS="3000" WIDTH="19"/>
						<String ID="P41_ST00532" HPOS="1896" VPOS="2953" WIDTH="200" HEIGHT="48" CONTENT="envoyée" WC="1.00" CC="0500000"/>
						<SP ID="P41_SP00467" HPOS="2096" VPOS="3001" WIDTH="23"/>
						<String ID="P41_ST00533" HPOS="2119" VPOS="2954" WIDTH="21" HEIGHT="35" CONTENT="à" WC="1.00" CC="0"/>
					</TextLine>
					<TextLine ID="P41_TL00043" HPOS="113" VPOS="3014" WIDTH="2032" HEIGHT="55">
						<String ID="P41_ST00534" HPOS="113" VPOS="3015" WIDTH="233" HEIGHT="52" CONTENT="Varsovie," WC="1.00" CC="700000104"/>
						<SP ID="P41_SP00468" HPOS="346" VPOS="3067" WIDTH="35"/>
						<String ID="P41_ST00535" HPOS="381" VPOS="3024" WIDTH="42" HEIGHT="31" CONTENT="et" WC="0.71" CC="05"/>
						<SP ID="P41_SP00469" HPOS="423" VPOS="3067" WIDTH="21"/>
						<String ID="P41_ST00536" HPOS="444" VPOS="3017" WIDTH="36" HEIGHT="39" CONTENT="si" WC="0.79" CC="04"/>
						<SP ID="P41_SP00470" HPOS="480" VPOS="3067" WIDTH="19"/>
						<String ID="P41_ST00537" HPOS="499" VPOS="3014" WIDTH="47" HEIGHT="41" CONTENT="M" WC="1.00" CC="0"/>
						<String ID="P41_ST00538" HPOS="551" VPOS="3020" WIDTH="47" HEIGHT="18" CONTENT="me" STYLE="superscript" WC="0.61" CC="61"/>
						<SP ID="P41_SP00471" HPOS="598" VPOS="3067" WIDTH="37"/>
						<String ID="P41_ST00539" HPOS="635" VPOS="3015" WIDTH="136" HEIGHT="41" CONTENT="ledrz." WC="0.94" CC="000003"/>
						<SP ID="P41_SP00472" HPOS="771" VPOS="3067" WIDTH="29"/>
						<String ID="P41_ST00540" HPOS="800" VPOS="3016" WIDTH="38" HEIGHT="40" CONTENT="le" WC="0.94" CC="10"/>
						<SP ID="P41_SP00473" HPOS="838" VPOS="3067" WIDTH="21"/>
						<String ID="P41_ST00541" HPOS="859" VPOS="3016" WIDTH="164" HEIGHT="49" CONTENT="désire," WC="1.00" CC="0003004"/>
						<SP ID="P41_SP00474" HPOS="1023" VPOS="3067" WIDTH="27"/>
						<String ID="P41_ST00542" HPOS="1050" VPOS="3030" WIDTH="57" HEIGHT="27" CONTENT="on" WC="1.00" CC="00"/>
						<SP ID="P41_SP00475" HPOS="1107" VPOS="3067" WIDTH="23"/>
						<String ID="P41_ST00543" HPOS="1130" VPOS="3025" WIDTH="105" HEIGHT="44" CONTENT="peut" WC="0.97" CC="0155"/>
						<SP ID="P41_SP00476" HPOS="1235" VPOS="3069" WIDTH="43"/>
						<String ID="P41_ST00544" HPOS="1278" VPOS="3016" WIDTH="227" HEIGHT="53" CONTENT="l'envoyer" WC="0.99" CC="416660000"/>
						<SP ID="P41_SP00477" HPOS="1505" VPOS="3069" WIDTH="40"/>
						<String ID="P41_ST00545" HPOS="1545" VPOS="3021" WIDTH="21" HEIGHT="36" CONTENT="à" WC="1.00" CC="0"/>
						<SP ID="P41_SP00478" HPOS="1566" VPOS="3069" WIDTH="28"/>
						<String ID="P41_ST00546" HPOS="1594" VPOS="3017" WIDTH="220" HEIGHT="40" CONTENT="Fontana." WC="0.85" CC="60000004"/>
						<SP ID="P41_SP00479" HPOS="1814" VPOS="3069" WIDTH="27"/>
						<String ID="P41_ST00547" HPOS="1841" VPOS="3016" WIDTH="47" HEIGHT="41" CONTENT="M" WC="1.00" CC="0"/>
						<String ID="P41_ST00548" HPOS="1893" VPOS="3015" WIDTH="38" HEIGHT="24" CONTENT="lle" STYLE="superscript" WC="0.60" CC="704"/>
						<SP ID="P41_SP00480" HPOS="1931" VPOS="3069" WIDTH="24"/>
						<String ID="P41_ST00549" HPOS="1955" VPOS="3016" WIDTH="67" HEIGHT="42" CONTENT="St." WC="0.98" CC="040"/>
						<SP ID="P41_SP00481" HPOS="2022" VPOS="3069" WIDTH="40"/>
						<String ID="P41_ST00550" HPOS="2062" VPOS="3020" WIDTH="83" HEIGHT="38" CONTENT="sait" WC="0.99" CC="0040"/>
					</TextLine>
					<TextLine ID="P41_TL00044" HPOS="114" VPOS="3084" WIDTH="1953" HEIGHT="54">
						<String ID="P41_ST00551" HPOS="114" VPOS="3090" WIDTH="89" HEIGHT="35" CONTENT="très" WC="0.98" CC="0070"/>
						<SP ID="P41_SP00482" HPOS="203" VPOS="3125" WIDTH="24"/>
						<String ID="P41_ST00552" HPOS="227" VPOS="3084" WIDTH="104" HEIGHT="41" CONTENT="bien" WC="1.00" CC="0200"/>
						<SP ID="P41_SP00483" HPOS="331" VPOS="3125" WIDTH="24"/>
						<String ID="P41_ST00553" HPOS="355" VPOS="3098" WIDTH="87" HEIGHT="39" CONTENT="que" WC="1.00" CC="010"/>
						<SP ID="P41_SP00484" HPOS="442" VPOS="3137" WIDTH="34"/>
						<String ID="P41_ST00554" HPOS="476" VPOS="3093" WIDTH="95" HEIGHT="32" CONTENT="tout" WC="0.98" CC="5005"/>
						<SP ID="P41_SP00485" HPOS="571" VPOS="3137" WIDTH="36"/>
						<String ID="P41_ST00555" HPOS="607" VPOS="3098" WIDTH="47" HEIGHT="27" CONTENT="ce" WC="1.00" CC="00"/>
						<SP ID="P41_SP00486" HPOS="654" VPOS="3137" WIDTH="24"/>
						<String ID="P41_ST00556" HPOS="678" VPOS="3099" WIDTH="87" HEIGHT="39" CONTENT="que" WC="1.00" CC="000"/>
						<SP ID="P41_SP00487" HPOS="765" VPOS="3138" WIDTH="34"/>
						<String ID="P41_ST00557" HPOS="799" VPOS="3086" WIDTH="205" HEIGHT="40" CONTENT="décidera" WC="1.00" CC="06000000"/>
						<SP ID="P41_SP00488" HPOS="1004" VPOS="3138" WIDTH="33"/>
						<String ID="P41_ST00558" HPOS="1037" VPOS="3084" WIDTH="48" HEIGHT="41" CONTENT="M" WC="1.00" CC="0"/>
						<String ID="P41_ST00559" HPOS="1090" VPOS="3090" WIDTH="48" HEIGHT="18" CONTENT="me" STYLE="superscript" WC="0.79" CC="04"/>
						<SP ID="P41_SP00489" HPOS="1138" VPOS="3138" WIDTH="24"/>
						<String ID="P41_ST00560" HPOS="1162" VPOS="3085" WIDTH="137" HEIGHT="41" CONTENT="ledrz." WC="0.93" CC="000004"/>
						<SP ID="P41_SP00490" HPOS="1299" VPOS="3138" WIDTH="41"/>
						<String ID="P41_ST00561" HPOS="1340" VPOS="3099" WIDTH="97" HEIGHT="27" CONTENT="sera" WC="1.00" CC="0000"/>
						<SP ID="P41_SP00491" HPOS="1437" VPOS="3138" WIDTH="44"/>
						<String ID="P41_ST00562" HPOS="1481" VPOS="3085" WIDTH="233" HEIGHT="42" CONTENT="conforme" WC="1.00" CC="00200000"/>
						<SP ID="P41_SP00492" HPOS="1714" VPOS="3138" WIDTH="26"/>
						<String ID="P41_ST00563" HPOS="1740" VPOS="3085" WIDTH="108" HEIGHT="41" CONTENT="àSa" WC="1.00" CC="009"/>
						<SP ID="P41_SP00493" HPOS="1848" VPOS="3138" WIDTH="22"/>
						<String ID="P41_ST00564" HPOS="1870" VPOS="3086" WIDTH="197" HEIGHT="41" CONTENT="volonté." WC="0.99" CC="00400564"/>
						<SP ID="P41_SP00494" HPOS="2067" VPOS="3138" WIDTH="0"/>
					</TextLine>
					<TextLine ID="P41_TL00045" HPOS="115" VPOS="3152" WIDTH="2032" HEIGHT="55">
						<String ID="P41_ST00565" HPOS="115" VPOS="3153" WIDTH="38" HEIGHT="40" CONTENT="A" WC="1.00" CC="0"/>
						<SP ID="P41_SP00495" HPOS="153" VPOS="3193" WIDTH="23"/>
						<String ID="P41_ST00566" HPOS="176" VPOS="3154" WIDTH="38" HEIGHT="40" CONTENT="la" WC="1.00" CC="00"/>
						<SP ID="P41_SP00496" HPOS="214" VPOS="3194" WIDTH="27"/>
						<String ID="P41_ST00567" HPOS="241" VPOS="3152" WIDTH="61" HEIGHT="42" CONTENT="fin" WC="0.98" CC="220"/>
						<SP ID="P41_SP00497" HPOS="302" VPOS="3194" WIDTH="25"/>
						<String ID="P41_ST00568" HPOS="327" VPOS="3154" WIDTH="52" HEIGHT="40" CONTENT="de" WC="1.00" CC="00"/>
						<SP ID="P41_SP00498" HPOS="379" VPOS="3194" WIDTH="29"/>
						<String ID="P41_ST00569" HPOS="408" VPOS="3154" WIDTH="39" HEIGHT="40" CONTENT="la" WC="0.88" CC="20"/>
						<SP ID="P41_SP00499" HPOS="447" VPOS="3194" WIDTH="26"/>
						<String ID="P41_ST00570" HPOS="473" VPOS="3154" WIDTH="127" HEIGHT="40" CONTENT="lettre" WC="0.99" CC="406000"/>
						<SP ID="P41_SP00500" HPOS="600" VPOS="3194" WIDTH="25"/>
						<String ID="P41_ST00571" HPOS="625" VPOS="3168" WIDTH="47" HEIGHT="27" CONTENT="se" WC="0.93" CC="10"/>
						<SP ID="P41_SP00501" HPOS="672" VPOS="3195" WIDTH="17"/>
						<String ID="P41_ST00572" HPOS="689" VPOS="3163" WIDTH="156" HEIGHT="34" CONTENT="trouve" WC="1.00" CC="000300"/>
						<SP ID="P41_SP00502" HPOS="845" VPOS="3197" WIDTH="24"/>
						<String ID="P41_ST00573" HPOS="869" VPOS="3168" WIDTH="88" HEIGHT="27" CONTENT="une" WC="0.98" CC="040"/>
						<SP ID="P41_SP00503" HPOS="957" VPOS="3197" WIDTH="24"/>
						<String ID="P41_ST00574" HPOS="981" VPOS="3168" WIDTH="239" HEIGHT="39" CONTENT="remarque" WC="1.00" CC="00000000"/>
						<SP ID="P41_SP00504" HPOS="1220" VPOS="3207" WIDTH="15"/>
						<String ID="P41_ST00575" HPOS="1235" VPOS="3169" WIDTH="76" HEIGHT="27" CONTENT="sur" WC="0.98" CC="040"/>
						<SP ID="P41_SP00505" HPOS="1311" VPOS="3207" WIDTH="20"/>
						<String ID="P41_ST00576" HPOS="1331" VPOS="3154" WIDTH="129" HEIGHT="42" CONTENT="Titus" WC="0.99" CC="30001"/>
						<SP ID="P41_SP00506" HPOS="1460" VPOS="3207" WIDTH="39"/>
						<String ID="P41_ST00577" HPOS="1499" VPOS="3154" WIDTH="418" HEIGHT="51" CONTENT="Woïciechowski]," WC="0.87" CC="000010020200253"/>
						<SP ID="P41_SP00507" HPOS="1917" VPOS="3207" WIDTH="16"/>
						<String ID="P41_ST00578" HPOS="1933" VPOS="3167" WIDTH="19" HEIGHT="27" CONTENT="((" WC="0.72" CC="23"/>
						<SP ID="P41_SP00508" HPOS="1952" VPOS="3207" WIDTH="21"/>
						<String ID="P41_ST00579" HPOS="1973" VPOS="3168" WIDTH="174" HEIGHT="28" CONTENT="comme" WC="1.00" CC="00000"/>
					</TextLine>
					<TextLine ID="P41_TL00046" HPOS="114" VPOS="3222" WIDTH="2029" HEIGHT="55">
						<String ID="P41_ST00580" HPOS="114" VPOS="3222" WIDTH="12" HEIGHT="40" CONTENT="1" WC="0.98" CC="0"/>
						<SP ID="P41_SP00509" HPOS="126" VPOS="3262" WIDTH="21"/>
						<String ID="P41_ST00581" HPOS="147" VPOS="3224" WIDTH="89" HEIGHT="39" CONTENT="ami" WC="0.98" CC="004"/>
						<SP ID="P41_SP00510" HPOS="236" VPOS="3263" WIDTH="34"/>
						<String ID="P41_ST00582" HPOS="270" VPOS="3225" WIDTH="76" HEIGHT="51" CONTENT="qui" WC="1.00" CC="000"/>
						<SP ID="P41_SP00511" HPOS="346" VPOS="3276" WIDTH="33"/>
						<String ID="P41_ST00583" HPOS="379" VPOS="3223" WIDTH="71" HEIGHT="41" CONTENT="n'a" WC="0.98" CC="140"/>
						<SP ID="P41_SP00512" HPOS="450" VPOS="3276" WIDTH="41"/>
						<String ID="P41_ST00584" HPOS="491" VPOS="3238" WIDTH="81" HEIGHT="38" CONTENT="pas" WC="1.00" CC="000"/>
						<SP ID="P41_SP00513" HPOS="572" VPOS="3276" WIDTH="40"/>
						<String ID="P41_ST00585" HPOS="612" VPOS="3228" WIDTH="139" HEIGHT="43" CONTENT="cessé," WC="0.99" CC="000082"/>
						<SP ID="P41_SP00514" HPOS="751" VPOS="3276" WIDTH="36"/>
						<String ID="P41_ST00586" HPOS="787" VPOS="3230" WIDTH="130" HEIGHT="47" CONTENT="après" WC="0.99" CC="00072"/>
						<SP ID="P41_SP00515" HPOS="917" VPOS="3277" WIDTH="35"/>
						<String ID="P41_ST00587" HPOS="952" VPOS="3225" WIDTH="78" HEIGHT="40" CONTENT="des" WC="1.00" CC="000"/>
						<SP ID="P41_SP00516" HPOS="1030" VPOS="3277" WIDTH="24"/>
						<String ID="P41_ST00588" HPOS="1054" VPOS="3229" WIDTH="169" HEIGHT="37" CONTENT="années" WC="0.99" CC="000700"/>
						<SP ID="P41_SP00517" HPOS="1223" VPOS="3277" WIDTH="23"/>
						<String ID="P41_ST00589" HPOS="1246" VPOS="3224" WIDTH="54" HEIGHT="41" CONTENT="de" WC="1.00" CC="00"/>
						<SP ID="P41_SP00518" HPOS="1300" VPOS="3277" WIDTH="33"/>
						<String ID="P41_ST00590" HPOS="1333" VPOS="3225" WIDTH="273" HEIGHT="51" CONTENT="séparation," WC="1.00" CC="00000004004"/>
						<SP ID="P41_SP00519" HPOS="1606" VPOS="3277" WIDTH="26"/>
						<String ID="P41_ST00591" HPOS="1632" VPOS="3224" WIDTH="54" HEIGHT="40" CONTENT="de" WC="0.88" CC="02"/>
						<SP ID="P41_SP00520" HPOS="1686" VPOS="3277" WIDTH="22"/>
						<String ID="P41_ST00592" HPOS="1708" VPOS="3222" WIDTH="64" HEIGHT="42" CONTENT="Le" WC="1.00" CC="00"/>
						<SP ID="P41_SP00521" HPOS="1772" VPOS="3277" WIDTH="38"/>
						<String ID="P41_ST00593" HPOS="1810" VPOS="3224" WIDTH="295" HEIGHT="52" CONTENT="comprendre" WC="1.00" CC="0000000000"/>
						<SP ID="P41_SP00522" HPOS="2105" VPOS="3277" WIDTH="30"/>
						<String ID="P41_ST00594" HPOS="2135" VPOS="3236" WIDTH="8" HEIGHT="37" CONTENT=";" WC="0.59" CC="4"/>
					</TextLine>
					<TextLine ID="P41_TL00047" HPOS="115" VPOS="3292" WIDTH="2030" HEIGHT="54">
						<String ID="P41_ST00595" HPOS="115" VPOS="3292" WIDTH="114" HEIGHT="40" CONTENT="dans" WC="1.00" CC="0000"/>
						<SP ID="P41_SP00523" HPOS="229" VPOS="3332" WIDTH="23"/>
						<String ID="P41_ST00596" HPOS="252" VPOS="3307" WIDTH="59" HEIGHT="25" CONTENT="un" WC="0.78" CC="40"/>
						<SP ID="P41_SP00524" HPOS="311" VPOS="3332" WIDTH="24"/>
						<String ID="P41_ST00597" HPOS="335" VPOS="3295" WIDTH="168" HEIGHT="38" CONTENT="certain" WC="0.99" CC="0005030"/>
						<SP ID="P41_SP00525" HPOS="503" VPOS="3333" WIDTH="19"/>
						<String ID="P41_ST00598" HPOS="522" VPOS="3307" WIDTH="90" HEIGHT="37" CONTENT="cas," WC="0.99" CC="1004"/>
						<SP ID="P41_SP00526" HPOS="612" VPOS="3344" WIDTH="25"/>
						<String ID="P41_ST00599" HPOS="637" VPOS="3293" WIDTH="54" HEIGHT="40" CONTENT="ils" WC="0.98" CC="400"/>
						<SP ID="P41_SP00527" HPOS="691" VPOS="3344" WIDTH="21"/>
						<String ID="P41_ST00600" HPOS="712" VPOS="3302" WIDTH="76" HEIGHT="32" CONTENT="ont" WC="0.98" CC="005"/>
						<SP ID="P41_SP00528" HPOS="788" VPOS="3344" WIDTH="25"/>
						<String ID="P41_ST00601" HPOS="813" VPOS="3302" WIDTH="102" HEIGHT="32" CONTENT="tous" WC="0.98" CC="5050"/>
						<SP ID="P41_SP00529" HPOS="915" VPOS="3344" WIDTH="17"/>
						<String ID="P41_ST00602" HPOS="932" VPOS="3294" WIDTH="114" HEIGHT="41" CONTENT="deux" WC="1.00" CC="0000"/>
						<SP ID="P41_SP00530" HPOS="1046" VPOS="3344" WIDTH="21"/>
						<String ID="P41_ST00603" HPOS="1067" VPOS="3294" WIDTH="142" HEIGHT="40" CONTENT="rendu" WC="0.99" CC="00400"/>
						<SP ID="P41_SP00531" HPOS="1209" VPOS="3344" WIDTH="22"/>
						<String ID="P41_ST00604" HPOS="1231" VPOS="3309" WIDTH="58" HEIGHT="25" CONTENT="un" WC="0.73" CC="05"/>
						<SP ID="P41_SP00532" HPOS="1289" VPOS="3344" WIDTH="18"/>
						<String ID="P41_ST00605" HPOS="1307" VPOS="3295" WIDTH="231" HEIGHT="51" CONTENT="jugement" WC="1.00" CC="05000000"/>
						<SP ID="P41_SP00533" HPOS="1538" VPOS="3346" WIDTH="23"/>
						<String ID="P41_ST00606" HPOS="1561" VPOS="3306" WIDTH="76" HEIGHT="27" CONTENT="sur" WC="0.98" CC="040"/>
						<SP ID="P41_SP00534" HPOS="1637" VPOS="3346" WIDTH="23"/>
						<String ID="P41_ST00607" HPOS="1660" VPOS="3307" WIDTH="59" HEIGHT="26" CONTENT="un" WC="0.69" CC="06"/>
						<SP ID="P41_SP00535" HPOS="1719" VPOS="3346" WIDTH="17"/>
						<String ID="P41_ST00608" HPOS="1736" VPOS="3293" WIDTH="221" HEIGHT="52" CONTENT="individu," WC="0.99" CC="000300054"/>
						<SP ID="P41_SP00536" HPOS="1957" VPOS="3346" WIDTH="16"/>
						<String ID="P41_ST00609" HPOS="1973" VPOS="3302" WIDTH="40" HEIGHT="31" CONTENT="et" WC="1.00" CC="00"/>
						<SP ID="P41_SP00537" HPOS="2013" VPOS="3346" WIDTH="24"/>
						<String ID="P41_ST00610" HPOS="2037" VPOS="3292" WIDTH="108" HEIGHT="42" CONTENT="l'ont" WC="0.98" CC="42060"/>
					</TextLine>
					<TextLine ID="P41_TL00048" HPOS="114" VPOS="3360" WIDTH="2031" HEIGHT="56">
						<String ID="P41_ST00611" HPOS="114" VPOS="3360" WIDTH="79" HEIGHT="41" CONTENT="fait" WC="0.99" CC="0500"/>
						<SP ID="P41_SP00538" HPOS="193" VPOS="3401" WIDTH="21"/>
						<String ID="P41_ST00612" HPOS="214" VPOS="3361" WIDTH="113" HEIGHT="40" CONTENT="dans" WC="1.00" CC="0100"/>
						<SP ID="P41_SP00539" HPOS="327" VPOS="3401" WIDTH="23"/>
						<String ID="P41_ST00613" HPOS="350" VPOS="3361" WIDTH="63" HEIGHT="41" CONTENT="les" WC="0.98" CC="500"/>
						<SP ID="P41_SP00540" HPOS="413" VPOS="3402" WIDTH="17"/>
						<String ID="P41_ST00614" HPOS="430" VPOS="3366" WIDTH="170" HEIGHT="37" CONTENT="mêmes" WC="0.99" CC="06000"/>
						<SP ID="P41_SP00541" HPOS="600" VPOS="3403" WIDTH="20"/>
						<String ID="P41_ST00615" HPOS="620" VPOS="3372" WIDTH="180" HEIGHT="41" CONTENT="termes," WC="1.00" CC="2000000"/>
						<SP ID="P41_SP00542" HPOS="800" VPOS="3413" WIDTH="38"/>
						<String ID="P41_ST00616" HPOS="838" VPOS="3364" WIDTH="200" HEIGHT="52" CONTENT="quoique" WC="0.99" CC="0400040"/>
						<SP ID="P41_SP00543" HPOS="1038" VPOS="3416" WIDTH="24"/>
						<String ID="P41_ST00617" HPOS="1062" VPOS="3362" WIDTH="91" HEIGHT="41" CONTENT="l'un" WC="0.97" CC="3406"/>
						<SP ID="P41_SP00544" HPOS="1153" VPOS="3416" WIDTH="25"/>
						<String ID="P41_ST00618" HPOS="1178" VPOS="3376" WIDTH="46" HEIGHT="27" CONTENT="se" WC="1.00" CC="00"/>
						<SP ID="P41_SP00545" HPOS="1224" VPOS="3416" WIDTH="39"/>
						<String ID="P41_ST00619" HPOS="1263" VPOS="3365" WIDTH="178" HEIGHT="38" CONTENT="trouvât" WC="0.99" CC="1005004"/>
						<SP ID="P41_SP00546" HPOS="1441" VPOS="3416" WIDTH="25"/>
						<String ID="P41_ST00620" HPOS="1466" VPOS="3366" WIDTH="21" HEIGHT="35" CONTENT="à" WC="1.00" CC="0"/>
						<SP ID="P41_SP00547" HPOS="1487" VPOS="3416" WIDTH="35"/>
						<String ID="P41_ST00621" HPOS="1522" VPOS="3361" WIDTH="146" HEIGHT="50" CONTENT="Paris," WC="0.98" CC="600614"/>
						<SP ID="P41_SP00548" HPOS="1668" VPOS="3416" WIDTH="37"/>
						<String ID="P41_ST00622" HPOS="1705" VPOS="3363" WIDTH="148" HEIGHT="40" CONTENT="tandis" WC="0.99" CC="406000"/>
						<SP ID="P41_SP00549" HPOS="1853" VPOS="3416" WIDTH="24"/>
						<String ID="P41_ST00623" HPOS="1877" VPOS="3376" WIDTH="87" HEIGHT="39" CONTENT="que" WC="0.98" CC="040"/>
						<SP ID="P41_SP00550" HPOS="1964" VPOS="3416" WIDTH="23"/>
						<String ID="P41_ST00624" HPOS="1987" VPOS="3361" WIDTH="158" HEIGHT="42" CONTENT="l'autre" WC="1.00" CC="3000000"/>
					</TextLine>
					<TextLine ID="P41_TL00049" HPOS="115" VPOS="3430" WIDTH="456" HEIGHT="43">
						<String ID="P41_ST00625" HPOS="115" VPOS="3432" WIDTH="106" HEIGHT="39" CONTENT="était" WC="0.99" CC="60000"/>
						<SP ID="P41_SP00551" HPOS="221" VPOS="3471" WIDTH="23"/>
						<String ID="P41_ST00626" HPOS="244" VPOS="3435" WIDTH="21" HEIGHT="36" CONTENT="à" WC="1.00" CC="0"/>
						<SP ID="P41_SP00552" HPOS="265" VPOS="3471" WIDTH="26"/>
						<String ID="P41_ST00627" HPOS="291" VPOS="3430" WIDTH="236" HEIGHT="43" CONTENT="Varsovie." WC="0.99" CC="700060004"/>
						<SP ID="P41_SP00553" HPOS="527" VPOS="3473" WIDTH="24"/>
						<String ID="P41_ST00628" HPOS="551" VPOS="3443" WIDTH="20" HEIGHT="27" CONTENT="»" WC="0.32" CC="6"/>
					</TextLine>
					<TextLine ID="P41_TL00050" HPOS="172" VPOS="3498" WIDTH="1974" HEIGHT="55">
						<String ID="P41_ST00629" HPOS="172" VPOS="3500" WIDTH="89" HEIGHT="40" CONTENT="Par" WC="1.00" CC="000"/>
						<SP ID="P41_SP00554" HPOS="261" VPOS="3540" WIDTH="38"/>
						<String ID="P41_ST00630" HPOS="299" VPOS="3500" WIDTH="39" HEIGHT="40" CONTENT="la" WC="0.77" CC="40"/>
						<SP ID="P41_SP00555" HPOS="338" VPOS="3540" WIDTH="43"/>
						<String ID="P41_ST00631" HPOS="381" VPOS="3499" WIDTH="141" HEIGHT="43" CONTENT="XLIV" WC="1.00" CC="0000"/>
						<String ID="P41_ST00632" HPOS="526" VPOS="3506" WIDTH="15" HEIGHT="17" CONTENT="e" STYLE="superscript" WC="0.32" CC="6"/>
						<SP ID="P41_SP00556" HPOS="541" VPOS="3542" WIDTH="36"/>
						<String ID="P41_ST00633" HPOS="577" VPOS="3500" WIDTH="126" HEIGHT="42" CONTENT="lettre" WC="0.99" CC="502000"/>
						<SP ID="P41_SP00557" HPOS="703" VPOS="3542" WIDTH="47"/>
						<String ID="P41_ST00634" HPOS="750" VPOS="3499" WIDTH="417" HEIGHT="54" CONTENT="(Barnton-House," WC="0.90" CC="000060001100004"/>
						<SP ID="P41_SP00558" HPOS="1167" VPOS="3553" WIDTH="45"/>
						<String ID="P41_ST00635" HPOS="1212" VPOS="3500" WIDTH="59" HEIGHT="41" CONTENT="du" WC="0.83" CC="03"/>
						<SP ID="P41_SP00559" HPOS="1271" VPOS="3553" WIDTH="44"/>
						<String ID="P41_ST00636" HPOS="1315" VPOS="3498" WIDTH="239" HEIGHT="55" CONTENT="21-111-54)" WC="0.77" CC="0040343402"/>
						<SP ID="P41_SP00560" HPOS="1554" VPOS="3553" WIDTH="47"/>
						<String ID="P41_ST00637" HPOS="1601" VPOS="3514" WIDTH="114" HEIGHT="28" CONTENT="nous" WC="0.98" CC="7300"/>
						<SP ID="P41_SP00561" HPOS="1715" VPOS="3553" WIDTH="47"/>
						<String ID="P41_ST00638" HPOS="1762" VPOS="3514" WIDTH="258" HEIGHT="39" CONTENT="apprenons" WC="1.00" CC="000006040"/>
						<SP ID="P41_SP00562" HPOS="2020" VPOS="3553" WIDTH="40"/>
						<String ID="P41_ST00639" HPOS="2060" VPOS="3514" WIDTH="86" HEIGHT="39" CONTENT="que" WC="0.96" CC="046"/>
					</TextLine>
				</TextBlock>
			</PrintSpace>
		</Page>
	</Layout>
</alto>
