2246 3692
597 153 197 27 LETTRES
825 152 56 27 DE
913 153 107 34 JANE
1055 153 209 28 STIRLING
1297 154 52 27 ET
1382 155 56 26 DE
1473 154 50 27 SA
1557 154 138 28 SOEUR

2086 155 63 51 37

120 242 222 43 renferme
365 245 64 40 les
454 244 144 53 objets
619 248 196 49 envoyés
838 245 54 40 de
914 244 235 48 Varsovie,
1185 254 57 38 et,
1265 259 55 27 en
1340 255 142 39 outre,
1510 261 87 27 une
1618 246 153 41 feuille
1793 247 54 40 de
1869 251 157 49 papier
2046 264 104 27 avec

118 312 41 41 le
182 327 122 37 nom,
332 314 40 39 la
395 314 104 40 date
521 313 54 40 de
595 314 39 39 la
656 314 238 39 naissance
915 322 42 31 et
980 313 107 40 celle
1108 314 54 40 de
1185 314 40 40 la
1250 323 117 33 mort
1390 315 54 40 de
1461 315 198 54 Chopin,
1678 317 114 39 ainsi
1811 330 87 37 que
1914 330 72 27 ces
2004 327 116 31 mots
2140 329 7 24 :

118 395 21 27 ((
162 381 127 42 Nous
313 382 240 41 attendons
577 382 39 39 la
640 382 298 40 résurrection
960 381 79 41 des
1063 391 142 32 morts
1229 392 42 31 et
1295 383 39 40 la
1358 384 72 41 vie
1453 384 213 41 éternelle
1703 396 38 39 )),
1783 386 102 50 puis
1915 398 87 26 une
2028 387 120 39 croix

118 450 205 51 d'argent
340 450 54 40 de
416 449 47 40 M
468 448 38 24 lle
523 448 89 49 St.,
636 464 61 26 un
726 452 109 51 petit
856 450 247 41 médaillon
1128 452 54 40 de
1204 451 98 41 Tell
1326 451 159 55 efsen],
1508 451 124 43 enfin
1656 452 220 54 quelques
1913 454 236 39 monnaies

118 520 54 39 de
195 518 174 40 l'année
391 518 54 40 de
468 518 40 40 la
530 520 237 39 naissance
790 528 41 32 et
856 520 53 40 de
933 520 109 41 celle
1058 521 53 40 de
1126 522 39 40 la
1189 532 132 31 mort.
1345 522 98 42 Elle
1464 525 211 39 continue
1696 527 21 36 à
1743 523 148 53 parler
1913 523 58 40 du
1992 536 127 27 monu-

118 597 122 31 ment
272 588 253 45 lui-même,
553 588 111 40 delà
685 596 147 34 statue
852 590 54 40 de
938 590 165 41 femme
1128 593 75 50 qui
1234 607 21 25 a
1282 594 150 39 moins
1454 592 106 41 bien
1585 593 142 40 réussi
1759 592 113 40 dans
1909 591 39 41 le
1971 591 179 41 marbre

119 671 86 39 que
224 657 114 40 dans
359 657 39 40 le
418 657 178 41 modèle
618 671 55 26 en
696 658 159 53 plâtre,
876 673 131 38 parce
1028 673 86 38 que
1138 661 40 40 la
1204 665 85 37 tête
1305 677 28 38 y
1349 671 66 32 est
1436 675 161 28 encore
1619 662 104 53 plus
1743 661 53 40 de
1817 670 185 31 travers.
2028 660 124 41 Dans

118 741 60 26 un
201 728 169 39 certain
389 727 322 51 éloignement,
744 727 58 41 du
838 730 98 39 côté
962 729 192 50 gauche,
1181 730 39 39 le
1256 744 198 39 manque
1477 731 54 40 de
1566 730 175 42 naturel
1764 730 114 40 dans
1898 730 40 40 le
1962 743 156 28 mouve-

118 805 122 32 ment
262 797 54 40 de
353 797 40 40 la
418 800 86 37 tête
527 810 54 27 ne
605 810 46 27 se
674 809 238 40 remarque
956 811 80 38 pas
1064 807 8 40 ;
1117 812 55 26 en
1197 812 190 38 somme,
1416 800 38 40 le
1487 797 4 55 :
1497 808 96 32 tout
1634 798 79 42 fait
1753 813 87 27 une
1875 800 274 52 impression

116 865 230 52 agréable,
370 866 28 39 il
419 880 27 38 y
469 880 21 25 a
516 864 234 54 beaucoup
771 866 325 52 d'expression.
1122 867 125 41 Dans
1271 868 41 40 la
1336 870 116 38 suite
1474 868 55 40 de
1546 882 46 26 sa
1618 868 142 47 lettre,
1785 867 47 40 M
1837 866 38 24 lle
1900 866 65 42 St.
1993 868 63 40 dit
2076 881 72 27 ces

117 943 118 33 mots
259 945 7 26 :
294 946 20 27 ((
341 933 183 54 Chopin
556 936 117 39 avait
706 934 54 41 de
786 935 38 39 la
850 934 180 49 femme,
1064 936 101 40 telle
1205 937 108 52 qu'il
1338 937 40 40 la
1404 939 294 51 comprenait,
1736 950 88 27 une
1847 937 186 52 opinion
2057 941 87 35 très

117 1004 165 47 élevée,
308 1004 28 39 il
361 1017 70 27 me
456 1003 39 41 le
519 1005 187 51 répétait
730 1013 205 32 souvent.
964 1016 20 27 »
1007 1005 235 42 Plusieurs
1263 1019 249 40 personnes
1549 1007 76 51 qui
1646 1006 178 40 avaient
1850 1019 151 27 connu
2025 1004 91 42 Cho-

116 1075 78 50 pin
233 1086 54 27 en
330 1071 282 53 Angleterre,
656 1073 192 40 disaient
890 1078 21 35 à
950 1072 47 41 M
1003 1072 38 24 lle
1084 1073 66 42 St.
1194 1075 187 53 qu'elles
1426 1075 225 40 Savaient
1703 1075 160 52 jamais
1916 1078 234 37 rencontré

116 1142 230 41 d'homme
367 1157 83 26 aux
476 1142 244 41 tendances
744 1144 123 39 aussi
892 1142 159 41 nobles
1071 1159 8 34 ;
1104 1156 20 27 «
1145 1144 28 41 il
1198 1144 210 41 semblait
1426 1144 215 41 chercher
1670 1158 56 27 au
1750 1144 99 40 delà
1882 1144 78 40 des
1985 1143 165 40 limites

116 1211 60 41 du
200 1211 165 41 monde
391 1222 37 29 )).
455 1209 136 43 Enfin
615 1211 84 40 elle
718 1211 199 54 rappelle
937 1212 39 41 le
1001 1222 124 32 court
1154 1214 149 52 séjour
1341 1228 87 38 que
1460 1212 49 42 fit
1543 1212 183 54 Chopin
1757 1213 113 41 dans
1894 1213 39 40 la
1960 1221 113 32 terre
2098 1213 52 40 de

118 1278 260 43 Guillaume
402 1278 208 53 Stirling,
635 1282 142 40 située
795 1296 91 28 non
908 1283 92 41 loin
1021 1284 54 40 de
1095 1284 39 40 la
1158 1284 105 40 ville
1280 1284 53 40 de
1358 1282 207 53 Stirling,
1600 1283 114 40 dans
1750 1283 39 40 le
1824 1284 236 48 voisinage
2096 1282 53 40 de

119 1350 40 40 la
182 1351 227 51 propriété
426 1350 59 40 du
509 1355 105 47 père
638 1350 53 40 de
715 1350 46 40 M
767 1349 37 25 lle
830 1350 66 43 St.

174 1419 125 40 Dans
337 1419 41 40 la
409 1418 99 41 XIX
511 1424 14 17 e
569 1419 127 41 lettre
736 1418 76 54 (du
851 1421 214 54 30-X-50)
1103 1434 115 29 nous
1256 1431 216 32 trouvons
1502 1422 40 41 la
1576 1422 276 52 description
1885 1421 59 40 du
1982 1422 167 39 service

117 1487 192 42 funèbre
329 1492 22 36 à
376 1488 40 40 la
440 1487 272 42 Madeleine.
734 1488 64 41 La
826 1503 162 35 messe,
1008 1495 286 37 commencée
1315 1496 22 35 à
1360 1505 40 27 11
1427 1491 63 45 h.,
1517 1489 66 42 fut
1600 1489 200 42 célébrée
1820 1505 80 36 par
1932 1489 39 41 le
2004 1493 145 49 prêtre

116 1559 250 53 Deguerry.
396 1559 96 41 Aux
512 1561 170 51 prières
707 1573 46 27 se
777 1561 244 51 joignirent
1051 1559 63 40 les
1155 1573 106 27 sons
1297 1560 55 40 de
1391 1572 21 27 ((
1434 1573 46 27 sa
1508 1571 20 27 ))
1569 1560 210 51 musique
1814 1569 9 38 ;
1853 1566 123 32 entre
2000 1566 149 32 autres

116 1628 61 41 M.
205 1627 368 53 Lefébure-Vély
595 1633 181 36 exécuta
802 1642 77 28 sur
901 1629 174 50 l'orgue
1099 1629 95 40 seul
1232 1629 39 40 le
1292 1628 186 54 prélude
1500 1641 56 27 en
1578 1627 61 41 mi
1660 1628 180 39 mineur
1861 1638 9 39 ;
1906 1628 103 51 puis
2045 1639 105 27 avec

115 1697 267 41 violoncelle
409 1695 369 55 (Franchomme)
802 1698 40 40 le
865 1705 219 33 nocturne
1103 1698 150 48 (dédié
1277 1701 22 36 à
1325 1695 176 54 Miller),
1525 1698 40 40 le
1597 1696 188 53 prélude
1807 1709 55 27 en
1891 1701 44 35 ut
1954 1697 195 46 mineur,

116 1766 39 41 le
188 1766 185 53 prélude
412 1779 55 27 en
508 1765 38 40 si
576 1771 17 35 \>
638 1767 192 51 mineur,
878 1766 197 50 l'adagio
1116 1766 53 40 de
1212 1766 40 41 la
1296 1776 174 40 sonate,
1510 1766 39 40 la
1585 1767 142 51 partie
1757 1779 54 27 en
1835 1765 174 53 majeur
2031 1764 53 40 de
2108 1764 42 40 la

117 1835 182 41 marche
318 1834 205 50 funèbre,
546 1833 123 43 enfin
690 1835 39 41 le
749 1835 187 53 prélude
970 1849 53 26 en
1046 1835 41 40 la
1115 1836 188 52 majeur.
1331 1835 32 40 Il
1383 1851 27 37 y
1451 1836 119 39 avait
1593 1833 235 53 beaucoup
1872 1833 54 41 de
1966 1833 181 49 monde,

118 1906 199 51 quoique
341 1904 63 41 les
424 1905 220 52 journaux
670 1905 101 40 n'en
795 1913 183 32 eussent
1001 1903 80 42 fait
1106 1917 172 29 aucune
1303 1905 219 47 mention,
1545 1917 115 39 pour
1677 1916 54 27 ne
1755 1916 81 39 pas
1861 1904 155 39 attirer
2051 1910 98 44 trop

116 1974 55 40 de
195 1975 196 39 curieux.

172 2041 65 42 La
261 2042 78 41 XX
342 2050 13 16 e
373 2042 128 42 lettre
518 2040 77 55 (du
614 2040 203 56 4-XI-50)
834 2056 115 28 nous
969 2043 202 53 apprend
1190 2043 40 40 la
1243 2042 209 41 nouvelle
1473 2040 138 55 qu'un
1634 2042 78 40 des
1736 2042 115 39 amis
1871 2040 55 40 de
1948 2039 199 54 Chopin,

118 2110 278 56 Gjrzymala]
420 2109 105 43 s'est
544 2113 86 39 mis
654 2110 23 41 à
698 2114 139 39 écrire
861 2126 47 26 sa
927 2112 284 57 biographie.
1240 2111 33 41 Il
1297 2126 55 26 en
1373 2126 20 26 a
1434 2115 146 37 même
1604 2111 98 52 déjà
1727 2114 173 48 envoyé
1929 2110 221 52 quelques

116 2183 184 39 extraits
323 2194 55 28 en
402 2180 185 48 Ecosse,
612 2185 22 36 à
654 2179 48 42 M
706 2179 39 24 lle
770 2180 66 41 St.
880 2180 32 41 Il
935 2197 29 38 y
995 2195 22 27 a
1062 2181 39 40 là
1134 2181 79 41 des
1249 2194 222 40 passages
1510 2179 106 41 bien
1652 2181 148 49 écrits,
1827 2181 115 39 mais
1964 2177 47 41 M
2016 2176 40 28 lle
2080 2176 66 42 St.

116 2251 137 40 doute
277 2264 86 39 que
386 2250 233 51 l'ouvrage
642 2252 143 39 entier
807 2252 88 39 soit
919 2249 90 42 bon
1035 2266 9 34 ;
1070 2251 84 40 elle
1177 2256 74 35 eût
1283 2249 173 53 préféré
1492 2249 139 53 qu'un
1655 2249 215 50 Français
1893 2253 74 35 eût
2001 2256 124 31 entre-

118 2321 92 51 pris
233 2319 39 40 la
294 2319 149 41 chose.
464 2318 99 41 Elle
587 2319 94 41 doit
704 2320 253 52 cependant
991 2328 246 33 soumettre
1257 2333 70 27 ces
1349 2320 182 40 extraits
1553 2322 21 36 à
1597 2318 39 40 la
1661 2319 190 50 critique
1876 2314 273 53 d'Augustin

117 2388 206 54 Thierry.
355 2388 99 40 Elle
478 2390 214 38 remercie
711 2389 55 39 de
787 2388 163 41 l'envoi
973 2388 59 41 du
1051 2402 107 27 nom
1181 2397 42 32 et
1242 2389 79 39 des
1341 2393 214 48 prénoms
1578 2387 55 40 de
1653 2387 40 40 la
1719 2392 120 35 mère
1860 2385 53 40 de
1937 2385 180 52 Chopin
2138 2401 8 32 ;

117 2456 240 52 Clésinger
398 2472 21 26 a
456 2459 172 51 promis
652 2458 54 40 de
745 2458 64 40 les
847 2459 173 52 ajouter
1059 2473 56 25 au
1146 2465 281 33 monument.
1462 2455 137 42 Enfin
1642 2469 115 27 nous
1801 2463 217 32 trouvons
2060 2467 89 28 une

118 2540 238 38 remarque
379 2540 77 26 sur
489 2526 238 51 l'esquisse
744 2531 312 47 représentant
1079 2525 182 53 Chopin
1282 2525 221 53 quelques
1524 2526 123 52 jours
1665 2531 134 33 avant
1823 2536 47 26 sa
1889 2531 132 40 mort,
2044 2536 104 26 avec

118 2593 47 41 M
170 2599 47 17 me
241 2594 138 40 ledrz.
407 2595 143 39 assise
574 2607 76 27 sur
668 2594 39 39 le
723 2592 114 42 bord
862 2594 59 40 du
945 2593 64 40 lit.

176 2662 123 41 Dans
319 2662 38 41 la
382 2661 97 41 XXI
484 2667 15 17 e
529 2662 127 41 lettre
694 2660 76 53 (du
800 2660 244 55 10-XI-50),
1083 2660 46 42 M
1134 2660 39 24 lle
1212 2660 66 42 St.
1317 2663 96 51 prie
1449 2659 136 55 qu'on
1622 2660 62 40 lui
1720 2660 159 40 envoie
1902 2659 39 39 le
1964 2671 107 27 nom
2094 2657 54 40 de

119 2731 210 54 baptême
346 2731 59 40 du
429 2736 104 47 père
550 2731 53 40 de
628 2730 197 54 Chopin,
853 2745 75 26 car
947 2731 84 40 elle
1056 2731 111 40 n'est
1188 2744 80 39 pas
1291 2735 103 36 sûre
1418 2731 36 40 si
1479 2729 105 41 c'est
1626 2728 183 41 Nicolas
1843 2741 58 27 ou
1940 2742 60 26 un
2024 2735 124 32 autre

118 2814 124 28 nom.

174 2869 99 41 Elle
296 2884 21 26 a
341 2871 168 51 appris,
537 2874 22 35 à
584 2882 83 28 son
685 2869 146 52 grand
856 2873 307 44 étonnement,
1191 2881 86 40 que
1294 2868 63 40 les
1378 2881 216 38 masques
1619 2867 267 52 posthumes
1922 2863 124 43 n'ont
2069 2878 80 39 pas

117 2952 162 28 encore
303 2943 68 37 été
393 2943 214 49 envoyés,
634 2940 117 39 mais
776 2952 86 40 que
882 2940 324 39 certainement
1223 2951 47 27 ce
1295 2950 97 27 sera
1414 2936 174 41 bientôt
1612 2935 95 42 fait.

172 3006 64 42 La
259 3006 118 43 XXII
382 3015 16 19 e
419 3006 76 54 (du
519 3006 255 54 24-XI-50),
798 3009 134 39 écrite
951 3022 55 26 au
1024 3015 201 33 moment
1242 3006 54 41 de
1318 3008 142 50 partir
1482 3019 114 39 pour
1613 3004 216 49 l'Ecosse,
1857 3017 54 27 ne
1929 3002 221 42 renferme

118 3079 95 38 rien
236 3076 334 43 d'intéressant.

173 3147 124 39 Dans
321 3146 40 41 la
383 3145 139 41 XXIII
527 3151 15 17 e
562 3145 74 51 (du
663 3161 11 25 1
685 3151 33 18 er
720 3145 104 41 —111-
833 3159 14 40 5
864 3161 11 25 1
888 3149 9 49 )
939 3145 47 40 M
992 3144 38 28 lle
1068 3144 66 43 St.
1174 3158 46 27 se
1262 3145 143 52 plaint
1445 3144 53 41 de
1521 3142 173 42 n'avoir
1716 3156 80 38 pas
1840 3154 117 38 reçu,
1988 3140 161 52 depuis

117 3216 276 51 longtemps,
416 3215 55 40 de
491 3215 234 41 nouvelles
748 3215 54 40 de
833 3213 48 42 M
885 3220 30 17 m
920 3223 14 18 °
951 3214 139 41 ledrz.
1116 3225 8 38 ;
1151 3215 115 39 mais
1283 3227 48 27 ce
1361 3214 98 51 jour
1484 3210 123 53 (c'est
1640 3211 341 40 l'anniversaire
2017 3209 54 40 de
2105 3209 40 39 la

117 3286 239 39 naissance
374 3284 54 40 de
448 3283 214 54 Chopin),
689 3284 192 48 dit-elle,
908 3297 55 27 ne
984 3292 105 45 peut
1130 3297 82 39 pas
1252 3281 218 42 s'écouler
1512 3295 106 28 sans
1661 3280 163 53 qu'elle
1864 3280 161 40 écrive.
2051 3277 99 42 Elle

118 3356 159 40 envoie
296 3354 79 41 des
395 3354 135 41 fleurs
567 3354 201 42 cueillies
807 3368 78 28 sur
908 3368 46 28 sa
987 3354 152 41 tombe
1162 3362 42 32 et
1228 3354 150 52 ajoute
1412 3362 8 29 :
1461 3363 20 27 ((
1515 3350 49 55 Je
1607 3352 95 40 suis
1741 3349 224 41 heureuse
2001 3361 86 40 que
2112 3348 38 40 le

118 3424 165 41 monde
306 3425 160 51 ignore
487 3432 65 33 cet
575 3425 309 40 anniversaire
909 3436 7 36 ;
956 3433 101 32 tous
1099 3425 119 39 iront
1242 3423 40 39 là
1313 3435 113 39 pour
1466 3434 46 26 sa
1533 3418 100 43 fête.
1663 3418 32 42 Il
1720 3418 86 42 m'a
1832 3418 63 41 dit
1918 3431 87 28 une
2028 3416 87 42 fois
2138 3427 7 26 :

120 3505 20 28 ((
165 3507 70 26 ma
257 3491 187 50 famille,
466 3507 87 28 une
570 3493 231 42 directrice
824 3494 54 40 de
896 3495 272 51 pensionnat
1184 3500 42 33 et
1241 3504 129 37 vous,
1394 3502 128 28 savez
1544 3489 120 41 seuls
1688 3488 104 53 quel
1813 3496 66 32 est
1902 3501 48 27 ce
1969 3487 113 52 jour,
2108 3494 44 30 et
