3302 4282
277 314 316 59 TEK
671 319 61 56 H
814 319 61 56 N
956 309 47 66 Ê

2781 3865 0 0 125

279 458 469 44 Existenzminimum
799 475 40 27 ».
888 461 59 42 Le
993 477 128 39 genre
1168 463 292 43 d'immeuble

280 520 202 55 envisagé
504 533 60 30 est
588 523 39 41 la
651 522 173 42 maison
847 523 19 41 à
891 524 256 43 nombreux
1174 526 153 52 étages,
1356 538 104 41 type

280 582 138 44 hôtel.
444 583 75 41 On
545 598 21 26 a
591 583 179 42 cherché
793 585 21 41 à
840 584 171 42 réaliser
1032 601 72 27 sur
1128 600 60 29 un
1215 586 243 43 minimum

281 644 194 52 d'espace
508 659 84 26 une
625 645 208 42 chambre
866 645 197 54 disposée
1096 648 50 41 de
1180 649 38 42 la
1251 647 132 54 façon
1420 648 38 41 la

279 705 98 53 plus
408 705 278 44 rationnelle.
717 706 58 42 Le
801 708 105 52 plan
934 708 178 45 fournit
1140 710 115 41 deux
1281 710 152 42 varian-

281 779 59 29 tes
383 782 7 25 :
429 767 230 42 chambres
693 768 50 42 de
782 769 74 54 8,9
895 785 62 26 m~
995 771 49 42 de
1079 771 230 52 superficie
1343 786 115 39 pour

282 843 84 27 une
404 844 232 37 personne,
678 843 39 30 et
754 830 207 42 chambre
1001 833 49 40 de
1099 847 100 40 14,5
1244 849 42 26 m
1293 837 13 20 2
1344 849 114 38 pour

281 889 116 42 deux
428 905 240 38 personnes
698 893 127 52 (page
863 907 102 38 124,
999 894 22 41 à
1051 895 165 52 gauche
1234 893 29 52 ).

349 952 80 41 Les
461 964 143 29 autres
633 964 127 42 types
789 965 81 30 ont
901 953 62 42 été
990 954 174 54 publiés
1195 955 263 42 récemment

280 1028 78 38 par
401 1014 38 42 la
484 1014 207 41 nouvelle
735 1030 126 28 revue
903 1017 236 53 espagnole
1180 1016 252 44 d'Architec-

282 1086 93 30 ture
425 1075 325 42 fonctionnelle
810 1092 21 25 «
884 1077 42 42 A
975 1078 37 42 C
1067 1094 40 30 »,
1159 1079 78 55 qui
1286 1094 143 28 accom-

279 1152 142 38 pagne
480 1148 107 30 cette
646 1138 282 52 publication
989 1140 71 41 des
1116 1142 341 41 commentaires

279 1199 202 40 suivants
513 1198 117 48 {voit
662 1200 58 42 les
752 1199 157 43 clichés
938 1216 110 38 page
1086 1202 121 54 123)
1247 1218 8 26 :

347 1260 67 41 N°
466 1275 34 26 1.
529 1286 69 4 —
626 1261 227 42 Chambre
882 1262 21 41 à
933 1278 59 26 un
1023 1263 51 44 lit
1102 1264 109 41 dans
1243 1280 58 26 un
1333 1263 123 43 hôtel

279 1321 50 41 de
367 1336 191 40 passage.
601 1322 87 46 Lit,
730 1322 319 46 bain-douche,
1090 1325 202 49 armoire,
1333 1325 99 42 d'en-

277 1383 308 44 combrement
665 1383 258 44 minimum.
1002 1386 168 42 Porche
1248 1387 204 42 d'entrée.

278 1444 327 43 Construction
657 1446 83 41 très
789 1446 306 55 économique.
1147 1447 241 54 Longueur
1444 1462 8 25 :

279 1521 113 38 4.40
425 1522 57 26 m.
516 1507 242 53 Superficie
795 1522 178 28 :12m
980 1512 14 19 2
1025 1508 74 54 98.

346 1568 67 41 N°
452 1583 38 26 2.
521 1594 68 4 —
618 1568 228 43 Chambre
877 1570 21 41 à
930 1585 59 26 un
1022 1569 50 43 lit
1103 1571 109 42 dans
1244 1586 59 27 un
1335 1570 120 43 hôtel

279 1628 50 42 de
364 1644 191 40 passage.
595 1630 187 42 Douche
817 1646 239 27 commune
1093 1632 20 40 à
1152 1633 115 41 deux
1303 1632 122 42 cham-

278 1691 109 42 bres.
417 1691 168 41 Porche
616 1691 205 42 d'entrée.
854 1692 325 43 Construction
1211 1693 244 54 également

278 1752 307 54 économique.
617 1752 243 54 Longueur
896 1768 8 26 :
937 1753 107 56 4.45
1079 1770 56 27 m.
1169 1754 240 54 Superficie
1443 1770 8 26 :

286 1815 53 41 i4
368 1828 43 27 m
418 1818 12 19 2
460 1813 75 42 68.

345 1874 68 42 N°
459 1890 38 38 3.
537 1901 68 4 —
641 1875 227 44 Chambre
905 1876 21 41 à
964 1877 115 42 deux
1118 1875 85 52 lits,
1245 1876 109 44 dans
1393 1891 60 27 un

277 1936 122 42 hôtel
434 1938 50 40 de
515 1952 193 39 passage.
741 1938 227 42 Chambre
999 1940 21 40 à
1051 1938 104 43 bain
1188 1938 180 53 séparée,
1404 1938 51 42 de

278 1998 254 42 dimension
561 1999 258 42 minimum.
848 1999 248 54 Spacieuses
1120 2001 224 41 armoires.
1373 1999 54 42 Su-

276 2060 177 53 perficie
490 2076 8 25 :
541 2076 53 38 17
629 2076 42 26 m
679 2064 13 19 2
726 2075 73 40 59.

347 2121 134 54 Type
514 2121 147 42 réalisé
695 2122 109 42 dans
836 2138 57 26 un
927 2122 121 43 hôtel
1079 2121 249 45 américain
1361 2123 62 41 Ex-

278 2183 103 42 trait
413 2183 50 41 de
503 2199 21 24 «
559 2183 136 44 Hôtel
726 2183 228 55 Planning
987 2183 259 55 Outfitting
1281 2199 39 26 ».

345 2244 68 42 N°
447 2260 40 38 4.
519 2279 73 5 —
620 2244 227 43 Chambre
876 2246 20 40 à
928 2260 58 27 un
1021 2244 51 44 lit
1101 2246 109 42 dans
1239 2262 59 26 un
1330 2244 121 44 hôtel

277 2306 50 41 de
364 2306 162 53 séjour.
566 2307 167 42 Porche
771 2307 204 51 d'entrée,
1020 2307 199 43 armoire,
1262 2306 102 43 salle
1403 2306 50 41 de

277 2368 104 41 bain
409 2379 39 30 et
475 2368 72 41 W.
576 2368 51 42 C.
658 2368 211 54 Longeur
902 2383 8 26 :
942 2382 22 40 5
996 2384 57 26 m.
1090 2383 68 27 10.
1189 2366 260 54 Superficie:

286 2444 52 39 19
371 2444 43 26 m
421 2432 13 20 2
468 2429 73 54 63.
575 2428 15 53 (
595 2430 115 42 Voir
740 2429 55 42 les
823 2429 155 43 clichés
1009 2444 108 39 page
1154 2446 11 24 1
1184 2445 57 38 24
1261 2430 15 53 )
1313 2446 8 24 :

345 2491 67 40 N°
444 2505 40 40 5.
515 2518 68 5 —
607 2490 134 42 Hôtel
767 2490 50 42 de
843 2491 161 53 séjour.
1033 2491 227 42 Chambre
1286 2491 21 41 à
1335 2490 118 42 deux

278 2552 72 42 lits
383 2568 100 26 avec
519 2568 84 26 une
638 2552 104 42 salle
776 2552 50 42 de
860 2552 104 42 bain
1000 2568 115 36 pour
1149 2552 115 42 deux
1300 2552 122 42 cham-

275 2613 96 42 bres
399 2613 329 54 (appartement
755 2613 51 42 de
834 2613 213 52 famille).
1078 2613 376 44 Réduit,armoire

277 2687 39 30 et
352 2676 163 41 lavabo
551 2676 109 41 dans
696 2676 167 54 chaque
897 2676 222 41 chambre.
1157 2676 242 52 Longueur
1440 2690 9 26 :

280 2752 21 39 5
340 2752 57 28 m.
439 2752 69 26 10.
543 2736 241 53 Superficie
819 2752 8 26 :
865 2752 54 39 23
955 2752 42 26 m
1003 2739 14 20 2
1051 2752 72 26 20.

355 2813 21 26 «
411 2799 157 41 Grand
601 2798 136 43 Hôtel
771 2798 365 53 Spindlermûhle
1174 2813 22 26 »
1231 2797 194 54 (Tchéco-

277 2858 289 56 slovaquie).
595 2860 251 42 Architecte
878 2875 8 26 :
916 2859 94 41 Th.
1039 2858 164 43 Triele.

343 2921 68 42 N°
450 2921 39 42 6.
524 2949 68 4 —
623 2921 228 42 Chambre
882 2921 21 41 à
937 2920 116 41 deux
1086 2920 73 43 lits
1191 2920 109 42 dans
1332 2918 121 43 hôtel

276 2982 50 42 de
355 2983 162 52 séjour.
553 2982 114 42 Salle
696 2982 49 42 de
773 2982 105 42 bain
907 2996 80 39 par
1015 2980 221 47 chambre,
1267 2980 186 55 grandes

277 3045 223 43 armoires.
535 3043 241 54 Superficie
813 3058 9 27 :
861 3058 58 39 24
950 3059 44 26 m
1001 3047 12 19 2
1046 3058 75 39 41.

345 3105 180 45 Extrait
561 3105 59 42 du
659 3105 107 43 livre
808 3120 8 25 :
868 3120 21 25 «
928 3104 135 43 Hôtel
1100 3103 229 55 Planning
1364 3104 88 41 and

276 3166 260 54 Outfitting
573 3182 40 26 ».

344 3239 67 42 N°
458 3255 40 38 7.
540 3265 68 4 —
645 3239 228 42 Chambre
912 3241 21 40 à
974 3239 116 42 deux
1130 3238 72 44 lits
1242 3238 110 42 dans
1390 3251 61 27 un

275 3302 124 42 hôtel
430 3301 51 41 de
511 3300 148 53 séjour
690 3300 168 52 (luxe).
891 3299 128 45 Bain,
1052 3299 163 55 porche
1245 3299 205 43 d'entrée,

276 3373 191 32 terrasse.
521 3362 287 53 Disposition
863 3361 180 54 spéciale
1095 3361 120 42 selon
1269 3359 184 56 laquelle

276 3424 179 53 l'espace
491 3424 167 41 destiné
693 3438 88 27 aux
815 3423 73 43 lits
921 3435 61 30 est
1016 3423 144 52 séparé
1194 3423 59 41 du
1288 3433 164 31 restant

275 3485 51 41 de
353 3486 39 42 la
418 3485 209 41 chambre
655 3485 77 54 qui
760 3485 145 41 forme
933 3500 59 26 un
1021 3485 111 52 petit
1159 3485 140 41 salon.
1331 3482 96 44 L'al-

275 3562 103 27 cove
414 3561 61 30 est
511 3546 113 42 aérée
660 3546 286 42 directement
980 3561 73 30 sur
1091 3546 37 41 la
1164 3557 176 30 terrasse
1374 3543 78 56 qui

274 3621 61 30 est
369 3607 197 53 disposée
601 3608 49 42 de
684 3606 191 43 manière
908 3608 20 40 à
964 3617 234 43 permettre
1232 3606 58 43 les
1323 3605 128 43 bains

276 3669 51 42 de
355 3668 139 44 soleil.
529 3669 145 54 Long.
714 3684 8 25 :
760 3682 22 41 5
818 3684 58 26 m.
912 3669 73 42 60.
1020 3667 174 54 Superf,
1234 3684 8 25 :
1281 3669 56 54 38
1371 3683 43 26 m
1420 3671 14 20 2
1441 3699 8 8 .

1610 467 367 37 Documents
2011 468 83 36 de
2128 468 342 41 Technique

1610 529 466 41 Urbanistique.

1611 697 482 57 Méthodes
2164 698 626 59 Américaines

1607 799 756 61 d'Aménagement
2443 802 88 54 et

1607 891 638 69 d'Équipement
2284 902 158 54 des

1606 998 481 56 Carrefours
2127 997 218 61 (fin).

1678 1201 73 41 Au
1775 1216 129 28 cours
1926 1201 60 41 du
2011 1200 234 54 précédent
2269 1200 161 47 article,
2457 1213 40 32 et
2519 1203 122 53 après
2664 1202 100 56 quel-

1607 1279 107 38 ques
1736 1263 271 54 généralités,
2034 1278 115 27 nous
2175 1278 140 27 avons
2339 1264 205 43 examiné
2567 1264 55 43 les
2647 1266 144 42 divers

1607 1325 210 53 systèmes
1852 1324 391 55 d'aménagement
2275 1336 40 32 et
2347 1325 337 56 d'équipement
2717 1326 72 42 des

1606 1386 247 42 carrefours
1883 1397 189 44 portant
2100 1401 73 30 sur
2203 1387 36 42 le
2267 1387 113 42 tracé
2409 1387 141 45 même
2579 1389 50 43 de
2657 1402 105 28 ceux-

1606 1449 33 41 ci
1772 1447 210 55 systèmes
2014 1448 78 55 qui
2125 1462 83 31 ont
2239 1463 119 39 pour
2387 1448 82 43 but
2502 1449 217 43 d'assurer
2753 1449 36 42 le

1608 1510 253 42 maximum
1893 1510 51 42 de
1973 1509 166 44 facilité
2169 1521 39 32 et
2238 1510 50 43 de
2319 1509 180 45 sécurité
2529 1512 22 42 à
2582 1514 40 41 la
2650 1510 115 44 circu-

1608 1572 140 42 lation
1791 1571 279 43 véhiculaire.
2112 1571 132 43 Nous
2283 1587 141 31 avons
2461 1587 74 31 vu,
2580 1571 206 46 d'abord,

1606 1633 112 55 qu'il
1765 1634 135 41 existe
1951 1648 8 26 :
2007 1649 21 26 a
2048 1635 14 52 )
2107 1644 156 44 quatre
2307 1633 232 44 méthodes
2581 1633 52 45 de
2675 1634 114 43 tracé

1606 1695 311 54 urbanistique
1956 1705 273 43 permettant
2265 1710 88 28 aux
2391 1694 220 44 véhicules
2649 1695 116 43 d'évi-

1607 1767 64 31 ter
1704 1758 57 41 les
1793 1756 307 43 intersections
2133 1755 308 55 dangereuses;
2476 1757 30 42 b
2523 1757 16 54 )
2572 1768 40 32 et
2645 1756 144 43 divers

1606 1818 224 53 systèmes,
1884 1817 88 43 soit
2024 1818 51 42 de
2127 1816 266 55 répartition
2445 1818 72 44 des
2568 1817 220 45 véhicules

1606 1879 277 47 (classement
1928 1882 71 41 des
2045 1879 205 54 artères),
2297 1881 87 43 soit
2426 1881 50 41 de
2518 1880 245 55 perfection-

1606 1955 181 31 nement
1820 1942 73 42 des
1926 1940 268 47 carrefours;
2231 1942 52 53 c)
2318 1940 141 47 enfin,
2497 1955 115 29 nous
2647 1955 140 30 avons

1604 2002 120 54 parlé
1760 2003 276 44 brièvement
2073 2004 73 41 des
2187 2019 21 39 3
2251 2002 234 46 méthodes
2522 2002 265 56 principales

1606 2063 326 54 d'application
1972 2065 57 41 du
2078 2079 22 26 «
2139 2079 96 27 sens
2273 2064 167 56 unique
2479 2080 39 29 ».

1674 2200 130 41 Nous
1843 2199 155 46 dirons
2036 2200 21 41 à
2097 2199 174 54 présent
2308 2200 213 55 quelques
2558 2210 118 33 mots
2714 2200 73 42 des

1603 2261 226 43 solutions
1867 2263 51 42 de
1956 2263 38 41 la
2034 2260 232 43 deuxième
2302 2261 228 55 catégorie,
2570 2260 103 44 celle
2709 2261 75 55 qui

1603 2338 168 38 groupe
1802 2324 56 40 les
1885 2323 211 53 systèmes
2123 2338 40 26 se
2190 2323 200 42 bornant
2418 2324 21 42 à
2467 2323 320 54 l'équipement

1605 2383 71 42 des
1700 2384 245 42 carrefours
1969 2399 53 28 au
2048 2399 166 39 moyen
2240 2384 51 42 de
2318 2384 233 54 personnel
2574 2399 59 28 ou
2660 2383 102 54 d'ap-

1604 2445 157 53 pareils
1794 2446 262 42 contrôlant
2087 2446 37 42 le
2156 2446 129 43 trafic
2323 2462 8 26 :

1968 2692 143 55 (Suite
2132 2694 52 42 de
2205 2695 41 42 la
2266 2695 193 41 colonne
2481 2695 266 53 précédente.
2770 2693 14 53 )

1674 2827 251 43 Architecte
1966 2844 9 26 :
2015 2828 128 43 Hans
2178 2828 298 45 Schumacher
2508 2829 226 55 (Cologne
2752 2829 30 53 )♦

1672 2902 68 42 N°
1787 2903 40 43 8.
1976 2902 230 43 Chambre
2245 2904 21 41 à
2307 2904 118 41 deux
2463 2902 70 44 lits
2572 2902 111 43 dans
2723 2917 59 27 un

1603 2964 122 42 hôtel
1754 2965 51 42 de
1831 2966 116 41 luxe.
1977 2964 114 42 Bain
2099 2997 8 13 t
2135 2965 75 42 Wv
2239 2965 53 44 C.
2322 2965 119 45 isolé,
2470 2966 163 53 porche
2660 2965 100 42 d'en-

1603 3025 99 44 trée,
1728 3025 159 42 réduit.
1912 3026 204 41 Grandes
2139 3027 210 42 armoires
2375 3026 165 43 isolant
2563 3028 59 41 du
2645 3025 137 43 bruit.

1604 3086 194 42 Galeries
1844 3087 263 55 protégeant
2151 3088 73 42 des
2270 3088 197 54 rigueurs
2512 3087 51 43 de
2608 3087 173 43 l'hiver.

1604 3148 245 55 Longueur
1880 3149 51 42 de
1961 3151 40 41 la
2032 3149 209 42 chambre
2279 3165 8 26 :
2323 3165 26 38 4
2382 3165 59 29 m.
2478 3150 82 46 60;
2595 3149 138 42 totale
2771 3163 10 27 :

1606 3211 23 40 8
1662 3225 57 27 m.
1756 3210 75 43 60.
1862 3210 174 42 Galerie
2066 3226 52 26 en
2147 3210 388 45 encorbellement.

1671 3283 156 53 Projet
1860 3283 148 43 Viella
2041 3283 151 54 (Valle
2224 3284 52 41 de
2308 3284 124 42 Aran
2451 3283 32 54 ).

1672 3356 66 42 La
1763 3372 128 27 revue
1928 3373 21 25 «
1979 3358 43 41 A
2048 3358 38 42 C
2116 3373 22 26 »
2169 3357 116 42 dont
2313 3372 114 27 nous
2455 3373 140 28 avons
2622 3356 162 44 extrait

1603 3433 62 26 ces
1711 3418 138 55 lignes
1893 3434 203 26 annonce
2139 3434 60 40 qu
2222 3418 75 43 elle
2342 3420 191 46 traitera,
2579 3420 109 42 dans
2733 3419 50 41 de

1601 3481 242 51 prochains
1884 3481 224 44 numéros,
2151 3481 51 42 de
2241 3481 320 54 l'équipement
2599 3495 157 39 propre-

1603 3557 123 34 ment
1755 3542 67 44 dit
1850 3543 71 41 des
1949 3543 230 41 chambres
2206 3542 188 43 d'hôtel*
2423 3544 67 40 De
2518 3553 127 31 notre
2671 3542 109 45 côté,

1602 3618 115 27 nous
1739 3604 264 53 publierons
2028 3615 101 33 tout
2151 3604 370 53 prochainement
2547 3619 85 27 une
2655 3603 127 43 étude

1602 3664 174 45 d'hôtel
1813 3665 232 54 complète,
2084 3681 99 27 avec
2219 3664 326 55 avant-projet.
