3302 4282
2251 308 313 64 TEK
2643 307 60 56 H
2785 306 61 56 N
2929 294 47 66 É

452 3812 160 56 126

459 458 94 55 Fig.
601 458 70 57 6.
706 458 35 57 —
776 458 173 57 Types
989 462 270 53 d'appareils
1299 461 260 47 américains
1598 464 53 41 de

458 534 204 41 contrôle
691 534 63 42 du
784 534 130 43 trafic
949 550 12 26 :
991 536 134 42 Poste
1165 551 22 25 «
1219 536 135 42 Essco
1388 551 22 26 »
1442 537 24 41 à
1494 544 156 45 quatre

459 607 114 41 faces
599 607 51 42 de
674 607 219 54 signaux;
921 608 122 42 boîte
1069 610 51 41 de
1146 609 203 41 contrôle
1384 624 22 26 «
1435 610 134 41 Essco
1600 624 47 31 »;

458 692 129 42 poste
621 697 22 26 «
672 682 137 53 Eagle
838 697 40 32 »,
908 683 23 41 à
957 683 91 42 face
1073 682 170 55 unique
1272 684 51 41 de
1348 682 216 54 signaux;
1593 682 38 43 si-

457 769 157 37 gnaux
650 754 180 43 aériens.

537 991 36 27 i*
617 977 63 42 La
706 977 214 43 méthode
946 979 40 42 la
1010 977 103 54 plus
1136 979 225 44 ancienne,
1389 977 101 43 celle
1518 977 105 55 qu'u-

459 1038 173 43 tilisent
669 1039 191 42 nombre
899 1040 50 41 de
985 1039 166 55 grands
1189 1050 165 32 centres
1391 1038 256 53 européens,

459 1114 62 30 est
554 1101 105 41 celle
695 1101 51 41 de
780 1101 170 54 l'agent
983 1103 64 41 du
1080 1100 146 48 trafic,
1260 1101 127 53 posté
1422 1115 54 28 au
1511 1115 115 28 carre-

459 1161 108 42 four
603 1162 23 41 à
663 1161 244 49 surveiller,
949 1174 40 30 et
1027 1178 51 27 en
1115 1162 295 54 régularisant
1448 1162 36 41 le
1522 1176 127 27 cours

459 1223 184 42 suivant
679 1223 56 45 les
773 1223 241 43 nécessités.
1054 1224 62 43 Ce
1152 1223 189 54 système
1377 1237 61 31 est
1474 1222 175 44 valable

458 1285 34 42 si
519 1285 36 42 le
579 1285 203 42 contrôle
808 1301 52 26 ne
885 1285 99 44 doit
1006 1301 78 38 pas
1107 1286 86 42 être
1217 1296 278 43 permanent,
1525 1285 103 40 c'est-

457 1346 144 43 à-dire
630 1346 70 44 s'il
730 1360 108 41 peut
866 1347 209 43 s'exercer
1102 1346 244 44 seulement
1378 1362 88 26 aux
1496 1347 153 41 heures

458 1409 52 41 de
540 1409 169 54 grande
738 1408 237 43 affluence.
1010 1408 122 42 Mais
1160 1409 111 41 dans
1302 1410 35 40 le
1368 1424 67 26 cas
1466 1408 59 41 du
1558 1421 68 28 car-

455 1468 152 43 refour
630 1470 208 54 exigeant
861 1485 60 27 un
944 1470 203 43 contrôle
1169 1470 204 45 continu,
1400 1470 166 53 l'agent
1589 1468 60 42 du

459 1531 144 45 trafic,
648 1531 69 43 s'il
758 1547 62 32 est
862 1531 348 54 indispensable,
1255 1547 51 26 ne
1345 1531 97 43 doit
1481 1531 86 41 être
1609 1531 38 41 là

457 1607 85 41 que
572 1607 179 28 comme
781 1593 281 45 surveillant,
1097 1593 33 42 le
1162 1593 144 54 signal
1337 1591 312 54 automatique

457 1666 180 31 servant
687 1656 92 41 seul
830 1656 21 41 à
905 1656 39 42 la
996 1654 343 55 régularisation
1392 1654 58 42 du
1504 1652 142 44 trafic.

457 1717 191 54 D'après
685 1716 268 55 l'ingénieur
987 1716 251 46 Goodrich,
1279 1717 36 41 le
1351 1714 201 44 contrôle
1589 1713 60 42 du

457 1778 228 45 carrefour
714 1778 181 43 devient
923 1778 233 42 nécessaire
1187 1778 73 41 dès
1288 1792 84 41 que
1403 1778 35 41 le
1465 1778 184 41 volume

458 1840 61 42 du
542 1839 131 45 trafic
696 1840 179 54 dépasse
906 1855 141 30 1,200
1070 1838 222 44 véhicules
1314 1838 47 54 (*
1382 1839 14 52 )
1420 1839 22 41 à
1466 1838 179 44 l'heure,

459 1901 112 44 dans
606 1917 86 28 une
725 1901 115 44 seule
874 1901 218 43 direction
1126 1900 98 55 (fig.
1265 1901 23 42 6
1309 1901 16 53 )
1360 1911 40 31 et
1432 1899 100 54 (fig.
1570 1915 25 38 7
1615 1898 30 52 ).

533 1979 40 27 2.
601 1964 64 43 La
693 1964 187 42 seconde
906 1962 215 44 méthode
1146 1977 63 32 est
1232 1960 99 44 celle
1356 1961 51 43 de
1433 1962 40 42 la
1499 1962 125 52 signa-

459 2025 186 43 lisation
690 2025 315 54 automatique
1050 2023 331 55 synchronisée,
1427 2023 110 42 dans
1584 2020 42 42 la-

458 2087 147 56 quelle
629 2098 104 31 tous
760 2087 58 44 les
843 2087 192 54 signaux
1062 2085 135 42 d'une
1224 2084 141 43 même
1391 2084 135 43 artère
1551 2082 72 43 exé-

458 2160 154 33 cutent
646 2150 37 42 le
719 2148 143 43 même
896 2148 130 42 ordre
1060 2163 54 27 au
1149 2146 141 42 même
1325 2154 219 33 moment.
1584 2143 61 42 Ce

530 2284 49 54 (*
598 2285 16 53 )
657 2285 62 43 Ce
760 2284 162 44 chiffre
965 2295 62 31 est
1066 2295 223 43 pourtant
1331 2285 196 42 contesté
1567 2299 81 38 par

462 2347 146 42 divers
645 2345 265 56 spécialistes
948 2346 50 42 de
1037 2347 40 43 la
1113 2346 225 55 question.

530 2408 45 42 D
581 2409 7 13 f
598 2408 124 54 après
750 2409 48 41 E.
830 2408 50 42 B.
912 2407 194 44 Lefferts
1136 2407 76 53 (du
1252 2424 22 26 «
1303 2406 343 54 Public-Safety

461 2469 327 54 Département
821 2485 41 38 »,
895 2469 258 43 Auto-club
1184 2469 50 43 of
1265 2470 40 42 S.
1338 2469 257 44 California
1612 2468 32 55 ),

461 2533 40 42 la
530 2531 315 56 signalisation
873 2532 327 55 automatique,
1230 2546 99 28 avec
1356 2542 145 43 temps
1529 2530 94 44 d'ar-

461 2594 78 44 rêt,
569 2607 64 32 est
659 2593 233 43 nécessaire
920 2608 89 27 aux
1037 2592 247 43 carrefours
1312 2593 116 48 dont
1454 2594 58 42 les
1541 2608 80 28 con-

461 2655 173 43 ditions
663 2668 106 32 sont
798 2657 58 42 les
883 2654 227 45 suivantes
1145 2671 9 26 :

539 2732 36 27 i*
617 2716 269 44 Carrefours
910 2716 22 42 à
962 2732 23 26 2
1011 2716 122 45 voies
1158 2716 334 43 d'intersection
1517 2715 104 56 (qua-

461 2791 63 31 tre
548 2779 143 53 rues).
722 2779 44 42 Si
791 2778 247 42 l'intensité
1060 2779 60 42 du
1145 2777 128 44 trafic
1298 2777 177 54 dépasse
1507 2792 139 41 1,500

459 2840 200 44 voitures
692 2856 80 38 par
806 2840 146 48 heure,
989 2840 116 42 dont
1145 2854 55 41 25
1238 2855 83 38 p.c.
1358 2839 183 44 roulant
1574 2853 75 29 sur

462 2903 39 41 la
529 2902 101 42 voie
659 2901 268 43 secondaire.

533 2979 23 26 2
577 2963 16 54 )
634 2963 269 43 Carrefours
933 2963 21 42 à
990 2979 21 38 3
1046 2963 120 43 voies
1197 2963 334 44 d'intersection
1560 2961 86 55 (six

461 3026 144 53 rues).
649 3026 44 42 Si
734 3025 245 42 l'intensité
1017 3026 60 42 du
1116 3025 129 44 trafic
1284 3025 175 53 dépasse
1501 3040 145 28 2,000

459 3088 200 42 voitures
692 3103 82 38 par
808 3087 146 43 heure,
992 3087 116 41 dont
1145 3100 55 41 25
1238 3100 82 39 p.c.
1358 3086 182 45 roulant
1574 3100 73 28 sur

459 3165 87 26 une
577 3149 73 42 des
681 3149 122 42 voies
835 3147 289 45 secondaires.

532 3226 23 40 3
577 3210 15 54 )
633 3210 270 43 Carrefours
939 3210 22 42 à
1001 3225 27 39 4
1066 3209 121 43 voies
1225 3210 26 42 d
1275 3208 215 46 insection
1527 3208 120 54 (huit

461 3272 144 55 rues).
649 3273 44 41 Si
733 3271 247 44 l'intensité
1018 3272 60 42 du
1117 3270 130 44 trafic
1285 3271 176 54 dépasse
1501 3286 144 41 2,500

461 3335 199 42 voitures
694 3349 80 39 par
806 3334 148 45 heure,
993 3333 117 44 dont
1147 3347 55 41 25
1240 3348 83 38 p.c.
1360 3332 183 47 roulant
1575 3346 72 28 sur

460 3412 86 28 une
574 3396 73 43 des
673 3396 122 43 voies
821 3395 288 44 secondaires.

459 3620 82 52 Fig
546 3655 7 7 .
591 3617 68 56 7.
693 3617 35 56 —
762 3617 137 56 Deux
927 3617 226 53 exemples
1182 3617 53 42 de
1263 3617 278 44 localisation
1574 3619 73 42 des

457 3702 152 45 postes
638 3692 349 55 signalisateurs.
