3302 4282
2581 3865 140 55 121

210 912 588 71 SUPPLÉMENT
834 925 418 58 MENSUEL
1286 920 674 62 D'INFORMATION
1991 919 45 57 &
2067 919 105 55 DE
2210 916 507 67 TECHNIQUE

210 1111 487 78 CINQUIÈME
740 1122 289 56 ANNEE
1061 1119 484 69 (NOUVELLE
1578 1114 278 69 SERIE)
1904 1114 259 59 -1932.
2199 1143 22 12 -
2265 1113 372 57 NUMERO
2674 1114 43 55 8

212 1567 689 84 Sommaire
984 1580 36 69 :

216 1752 198 54 Congrès
442 1752 379 42 Internationaux

216 1826 355 42 d'Architecture
604 1825 211 44 moderne
853 1841 8 25 :

216 1900 253 44 Assemblée
498 1900 50 42 de
576 1900 239 43 Barcelone
866 1935 8 8 .
952 1932 8 7 .
1037 1933 7 7 .
1123 1932 6 8 .
1208 1932 8 8 .
1303 1914 79 27 121

214 2012 289 53 Plans-types
538 2013 51 42 de
623 2011 229 42 chambres
888 2011 170 42 d'hôtel
1124 2046 6 7 .
1207 2044 8 8 .
1302 2025 83 39 123

214 2123 358 53 Aménagement
611 2134 40 31 et
692 2122 284 56 équipement
1016 2123 71 43 des
1128 2137 68 27 car-

214 2198 171 41 refours
420 2196 121 56 (fin)
1302 2210 83 40 125

214 2308 145 43 Etude
399 2323 72 27 sur
512 2309 55 41 les
607 2307 199 53 hospices
844 2323 115 37 pour
999 2306 219 44 vieillards

213 2382 86 52 (fin
320 2383 14 53 )
1301 2380 86 41 128

214 2494 159 42 Echos,
407 2492 326 43 informations
764 2505 39 30 et
834 2491 341 54 communiqués
1208 2526 8 8 .
1302 2506 80 39 131

214 2605 243 45 Annonces
1302 2616 87 38 132

216 2927 58 41 Le
307 2925 189 43 numéro
530 2925 50 42 de
613 2924 81 42 LA
729 2923 153 42 CITE
915 2921 138 44 inclus
1085 2922 110 42 dans
1229 2920 34 42 le
1295 2920 72 54 pré-

215 3011 95 31 sent
349 2999 203 42 fascicule
589 2998 201 47 contient
832 3000 56 41 les
928 2995 168 45 articles
1133 2994 201 44 suivants
1380 3008 9 26 :

319 3135 308 53 Conceptions
670 3134 227 42 nouvelles
937 3134 109 41 dans
1088 3133 39 44 la
1166 3142 201 32 construc-

217 3211 96 41 tion
347 3210 71 44 des
448 3208 244 54 gratte-ciel
725 3207 270 44 américains»

320 3333 132 41 Deux
484 3344 189 30 travaux
705 3332 50 40 de
787 3330 264 44 l'architecte
1080 3330 56 42 A.
1167 3329 51 43 C.
1250 3329 114 42 Ducs-

216 3407 117 54 berg.

315 3530 333 54 L'Exposition
684 3529 334 43 d'architecture
1057 3527 276 45 rationnelle,
1372 3528 21 41 à

217 3592 142 53 Liège.

320 3729 365 42 L'Architecture
722 3726 366 45 Internationale,

1541 1565 221 71 Aux
1842 1560 475 84 Congrès
2387 1561 280 71 Inter-

1541 1675 610 72 nationaux
2226 1672 434 72 d'Archi-

1538 1787 415 71 tecture
2025 1783 563 73 Moderne.

1538 1943 363 39 Assemblée
1965 1951 71 28 des
2055 1942 307 40 délégués
2382 1943 342 36 nationaux

1539 2007 38 35 à
1607 2006 344 36 Barcelone
1980 2005 381 43 (Mars-Avril
2390 2004 177 44 1932)

1611 2132 127 41 Dans
1773 2132 35 40 le
1839 2130 83 42 but
1953 2129 201 54 d'opérer
2186 2144 85 27 une
2301 2128 286 56 préparation
2620 2128 80 42 effi-

1540 2208 93 26 cace
1678 2208 54 27 au
1780 2191 202 54 Congrès
2030 2191 51 41 de
2128 2190 193 42 Moscou
2368 2189 89 55 (IV
2462 2196 14 16 e
2524 2189 200 54 Congrès

1542 2254 330 43 International
1929 2252 358 43 d'Architecture
2341 2250 268 52 Moderne),
2668 2253 57 41 les

1542 2315 199 55 délégués
1775 2316 70 40 des
1880 2314 187 43 diverses
2100 2313 189 43 sections
2321 2313 251 43 nationales
2603 2313 50 41 de
2686 2312 37 42 la

1541 2377 52 42 C.
1628 2376 33 42 L
1694 2377 54 43 R.
1785 2376 47 42 P.
1868 2376 56 41 A.
1960 2375 52 42 C.
2046 2391 40 26 se
2118 2389 104 31 sont
2255 2375 146 43 réunis
2432 2384 101 33 tout
2565 2373 132 43 récem-

1543 2450 122 30 ment
1690 2438 21 40 à
1739 2438 253 48 Barcelone,
2021 2436 183 54 capitale
2231 2436 50 42 de
2307 2436 39 42 la
2371 2435 131 53 jeune
2527 2434 172 54 républi-

1541 2514 84 39 que
1649 2499 211 42 catalane.
1888 2499 127 41 Cette
2043 2497 341 43 manifestation
2411 2497 210 54 patronée
2646 2511 78 37 par

1542 2561 56 44 les
1622 2560 214 43 autorités
1860 2559 235 43 officielles
2119 2559 72 44 fut
2215 2557 242 55 empreinte
2482 2558 50 42 de
2558 2560 38 41 la
2624 2557 100 53 plus

1541 2622 165 53 grande
1730 2621 244 45 cordialité,
2001 2622 128 40 chose
2151 2621 78 55 qui
2252 2620 192 42 favorise
2466 2619 234 54 singulière-

1543 2695 122 30 ment
1708 2685 56 41 les
1807 2682 145 43 tâches
1994 2683 155 42 ardues
2189 2682 78 55 qui
2308 2681 152 42 furent
2499 2680 121 43 celles
2663 2681 58 42 du

1541 2744 201 55 Congrès
1796 2744 50 42 de
1900 2744 254 42 Barcelone.
2212 2744 60 41 Le
2326 2744 133 41 maire
2513 2743 50 41 de
2615 2750 107 33 cette

1542 2807 165 52 grande
1742 2805 103 42 ville
1881 2817 40 30 et
1956 2806 36 41 le
2027 2805 174 42 colonel
2237 2804 147 43 Macia
2419 2819 50 26 en
2505 2817 218 39 personne

1544 2867 168 42 tinrent
1746 2867 21 40 à
1806 2866 257 43 manifester
2098 2866 194 44 l'intérêt
2325 2864 135 56 qu'ils
2494 2862 231 57 prenaient

1542 2944 18 26 ?
1590 2944 63 26 ces
1680 2940 206 31 travaux.

1611 2990 143 42 Outre
1789 2989 238 54 l'Espagne
2060 3001 40 30 et
2133 2989 37 42 la
2204 2988 264 54 Catalogne,
2507 2988 50 40 de
2593 3001 98 27 nom-

1543 3051 138 41 breux
1712 3066 111 45 gays
1854 3051 162 42 étaient
2047 3050 263 53 représentés
2342 3066 54 26 au
2427 3050 200 52 Congrès

1544 3112 315 55 l'Allemagne,
1900 3115 38 40 la
1975 3111 227 56 Belgique,
2241 3113 38 42 la
2315 3112 176 43 France,
2530 3111 39 43 la
2608 3109 87 42 Hol-

1543 3174 144 45 lande,
1731 3174 176 42 l'ltalie,
1949 3174 39 42 la
2029 3174 143 41 Suisse
2211 3184 39 30 et
2290 3172 39 42 la
2369 3170 352 56 Yougo-Slavie.

1542 3235 203 41 Diverses
1771 3235 278 41 conférences
2073 3235 239 53 publiques
2338 3244 152 33 eurent
2518 3233 99 45 lieu,
2646 3233 77 53 qui

1543 3296 321 53 complétèrent
1909 3297 50 42 de
2003 3295 132 53 façon
2179 3296 209 41 heureuse
2432 3294 56 41 les
2533 3305 190 30 travaux

1543 3357 162 42 mêmes
1740 3358 72 41 des
1845 3356 308 55 congressistes
2192 3372 7 26 :
2238 3368 127 31 notre
2397 3355 327 43 collaborateur

1543 3419 58 41 V.
1636 3419 247 54 Bourgeois
1915 3419 123 53 parla
2070 3419 21 41 à
2125 3417 292 44 l'Université
2451 3415 272 44 industrielle

1543 3481 59 41 du
1639 3480 231 53 problème
1906 3480 71 42 des
2024 3496 21 25 «
2085 3478 294 44 Habitations
2412 3477 222 44 ouvrières
2674 3492 46 31 »;

1542 3541 60 43 Le
1638 3541 245 42 Corbusier
1916 3542 131 42 traita
2083 3541 50 42 de
2169 3540 330 46 l'Urbanisme;
2540 3540 41 41 S.
2618 3538 79 43 Gie-

1543 3603 108 41 dion
1690 3602 56 46 fit
1782 3619 85 26 une
1901 3603 192 42 curieuse
2125 3603 187 42 causerie
2347 3617 72 28 sur
2463 3617 21 25 «
2526 3603 38 42 la
2601 3601 98 41 révo-

1545 3664 145 42 lution
1730 3664 186 56 optique
1953 3680 53 26 au
2043 3663 94 43 XX
2142 3671 14 18 e
2191 3663 121 43 siècle
2349 3678 40 31 »,
2430 3665 21 41 à
2489 3661 234 43 l'Athénée

1540 3727 249 53 populaire.
1815 3726 103 42 Van
1942 3726 202 41 Eesteren
2169 3740 163 39 exposa
2355 3723 311 44 brillamment
2690 3723 35 42 le
