<?xml version="1.0" encoding="UTF-8"?>
<alto xmlns:xsi="http://www.w3.org/2001/XMLSchema-instance" xmlns="http://www.loc.gov/standards/alto/ns-v2#" xsi:schemaLocation="http://www.loc.gov/standards/alto/ns-v2# http://www.loc.gov/standards/alto/v2/alto-2-0.xsd" xmlns:xlink="http://www.w3.org/1999/xlink">
	<Description>
		<MeasurementUnit>mm10</MeasurementUnit>
		<sourceImageInformation>
			<fileName>./bmtnabs_1921-06_01_0014.jp2</fileName>
		</sourceImageInformation>
		<OCRProcessing ID="OCRPROCESSING_1">
			<preProcessingStep>
				<processingSoftware>
					<softwareCreator>CCS Content Conversion Specialists GmbH, Germany</softwareCreator>
					<softwareName>CCS docWorks</softwareName>
					<softwareVersion>6.8-1.27</softwareVersion>
				</processingSoftware>
			</preProcessingStep>
			<ocrProcessingStep>
				<processingSoftware>
					<softwareCreator>ABBYY (BIT Software), Russia</softwareCreator>
					<softwareName>FineReader</softwareName>
					<softwareVersion>11.0</softwareVersion>
				</processingSoftware>
			</ocrProcessingStep>
			<postProcessingStep>
				<processingSoftware>
					<softwareCreator>CCS Content Conversion Specialists GmbH, Germany</softwareCreator>
					<softwareName>CCS docWorks</softwareName>
					<softwareVersion>6.8-1.27</softwareVersion>
					<applicationDescription>docWorks: Text modified manually, or automatically replaced</applicationDescription>
				</processingSoftware>
			</postProcessingStep>
		</OCRProcessing>
	</Description>
	<Styles>
		<TextStyle ID="TXT_0" FONTSIZE="55" FONTFAMILY="Arial"/>
		<TextStyle ID="TXT_1" FONTSIZE="11" FONTFAMILY="Times New Roman"/>
		<ParagraphStyle ID="PAR_LEFT" ALIGN="Left"/>
		<ParagraphStyle ID="PAR_BLOCK" ALIGN="Block"/>
	</Styles>
	<Layout>
		<Page ID="P14" PHYSICAL_IMG_NR="14" HEIGHT="2540" WIDTH="1624" PRINTED_IMG_NR="292" PC="0.941">
			<TopMargin ID="P14_TM00001" HPOS="0" VPOS="0" WIDTH="1624" HEIGHT="245"/>
			<LeftMargin ID="P14_LM00001" HPOS="0" VPOS="245" WIDTH="218" HEIGHT="1953"/>
			<RightMargin ID="P14_RM00001" HPOS="1412" VPOS="245" WIDTH="212" HEIGHT="1953"/>
			<BottomMargin ID="P14_BM00001" HPOS="0" VPOS="2198" WIDTH="1624" HEIGHT="342">
				<TextBlock ID="P14_TB00001" HPOS="226" VPOS="2200" WIDTH="64" HEIGHT="35" STYLEREFS="TXT_0 PAR_LEFT">
					<TextLine ID="P14_TL00001" HPOS="226" VPOS="2200" WIDTH="64" HEIGHT="35">
						<String ID="P14_ST00001" HPOS="226" VPOS="2200" WIDTH="64" HEIGHT="35" CONTENT="292" WC="1.00" CC="000"/>
					</TextLine>
				</TextBlock>
			</BottomMargin>
			<PrintSpace ID="P14_PS00001" HPOS="218" VPOS="245" WIDTH="1194" HEIGHT="1953">
				<TextBlock ID="P14_TB00002" HPOS="218" VPOS="245" WIDTH="1194" HEIGHT="1917" STYLEREFS="TXT_1 PAR_BLOCK">
					<TextLine ID="P14_TL00002" HPOS="219" VPOS="246" WIDTH="1183" HEIGHT="45">
						<String ID="P14_ST00002" HPOS="219" VPOS="253" WIDTH="58" HEIGHT="30" CONTENT="Ein" WC="0.92" CC="667"/>
						<SP ID="P14_SP00001" HPOS="277" VPOS="283" WIDTH="22"/>
						<String ID="P14_ST00003" HPOS="299" VPOS="251" WIDTH="139" HEIGHT="40" CONTENT="Mensch," WC="0.99" CC="0070270"/>
						<SP ID="P14_SP00002" HPOS="438" VPOS="291" WIDTH="22"/>
						<String ID="P14_ST00004" HPOS="460" VPOS="251" WIDTH="54" HEIGHT="29" CONTENT="der" WC="0.94" CC="626"/>
						<SP ID="P14_SP00003" HPOS="514" VPOS="291" WIDTH="20"/>
						<String ID="P14_ST00005" HPOS="534" VPOS="250" WIDTH="110" HEIGHT="29" CONTENT="einmal" WC="0.96" CC="267857"/>
						<SP ID="P14_SP00004" HPOS="644" VPOS="291" WIDTH="23"/>
						<String ID="P14_ST00006" HPOS="667" VPOS="249" WIDTH="59" HEIGHT="30" CONTENT="den" WC="0.97" CC="330"/>
						<SP ID="P14_SP00005" HPOS="726" VPOS="291" WIDTH="23"/>
						<String ID="P14_ST00007" HPOS="749" VPOS="246" WIDTH="116" HEIGHT="32" CONTENT="Pfaffen" WC="0.97" CC="7757707"/>
						<SP ID="P14_SP00006" HPOS="865" VPOS="291" WIDTH="22"/>
						<String ID="P14_ST00008" HPOS="887" VPOS="249" WIDTH="89" HEIGHT="28" CONTENT="unter" WC="0.95" CC="89727"/>
						<SP ID="P14_SP00007" HPOS="976" VPOS="291" WIDTH="21"/>
						<String ID="P14_ST00009" HPOS="997" VPOS="247" WIDTH="49" HEIGHT="29" CONTENT="die" WC="0.94" CC="970"/>
						<SP ID="P14_SP00008" HPOS="1046" VPOS="291" WIDTH="21"/>
						<String ID="P14_ST00010" HPOS="1067" VPOS="246" WIDTH="118" HEIGHT="31" CONTENT="Klanen" WC="0.98" CC="370046"/>
						<SP ID="P14_SP00009" HPOS="1185" VPOS="291" WIDTH="21"/>
						<String ID="P14_ST00011" HPOS="1206" VPOS="248" WIDTH="127" HEIGHT="36" CONTENT="geraten" WC="0.98" CC="6460465"/>
						<SP ID="P14_SP00010" HPOS="1333" VPOS="291" WIDTH="21"/>
						<String ID="P14_ST00012" HPOS="1354" VPOS="247" WIDTH="48" HEIGHT="38" CONTENT="ist," WC="0.97" CC="0633"/>
					</TextLine>
					<TextLine ID="P14_TL00003" HPOS="218" VPOS="291" WIDTH="1186" HEIGHT="44">
						<String ID="P14_ST00013" HPOS="218" VPOS="298" WIDTH="53" HEIGHT="33" CONTENT="hat" WC="0.95" CC="707"/>
						<SP ID="P14_SP00011" HPOS="271" VPOS="331" WIDTH="30"/>
						<String ID="P14_ST00014" HPOS="301" VPOS="296" WIDTH="171" HEIGHT="39" CONTENT="aufgehört," WC="0.99" CC="5679000613"/>
						<SP ID="P14_SP00012" HPOS="472" VPOS="335" WIDTH="38"/>
						<String ID="P14_ST00015" HPOS="510" VPOS="294" WIDTH="183" HEIGHT="39" CONTENT="gedanklich" WC="0.99" CC="0000052509"/>
						<SP ID="P14_SP00013" HPOS="693" VPOS="335" WIDTH="41"/>
						<String ID="P14_ST00016" HPOS="734" VPOS="293" WIDTH="158" HEIGHT="31" CONTENT="fruchtbar" WC="0.98" CC="627066667"/>
						<SP ID="P14_SP00014" HPOS="892" VPOS="335" WIDTH="41"/>
						<String ID="P14_ST00017" HPOS="933" VPOS="301" WIDTH="41" HEIGHT="21" CONTENT="zu" WC="0.65" CC="07"/>
						<SP ID="P14_SP00015" HPOS="974" VPOS="335" WIDTH="40"/>
						<String ID="P14_ST00018" HPOS="1014" VPOS="293" WIDTH="75" HEIGHT="30" CONTENT="sein." WC="0.97" CC="22673"/>
						<SP ID="P14_SP00016" HPOS="1089" VPOS="335" WIDTH="54"/>
						<String ID="P14_ST00019" HPOS="1143" VPOS="291" WIDTH="89" HEIGHT="31" CONTENT="Seine" WC="0.98" CC="02670"/>
						<SP ID="P14_SP00017" HPOS="1232" VPOS="335" WIDTH="42"/>
						<String ID="P14_ST00020" HPOS="1274" VPOS="291" WIDTH="112" HEIGHT="30" CONTENT="Gehirn" SUBS_TYPE="HypPart1" SUBS_CONTENT="Gehirnmaschinerie" WC="0.59" CC="507027"/>
						<HYP HPOS="1386" VPOS="291" WIDTH="18" CONTENT="-"/>
					</TextLine>
					<TextLine ID="P14_TL00004" HPOS="219" VPOS="336" WIDTH="1186" HEIGHT="44">
						<String ID="P14_ST00021" HPOS="219" VPOS="342" WIDTH="199" HEIGHT="31" CONTENT="maschinerie" SUBS_TYPE="HypPart2" SUBS_CONTENT="Gehirnmaschinerie" WC="0.67" CC="85205260500"/>
						<SP ID="P14_SP00018" HPOS="418" VPOS="373" WIDTH="22"/>
						<String ID="P14_ST00022" HPOS="440" VPOS="341" WIDTH="107" HEIGHT="39" CONTENT="stockt," WC="0.99" CC="5076002"/>
						<SP ID="P14_SP00019" HPOS="547" VPOS="380" WIDTH="32"/>
						<String ID="P14_ST00023" HPOS="579" VPOS="341" WIDTH="74" HEIGHT="30" CONTENT="statt" WC="0.98" CC="57000"/>
						<SP ID="P14_SP00020" HPOS="653" VPOS="380" WIDTH="22"/>
						<String ID="P14_ST00024" HPOS="675" VPOS="338" WIDTH="160" HEIGHT="31" CONTENT="derselben" WC="0.98" CC="676046620"/>
						<SP ID="P14_SP00021" HPOS="835" VPOS="380" WIDTH="23"/>
						<String ID="P14_ST00025" HPOS="858" VPOS="338" WIDTH="140" HEIGHT="31" CONTENT="kriechen" WC="0.98" CC="06006777"/>
						<SP ID="P14_SP00022" HPOS="998" VPOS="380" WIDTH="23"/>
						<String ID="P14_ST00026" HPOS="1021" VPOS="338" WIDTH="145" HEIGHT="38" CONTENT="religiöse" WC="0.99" CC="437100009"/>
						<SP ID="P14_SP00023" HPOS="1166" VPOS="380" WIDTH="23"/>
						<String ID="P14_ST00027" HPOS="1189" VPOS="336" WIDTH="114" HEIGHT="31" CONTENT="Maden" WC="0.98" CC="10390"/>
						<SP ID="P14_SP00024" HPOS="1303" VPOS="380" WIDTH="37"/>
						<String ID="P14_ST00028" HPOS="1340" VPOS="336" WIDTH="65" HEIGHT="30" CONTENT="und" WC="0.92" CC="775"/>
					</TextLine>
					<TextLine ID="P14_TL00005" HPOS="219" VPOS="382" WIDTH="1185" HEIGHT="44">
						<String ID="P14_ST00029" HPOS="219" VPOS="388" WIDTH="145" HEIGHT="38" CONTENT="göttliche" WC="0.99" CC="900705070"/>
						<SP ID="P14_SP00025" HPOS="364" VPOS="426" WIDTH="23"/>
						<String ID="P14_ST00030" HPOS="387" VPOS="385" WIDTH="144" HEIGHT="31" CONTENT="Würmer" WC="0.98" CC="606105"/>
						<SP ID="P14_SP00026" HPOS="531" VPOS="426" WIDTH="33"/>
						<String ID="P14_ST00031" HPOS="564" VPOS="386" WIDTH="31" HEIGHT="30" CONTENT="in" WC="0.56" CC="26"/>
						<SP ID="P14_SP00027" HPOS="595" VPOS="426" WIDTH="35"/>
						<String ID="P14_ST00032" HPOS="630" VPOS="386" WIDTH="114" HEIGHT="29" CONTENT="seinem" WC="0.97" CC="070766"/>
						<SP ID="P14_SP00028" HPOS="744" VPOS="426" WIDTH="24"/>
						<String ID="P14_ST00033" HPOS="768" VPOS="384" WIDTH="128" HEIGHT="31" CONTENT="Schädel" WC="0.98" CC="0575260"/>
						<SP ID="P14_SP00029" HPOS="896" VPOS="426" WIDTH="35"/>
						<String ID="P14_ST00034" HPOS="931" VPOS="383" WIDTH="116" HEIGHT="30" CONTENT="umher." WC="0.97" CC="797360"/>
						<SP ID="P14_SP00030" HPOS="1047" VPOS="426" WIDTH="47"/>
						<String ID="P14_ST00035" HPOS="1094" VPOS="383" WIDTH="42" HEIGHT="30" CONTENT="Er" WC="0.32" CC="67"/>
						<SP ID="P14_SP00031" HPOS="1136" VPOS="426" WIDTH="23"/>
						<String ID="P14_ST00036" HPOS="1159" VPOS="382" WIDTH="114" HEIGHT="39" CONTENT="gleicht" WC="0.98" CC="0715667"/>
						<SP ID="P14_SP00032" HPOS="1273" VPOS="426" WIDTH="34"/>
						<String ID="P14_ST00037" HPOS="1307" VPOS="382" WIDTH="97" HEIGHT="30" CONTENT="einem" WC="0.96" CC="05649"/>
					</TextLine>
					<TextLine ID="P14_TL00006" HPOS="220" VPOS="430" WIDTH="603" HEIGHT="42">
						<String ID="P14_ST00038" HPOS="220" VPOS="434" WIDTH="114" HEIGHT="38" CONTENT="Schafe," WC="0.98" CC="0765753"/>
						<SP ID="P14_SP00033" HPOS="334" VPOS="472" WIDTH="21"/>
						<String ID="P14_ST00039" HPOS="355" VPOS="432" WIDTH="55" HEIGHT="31" CONTENT="das" WC="0.95" CC="705"/>
						<SP ID="P14_SP00034" HPOS="410" VPOS="472" WIDTH="19"/>
						<String ID="P14_ST00040" HPOS="429" VPOS="432" WIDTH="50" HEIGHT="30" CONTENT="die" WC="0.95" CC="076"/>
						<SP ID="P14_SP00035" HPOS="479" VPOS="472" WIDTH="18"/>
						<String ID="P14_ST00041" HPOS="497" VPOS="430" WIDTH="244" HEIGHT="32" CONTENT="Drehkrankheit" WC="0.99" CC="0306364767566"/>
						<SP ID="P14_SP00036" HPOS="741" VPOS="472" WIDTH="20"/>
						<String ID="P14_ST00042" HPOS="761" VPOS="430" WIDTH="62" HEIGHT="30" CONTENT="hat." WC="0.95" CC="6572"/>
					</TextLine>
					<TextLine ID="P14_TL00007" HPOS="301" VPOS="473" WIDTH="1103" HEIGHT="43">
						<String ID="P14_ST00043" HPOS="301" VPOS="479" WIDTH="90" HEIGHT="29" CONTENT="Diese" WC="0.98" CC="56401"/>
						<SP ID="P14_SP00037" HPOS="391" VPOS="508" WIDTH="22"/>
						<String ID="P14_ST00044" HPOS="413" VPOS="477" WIDTH="245" HEIGHT="39" CONTENT="Unglücklichen" WC="1.00" CC="2604000000200"/>
						<SP ID="P14_SP00038" HPOS="658" VPOS="516" WIDTH="22"/>
						<String ID="P14_ST00045" HPOS="680" VPOS="476" WIDTH="72" HEIGHT="30" CONTENT="sind" WC="0.94" CC="8376"/>
						<SP ID="P14_SP00039" HPOS="752" VPOS="516" WIDTH="22"/>
						<String ID="P14_ST00046" HPOS="774" VPOS="486" WIDTH="52" HEIGHT="19" CONTENT="um" WC="0.29" CC="76"/>
						<SP ID="P14_SP00040" HPOS="826" VPOS="516" WIDTH="24"/>
						<String ID="P14_ST00047" HPOS="850" VPOS="475" WIDTH="86" HEIGHT="30" CONTENT="ihren" WC="0.97" CC="07727"/>
						<SP ID="P14_SP00041" HPOS="936" VPOS="516" WIDTH="25"/>
						<String ID="P14_ST00048" HPOS="961" VPOS="476" WIDTH="127" HEIGHT="37" CONTENT="eigenen" WC="0.99" CC="5105700"/>
						<SP ID="P14_SP00042" HPOS="1088" VPOS="516" WIDTH="23"/>
						<String ID="P14_ST00049" HPOS="1111" VPOS="473" WIDTH="222" HEIGHT="31" CONTENT="Lebenszweck" WC="0.99" CC="70707640066"/>
						<SP ID="P14_SP00043" HPOS="1333" VPOS="516" WIDTH="23"/>
						<String ID="P14_ST00050" HPOS="1356" VPOS="473" WIDTH="32" HEIGHT="30" CONTENT="be" SUBS_TYPE="HypPart1" SUBS_CONTENT="betrogen" WC="0.98" CC="00"/>
						<HYP HPOS="1388" VPOS="473" WIDTH="16" CONTENT="-"/>
					</TextLine>
					<TextLine ID="P14_TL00008" HPOS="219" VPOS="519" WIDTH="1186" HEIGHT="43">
						<String ID="P14_ST00051" HPOS="219" VPOS="526" WIDTH="110" HEIGHT="36" CONTENT="trogen" SUBS_TYPE="HypPart2" SUBS_CONTENT="betrogen" WC="0.97" CC="767036"/>
						<SP ID="P14_SP00044" HPOS="329" VPOS="562" WIDTH="21"/>
						<String ID="P14_ST00052" HPOS="350" VPOS="523" WIDTH="75" HEIGHT="39" CONTENT="und," WC="0.96" CC="6702"/>
						<SP ID="P14_SP00045" HPOS="425" VPOS="562" WIDTH="21"/>
						<String ID="P14_ST00053" HPOS="446" VPOS="532" WIDTH="67" HEIGHT="22" CONTENT="was" WC="1.00" CC="000"/>
						<SP ID="P14_SP00046" HPOS="513" VPOS="562" WIDTH="20"/>
						<String ID="P14_ST00054" HPOS="533" VPOS="522" WIDTH="82" HEIGHT="31" CONTENT="noch" WC="0.96" CC="7137"/>
						<SP ID="P14_SP00047" HPOS="615" VPOS="562" WIDTH="20"/>
						<String ID="P14_ST00055" HPOS="635" VPOS="521" WIDTH="176" HEIGHT="31" CONTENT="schlimmer" WC="0.99" CC="510510037"/>
						<SP ID="P14_SP00048" HPOS="811" VPOS="562" WIDTH="21"/>
						<String ID="P14_ST00056" HPOS="832" VPOS="522" WIDTH="48" HEIGHT="38" CONTENT="ist," WC="0.99" CC="4000"/>
						<SP ID="P14_SP00049" HPOS="880" VPOS="562" WIDTH="23"/>
						<String ID="P14_ST00057" HPOS="903" VPOS="520" WIDTH="104" HEIGHT="31" CONTENT="bilden" WC="0.99" CC="707000"/>
						<SP ID="P14_SP00050" HPOS="1007" VPOS="562" WIDTH="22"/>
						<String ID="P14_ST00058" HPOS="1029" VPOS="520" WIDTH="59" HEIGHT="30" CONTENT="den" WC="0.99" CC="030"/>
						<SP ID="P14_SP00051" HPOS="1088" VPOS="562" WIDTH="22"/>
						<String ID="P14_ST00059" HPOS="1110" VPOS="519" WIDTH="124" HEIGHT="38" CONTENT="großen" WC="0.97" CC="986070"/>
						<SP ID="P14_SP00052" HPOS="1234" VPOS="562" WIDTH="22"/>
						<String ID="P14_ST00060" HPOS="1256" VPOS="519" WIDTH="85" HEIGHT="29" CONTENT="Troß" WC="0.98" CC="0640"/>
						<SP ID="P14_SP00053" HPOS="1341" VPOS="562" WIDTH="23"/>
						<String ID="P14_ST00061" HPOS="1364" VPOS="519" WIDTH="41" HEIGHT="29" CONTENT="im" WC="1.00" CC="00"/>
					</TextLine>
					<TextLine ID="P14_TL00009" HPOS="219" VPOS="564" WIDTH="1187" HEIGHT="44">
						<String ID="P14_ST00062" HPOS="219" VPOS="570" WIDTH="130" HEIGHT="38" CONTENT="Gefolge" WC="0.98" CC="6565600"/>
						<SP ID="P14_SP00054" HPOS="349" VPOS="608" WIDTH="26"/>
						<String ID="P14_ST00063" HPOS="375" VPOS="569" WIDTH="54" HEIGHT="31" CONTENT="der" WC="0.96" CC="046"/>
						<SP ID="P14_SP00055" HPOS="429" VPOS="608" WIDTH="23"/>
						<String ID="P14_ST00064" HPOS="452" VPOS="568" WIDTH="215" HEIGHT="31" CONTENT="Widersacher" WC="0.99" CC="60094500636"/>
						<SP ID="P14_SP00056" HPOS="667" VPOS="608" WIDTH="23"/>
						<String ID="P14_ST00065" HPOS="690" VPOS="577" WIDTH="64" HEIGHT="22" CONTENT="von" WC="0.95" CC="057"/>
						<SP ID="P14_SP00057" HPOS="754" VPOS="608" WIDTH="24"/>
						<String ID="P14_ST00066" HPOS="778" VPOS="566" WIDTH="221" HEIGHT="31" CONTENT="Wissenschaft" WC="0.99" CC="000640064570"/>
						<SP ID="P14_SP00058" HPOS="999" VPOS="608" WIDTH="26"/>
						<String ID="P14_ST00067" HPOS="1025" VPOS="566" WIDTH="64" HEIGHT="29" CONTENT="und" WC="0.93" CC="675"/>
						<SP ID="P14_SP00059" HPOS="1089" VPOS="608" WIDTH="26"/>
						<String ID="P14_ST00068" HPOS="1115" VPOS="564" WIDTH="203" HEIGHT="39" CONTENT="Aufklärung," WC="0.99" CC="07007457790"/>
						<SP ID="P14_SP00060" HPOS="1318" VPOS="608" WIDTH="25"/>
						<String ID="P14_ST00069" HPOS="1343" VPOS="573" WIDTH="63" HEIGHT="21" CONTENT="von" WC="0.96" CC="036"/>
					</TextLine>
					<TextLine ID="P14_TL00010" HPOS="219" VPOS="609" WIDTH="1187" HEIGHT="41">
						<String ID="P14_ST00070" HPOS="219" VPOS="616" WIDTH="183" HEIGHT="30" CONTENT="Revolution" WC="0.99" CC="7000470077"/>
						<SP ID="P14_SP00061" HPOS="402" VPOS="646" WIDTH="23"/>
						<String ID="P14_ST00071" HPOS="425" VPOS="614" WIDTH="64" HEIGHT="30" CONTENT="und" WC="0.97" CC="700"/>
						<SP ID="P14_SP00062" HPOS="489" VPOS="646" WIDTH="23"/>
						<String ID="P14_ST00072" HPOS="512" VPOS="613" WIDTH="140" HEIGHT="31" CONTENT="Freiheit." WC="0.99" CC="265076060"/>
						<SP ID="P14_SP00063" HPOS="652" VPOS="646" WIDTH="42"/>
						<String ID="P14_ST00073" HPOS="694" VPOS="613" WIDTH="61" HEIGHT="30" CONTENT="Wo" WC="0.78" CC="04"/>
						<SP ID="P14_SP00064" HPOS="755" VPOS="646" WIDTH="25"/>
						<String ID="P14_ST00074" HPOS="780" VPOS="614" WIDTH="107" HEIGHT="29" CONTENT="immer" WC="0.97" CC="04952"/>
						<SP ID="P14_SP00065" HPOS="887" VPOS="646" WIDTH="23"/>
						<String ID="P14_ST00075" HPOS="910" VPOS="621" WIDTH="32" HEIGHT="21" CONTENT="es" WC="0.77" CC="40"/>
						<SP ID="P14_SP00066" HPOS="942" VPOS="646" WIDTH="22"/>
						<String ID="P14_ST00076" HPOS="964" VPOS="611" WIDTH="66" HEIGHT="39" CONTENT="gilt," WC="0.97" CC="90523"/>
						<SP ID="P14_SP00067" HPOS="1030" VPOS="650" WIDTH="24"/>
						<String ID="P14_ST00077" HPOS="1054" VPOS="620" WIDTH="77" HEIGHT="21" CONTENT="neue" WC="0.96" CC="6570"/>
						<SP ID="P14_SP00068" HPOS="1131" VPOS="650" WIDTH="23"/>
						<String ID="P14_ST00078" HPOS="1154" VPOS="611" WIDTH="107" HEIGHT="31" CONTENT="Ketten" WC="0.98" CC="500045"/>
						<SP ID="P14_SP00069" HPOS="1261" VPOS="650" WIDTH="23"/>
						<String ID="P14_ST00079" HPOS="1284" VPOS="610" WIDTH="50" HEIGHT="30" CONTENT="für" WC="0.95" CC="705"/>
						<SP ID="P14_SP00070" HPOS="1334" VPOS="650" WIDTH="23"/>
						<String ID="P14_ST00080" HPOS="1357" VPOS="609" WIDTH="49" HEIGHT="31" CONTENT="die" WC="0.98" CC="006"/>
					</TextLine>
					<TextLine ID="P14_TL00011" HPOS="220" VPOS="654" WIDTH="1186" HEIGHT="42">
						<String ID="P14_ST00081" HPOS="220" VPOS="660" WIDTH="191" HEIGHT="31" CONTENT="Menschheit" WC="0.99" CC="4772500300"/>
						<SP ID="P14_SP00071" HPOS="411" VPOS="691" WIDTH="21"/>
						<String ID="P14_ST00082" HPOS="432" VPOS="669" WIDTH="41" HEIGHT="21" CONTENT="zu" WC="0.41" CC="47"/>
						<SP ID="P14_SP00072" HPOS="473" VPOS="691" WIDTH="21"/>
						<String ID="P14_ST00083" HPOS="494" VPOS="658" WIDTH="191" HEIGHT="31" CONTENT="schmieden:" WC="0.99" CC="0666025375"/>
						<SP ID="P14_SP00073" HPOS="685" VPOS="691" WIDTH="23"/>
						<String ID="P14_ST00084" HPOS="708" VPOS="660" WIDTH="44" HEIGHT="29" CONTENT="sie" WC="0.94" CC="734"/>
						<SP ID="P14_SP00074" HPOS="752" VPOS="691" WIDTH="22"/>
						<String ID="P14_ST00085" HPOS="774" VPOS="658" WIDTH="72" HEIGHT="30" CONTENT="sind" WC="0.97" CC="0760"/>
						<SP ID="P14_SP00075" HPOS="846" VPOS="691" WIDTH="22"/>
						<String ID="P14_ST00086" HPOS="868" VPOS="657" WIDTH="105" HEIGHT="39" CONTENT="bereit," WC="0.99" CC="7011032"/>
						<SP ID="P14_SP00076" HPOS="973" VPOS="696" WIDTH="22"/>
						<String ID="P14_ST00087" HPOS="995" VPOS="658" WIDTH="33" HEIGHT="29" CONTENT="in" WC="0.64" CC="07"/>
						<SP ID="P14_SP00077" HPOS="1028" VPOS="696" WIDTH="23"/>
						<String ID="P14_ST00088" HPOS="1051" VPOS="656" WIDTH="268" HEIGHT="38" CONTENT="stumpfsinnigem" WC="0.99" CC="05690790000000"/>
						<SP ID="P14_SP00078" HPOS="1319" VPOS="696" WIDTH="23"/>
						<String ID="P14_ST00089" HPOS="1342" VPOS="654" WIDTH="43" HEIGHT="31" CONTENT="Un" SUBS_TYPE="HypPart1" SUBS_CONTENT="Unverstand" WC="0.94" CC="46"/>
						<HYP HPOS="1385" VPOS="654" WIDTH="21" CONTENT="-"/>
					</TextLine>
					<TextLine ID="P14_TL00012" HPOS="219" VPOS="700" WIDTH="1187" HEIGHT="40">
						<String ID="P14_ST00090" HPOS="219" VPOS="707" WIDTH="144" HEIGHT="31" CONTENT="verstand" SUBS_TYPE="HypPart2" SUBS_CONTENT="Unverstand" WC="0.99" CC="01790070"/>
						<SP ID="P14_SP00079" HPOS="363" VPOS="738" WIDTH="15"/>
						<String ID="P14_ST00091" HPOS="378" VPOS="707" WIDTH="60" HEIGHT="30" CONTENT="wie" WC="1.00" CC="000"/>
						<SP ID="P14_SP00080" HPOS="438" VPOS="738" WIDTH="14"/>
						<String ID="P14_ST00092" HPOS="452" VPOS="705" WIDTH="145" HEIGHT="31" CONTENT="besessen" WC="0.99" CC="00630057"/>
						<SP ID="P14_SP00081" HPOS="597" VPOS="738" WIDTH="16"/>
						<String ID="P14_ST00093" HPOS="613" VPOS="704" WIDTH="109" HEIGHT="31" CONTENT="darauf" WC="0.98" CC="032377"/>
						<SP ID="P14_SP00082" HPOS="722" VPOS="738" WIDTH="16"/>
						<String ID="P14_ST00094" HPOS="738" VPOS="704" WIDTH="259" HEIGHT="30" CONTENT="loszuhämmem." WC="0.65" CC="774406000083"/>
						<SP ID="P14_SP00083" HPOS="997" VPOS="738" WIDTH="37"/>
						<String ID="P14_ST00095" HPOS="1034" VPOS="701" WIDTH="100" HEIGHT="31" CONTENT="Wenn" WC="0.96" CC="0674"/>
						<SP ID="P14_SP00084" HPOS="1134" VPOS="738" WIDTH="16"/>
						<String ID="P14_ST00096" HPOS="1150" VPOS="710" WIDTH="100" HEIGHT="30" CONTENT="gegen" WC="0.99" CC="04060"/>
						<SP ID="P14_SP00085" HPOS="1250" VPOS="740" WIDTH="20"/>
						<String ID="P14_ST00097" HPOS="1270" VPOS="700" WIDTH="48" HEIGHT="31" CONTENT="die" WC="0.99" CC="010"/>
						<SP ID="P14_SP00086" HPOS="1318" VPOS="740" WIDTH="16"/>
						<String ID="P14_ST00098" HPOS="1334" VPOS="701" WIDTH="58" HEIGHT="30" CONTENT="fort" SUBS_TYPE="HypPart1" SUBS_CONTENT="fortschreitende" WC="0.96" CC="7774"/>
						<HYP HPOS="1392" VPOS="701" WIDTH="14" CONTENT="-"/>
					</TextLine>
					<TextLine ID="P14_TL00013" HPOS="219" VPOS="747" WIDTH="1187" HEIGHT="42">
						<String ID="P14_ST00099" HPOS="219" VPOS="752" WIDTH="190" HEIGHT="31" CONTENT="schreitende" SUBS_TYPE="HypPart2" SUBS_CONTENT="fortschreitende" WC="0.99" CC="42674002600"/>
						<SP ID="P14_SP00087" HPOS="409" VPOS="783" WIDTH="25"/>
						<String ID="P14_ST00100" HPOS="434" VPOS="750" WIDTH="215" HEIGHT="39" CONTENT="Entwicklung" WC="0.99" CC="60601004770"/>
						<SP ID="P14_SP00088" HPOS="649" VPOS="789" WIDTH="27"/>
						<String ID="P14_ST00101" HPOS="676" VPOS="750" WIDTH="54" HEIGHT="30" CONTENT="der" WC="0.97" CC="070"/>
						<SP ID="P14_SP00089" HPOS="730" VPOS="789" WIDTH="25"/>
						<String ID="P14_ST00102" HPOS="755" VPOS="750" WIDTH="103" HEIGHT="38" CONTENT="Dinge" WC="0.99" CC="20004"/>
						<SP ID="P14_SP00090" HPOS="858" VPOS="789" WIDTH="24"/>
						<String ID="P14_ST00103" HPOS="882" VPOS="748" WIDTH="203" HEIGHT="31" CONTENT="Hindernisse" WC="0.99" CC="70001600006"/>
						<SP ID="P14_SP00091" HPOS="1085" VPOS="789" WIDTH="24"/>
						<String ID="P14_ST00104" HPOS="1109" VPOS="748" WIDTH="32" HEIGHT="30" CONTENT="in" WC="1.00" CC="00"/>
						<SP ID="P14_SP00092" HPOS="1141" VPOS="789" WIDTH="27"/>
						<String ID="P14_ST00105" HPOS="1168" VPOS="747" WIDTH="60" HEIGHT="31" CONTENT="den" WC="0.97" CC="007"/>
						<SP ID="P14_SP00093" HPOS="1228" VPOS="789" WIDTH="25"/>
						<String ID="P14_ST00106" HPOS="1253" VPOS="747" WIDTH="78" HEIGHT="38" CONTENT="Weg" WC="1.00" CC="000"/>
						<SP ID="P14_SP00094" HPOS="1331" VPOS="789" WIDTH="26"/>
						<String ID="P14_ST00107" HPOS="1357" VPOS="755" WIDTH="33" HEIGHT="30" CONTENT="ge" SUBS_TYPE="HypPart1" SUBS_CONTENT="gewälzt" WC="0.97" CC="03"/>
						<HYP HPOS="1390" VPOS="755" WIDTH="16" CONTENT="-"/>
					</TextLine>
					<TextLine ID="P14_TL00014" HPOS="218" VPOS="792" WIDTH="1188" HEIGHT="38">
						<String ID="P14_ST00108" HPOS="218" VPOS="798" WIDTH="93" HEIGHT="30" CONTENT="wälzt" SUBS_TYPE="HypPart2" SUBS_CONTENT="gewälzt" WC="0.97" CC="23615"/>
						<SP ID="P14_SP00095" HPOS="311" VPOS="828" WIDTH="18"/>
						<String ID="P14_ST00109" HPOS="329" VPOS="797" WIDTH="126" HEIGHT="31" CONTENT="werden" WC="1.00" CC="000030"/>
						<SP ID="P14_SP00096" HPOS="455" VPOS="828" WIDTH="19"/>
						<String ID="P14_ST00110" HPOS="474" VPOS="796" WIDTH="99" HEIGHT="31" CONTENT="sollen" WC="0.98" CC="105407"/>
						<SP ID="P14_SP00097" HPOS="573" VPOS="828" WIDTH="81"/>
						<String ID="P14_ST00111" HPOS="654" VPOS="795" WIDTH="83" HEIGHT="31" CONTENT="diese" WC="0.98" CC="03017"/>
						<SP ID="P14_SP00098" HPOS="737" VPOS="828" WIDTH="18"/>
						<String ID="P14_ST00112" HPOS="755" VPOS="795" WIDTH="214" HEIGHT="30" CONTENT="Hottentotten" WC="0.99" CC="640340176637"/>
						<SP ID="P14_SP00099" HPOS="969" VPOS="828" WIDTH="20"/>
						<String ID="P14_ST00113" HPOS="989" VPOS="793" WIDTH="115" HEIGHT="31" CONTENT="werfen" WC="0.98" CC="054730"/>
						<SP ID="P14_SP00100" HPOS="1104" VPOS="828" WIDTH="19"/>
						<String ID="P14_ST00114" HPOS="1123" VPOS="793" WIDTH="65" HEIGHT="30" CONTENT="sich" WC="0.97" CC="9007"/>
						<SP ID="P14_SP00101" HPOS="1188" VPOS="828" WIDTH="20"/>
						<String ID="P14_ST00115" HPOS="1208" VPOS="792" WIDTH="198" HEIGHT="38" CONTENT="nötigenfalls" WC="0.99" CC="000000770470"/>
					</TextLine>
					<TextLine ID="P14_TL00015" HPOS="220" VPOS="837" WIDTH="1188" HEIGHT="44">
						<String ID="P14_ST00116" HPOS="220" VPOS="846" WIDTH="32" HEIGHT="29" CONTENT="in" WC="0.63" CC="07"/>
						<SP ID="P14_SP00102" HPOS="252" VPOS="875" WIDTH="14"/>
						<String ID="P14_ST00117" HPOS="266" VPOS="844" WIDTH="82" HEIGHT="30" CONTENT="ihrer" WC="0.98" CC="00565"/>
						<SP ID="P14_SP00103" HPOS="348" VPOS="875" WIDTH="14"/>
						<String ID="P14_ST00118" HPOS="362" VPOS="851" WIDTH="121" HEIGHT="30" CONTENT="ganzen" WC="1.00" CC="000040"/>
						<SP ID="P14_SP00104" HPOS="483" VPOS="881" WIDTH="16"/>
						<String ID="P14_ST00119" HPOS="499" VPOS="842" WIDTH="117" HEIGHT="30" CONTENT="breiten" WC="0.98" CC="7542307"/>
						<SP ID="P14_SP00105" HPOS="616" VPOS="881" WIDTH="16"/>
						<String ID="P14_ST00120" HPOS="632" VPOS="841" WIDTH="105" HEIGHT="31" CONTENT="Masse" WC="0.99" CC="00204"/>
						<SP ID="P14_SP00106" HPOS="737" VPOS="881" WIDTH="15"/>
						<String ID="P14_ST00121" HPOS="752" VPOS="841" WIDTH="68" HEIGHT="29" CONTENT="dem" WC="0.94" CC="079"/>
						<SP ID="P14_SP00107" HPOS="820" VPOS="881" WIDTH="16"/>
						<String ID="P14_ST00122" HPOS="836" VPOS="841" WIDTH="121" HEIGHT="30" CONTENT="Strome" WC="0.98" CC="263090"/>
						<SP ID="P14_SP00108" HPOS="957" VPOS="881" WIDTH="14"/>
						<String ID="P14_ST00123" HPOS="971" VPOS="839" WIDTH="54" HEIGHT="31" CONTENT="der" WC="0.98" CC="050"/>
						<SP ID="P14_SP00109" HPOS="1025" VPOS="881" WIDTH="14"/>
						<String ID="P14_ST00124" HPOS="1039" VPOS="839" WIDTH="68" HEIGHT="31" CONTENT="Zeit" WC="0.98" CC="2520"/>
						<SP ID="P14_SP00110" HPOS="1107" VPOS="881" WIDTH="15"/>
						<String ID="P14_ST00125" HPOS="1122" VPOS="840" WIDTH="159" HEIGHT="37" CONTENT="entgegen." WC="0.99" CC="400030373"/>
						<SP ID="P14_SP00111" HPOS="1281" VPOS="881" WIDTH="26"/>
						<String ID="P14_ST00126" HPOS="1307" VPOS="837" WIDTH="101" HEIGHT="31" CONTENT="Wenn" WC="0.97" CC="0067"/>
					</TextLine>
					<TextLine ID="P14_TL00016" HPOS="219" VPOS="884" WIDTH="1187" HEIGHT="42">
						<String ID="P14_ST00127" HPOS="219" VPOS="898" WIDTH="72" HEIGHT="22" CONTENT="man" WC="0.92" CC="687"/>
						<SP ID="P14_SP00112" HPOS="291" VPOS="920" WIDTH="19"/>
						<String ID="P14_ST00128" HPOS="310" VPOS="889" WIDTH="65" HEIGHT="30" CONTENT="sich" WC="0.97" CC="0075"/>
						<SP ID="P14_SP00113" HPOS="375" VPOS="920" WIDTH="22"/>
						<String ID="P14_ST00129" HPOS="397" VPOS="888" WIDTH="95" HEIGHT="31" CONTENT="daher" WC="0.99" CC="03006"/>
						<SP ID="P14_SP00114" HPOS="492" VPOS="920" WIDTH="20"/>
						<String ID="P14_ST00130" HPOS="512" VPOS="887" WIDTH="165" HEIGHT="39" CONTENT="anschickt," WC="0.99" CC="0700030072"/>
						<SP ID="P14_SP00115" HPOS="677" VPOS="926" WIDTH="21"/>
						<String ID="P14_ST00131" HPOS="698" VPOS="886" WIDTH="82" HEIGHT="31" CONTENT="diese" WC="0.99" CC="90000"/>
						<SP ID="P14_SP00116" HPOS="780" VPOS="926" WIDTH="22"/>
						<String ID="P14_ST00132" HPOS="802" VPOS="884" WIDTH="316" HEIGHT="33" CONTENT="Geisteskrankheiten" WC="0.99" CC="563001007170760657"/>
						<SP ID="P14_SP00117" HPOS="1118" VPOS="926" WIDTH="20"/>
						<String ID="P14_ST00133" HPOS="1138" VPOS="893" WIDTH="40" HEIGHT="21" CONTENT="zu" WC="0.69" CC="06"/>
						<SP ID="P14_SP00118" HPOS="1178" VPOS="926" WIDTH="21"/>
						<String ID="P14_ST00134" HPOS="1199" VPOS="884" WIDTH="150" HEIGHT="38" CONTENT="kurieren," WC="0.99" CC="066023671"/>
						<SP ID="P14_SP00119" HPOS="1349" VPOS="926" WIDTH="20"/>
						<String ID="P14_ST00135" HPOS="1369" VPOS="891" WIDTH="37" HEIGHT="21" CONTENT="so" WC="1.00" CC="00"/>
					</TextLine>
					<TextLine ID="P14_TL00017" HPOS="221" VPOS="929" WIDTH="1187" HEIGHT="42">
						<String ID="P14_ST00136" HPOS="221" VPOS="937" WIDTH="45" HEIGHT="29" CONTENT="tut" WC="0.92" CC="759"/>
						<SP ID="P14_SP00120" HPOS="266" VPOS="966" WIDTH="15"/>
						<String ID="P14_ST00137" HPOS="281" VPOS="944" WIDTH="71" HEIGHT="21" CONTENT="man" WC="0.98" CC="006"/>
						<SP ID="P14_SP00121" HPOS="352" VPOS="966" WIDTH="17"/>
						<String ID="P14_ST00138" HPOS="369" VPOS="934" WIDTH="84" HEIGHT="30" CONTENT="nicht" WC="0.99" CC="61000"/>
						<SP ID="P14_SP00122" HPOS="453" VPOS="966" WIDTH="16"/>
						<String ID="P14_ST00139" HPOS="469" VPOS="942" WIDTH="61" HEIGHT="22" CONTENT="nur" WC="0.95" CC="670"/>
						<SP ID="P14_SP00123" HPOS="530" VPOS="966" WIDTH="15"/>
						<String ID="P14_ST00140" HPOS="545" VPOS="933" WIDTH="48" HEIGHT="31" CONTENT="ein" WC="0.95" CC="507"/>
						<SP ID="P14_SP00124" HPOS="593" VPOS="966" WIDTH="16"/>
						<String ID="P14_ST00141" HPOS="609" VPOS="933" WIDTH="90" HEIGHT="38" CONTENT="g&lt;utes" WC="0.76" CC="016041"/>
						<SP ID="P14_SP00125" HPOS="699" VPOS="971" WIDTH="18"/>
						<String ID="P14_ST00142" HPOS="717" VPOS="932" WIDTH="92" HEIGHT="30" CONTENT="Werk" WC="0.98" CC="0430"/>
						<SP ID="P14_SP00126" HPOS="809" VPOS="971" WIDTH="17"/>
						<String ID="P14_ST00143" HPOS="826" VPOS="931" WIDTH="59" HEIGHT="31" CONTENT="den" WC="0.94" CC="527"/>
						<SP ID="P14_SP00127" HPOS="885" VPOS="971" WIDTH="18"/>
						<String ID="P14_ST00144" HPOS="903" VPOS="929" WIDTH="211" HEIGHT="32" CONTENT="Betreffenden" WC="0.99" CC="016007607007"/>
						<SP ID="P14_SP00128" HPOS="1114" VPOS="971" WIDTH="16"/>
						<String ID="P14_ST00145" HPOS="1130" VPOS="929" WIDTH="189" HEIGHT="39" CONTENT="gegenüber," WC="0.99" CC="0100005661"/>
						<SP ID="P14_SP00129" HPOS="1319" VPOS="971" WIDTH="17"/>
						<String ID="P14_ST00146" HPOS="1336" VPOS="938" WIDTH="54" HEIGHT="21" CONTENT="son" SUBS_TYPE="HypPart1" SUBS_CONTENT="sondern" WC="1.00" CC="000"/>
						<HYP HPOS="1390" VPOS="938" WIDTH="18" CONTENT="-"/>
					</TextLine>
					<TextLine ID="P14_TL00018" HPOS="221" VPOS="974" WIDTH="1186" HEIGHT="42">
						<String ID="P14_ST00147" HPOS="221" VPOS="981" WIDTH="75" HEIGHT="30" CONTENT="dern" SUBS_TYPE="HypPart2" SUBS_CONTENT="sondern" WC="0.97" CC="7060"/>
						<SP ID="P14_SP00130" HPOS="296" VPOS="1011" WIDTH="15"/>
						<String ID="P14_ST00148" HPOS="311" VPOS="989" WIDTH="72" HEIGHT="21" CONTENT="man" WC="0.95" CC="660"/>
						<SP ID="P14_SP00131" HPOS="383" VPOS="1011" WIDTH="15"/>
						<String ID="P14_ST00149" HPOS="398" VPOS="980" WIDTH="80" HEIGHT="30" CONTENT="steht" WC="0.97" CC="97003"/>
						<SP ID="P14_SP00132" HPOS="478" VPOS="1011" WIDTH="16"/>
						<String ID="P14_ST00150" HPOS="494" VPOS="978" WIDTH="77" HEIGHT="31" CONTENT="auch" WC="0.96" CC="3706"/>
						<SP ID="P14_SP00133" HPOS="571" VPOS="1011" WIDTH="19"/>
						<String ID="P14_ST00151" HPOS="590" VPOS="980" WIDTH="42" HEIGHT="29" CONTENT="im" WC="0.50" CC="09"/>
						<SP ID="P14_SP00134" HPOS="632" VPOS="1011" WIDTH="15"/>
						<String ID="P14_ST00152" HPOS="647" VPOS="977" WIDTH="142" HEIGHT="39" CONTENT="Begriffe," WC="0.99" CC="140306350"/>
						<SP ID="P14_SP00135" HPOS="789" VPOS="1016" WIDTH="18"/>
						<String ID="P14_ST00153" HPOS="807" VPOS="978" WIDTH="86" HEIGHT="30" CONTENT="einen" WC="0.98" CC="60050"/>
						<SP ID="P14_SP00136" HPOS="893" VPOS="1016" WIDTH="17"/>
						<String ID="P14_ST00154" HPOS="910" VPOS="975" WIDTH="236" HEIGHT="33" CONTENT="Krebsschaden" WC="1.00" CC="051600700000"/>
						<SP ID="P14_SP00137" HPOS="1146" VPOS="1016" WIDTH="16"/>
						<String ID="P14_ST00155" HPOS="1162" VPOS="974" WIDTH="245" HEIGHT="39" CONTENT="auszubrennen," WC="0.57" CC="0700775660473"/>
					</TextLine>
					<TextLine ID="P14_TL00019" HPOS="221" VPOS="1019" WIDTH="1187" HEIGHT="43">
						<String ID="P14_ST00156" HPOS="221" VPOS="1035" WIDTH="38" HEIGHT="22" CONTENT="an" WC="0.42" CC="37"/>
						<SP ID="P14_SP00138" HPOS="259" VPOS="1057" WIDTH="22"/>
						<String ID="P14_ST00157" HPOS="281" VPOS="1025" WIDTH="145" HEIGHT="31" CONTENT="welchem" WC="0.99" CC="0335400"/>
						<SP ID="P14_SP00139" HPOS="426" VPOS="1057" WIDTH="23"/>
						<String ID="P14_ST00158" HPOS="449" VPOS="1025" WIDTH="56" HEIGHT="30" CONTENT="das" WC="0.98" CC="060"/>
						<SP ID="P14_SP00140" HPOS="505" VPOS="1057" WIDTH="22"/>
						<String ID="P14_ST00159" HPOS="527" VPOS="1034" WIDTH="100" HEIGHT="28" CONTENT="ganze" WC="0.99" CC="00025"/>
						<SP ID="P14_SP00141" HPOS="627" VPOS="1062" WIDTH="20"/>
						<String ID="P14_ST00160" HPOS="647" VPOS="1023" WIDTH="80" HEIGHT="31" CONTENT="Volk" WC="0.95" CC="4665"/>
						<SP ID="P14_SP00142" HPOS="727" VPOS="1062" WIDTH="21"/>
						<String ID="P14_ST00161" HPOS="748" VPOS="1022" WIDTH="101" HEIGHT="40" CONTENT="leidet," WC="0.98" CC="6200374"/>
						<SP ID="P14_SP00143" HPOS="849" VPOS="1062" WIDTH="22"/>
						<String ID="P14_ST00162" HPOS="871" VPOS="1021" WIDTH="66" HEIGHT="32" CONTENT="und" WC="0.94" CC="709"/>
						<SP ID="P14_SP00144" HPOS="937" VPOS="1062" WIDTH="22"/>
						<String ID="P14_ST00163" HPOS="959" VPOS="1021" WIDTH="54" HEIGHT="31" CONTENT="der" WC="0.96" CC="063"/>
						<SP ID="P14_SP00145" HPOS="1013" VPOS="1062" WIDTH="21"/>
						<String ID="P14_ST00164" HPOS="1034" VPOS="1020" WIDTH="179" HEIGHT="32" CONTENT="schließlich" WC="0.99" CC="04051007477"/>
						<SP ID="P14_SP00146" HPOS="1213" VPOS="1062" WIDTH="22"/>
						<String ID="P14_ST00165" HPOS="1235" VPOS="1019" WIDTH="173" HEIGHT="39" CONTENT="unbedingt" WC="0.99" CC="706080007"/>
					</TextLine>
					<TextLine ID="P14_TL00020" HPOS="222" VPOS="1065" WIDTH="1186" HEIGHT="44">
						<String ID="P14_ST00166" HPOS="222" VPOS="1072" WIDTH="74" HEIGHT="31" CONTENT="total" WC="0.98" CC="07016"/>
						<SP ID="P14_SP00147" HPOS="296" VPOS="1103" WIDTH="26"/>
						<String ID="P14_ST00167" HPOS="322" VPOS="1070" WIDTH="165" HEIGHT="39" CONTENT="ausgetilgt" WC="0.99" CC="3600400600"/>
						<SP ID="P14_SP00148" HPOS="487" VPOS="1109" WIDTH="25"/>
						<String ID="P14_ST00168" HPOS="512" VPOS="1069" WIDTH="124" HEIGHT="31" CONTENT="werden" WC="0.97" CC="017467"/>
						<SP ID="P14_SP00149" HPOS="636" VPOS="1109" WIDTH="27"/>
						<String ID="P14_ST00169" HPOS="663" VPOS="1069" WIDTH="86" HEIGHT="39" CONTENT="muß," WC="0.96" CC="5703"/>
						<SP ID="P14_SP00150" HPOS="749" VPOS="1109" WIDTH="25"/>
						<String ID="P14_ST00170" HPOS="774" VPOS="1077" WIDTH="92" HEIGHT="22" CONTENT="wenn" WC="0.96" CC="0177"/>
						<SP ID="P14_SP00151" HPOS="866" VPOS="1109" WIDTH="27"/>
						<String ID="P14_ST00171" HPOS="893" VPOS="1068" WIDTH="49" HEIGHT="30" CONTENT="die" WC="1.00" CC="000"/>
						<SP ID="P14_SP00152" HPOS="942" VPOS="1109" WIDTH="27"/>
						<String ID="P14_ST00172" HPOS="969" VPOS="1067" WIDTH="81" HEIGHT="31" CONTENT="Welt" WC="0.99" CC="0400"/>
						<SP ID="P14_SP00153" HPOS="1050" VPOS="1109" WIDTH="25"/>
						<String ID="P14_ST00173" HPOS="1075" VPOS="1066" WIDTH="120" HEIGHT="31" CONTENT="endlich" WC="1.00" CC="1000402"/>
						<SP ID="P14_SP00154" HPOS="1195" VPOS="1109" WIDTH="28"/>
						<String ID="P14_ST00174" HPOS="1223" VPOS="1067" WIDTH="67" HEIGHT="29" CONTENT="eine" WC="0.97" CC="0272"/>
						<SP ID="P14_SP00155" HPOS="1290" VPOS="1109" WIDTH="26"/>
						<String ID="P14_ST00175" HPOS="1316" VPOS="1065" WIDTH="92" HEIGHT="30" CONTENT="Stätte" WC="1.00" CC="000000"/>
					</TextLine>
					<TextLine ID="P14_TL00021" HPOS="221" VPOS="1110" WIDTH="1188" HEIGHT="44">
						<String ID="P14_ST00176" HPOS="221" VPOS="1117" WIDTH="49" HEIGHT="31" CONTENT="für" WC="0.95" CC="606"/>
						<SP ID="P14_SP00156" HPOS="270" VPOS="1148" WIDTH="25"/>
						<String ID="P14_ST00177" HPOS="295" VPOS="1117" WIDTH="168" HEIGHT="30" CONTENT="Menschen" WC="0.99" CC="00742060"/>
						<SP ID="P14_SP00157" HPOS="463" VPOS="1148" WIDTH="25"/>
						<String ID="P14_ST00178" HPOS="488" VPOS="1115" WIDTH="126" HEIGHT="31" CONTENT="werden" WC="0.98" CC="707630"/>
						<SP ID="P14_SP00158" HPOS="614" VPOS="1148" WIDTH="24"/>
						<String ID="P14_ST00179" HPOS="638" VPOS="1114" WIDTH="70" HEIGHT="40" CONTENT="soll," WC="0.98" CC="03570"/>
						<SP ID="P14_SP00159" HPOS="708" VPOS="1154" WIDTH="35"/>
						<String ID="P14_ST00180" HPOS="743" VPOS="1115" WIDTH="82" HEIGHT="38" CONTENT="statt," WC="0.99" CC="900001"/>
						<SP ID="P14_SP00160" HPOS="825" VPOS="1154" WIDTH="35"/>
						<String ID="P14_ST00181" HPOS="860" VPOS="1114" WIDTH="59" HEIGHT="30" CONTENT="wie" WC="0.97" CC="060"/>
						<SP ID="P14_SP00161" HPOS="919" VPOS="1154" WIDTH="26"/>
						<String ID="P14_ST00182" HPOS="945" VPOS="1112" WIDTH="114" HEIGHT="40" CONTENT="bisher," WC="0.98" CC="6006462"/>
						<SP ID="P14_SP00162" HPOS="1059" VPOS="1154" WIDTH="37"/>
						<String ID="P14_ST00183" HPOS="1096" VPOS="1114" WIDTH="48" HEIGHT="29" CONTENT="ein" WC="0.99" CC="300"/>
						<SP ID="P14_SP00163" HPOS="1144" VPOS="1154" WIDTH="26"/>
						<String ID="P14_ST00184" HPOS="1170" VPOS="1111" WIDTH="166" HEIGHT="39" CONTENT="Spielplatz" WC="0.99" CC="0620667371"/>
						<SP ID="P14_SP00164" HPOS="1336" VPOS="1154" WIDTH="25"/>
						<String ID="P14_ST00185" HPOS="1361" VPOS="1110" WIDTH="48" HEIGHT="31" CONTENT="für" WC="0.96" CC="703"/>
					</TextLine>
					<TextLine ID="P14_TL00022" HPOS="222" VPOS="1157" WIDTH="1001" HEIGHT="43">
						<String ID="P14_ST00186" HPOS="222" VPOS="1163" WIDTH="110" HEIGHT="31" CONTENT="Götter" WC="0.98" CC="506036"/>
						<SP ID="P14_SP00165" HPOS="332" VPOS="1194" WIDTH="21"/>
						<String ID="P14_ST00187" HPOS="353" VPOS="1162" WIDTH="65" HEIGHT="30" CONTENT="und" WC="0.95" CC="770"/>
						<SP ID="P14_SP00166" HPOS="418" VPOS="1194" WIDTH="21"/>
						<String ID="P14_ST00188" HPOS="439" VPOS="1161" WIDTH="114" HEIGHT="39" CONTENT="Teufel," WC="0.98" CC="0477453"/>
						<SP ID="P14_SP00167" HPOS="553" VPOS="1200" WIDTH="21"/>
						<String ID="P14_ST00189" HPOS="574" VPOS="1160" WIDTH="117" HEIGHT="31" CONTENT="welche" WC="0.97" CC="026576"/>
						<SP ID="P14_SP00168" HPOS="691" VPOS="1200" WIDTH="22"/>
						<String ID="P14_ST00190" HPOS="713" VPOS="1161" WIDTH="55" HEIGHT="30" CONTENT="mit" WC="0.98" CC="040"/>
						<SP ID="P14_SP00169" HPOS="768" VPOS="1200" WIDTH="21"/>
						<String ID="P14_ST00191" HPOS="789" VPOS="1168" WIDTH="58" HEIGHT="22" CONTENT="uns" WC="0.94" CC="770"/>
						<SP ID="P14_SP00170" HPOS="847" VPOS="1200" WIDTH="23"/>
						<String ID="P14_ST00192" HPOS="870" VPOS="1158" WIDTH="205" HEIGHT="32" CONTENT="Schindluder" WC="0.99" CC="00007056466"/>
						<SP ID="P14_SP00171" HPOS="1075" VPOS="1200" WIDTH="22"/>
						<String ID="P14_ST00193" HPOS="1097" VPOS="1157" WIDTH="126" HEIGHT="32" CONTENT="treiben." WC="0.98" CC="04405673"/>
					</TextLine>
					<TextLine ID="P14_TL00023" HPOS="303" VPOS="1204" WIDTH="1108" HEIGHT="43">
						<String ID="P14_ST00194" HPOS="303" VPOS="1211" WIDTH="122" HEIGHT="30" CONTENT="Heraus" WC="0.98" CC="607060"/>
						<SP ID="P14_SP00172" HPOS="425" VPOS="1241" WIDTH="20"/>
						<String ID="P14_ST00195" HPOS="445" VPOS="1210" WIDTH="67" HEIGHT="30" CONTENT="also" WC="0.97" CC="0706"/>
						<SP ID="P14_SP00173" HPOS="512" VPOS="1241" WIDTH="20"/>
						<String ID="P14_ST00196" HPOS="532" VPOS="1211" WIDTH="56" HEIGHT="28" CONTENT="mit" WC="0.99" CC="030"/>
						<SP ID="P14_SP00174" HPOS="588" VPOS="1241" WIDTH="21"/>
						<String ID="P14_ST00197" HPOS="609" VPOS="1209" WIDTH="54" HEIGHT="30" CONTENT="der" WC="0.93" CC="466"/>
						<SP ID="P14_SP00175" HPOS="663" VPOS="1241" WIDTH="20"/>
						<String ID="P14_ST00198" HPOS="683" VPOS="1208" WIDTH="142" HEIGHT="39" CONTENT="Religion" WC="0.99" CC="60500007"/>
						<SP ID="P14_SP00176" HPOS="825" VPOS="1247" WIDTH="21"/>
						<String ID="P14_ST00199" HPOS="846" VPOS="1216" WIDTH="55" HEIGHT="21" CONTENT="aus" WC="1.00" CC="000"/>
						<SP ID="P14_SP00177" HPOS="901" VPOS="1247" WIDTH="23"/>
						<String ID="P14_ST00200" HPOS="924" VPOS="1206" WIDTH="57" HEIGHT="31" CONTENT="den" WC="0.97" CC="206"/>
						<SP ID="P14_SP00178" HPOS="981" VPOS="1247" WIDTH="21"/>
						<String ID="P14_ST00201" HPOS="1002" VPOS="1206" WIDTH="122" HEIGHT="38" CONTENT="Köpfen" WC="0.99" CC="000700"/>
						<SP ID="P14_SP00179" HPOS="1124" VPOS="1247" WIDTH="22"/>
						<String ID="P14_ST00202" HPOS="1146" VPOS="1205" WIDTH="65" HEIGHT="30" CONTENT="und" WC="0.97" CC="700"/>
						<SP ID="P14_SP00180" HPOS="1211" VPOS="1247" WIDTH="20"/>
						<String ID="P14_ST00203" HPOS="1231" VPOS="1204" WIDTH="104" HEIGHT="31" CONTENT="nieder" WC="0.98" CC="720035"/>
						<SP ID="P14_SP00181" HPOS="1335" VPOS="1247" WIDTH="20"/>
						<String ID="P14_ST00204" HPOS="1355" VPOS="1204" WIDTH="56" HEIGHT="30" CONTENT="mit" WC="1.00" CC="000"/>
					</TextLine>
					<TextLine ID="P14_TL00024" HPOS="224" VPOS="1249" WIDTH="1185" HEIGHT="44">
						<String ID="P14_ST00205" HPOS="224" VPOS="1258" WIDTH="58" HEIGHT="29" CONTENT="den" WC="0.97" CC="700"/>
						<SP ID="P14_SP00182" HPOS="282" VPOS="1287" WIDTH="17"/>
						<String ID="P14_ST00206" HPOS="299" VPOS="1256" WIDTH="131" HEIGHT="31" CONTENT="Pfaffen!" WC="0.98" CC="46057371"/>
						<SP ID="P14_SP00183" HPOS="430" VPOS="1287" WIDTH="40"/>
						<String ID="P14_ST00207" HPOS="470" VPOS="1256" WIDTH="58" HEIGHT="30" CONTENT="Die" WC="1.00" CC="000"/>
						<SP ID="P14_SP00184" HPOS="528" VPOS="1287" WIDTH="17"/>
						<String ID="P14_ST00208" HPOS="545" VPOS="1255" WIDTH="143" HEIGHT="30" CONTENT="letzteren" WC="0.99" CC="500045040"/>
						<SP ID="P14_SP00185" HPOS="688" VPOS="1287" WIDTH="17"/>
						<String ID="P14_ST00209" HPOS="705" VPOS="1253" WIDTH="120" HEIGHT="40" CONTENT="pflegen" WC="0.99" CC="0615000"/>
						<SP ID="P14_SP00186" HPOS="825" VPOS="1293" WIDTH="19"/>
						<String ID="P14_ST00210" HPOS="844" VPOS="1262" WIDTH="41" HEIGHT="21" CONTENT="zu" WC="0.65" CC="06"/>
						<SP ID="P14_SP00187" HPOS="885" VPOS="1293" WIDTH="16"/>
						<String ID="P14_ST00211" HPOS="901" VPOS="1262" WIDTH="106" HEIGHT="29" CONTENT="sagen," WC="0.99" CC="010273"/>
						<SP ID="P14_SP00188" HPOS="1007" VPOS="1293" WIDTH="20"/>
						<String ID="P14_ST00212" HPOS="1027" VPOS="1251" WIDTH="53" HEIGHT="31" CONTENT="der" WC="0.96" CC="056"/>
						<SP ID="P14_SP00189" HPOS="1080" VPOS="1293" WIDTH="16"/>
						<String ID="P14_ST00213" HPOS="1096" VPOS="1251" WIDTH="112" HEIGHT="30" CONTENT="Zweck" WC="0.98" CC="33500"/>
						<SP ID="P14_SP00190" HPOS="1208" VPOS="1293" WIDTH="16"/>
						<String ID="P14_ST00214" HPOS="1224" VPOS="1249" WIDTH="112" HEIGHT="39" CONTENT="heilige" WC="0.99" CC="7501000"/>
						<SP ID="P14_SP00191" HPOS="1336" VPOS="1293" WIDTH="18"/>
						<String ID="P14_ST00215" HPOS="1354" VPOS="1249" WIDTH="55" HEIGHT="31" CONTENT="das" WC="1.00" CC="000"/>
					</TextLine>
					<TextLine ID="P14_TL00025" HPOS="223" VPOS="1295" WIDTH="1186" HEIGHT="38">
						<String ID="P14_ST00216" HPOS="223" VPOS="1302" WIDTH="114" HEIGHT="31" CONTENT="Mittel!" WC="0.98" CC="0507373"/>
						<SP ID="P14_SP00192" HPOS="337" VPOS="1333" WIDTH="42"/>
						<String ID="P14_ST00217" HPOS="379" VPOS="1301" WIDTH="152" HEIGHT="32" CONTENT="Wohlanl" WC="0.98" CC="0606077"/>
						<SP ID="P14_SP00193" HPOS="531" VPOS="1333" WIDTH="41"/>
						<String ID="P14_ST00218" HPOS="572" VPOS="1300" WIDTH="140" HEIGHT="31" CONTENT="Wenden" WC="0.98" CC="057090"/>
						<SP ID="P14_SP00194" HPOS="712" VPOS="1333" WIDTH="31"/>
						<String ID="P14_ST00219" HPOS="743" VPOS="1300" WIDTH="61" HEIGHT="29" CONTENT="wir" WC="0.98" CC="004"/>
						<SP ID="P14_SP00195" HPOS="804" VPOS="1333" WIDTH="32"/>
						<String ID="P14_ST00220" HPOS="836" VPOS="1298" WIDTH="104" HEIGHT="31" CONTENT="diesen" WC="1.00" CC="000040"/>
						<SP ID="P14_SP00196" HPOS="940" VPOS="1333" WIDTH="23"/>
						<String ID="P14_ST00221" HPOS="963" VPOS="1296" WIDTH="180" HEIGHT="32" CONTENT="Grundsatz" WC="0.99" CC="567000002"/>
						<SP ID="P14_SP00197" HPOS="1143" VPOS="1333" WIDTH="33"/>
						<String ID="P14_ST00222" HPOS="1176" VPOS="1296" WIDTH="122" HEIGHT="30" CONTENT="endlich" WC="0.99" CC="2005400"/>
						<SP ID="P14_SP00198" HPOS="1298" VPOS="1333" WIDTH="33"/>
						<String ID="P14_ST00223" HPOS="1331" VPOS="1295" WIDTH="78" HEIGHT="31" CONTENT="auch" WC="0.98" CC="0610"/>
					</TextLine>
					<TextLine ID="P14_TL00026" HPOS="223" VPOS="1342" WIDTH="1186" HEIGHT="45">
						<String ID="P14_ST00224" HPOS="223" VPOS="1357" WIDTH="97" HEIGHT="30" CONTENT="gegen" WC="0.97" CC="90057"/>
						<SP ID="P14_SP00199" HPOS="320" VPOS="1387" WIDTH="21"/>
						<String ID="P14_ST00225" HPOS="341" VPOS="1348" WIDTH="44" HEIGHT="29" CONTENT="sie" WC="1.00" CC="010"/>
						<SP ID="P14_SP00200" HPOS="385" VPOS="1387" WIDTH="20"/>
						<String ID="P14_ST00226" HPOS="405" VPOS="1347" WIDTH="54" HEIGHT="30" CONTENT="an!" WC="0.96" CC="074"/>
						<SP ID="P14_SP00201" HPOS="459" VPOS="1387" WIDTH="40"/>
						<String ID="P14_ST00227" HPOS="499" VPOS="1347" WIDTH="103" HEIGHT="29" CONTENT="Unser" WC="0.98" CC="07006"/>
						<SP ID="P14_SP00202" HPOS="602" VPOS="1387" WIDTH="19"/>
						<String ID="P14_ST00228" HPOS="621" VPOS="1345" WIDTH="111" HEIGHT="30" CONTENT="Zweck" WC="0.98" CC="06350"/>
						<SP ID="P14_SP00203" HPOS="732" VPOS="1387" WIDTH="19"/>
						<String ID="P14_ST00229" HPOS="751" VPOS="1346" WIDTH="40" HEIGHT="29" CONTENT="ist" WC="0.99" CC="200"/>
						<SP ID="P14_SP00204" HPOS="791" VPOS="1387" WIDTH="19"/>
						<String ID="P14_ST00230" HPOS="810" VPOS="1344" WIDTH="50" HEIGHT="31" CONTENT="die" WC="1.00" CC="001"/>
						<SP ID="P14_SP00205" HPOS="860" VPOS="1387" WIDTH="20"/>
						<String ID="P14_ST00231" HPOS="880" VPOS="1343" WIDTH="166" HEIGHT="38" CONTENT="Befreiung" WC="0.98" CC="347600709"/>
						<SP ID="P14_SP00206" HPOS="1046" VPOS="1387" WIDTH="20"/>
						<String ID="P14_ST00232" HPOS="1066" VPOS="1343" WIDTH="54" HEIGHT="30" CONTENT="der" WC="0.94" CC="455"/>
						<SP ID="P14_SP00207" HPOS="1120" VPOS="1387" WIDTH="20"/>
						<String ID="P14_ST00233" HPOS="1140" VPOS="1342" WIDTH="193" HEIGHT="31" CONTENT="Menschheit" WC="0.99" CC="4570707010"/>
						<SP ID="P14_SP00208" HPOS="1333" VPOS="1387" WIDTH="21"/>
						<String ID="P14_ST00234" HPOS="1354" VPOS="1349" WIDTH="55" HEIGHT="22" CONTENT="aus" WC="0.96" CC="470"/>
					</TextLine>
					<TextLine ID="P14_TL00027" HPOS="222" VPOS="1387" WIDTH="1189" HEIGHT="45">
						<String ID="P14_ST00235" HPOS="222" VPOS="1393" WIDTH="145" HEIGHT="39" CONTENT="jeglicher" WC="0.98" CC="049625745"/>
						<SP ID="P14_SP00209" HPOS="367" VPOS="1432" WIDTH="23"/>
						<String ID="P14_ST00236" HPOS="390" VPOS="1392" WIDTH="160" HEIGHT="38" CONTENT="Sklaverei," WC="0.99" CC="0570007564"/>
						<SP ID="P14_SP00210" HPOS="550" VPOS="1432" WIDTH="26"/>
						<String ID="P14_ST00237" HPOS="576" VPOS="1401" WIDTH="55" HEIGHT="21" CONTENT="aus" WC="0.94" CC="077"/>
						<SP ID="P14_SP00211" HPOS="631" VPOS="1432" WIDTH="24"/>
						<String ID="P14_ST00238" HPOS="655" VPOS="1391" WIDTH="69" HEIGHT="30" CONTENT="dem" WC="0.95" CC="608"/>
						<SP ID="P14_SP00212" HPOS="724" VPOS="1432" WIDTH="22"/>
						<String ID="P14_ST00239" HPOS="746" VPOS="1390" WIDTH="98" HEIGHT="37" CONTENT="Joche" WC="0.97" CC="53570"/>
						<SP ID="P14_SP00213" HPOS="844" VPOS="1432" WIDTH="24"/>
						<String ID="P14_ST00240" HPOS="868" VPOS="1389" WIDTH="131" HEIGHT="30" CONTENT="sozialer" WC="0.99" CC="05003605"/>
						<SP ID="P14_SP00214" HPOS="999" VPOS="1432" WIDTH="24"/>
						<String ID="P14_ST00241" HPOS="1023" VPOS="1387" WIDTH="226" HEIGHT="39" CONTENT="Knechtschaft," WC="0.99" CC="7704060770743"/>
						<SP ID="P14_SP00215" HPOS="1249" VPOS="1432" WIDTH="22"/>
						<String ID="P14_ST00242" HPOS="1271" VPOS="1389" WIDTH="60" HEIGHT="28" CONTENT="wie" WC="0.98" CC="023"/>
						<SP ID="P14_SP00216" HPOS="1331" VPOS="1432" WIDTH="24"/>
						<String ID="P14_ST00243" HPOS="1355" VPOS="1395" WIDTH="56" HEIGHT="21" CONTENT="aus" WC="0.98" CC="060"/>
					</TextLine>
					<TextLine ID="P14_TL00028" HPOS="224" VPOS="1432" WIDTH="1187" HEIGHT="44">
						<String ID="P14_ST00244" HPOS="224" VPOS="1439" WIDTH="58" HEIGHT="31" CONTENT="den" WC="0.94" CC="607"/>
						<SP ID="P14_SP00217" HPOS="282" VPOS="1470" WIDTH="20"/>
						<String ID="P14_ST00245" HPOS="302" VPOS="1438" WIDTH="123" HEIGHT="31" CONTENT="Fesseln" WC="0.99" CC="3000027"/>
						<SP ID="P14_SP00218" HPOS="425" VPOS="1470" WIDTH="19"/>
						<String ID="P14_ST00246" HPOS="444" VPOS="1437" WIDTH="179" HEIGHT="39" CONTENT="politischer" WC="1.00" CC="00600002020"/>
						<SP ID="P14_SP00219" HPOS="623" VPOS="1476" WIDTH="19"/>
						<String ID="P14_ST00247" HPOS="642" VPOS="1437" WIDTH="152" HEIGHT="39" CONTENT="Tyrannei" WC="0.98" CC="03397702"/>
						<SP ID="P14_SP00220" HPOS="794" VPOS="1476" WIDTH="20"/>
						<String ID="P14_ST00248" HPOS="814" VPOS="1435" WIDTH="65" HEIGHT="30" CONTENT="und" WC="0.96" CC="704"/>
						<SP ID="P14_SP00221" HPOS="879" VPOS="1476" WIDTH="19"/>
						<String ID="P14_ST00249" HPOS="898" VPOS="1434" WIDTH="85" HEIGHT="31" CONTENT="nicht" WC="0.96" CC="74175"/>
						<SP ID="P14_SP00222" HPOS="983" VPOS="1476" WIDTH="18"/>
						<String ID="P14_ST00250" HPOS="1001" VPOS="1433" WIDTH="120" HEIGHT="30" CONTENT="minder" WC="0.99" CC="000044"/>
						<SP ID="P14_SP00223" HPOS="1121" VPOS="1476" WIDTH="20"/>
						<String ID="P14_ST00251" HPOS="1141" VPOS="1441" WIDTH="58" HEIGHT="22" CONTENT="aus" WC="0.93" CC="269"/>
						<SP ID="P14_SP00224" HPOS="1199" VPOS="1476" WIDTH="18"/>
						<String ID="P14_ST00252" HPOS="1217" VPOS="1432" WIDTH="68" HEIGHT="30" CONTENT="dem" WC="1.00" CC="000"/>
						<SP ID="P14_SP00225" HPOS="1285" VPOS="1476" WIDTH="20"/>
						<String ID="P14_ST00253" HPOS="1305" VPOS="1432" WIDTH="106" HEIGHT="30" CONTENT="Banne" WC="0.98" CC="60550"/>
					</TextLine>
					<TextLine ID="P14_TL00029" HPOS="223" VPOS="1484" WIDTH="360" HEIGHT="39">
						<String ID="P14_ST00254" HPOS="223" VPOS="1485" WIDTH="162" HEIGHT="38" CONTENT="religiöser" WC="0.99" CC="7074007074"/>
						<SP ID="P14_SP00226" HPOS="385" VPOS="1523" WIDTH="21"/>
						<String ID="P14_ST00255" HPOS="406" VPOS="1484" WIDTH="177" HEIGHT="30" CONTENT="Finsternis." WC="0.99" CC="51706127003"/>
					</TextLine>
					<TextLine ID="P14_TL00030" HPOS="305" VPOS="1523" WIDTH="1105" HEIGHT="44">
						<String ID="P14_ST00256" HPOS="305" VPOS="1529" WIDTH="92" HEIGHT="38" CONTENT="Jeder" WC="0.98" CC="44032"/>
						<SP ID="P14_SP00227" HPOS="397" VPOS="1567" WIDTH="36"/>
						<String ID="P14_ST00257" HPOS="433" VPOS="1528" WIDTH="217" HEIGHT="38" CONTENT="religionslose" WC="0.99" CC="3261003004507"/>
						<SP ID="P14_SP00228" HPOS="650" VPOS="1567" WIDTH="27"/>
						<String ID="P14_ST00258" HPOS="677" VPOS="1526" WIDTH="129" HEIGHT="31" CONTENT="Mensch" WC="0.98" CC="057040"/>
						<SP ID="P14_SP00229" HPOS="806" VPOS="1567" WIDTH="37"/>
						<String ID="P14_ST00259" HPOS="843" VPOS="1525" WIDTH="112" HEIGHT="38" CONTENT="begeht" WC="0.98" CC="736206"/>
						<SP ID="P14_SP00230" HPOS="955" VPOS="1567" WIDTH="36"/>
						<String ID="P14_ST00260" HPOS="991" VPOS="1525" WIDTH="66" HEIGHT="29" CONTENT="eine" WC="0.97" CC="3470"/>
						<SP ID="P14_SP00231" HPOS="1057" VPOS="1567" WIDTH="28"/>
						<String ID="P14_ST00261" HPOS="1085" VPOS="1523" WIDTH="309" HEIGHT="31" CONTENT="Pflichtvernachlässi" SUBS_TYPE="HypPart1" SUBS_CONTENT="Pflichtvernachlässigung," WC="0.99" CC="4770677456633777090"/>
						<HYP HPOS="1394" VPOS="1523" WIDTH="16" CONTENT="-"/>
					</TextLine>
					<TextLine ID="P14_TL00031" HPOS="223" VPOS="1569" WIDTH="1187" HEIGHT="46">
						<String ID="P14_ST00262" HPOS="223" VPOS="1584" WIDTH="97" HEIGHT="31" CONTENT="gung," SUBS_TYPE="HypPart2" SUBS_CONTENT="Pflichtvernachlässigung," WC="0.96" CC="07794"/>
						<SP ID="P14_SP00232" HPOS="320" VPOS="1615" WIDTH="30"/>
						<String ID="P14_ST00263" HPOS="350" VPOS="1583" WIDTH="92" HEIGHT="21" CONTENT="wenn" WC="0.96" CC="9203"/>
						<SP ID="P14_SP00233" HPOS="442" VPOS="1615" WIDTH="22"/>
						<String ID="P14_ST00264" HPOS="464" VPOS="1583" WIDTH="32" HEIGHT="21" CONTENT="er" WC="0.69" CC="32"/>
						<SP ID="P14_SP00234" HPOS="496" VPOS="1615" WIDTH="19"/>
						<String ID="P14_ST00265" HPOS="515" VPOS="1574" WIDTH="113" HEIGHT="37" CONTENT="täglich" WC="0.98" CC="7094050"/>
						<SP ID="P14_SP00235" HPOS="628" VPOS="1615" WIDTH="22"/>
						<String ID="P14_ST00266" HPOS="650" VPOS="1572" WIDTH="65" HEIGHT="31" CONTENT="und" WC="0.95" CC="770"/>
						<SP ID="P14_SP00236" HPOS="715" VPOS="1615" WIDTH="19"/>
						<String ID="P14_ST00267" HPOS="734" VPOS="1570" WIDTH="156" HEIGHT="32" CONTENT="stündlich" WC="0.99" CC="050003007"/>
						<SP ID="P14_SP00237" HPOS="890" VPOS="1615" WIDTH="20"/>
						<String ID="P14_ST00268" HPOS="910" VPOS="1570" WIDTH="83" HEIGHT="31" CONTENT="nicht" WC="0.97" CC="70276"/>
						<SP ID="P14_SP00238" HPOS="993" VPOS="1615" WIDTH="21"/>
						<String ID="P14_ST00269" HPOS="1014" VPOS="1570" WIDTH="73" HEIGHT="30" CONTENT="alles" WC="0.98" CC="07520"/>
						<SP ID="P14_SP00239" HPOS="1087" VPOS="1615" WIDTH="21"/>
						<String ID="P14_ST00270" HPOS="1108" VPOS="1569" WIDTH="153" HEIGHT="39" CONTENT="aufbietet," WC="0.98" CC="0777016564"/>
						<SP ID="P14_SP00240" HPOS="1261" VPOS="1615" WIDTH="30"/>
						<String ID="P14_ST00271" HPOS="1291" VPOS="1577" WIDTH="67" HEIGHT="22" CONTENT="was" WC="0.96" CC="404"/>
						<SP ID="P14_SP00241" HPOS="1358" VPOS="1615" WIDTH="21"/>
						<String ID="P14_ST00272" HPOS="1379" VPOS="1570" WIDTH="31" HEIGHT="28" CONTENT="in" WC="0.46" CC="37"/>
					</TextLine>
					<TextLine ID="P14_TL00032" HPOS="223" VPOS="1614" WIDTH="1187" HEIGHT="43">
						<String ID="P14_ST00273" HPOS="223" VPOS="1622" WIDTH="104" HEIGHT="30" CONTENT="seinen" WC="0.98" CC="204706"/>
						<SP ID="P14_SP00242" HPOS="327" VPOS="1652" WIDTH="24"/>
						<String ID="P14_ST00274" HPOS="351" VPOS="1620" WIDTH="124" HEIGHT="32" CONTENT="Kräften" WC="0.99" CC="0007007"/>
						<SP ID="P14_SP00243" HPOS="475" VPOS="1652" WIDTH="34"/>
						<String ID="P14_ST00275" HPOS="509" VPOS="1619" WIDTH="90" HEIGHT="38" CONTENT="steht," WC="0.99" CC="040604"/>
						<SP ID="P14_SP00244" HPOS="599" VPOS="1657" WIDTH="34"/>
						<String ID="P14_ST00276" HPOS="633" VPOS="1618" WIDTH="48" HEIGHT="30" CONTENT="die" WC="0.97" CC="600"/>
						<SP ID="P14_SP00245" HPOS="681" VPOS="1657" WIDTH="34"/>
						<String ID="P14_ST00277" HPOS="715" VPOS="1616" WIDTH="141" HEIGHT="39" CONTENT="Religion" WC="0.99" CC="70500200"/>
						<SP ID="P14_SP00246" HPOS="856" VPOS="1657" WIDTH="33"/>
						<String ID="P14_ST00278" HPOS="889" VPOS="1625" WIDTH="40" HEIGHT="21" CONTENT="zu" WC="0.64" CC="07"/>
						<SP ID="P14_SP00247" HPOS="929" VPOS="1657" WIDTH="34"/>
						<String ID="P14_ST00279" HPOS="963" VPOS="1615" WIDTH="214" HEIGHT="38" CONTENT="untergraben." WC="0.99" CC="777560007064"/>
						<SP ID="P14_SP00248" HPOS="1177" VPOS="1657" WIDTH="46"/>
						<String ID="P14_ST00280" HPOS="1223" VPOS="1614" WIDTH="92" HEIGHT="37" CONTENT="Jeder" WC="0.98" CC="03507"/>
						<SP ID="P14_SP00249" HPOS="1315" VPOS="1657" WIDTH="23"/>
						<String ID="P14_ST00281" HPOS="1338" VPOS="1623" WIDTH="72" HEIGHT="21" CONTENT="vom" WC="0.95" CC="057"/>
					</TextLine>
					<TextLine ID="P14_TL00033" HPOS="225" VPOS="1659" WIDTH="1185" HEIGHT="46">
						<String ID="P14_ST00282" HPOS="225" VPOS="1666" WIDTH="245" HEIGHT="39" CONTENT="Gottesglauben" WC="0.99" CC="6406509507656"/>
						<SP ID="P14_SP00250" HPOS="470" VPOS="1705" WIDTH="29"/>
						<String ID="P14_ST00283" HPOS="499" VPOS="1665" WIDTH="137" HEIGHT="38" CONTENT="Befreite," WC="0.99" CC="427650600"/>
						<SP ID="P14_SP00251" HPOS="636" VPOS="1705" WIDTH="29"/>
						<String ID="P14_ST00284" HPOS="665" VPOS="1663" WIDTH="54" HEIGHT="31" CONTENT="der" WC="0.92" CC="676"/>
						<SP ID="P14_SP00252" HPOS="719" VPOS="1705" WIDTH="27"/>
						<String ID="P14_ST00285" HPOS="746" VPOS="1672" WIDTH="32" HEIGHT="21" CONTENT="es" WC="0.74" CC="05"/>
						<SP ID="P14_SP00253" HPOS="778" VPOS="1705" WIDTH="28"/>
						<String ID="P14_ST00286" HPOS="806" VPOS="1662" WIDTH="163" HEIGHT="38" CONTENT="unterläßt," WC="0.99" CC="7600740002"/>
						<SP ID="P14_SP00254" HPOS="969" VPOS="1705" WIDTH="30"/>
						<String ID="P14_ST00287" HPOS="999" VPOS="1660" WIDTH="56" HEIGHT="31" CONTENT="das" WC="0.98" CC="050"/>
						<SP ID="P14_SP00255" HPOS="1055" VPOS="1705" WIDTH="29"/>
						<String ID="P14_ST00288" HPOS="1084" VPOS="1660" WIDTH="181" HEIGHT="31" CONTENT="Pfaffentum" WC="0.99" CC="5707630064"/>
						<SP ID="P14_SP00256" HPOS="1265" VPOS="1705" WIDTH="29"/>
						<String ID="P14_ST00289" HPOS="1294" VPOS="1669" WIDTH="39" HEIGHT="21" CONTENT="zu" WC="0.62" CC="07"/>
						<SP ID="P14_SP00257" HPOS="1333" VPOS="1705" WIDTH="29"/>
						<String ID="P14_ST00290" HPOS="1362" VPOS="1659" WIDTH="32" HEIGHT="30" CONTENT="be" SUBS_TYPE="HypPart1" SUBS_CONTENT="bekämpfen," WC="0.94" CC="74"/>
						<HYP HPOS="1394" VPOS="1659" WIDTH="16" CONTENT="-"/>
					</TextLine>
					<TextLine ID="P14_TL00034" HPOS="223" VPOS="1705" WIDTH="1187" HEIGHT="45">
						<String ID="P14_ST00291" HPOS="223" VPOS="1712" WIDTH="150" HEIGHT="38" CONTENT="kämpfen," SUBS_TYPE="HypPart2" SUBS_CONTENT="bekämpfen," WC="0.99" CC="80000073"/>
						<SP ID="P14_SP00258" HPOS="373" VPOS="1750" WIDTH="25"/>
						<String ID="P14_ST00292" HPOS="398" VPOS="1721" WIDTH="53" HEIGHT="21" CONTENT="wo" WC="0.69" CC="06"/>
						<SP ID="P14_SP00259" HPOS="451" VPOS="1750" WIDTH="23"/>
						<String ID="P14_ST00293" HPOS="474" VPOS="1710" WIDTH="64" HEIGHT="30" CONTENT="und" WC="0.94" CC="770"/>
						<SP ID="P14_SP00260" HPOS="538" VPOS="1750" WIDTH="22"/>
						<String ID="P14_ST00294" HPOS="560" VPOS="1719" WIDTH="93" HEIGHT="21" CONTENT="wann" WC="0.99" CC="0060"/>
						<SP ID="P14_SP00261" HPOS="653" VPOS="1750" WIDTH="23"/>
						<String ID="P14_ST00295" HPOS="676" VPOS="1709" WIDTH="64" HEIGHT="29" CONTENT="und" WC="0.95" CC="670"/>
						<SP ID="P14_SP00262" HPOS="740" VPOS="1750" WIDTH="21"/>
						<String ID="P14_ST00296" HPOS="761" VPOS="1710" WIDTH="59" HEIGHT="28" CONTENT="wie" WC="0.99" CC="003"/>
						<SP ID="P14_SP00263" HPOS="820" VPOS="1750" WIDTH="22"/>
						<String ID="P14_ST00297" HPOS="842" VPOS="1717" WIDTH="33" HEIGHT="22" CONTENT="er" WC="0.61" CC="16"/>
						<SP ID="P14_SP00264" HPOS="875" VPOS="1750" WIDTH="21"/>
						<String ID="P14_ST00298" HPOS="896" VPOS="1717" WIDTH="61" HEIGHT="21" CONTENT="nur" WC="0.95" CC="076"/>
						<SP ID="P14_SP00265" HPOS="957" VPOS="1750" WIDTH="21"/>
						<String ID="P14_ST00299" HPOS="978" VPOS="1707" WIDTH="108" HEIGHT="30" CONTENT="immer" WC="0.99" CC="00054"/>
						<SP ID="P14_SP00266" HPOS="1086" VPOS="1750" WIDTH="21"/>
						<String ID="P14_ST00300" HPOS="1107" VPOS="1705" WIDTH="200" HEIGHT="38" CONTENT="Gelegenheit" WC="0.99" CC="60619007600"/>
						<SP ID="P14_SP00267" HPOS="1307" VPOS="1750" WIDTH="23"/>
						<String ID="P14_ST00301" HPOS="1330" VPOS="1705" WIDTH="80" HEIGHT="30" CONTENT="dazu" WC="0.97" CC="0097"/>
					</TextLine>
					<TextLine ID="P14_TL00035" HPOS="225" VPOS="1750" WIDTH="1185" HEIGHT="47">
						<String ID="P14_ST00302" HPOS="225" VPOS="1758" WIDTH="60" HEIGHT="39" CONTENT="hat," WC="0.98" CC="7000"/>
						<SP ID="P14_SP00268" HPOS="285" VPOS="1797" WIDTH="19"/>
						<String ID="P14_ST00303" HPOS="304" VPOS="1759" WIDTH="39" HEIGHT="30" CONTENT="ist" WC="1.00" CC="000"/>
						<SP ID="P14_SP00269" HPOS="343" VPOS="1797" WIDTH="19"/>
						<String ID="P14_ST00304" HPOS="362" VPOS="1757" WIDTH="49" HEIGHT="31" CONTENT="ein" WC="0.98" CC="005"/>
						<SP ID="P14_SP00270" HPOS="411" VPOS="1797" WIDTH="19"/>
						<String ID="P14_ST00305" HPOS="430" VPOS="1757" WIDTH="142" HEIGHT="30" CONTENT="Verräter" WC="0.99" CC="11560044"/>
						<SP ID="P14_SP00271" HPOS="572" VPOS="1797" WIDTH="17"/>
						<String ID="P14_ST00306" HPOS="589" VPOS="1756" WIDTH="100" HEIGHT="29" CONTENT="seiner" WC="0.98" CC="050065"/>
						<SP ID="P14_SP00272" HPOS="689" VPOS="1797" WIDTH="19"/>
						<String ID="P14_ST00307" HPOS="708" VPOS="1754" WIDTH="105" HEIGHT="31" CONTENT="Sache." WC="0.99" CC="304004"/>
						<SP ID="P14_SP00273" HPOS="813" VPOS="1797" WIDTH="41"/>
						<String ID="P14_ST00308" HPOS="854" VPOS="1753" WIDTH="77" HEIGHT="30" CONTENT="Also" WC="0.96" CC="0494"/>
						<SP ID="P14_SP00274" HPOS="931" VPOS="1797" WIDTH="20"/>
						<String ID="P14_ST00309" HPOS="951" VPOS="1753" WIDTH="95" HEIGHT="38" CONTENT="Krieg" WC="0.99" CC="02200"/>
						<SP ID="P14_SP00275" HPOS="1046" VPOS="1797" WIDTH="19"/>
						<String ID="P14_ST00310" HPOS="1065" VPOS="1752" WIDTH="69" HEIGHT="30" CONTENT="dem" WC="0.97" CC="070"/>
						<SP ID="P14_SP00276" HPOS="1134" VPOS="1797" WIDTH="19"/>
						<String ID="P14_ST00311" HPOS="1153" VPOS="1751" WIDTH="180" HEIGHT="31" CONTENT="schwarzen" WC="0.99" CC="045007020"/>
						<SP ID="P14_SP00277" HPOS="1333" VPOS="1797" WIDTH="19"/>
						<String ID="P14_ST00312" HPOS="1352" VPOS="1750" WIDTH="39" HEIGHT="30" CONTENT="Ge" SUBS_TYPE="HypPart1" SUBS_CONTENT="Gesindel" WC="0.97" CC="35"/>
						<HYP HPOS="1391" VPOS="1750" WIDTH="19" CONTENT="-"/>
					</TextLine>
					<TextLine ID="P14_TL00036" HPOS="224" VPOS="1796" WIDTH="1186" HEIGHT="42">
						<String ID="P14_ST00313" HPOS="224" VPOS="1803" WIDTH="98" HEIGHT="31" CONTENT="sindel" SUBS_TYPE="HypPart2" SUBS_CONTENT="Gesindel" WC="0.97" CC="527707"/>
						<SP ID="P14_SP00278" HPOS="322" VPOS="1834" WIDTH="70"/>
						<String ID="P14_ST00314" HPOS="392" VPOS="1801" WIDTH="273" HEIGHT="31" CONTENT="unversöhnlicher" WC="0.99" CC="770562007604045"/>
						<SP ID="P14_SP00279" HPOS="665" VPOS="1834" WIDTH="13"/>
						<String ID="P14_ST00315" HPOS="678" VPOS="1801" WIDTH="93" HEIGHT="37" CONTENT="Krieg" WC="0.97" CC="05039"/>
						<SP ID="P14_SP00280" HPOS="771" VPOS="1838" WIDTH="15"/>
						<String ID="P14_ST00316" HPOS="786" VPOS="1799" WIDTH="50" HEIGHT="31" CONTENT="bis" WC="0.97" CC="700"/>
						<SP ID="P14_SP00281" HPOS="836" VPOS="1838" WIDTH="13"/>
						<String ID="P14_ST00317" HPOS="849" VPOS="1799" WIDTH="68" HEIGHT="30" CONTENT="aufs" WC="0.96" CC="4770"/>
						<SP ID="P14_SP00282" HPOS="917" VPOS="1838" WIDTH="16"/>
						<String ID="P14_ST00318" HPOS="933" VPOS="1798" WIDTH="134" HEIGHT="30" CONTENT="Messer!" WC="0.99" CC="0500643"/>
						<SP ID="P14_SP00283" HPOS="1067" VPOS="1838" WIDTH="35"/>
						<String ID="P14_ST00319" HPOS="1102" VPOS="1796" WIDTH="192" HEIGHT="39" CONTENT="Aufreizung" WC="0.99" CC="0775600670"/>
						<SP ID="P14_SP00284" HPOS="1294" VPOS="1838" WIDTH="16"/>
						<String ID="P14_ST00320" HPOS="1310" VPOS="1805" WIDTH="100" HEIGHT="29" CONTENT="gegen" WC="0.98" CC="00907"/>
					</TextLine>
					<TextLine ID="P14_TL00037" HPOS="226" VPOS="1841" WIDTH="1185" HEIGHT="45">
						<String ID="P14_ST00321" HPOS="226" VPOS="1849" WIDTH="47" HEIGHT="31" CONTENT="die" WC="0.98" CC="050"/>
						<SP ID="P14_SP00285" HPOS="273" VPOS="1880" WIDTH="23"/>
						<String ID="P14_ST00322" HPOS="296" VPOS="1848" WIDTH="176" HEIGHT="38" CONTENT="Verführer," WC="0.99" CC="0257070064"/>
						<SP ID="P14_SP00286" HPOS="472" VPOS="1886" WIDTH="34"/>
						<String ID="P14_ST00323" HPOS="506" VPOS="1846" WIDTH="193" HEIGHT="38" CONTENT="Aufklärung" WC="0.98" CC="0771437679"/>
						<SP ID="P14_SP00287" HPOS="699" VPOS="1886" WIDTH="24"/>
						<String ID="P14_ST00324" HPOS="723" VPOS="1846" WIDTH="51" HEIGHT="30" CONTENT="für" WC="0.94" CC="366"/>
						<SP ID="P14_SP00288" HPOS="774" VPOS="1886" WIDTH="24"/>
						<String ID="P14_ST00325" HPOS="798" VPOS="1845" WIDTH="47" HEIGHT="30" CONTENT="die" WC="0.99" CC="002"/>
						<SP ID="P14_SP00289" HPOS="845" VPOS="1886" WIDTH="25"/>
						<String ID="P14_ST00326" HPOS="870" VPOS="1844" WIDTH="198" HEIGHT="30" CONTENT="Verführten!" WC="0.99" CC="00764073076"/>
						<SP ID="P14_SP00290" HPOS="1068" VPOS="1886" WIDTH="46"/>
						<String ID="P14_ST00327" HPOS="1114" VPOS="1843" WIDTH="106" HEIGHT="31" CONTENT="Lasset" WC="0.96" CC="663947"/>
						<SP ID="P14_SP00291" HPOS="1220" VPOS="1886" WIDTH="24"/>
						<String ID="P14_ST00328" HPOS="1244" VPOS="1851" WIDTH="59" HEIGHT="21" CONTENT="uns" WC="0.94" CC="770"/>
						<SP ID="P14_SP00292" HPOS="1303" VPOS="1886" WIDTH="25"/>
						<String ID="P14_ST00329" HPOS="1328" VPOS="1841" WIDTH="83" HEIGHT="39" CONTENT="jedes" WC="0.98" CC="90020"/>
					</TextLine>
					<TextLine ID="P14_TL00038" HPOS="227" VPOS="1886" WIDTH="1184" HEIGHT="44">
						<String ID="P14_ST00330" HPOS="227" VPOS="1895" WIDTH="97" HEIGHT="30" CONTENT="Mittel" WC="0.97" CC="920176"/>
						<SP ID="P14_SP00293" HPOS="324" VPOS="1925" WIDTH="25"/>
						<String ID="P14_ST00331" HPOS="349" VPOS="1894" WIDTH="53" HEIGHT="30" CONTENT="des" WC="0.98" CC="050"/>
						<SP ID="P14_SP00294" HPOS="402" VPOS="1925" WIDTH="23"/>
						<String ID="P14_ST00332" HPOS="425" VPOS="1893" WIDTH="144" HEIGHT="37" CONTENT="Kampfes" WC="0.98" CC="4290736"/>
						<SP ID="P14_SP00295" HPOS="569" VPOS="1930" WIDTH="23"/>
						<String ID="P14_ST00333" HPOS="592" VPOS="1893" WIDTH="31" HEIGHT="30" CONTENT="in" WC="0.40" CC="47"/>
						<SP ID="P14_SP00296" HPOS="623" VPOS="1930" WIDTH="35"/>
						<String ID="P14_ST00334" HPOS="658" VPOS="1900" WIDTH="109" HEIGHT="21" CONTENT="unsere" WC="0.98" CC="700360"/>
						<SP ID="P14_SP00297" HPOS="767" VPOS="1930" WIDTH="24"/>
						<String ID="P14_ST00335" HPOS="791" VPOS="1891" WIDTH="126" HEIGHT="30" CONTENT="Dienste" WC="1.00" CC="0400003"/>
						<SP ID="P14_SP00298" HPOS="917" VPOS="1930" WIDTH="34"/>
						<String ID="P14_ST00336" HPOS="951" VPOS="1890" WIDTH="145" HEIGHT="29" CONTENT="nehmen:" WC="0.97" CC="7376475"/>
						<SP ID="P14_SP00299" HPOS="1096" VPOS="1930" WIDTH="35"/>
						<String ID="P14_ST00337" HPOS="1131" VPOS="1889" WIDTH="59" HEIGHT="30" CONTENT="Die" WC="0.99" CC="300"/>
						<SP ID="P14_SP00300" HPOS="1190" VPOS="1930" WIDTH="23"/>
						<String ID="P14_ST00338" HPOS="1213" VPOS="1887" WIDTH="109" HEIGHT="31" CONTENT="Geißel" WC="0.98" CC="613067"/>
						<SP ID="P14_SP00301" HPOS="1322" VPOS="1930" WIDTH="36"/>
						<String ID="P14_ST00339" HPOS="1358" VPOS="1886" WIDTH="53" HEIGHT="31" CONTENT="des" WC="0.97" CC="070"/>
					</TextLine>
					<TextLine ID="P14_TL00039" HPOS="228" VPOS="1932" WIDTH="1183" HEIGHT="47">
						<String ID="P14_ST00340" HPOS="228" VPOS="1940" WIDTH="129" HEIGHT="39" CONTENT="Spottes," WC="0.99" CC="00006044"/>
						<SP ID="P14_SP00302" HPOS="357" VPOS="1979" WIDTH="18"/>
						<String ID="P14_ST00341" HPOS="375" VPOS="1941" WIDTH="60" HEIGHT="29" CONTENT="wie" WC="0.98" CC="041"/>
						<SP ID="P14_SP00303" HPOS="435" VPOS="1979" WIDTH="18"/>
						<String ID="P14_ST00342" HPOS="453" VPOS="1939" WIDTH="48" HEIGHT="30" CONTENT="die" WC="0.97" CC="043"/>
						<SP ID="P14_SP00304" HPOS="501" VPOS="1979" WIDTH="18"/>
						<String ID="P14_ST00343" HPOS="519" VPOS="1938" WIDTH="106" HEIGHT="31" CONTENT="Fackel" WC="0.97" CC="662246"/>
						<SP ID="P14_SP00305" HPOS="625" VPOS="1979" WIDTH="19"/>
						<String ID="P14_ST00344" HPOS="644" VPOS="1938" WIDTH="54" HEIGHT="30" CONTENT="der" WC="0.97" CC="402"/>
						<SP ID="P14_SP00306" HPOS="698" VPOS="1979" WIDTH="16"/>
						<String ID="P14_ST00345" HPOS="714" VPOS="1936" WIDTH="236" HEIGHT="37" CONTENT="Wissenschaft;" WC="0.99" CC="9700076503776"/>
						<SP ID="P14_SP00307" HPOS="950" VPOS="1979" WIDTH="19"/>
						<String ID="P14_ST00346" HPOS="969" VPOS="1945" WIDTH="52" HEIGHT="20" CONTENT="wo" WC="0.69" CC="32"/>
						<SP ID="P14_SP00308" HPOS="1021" VPOS="1979" WIDTH="18"/>
						<String ID="P14_ST00347" HPOS="1039" VPOS="1935" WIDTH="81" HEIGHT="29" CONTENT="diese" WC="0.98" CC="52050"/>
						<SP ID="P14_SP00309" HPOS="1120" VPOS="1979" WIDTH="18"/>
						<String ID="P14_ST00348" HPOS="1138" VPOS="1934" WIDTH="84" HEIGHT="30" CONTENT="nicht" WC="0.96" CC="74678"/>
						<SP ID="P14_SP00310" HPOS="1222" VPOS="1979" WIDTH="17"/>
						<String ID="P14_ST00349" HPOS="1239" VPOS="1932" WIDTH="172" HEIGHT="39" CONTENT="zureichen," WC="0.99" CC="0765003400"/>
					</TextLine>
					<TextLine ID="P14_TL00040" HPOS="288" VPOS="1982" WIDTH="564" HEIGHT="42">
						<String ID="P14_ST00350" HPOS="288" VPOS="1985" WIDTH="87" HEIGHT="39" CONTENT="greif-" WC="0.98" CC="070173"/>
						<SP ID="P14_SP00311" HPOS="375" VPOS="2024" WIDTH="22"/>
						<String ID="P14_ST00351" HPOS="397" VPOS="1985" WIDTH="66" HEIGHT="30" CONTENT="und" WC="0.97" CC="700"/>
						<SP ID="P14_SP00312" HPOS="463" VPOS="2024" WIDTH="21"/>
						<String ID="P14_ST00352" HPOS="484" VPOS="1984" WIDTH="141" HEIGHT="31" CONTENT="fühlbare" WC="0.98" CC="00777672"/>
						<SP ID="P14_SP00313" HPOS="625" VPOS="2024" WIDTH="21"/>
						<String ID="P14_ST00353" HPOS="646" VPOS="1982" WIDTH="206" HEIGHT="39" CONTENT="Argumentet" WC="0.98" CC="0620967707"/>
					</TextLine>
					<TextLine ID="P14_TL00041" HPOS="306" VPOS="2026" WIDTH="1105" HEIGHT="45">
						<String ID="P14_ST00354" HPOS="306" VPOS="2034" WIDTH="65" HEIGHT="31" CONTENT="Vor" WC="0.95" CC="076"/>
						<SP ID="P14_SP00314" HPOS="371" VPOS="2065" WIDTH="26"/>
						<String ID="P14_ST00355" HPOS="397" VPOS="2034" WIDTH="88" HEIGHT="30" CONTENT="allem" WC="0.97" CC="80707"/>
						<SP ID="P14_SP00315" HPOS="485" VPOS="2065" WIDTH="26"/>
						<String ID="P14_ST00356" HPOS="511" VPOS="2033" WIDTH="72" HEIGHT="30" CONTENT="hüte" WC="0.97" CC="7060"/>
						<SP ID="P14_SP00316" HPOS="583" VPOS="2065" WIDTH="25"/>
						<String ID="P14_ST00357" HPOS="608" VPOS="2041" WIDTH="71" HEIGHT="22" CONTENT="man" WC="0.92" CC="847"/>
						<SP ID="P14_SP00317" HPOS="679" VPOS="2065" WIDTH="27"/>
						<String ID="P14_ST00358" HPOS="706" VPOS="2032" WIDTH="75" HEIGHT="39" CONTENT="sich," WC="0.98" CC="04073"/>
						<SP ID="P14_SP00318" HPOS="781" VPOS="2071" WIDTH="26"/>
						<String ID="P14_ST00359" HPOS="807" VPOS="2031" WIDTH="32" HEIGHT="31" CONTENT="in" WC="0.33" CC="57"/>
						<SP ID="P14_SP00319" HPOS="839" VPOS="2071" WIDTH="27"/>
						<String ID="P14_ST00360" HPOS="866" VPOS="2031" WIDTH="53" HEIGHT="31" CONTENT="der" WC="0.94" CC="654"/>
						<SP ID="P14_SP00320" HPOS="919" VPOS="2071" WIDTH="27"/>
						<String ID="P14_ST00361" HPOS="946" VPOS="2029" WIDTH="317" HEIGHT="37" CONTENT="Arbeiterbewegung" WC="0.99" CC="0775747071069777"/>
						<SP ID="P14_SP00321" HPOS="1263" VPOS="2071" WIDTH="26"/>
						<String ID="P14_ST00362" HPOS="1289" VPOS="2026" WIDTH="105" HEIGHT="31" CONTENT="Gottes" SUBS_TYPE="HypPart1" SUBS_CONTENT="Gottesphrasen" WC="0.98" CC="640160"/>
						<HYP HPOS="1394" VPOS="2026" WIDTH="17" CONTENT="-"/>
					</TextLine>
					<TextLine ID="P14_TL00042" HPOS="228" VPOS="2072" WIDTH="1184" HEIGHT="46">
						<String ID="P14_ST00363" HPOS="228" VPOS="2079" WIDTH="131" HEIGHT="37" CONTENT="phrasen" SUBS_TYPE="HypPart2" SUBS_CONTENT="Gottesphrasen" WC="0.97" CC="0755667"/>
						<SP ID="P14_SP00322" HPOS="359" VPOS="2116" WIDTH="19"/>
						<String ID="P14_ST00364" HPOS="378" VPOS="2080" WIDTH="64" HEIGHT="29" CONTENT="und" WC="0.94" CC="770"/>
						<SP ID="P14_SP00323" HPOS="442" VPOS="2116" WIDTH="17"/>
						<String ID="P14_ST00365" HPOS="459" VPOS="2078" WIDTH="272" HEIGHT="40" CONTENT="Religionsgefasel" WC="1.00" CC="7066025000070070"/>
						<SP ID="P14_SP00324" HPOS="731" VPOS="2118" WIDTH="18"/>
						<String ID="P14_ST00366" HPOS="749" VPOS="2076" WIDTH="196" HEIGHT="39" CONTENT="schweigend" WC="0.99" CC="6662600076"/>
						<SP ID="P14_SP00325" HPOS="945" VPOS="2118" WIDTH="18"/>
						<String ID="P14_ST00367" HPOS="963" VPOS="2074" WIDTH="245" HEIGHT="31" CONTENT="mitanzuhören." WC="0.53" CC="5559707007063"/>
						<SP ID="P14_SP00326" HPOS="1208" VPOS="2118" WIDTH="41"/>
						<String ID="P14_ST00368" HPOS="1249" VPOS="2072" WIDTH="41" HEIGHT="31" CONTENT="So" WC="0.96" CC="00"/>
						<SP ID="P14_SP00327" HPOS="1290" VPOS="2118" WIDTH="18"/>
						<String ID="P14_ST00369" HPOS="1308" VPOS="2072" WIDTH="104" HEIGHT="38" CONTENT="wenig" WC="1.00" CC="03000"/>
					</TextLine>
					<TextLine ID="P14_TL00043" HPOS="228" VPOS="2118" WIDTH="1183" HEIGHT="44">
						<String ID="P14_ST00370" HPOS="228" VPOS="2125" WIDTH="31" HEIGHT="29" CONTENT="in" WC="0.35" CC="57"/>
						<SP ID="P14_SP00328" HPOS="259" VPOS="2154" WIDTH="23"/>
						<String ID="P14_ST00371" HPOS="282" VPOS="2124" WIDTH="66" HEIGHT="30" CONTENT="dem" WC="0.97" CC="600"/>
						<SP ID="P14_SP00329" HPOS="348" VPOS="2154" WIDTH="21"/>
						<String ID="P14_ST00372" HPOS="369" VPOS="2124" WIDTH="97" HEIGHT="38" CONTENT="Lager" WC="0.96" CC="50967"/>
						<SP ID="P14_SP00330" HPOS="466" VPOS="2162" WIDTH="20"/>
						<String ID="P14_ST00373" HPOS="486" VPOS="2124" WIDTH="55" HEIGHT="31" CONTENT="der" WC="0.95" CC="770"/>
						<SP ID="P14_SP00331" HPOS="541" VPOS="2162" WIDTH="19"/>
						<String ID="P14_ST00374" HPOS="560" VPOS="2123" WIDTH="136" HEIGHT="31" CONTENT="sozialen" WC="0.99" CC="05445070"/>
						<SP ID="P14_SP00332" HPOS="696" VPOS="2162" WIDTH="21"/>
						<String ID="P14_ST00375" HPOS="717" VPOS="2123" WIDTH="182" HEIGHT="31" CONTENT="Revolution" WC="0.98" CC="7007677067"/>
						<SP ID="P14_SP00333" HPOS="899" VPOS="2162" WIDTH="84"/>
						<String ID="P14_ST00376" HPOS="983" VPOS="2120" WIDTH="64" HEIGHT="31" CONTENT="und" WC="0.94" CC="709"/>
						<SP ID="P14_SP00334" HPOS="1047" VPOS="2162" WIDTH="20"/>
						<String ID="P14_ST00377" HPOS="1067" VPOS="2130" WIDTH="66" HEIGHT="21" CONTENT="was" WC="0.98" CC="060"/>
						<SP ID="P14_SP00335" HPOS="1133" VPOS="2162" WIDTH="22"/>
						<String ID="P14_ST00378" HPOS="1155" VPOS="2118" WIDTH="169" HEIGHT="31" CONTENT="außerhalb" WC="0.98" CC="970607867"/>
						<SP ID="P14_SP00336" HPOS="1324" VPOS="2162" WIDTH="22"/>
						<String ID="P14_ST00379" HPOS="1346" VPOS="2118" WIDTH="49" HEIGHT="30" CONTENT="des" SUBS_TYPE="HypPart1" SUBS_CONTENT="desselben" WC="0.99" CC="000"/>
						<HYP HPOS="1395" VPOS="2118" WIDTH="16" CONTENT="-"/>
					</TextLine>
				</TextBlock>
			</PrintSpace>
		</Page>
	</Layout>
</alto>
