1626 2540
266 2220 60 34 312

246 227 183 38 lungskunst
450 234 75 21 war.
568 223 74 31 Und
664 231 32 21 es
718 229 68 23 wai
807 221 49 29 die
876 218 138 31 Ankunft
1035 218 84 36 John
1140 217 97 31 Reeds
1258 217 54 30 mit
1334 216 93 29 diese*

247 271 190 38 Geschichte,
461 270 48 29 die
531 278 59 20 uns
611 267 87 30 mehr
721 267 44 29 als
790 266 73 29 alles
888 265 112 29 andere
1025 263 103 29 davon
1151 262 194 37 überzeugte,
1370 260 62 30 daß

246 319 59 29 wir
328 318 64 29 eine
416 314 158 31 satirische
597 312 172 31 Zeitschrift
794 311 100 30 haben
919 310 137 36 maßten,
1082 307 40 30 ob
1151 316 31 21 es
1206 306 137 37 möglich
1368 314 64 22 war

249 364 75 30 oder
340 362 92 30 nicht.

328 409 81 32 Reed
434 409 82 29 hatte
541 407 112 39 gerade
679 406 83 30 seine
788 405 141 30 Karriere
957 402 45 30 als
1028 401 167 38 populärer
1222 398 212 31 Schriftsteller

247 459 175 36 begonnen,
447 454 64 29 und
535 454 49 30 ich
607 453 82 29 hatte
714 450 200 38 Gelegenheit
938 457 40 21 zu
1002 447 202 37 beobachten,
1229 445 59 30 wie
1311 444 65 30 sich
1402 444 32 29 in

247 504 62 29 ihm
334 502 53 29 der
411 499 220 37 Lebensdrang
656 499 31 29 in
714 497 77 30 zwei
816 505 81 29 ganz
921 492 237 33 verschiedenen
1182 490 146 32 einander
1352 499 82 28 ganz

249 547 305 39 entgegengesetzten
577 543 192 38 Richtungen
793 540 195 38 entwickelte,
1011 548 63 21 von
1099 538 98 29 denen
1219 545 33 22 er
1275 544 38 21 an
1337 537 96 28 einem

247 594 154 37 gewissen
417 590 189 39 Höhepunkt
623 590 65 29 eine
707 587 159 39 endgültig
883 585 123 31 wählen
1023 584 115 30 mußte.
1175 582 117 37 Wegen
1311 581 53 29 der
1383 589 35 20 un-

249 637 243 40 erschöpflichen
514 635 230 31 Fruchtbarkeit
764 634 101 29 seiner
884 631 95 30 Feder
1000 630 65 29 und
1083 637 109 29 wegen
1215 628 52 29 der
1288 626 47 30 bei
1357 626 77 30 allen

249 684 219 30 Amerikanern
505 680 149 31 beliebten
680 678 216 40 jugendlichen
922 675 247 36 Abenteuerlust,
1205 673 131 30 öffneten
1373 672 63 29 ihm

250 731 57 29 alle
326 729 171 37 Zeitungen
518 727 65 30 und
602 725 211 30 Zeitschriften
833 724 65 29 ihre
918 722 133 38 Spalten.
1092 720 49 30 Sie
1160 720 119 29 stritten
1298 718 66 30 sich
1386 725 48 20 um

249 778 103 27 seinen
377 774 130 39 Namen,
534 773 80 29 denn
640 772 84 29 seine
748 769 214 37 Geschichten,
990 766 138 31 Berichte
1153 774 64 21 von
1242 763 194 30 Abenteuern

249 823 40 28 im
311 820 184 39 politischen
513 818 111 38 Leben,
644 818 41 29 im
705 816 110 36 Kriege
835 814 65 30 und
919 815 31 28 in
970 813 54 29 der
1042 810 202 32 Gesellschaft
1263 818 105 20 waren
1390 808 47 29 die

251 867 181 30 allerbesten
449 866 32 28 in
499 863 152 31 Amerika.
690 861 56 30 Als
764 861 55 30 der
837 860 95 36 Krieg
950 860 31 29 in
1001 858 128 36 Europa
1146 856 116 37 anfing,
1279 856 110 28 wurde
1408 861 31 21 er

251 913 44 30 als
315 912 54 29 der
386 911 84 30 beste
487 907 368 40 Kriegsberichterstatter
875 905 54 30 der
946 904 194 36 Vereinigten
1161 901 121 30 Staaten
1302 899 119 30 betrach-

251 963 48 26 tet.
342 957 76 29 Man
438 957 80 29 kann
538 955 65 30 sich
622 956 57 35 gut
698 953 48 30 die
766 951 238 38 Möglichkeiten
1025 948 174 37 verstellen,
1223 946 48 30 die
1289 946 65 29 sich
1376 945 61 29 ihm

251 1004 102 29 boten.
393 1001 76 31 Und
488 1011 31 20 er
538 1009 68 21 war
624 999 84 30 nicht
726 1007 59 21 nur
806 998 47 28 ein
872 993 378 40 Kriegsberichterstatter,
1269 1000 67 21 war
1355 990 84 30 nicht

251 1059 60 19 nur
330 1047 182 38 Journalist.
554 1046 41 29 Er
614 1053 68 22 war
702 1044 78 29 auch
802 1045 47 28 ein
870 1042 127 30 Dichter
1016 1039 65 31 und
1103 1037 192 31 Dramatiker
1315 1054 49 14 —,
1387 1035 54 30 der

251 1095 84 30 nicht
360 1103 60 21 nur
444 1101 61 21 von
532 1091 77 30 allen
637 1089 170 39 populären
834 1086 212 31 Zeitschriften
1074 1085 166 29 anerkannt
1266 1091 77 29 war,
1369 1089 53 21 son-

254 1140 75 30 dern
354 1139 76 30 auch
466 1147 62 20 von
553 1137 87 37 jenen
667 1134 149 30 ehrbaren
841 1132 224 37 Institutionen,
1102 1130 48 30 die
1185 1127 174 39 gemeinhin
1396 1126 44 29 als

253 1185 239 31 Schiedsrichter
515 1183 76 29 über
611 1181 49 30 die
680 1179 185 32 literarische
886 1178 101 31 Kunst
1008 1185 125 21 unserer
1155 1173 130 31 Periode
1305 1172 119 30 betrach-

254 1233 40 28 tet
312 1230 135 31 werden.
489 1229 40 29 Es
548 1228 62 38 gab
631 1227 107 30 keinen
759 1225 108 37 Erfolg
888 1223 65 30 und
971 1223 105 29 keinen
1096 1221 133 30 Gewinn
1251 1218 63 30 und
1335 1218 104 29 keinen

255 1276 106 32 Beifall
388 1277 32 29 in
447 1275 54 30 der
527 1272 209 31 literarischen
762 1270 90 38 Welt,
879 1279 52 20 um
960 1268 57 30 den
1046 1267 64 31 sich
1138 1266 84 37 John
1251 1263 81 32 Reed
1359 1263 84 30 nicht

256 1322 117 30 damals
390 1322 82 29 hätte
489 1319 153 31 bemühen
658 1318 133 37 können,
809 1315 66 31 und
893 1315 58 30 den
969 1324 33 20 er
1018 1313 84 30 nicht
1119 1311 76 30 auch
1215 1310 120 37 erlangt
1352 1310 91 28 hätte.

340 1369 83 30 Aber
445 1366 150 32 während
616 1366 40 30 all
678 1364 98 31 dieser
798 1364 93 36 Jahre
912 1362 108 31 wuchs
1042 1362 140 36 langsam
1206 1359 64 30 und
1292 1359 97 29 sicher
1412 1359 33 28 in

254 1416 101 30 seiner
378 1414 93 30 Brust
495 1413 56 30 das
574 1411 112 31 Gefühl
711 1410 53 30 der
788 1409 200 37 Auflehnung
1011 1416 99 28 gegen
1135 1406 48 30 die
1207 1406 124 36 heutige
1353 1403 90 39 Welt,

254 1469 101 29 gegen
378 1459 49 30 die
449 1458 217 37 Ausbeutung,
690 1456 48 30 die
761 1464 90 20 unser
875 1453 230 38 Journalismus
1129 1451 65 29 und
1216 1459 110 21 unsere
1349 1449 79 39 „Lite-

256 1507 104 29 ratur“
388 1505 72 37 (wie
487 1505 73 29 wirs
585 1503 134 35 nennen)
755 1499 186 37 verteidigen
979 1497 65 30 und
1080 1496 77 31 über
1193 1496 49 30 die
1276 1497 45 28 sie
1357 1495 87 29 einen

257 1552 133 31 Schleier
416 1559 63 21 von
508 1547 253 31 oberflächlicher
787 1545 64 30 und
878 1543 130 31 falscher
1035 1542 166 31 Schönheit
1229 1541 124 32 breiten.
1404 1540 42 29 Es

257 1598 96 30 brach
369 1596 66 30 sich
451 1596 32 29 in
499 1595 63 29 ihm
580 1593 48 30 die
642 1593 251 35 Ueberzeugung
910 1589 98 38 Bahn,
1025 1588 61 30 daß
1103 1588 65 30 sein
1185 1586 112 38 Kampf
1312 1586 49 30 für
1380 1586 66 29 eine

258 1644 101 36 große
381 1641 116 30 schöne
519 1640 149 30 Literatur
692 1639 30 28 in
747 1636 141 30 Amerika
911 1634 149 31 identisch
1084 1635 64 28 sein
1173 1633 102 30 müsse
1298 1632 54 29 mit
1377 1630 67 31 dem

258 1688 112 39 Kampf
393 1687 54 30 der
468 1684 240 40 proletarischen
731 1683 108 30 Klasse
872 1690 52 21 um
948 1680 48 30 die
1020 1679 114 38 Macht,
1168 1687 50 21 um
1244 1676 184 31 Menschlich-

258 1735 59 31 keit
338 1733 65 31 und
425 1731 131 31 Freiheit
579 1731 31 29 in
633 1729 151 31 Amerika.
828 1727 107 30 Durch
968 1726 57 30 alle
1058 1725 82 30 diese
1162 1724 104 38 Jahre,
1297 1722 147 30 während

258 1780 131 29 welcher
411 1778 47 31 die
480 1777 103 29 Büros
606 1776 63 29 und
691 1775 47 30 die
761 1773 275 38 Empfangsräume
1060 1770 64 30 und
1147 1770 47 30 die
1216 1768 232 31 Geldschränke

260 1826 54 30 der
336 1825 169 37 Magnaten
528 1823 53 30 des
604 1819 259 40 kapitalistischen
886 1817 230 38 Journalismus
1139 1815 65 30 sich
1227 1815 64 29 ihm
1315 1813 131 30 öffneten

261 1871 63 30 und
346 1869 152 31 während
520 1868 66 30 sein
609 1867 99 29 Name
731 1867 47 29 ein
802 1865 148 37 Sinonym
973 1872 68 21 war
1063 1862 49 29 für
1134 1861 100 29 kühne
1256 1859 65 30 und
1344 1859 89 30 frisch-

261 1916 150 31 fröhliche
433 1914 199 38 Abenteurer,
655 1911 83 30 blieb
762 1910 84 38 John
869 1908 81 33 Reed
973 1916 127 22 unserer
1133 1906 117 30 kleinen
1284 1905 148 29 revolutio-

261 1964 95 28 nären
372 1960 174 32 Zeitschrift
560 1961 77 36 treu,
654 1957 49 31 die
717 1957 64 30 ihm
796 1955 102 31 nichts
912 1954 150 39 bezahlte,
1078 1952 65 31 und
1160 1951 96 30 durch
1274 1950 50 31 die
1340 1959 33 21 er
1389 1957 60 23 nur

263 2018 39 20 zu
322 2004 211 33 zehntausend
552 2004 111 30 Lesern
684 2002 122 39 sprach.
848 2001 43 30 Er
910 2001 53 29 hat
983 2009 58 20 uns
1062 1999 48 29 nie
1131 1999 54 30 mit
1208 1998 96 30 einem
1326 1995 122 37 Beitrag

265 2054 29 29 in
316 2053 81 30 Stich
418 2051 150 39 gelassen.
611 2049 144 31 Ueberall
776 2056 54 22 wo
850 2056 33 21 er
903 2046 133 37 hinkam,
1058 2044 52 30 hat
1131 2052 31 21 er
1182 2042 128 30 niemals
1330 2049 103 29 verges-

265 2105 64 31 sen,
350 2107 58 21 uns
427 2098 66 30 eine
512 2094 182 33 Geschichte
714 2103 40 21 zu
773 2093 110 38 geben,
904 2092 48 29 die
972 2093 107 28 immer
1098 2089 104 30 besser
1222 2096 67 22 war
1309 2087 45 30 als
1373 2087 77 37 jene,

266 2143 49 30 die
338 2153 32 20 er
393 2143 103 30 seinen
520 2140 258 40 kapitalistischen
804 2136 222 40 Arbeitgebern
1063 2134 160 32 verkaufte.
1271 2131 62 31 Auf
1369 2131 82 30 diese
