1664 2540
1342 2206 77 43 287

232 242 54 31 Als
310 243 53 31 der
386 243 121 32 letztere
530 254 62 22 von
616 247 111 29 seinem
754 246 120 32 Bruder
910 247 232 39 totgeschlagen
1166 249 140 40 worden,
1341 250 77 39 ging

230 289 78 31 Kain
327 290 51 38 „in
397 291 47 29 ein
463 290 130 32 fremdes
613 291 106 31 Land“
738 293 65 30 und
822 293 92 30 nahm
933 294 66 30 sich
1019 294 48 31 ein
1087 294 98 31 Weib.
1225 295 116 30 Woher
1361 296 55 30 das

231 334 132 38 „fremde
383 336 105 31 Land“
512 338 54 30 mit
587 337 58 31 den
668 337 71 32 dort
759 348 40 21 zu
819 338 164 31 findenden
1004 339 143 31 Weibern
1170 340 147 39 plötzlich
1339 341 77 39 kam,

230 379 52 32 hat
304 381 52 31 der
377 382 77 31 liebe
475 382 77 31 Gott
573 382 116 32 freilich
712 384 83 31 nicht
816 385 122 38 notiert,
961 395 66 21 was
1050 386 48 30 bei
1120 386 100 31 seiner
1242 387 174 38 damaligen

229 425 348 42 Arbeitsüberbürdung
599 429 85 30 nicht
704 438 40 21 zu
765 431 206 32 verwundern
992 432 48 30 ist.

312 473 128 31 Endlich
456 482 69 22 war
541 474 55 30 das
614 475 76 29 Maß
708 475 73 31 voll.
820 475 76 31 Gott
915 476 158 40 beschloß,
1093 477 48 31 die
1157 487 99 29 ganze
1275 478 121 31 Mensch-

228 517 61 31 heit
308 518 96 31 durch
423 518 125 31 Wasser
567 529 40 19 zu
626 520 157 38 vertilgen.
823 521 70 30 Nur
912 522 47 29 ein
980 531 74 29 paar
1073 523 90 30 Leute
1183 524 92 29 nahm
1297 534 32 21 er
1348 533 67 30 aus,

228 572 52 21 um
304 573 31 21 es
367 564 161 31 nochmals
549 574 40 21 zu
612 565 180 38 probieren;
825 567 323 37 unglücklicherweise
1180 569 81 30 hatte
1284 579 34 23 er
1348 569 67 31 sich

227 608 83 41 aber,
344 609 74 31 aller
439 609 147 32 Weisheit
609 611 192 39 ungeachtet,
835 611 98 31 schon
958 613 115 30 wieder
1096 614 110 30 einmal
1240 615 174 39 vergriffen,

228 654 79 30 denn
332 655 103 39 Noah,
459 656 55 29 der
536 655 78 30 Chef
637 656 53 30 der
712 656 183 40 Geretteten,
920 660 167 36 entpuppte
1110 660 64 29 sich
1199 660 73 30 bald
1296 661 44 31 als
1365 662 49 30 ein

227 700 116 36 großer
364 701 103 39 Söffel,
489 701 55 31 mit
566 701 68 30 dem
656 704 84 28 seine
763 702 103 30 Söhne
889 702 131 31 Allotria
1042 704 126 32 trieben.
1203 706 73 31 Was
1301 707 114 30 konnte

228 753 55 23 aus
301 746 87 30 solch
409 747 83 30 einer
512 746 194 31 verlotterten
728 747 126 31 Familie
873 748 97 31 Gutes
991 750 179 30 entstehen?

307 793 123 31 Wieder
452 793 125 31 breitete
602 795 66 30 sich
693 795 50 31 die
766 795 193 33 Menschheit
982 805 71 30 aus;
1087 798 116 32 wieder
1226 800 187 30 entwickelte

225 838 65 30 sich
315 838 131 32 dieselbe
470 849 40 21 zu
534 840 87 38 jenen
646 840 235 38 „Rabenäsern“
907 843 64 30 und
994 843 322 42 „Sündenlümmeln“,
1351 856 62 20 von

226 883 96 32 denen
350 884 55 32 das
431 885 148 31 bekannte
607 885 257 40 Mecklenburger
890 887 210 40 Gesangbuch
1126 890 96 30 soviel
1249 891 98 31 Böses
1373 901 40 22 zu

225 929 154 31 berichten
395 931 92 31 weiß.
526 930 77 31 Gott
619 931 82 31 hätte
718 932 120 31 bersten
856 936 113 35 mögen
987 944 57 21 vor
1060 934 221 32 himmlischem
1298 937 114 39 Zorne,

225 976 100 29 zumal
343 976 57 29 alle
416 977 83 29 seine
517 977 259 38 exemplarischen
792 978 337 41 Lokalzüchtig»ungen,
1146 983 59 29 wie
1222 982 191 39 Austilgung

223 1029 116 29 ganzer
355 1021 103 31 Städte
477 1021 97 31 durch
592 1023 80 29 Pech
690 1024 65 29 und
772 1023 157 40 Schwefel,
947 1026 84 38 „rein
1049 1026 48 31 für
1115 1027 49 30 die
1181 1028 97 31 Katz“
1296 1038 115 21 waren.

225 1065 41 31 So
284 1066 160 32 entschloß
462 1077 34 21 er
511 1068 75 39 sich,
605 1068 55 30 das
677 1077 101 29 ganze
795 1069 147 32 Gesindel
960 1073 55 30 mit
1033 1071 120 39 Stumpf
1171 1073 65 30 und
1254 1073 72 32 Stiel
1345 1084 50 20 aus-

223 1113 150 37 zurotten,
400 1112 45 30 als
470 1114 49 29 ein
545 1113 112 31 höchst
681 1114 207 32 sonderbares
915 1116 141 39 Ereignis
1084 1118 53 30 ihn
1163 1119 116 31 wieder
1304 1120 108 30 milder

223 1157 140 31 stimmte.
401 1157 199 33 Andernfalls
616 1161 83 29 wäre
717 1170 32 21 es
766 1160 102 40 längst
885 1171 51 20 um
955 1162 48 31 die
1020 1164 193 31 Menschheit
1228 1166 182 37 geschehen.

306 1211 92 29 Eines
415 1211 100 38 Tages
534 1212 120 31 tauchte
672 1214 132 30 nämlich
823 1216 47 29 ein
891 1216 148 37 gewisser
1058 1217 148 39 „heiliger
1223 1218 108 31 Geist“
1350 1219 61 31 auf.

225 1254 40 31 Es
285 1257 77 37 ging
385 1255 185 42 demselben,
591 1259 61 30 wie
673 1258 68 31 dem
764 1259 174 40 „Mädchen
962 1270 56 22 aus
1041 1262 54 31 der
1118 1263 148 31 Fremde“
1351 1266 45 30 nie-

221 1301 94 30 mand
336 1302 115 39 wußte,
483 1303 110 31 woher
614 1313 33 21 er
670 1305 77 30 kam.
790 1306 64 31 Der
876 1306 243 33 Bibelschreiber
1151 1308 145 39 (nämlich
1319 1310 90 39 Gott)

223 1348 69 35 sagt
308 1355 69 30 nur,
395 1357 33 21 er
444 1348 102 31 selber
562 1350 44 29 sei
625 1350 54 30 der
696 1350 111 40 heilige
823 1351 96 33 Geist.
959 1353 76 30 Man
1053 1353 52 32 hat
1123 1364 31 21 es
1173 1355 67 30 also
1258 1356 153 39 vorläufig

221 1393 55 28 mit
296 1392 82 30 einer
397 1394 202 39 zweieinigen
622 1395 140 32 Gottheit
782 1406 39 21 zu
842 1398 65 30 tun.
949 1398 91 37 Jener
1062 1400 132 39 „heilige
1214 1400 107 32 Geist“
1342 1402 67 30 kam

222 1437 51 29 auf
290 1437 58 30 den
367 1438 120 40 Einfall,
504 1440 31 30 in
553 1440 54 31 der
624 1440 120 32 Gestalt
761 1443 83 30 eines
861 1443 188 32 Täuberichs
1067 1446 56 31 mit
1140 1446 96 31 einem
1254 1447 155 31 obskuren

221 1482 247 33 Frauenzimmer
487 1494 128 23 namens
635 1487 101 30 Maria
757 1489 66 30 eine
843 1488 236 35 Bekanntschaft
1098 1492 225 39 anzuknüpfen.
1369 1493 41 30 Er

221 1528 261 38 „überschattete“
501 1531 32 30 in
554 1532 83 30 einer
655 1533 99 31 süßen
776 1534 115 31 Stunde
912 1535 49 31 die
981 1534 213 34 Auserwählte
1213 1539 100 30 seines
1333 1539 57 30 Her-

221 1582 84 30 zens,
322 1574 65 30 und
404 1575 83 31 siehe
505 1576 49 40 da,
572 1578 45 29 sie
635 1578 99 38 gebar
751 1579 48 31 ein
818 1579 161 41 Knäblein,
997 1591 68 21 was
1082 1582 153 41 indessen,
1253 1585 60 29 wie
1331 1584 78 30 Gott

220 1618 31 31 in
276 1618 53 31 der
353 1619 86 32 Bibel
464 1621 215 33 ausdrücklich
704 1624 116 41 betont,
846 1626 82 31 ihrer
952 1626 276 40 Jungfräulichkeit
1253 1629 154 31 durchaus

221 1664 104 32 keinen
347 1664 149 33 Abbruch
519 1669 50 30 tat.
612 1670 65 30 Der
696 1669 104 32 früher
832 1671 151 32 bemerkte
1003 1673 77 31 Gott
1113 1677 114 28 nannte
1256 1675 65 30 sich
1343 1685 64 20 nun

219 1709 189 40 Gott-Vater,
441 1713 182 32 versicherte
647 1715 110 38 jedoch
781 1716 202 41 gleichzeitig,
1020 1719 62 30 daß
1107 1729 33 23 er
1162 1720 84 32 nicht
1270 1730 59 21 nur
1352 1722 56 30 mit

221 1754 66 31 dem
312 1755 152 39 „heiligen
488 1758 119 41 Geist“,
630 1760 137 31 sondern
794 1762 78 30 auch
896 1764 55 31 mit
974 1764 110 31 Gottes
1109 1765 85 30 Sohn
1218 1766 189 39 vollständig

219 1800 149 31 identisch
387 1804 53 29 sei.
483 1804 76 31 Man
580 1805 109 31 denke!
731 1807 64 30 Der
814 1807 91 31 Vater
923 1816 68 23 war
1009 1811 66 29 sein
1096 1811 121 38 eigener
1236 1811 95 40 Sohn,
1352 1811 55 31 der

220 1846 84 30 Sohn
323 1846 64 31 sein
407 1849 123 37 eigener
547 1851 100 39 Vater,
666 1851 89 31 beide
774 1862 177 22 zusammen
971 1855 166 31 außerdem
1157 1857 79 29 noch
1257 1857 150 39 „heiliger

219 1890 115 32 Geist“.
378 1892 41 30 So
439 1895 158 36 gestaltete
616 1897 66 30 sich
705 1898 48 30 die
774 1898 132 40 „heilige
927 1900 249 39 Dreifaltigkeit“.

301 1937 75 30 Und
398 1947 74 31 nun,
498 1948 99 24 armes
621 1942 251 43 Menschenhirn,
906 1945 80 31 halte
1011 1947 101 39 stand,
1138 1947 80 31 denn
1243 1957 67 21 was
1335 1950 72 37 jetzt

218 1982 88 40 folgt,
329 1983 113 31 könnte
465 1985 47 30 ein
536 1987 92 31 Pferd
651 1988 199 40 umbringen!
894 1990 66 33 Wir
982 1992 121 39 wissen,
1128 1992 62 31 daß
1213 1992 79 32 Gott
1314 1995 92 30 Vater

219 2028 197 32 beschlossen
435 2030 91 40 hatte,
546 2032 57 32 das
622 2033 246 41 Menschenpack
887 2046 39 21 zu
947 2037 199 32 frikassieren.
1188 2039 66 31 Das
1274 2042 43 30 tat
1337 2040 68 30 dem

219 2074 76 31 Gott
313 2075 85 31 Sohn
417 2078 161 36 ungemein
597 2079 69 31 leid.
707 2081 43 30 Er
767 2081 206 39 (bekanntlich
992 2082 192 40 gleichzeitig
1203 2084 79 32 Gott
1300 2086 104 38 Vater)

219 2120 91 29 nahm
334 2120 47 32 die
402 2130 97 29 ganze
522 2122 115 33 Schuld
659 2126 54 31 der
735 2126 168 33 Menschen
928 2129 51 30 auf
1000 2130 62 30 sich
1086 2130 64 30 und
1173 2130 59 31 ließ
1254 2132 75 38 sich,
1354 2141 49 21 um
