1628 2540
1308 2189 74 38 293

191 233 105 31 selben
315 234 88 39 steht,
423 235 40 30 ist
482 233 76 31 eben
578 233 174 32 reaktionär
829 233 234 30 monarchische
1082 232 200 40 Agitationen
1305 233 75 30 oder

193 279 569 39 Privateigentums-Beschönigungen
779 279 96 31 Raum
892 279 105 30 finden
1014 279 134 38 können,
1164 288 39 20 so
1220 280 105 37 wenig
1341 279 39 29 ist

191 326 33 31 in
249 325 173 31 demselben
445 325 85 32 Platz
553 326 49 30 für
624 325 169 38 göttlichen
815 325 163 31 Blödsinn.
1022 325 75 30 Und
1120 324 86 31 wohl
1230 324 150 38 gemerkt:

192 371 28 38 je
244 371 236 40 „anständiger“
506 371 171 39 diejenigen
702 371 187 39 erscheinen,
913 371 117 30 welche
1055 371 55 30 das
1136 370 167 31 verfluchte
1327 370 36 30 Re-

192 416 203 39 ligionsblech
420 418 55 30 mit
501 417 59 30 den
585 416 370 38 Arbeiterbestrebungen
981 416 189 31 vermischen
1195 415 131 39 wollen;
1353 416 27 38 je

193 463 143 38 „besser“
356 463 49 30 ihr
424 462 58 32 Ruf
501 463 49 38 ist,
571 462 86 31 desto
677 462 202 37 gefährlicher
898 462 71 30 sind
986 463 54 30 sie.
1082 462 74 31 Wer
1176 461 59 31 den
1257 461 106 31 Gottes-

190 508 170 31 schwindel
381 509 31 29 in
433 508 111 37 irgend
565 508 83 30 einer
668 507 92 30 Form
783 507 132 39 predigt,
936 508 80 29 kann
1037 516 59 22 nur
1119 508 48 30 ein
1188 506 191 39 Dummkopf

193 553 76 32 oder
287 555 48 29 ein
355 554 134 30 Schurke
506 553 75 31 sein.
623 553 92 30 Beide
737 552 110 31 Sorten
866 555 113 36 taugen
999 553 100 30 nichts
1117 562 57 21 zur
1193 553 186 37 Förderung

193 599 82 31 einer
295 599 104 39 Sache,
419 598 117 31 welche
556 606 59 22 nur
635 597 83 31 dann
739 598 49 30 ihr
807 598 65 30 Ziel
892 607 40 21 zu
954 598 154 30 erreichen
1129 606 135 31 vermag,
1286 607 92 21 wenn

191 644 44 31 sie
252 644 62 31 voll
333 645 65 30 und
415 653 81 29 ganz
515 644 52 29 auf
586 643 54 30 der
658 644 92 29 Höhe
769 643 308 31 wissenschaftlicher
1096 644 183 30 Erkenntnis
1298 644 80 30 steht

195 690 62 30 und
271 691 65 29 sich
355 691 54 29 der
426 689 185 31 Ehrlichkeit
626 689 84 30 ihrer
725 689 175 30 Verfechter
917 689 120 31 erfreut.

273 734 351 40 Opportunitätspolitik
646 736 39 29 ist
708 734 40 30 da
770 734 84 31 nicht
876 734 76 30 bloß
978 744 71 20 vom
1072 734 107 40 Uebel,
1202 737 45 29 sie
1268 736 40 30 ist
1331 737 48 29 ein

192 781 201 31 Verbrechen,
442 780 114 31 Lassen
584 780 49 31 die
661 780 141 30 Arbeiter
828 780 111 38 irgend
967 780 115 30 welche
1109 780 116 31 Pfaffen
1253 781 65 30 sich
1346 781 34 30 in

191 827 65 30 ihre
277 825 281 40 Angelegenheiten
581 825 146 40 mischen,
751 834 37 22 so
810 825 72 30 sind
903 827 44 29 sie
968 826 84 30 nicht
1075 835 60 21 nur
1156 826 132 38 belogen
1315 825 65 31 und

193 872 159 39 betrogen,
380 871 138 31 sondern
546 871 78 30 auch
654 871 121 30 alsbald
801 874 140 28 verraten
970 871 64 30 und
1062 871 143 30 verkauft.

273 917 42 31 So
339 916 303 31 selbstverständlich
666 925 33 23 es
722 917 49 38 ist,
798 916 61 31 daß
885 917 54 30 der
963 916 210 39 Hauptkampf
1197 917 54 30 des
1277 917 85 30 Prole-

192 964 105 30 tariats
313 963 65 30 sich
395 972 99 29 gegen
513 962 59 30 den
588 962 223 39 Kapitalismus
827 971 41 21 zu
885 961 116 32 richten
1019 963 53 29 hat
1089 962 64 31 und
1171 963 110 30 mithin
1299 962 79 31 auch

191 1008 51 30 auf
261 1008 49 31 die
329 1008 192 38 Zerstörung
541 1008 54 31 des
615 1007 350 31 Gewaltmechanismus
985 1007 170 40 desselben,
1176 1007 56 32 des
1251 1008 126 39 Staates,

192 1053 135 31 abzielen
350 1054 85 39 muß,
457 1063 39 21 so
517 1054 104 37 wenig
644 1053 67 30 darf
734 1054 31 30 in
791 1053 113 30 diesem
925 1053 131 38 Kampfe
1079 1053 48 31 die
1149 1053 111 40 Kirche
1282 1054 98 30 außer

191 1098 79 33 Acht
292 1098 140 39 gelassen
456 1098 135 32 werden.
637 1099 58 30 Die
718 1098 143 39 Religion
884 1100 75 29 muß
983 1099 210 39 systematisch
1217 1101 42 29 im
1283 1100 96 30 Volke

193 1145 205 37 untergraben
412 1144 136 39 werden,
564 1153 92 22 wenn
673 1144 140 31 dasselbe
828 1154 40 21 zu
883 1144 153 31 Verstand
1051 1144 142 32 kommen
1208 1145 71 40 soll,
1298 1145 82 31 ohne

191 1189 135 31 welchen
348 1199 31 21 es
399 1190 84 30 nicht
503 1188 50 32 die
572 1189 133 31 Freiheit
725 1190 141 38 erringen
887 1190 89 31 kann.

273 1235 62 30 Für
356 1235 49 30 die
425 1235 164 39 Dummen,
614 1243 79 31 resp.
715 1235 228 39 Verdummten,
965 1237 110 30 soweit
1095 1237 45 30 sie
1160 1236 81 31 noch
1264 1235 99 32 besser-

193 1280 55 30 bar
268 1281 186 38 erscheinen,
473 1281 94 30 werfe
586 1290 72 20 man
680 1289 29 22 u.
731 1290 27 22 a.
779 1281 146 38 folgende
946 1281 120 39 Fragen
1087 1282 66 30 auf:

271 1325 99 31 Wenn
388 1326 78 31 Gott
482 1326 74 39 will,
575 1326 61 30 daß
654 1335 72 21 man
743 1326 54 31 ihn
813 1327 106 39 kenne,
936 1327 79 30 liebe
1032 1327 64 30 und
1115 1327 126 40 fürchte,
1259 1335 119 22 warum

191 1371 81 38 zeigt
291 1380 33 21 er
342 1371 65 30 sich
428 1371 106 30 nicht?
576 1371 41 31 Ist
636 1381 34 21 er
687 1382 38 20 so
745 1374 64 37 gut,
831 1374 60 28 wie
910 1372 48 30 die
978 1373 116 29 Pfaffen
1115 1382 105 30 sagen,
1240 1373 138 31 welchen

191 1416 112 30 Grund
325 1416 52 31 hat
396 1426 81 29 man,
500 1417 54 30 ihn
575 1426 39 21 zu
636 1417 162 31 fürchten?
842 1418 41 30 Ist
905 1428 31 20 er
959 1418 186 40 allwissend,
1167 1418 139 31 weshalb
1329 1419 33 30 be-

190 1462 104 38 lästigt
320 1470 72 22 man
419 1462 55 31 ihn
501 1463 55 30 mit
584 1463 104 30 seinen
717 1463 377 39 Privatangelegenheiten
1122 1464 65 31 und
1216 1463 160 32 Gebeten?

191 1506 41 32 ist
254 1516 31 21 er
308 1507 264 40 allgegenwärtig,
595 1517 96 21 wozu
713 1509 63 31 ihm
800 1509 134 31 Kirchen
957 1510 123 29 bauen?
1125 1510 42 31 Ist
1190 1519 33 21 er
1244 1510 133 38 gerecht,

191 1552 136 30 weshalb
346 1552 91 31 denkt
452 1562 73 21 man
544 1554 90 38 denn,
653 1564 32 21 er
703 1554 105 31 werde
827 1554 50 31 die
894 1554 170 31 Menschen
1082 1555 161 40 bestrafen,
1261 1556 117 30 welche

193 1606 30 22 er
242 1596 97 32 voller
361 1597 187 32 Schwächen
571 1599 143 31 erschuf?
758 1600 70 30 Tun
849 1600 49 31 die
919 1600 169 31 Menschen
1109 1609 60 22 nur
1190 1609 56 22 aus
1267 1600 111 32 Gottes

193 1642 108 32 Gnade
316 1642 107 40 Gutes,
440 1644 137 31 welchen
593 1644 113 31 Grund
722 1645 81 31 hätte
818 1655 34 21 er
866 1645 94 40 dann,
976 1648 45 28 sie
1039 1646 90 31 dafür
1143 1655 41 21 zu
1200 1646 177 33 belohnen?

192 1688 41 31 Ist
252 1697 32 22 er
304 1688 184 40 allmächtig,
509 1691 60 29 wie
588 1689 114 31 könnte
722 1700 32 21 er
776 1700 30 21 es
828 1691 152 38 zulassen,
1003 1691 61 30 daß
1086 1693 59 30 wir
1165 1692 53 30 ihn
1238 1691 138 31 lästern?

191 1733 40 31 Ist
254 1742 32 22 er
306 1733 73 31 aber
402 1734 232 39 unbegreiflich,
656 1735 138 31 weshalb
818 1735 208 40 beschäftigen
1047 1738 61 30 wir
1131 1747 59 21 uns
1211 1738 55 30 mit
1289 1736 87 32 ihm?

193 1780 40 30 Ist
259 1779 47 31 die
330 1778 150 32 Kennntis
505 1789 62 21 von
593 1780 78 31 Gott
696 1780 191 40 notwendig,
925 1782 139 30 weshalb
1090 1782 139 31 schwebt
1265 1792 33 21 er
1333 1784 41 29 im

191 1823 143 31 Dunkel?
376 1823 86 34 Usw.
506 1825 65 30 Vor
591 1825 127 30 solchen
742 1825 121 38 Fragen
885 1827 81 30 steht
990 1827 54 31 der
1065 1828 147 38 gläubige
1235 1828 140 39 Mensch,

190 1870 59 30 wie
270 1871 47 29 ein
341 1870 103 30 Ochse
463 1880 57 22 vor
543 1870 68 31 dem
631 1870 107 39 Berge.

271 1915 92 37 Jeder
384 1914 247 33 Nachdenkende
652 1916 74 30 muß
750 1916 73 31 aber
846 1917 149 39 zugeben,
1020 1917 62 32 daß
1106 1919 84 30 nicht
1213 1921 49 28 ein
1285 1919 76 31 einzi-

191 1969 55 29 ger
268 1961 118 30 Beweis
409 1960 50 31 für
480 1961 48 31 die
552 1961 142 31 Existenz
718 1963 80 29 eines
822 1962 110 31 Gottes
955 1963 27 38 je
1006 1963 142 33 erbracht
1170 1964 132 32 worden
1326 1966 50 30 ist.

191 2006 176 31 Außerdem
387 2006 72 38 liegt
478 2006 84 31 nicht
582 2007 49 30 die
650 2008 155 38 geringste
825 2008 251 38 Notwendigkeit
1094 2008 51 31 für
1164 2009 49 32 die
1233 2010 143 31 Existenz

1204 872 37 38 •*)

257 2076 26 32 *)
307 2077 65 25 Mau
393 2084 120 25 vergesse
535 2076 78 31 nicht,
637 2077 52 25 daß
712 2077 100 26 zurzeit
833 2077 47 26 das
903 2077 130 30 Zentrum,
1056 2077 48 27 das
1127 2078 68 26 doch
1219 2088 68 18 nur
1310 2080 66 26 den

191 2112 272 26 katholischen
484 2112 80 27 Teil
584 2114 46 26 der
649 2114 180 27 Geistlichkeit
849 2114 162 31 einschließt,
1031 2115 42 26 die
1094 2116 174 33 zweitgrößte
1289 2117 87 26 Partei

192 2150 191 27 Deutschlands
400 2150 41 27 ist.
475 2150 84 32 (Red.)
