1593 2540
260 2228 64 37 318

1083 1981 117 30 Iwan
1231 1978 159 31 Faludi

243 277 218 40 Wannjuscha,
489 276 54 29 der
570 272 295 41 „Künstler-Bauer“
892 268 161 32 verrichtet
1080 267 270 31 ununterbrochen
1378 274 33 31 ge-

245 325 96 30 heime
364 322 116 37 Arbeit,
502 319 100 31 erfüllt
622 327 63 22 von
706 317 96 30 Feuer
823 315 65 31 und
909 314 92 39 Qual,
1033 322 34 24 er
1087 314 91 30 kennt
1199 312 85 31 keine
1305 312 104 38 Müdig-

244 370 67 37 keit,
331 368 66 30 kein
419 365 199 39 Erschlaffen,
638 373 33 22 er
690 362 92 32 blickt
800 362 153 30 vorwärts
974 360 65 30 und
1058 359 96 31 merkt
1173 357 94 39 nicht,
1289 358 61 30 daß
1373 357 54 31 das

244 414 97 38 ewige
360 412 80 30 Dorf
459 411 100 30 hinter
580 409 62 32 ihm
662 406 275 40 zurückgeblieben
957 406 48 31 ist.
1047 405 109 30 Dieser
1173 404 120 31 Roman
1314 404 39 30 ist
1373 402 56 31 das

245 461 77 28 erste
342 458 176 30 Dokument
538 456 52 31 der
609 456 31 30 in
660 454 71 31 Blut
749 453 65 31 und
832 453 121 30 Tränen
973 450 171 32 ertränkten
1164 448 184 33 Revolution
1367 456 62 23 von

247 505 86 31 1905.

325 548 212 39 Wannjuscha
557 547 81 30 wird
657 554 71 22 zum
750 543 228 38 Revolutionär,
1000 541 74 31 aber
1094 542 32 30 in
1147 540 55 31 der
1222 538 134 32 Wirrnis
1376 538 54 30 der

244 595 185 32 Revolution
451 592 64 32 fällt
538 602 33 21 er
592 592 148 29 innerlich
765 591 32 30 in
819 587 178 40 Zwiespalt,
1021 587 65 31 und
1108 584 184 33 verzweifelt
1314 583 61 32 ruft
1399 592 33 23 er

245 649 71 23 aus:
342 639 173 41 „Rußland,
540 639 98 29 meine
661 635 230 40 unglückselige
914 634 132 38 Heimat,
1073 632 42 30 du
1140 631 155 39 geliebtes,
1320 629 96 31 furcht-

245 686 91 31 bares
355 685 88 31 Land
463 684 54 31 der
535 682 166 32 Blinden!“

330 732 65 30 Das
411 730 143 31 Zeitalter
570 729 53 30 der
637 730 56 30 mit
708 727 195 39 Progromen
919 725 66 30 und
1000 722 247 39 Hinrichtungen
1266 721 166 31 verzierten

247 778 140 39 „Justiz“
404 775 90 33 treibt
509 774 211 40 Wannjuscha
736 771 162 40 endgültig
915 771 31 30 in
964 771 49 30 die
1030 769 92 30 Arme
1140 768 53 31 der
1211 769 60 38 „im
1289 766 143 31 Dunklen

245 822 235 32 schleichenden
502 820 267 38 Revolutionäre“,
802 827 32 21 er
856 816 78 31 fühlt
958 816 66 30 sich
1046 813 153 40 schuldig,
1233 813 71 31 weil
1329 822 32 21 er
1385 811 49 31 die

246 869 198 31 furchtbaren
460 866 198 32 Greueltaten
677 865 54 30 der
748 862 199 33 zaristischen
964 860 189 40 Vergeltung
1173 859 65 30 und
1256 858 49 31 die
1324 857 95 31 Selbst-

246 915 92 39 justiz
359 912 55 32 der
434 914 162 28 erzürnten
618 910 122 31 Bauern
760 908 229 39 mitangesehen
1011 907 60 31 hat.
1113 904 211 39 Wannjuscha
1345 903 89 37 fühlt,

248 959 62 31 daß
328 961 41 29 im
388 959 97 30 Dorfe
501 966 78 22 neue
594 956 105 39 Sitten,
717 964 40 21 zu
773 954 136 31 wahrem
927 952 233 31 Menschentum
1178 949 150 31 führende
1338 949 96 37 Wege

246 1005 123 39 gezeigt
390 1004 122 30 werden
536 1004 135 37 müssen,
694 1001 96 31 damit
813 1009 32 21 es
868 1008 57 22 aus
949 998 58 30 den
1030 996 197 32 furchtbaren
1251 995 183 37 Fehlwegen

249 1050 54 32 der
324 1048 265 39 Scheinheiligkeit
610 1047 65 31 und
696 1047 56 30 der
772 1045 111 32 Roheit
904 1044 108 31 befreit
1033 1042 112 32 werde.

331 1105 64 30 Der
418 1103 120 32 Roman
564 1101 88 31 endet
678 1100 104 38 damit,
808 1098 62 31 daß
896 1096 210 39 Wannjuscha
1130 1104 63 22 von
1221 1094 59 31 den
1307 1093 111 31 Dorfbe-

249 1150 153 31 wohnern
418 1147 147 33 versteckt
579 1145 82 32 wird
679 1146 64 30 und
759 1145 55 30 mit
830 1143 82 31 Hilfe
929 1143 99 30 dieser
1044 1141 143 39 entflieht,
1205 1140 45 31 als
1268 1140 54 29 der
1337 1139 100 30 Name

251 1195 53 32 des
325 1196 115 38 jungen
460 1191 351 33 Bauemrevolutionärs
831 1189 51 31 auf
902 1187 49 32 die
971 1187 158 31 schwarze
1148 1186 82 30 Liste
1249 1185 124 31 kommt.

251 1241 108 30 Dieser
374 1241 119 31 Roman
511 1241 39 29 ist
565 1246 61 23 nur
641 1238 50 30 ein
708 1236 133 38 Beispiel
858 1235 55 30 der
929 1231 322 40 vielversprechenden
1269 1230 151 31 Schaffens-

250 1286 78 31 kraft
343 1286 54 31 des
412 1284 176 32 russischen
603 1283 127 37 Volkes;
748 1281 73 31 aber
838 1281 110 31 einmal
964 1278 127 31 werden
1106 1279 69 37 wir,
1191 1277 66 30 fern
1275 1285 63 22 von
1355 1274 82 40 jeder

251 1331 121 40 Politik,
392 1340 60 21 uns
471 1330 84 31 Iwan
574 1329 149 30 Wolnow
742 1327 111 39 (bezw.
874 1325 59 31 den
952 1325 83 31 Iwan
1056 1323 179 34 Wolnows)
1256 1321 116 31 nähern
1393 1321 46 29 als

251 1377 59 31 den
331 1378 97 29 ersten
450 1375 151 39 Aposteln
622 1374 55 30 der
697 1382 98 21 neuen
815 1370 197 32 schaffenden
1032 1370 120 31 Kultur.

334 1423 42 30 Es
398 1422 73 30 sind
493 1421 85 30 keine
602 1420 146 37 Romane,
773 1418 48 30 die
845 1417 89 30 heute
958 1416 85 30 Iwan
1067 1414 165 31 Wolnows
1257 1412 182 31 Landsleute

251 1468 171 38 schreiben,
444 1467 85 30 keine
548 1466 137 31 Romane
705 1465 41 29 im
768 1462 142 31 üblichen
932 1462 101 29 Sinne.
1076 1460 64 30 Der
1160 1458 82 32 Held
1262 1459 40 31 ist
1322 1458 117 38 Träger

252 1514 56 32 der
329 1513 90 31 Ideen
442 1512 54 30 des
517 1520 121 30 ganzen
658 1509 122 38 Volkes,
802 1508 56 30 das
879 1507 62 30 ihm
962 1508 33 28 in
1016 1506 113 29 seinem
1151 1504 136 30 sozialen
1310 1502 129 39 Kampfe

252 1559 139 32 beisteht.
439 1557 41 32 Es
506 1557 68 38 gibt
598 1557 32 29 in
656 1553 144 34 Rußland
834 1553 86 31 keine
954 1550 266 32 kollektivistische
1247 1549 191 30 Produktion

252 1614 63 22 von
338 1604 168 37 Romanen,
529 1601 86 31 wohl
638 1601 74 30 aber
733 1598 178 31 beherrscht
934 1597 54 32 der
1019 1596 159 31 kollektive
1200 1594 147 31 Gedanke
1381 1594 58 30 den

254 1650 144 40 epischen
419 1648 77 31 Stoff
517 1648 52 30 des
592 1644 238 33 Schriftstellers.

338 1698 76 31 Man
432 1696 170 40 vergleiche
619 1695 84 31 diese
719 1703 77 21 neue
814 1693 58 30 Art
888 1694 54 29 mit
962 1691 58 31 den
1040 1690 216 38 Erzählungen
1275 1689 84 30 nicht
1376 1697 50 22 rus-

254 1745 118 30 sischer
390 1743 131 32 Größen
541 1742 54 30 des
615 1740 211 31 Proletariats:
846 1739 55 29 mit
920 1737 101 30 Ham
1032 1745 48 21 su
1092 1745 20 21 n
1134 1735 65 31 und
1218 1735 87 29 Nex
1317 1736 28 28 ö.
1388 1733 53 30 Bei

256 1791 120 30 diesen:
390 1789 112 38 Kampf
517 1788 54 30 des
584 1786 214 34 Individuums
811 1793 100 31 gegen
926 1785 66 29 eine
1005 1782 98 31 sozial
1121 1780 184 38 überlegene
1319 1778 123 33 Klasse:

255 1837 49 30 bei
330 1836 58 30 den
414 1836 132 30 Russen:
571 1832 111 39 Kampf
710 1832 82 30 einer
815 1838 121 31 ganzen
961 1827 235 32 unterdrückten
1220 1826 108 31 Klasse
1354 1825 88 30 unter

255 1881 151 38 Führung
431 1879 82 32 ihres
547 1876 271 40 hervorragenden
843 1875 94 39 (doch
962 1873 172 39 typischen)
1159 1872 177 30 Vertreters.
1385 1871 56 30 Ein

256 1928 115 37 ewiges
390 1926 118 39 Ringen
528 1926 112 29 zweier
658 1921 232 33 verschiedener
907 1919 323 37 Weltanschauungen
1253 1941 7 7 .
1284 1942 6 5 .
1315 1940 6 7 .
