<?xml version="1.0" encoding="UTF-8"?>
<alto xmlns:xsi="http://www.w3.org/2001/XMLSchema-instance" xmlns="http://www.loc.gov/standards/alto/ns-v2#" xsi:schemaLocation="http://www.loc.gov/standards/alto/ns-v2# http://www.loc.gov/standards/alto/v2/alto-2-0.xsd" xmlns:xlink="http://www.w3.org/1999/xlink">
	<Description>
		<MeasurementUnit>mm10</MeasurementUnit>
		<sourceImageInformation>
			<fileName>./bmtnabs_1921-06_01_0024.jp2</fileName>
		</sourceImageInformation>
		<OCRProcessing ID="OCRPROCESSING_1">
			<preProcessingStep>
				<processingSoftware>
					<softwareCreator>CCS Content Conversion Specialists GmbH, Germany</softwareCreator>
					<softwareName>CCS docWorks</softwareName>
					<softwareVersion>6.8-1.27</softwareVersion>
				</processingSoftware>
			</preProcessingStep>
			<ocrProcessingStep>
				<processingSoftware>
					<softwareCreator>ABBYY (BIT Software), Russia</softwareCreator>
					<softwareName>FineReader</softwareName>
					<softwareVersion>11.0</softwareVersion>
				</processingSoftware>
			</ocrProcessingStep>
			<postProcessingStep>
				<processingSoftware>
					<softwareCreator>CCS Content Conversion Specialists GmbH, Germany</softwareCreator>
					<softwareName>CCS docWorks</softwareName>
					<softwareVersion>6.8-1.27</softwareVersion>
					<applicationDescription>docWorks: Text modified manually, or automatically replaced</applicationDescription>
				</processingSoftware>
			</postProcessingStep>
		</OCRProcessing>
	</Description>
	<Styles>
		<TextStyle ID="TXT_0" FONTSIZE="55" FONTFAMILY="Arial"/>
		<TextStyle ID="TXT_1" FONTSIZE="26" FONTFAMILY="Times New Roman"/>
		<TextStyle ID="TXT_2" FONTSIZE="11" FONTFAMILY="Times New Roman" FONTSTYLE="bold"/>
		<TextStyle ID="TXT_3" FONTSIZE="9" FONTFAMILY="Times New Roman" FONTSTYLE="bold"/>
		<TextStyle ID="TXT_4" FONTSIZE="12" FONTFAMILY="Times New Roman"/>
		<TextStyle ID="TXT_5" FONTSIZE="12" FONTFAMILY="Times New Roman" FONTSTYLE="bold"/>
		<ParagraphStyle ID="PAR_LEFT" ALIGN="Left"/>
		<ParagraphStyle ID="PAR_CENTER" ALIGN="Center"/>
		<ParagraphStyle ID="PAR_RIGHT" ALIGN="Right"/>
		<ParagraphStyle ID="PAR_BLOCK" ALIGN="Block"/>
	</Styles>
	<Layout>
		<Page ID="P24" PHYSICAL_IMG_NR="24" HEIGHT="2540" WIDTH="1647" PRINTED_IMG_NR="302" PC="0.935">
			<TopMargin ID="P24_TM00001" HPOS="0" VPOS="0" WIDTH="1647" HEIGHT="245"/>
			<LeftMargin ID="P24_LM00001" HPOS="0" VPOS="245" WIDTH="232" HEIGHT="1939"/>
			<RightMargin ID="P24_RM00001" HPOS="1448" VPOS="245" WIDTH="199" HEIGHT="1939"/>
			<BottomMargin ID="P24_BM00001" HPOS="0" VPOS="2184" WIDTH="1647" HEIGHT="356">
				<TextBlock ID="P24_TB00001" HPOS="232" VPOS="2187" WIDTH="63" HEIGHT="36" STYLEREFS="TXT_0 PAR_LEFT">
					<TextLine ID="P24_TL00001" HPOS="232" VPOS="2187" WIDTH="63" HEIGHT="36">
						<String ID="P24_ST00001" HPOS="232" VPOS="2187" WIDTH="63" HEIGHT="36" CONTENT="302" WC="1.00" CC="000"/>
					</TextLine>
				</TextBlock>
			</BottomMargin>
			<PrintSpace ID="P24_PS00001" HPOS="232" VPOS="245" WIDTH="1216" HEIGHT="1939">
				<TextBlock ID="P24_TB00002" HPOS="322" VPOS="246" WIDTH="1063" HEIGHT="167" STYLEREFS="TXT_1 PAR_LEFT">
					<TextLine ID="P24_TL00002" HPOS="322" VPOS="246" WIDTH="1062" HEIGHT="77">
						<String ID="P24_ST00002" HPOS="322" VPOS="246" WIDTH="491" HEIGHT="77" CONTENT="Gesellschaft," WC="0.99" CC="8475037447227"/>
						<SP ID="P24_SP00001" HPOS="813" VPOS="323" WIDTH="44"/>
						<String ID="P24_ST00003" HPOS="857" VPOS="251" WIDTH="334" HEIGHT="68" CONTENT="Künstler" WC="0.99" CC="60207200"/>
						<SP ID="P24_SP00002" HPOS="1191" VPOS="323" WIDTH="42"/>
						<String ID="P24_ST00004" HPOS="1233" VPOS="260" WIDTH="151" HEIGHT="61" CONTENT="und" WC="0.95" CC="334"/>
					</TextLine>
					<TextLine ID="P24_TL00003" HPOS="560" VPOS="338" WIDTH="584" HEIGHT="72">
						<String ID="P24_ST00005" HPOS="560" VPOS="338" WIDTH="584" HEIGHT="72" CONTENT="Kommunismus" WC="0.99" CC="91066050056"/>
					</TextLine>
				</TextBlock>
				<TextBlock ID="P24_TB00003" HPOS="242" VPOS="434" WIDTH="1206" HEIGHT="986" STYLEREFS="TXT_2 PAR_LEFT">
					<Shape>
						<Polygon POINTS="944,1420 904,1420 904,1408 242,1408 242,434 763,434 763,485 928,485 928,434 1448,434 1448,1417 944,1417"/>
					</Shape>
					<TextLine ID="P24_TL00004" HPOS="264" VPOS="434" WIDTH="180" HEIGHT="33">
						<String ID="P24_ST00006" HPOS="264" VPOS="434" WIDTH="180" HEIGHT="33" CONTENT="Fortsetzung." WC="0.98" CC="476686788753" STYLEREFS="TXT_3"/>
					</TextLine>
					<TextLine ID="P24_TL00005" HPOS="258" VPOS="488" WIDTH="1184" HEIGHT="41">
						<String ID="P24_ST00007" HPOS="258" VPOS="489" WIDTH="78" HEIGHT="29" CONTENT="Die" WC="0.93" CC="565"/>
						<SP ID="P24_SP00003" HPOS="336" VPOS="518" WIDTH="28"/>
						<String ID="P24_ST00008" HPOS="364" VPOS="488" WIDTH="236" HEIGHT="39" CONTENT="Aufgaben" WC="0.97" CC="48695708"/>
						<SP ID="P24_SP00004" HPOS="600" VPOS="527" WIDTH="32"/>
						<String ID="P24_ST00009" HPOS="632" VPOS="490" WIDTH="74" HEIGHT="30" CONTENT="des" WC="0.99" CC="300"/>
						<SP ID="P24_SP00005" HPOS="706" VPOS="527" WIDTH="31"/>
						<String ID="P24_ST00010" HPOS="737" VPOS="492" WIDTH="431" HEIGHT="34" CONTENT="kommunistischen" WC="0.99" CC="977477002000707"/>
						<SP ID="P24_SP00006" HPOS="1168" VPOS="527" WIDTH="33"/>
						<String ID="P24_ST00011" HPOS="1201" VPOS="497" WIDTH="241" HEIGHT="32" CONTENT="Künstlers" WC="0.98" CC="607076057"/>
					</TextLine>
					<TextLine ID="P24_TL00006" HPOS="399" VPOS="533" WIDTH="899" HEIGHT="42">
						<String ID="P24_ST00012" HPOS="399" VPOS="533" WIDTH="41" HEIGHT="30" CONTENT="in" WC="0.67" CC="60"/>
						<SP ID="P24_SP00007" HPOS="440" VPOS="563" WIDTH="46"/>
						<String ID="P24_ST00013" HPOS="486" VPOS="535" WIDTH="74" HEIGHT="30" CONTENT="der" WC="0.97" CC="303"/>
						<SP ID="P24_SP00008" HPOS="560" VPOS="565" WIDTH="46"/>
						<String ID="P24_ST00014" HPOS="606" VPOS="535" WIDTH="326" HEIGHT="39" CONTENT="bürgerlichen" WC="0.98" CC="754405766766"/>
						<SP ID="P24_SP00009" HPOS="932" VPOS="574" WIDTH="44"/>
						<String ID="P24_ST00015" HPOS="976" VPOS="539" WIDTH="322" HEIGHT="36" CONTENT="Gesellschaft." WC="0.99" CC="5040520576774"/>
					</TextLine>
					<TextLine ID="P24_TL00007" HPOS="337" VPOS="595" WIDTH="1107" HEIGHT="43">
						<String ID="P24_ST00016" HPOS="337" VPOS="595" WIDTH="61" HEIGHT="30" CONTENT="Auf" WC="0.94" CC="376"/>
						<SP ID="P24_SP00010" HPOS="398" VPOS="625" WIDTH="16"/>
						<String ID="P24_ST00017" HPOS="414" VPOS="596" WIDTH="112" HEIGHT="30" CONTENT="Grund" WC="0.97" CC="55660"/>
						<SP ID="P24_SP00011" HPOS="526" VPOS="626" WIDTH="17"/>
						<String ID="P24_ST00018" HPOS="543" VPOS="599" WIDTH="97" HEIGHT="28" CONTENT="seiner" WC="0.97" CC="076761"/>
						<SP ID="P24_SP00012" HPOS="640" VPOS="627" WIDTH="17"/>
						<String ID="P24_ST00019" HPOS="657" VPOS="599" WIDTH="136" HEIGHT="30" CONTENT="sozialen" WC="0.99" CC="05043010"/>
						<SP ID="P24_SP00013" HPOS="793" VPOS="629" WIDTH="19"/>
						<String ID="P24_ST00020" HPOS="812" VPOS="600" WIDTH="138" HEIGHT="38" CONTENT="Stellung" WC="0.98" CC="06066770"/>
						<SP ID="P24_SP00014" HPOS="950" VPOS="638" WIDTH="17"/>
						<String ID="P24_ST00021" HPOS="967" VPOS="603" WIDTH="31" HEIGHT="28" CONTENT="in" WC="0.70" CC="05"/>
						<SP ID="P24_SP00015" HPOS="998" VPOS="638" WIDTH="20"/>
						<String ID="P24_ST00022" HPOS="1018" VPOS="602" WIDTH="52" HEIGHT="30" CONTENT="der" WC="1.00" CC="000"/>
						<SP ID="P24_SP00016" HPOS="1070" VPOS="638" WIDTH="17"/>
						<String ID="P24_ST00023" HPOS="1087" VPOS="603" WIDTH="202" HEIGHT="32" CONTENT="Gesellschaft" WC="0.99" CC="500107060075"/>
						<SP ID="P24_SP00017" HPOS="1289" VPOS="638" WIDTH="18"/>
						<String ID="P24_ST00024" HPOS="1307" VPOS="606" WIDTH="62" HEIGHT="30" CONTENT="und" WC="0.94" CC="770"/>
						<SP ID="P24_SP00018" HPOS="1369" VPOS="638" WIDTH="20"/>
						<String ID="P24_ST00025" HPOS="1389" VPOS="606" WIDTH="55" HEIGHT="30" CONTENT="der" WC="0.94" CC="726"/>
					</TextLine>
					<TextLine ID="P24_TL00008" HPOS="255" VPOS="640" WIDTH="1185" HEIGHT="42">
						<String ID="P24_ST00026" HPOS="255" VPOS="640" WIDTH="197" HEIGHT="38" CONTENT="Eigenheiten" WC="0.98" CC="46967007726"/>
						<SP ID="P24_SP00019" HPOS="452" VPOS="678" WIDTH="20"/>
						<String ID="P24_ST00027" HPOS="472" VPOS="642" WIDTH="99" HEIGHT="30" CONTENT="seines" WC="1.00" CC="012000"/>
						<SP ID="P24_SP00020" HPOS="571" VPOS="678" WIDTH="20"/>
						<String ID="P24_ST00028" HPOS="591" VPOS="643" WIDTH="126" HEIGHT="31" CONTENT="Berufes" WC="0.98" CC="3067706"/>
						<SP ID="P24_SP00021" HPOS="717" VPOS="678" WIDTH="19"/>
						<String ID="P24_ST00029" HPOS="736" VPOS="644" WIDTH="80" HEIGHT="31" CONTENT="kann" WC="0.96" CC="0576"/>
						<SP ID="P24_SP00022" HPOS="816" VPOS="678" WIDTH="20"/>
						<String ID="P24_ST00030" HPOS="836" VPOS="647" WIDTH="65" HEIGHT="28" CONTENT="sich" WC="1.00" CC="0000"/>
						<SP ID="P24_SP00023" HPOS="901" VPOS="678" WIDTH="21"/>
						<String ID="P24_ST00031" HPOS="922" VPOS="647" WIDTH="54" HEIGHT="29" CONTENT="der" WC="1.00" CC="001"/>
						<SP ID="P24_SP00024" HPOS="976" VPOS="678" WIDTH="19"/>
						<String ID="P24_ST00032" HPOS="995" VPOS="647" WIDTH="144" HEIGHT="31" CONTENT="Künstler" WC="0.98" CC="40796026"/>
						<SP ID="P24_SP00025" HPOS="1139" VPOS="678" WIDTH="21"/>
						<String ID="P24_ST00033" HPOS="1160" VPOS="650" WIDTH="84" HEIGHT="31" CONTENT="nicht" WC="0.99" CC="00450"/>
						<SP ID="P24_SP00026" HPOS="1244" VPOS="681" WIDTH="21"/>
						<String ID="P24_ST00034" HPOS="1265" VPOS="650" WIDTH="108" HEIGHT="32" CONTENT="darauf" WC="0.97" CC="086476"/>
						<SP ID="P24_SP00027" HPOS="1373" VPOS="682" WIDTH="20"/>
						<String ID="P24_ST00035" HPOS="1393" VPOS="652" WIDTH="32" HEIGHT="29" CONTENT="be" SUBS_TYPE="HypPart1" SUBS_CONTENT="beschränken," WC="0.96" CC="70"/>
						<HYP HPOS="1425" VPOS="652" WIDTH="15" CONTENT="-"/>
					</TextLine>
					<TextLine ID="P24_TL00009" HPOS="253" VPOS="686" WIDTH="1187" HEIGHT="50">
						<String ID="P24_ST00036" HPOS="253" VPOS="686" WIDTH="179" HEIGHT="40" CONTENT="schränken," SUBS_TYPE="HypPart2" SUBS_CONTENT="beschränken," WC="0.99" CC="0017375002"/>
						<SP ID="P24_SP00028" HPOS="432" VPOS="726" WIDTH="25"/>
						<String ID="P24_ST00037" HPOS="457" VPOS="688" WIDTH="253" HEIGHT="31" CONTENT="kommunistisch" WC="0.99" CC="0703670070000"/>
						<SP ID="P24_SP00029" HPOS="710" VPOS="726" WIDTH="27"/>
						<String ID="P24_ST00038" HPOS="737" VPOS="692" WIDTH="184" HEIGHT="36" CONTENT="organisiert" WC="0.98" CC="53977400536"/>
						<SP ID="P24_SP00030" HPOS="921" VPOS="728" WIDTH="25"/>
						<String ID="P24_ST00039" HPOS="946" VPOS="702" WIDTH="39" HEIGHT="20" CONTENT="zu" WC="0.64" CC="07"/>
						<SP ID="P24_SP00031" HPOS="985" VPOS="728" WIDTH="26"/>
						<String ID="P24_ST00040" HPOS="1011" VPOS="694" WIDTH="64" HEIGHT="29" CONTENT="sein" WC="0.97" CC="5117"/>
						<SP ID="P24_SP00032" HPOS="1075" VPOS="728" WIDTH="27"/>
						<String ID="P24_ST00041" HPOS="1102" VPOS="694" WIDTH="64" HEIGHT="30" CONTENT="und" WC="0.94" CC="770"/>
						<SP ID="P24_SP00033" HPOS="1166" VPOS="728" WIDTH="26"/>
						<String ID="P24_ST00042" HPOS="1192" VPOS="695" WIDTH="48" HEIGHT="30" CONTENT="die" WC="0.99" CC="030"/>
						<SP ID="P24_SP00034" HPOS="1240" VPOS="728" WIDTH="26"/>
						<String ID="P24_ST00043" HPOS="1266" VPOS="696" WIDTH="174" HEIGHT="40" CONTENT="Aufgaben," WC="0.98" CC="076917774"/>
					</TextLine>
					<TextLine ID="P24_TL00010" HPOS="254" VPOS="722" WIDTH="1186" HEIGHT="55">
						<String ID="P24_ST00044" HPOS="254" VPOS="731" WIDTH="47" HEIGHT="30" CONTENT="die" WC="0.95" CC="760"/>
						<SP ID="P24_SP00035" HPOS="301" VPOS="761" WIDTH="44"/>
						<String ID="P24_ST00045" HPOS="345" VPOS="732" WIDTH="62" HEIGHT="30" CONTENT="ihm" WC="0.92" CC="678"/>
						<SP ID="P24_SP00036" HPOS="407" VPOS="762" WIDTH="35"/>
						<String ID="P24_ST00046" HPOS="442" VPOS="733" WIDTH="43" HEIGHT="30" CONTENT="als" WC="0.97" CC="170"/>
						<SP ID="P24_SP00037" HPOS="485" VPOS="763" WIDTH="36"/>
						<String ID="P24_ST00047" HPOS="521" VPOS="734" WIDTH="240" HEIGHT="39" CONTENT="Parteimitglied" WC="0.99" CC="62660390607000"/>
						<SP ID="P24_SP00038" HPOS="761" VPOS="773" WIDTH="34"/>
						<String ID="P24_ST00048" HPOS="795" VPOS="737" WIDTH="141" HEIGHT="40" CONTENT="zufallen," WC="0.98" CC="576566073"/>
						<SP ID="P24_SP00039" HPOS="936" VPOS="777" WIDTH="33"/>
						<String ID="P24_ST00049" HPOS="969" VPOS="739" WIDTH="219" HEIGHT="37" CONTENT="gewissenhaft" WC="0.99" CC="902006077770"/>
						<SP ID="P24_SP00040" HPOS="1188" VPOS="777" WIDTH="35"/>
						<String ID="P24_ST00050" HPOS="1223" VPOS="722" WIDTH="217" HEIGHT="51" CONTENT="auszuführen!" WC="0.98" CC="368377057077"/>
					</TextLine>
					<TextLine ID="P24_TL00011" HPOS="253" VPOS="777" WIDTH="1186" HEIGHT="42">
						<String ID="P24_ST00051" HPOS="253" VPOS="777" WIDTH="305" HEIGHT="32" CONTENT="Selbstverständlich" WC="0.99" CC="007740466002406206"/>
						<SP ID="P24_SP00041" HPOS="558" VPOS="809" WIDTH="21"/>
						<String ID="P24_ST00052" HPOS="579" VPOS="781" WIDTH="40" HEIGHT="29" CONTENT="ist" WC="1.00" CC="000"/>
						<SP ID="P24_SP00042" HPOS="619" VPOS="810" WIDTH="22"/>
						<String ID="P24_ST00053" HPOS="641" VPOS="781" WIDTH="64" HEIGHT="29" CONTENT="dies" WC="0.99" CC="6000"/>
						<SP ID="P24_SP00043" HPOS="705" VPOS="810" WIDTH="20"/>
						<String ID="P24_ST00054" HPOS="725" VPOS="783" WIDTH="84" HEIGHT="29" CONTENT="seine" WC="0.98" CC="60060"/>
						<SP ID="P24_SP00044" HPOS="809" VPOS="812" WIDTH="23"/>
						<String ID="P24_ST00055" HPOS="832" VPOS="784" WIDTH="77" HEIGHT="29" CONTENT="erste" WC="0.99" CC="04200"/>
						<SP ID="P24_SP00045" HPOS="909" VPOS="813" WIDTH="22"/>
						<String ID="P24_ST00056" HPOS="931" VPOS="784" WIDTH="64" HEIGHT="30" CONTENT="und" WC="0.95" CC="770"/>
						<SP ID="P24_SP00046" HPOS="995" VPOS="814" WIDTH="22"/>
						<String ID="P24_ST00057" HPOS="1017" VPOS="785" WIDTH="141" HEIGHT="31" CONTENT="absolute" WC="0.98" CC="17065752"/>
						<SP ID="P24_SP00047" HPOS="1158" VPOS="816" WIDTH="23"/>
						<String ID="P24_ST00058" HPOS="1181" VPOS="786" WIDTH="108" HEIGHT="31" CONTENT="Pflicht" WC="0.97" CC="6765570"/>
						<SP ID="P24_SP00048" HPOS="1289" VPOS="817" WIDTH="21"/>
						<String ID="P24_ST00059" HPOS="1310" VPOS="789" WIDTH="59" HEIGHT="29" CONTENT="wie" WC="0.98" CC="005"/>
						<SP ID="P24_SP00049" HPOS="1369" VPOS="818" WIDTH="23"/>
						<String ID="P24_ST00060" HPOS="1392" VPOS="788" WIDTH="47" HEIGHT="31" CONTENT="die" WC="0.93" CC="873"/>
					</TextLine>
					<TextLine ID="P24_TL00012" HPOS="252" VPOS="823" WIDTH="1188" HEIGHT="41">
						<String ID="P24_ST00061" HPOS="252" VPOS="823" WIDTH="81" HEIGHT="29" CONTENT="eines" WC="0.97" CC="67603"/>
						<SP ID="P24_SP00050" HPOS="333" VPOS="852" WIDTH="17"/>
						<String ID="P24_ST00062" HPOS="350" VPOS="823" WIDTH="87" HEIGHT="38" CONTENT="jeden" WC="0.98" CC="70016"/>
						<SP ID="P24_SP00051" HPOS="437" VPOS="861" WIDTH="19"/>
						<String ID="P24_ST00063" HPOS="456" VPOS="824" WIDTH="244" HEIGHT="33" CONTENT="Kommunisten." WC="0.99" CC="007046507324"/>
						<SP ID="P24_SP00052" HPOS="700" VPOS="861" WIDTH="42"/>
						<String ID="P24_ST00064" HPOS="742" VPOS="827" WIDTH="60" HEIGHT="30" CONTENT="Um" WC="0.84" CC="30"/>
						<SP ID="P24_SP00053" HPOS="802" VPOS="861" WIDTH="19"/>
						<String ID="P24_ST00065" HPOS="821" VPOS="828" WIDTH="100" HEIGHT="31" CONTENT="dieser" WC="0.98" CC="055072"/>
						<SP ID="P24_SP00054" HPOS="921" VPOS="861" WIDTH="20"/>
						<String ID="P24_ST00066" HPOS="941" VPOS="829" WIDTH="110" HEIGHT="33" CONTENT="Pflicht" WC="0.98" CC="0775250"/>
						<SP ID="P24_SP00055" HPOS="1051" VPOS="862" WIDTH="19"/>
						<String ID="P24_ST00067" HPOS="1070" VPOS="831" WIDTH="74" HEIGHT="30" CONTENT="aber" WC="0.97" CC="1604"/>
						<SP ID="P24_SP00056" HPOS="1144" VPOS="862" WIDTH="20"/>
						<String ID="P24_ST00068" HPOS="1164" VPOS="832" WIDTH="76" HEIGHT="31" CONTENT="auch" WC="0.95" CC="5663"/>
						<SP ID="P24_SP00057" HPOS="1240" VPOS="863" WIDTH="21"/>
						<String ID="P24_ST00069" HPOS="1261" VPOS="833" WIDTH="179" HEIGHT="31" CONTENT="tatsächlich" WC="0.99" CC="03700066107"/>
					</TextLine>
					<TextLine ID="P24_TL00013" HPOS="251" VPOS="869" WIDTH="1188" HEIGHT="48">
						<String ID="P24_ST00070" HPOS="251" VPOS="869" WIDTH="221" HEIGHT="30" CONTENT="nachkommen" WC="0.71" CC="7053050006"/>
						<SP ID="P24_SP00058" HPOS="472" VPOS="899" WIDTH="26"/>
						<String ID="P24_ST00071" HPOS="498" VPOS="880" WIDTH="40" HEIGHT="19" CONTENT="zu" WC="0.69" CC="06"/>
						<SP ID="P24_SP00059" HPOS="538" VPOS="899" WIDTH="25"/>
						<String ID="P24_ST00072" HPOS="563" VPOS="871" WIDTH="131" HEIGHT="39" CONTENT="können," WC="0.98" CC="0277154"/>
						<SP ID="P24_SP00060" HPOS="694" VPOS="910" WIDTH="28"/>
						<String ID="P24_ST00073" HPOS="722" VPOS="873" WIDTH="73" HEIGHT="30" CONTENT="muß" WC="0.98" CC="060"/>
						<SP ID="P24_SP00061" HPOS="795" VPOS="910" WIDTH="28"/>
						<String ID="P24_ST00074" HPOS="823" VPOS="873" WIDTH="53" HEIGHT="31" CONTENT="der" WC="0.98" CC="006"/>
						<SP ID="P24_SP00062" HPOS="876" VPOS="910" WIDTH="26"/>
						<String ID="P24_ST00075" HPOS="902" VPOS="875" WIDTH="144" HEIGHT="30" CONTENT="Künstler" WC="0.99" CC="00506001"/>
						<SP ID="P24_SP00063" HPOS="1046" VPOS="910" WIDTH="26"/>
						<String ID="P24_ST00076" HPOS="1072" VPOS="878" WIDTH="82" HEIGHT="28" CONTENT="seine" WC="0.97" CC="06565"/>
						<SP ID="P24_SP00064" HPOS="1154" VPOS="910" WIDTH="25"/>
						<String ID="P24_ST00077" HPOS="1179" VPOS="886" WIDTH="99" HEIGHT="29" CONTENT="ganze" WC="0.98" CC="05720"/>
						<SP ID="P24_SP00065" HPOS="1278" VPOS="915" WIDTH="27"/>
						<String ID="P24_ST00078" HPOS="1305" VPOS="877" WIDTH="66" HEIGHT="40" CONTENT="Art," WC="0.97" CC="0461"/>
						<SP ID="P24_SP00066" HPOS="1371" VPOS="917" WIDTH="28"/>
						<String ID="P24_ST00079" HPOS="1399" VPOS="889" WIDTH="40" HEIGHT="20" CONTENT="zu" WC="0.88" CC="20"/>
					</TextLine>
					<TextLine ID="P24_TL00014" HPOS="250" VPOS="913" WIDTH="1188" HEIGHT="50">
						<String ID="P24_ST00080" HPOS="250" VPOS="913" WIDTH="216" HEIGHT="40" CONTENT="produzieren," WC="0.99" CC="576060056053"/>
						<SP ID="P24_SP00067" HPOS="466" VPOS="953" WIDTH="19"/>
						<String ID="P24_ST00081" HPOS="485" VPOS="925" WIDTH="39" HEIGHT="20" CONTENT="zu" WC="0.65" CC="06"/>
						<SP ID="P24_SP00068" HPOS="524" VPOS="953" WIDTH="17"/>
						<String ID="P24_ST00082" HPOS="541" VPOS="915" WIDTH="105" HEIGHT="31" CONTENT="fühlen" WC="0.98" CC="607605"/>
						<SP ID="P24_SP00069" HPOS="646" VPOS="953" WIDTH="19"/>
						<String ID="P24_ST00083" HPOS="665" VPOS="918" WIDTH="64" HEIGHT="29" CONTENT="und" WC="0.97" CC="700"/>
						<SP ID="P24_SP00070" HPOS="729" VPOS="953" WIDTH="18"/>
						<String ID="P24_ST00084" HPOS="747" VPOS="927" WIDTH="39" HEIGHT="21" CONTENT="zu" WC="0.58" CC="17"/>
						<SP ID="P24_SP00071" HPOS="786" VPOS="953" WIDTH="20"/>
						<String ID="P24_ST00085" HPOS="806" VPOS="918" WIDTH="116" HEIGHT="32" CONTENT="denken" WC="0.98" CC="017007"/>
						<SP ID="P24_SP00072" HPOS="922" VPOS="953" WIDTH="20"/>
						<String ID="P24_ST00086" HPOS="942" VPOS="930" WIDTH="62" HEIGHT="21" CONTENT="von" WC="0.98" CC="050"/>
						<SP ID="P24_SP00073" HPOS="1004" VPOS="953" WIDTH="19"/>
						<String ID="P24_ST00087" HPOS="1023" VPOS="920" WIDTH="112" HEIGHT="31" CONTENT="Grund" WC="0.98" CC="00770"/>
						<SP ID="P24_SP00074" HPOS="1135" VPOS="953" WIDTH="18"/>
						<String ID="P24_ST00088" HPOS="1153" VPOS="923" WIDTH="51" HEIGHT="30" CONTENT="auf" WC="0.92" CC="866"/>
						<SP ID="P24_SP00075" HPOS="1204" VPOS="953" WIDTH="18"/>
						<String ID="P24_ST00089" HPOS="1222" VPOS="923" WIDTH="126" HEIGHT="40" CONTENT="ändern," WC="0.98" CC="0760672"/>
						<SP ID="P24_SP00076" HPOS="1348" VPOS="963" WIDTH="19"/>
						<String ID="P24_ST00090" HPOS="1367" VPOS="925" WIDTH="71" HEIGHT="30" CONTENT="weil" WC="0.98" CC="0036"/>
					</TextLine>
					<TextLine ID="P24_TL00015" HPOS="250" VPOS="960" WIDTH="1189" HEIGHT="43">
						<String ID="P24_ST00091" HPOS="250" VPOS="967" WIDTH="32" HEIGHT="23" CONTENT="er" WC="0.43" CC="47"/>
						<SP ID="P24_SP00077" HPOS="282" VPOS="990" WIDTH="21"/>
						<String ID="P24_ST00092" HPOS="303" VPOS="960" WIDTH="45" HEIGHT="29" CONTENT="als" WC="0.98" CC="400"/>
						<SP ID="P24_SP00078" HPOS="348" VPOS="990" WIDTH="21"/>
						<String ID="P24_ST00093" HPOS="369" VPOS="960" WIDTH="170" HEIGHT="40" CONTENT="Einzelner," WC="0.99" CC="6400066440"/>
						<SP ID="P24_SP00079" HPOS="539" VPOS="1000" WIDTH="22"/>
						<String ID="P24_ST00094" HPOS="561" VPOS="962" WIDTH="44" HEIGHT="30" CONTENT="als" WC="0.98" CC="040"/>
						<SP ID="P24_SP00080" HPOS="605" VPOS="1000" WIDTH="21"/>
						<String ID="P24_ST00095" HPOS="626" VPOS="963" WIDTH="203" HEIGHT="38" CONTENT="bourgeoiser" WC="0.99" CC="70550045005"/>
						<SP ID="P24_SP00081" HPOS="829" VPOS="1001" WIDTH="22"/>
						<String ID="P24_ST00096" HPOS="851" VPOS="964" WIDTH="123" HEIGHT="39" CONTENT="Splitter" WC="0.98" CC="07606754"/>
						<SP ID="P24_SP00082" HPOS="974" VPOS="1003" WIDTH="21"/>
						<String ID="P24_ST00097" HPOS="995" VPOS="967" WIDTH="84" HEIGHT="30" CONTENT="nicht" WC="0.98" CC="50070"/>
						<SP ID="P24_SP00083" HPOS="1079" VPOS="1003" WIDTH="22"/>
						<String ID="P24_ST00098" HPOS="1101" VPOS="969" WIDTH="60" HEIGHT="29" CONTENT="wie" WC="0.95" CC="840"/>
						<SP ID="P24_SP00084" HPOS="1161" VPOS="1003" WIDTH="23"/>
						<String ID="P24_ST00099" HPOS="1184" VPOS="968" WIDTH="47" HEIGHT="30" CONTENT="die" WC="0.96" CC="055"/>
						<SP ID="P24_SP00085" HPOS="1231" VPOS="1003" WIDTH="23"/>
						<String ID="P24_ST00100" HPOS="1254" VPOS="969" WIDTH="185" HEIGHT="31" CONTENT="Proletarier" WC="0.99" CC="06000566304"/>
					</TextLine>
					<TextLine ID="P24_TL00016" HPOS="249" VPOS="1005" WIDTH="1190" HEIGHT="45">
						<String ID="P24_ST00101" HPOS="249" VPOS="1005" WIDTH="196" HEIGHT="37" CONTENT="eigentlicher" WC="0.99" CC="669476030604"/>
						<SP ID="P24_SP00086" HPOS="445" VPOS="1042" WIDTH="22"/>
						<String ID="P24_ST00102" HPOS="467" VPOS="1007" WIDTH="107" HEIGHT="30" CONTENT="Soldat" WC="0.98" CC="066035"/>
						<SP ID="P24_SP00087" HPOS="574" VPOS="1042" WIDTH="24"/>
						<String ID="P24_ST00103" HPOS="598" VPOS="1007" WIDTH="53" HEIGHT="31" CONTENT="des" WC="1.00" CC="000"/>
						<SP ID="P24_SP00088" HPOS="651" VPOS="1042" WIDTH="22"/>
						<String ID="P24_ST00104" HPOS="673" VPOS="1009" WIDTH="265" HEIGHT="40" CONTENT="Klassenkampfes" WC="0.99" CC="05700770006700"/>
						<SP ID="P24_SP00089" HPOS="938" VPOS="1049" WIDTH="23"/>
						<String ID="P24_ST00105" HPOS="961" VPOS="1013" WIDTH="48" HEIGHT="37" CONTENT="ist," WC="0.98" CC="0054"/>
						<SP ID="P24_SP00090" HPOS="1009" VPOS="1050" WIDTH="26"/>
						<String ID="P24_ST00106" HPOS="1035" VPOS="1013" WIDTH="136" HEIGHT="30" CONTENT="sondern" WC="0.98" CC="0670067"/>
						<SP ID="P24_SP00091" HPOS="1171" VPOS="1050" WIDTH="25"/>
						<String ID="P24_ST00107" HPOS="1196" VPOS="1014" WIDTH="164" HEIGHT="32" CONTENT="Deserteur" WC="0.99" CC="400062275"/>
						<SP ID="P24_SP00092" HPOS="1360" VPOS="1050" WIDTH="23"/>
						<String ID="P24_ST00108" HPOS="1383" VPOS="1016" WIDTH="56" HEIGHT="30" CONTENT="der" WC="0.97" CC="601"/>
					</TextLine>
					<TextLine ID="P24_TL00017" HPOS="249" VPOS="1050" WIDTH="1186" HEIGHT="50">
						<String ID="P24_ST00109" HPOS="249" VPOS="1050" WIDTH="209" HEIGHT="39" CONTENT="bourgeoisen" WC="0.99" CC="75629046007"/>
						<SP ID="P24_SP00093" HPOS="458" VPOS="1089" WIDTH="18"/>
						<String ID="P24_ST00110" HPOS="476" VPOS="1052" WIDTH="105" HEIGHT="32" CONTENT="Front." WC="0.97" CC="467703"/>
						<SP ID="P24_SP00094" HPOS="581" VPOS="1089" WIDTH="40"/>
						<String ID="P24_ST00111" HPOS="621" VPOS="1053" WIDTH="89" HEIGHT="31" CONTENT="Ganz" WC="0.98" CC="4003"/>
						<SP ID="P24_SP00095" HPOS="710" VPOS="1089" WIDTH="18"/>
						<String ID="P24_ST00112" HPOS="728" VPOS="1056" WIDTH="151" HEIGHT="30" CONTENT="natürlich" WC="0.98" CC="046857043"/>
						<SP ID="P24_SP00096" HPOS="879" VPOS="1089" WIDTH="19"/>
						<String ID="P24_ST00113" HPOS="898" VPOS="1057" WIDTH="80" HEIGHT="30" CONTENT="wird" WC="0.96" CC="5650"/>
						<SP ID="P24_SP00097" HPOS="978" VPOS="1089" WIDTH="18"/>
						<String ID="P24_ST00114" HPOS="996" VPOS="1067" WIDTH="70" HEIGHT="21" CONTENT="man" WC="1.00" CC="000"/>
						<SP ID="P24_SP00098" HPOS="1066" VPOS="1089" WIDTH="19"/>
						<String ID="P24_ST00115" HPOS="1085" VPOS="1068" WIDTH="62" HEIGHT="21" CONTENT="von" WC="1.00" CC="000"/>
						<SP ID="P24_SP00099" HPOS="1147" VPOS="1089" WIDTH="18"/>
						<String ID="P24_ST00116" HPOS="1165" VPOS="1059" WIDTH="62" HEIGHT="30" CONTENT="ihm" WC="0.97" CC="070"/>
						<SP ID="P24_SP00100" HPOS="1227" VPOS="1089" WIDTH="20"/>
						<String ID="P24_ST00117" HPOS="1247" VPOS="1060" WIDTH="105" HEIGHT="40" CONTENT="daher," WC="0.98" CC="610660"/>
						<SP ID="P24_SP00101" HPOS="1352" VPOS="1100" WIDTH="20"/>
						<String ID="P24_ST00118" HPOS="1372" VPOS="1061" WIDTH="63" HEIGHT="30" CONTENT="und" WC="0.95" CC="707"/>
					</TextLine>
					<TextLine ID="P24_TL00018" HPOS="247" VPOS="1097" WIDTH="1190" HEIGHT="47">
						<String ID="P24_ST00119" HPOS="247" VPOS="1104" WIDTH="92" HEIGHT="21" CONTENT="wenn" WC="0.97" CC="0076"/>
						<SP ID="P24_SP00102" HPOS="339" VPOS="1125" WIDTH="14"/>
						<String ID="P24_ST00120" HPOS="353" VPOS="1106" WIDTH="71" HEIGHT="21" CONTENT="man" WC="1.00" CC="000"/>
						<SP ID="P24_SP00103" HPOS="424" VPOS="1127" WIDTH="18"/>
						<String ID="P24_ST00121" HPOS="442" VPOS="1107" WIDTH="32" HEIGHT="21" CONTENT="es" WC="0.79" CC="40"/>
						<SP ID="P24_SP00104" HPOS="474" VPOS="1128" WIDTH="17"/>
						<String ID="P24_ST00122" HPOS="491" VPOS="1097" WIDTH="83" HEIGHT="31" CONTENT="nicht" WC="0.98" CC="70600"/>
						<SP ID="P24_SP00105" HPOS="574" VPOS="1128" WIDTH="18"/>
						<String ID="P24_ST00123" HPOS="592" VPOS="1100" WIDTH="53" HEIGHT="37" CONTENT="tut," WC="0.97" CC="0564"/>
						<SP ID="P24_SP00106" HPOS="645" VPOS="1137" WIDTH="20"/>
						<String ID="P24_ST00124" HPOS="665" VPOS="1109" WIDTH="32" HEIGHT="20" CONTENT="er" WC="0.67" CC="06"/>
						<SP ID="P24_SP00107" HPOS="697" VPOS="1137" WIDTH="17"/>
						<String ID="P24_ST00125" HPOS="714" VPOS="1101" WIDTH="96" HEIGHT="30" CONTENT="selbst" WC="0.98" CC="036706"/>
						<SP ID="P24_SP00108" HPOS="810" VPOS="1137" WIDTH="15"/>
						<String ID="P24_ST00126" HPOS="825" VPOS="1111" WIDTH="62" HEIGHT="21" CONTENT="von" WC="0.96" CC="055"/>
						<SP ID="P24_SP00109" HPOS="887" VPOS="1137" WIDTH="18"/>
						<String ID="P24_ST00127" HPOS="905" VPOS="1103" WIDTH="64" HEIGHT="29" CONTENT="sich" WC="0.95" CC="5556"/>
						<SP ID="P24_SP00110" HPOS="969" VPOS="1137" WIDTH="17"/>
						<String ID="P24_ST00128" HPOS="986" VPOS="1104" WIDTH="167" HEIGHT="38" CONTENT="verlangen" WC="0.98" CC="046407937"/>
						<SP ID="P24_SP00111" HPOS="1153" VPOS="1142" WIDTH="17"/>
						<String ID="P24_ST00129" HPOS="1170" VPOS="1106" WIDTH="135" HEIGHT="38" CONTENT="müssen," WC="0.98" CC="0004674"/>
						<SP ID="P24_SP00112" HPOS="1305" VPOS="1144" WIDTH="19"/>
						<String ID="P24_ST00130" HPOS="1324" VPOS="1106" WIDTH="61" HEIGHT="31" CONTENT="daß" WC="0.97" CC="701"/>
						<SP ID="P24_SP00113" HPOS="1385" VPOS="1144" WIDTH="20"/>
						<String ID="P24_ST00131" HPOS="1405" VPOS="1117" WIDTH="32" HEIGHT="20" CONTENT="er" WC="0.60" CC="25"/>
					</TextLine>
					<TextLine ID="P24_TL00019" HPOS="248" VPOS="1141" WIDTH="1190" HEIGHT="49">
						<String ID="P24_ST00132" HPOS="248" VPOS="1141" WIDTH="233" HEIGHT="31" CONTENT="unverkennbar" WC="0.99" CC="775072076773"/>
						<SP ID="P24_SP00114" HPOS="481" VPOS="1172" WIDTH="18"/>
						<String ID="P24_ST00133" HPOS="499" VPOS="1144" WIDTH="65" HEIGHT="30" CONTENT="und" WC="0.95" CC="770"/>
						<SP ID="P24_SP00115" HPOS="564" VPOS="1174" WIDTH="19"/>
						<String ID="P24_ST00134" HPOS="583" VPOS="1153" WIDTH="56" HEIGHT="21" CONTENT="aus" WC="0.94" CC="456"/>
						<SP ID="P24_SP00116" HPOS="639" VPOS="1174" WIDTH="19"/>
						<String ID="P24_ST00135" HPOS="658" VPOS="1146" WIDTH="163" HEIGHT="30" CONTENT="innerstem" WC="0.99" CC="267640000"/>
						<SP ID="P24_SP00117" HPOS="821" VPOS="1176" WIDTH="21"/>
						<String ID="P24_ST00136" HPOS="842" VPOS="1147" WIDTH="109" HEIGHT="39" CONTENT="Drang" WC="0.97" CC="03379"/>
						<SP ID="P24_SP00118" HPOS="951" VPOS="1186" WIDTH="20"/>
						<String ID="P24_ST00137" HPOS="971" VPOS="1149" WIDTH="54" HEIGHT="30" CONTENT="mit" WC="0.97" CC="007"/>
						<SP ID="P24_SP00119" HPOS="1025" VPOS="1186" WIDTH="20"/>
						<String ID="P24_ST00138" HPOS="1045" VPOS="1149" WIDTH="53" HEIGHT="30" CONTENT="der" WC="0.95" CC="056"/>
						<SP ID="P24_SP00120" HPOS="1098" VPOS="1186" WIDTH="18"/>
						<String ID="P24_ST00139" HPOS="1116" VPOS="1150" WIDTH="117" HEIGHT="40" CONTENT="Klasse," WC="0.98" CC="0625074"/>
						<SP ID="P24_SP00121" HPOS="1233" VPOS="1190" WIDTH="21"/>
						<String ID="P24_ST00140" HPOS="1254" VPOS="1161" WIDTH="56" HEIGHT="21" CONTENT="aus" WC="0.94" CC="572"/>
						<SP ID="P24_SP00122" HPOS="1310" VPOS="1190" WIDTH="21"/>
						<String ID="P24_ST00141" HPOS="1331" VPOS="1152" WIDTH="53" HEIGHT="31" CONTENT="der" WC="0.93" CC="556"/>
						<SP ID="P24_SP00123" HPOS="1384" VPOS="1190" WIDTH="20"/>
						<String ID="P24_ST00142" HPOS="1404" VPOS="1162" WIDTH="34" HEIGHT="21" CONTENT="er" WC="0.68" CC="06"/>
					</TextLine>
					<TextLine ID="P24_TL00020" HPOS="246" VPOS="1186" WIDTH="1189" HEIGHT="47">
						<String ID="P24_ST00143" HPOS="246" VPOS="1186" WIDTH="78" HEIGHT="38" CONTENT="kam," WC="0.96" CC="5290"/>
						<SP ID="P24_SP00124" HPOS="324" VPOS="1224" WIDTH="13"/>
						<String ID="P24_ST00144" HPOS="337" VPOS="1188" WIDTH="176" HEIGHT="37" CONTENT="gebrochen" WC="0.99" CC="000057417"/>
						<SP ID="P24_SP00125" HPOS="513" VPOS="1225" WIDTH="17"/>
						<String ID="P24_ST00145" HPOS="530" VPOS="1190" WIDTH="61" HEIGHT="39" CONTENT="hat," WC="0.97" CC="6403"/>
						<SP ID="P24_SP00126" HPOS="591" VPOS="1229" WIDTH="17"/>
						<String ID="P24_ST00146" HPOS="608" VPOS="1191" WIDTH="54" HEIGHT="30" CONTENT="ehe" WC="0.98" CC="104"/>
						<SP ID="P24_SP00127" HPOS="662" VPOS="1229" WIDTH="18"/>
						<String ID="P24_ST00147" HPOS="680" VPOS="1200" WIDTH="32" HEIGHT="21" CONTENT="er" WC="0.79" CC="04"/>
						<SP ID="P24_SP00128" HPOS="712" VPOS="1229" WIDTH="16"/>
						<String ID="P24_ST00148" HPOS="728" VPOS="1192" WIDTH="134" HEIGHT="38" CONTENT="tauglich" WC="0.98" CC="05697046"/>
						<SP ID="P24_SP00129" HPOS="862" VPOS="1230" WIDTH="17"/>
						<String ID="P24_ST00149" HPOS="879" VPOS="1193" WIDTH="66" HEIGHT="39" CONTENT="gilt," WC="0.97" CC="93604"/>
						<SP ID="P24_SP00130" HPOS="945" VPOS="1232" WIDTH="17"/>
						<String ID="P24_ST00150" HPOS="962" VPOS="1195" WIDTH="31" HEIGHT="29" CONTENT="in" WC="0.30" CC="67"/>
						<SP ID="P24_SP00131" HPOS="993" VPOS="1232" WIDTH="18"/>
						<String ID="P24_ST00151" HPOS="1011" VPOS="1195" WIDTH="54" HEIGHT="29" CONTENT="der" WC="0.96" CC="027"/>
						<SP ID="P24_SP00132" HPOS="1065" VPOS="1232" WIDTH="15"/>
						<String ID="P24_ST00152" HPOS="1080" VPOS="1196" WIDTH="241" HEIGHT="37" CONTENT="proletarischen" WC="0.99" CC="96760723306007"/>
						<SP ID="P24_SP00133" HPOS="1321" VPOS="1233" WIDTH="17"/>
						<String ID="P24_ST00153" HPOS="1338" VPOS="1198" WIDTH="97" HEIGHT="30" CONTENT="Front" WC="0.97" CC="47207"/>
					</TextLine>
					<TextLine ID="P24_TL00021" HPOS="245" VPOS="1232" WIDTH="247" HEIGHT="39">
						<String ID="P24_ST00154" HPOS="245" VPOS="1232" WIDTH="247" HEIGHT="39" CONTENT="mitzukämpfen." WC="0.99" CC="7076730006603"/>
					</TextLine>
					<TextLine ID="P24_TL00022" HPOS="327" VPOS="1278" WIDTH="1107" HEIGHT="46">
						<String ID="P24_ST00155" HPOS="327" VPOS="1278" WIDTH="100" HEIGHT="31" CONTENT="Bevor" WC="0.98" CC="70050"/>
						<SP ID="P24_SP00134" HPOS="427" VPOS="1309" WIDTH="21"/>
						<String ID="P24_ST00156" HPOS="448" VPOS="1282" WIDTH="60" HEIGHT="29" CONTENT="wir" WC="0.97" CC="015"/>
						<SP ID="P24_SP00135" HPOS="508" VPOS="1311" WIDTH="23"/>
						<String ID="P24_ST00157" HPOS="531" VPOS="1280" WIDTH="108" HEIGHT="31" CONTENT="darauf" WC="0.97" CC="094067"/>
						<SP ID="P24_SP00136" HPOS="639" VPOS="1311" WIDTH="23"/>
						<String ID="P24_ST00158" HPOS="662" VPOS="1284" WIDTH="157" HEIGHT="39" CONTENT="eingehen," WC="0.69" CC="006007174"/>
						<SP ID="P24_SP00137" HPOS="819" VPOS="1323" WIDTH="25"/>
						<String ID="P24_ST00159" HPOS="844" VPOS="1286" WIDTH="60" HEIGHT="30" CONTENT="wie" WC="0.99" CC="010"/>
						<SP ID="P24_SP00138" HPOS="904" VPOS="1323" WIDTH="22"/>
						<String ID="P24_ST00160" HPOS="926" VPOS="1287" WIDTH="54" HEIGHT="30" CONTENT="der" WC="0.98" CC="006"/>
						<SP ID="P24_SP00139" HPOS="980" VPOS="1323" WIDTH="21"/>
						<String ID="P24_ST00161" HPOS="1001" VPOS="1287" WIDTH="145" HEIGHT="32" CONTENT="Künstler" WC="0.99" CC="00607601"/>
						<SP ID="P24_SP00140" HPOS="1146" VPOS="1323" WIDTH="23"/>
						<String ID="P24_ST00162" HPOS="1169" VPOS="1290" WIDTH="45" HEIGHT="30" CONTENT="als" WC="0.93" CC="765"/>
						<SP ID="P24_SP00141" HPOS="1214" VPOS="1323" WIDTH="21"/>
						<String ID="P24_ST00163" HPOS="1235" VPOS="1291" WIDTH="199" HEIGHT="33" CONTENT="Kommunist" WC="0.98" CC="070770607"/>
					</TextLine>
					<TextLine ID="P24_TL00023" HPOS="244" VPOS="1323" WIDTH="1188" HEIGHT="49">
						<String ID="P24_ST00164" HPOS="244" VPOS="1323" WIDTH="66" HEIGHT="29" CONTENT="sich" WC="0.95" CC="6436"/>
						<SP ID="P24_SP00142" HPOS="310" VPOS="1352" WIDTH="19"/>
						<String ID="P24_ST00165" HPOS="329" VPOS="1324" WIDTH="63" HEIGHT="30" CONTENT="und" WC="0.95" CC="770"/>
						<SP ID="P24_SP00143" HPOS="392" VPOS="1354" WIDTH="19"/>
						<String ID="P24_ST00166" HPOS="411" VPOS="1324" WIDTH="95" HEIGHT="33" CONTENT="damit" WC="1.00" CC="00000"/>
						<SP ID="P24_SP00144" HPOS="506" VPOS="1357" WIDTH="18"/>
						<String ID="P24_ST00167" HPOS="524" VPOS="1328" WIDTH="83" HEIGHT="29" CONTENT="seine" WC="0.97" CC="33570"/>
						<SP ID="P24_SP00145" HPOS="607" VPOS="1357" WIDTH="21"/>
						<String ID="P24_ST00168" HPOS="628" VPOS="1328" WIDTH="191" HEIGHT="32" CONTENT="Produktion" WC="0.99" CC="2560701140"/>
						<SP ID="P24_SP00146" HPOS="819" VPOS="1360" WIDTH="22"/>
						<String ID="P24_ST00169" HPOS="841" VPOS="1331" WIDTH="116" HEIGHT="31" CONTENT="ändern" WC="0.99" CC="060060"/>
						<SP ID="P24_SP00147" HPOS="957" VPOS="1362" WIDTH="21"/>
						<String ID="P24_ST00170" HPOS="978" VPOS="1334" WIDTH="85" HEIGHT="38" CONTENT="muß," WC="0.98" CC="0704"/>
						<SP ID="P24_SP00148" HPOS="1063" VPOS="1372" WIDTH="22"/>
						<String ID="P24_ST00171" HPOS="1085" VPOS="1336" WIDTH="43" HEIGHT="29" CONTENT="sei" WC="0.96" CC="206"/>
						<SP ID="P24_SP00149" HPOS="1128" VPOS="1372" WIDTH="22"/>
						<String ID="P24_ST00172" HPOS="1150" VPOS="1336" WIDTH="75" HEIGHT="29" CONTENT="kurz" WC="0.98" CC="0451"/>
						<SP ID="P24_SP00150" HPOS="1225" VPOS="1372" WIDTH="22"/>
						<String ID="P24_ST00173" HPOS="1247" VPOS="1339" WIDTH="47" HEIGHT="28" CONTENT="ein" WC="0.97" CC="107"/>
						<SP ID="P24_SP00151" HPOS="1294" VPOS="1372" WIDTH="24"/>
						<String ID="P24_ST00174" HPOS="1318" VPOS="1338" WIDTH="114" HEIGHT="31" CONTENT="Thema" WC="0.97" CC="06395"/>
					</TextLine>
					<TextLine ID="P24_TL00024" HPOS="244" VPOS="1367" WIDTH="1189" HEIGHT="49">
						<String ID="P24_ST00175" HPOS="244" VPOS="1367" WIDTH="135" HEIGHT="41" CONTENT="berührt," WC="0.98" CC="76306604"/>
						<SP ID="P24_SP00152" HPOS="379" VPOS="1408" WIDTH="23"/>
						<String ID="P24_ST00176" HPOS="402" VPOS="1370" WIDTH="54" HEIGHT="30" CONTENT="das" WC="0.98" CC="040"/>
						<SP ID="P24_SP00153" HPOS="456" VPOS="1408" WIDTH="23"/>
						<String ID="P24_ST00177" HPOS="479" VPOS="1381" WIDTH="39" HEIGHT="20" CONTENT="zu" WC="0.67" CC="06"/>
						<SP ID="P24_SP00154" HPOS="518" VPOS="1408" WIDTH="23"/>
						<String ID="P24_ST00178" HPOS="541" VPOS="1372" WIDTH="80" HEIGHT="30" CONTENT="nahe" WC="0.96" CC="7803"/>
						<SP ID="P24_SP00155" HPOS="621" VPOS="1408" WIDTH="22"/>
						<String ID="P24_ST00179" HPOS="643" VPOS="1373" WIDTH="82" HEIGHT="38" CONTENT="liegt," WC="0.97" CC="356904"/>
						<SP ID="P24_SP00156" HPOS="725" VPOS="1411" WIDTH="23"/>
						<String ID="P24_ST00180" HPOS="748" VPOS="1384" WIDTH="51" HEIGHT="20" CONTENT="um" WC="0.44" CC="64"/>
						<SP ID="P24_SP00157" HPOS="799" VPOS="1411" WIDTH="26"/>
						<String ID="P24_ST00181" HPOS="825" VPOS="1376" WIDTH="200" HEIGHT="40" CONTENT="übergangen" WC="0.98" CC="0606947907"/>
						<SP ID="P24_SP00158" HPOS="1025" VPOS="1416" WIDTH="24"/>
						<String ID="P24_ST00182" HPOS="1049" VPOS="1389" WIDTH="39" HEIGHT="20" CONTENT="zu" WC="0.75" CC="04"/>
						<SP ID="P24_SP00159" HPOS="1088" VPOS="1416" WIDTH="24"/>
						<String ID="P24_ST00183" HPOS="1112" VPOS="1381" WIDTH="138" HEIGHT="31" CONTENT="werden:" WC="0.98" CC="7060771"/>
						<SP ID="P24_SP00160" HPOS="1250" VPOS="1416" WIDTH="25"/>
						<String ID="P24_ST00184" HPOS="1275" VPOS="1383" WIDTH="48" HEIGHT="30" CONTENT="die" WC="0.96" CC="063"/>
						<SP ID="P24_SP00161" HPOS="1323" VPOS="1416" WIDTH="24"/>
						<String ID="P24_ST00185" HPOS="1347" VPOS="1384" WIDTH="86" HEIGHT="31" CONTENT="Rolle" WC="0.96" CC="73671"/>
					</TextLine>
				</TextBlock>
				<TextBlock ID="P24_TB00004" HPOS="775" VPOS="437" WIDTH="141" HEIGHT="37" STYLEREFS="TXT_4 PAR_CENTER">
					<TextLine ID="P24_TL00025" HPOS="776" VPOS="438" WIDTH="139" HEIGHT="33">
						<String ID="P24_ST00186" HPOS="776" VPOS="438" WIDTH="64" HEIGHT="30" CONTENT="Teil" WC="0.97" CC="0257"/>
						<SP ID="P24_SP00162" HPOS="840" VPOS="468" WIDTH="26"/>
						<String ID="P24_ST00187" HPOS="866" VPOS="439" WIDTH="49" HEIGHT="32" CONTENT="111." WC="0.44" CC="3764"/>
					</TextLine>
				</TextBlock>
				<TextBlock ID="P24_TB00005" HPOS="242" VPOS="1419" WIDTH="651" HEIGHT="43" STYLEREFS="TXT_2 PAR_LEFT">
					<TextLine ID="P24_TL00026" HPOS="244" VPOS="1419" WIDTH="649" HEIGHT="33">
						<String ID="P24_ST00188" HPOS="244" VPOS="1419" WIDTH="54" HEIGHT="25" CONTENT="der" WC="0.94" CC="365"/>
						<SP ID="P24_SP00163" HPOS="298" VPOS="1444" WIDTH="20"/>
						<String ID="P24_ST00189" HPOS="318" VPOS="1419" WIDTH="235" HEIGHT="28" CONTENT="Intellektuellen" WC="0.99" CC="060067407707067"/>
						<SP ID="P24_SP00164" HPOS="553" VPOS="1447" WIDTH="20"/>
						<String ID="P24_ST00190" HPOS="573" VPOS="1419" WIDTH="31" HEIGHT="29" CONTENT="in" WC="0.63" CC="07"/>
						<SP ID="P24_SP00165" HPOS="604" VPOS="1448" WIDTH="21"/>
						<String ID="P24_ST00191" HPOS="625" VPOS="1419" WIDTH="53" HEIGHT="30" CONTENT="der" WC="0.95" CC="076"/>
						<SP ID="P24_SP00166" HPOS="678" VPOS="1449" WIDTH="20"/>
						<String ID="P24_ST00192" HPOS="698" VPOS="1419" WIDTH="195" HEIGHT="33" CONTENT="Revolution/" WC="0.99" CC="00077702539"/>
					</TextLine>
				</TextBlock>
				<TextBlock ID="P24_TB00006" HPOS="955" VPOS="1419" WIDTH="479" HEIGHT="43" STYLEREFS="TXT_2 PAR_RIGHT">
					<TextLine ID="P24_TL00027" HPOS="959" VPOS="1423" WIDTH="472" HEIGHT="39">
						<String ID="P24_ST00193" HPOS="959" VPOS="1423" WIDTH="41" HEIGHT="30" CONTENT="Es" WC="0.79" CC="40"/>
						<SP ID="P24_SP00167" HPOS="1000" VPOS="1453" WIDTH="21"/>
						<String ID="P24_ST00194" HPOS="1021" VPOS="1424" WIDTH="106" HEIGHT="32" CONTENT="bedarf" WC="0.97" CC="726557"/>
						<SP ID="P24_SP00168" HPOS="1127" VPOS="1456" WIDTH="21"/>
						<String ID="P24_ST00195" HPOS="1148" VPOS="1426" WIDTH="99" HEIGHT="32" CONTENT="keines" WC="0.99" CC="402710"/>
						<SP ID="P24_SP00169" HPOS="1247" VPOS="1458" WIDTH="23"/>
						<String ID="P24_ST00196" HPOS="1270" VPOS="1428" WIDTH="161" HEIGHT="34" CONTENT="Beweises," WC="0.99" CC="660030004"/>
					</TextLine>
				</TextBlock>
				<TextBlock ID="P24_TB00007" HPOS="237" VPOS="1463" WIDTH="1196" HEIGHT="639" STYLEREFS="TXT_2 PAR_BLOCK">
					<TextLine ID="P24_TL00028" HPOS="243" VPOS="1463" WIDTH="1187" HEIGHT="42">
						<String ID="P24_ST00197" HPOS="243" VPOS="1463" WIDTH="61" HEIGHT="26" CONTENT="daß" WC="0.96" CC="740"/>
						<SP ID="P24_SP00170" HPOS="304" VPOS="1489" WIDTH="19"/>
						<String ID="P24_ST00198" HPOS="323" VPOS="1463" WIDTH="56" HEIGHT="28" CONTENT="der" WC="0.97" CC="600"/>
						<SP ID="P24_SP00171" HPOS="379" VPOS="1491" WIDTH="16"/>
						<String ID="P24_ST00199" HPOS="395" VPOS="1463" WIDTH="212" HEIGHT="31" CONTENT="Intellektuelle" WC="0.99" CC="65727637660260"/>
						<SP ID="P24_SP00172" HPOS="607" VPOS="1494" WIDTH="19"/>
						<String ID="P24_ST00200" HPOS="626" VPOS="1465" WIDTH="113" HEIGHT="30" CONTENT="seinem" WC="0.98" CC="051706"/>
						<SP ID="P24_SP00173" HPOS="739" VPOS="1495" WIDTH="22"/>
						<String ID="P24_ST00201" HPOS="761" VPOS="1466" WIDTH="111" HEIGHT="31" CONTENT="Wesen" WC="0.99" CC="70000"/>
						<SP ID="P24_SP00174" HPOS="872" VPOS="1497" WIDTH="20"/>
						<String ID="P24_ST00202" HPOS="892" VPOS="1468" WIDTH="65" HEIGHT="30" CONTENT="und" WC="0.97" CC="701"/>
						<SP ID="P24_SP00175" HPOS="957" VPOS="1498" WIDTH="19"/>
						<String ID="P24_ST00203" HPOS="976" VPOS="1470" WIDTH="99" HEIGHT="30" CONTENT="seiner" WC="0.97" CC="253735"/>
						<SP ID="P24_SP00176" HPOS="1075" VPOS="1500" WIDTH="20"/>
						<String ID="P24_ST00204" HPOS="1095" VPOS="1471" WIDTH="224" HEIGHT="32" CONTENT="traditionellen" WC="0.99" CC="02490067447556"/>
						<SP ID="P24_SP00177" HPOS="1319" VPOS="1503" WIDTH="21"/>
						<String ID="P24_ST00205" HPOS="1340" VPOS="1475" WIDTH="72" HEIGHT="30" CONTENT="Welt" SUBS_TYPE="HypPart1" SUBS_CONTENT="Weltanschauung" WC="0.96" CC="6677"/>
						<HYP HPOS="1412" VPOS="1475" WIDTH="18" CONTENT="-"/>
					</TextLine>
					<TextLine ID="P24_TL00029" HPOS="242" VPOS="1506" WIDTH="1191" HEIGHT="51">
						<String ID="P24_ST00206" HPOS="242" VPOS="1506" WIDTH="202" HEIGHT="39" CONTENT="anschauung" SUBS_TYPE="HypPart2" SUBS_CONTENT="Weltanschauung" WC="0.98" CC="6904367777"/>
						<SP ID="P24_SP00178" HPOS="444" VPOS="1545" WIDTH="20"/>
						<String ID="P24_ST00207" HPOS="464" VPOS="1508" WIDTH="77" HEIGHT="30" CONTENT="nach" WC="0.95" CC="7456"/>
						<SP ID="P24_SP00179" HPOS="541" VPOS="1545" WIDTH="23"/>
						<String ID="P24_ST00208" HPOS="564" VPOS="1518" WIDTH="56" HEIGHT="21" CONTENT="zur" WC="0.97" CC="070"/>
						<SP ID="P24_SP00180" HPOS="620" VPOS="1545" WIDTH="19"/>
						<String ID="P24_ST00209" HPOS="639" VPOS="1510" WIDTH="203" HEIGHT="38" CONTENT="Bourgeoisie" WC="0.99" CC="57679133001"/>
						<SP ID="P24_SP00181" HPOS="842" VPOS="1548" WIDTH="17"/>
						<String ID="P24_ST00210" HPOS="859" VPOS="1513" WIDTH="120" HEIGHT="37" CONTENT="gehört." WC="0.99" CC="0230404"/>
						<SP ID="P24_SP00182" HPOS="979" VPOS="1550" WIDTH="40"/>
						<String ID="P24_ST00211" HPOS="1019" VPOS="1515" WIDTH="100" HEIGHT="31" CONTENT="Wenn" WC="0.96" CC="0577"/>
						<SP ID="P24_SP00183" HPOS="1119" VPOS="1550" WIDTH="19"/>
						<String ID="P24_ST00212" HPOS="1138" VPOS="1526" WIDTH="33" HEIGHT="20" CONTENT="er" WC="0.63" CC="24"/>
						<SP ID="P24_SP00184" HPOS="1171" VPOS="1550" WIDTH="17"/>
						<String ID="P24_ST00213" HPOS="1188" VPOS="1518" WIDTH="152" HEIGHT="30" CONTENT="trotzdem" WC="0.99" CC="06000070"/>
						<SP ID="P24_SP00185" HPOS="1340" VPOS="1550" WIDTH="21"/>
						<String ID="P24_ST00214" HPOS="1361" VPOS="1520" WIDTH="72" HEIGHT="37" CONTENT="(vor" WC="0.96" CC="7066"/>
					</TextLine>
					<TextLine ID="P24_TL00030" HPOS="242" VPOS="1550" WIDTH="1186" HEIGHT="50">
						<String ID="P24_ST00215" HPOS="242" VPOS="1550" WIDTH="87" HEIGHT="31" CONTENT="allem" WC="0.98" CC="07700"/>
						<SP ID="P24_SP00186" HPOS="329" VPOS="1581" WIDTH="26"/>
						<String ID="P24_ST00216" HPOS="355" VPOS="1551" WIDTH="222" HEIGHT="41" CONTENT="Journalisten," WC="0.99" CC="0775755430003"/>
						<SP ID="P24_SP00187" HPOS="577" VPOS="1592" WIDTH="28"/>
						<String ID="P24_ST00217" HPOS="605" VPOS="1555" WIDTH="194" HEIGHT="40" CONTENT="Philologen," WC="0.99" CC="30066700173"/>
						<SP ID="P24_SP00188" HPOS="799" VPOS="1595" WIDTH="28"/>
						<String ID="P24_ST00218" HPOS="827" VPOS="1558" WIDTH="241" HEIGHT="33" CONTENT="Rechtsanwälte" WC="0.99" CC="7076600601760"/>
						<SP ID="P24_SP00189" HPOS="1068" VPOS="1595" WIDTH="29"/>
						<String ID="P24_ST00219" HPOS="1097" VPOS="1563" WIDTH="91" HEIGHT="37" CONTENT="usw.)" WC="0.47" CC="69640"/>
						<SP ID="P24_SP00190" HPOS="1188" VPOS="1600" WIDTH="38"/>
						<String ID="P24_ST00220" HPOS="1226" VPOS="1565" WIDTH="89" HEIGHT="30" CONTENT="meist" WC="0.99" CC="03040"/>
						<SP ID="P24_SP00191" HPOS="1315" VPOS="1600" WIDTH="25"/>
						<String ID="P24_ST00221" HPOS="1340" VPOS="1565" WIDTH="88" HEIGHT="30" CONTENT="leicht" WC="0.98" CC="405507"/>
					</TextLine>
					<TextLine ID="P24_TL00031" HPOS="242" VPOS="1596" WIDTH="1186" HEIGHT="53">
						<String ID="P24_ST00222" HPOS="242" VPOS="1596" WIDTH="143" HEIGHT="39" CONTENT="Eingang" WC="0.98" CC="6470670"/>
						<SP ID="P24_SP00192" HPOS="385" VPOS="1635" WIDTH="22"/>
						<String ID="P24_ST00223" HPOS="407" VPOS="1599" WIDTH="31" HEIGHT="29" CONTENT="in" WC="0.55" CC="17"/>
						<SP ID="P24_SP00193" HPOS="438" VPOS="1635" WIDTH="28"/>
						<String ID="P24_ST00224" HPOS="466" VPOS="1598" WIDTH="48" HEIGHT="30" CONTENT="die" WC="1.00" CC="000"/>
						<SP ID="P24_SP00194" HPOS="514" VPOS="1635" WIDTH="25"/>
						<String ID="P24_ST00225" HPOS="539" VPOS="1600" WIDTH="247" HEIGHT="32" CONTENT="revolutionären" WC="0.99" CC="51066660570506"/>
						<SP ID="P24_SP00195" HPOS="786" VPOS="1635" WIDTH="26"/>
						<String ID="P24_ST00226" HPOS="812" VPOS="1602" WIDTH="137" HEIGHT="32" CONTENT="Parteien" WC="0.98" CC="63670047"/>
						<SP ID="P24_SP00196" HPOS="949" VPOS="1635" WIDTH="26"/>
						<String ID="P24_ST00227" HPOS="975" VPOS="1605" WIDTH="105" HEIGHT="40" CONTENT="findet," WC="0.99" CC="6600003"/>
						<SP ID="P24_SP00197" HPOS="1080" VPOS="1645" WIDTH="26"/>
						<String ID="P24_ST00228" HPOS="1106" VPOS="1607" WIDTH="30" HEIGHT="38" CONTENT="ja" WC="0.58" CC="52"/>
						<SP ID="P24_SP00198" HPOS="1136" VPOS="1645" WIDTH="24"/>
						<String ID="P24_ST00229" HPOS="1160" VPOS="1617" WIDTH="97" HEIGHT="29" CONTENT="sogar" WC="0.98" CC="56022"/>
						<SP ID="P24_SP00199" HPOS="1257" VPOS="1646" WIDTH="26"/>
						<String ID="P24_ST00230" HPOS="1283" VPOS="1611" WIDTH="125" HEIGHT="38" CONTENT="maßgeb" SUBS_TYPE="HypPart1" SUBS_CONTENT="maßgebliche" WC="0.98" CC="500907"/>
						<HYP HPOS="1408" VPOS="1611" WIDTH="20" CONTENT="-"/>
					</TextLine>
					<TextLine ID="P24_TL00032" HPOS="241" VPOS="1641" WIDTH="1186" HEIGHT="51">
						<String ID="P24_ST00231" HPOS="241" VPOS="1641" WIDTH="77" HEIGHT="31" CONTENT="liche" SUBS_TYPE="HypPart2" SUBS_CONTENT="maßgebliche" WC="0.96" CC="67760"/>
						<SP ID="P24_SP00200" HPOS="318" VPOS="1672" WIDTH="25"/>
						<String ID="P24_ST00232" HPOS="343" VPOS="1642" WIDTH="192" HEIGHT="32" CONTENT="Funktionen" WC="0.99" CC="3750044700"/>
						<SP ID="P24_SP00201" HPOS="535" VPOS="1674" WIDTH="30"/>
						<String ID="P24_ST00233" HPOS="565" VPOS="1645" WIDTH="88" HEIGHT="30" CONTENT="darin" WC="0.98" CC="00236"/>
						<SP ID="P24_SP00202" HPOS="653" VPOS="1675" WIDTH="29"/>
						<String ID="P24_ST00234" HPOS="682" VPOS="1647" WIDTH="121" HEIGHT="40" CONTENT="ausübt," WC="0.99" CC="2600503"/>
						<SP ID="P24_SP00203" HPOS="803" VPOS="1687" WIDTH="29"/>
						<String ID="P24_ST00235" HPOS="832" VPOS="1657" WIDTH="36" HEIGHT="21" CONTENT="so" WC="0.56" CC="80"/>
						<SP ID="P24_SP00204" HPOS="868" VPOS="1687" WIDTH="30"/>
						<String ID="P24_ST00236" HPOS="898" VPOS="1649" WIDTH="72" HEIGHT="39" CONTENT="liegt" WC="0.99" CC="60000"/>
						<SP ID="P24_SP00205" HPOS="970" VPOS="1688" WIDTH="29"/>
						<String ID="P24_ST00237" HPOS="999" VPOS="1661" WIDTH="31" HEIGHT="21" CONTENT="es" WC="0.76" CC="04"/>
						<SP ID="P24_SP00206" HPOS="1030" VPOS="1688" WIDTH="30"/>
						<String ID="P24_ST00238" HPOS="1060" VPOS="1652" WIDTH="106" HEIGHT="40" CONTENT="daran," WC="0.98" CC="055073"/>
						<SP ID="P24_SP00207" HPOS="1166" VPOS="1692" WIDTH="31"/>
						<String ID="P24_ST00239" HPOS="1197" VPOS="1654" WIDTH="61" HEIGHT="30" CONTENT="daß" WC="0.96" CC="063"/>
						<SP ID="P24_SP00208" HPOS="1258" VPOS="1692" WIDTH="29"/>
						<String ID="P24_ST00240" HPOS="1287" VPOS="1665" WIDTH="70" HEIGHT="20" CONTENT="man" WC="0.95" CC="067"/>
						<SP ID="P24_SP00209" HPOS="1357" VPOS="1692" WIDTH="30"/>
						<String ID="P24_ST00241" HPOS="1387" VPOS="1659" WIDTH="40" HEIGHT="28" CONTENT="im" WC="0.37" CC="65"/>
					</TextLine>
					<TextLine ID="P24_TL00033" HPOS="240" VPOS="1686" WIDTH="1187" HEIGHT="55">
						<String ID="P24_ST00242" HPOS="240" VPOS="1686" WIDTH="110" HEIGHT="39" CONTENT="Kampf" WC="0.98" CC="60137"/>
						<SP ID="P24_SP00210" HPOS="350" VPOS="1725" WIDTH="22"/>
						<String ID="P24_ST00243" HPOS="372" VPOS="1689" WIDTH="54" HEIGHT="30" CONTENT="mit" WC="0.99" CC="030"/>
						<SP ID="P24_SP00211" HPOS="426" VPOS="1725" WIDTH="30"/>
						<String ID="P24_ST00244" HPOS="456" VPOS="1689" WIDTH="53" HEIGHT="30" CONTENT="der" WC="0.97" CC="053"/>
						<SP ID="P24_SP00212" HPOS="509" VPOS="1725" WIDTH="27"/>
						<String ID="P24_ST00245" HPOS="536" VPOS="1690" WIDTH="202" HEIGHT="39" CONTENT="Bourgeoisie" WC="0.99" CC="61569074020"/>
						<SP ID="P24_SP00213" HPOS="738" VPOS="1729" WIDTH="25"/>
						<String ID="P24_ST00246" HPOS="763" VPOS="1693" WIDTH="76" HEIGHT="31" CONTENT="eben" WC="0.97" CC="6007"/>
						<SP ID="P24_SP00214" HPOS="839" VPOS="1729" WIDTH="27"/>
						<String ID="P24_ST00247" HPOS="866" VPOS="1695" WIDTH="57" HEIGHT="30" CONTENT="alle" WC="0.97" CC="4073"/>
						<SP ID="P24_SP00215" HPOS="923" VPOS="1729" WIDTH="25"/>
						<String ID="P24_ST00248" HPOS="948" VPOS="1696" WIDTH="312" HEIGHT="38" CONTENT="Kriegsinstrumente" WC="1.00" CC="47410007006707000"/>
						<SP ID="P24_SP00216" HPOS="1260" VPOS="1734" WIDTH="26"/>
						<String ID="P24_ST00249" HPOS="1286" VPOS="1701" WIDTH="141" HEIGHT="40" CONTENT="braucht," WC="0.98" CC="07270764"/>
					</TextLine>
					<TextLine ID="P24_TL00034" HPOS="238" VPOS="1729" WIDTH="1189" HEIGHT="51">
						<String ID="P24_ST00250" HPOS="238" VPOS="1732" WIDTH="48" HEIGHT="30" CONTENT="die" WC="0.93" CC="972"/>
						<SP ID="P24_SP00217" HPOS="286" VPOS="1762" WIDTH="17"/>
						<String ID="P24_ST00251" HPOS="303" VPOS="1733" WIDTH="81" HEIGHT="31" CONTENT="diese" WC="0.99" CC="06001"/>
						<SP ID="P24_SP00218" HPOS="384" VPOS="1764" WIDTH="17"/>
						<String ID="P24_ST00252" HPOS="401" VPOS="1735" WIDTH="163" HEIGHT="31" CONTENT="anwendet" WC="0.99" CC="57015005"/>
						<SP ID="P24_SP00219" HPOS="564" VPOS="1766" WIDTH="75"/>
						<String ID="P24_ST00253" HPOS="639" VPOS="1738" WIDTH="66" HEIGHT="29" CONTENT="also" WC="0.98" CC="4700"/>
						<SP ID="P24_SP00220" HPOS="705" VPOS="1767" WIDTH="20"/>
						<String ID="P24_ST00254" HPOS="725" VPOS="1739" WIDTH="78" HEIGHT="30" CONTENT="auch" WC="0.96" CC="6606"/>
						<SP ID="P24_SP00221" HPOS="803" VPOS="1769" WIDTH="22"/>
						<String ID="P24_ST00255" HPOS="825" VPOS="1740" WIDTH="48" HEIGHT="30" CONTENT="die" WC="0.97" CC="440"/>
						<SP ID="P24_SP00222" HPOS="873" VPOS="1770" WIDTH="19"/>
						<String ID="P24_ST00256" HPOS="892" VPOS="1741" WIDTH="195" HEIGHT="39" CONTENT="Fähigkeiten" WC="0.99" CC="40009012607"/>
						<SP ID="P24_SP00223" HPOS="1087" VPOS="1780" WIDTH="21"/>
						<String ID="P24_ST00257" HPOS="1108" VPOS="1744" WIDTH="54" HEIGHT="30" CONTENT="der" WC="1.00" CC="000"/>
						<SP ID="P24_SP00224" HPOS="1162" VPOS="1780" WIDTH="19"/>
						<String ID="P24_ST00258" HPOS="1181" VPOS="1729" WIDTH="246" HEIGHT="49" CONTENT="Intellektuellen'" WC="0.99" CC="5600360006067208"/>
					</TextLine>
					<TextLine ID="P24_TL00035" HPOS="238" VPOS="1778" WIDTH="1185" HEIGHT="52">
						<String ID="P24_ST00259" HPOS="238" VPOS="1778" WIDTH="64" HEIGHT="32" CONTENT="Der" WC="0.94" CC="725"/>
						<SP ID="P24_SP00225" HPOS="302" VPOS="1810" WIDTH="13"/>
						<String ID="P24_ST00260" HPOS="315" VPOS="1779" WIDTH="234" HEIGHT="40" CONTENT="Klassenkampf" WC="0.99" CC="566000701057"/>
						<SP ID="P24_SP00226" HPOS="549" VPOS="1819" WIDTH="15"/>
						<String ID="P24_ST00261" HPOS="564" VPOS="1783" WIDTH="40" HEIGHT="29" CONTENT="ist" WC="0.96" CC="406"/>
						<SP ID="P24_SP00227" HPOS="604" VPOS="1819" WIDTH="15"/>
						<String ID="P24_ST00262" HPOS="619" VPOS="1783" WIDTH="30" HEIGHT="37" CONTENT="ja" WC="0.82" CC="30"/>
						<SP ID="P24_SP00228" HPOS="649" VPOS="1820" WIDTH="16"/>
						<String ID="P24_ST00263" HPOS="665" VPOS="1784" WIDTH="85" HEIGHT="30" CONTENT="keine" WC="0.99" CC="20070"/>
						<SP ID="P24_SP00229" HPOS="750" VPOS="1820" WIDTH="16"/>
						<String ID="P24_ST00264" HPOS="766" VPOS="1785" WIDTH="143" HEIGHT="41" CONTENT="Hauerei," WC="0.99" CC="60745002"/>
						<SP ID="P24_SP00230" HPOS="909" VPOS="1826" WIDTH="18"/>
						<String ID="P24_ST00265" HPOS="927" VPOS="1788" WIDTH="137" HEIGHT="30" CONTENT="sondern" WC="0.99" CC="0060266"/>
						<SP ID="P24_SP00231" HPOS="1064" VPOS="1826" WIDTH="19"/>
						<String ID="P24_ST00266" HPOS="1083" VPOS="1799" WIDTH="36" HEIGHT="20" CONTENT="so" WC="0.75" CC="04"/>
						<SP ID="P24_SP00232" HPOS="1119" VPOS="1826" WIDTH="19"/>
						<String ID="P24_ST00267" HPOS="1138" VPOS="1790" WIDTH="203" HEIGHT="40" CONTENT="vielgestaltig" WC="0.99" CC="0007031016029"/>
						<SP ID="P24_SP00233" HPOS="1341" VPOS="1830" WIDTH="20"/>
						<String ID="P24_ST00268" HPOS="1361" VPOS="1794" WIDTH="62" HEIGHT="29" CONTENT="und" WC="0.93" CC="775"/>
					</TextLine>
					<TextLine ID="P24_TL00036" HPOS="238" VPOS="1823" WIDTH="1187" HEIGHT="50">
						<String ID="P24_ST00269" HPOS="238" VPOS="1823" WIDTH="200" HEIGHT="41" CONTENT="kompliziert," WC="0.99" CC="770066250004"/>
						<SP ID="P24_SP00234" HPOS="438" VPOS="1864" WIDTH="22"/>
						<String ID="P24_ST00270" HPOS="460" VPOS="1826" WIDTH="59" HEIGHT="30" CONTENT="wie" WC="0.99" CC="002"/>
						<SP ID="P24_SP00235" HPOS="519" VPOS="1864" WIDTH="22"/>
						<String ID="P24_ST00271" HPOS="541" VPOS="1836" WIDTH="60" HEIGHT="22" CONTENT="nur" WC="0.92" CC="766"/>
						<SP ID="P24_SP00236" HPOS="601" VPOS="1864" WIDTH="20"/>
						<String ID="P24_ST00272" HPOS="621" VPOS="1829" WIDTH="29" HEIGHT="37" CONTENT="je" WC="0.82" CC="30"/>
						<SP ID="P24_SP00237" HPOS="650" VPOS="1866" WIDTH="22"/>
						<String ID="P24_ST00273" HPOS="672" VPOS="1830" WIDTH="48" HEIGHT="29" CONTENT="ein" WC="0.97" CC="007"/>
						<SP ID="P24_SP00238" HPOS="720" VPOS="1866" WIDTH="23"/>
						<String ID="P24_ST00274" HPOS="743" VPOS="1831" WIDTH="163" HEIGHT="31" CONTENT="moderner" WC="0.99" CC="05006702"/>
						<SP ID="P24_SP00239" HPOS="906" VPOS="1866" WIDTH="23"/>
						<String ID="P24_ST00275" HPOS="929" VPOS="1833" WIDTH="103" HEIGHT="39" CONTENT="Krieg." WC="0.97" CC="576094"/>
						<SP ID="P24_SP00240" HPOS="1032" VPOS="1872" WIDTH="45"/>
						<String ID="P24_ST00276" HPOS="1077" VPOS="1835" WIDTH="231" HEIGHT="38" CONTENT="Unbegreiflich" WC="0.99" CC="3774952077367"/>
						<SP ID="P24_SP00241" HPOS="1308" VPOS="1873" WIDTH="23"/>
						<String ID="P24_ST00277" HPOS="1331" VPOS="1839" WIDTH="94" HEIGHT="29" CONTENT="bleibt" WC="0.97" CC="766565"/>
					</TextLine>
					<TextLine ID="P24_TL00037" HPOS="237" VPOS="1869" WIDTH="1187" HEIGHT="53">
						<String ID="P24_ST00278" HPOS="237" VPOS="1869" WIDTH="81" HEIGHT="39" CONTENT="aber," WC="0.98" CC="70054"/>
						<SP ID="P24_SP00242" HPOS="318" VPOS="1908" WIDTH="15"/>
						<String ID="P24_ST00279" HPOS="333" VPOS="1872" WIDTH="97" HEIGHT="29" CONTENT="wieso" WC="0.99" CC="07002"/>
						<SP ID="P24_SP00243" HPOS="430" VPOS="1908" WIDTH="19"/>
						<String ID="P24_ST00280" HPOS="449" VPOS="1881" WIDTH="71" HEIGHT="21" CONTENT="man" WC="1.00" CC="000"/>
						<SP ID="P24_SP00244" HPOS="520" VPOS="1908" WIDTH="21"/>
						<String ID="P24_ST00281" HPOS="541" VPOS="1873" WIDTH="57" HEIGHT="30" CONTENT="den" WC="0.97" CC="206"/>
						<SP ID="P24_SP00245" HPOS="598" VPOS="1908" WIDTH="20"/>
						<String ID="P24_ST00282" HPOS="618" VPOS="1874" WIDTH="234" HEIGHT="32" CONTENT="Intellektuellen" WC="0.99" CC="260066607705506"/>
						<SP ID="P24_SP00246" HPOS="852" VPOS="1908" WIDTH="18"/>
						<String ID="P24_ST00283" HPOS="870" VPOS="1879" WIDTH="137" HEIGHT="37" CONTENT="weniger" WC="0.99" CC="0001052"/>
						<SP ID="P24_SP00247" HPOS="1007" VPOS="1916" WIDTH="19"/>
						<String ID="P24_ST00284" HPOS="1026" VPOS="1879" WIDTH="122" HEIGHT="39" CONTENT="Skepsis" WC="0.99" CC="0050830"/>
						<SP ID="P24_SP00248" HPOS="1148" VPOS="1918" WIDTH="18"/>
						<String ID="P24_ST00285" HPOS="1166" VPOS="1883" WIDTH="258" HEIGHT="39" CONTENT="entgegenbringt" WC="0.99" CC="27015940064707"/>
					</TextLine>
					<TextLine ID="P24_TL00038" HPOS="238" VPOS="1914" WIDTH="1185" HEIGHT="50">
						<String ID="P24_ST00286" HPOS="238" VPOS="1914" WIDTH="44" HEIGHT="29" CONTENT="als" WC="0.95" CC="670"/>
						<SP ID="P24_SP00249" HPOS="282" VPOS="1943" WIDTH="15"/>
						<String ID="P24_ST00287" HPOS="297" VPOS="1918" WIDTH="79" HEIGHT="28" CONTENT="etwa" WC="0.97" CC="2009"/>
						<SP ID="P24_SP00250" HPOS="376" VPOS="1946" WIDTH="17"/>
						<String ID="P24_ST00288" HPOS="393" VPOS="1916" WIDTH="58" HEIGHT="30" CONTENT="den" WC="0.96" CC="027"/>
						<SP ID="P24_SP00251" HPOS="451" VPOS="1946" WIDTH="22"/>
						<String ID="P24_ST00289" HPOS="473" VPOS="1917" WIDTH="132" HEIGHT="31" CONTENT="Militärs" WC="0.99" CC="04760000"/>
						<SP ID="P24_SP00252" HPOS="605" VPOS="1948" WIDTH="21"/>
						<String ID="P24_ST00290" HPOS="626" VPOS="1920" WIDTH="63" HEIGHT="30" CONTENT="und" WC="0.95" CC="705"/>
						<SP ID="P24_SP00253" HPOS="689" VPOS="1950" WIDTH="21"/>
						<String ID="P24_ST00291" HPOS="710" VPOS="1920" WIDTH="59" HEIGHT="32" CONTENT="den" WC="0.97" CC="700"/>
						<SP ID="P24_SP00254" HPOS="769" VPOS="1952" WIDTH="20"/>
						<String ID="P24_ST00292" HPOS="789" VPOS="1922" WIDTH="144" HEIGHT="31" CONTENT="Beamten" WC="0.99" CC="6003000"/>
						<SP ID="P24_SP00255" HPOS="933" VPOS="1953" WIDTH="22"/>
						<String ID="P24_ST00293" HPOS="955" VPOS="1924" WIDTH="54" HEIGHT="31" CONTENT="der" WC="0.96" CC="036"/>
						<SP ID="P24_SP00256" HPOS="1009" VPOS="1955" WIDTH="20"/>
						<String ID="P24_ST00294" HPOS="1029" VPOS="1926" WIDTH="213" HEIGHT="38" CONTENT="Bourgeoisie." WC="0.98" CC="396390769404"/>
						<SP ID="P24_SP00257" HPOS="1242" VPOS="1964" WIDTH="44"/>
						<String ID="P24_ST00295" HPOS="1286" VPOS="1929" WIDTH="47" HEIGHT="30" CONTENT="Sie" WC="0.98" CC="003"/>
						<SP ID="P24_SP00258" HPOS="1333" VPOS="1964" WIDTH="20"/>
						<String ID="P24_ST00296" HPOS="1353" VPOS="1930" WIDTH="70" HEIGHT="30" CONTENT="sind" WC="0.98" CC="0470"/>
					</TextLine>
					<TextLine ID="P24_TL00039" HPOS="238" VPOS="1959" WIDTH="1185" HEIGHT="47">
						<String ID="P24_ST00297" HPOS="238" VPOS="1959" WIDTH="77" HEIGHT="31" CONTENT="doch" WC="0.94" CC="9657"/>
						<SP ID="P24_SP00259" HPOS="315" VPOS="1990" WIDTH="23"/>
						<String ID="P24_ST00298" HPOS="338" VPOS="1962" WIDTH="31" HEIGHT="30" CONTENT="in" WC="0.65" CC="07"/>
						<SP ID="P24_SP00260" HPOS="369" VPOS="1992" WIDTH="23"/>
						<String ID="P24_ST00299" HPOS="392" VPOS="1962" WIDTH="134" HEIGHT="37" CONTENT="gleicher" WC="0.99" CC="97004005"/>
						<SP ID="P24_SP00261" HPOS="526" VPOS="1999" WIDTH="24"/>
						<String ID="P24_ST00300" HPOS="550" VPOS="1964" WIDTH="101" HEIGHT="31" CONTENT="Weise" WC="1.00" CC="00000"/>
						<SP ID="P24_SP00262" HPOS="651" VPOS="1999" WIDTH="25"/>
						<String ID="P24_ST00301" HPOS="676" VPOS="1966" WIDTH="258" HEIGHT="38" CONTENT="Repräsentanten" WC="0.99" CC="70010006027057"/>
						<SP ID="P24_SP00263" HPOS="934" VPOS="2004" WIDTH="38"/>
						<String ID="P24_ST00302" HPOS="972" VPOS="1970" WIDTH="54" HEIGHT="30" CONTENT="der" WC="0.98" CC="006"/>
						<SP ID="P24_SP00264" HPOS="1026" VPOS="2004" WIDTH="35"/>
						<String ID="P24_ST00303" HPOS="1061" VPOS="1971" WIDTH="226" HEIGHT="32" CONTENT="herrschenden" WC="1.00" CC="006002600007"/>
						<SP ID="P24_SP00265" HPOS="1287" VPOS="2004" WIDTH="28"/>
						<String ID="P24_ST00304" HPOS="1315" VPOS="1974" WIDTH="108" HEIGHT="32" CONTENT="Klasse" WC="0.98" CC="061290"/>
					</TextLine>
					<TextLine ID="P24_TL00040" HPOS="238" VPOS="2004" WIDTH="1183" HEIGHT="54">
						<String ID="P24_ST00305" HPOS="238" VPOS="2004" WIDTH="101" HEIGHT="35" CONTENT="(wenn" WC="0.96" CC="94377"/>
						<SP ID="P24_SP00266" HPOS="339" VPOS="2039" WIDTH="21"/>
						<String ID="P24_ST00306" HPOS="360" VPOS="2008" WIDTH="77" HEIGHT="29" CONTENT="auch" WC="0.96" CC="5750"/>
						<SP ID="P24_SP00267" HPOS="437" VPOS="2039" WIDTH="24"/>
						<String ID="P24_ST00307" HPOS="461" VPOS="2008" WIDTH="158" HEIGHT="40" CONTENT="abhängig" WC="0.97" CC="77737969"/>
						<SP ID="P24_SP00268" HPOS="619" VPOS="2048" WIDTH="22"/>
						<String ID="P24_ST00308" HPOS="641" VPOS="2020" WIDTH="62" HEIGHT="21" CONTENT="von" WC="0.96" CC="047"/>
						<SP ID="P24_SP00269" HPOS="703" VPOS="2048" WIDTH="23"/>
						<String ID="P24_ST00309" HPOS="726" VPOS="2013" WIDTH="49" HEIGHT="29" CONTENT="ihr" WC="1.00" CC="001"/>
						<SP ID="P24_SP00270" HPOS="775" VPOS="2048" WIDTH="23"/>
						<String ID="P24_ST00310" HPOS="798" VPOS="2014" WIDTH="64" HEIGHT="29" CONTENT="und" WC="0.92" CC="766"/>
						<SP ID="P24_SP00271" HPOS="862" VPOS="2048" WIDTH="23"/>
						<String ID="P24_ST00311" HPOS="885" VPOS="2014" WIDTH="106" HEIGHT="39" CONTENT="häufig" WC="0.98" CC="707640"/>
						<SP ID="P24_SP00272" HPOS="991" VPOS="2053" WIDTH="23"/>
						<String ID="P24_ST00312" HPOS="1014" VPOS="2017" WIDTH="84" HEIGHT="31" CONTENT="recht" WC="0.97" CC="51660"/>
						<SP ID="P24_SP00273" HPOS="1098" VPOS="2053" WIDTH="22"/>
						<String ID="P24_ST00313" HPOS="1120" VPOS="2018" WIDTH="135" HEIGHT="30" CONTENT="schlecht" WC="0.99" CC="04630066"/>
						<SP ID="P24_SP00274" HPOS="1255" VPOS="2053" WIDTH="22"/>
						<String ID="P24_ST00314" HPOS="1277" VPOS="2019" WIDTH="144" HEIGHT="39" CONTENT="bezahlt)." WC="0.98" CC="745077654"/>
					</TextLine>
					<TextLine ID="P24_TL00041" HPOS="238" VPOS="2049" WIDTH="1182" HEIGHT="52">
						<String ID="P24_ST00315" HPOS="238" VPOS="2049" WIDTH="39" HEIGHT="30" CONTENT="Es" WC="0.26" CC="77"/>
						<SP ID="P24_SP00275" HPOS="277" VPOS="2079" WIDTH="19"/>
						<String ID="P24_ST00316" HPOS="296" VPOS="2052" WIDTH="66" HEIGHT="35" CONTENT="gibt" WC="0.98" CC="0270"/>
						<SP ID="P24_SP00276" HPOS="362" VPOS="2087" WIDTH="18"/>
						<String ID="P24_ST00317" HPOS="380" VPOS="2062" WIDTH="58" HEIGHT="22" CONTENT="nur" WC="0.92" CC="675"/>
						<SP ID="P24_SP00277" HPOS="438" VPOS="2087" WIDTH="21"/>
						<String ID="P24_ST00318" HPOS="459" VPOS="2055" WIDTH="65" HEIGHT="30" CONTENT="eine" WC="0.97" CC="0570"/>
						<SP ID="P24_SP00278" HPOS="524" VPOS="2087" WIDTH="21"/>
						<String ID="P24_ST00319" HPOS="545" VPOS="2056" WIDTH="172" HEIGHT="39" CONTENT="Erklärung" WC="0.98" CC="670604609"/>
						<SP ID="P24_SP00279" HPOS="717" VPOS="2095" WIDTH="22"/>
						<String ID="P24_ST00320" HPOS="739" VPOS="2058" WIDTH="103" HEIGHT="31" CONTENT="dafür:" WC="0.98" CC="117064"/>
						<SP ID="P24_SP00280" HPOS="842" VPOS="2095" WIDTH="21"/>
						<String ID="P24_ST00321" HPOS="863" VPOS="2060" WIDTH="57" HEIGHT="29" CONTENT="Die" WC="0.96" CC="560"/>
						<SP ID="P24_SP00281" HPOS="920" VPOS="2095" WIDTH="19"/>
						<String ID="P24_ST00322" HPOS="939" VPOS="2063" WIDTH="279" HEIGHT="38" CONTENT="westeuropäische" WC="0.99" CC="000617650200470"/>
						<SP ID="P24_SP00282" HPOS="1218" VPOS="2101" WIDTH="21"/>
						<String ID="P24_ST00323" HPOS="1239" VPOS="2064" WIDTH="181" HEIGHT="32" CONTENT="Revolution" WC="0.99" CC="0407070667"/>
					</TextLine>
				</TextBlock>
				<TextBlock ID="P24_TB00008" HPOS="893" VPOS="1421" WIDTH="36" HEIGHT="41" STYLEREFS="TXT_5 PAR_RIGHT">
					<TextLine ID="P24_TL00042" HPOS="894" VPOS="1424" WIDTH="32" HEIGHT="37">
						<String ID="P24_ST00324" HPOS="894" VPOS="1424" WIDTH="32" HEIGHT="37" CONTENT="*)" WC="0.85" CC="02"/>
					</TextLine>
				</TextBlock>
				<TextBlock ID="P24_TB00009" HPOS="301" VPOS="2121" WIDTH="722" HEIGHT="41" STYLEREFS="TXT_3 PAR_LEFT">
					<TextLine ID="P24_TL00043" HPOS="301" VPOS="2121" WIDTH="722" HEIGHT="41">
						<String ID="P24_ST00325" HPOS="301" VPOS="2121" WIDTH="29" HEIGHT="31" CONTENT="*)" WC="0.50" CC="36"/>
						<SP ID="P24_SP00283" HPOS="330" VPOS="2152" WIDTH="17"/>
						<String ID="P24_ST00326" HPOS="347" VPOS="2121" WIDTH="85" HEIGHT="33" CONTENT="Vergl." WC="0.46" CC="765714"/>
						<SP ID="P24_SP00284" HPOS="432" VPOS="2154" WIDTH="20"/>
						<String ID="P24_ST00327" HPOS="452" VPOS="2125" WIDTH="70" HEIGHT="29" CONTENT="„Der" WC="0.95" CC="4647"/>
						<SP ID="P24_SP00285" HPOS="522" VPOS="2154" WIDTH="19"/>
						<String ID="P24_ST00328" HPOS="541" VPOS="2126" WIDTH="121" HEIGHT="32" CONTENT="Gegner“" WC="0.98" CC="0077628"/>
						<SP ID="P24_SP00286" HPOS="662" VPOS="2158" WIDTH="19"/>
						<String ID="P24_ST00329" HPOS="681" VPOS="2128" WIDTH="32" HEIGHT="30" CONTENT="11," WC="0.52" CC="562"/>
						<SP ID="P24_SP00287" HPOS="713" VPOS="2158" WIDTH="18"/>
						<String ID="P24_ST00330" HPOS="731" VPOS="2130" WIDTH="21" HEIGHT="24" CONTENT="7." WC="0.82" CC="20"/>
						<SP ID="P24_SP00288" HPOS="752" VPOS="2158" WIDTH="19"/>
						<String ID="P24_ST00331" HPOS="771" VPOS="2130" WIDTH="109" HEIGHT="29" CONTENT="„Offene" WC="0.97" CC="0475877"/>
						<SP ID="P24_SP00289" HPOS="880" VPOS="2159" WIDTH="18"/>
						<String ID="P24_ST00332" HPOS="898" VPOS="2131" WIDTH="125" HEIGHT="31" CONTENT="Fragern“." WC="0.98" CC="655408801"/>
					</TextLine>
				</TextBlock>
			</PrintSpace>
		</Page>
	</Layout>
</alto>
