3573 4396
1761 175 65 49 12

215 323 76 49 des
314 323 182 48 Kaisers
520 320 290 55 schmücken,
841 335 260 49 gesungen;
1129 335 47 32 er
1205 320 53 46 ist
1289 318 131 48 frisch
1454 316 89 49 und
1575 316 129 49 leben-

214 402 99 63 dig;
352 402 77 47 das
459 398 425 63 Zusammengehen
916 396 75 47 des
1029 404 147 39 ersten
1208 396 201 64 Soprans
1440 394 78 47 mit
1548 393 82 48 der
1659 410 46 31 er-

212 485 96 42 sten
336 478 174 48 Violine
539 475 89 50 und
659 474 191 48 obenein
880 474 117 48 noch
1029 475 79 46 mit
1137 473 80 48 der
1247 480 149 41 ersten
1432 473 125 47 Flöte
1588 470 143 65 klingt

212 573 51 30 zu
294 554 346 66 singspielartig,
671 569 221 48 wogegen
916 551 71 47 die
1014 551 316 63 Violin-Figur
1352 567 100 31 vom
1479 549 86 48 27.
1589 549 141 48 Tacle

212 650 74 39 an,
316 633 70 48 die
417 636 147 60 später
595 630 78 47 mit
701 630 155 47 vielem
888 629 189 48 Talente
1108 629 298 63 festgehalten
1440 625 89 48 und
1562 625 137 48 durch-

212 710 187 64 geführt
429 708 130 54 wird,
591 708 77 45 mit
692 706 296 47 Hinzutreten
1019 705 79 47 der
1124 708 126 45 Flöte
1279 704 102 48 dem
1410 704 209 62 Gesänge
1649 718 51 48 ge-

210 786 207 64 genüber
459 786 97 47 eine
600 784 269 48 allerliebste
915 783 232 63 Wirkung
1191 781 166 50 macht.
1429 779 177 51 Weder
1649 779 78 48 das

211 861 385 61 Quasi-Recitativ
637 861 40 47 in
722 861 101 47 dem
865 860 375 65 Zwiegespräche
1282 875 82 32 von
1404 857 188 49 Lavinia
1636 856 90 48 und

211 941 177 66 Clythia
417 949 150 56 erregt
593 946 112 41 trotz
734 939 121 48 eines
877 937 198 50 schönen
1101 937 320 49 Violin-Solo's
1444 936 79 47 mit
1543 935 157 63 elegan-

210 1028 71 38 ten
311 1015 211 52 Staccati
548 1019 235 53 Interesse,
814 1015 115 48 noch
962 1015 78 47 der
1064 1016 215 61 Monolog
1311 1014 80 47 der
1419 1012 204 54 Lavinia,
1656 1011 69 48 bei

210 1097 216 49 welchem
470 1095 80 48 der
586 1094 302 48 dramatische
924 1092 241 49 Ausdruck
1207 1108 120 31 zwar
1369 1091 201 64 gewollt,
1616 1090 111 47 aber

207 1174 76 47 für
308 1189 133 30 unser
465 1171 168 48 Gefühl
658 1170 188 48 verfehlt
868 1170 69 57 ist,
967 1169 56 49 da
1048 1169 152 48 weder
1223 1169 70 47 die
1317 1167 212 56 Melodie,
1553 1166 174 48 welche

205 1268 111 47 ganz
346 1249 285 66 gewöhnlich
673 1250 69 54 ist,
781 1247 115 49 noch
927 1247 71 49 die
1037 1247 207 65 figurirte
1277 1246 448 64 Violin-Begleitung

207 1329 78 48 mit
313 1327 101 49 dem
452 1327 141 47 durch
634 1325 330 48 chromatische
992 1325 356 63 Octavengänge
1391 1324 334 48 vorbereiteten

206 1405 151 65 /f/des
388 1405 269 49 Orchesters
689 1420 81 32 uns
799 1410 170 56 zusagt.
1016 1402 83 49 Die
1129 1402 145 49 Scene
1302 1401 224 48 zwischen
1556 1400 169 48 Lucius

207 1482 90 50 und
328 1482 202 56 Lavinia,
559 1480 316 49 abwechselnd
899 1480 216 48 Recitativ
1146 1478 92 49 und
1268 1478 275 65 gebundene
1569 1480 156 54 Form,

207 1561 120 48 kann
372 1560 129 48 keine
531 1557 299 50 Theilnahme
870 1556 184 49 wecken
1099 1556 62 65 fin
1203 1556 338 48 musicalischer
1572 1555 122 48 Rück-

205 1639 113 48 sicht
347 1637 113 48 doch
492 1635 284 67 allerdings!]
821 1635 90 48 und
950 1636 54 47 ist
1042 1654 52 29 zu
1125 1636 106 63 lang
1261 1635 286 64 ausgedehnt
1653 1632 69 51 35

206 1717 150 47 Seiten
388 1716 210 48 Partitur.
637 1716 55 46 Es
720 1713 173 49 scheint
925 1713 278 65 überhaupt,
1232 1713 64 49 als
1327 1712 117 48 habe
1475 1712 81 47 der
1588 1712 101 48 Com-

206 1795 146 47 nonist
393 1793 89 47 sich
526 1793 42 47 in
609 1791 166 48 diesem
808 1791 269 48 Abschnitte
1108 1791 77 48 des
1218 1791 201 49 Werkes
1458 1790 122 48 nicht
1611 1790 115 48 über

207 1871 84 48 den
322 1872 116 47 Text
466 1870 198 49 erheben
697 1870 180 48 können
908 1868 111 49 oder
1297 1867 60 66 [?]

320 1947 153 51 Ueber
511 1947 70 50 die
619 1948 156 47 zweite
814 1947 284 65 Abtheilung
1145 1946 128 65 (oder
1303 1946 87 48 den
1420 1946 169 48 vierten
1621 1945 103 64 Act)

203 2026 107 65 gehl
341 2026 78 48 der
450 2026 216 48 Referent
692 2026 220 48 ebenfalls
941 2026 65 47 ins
1038 2026 230 56 Einzelne,
1307 2025 156 47 rühmt
1492 2025 70 47 die
1594 2023 105 49 Reci-

202 2105 132 48 tative
365 2103 76 49 des
469 2103 165 49 Lucius
664 2103 64 49 als
756 2102 104 50 sehr
891 2102 177 64 würdig
1105 2102 212 64 gehalten
1357 2101 88 48 und
1479 2101 78 48 das
1586 2101 140 48 Motiv

202 2183 144 47 seines
388 2181 181 67 AUegro
611 2178 156 54 vivace
812 2182 63 47 als
1261 2181 116 48 eben
1418 2196 48 31 so
1515 2180 211 48 mehrere

202 2260 167 49 Stellen
413 2260 41 48 in
498 2260 79 48 der
619 2275 185 48 grossen
835 2258 109 50 Arie
982 2258 254 56 desselben,
1268 2257 217 48 während
1517 2257 209 48 Anderes

203 2338 92 47 ihm
346 2338 200 64 weniger
588 2343 173 58 zusagt,
804 2355 34 29 z.
868 2337 52 47 B.
950 2336 71 48 die
1064 2336 161 48 beiden
1256 2342 150 41 ersten
1439 2336 168 53 Chöre,
1645 2333 82 50 der

203 2416 181 48 Schluss
408 2414 75 49 des
507 2417 163 47 Duetts
691 2414 221 49 zwischen
937 2414 167 49 Lucius
1136 2414 87 49 und
1251 2413 194 66 Clythia,
1476 2413 71 48 die
1575 2413 152 48 Partie

203 2493 77 48 des
310 2493 234 48 Cornelius
576 2511 40 29 u.
640 2508 32 33 s.
697 2508 56 32 w.
786 2493 84 47 Die
899 2493 144 47 Scene
1073 2508 79 32 vor
1181 2492 80 48 der
1292 2492 311 63 Katastrophe
1632 2491 94 48 hält

203 2588 49 32 er
283 2572 74 47 für
388 2571 270 49 dramatisch
699 2578 80 57 gut
814 2571 271 66 gearbeitet,
1128 2571 207 48 wünscht
1377 2569 206 49 indessen
1621 2569 104 49 dem

203 2649 115 49 auch
344 2648 270 50 wirksamen
638 2648 385 65 Schlussgesange
1052 2648 77 48 des
1151 2648 167 48 Lucius
1350 2647 89 48 und
1471 2647 77 49 des
1579 2647 148 49 Chors

205 2728 97 48 eine
348 2727 79 48 der
469 2727 306 65 grossartigen
813 2727 177 63 Anlage
1033 2727 115 48 noch
1195 2726 130 48 mehr
1365 2724 361 66 entsprechende

207 2806 355 64 Ausarbeitung.

322 2882 200 51 Alsdann
553 2883 103 48 lässt
683 2900 49 31 er
762 2882 85 48 den
879 2882 161 65 Epilog
1072 2882 175 65 folgen:

333 2962 154 57 „Nach
523 2978 204 40 unserer,
771 2962 75 46 für
875 2961 127 48 Viele
1044 2962 221 48 vielleicht
1302 2978 52 30 zu
1386 2961 104 48 sehr
1519 2961 66 48 ins
1617 2961 79 48 Ein-

207 3039 122 50 zelne
358 3056 298 48 gegangenen
687 3039 310 65 Betrachtung
1042 3042 180 46 müssen
1255 3039 83 49 wir
1386 3047 112 41 trotz
1527 3038 81 48 der
1637 3039 57 49 Be-

209 3117 299 65 merkungen,
549 3117 71 48 die
666 3118 81 46 wir
791 3133 82 32 uns
913 3135 52 29 zu
1004 3118 191 47 machen
1227 3116 271 66 gedrungen
1529 3116 196 55 fühlten,

209 3196 143 48 Hiller
391 3213 52 31 zu
487 3194 166 50 diesem
697 3212 147 32 neuen
888 3196 226 48 Producte
1156 3196 81 49 auf
1270 3196 103 48 dem
1412 3194 194 50 Gebiete
1645 3194 81 50 der

207 3273 333 50 dramatischen
556 3273 148 48 Musik
724 3273 144 50 Glück
887 3273 260 50 wünschen.
1171 3274 169 64 Mögen
1359 3272 168 49 diesem
1547 3273 180 50 Werke

210 3350 208 49 mehrere
449 3352 163 65 folgen,
642 3350 71 50 die
741 3352 119 48 ohne
884 3350 184 50 Zweifel
1099 3350 208 50 dasselbe
1336 3352 117 47 noch
1486 3368 55 32 an
1572 3350 129 67 Origi-

210 3429 155 47 nalität
393 3428 80 49 der
501 3429 257 64 Erfindung
790 3429 278 48 übertreffen
1099 3429 199 48 werden.
1344 3430 157 49 Wenn
1532 3429 82 48 wir
1644 3447 55 32 un-

210 3522 72 32 ser
310 3505 174 50 Urtheil
523 3505 116 51 über
676 3507 71 48 die
789 3523 140 48 ganze
958 3507 127 66 Oper
1124 3507 432 59 zusammenfassen,
1597 3524 49 32 so
1674 3508 57 48 ist

211 3601 45 31 es
287 3585 69 49 ein
390 3584 166 61 Werk,
587 3585 79 50 das
695 3584 72 50 die
804 3585 187 49 höchste
1020 3587 215 64 Achtung
1280 3585 202 51 verdient
1523 3585 90 50 und
1658 3585 72 50 die

211 3662 299 50 sichtbarsten
535 3663 317 49 Kennzeichen
882 3663 81 49 der
991 3664 331 50 Meisterschaft
1350 3664 117 50 über
1496 3663 70 49 die
1590 3665 140 49 Form

215 3739 90 48 und
336 3739 71 50 die
433 3742 414 63 Instrumentirung
877 3757 57 33 an
963 3742 91 48 sich
1086 3747 142 59 trägt;
1259 3742 101 49 dass
1390 3758 45 33 es
1465 3742 92 48 sich
1586 3742 145 49 durch

212 3818 258 66 Erfindung
499 3819 124 48 nicht
649 3820 328 65 vorzugsweise
1007 3820 301 59 auszeichnet,
1336 3822 155 48 stellen
1519 3820 83 49 wir
1628 3838 103 33 zum

215 3912 185 48 grossen
441 3897 157 49 Theile
645 3898 82 48 auf
762 3897 254 66 Rechnung
1058 3897 78 49 des
1179 3898 311 57 Textbuches,
1541 3899 193 48 welches

215 3971 85 51 den
325 3974 323 67 Componisten
677 3974 104 51 bald
809 3993 102 31 zum
935 3974 350 61 dramatischen,
1315 3977 106 49 bald
1449 3993 102 33 zum
1581 3985 127 41 orato-

214 4052 176 50 rischen
419 4053 110 49 Stile
556 4054 180 65 nöthigt
762 4054 93 48 und
884 4054 93 48 ihm
1009 4054 203 50 dadurch
1242 4055 99 50 eine
1373 4055 109 50 feste
1503 4054 231 67 Richtung

216 4133 259 64 unmöglich
501 4133 167 58 macht,
696 4133 43 49 in
771 4133 170 49 welche
971 4149 50 33 er
1049 4133 92 49 sich
1165 4133 207 51 dauernd
1395 4134 216 50 vertiefen
1644 4135 90 50 und

1829 316 93 47 sein
1955 316 176 49 wahres
2162 315 151 50 Selbst
2341 316 128 49 darin
2501 315 228 64 aufgehen
2761 315 144 50 lassen
2938 316 134 49 kann.
3114 318 94 45 Für
3236 316 123 49 seine

1830 394 183 47 nächste
2053 394 304 47 dramatische
2403 393 309 64 Composition
2756 395 164 46 wollen
2964 395 82 46 wir
3086 409 78 32 vor
3206 393 148 48 Allem

1830 470 102 48 dem
1960 470 391 64 hochgeachteten
2376 471 186 47 Meister
2586 470 67 47 ein
2680 471 295 63 passenderes
2997 470 209 48 Libretto
3231 474 98 44 wün-

1828 548 151 47 schen.
2012 546 201 50 Obwohl
2246 548 81 47 wir
2357 548 42 47 in
2431 548 80 48 der
2542 548 142 63 Regel
2714 563 84 32 von
2823 546 80 49 der
2929 548 263 48 Aufnahme
3216 548 145 48 dieses

1829 624 112 48 oder
1964 624 128 65 jenes
2122 624 202 49 Werkes
2357 625 148 64 wenig
2539 625 171 47 Wesen
2745 624 209 56 machen,
2983 642 50 30 so
3065 629 180 44 müssen
3277 625 84 47 wir

1829 701 145 49 davon
2004 701 144 49 dieses
2180 703 90 47 Mal
2304 718 81 32 uns
2415 704 99 47 eine
2544 701 269 49 Ausnahme
2855 709 226 57 gestatten
3127 703 89 48 und
3259 703 75 47 mit-

1828 780 184 55 theilen,
2041 779 102 48 dass
2173 779 70 48 die
2267 779 130 63 Oper
2425 780 81 47 mit
2534 779 131 48 mehr
2691 780 65 47 als
2779 779 368 64 gewöhnlichem
3171 779 190 48 Beifalle

1829 856 210 66 begrüsst
2070 857 89 47 und
2191 856 81 50 der
2295 857 282 65 Componist,
2608 857 80 47 der
2715 857 63 47 sie
2806 857 139 47 selbst
2976 857 220 64 dirigirte,
3227 865 134 41 unter

1829 934 169 48 lautem
2028 934 136 48 Jubel
2196 934 81 48 der
2305 935 358 48 Zuhörerschaft
2705 936 153 61 (unter
2889 934 199 48 welcher
3116 935 91 47 sich
3240 934 117 48 auch

1828 1011 202 48 Musiker
2060 1011 85 47 wie
2177 1011 231 56 Verhülst,
2437 1012 174 47 Nicolai
2652 1012 88 47 und
2773 1012 185 47 Andere
2990 1010 244 66 befanden)
3267 1011 91 48 und

1828 1089 228 48 Fanfaren
2088 1089 78 47 des
2196 1089 272 48 Orchesters
2498 1089 115 48 nach
2637 1089 153 64 jedem
2823 1091 115 47 Acte
2981 1090 79 47 mit
3090 1089 242 49 Enthusias-

1833 1184 99 30 mus
1962 1167 83 47 auf
2068 1166 71 48 die
2172 1167 160 47 Bühne
2362 1167 190 64 gerufen
2585 1169 203 47 worden.

1953 1244 114 55 „Die
2096 1244 303 64 Aufführung
2445 1260 95 32 war
2582 1245 106 47 sehr
2731 1261 51 31 zu
2827 1245 212 54 rühmen,
3084 1242 136 50 Dank
3270 1242 88 50 den

1826 1329 139 56 guten
1998 1321 274 48 Vorstudien
2307 1330 130 39 unter
2468 1322 197 63 Leitung
2694 1321 79 48 des
2804 1322 365 65 Capellmeisters
3201 1321 156 56 Levi;

1825 1397 102 50 dem
1966 1398 287 49 Vernehmen
2296 1400 116 48 nach
2458 1398 77 50 hat
2576 1400 62 47 sie
2669 1398 91 49 sich
2793 1400 116 47 auch
2942 1400 69 47 die
3043 1398 314 65 Gutheissung

1825 1476 78 48 des
1928 1476 324 65 Componisten
2282 1477 260 48 erworben.
2575 1477 212 48 Ueberall
2820 1476 165 48 blickte
3016 1477 122 47 nicht
3166 1494 88 30 nur
3284 1476 73 48 die

1825 1562 108 56 gute
1978 1555 266 64 Einübung,
2300 1555 196 49 sondern
2547 1556 114 47 auch
2717 1555 70 48 die
2831 1555 302 48 Theilnahme
3177 1571 55 32 an
3277 1555 81 48 der

1825 1632 146 48 Sache
2002 1632 170 56 durch;
2205 1632 79 48 das
2308 1632 251 50 Orchester
2590 1649 95 31 war
2715 1632 365 65 ausgezeichnet,
3109 1631 71 49 die
3206 1632 152 48 Chöre

1825 1710 106 48 sehr
1970 1710 314 48 verdienstlich
2345 1708 90 50 und
2484 1710 249 48 besonders
2785 1711 59 47 im
2905 1719 151 39 ersten
3102 1711 113 47 Acte
3258 1726 75 32 vor-

1943 1868 49 46 In
2025 1867 149 62 Bezug
2207 1866 79 48 auf
2317 1865 71 49 die
2417 1866 279 62 Leistungen
2743 1866 80 48 der
2855 1867 177 62 Träger
3071 1866 80 48 der
3192 1865 166 49 beiden

1825 1945 399 63 Haupt-Partieen
2258 1942 205 65 (Lavinia
2483 1945 194 47 —Frau
2710 1943 229 64 Ellinger;
2969 1943 168 47 Lucius
3237 1945 124 47 Herr

1825 2021 224 65 Ellinger)
2094 2021 172 65 spricht
2308 2022 90 47 sich
2444 2022 208 47 derselbe
2684 2022 183 47 Bericht
2910 2021 105 48 sehr
3053 2021 167 48 lobend
3253 2036 106 41 aus;

1826 2101 116 47 auch
1976 2100 211 48 Fräulein
2220 2100 235 66 Lichtmay
2488 2101 62 47 als
2577 2100 177 66 Clythia
2787 2100 266 64 befriedigte
3084 2100 58 48 im
3175 2101 184 48 Ganzen

1826 2177 92 48 und
1951 2177 123 48 hatte
2103 2177 171 48 schöne
2303 2178 247 47 Momente.

1943 2257 87 47 Die
2064 2256 157 47 zweite
2252 2254 91 49 und
2388 2254 136 49 dritte
2562 2256 293 63 Vorstellung
2897 2254 81 51 der
3018 2254 129 65 Oper
3192 2253 165 50 fanden

1826 2331 219 49 ebenfalls
2074 2350 79 31 vor
2180 2332 336 49 vollbesetztem
2555 2333 160 47 Hause
2751 2333 116 47 Statt
2915 2332 90 48 und
3055 2331 189 49 wurden
3284 2332 80 48 mit

1826 2411 265 48 demselben
2122 2411 187 48 Beifalle
2338 2412 372 62 aufgenommen.
2770 2411 199 63 Bringen
3015 2411 75 48 Sie
3133 2409 113 49 dazu
3291 2411 71 48 die

1829 2488 526 65 Geschmacksrichtung
2384 2489 121 47 eines
2530 2487 263 49 Publicums
2822 2488 45 48 in
2897 2488 332 64 Anrechnung,
3254 2488 82 48 wel-

1826 2567 125 58 ches,
1995 2568 85 47 wie
2110 2568 73 47 Sie
2227 2583 81 32 aus
2352 2566 87 49 den
2484 2567 303 66 Repertoiren
2831 2566 83 49 der
2958 2566 217 49 früheren
3203 2567 160 57 Jahre,

1825 2643 73 51 die
1926 2646 104 47 Ihre
2058 2646 194 63 Zeitung
2291 2644 272 65 mitgetheilt
2601 2644 94 54 hat,
2727 2644 180 57 wissen,
2954 2644 76 49 für
3071 2651 109 58 gute
3211 2644 150 49 Musik

1826 2740 50 33 so
1918 2723 311 66 empfänglich
2274 2723 69 56 ist,
2388 2723 101 48 dass
2528 2740 45 31 es
2611 2742 35 31 z.
2679 2724 48 47 B.
2774 2724 42 47 in
2858 2723 183 64 voriger
3084 2723 160 48 Saison
3288 2722 71 49 die

1826 2803 294 47 sechszehnte
2150 2801 305 64 Aufführung
2486 2802 78 48 des
2596 2801 173 49 Fidelio
2801 2801 115 49 eben
2948 2818 48 32 so
3027 2801 224 49 zahlreich
3284 2799 53 51 be-

1826 2881 176 55 suchte,
2034 2881 63 48 als
2127 2879 72 49 die
2229 2887 135 49 erste,
2408 2896 48 32 so
2498 2879 115 49 wird
2655 2879 80 49 der
2764 2879 162 65 Erfolg
2957 2878 81 48 der
3079 2878 253 57 „Katakom-

1987 2976 73 30 um
2091 2975 49 31 so
2171 2958 285 48 ehrenvoller
2488 2958 75 47 für
2594 2957 87 49 den
2714 2957 325 67 Componisten
3070 2957 109 49 sein.

2219 3192 756 56 Musicalisches
2974 3192 1 56 aus
2974 3192 1 56 Leipzig.

2322 3309 86 33 Von
2447 3309 66 33 Dr.
2551 3308 148 35 Oscar
2735 3307 131 37 Paul.

1826 3394 493 47 (Gewandhaus-Concerte
2427 3397 94 33 Miss
2563 3397 182 46 Parepa
2853 3398 43 34 L.
2934 3397 206 39 Bragsin
3250 3397 99 35 Clior-

1826 3467 147 35 gesang
2080 3455 223 36 Sinfonieen
2332 3469 76 22 von
2437 3458 118 33 Rein
2568 3457 135 45 ecke,
2749 3457 290 45 Volkmann,
3081 3458 289 35 Jadassohn,

1941 3517 43 35 L.
2013 3516 197 36 Lübeck
2313 3517 183 35 Fräulein
2527 3517 189 35 Decker
2823 3519 183 35 Fräulein
3035 3518 295 36 Bettelheim

2506 3590 37 23 u.
2574 3590 28 23 s.
2633 3578 63 47 w.)

1947 3663 177 48 Unsere
2163 3662 160 49 Saison
2370 3662 55 49 ist
2464 3678 80 32 zur
2586 3660 152 50 Hälfte
2780 3660 216 50 vorüber.
3055 3659 185 50 Blicken
3287 3660 84 50 wir

1832 3740 168 49 zurück
2027 3740 83 50 auf
2127 3740 86 50 den
2235 3740 279 50 Reichthum
2540 3740 123 49 ihrer
2686 3739 311 50 Schönheiten
3029 3738 93 49 und
3154 3738 219 66 gestehen

1833 3819 84 50 wir
1959 3836 100 42 uns,
2101 3819 103 50 dass
2246 3819 184 66 Leipzig
2472 3819 165 48 immer
2675 3818 119 49 noch
2835 3818 70 48 ein
2945 3817 232 67 würdiges
3227 3818 146 57 „Thal

2075 3898 72 58 ist,
2176 3899 43 48 in
2251 3899 221 48 welchem
2505 3898 81 48 der
2614 3897 333 49 Musenführer
2971 3897 166 64 Apollo
3161 3897 59 48 im
3244 3898 131 65 Zuge

1833 3992 138 34 voran
2002 3977 71 48 die
2103 3977 195 66 goldene
2328 3977 257 49 Phorminx
2627 3979 122 62 trägt
2789 3975 92 50 und
2928 3975 78 49 mit
3036 3975 171 50 seinem
3239 3975 105 50 herz-

1833 4054 305 51 erfreuenden
2168 4055 269 66 Saitenspiel
2468 4054 71 50 die
2571 4054 174 50 Völker
2773 4053 82 51 der
2884 4054 225 50 Hellenen
3138 4072 103 32 zum
3268 4053 81 51 Cul-

1833 4140 72 42 tus
1934 4133 106 49 ruft.
2097 4134 102 48 Nur
2228 4134 227 66 Kalliope,
2486 4133 71 49 die
2596 4132 498 68 schönstimmige,
3136 4132 118 67 zeigt
3281 4132 94 49 sich
