3573 4396
1692 159 64 51 13

141 298 93 47 ihm
268 296 127 49 recht
424 296 155 64 häufig
611 296 79 47 mit
730 295 353 66 abgewandtem
1115 296 183 57 Antlitz,
1339 298 90 48 und
1461 299 210 49 erhascht

141 374 84 47 der
254 373 324 63 liebedurstige
611 373 108 48 Gott
753 374 50 63 ja
846 374 131 47 einen
1008 373 122 48 Blick
1163 389 84 32 von
1279 375 85 53 ihr,
1406 392 48 31 so
1485 376 53 47 ist
1567 376 78 49 der-

137 451 128 49 selbe
297 451 187 49 umflort
514 450 93 48 und
638 453 78 47 mit
745 453 216 47 Thränen
992 451 296 49 umfeuchtet.
1317 453 75 47 Sie
1421 455 120 47 weilt
1565 455 109 64 jetzt

142 529 144 48 lieber
314 529 43 48 in
387 529 82 48 der
867 526 183 52 Colonia
1287 526 284 69 Agrippina,
1036 545 70 31 wo
1135 529 63 47 sie
1231 530 78 46 mit
1339 531 332 49 wunderbarer

142 606 164 47 Grazie
348 605 85 48 den
466 607 173 63 Reigen
682 605 192 48 anführt
914 604 91 48 und
1050 605 98 48 ihre
1187 606 268 62 eigentliche
1487 609 186 48 Heimat

140 684 85 47 seit
248 682 85 49 den
358 684 200 48 schönen
583 685 159 62 Tagen
767 682 78 47 des
875 684 151 45 alten
1059 682 358 50 Griechenlands
1441 686 229 62 gefunden

144 761 91 48 hat.
292 761 151 48 Sehen
478 761 80 47 wir
587 778 71 38 zu,
704 760 83 47 wie
815 759 93 48 sich
941 759 97 48 hier
1072 761 162 64 Apollo
1264 764 175 54 tröstet,
1480 762 88 49 und
1600 780 48 32 er-

144 842 160 61 wägen
337 840 81 46 wir
457 839 92 47 sein
587 837 284 64 Saitenspiel.
928 837 106 47 Sein
1064 839 376 64 Haupt-Tempel
1483 841 52 47 ist
1576 841 97 48 hier

141 916 81 50 das
273 916 423 55 Gewandhaus,
753 916 142 47 dieses
947 915 206 65 würdige
1203 915 184 51 Odeum
1441 920 80 47 mit
1567 919 104 48 dem

140 994 232 64 Spruche:
415 1032 17 17 „
441 992 97 50 Res
564 1008 160 34 severa
751 994 67 47 est
845 1006 160 35 verum
1024 990 255 68 gaudium'
1298 1030 10 19 ,
1339 1011 71 32 wo
1441 996 70 47 ein
1542 997 96 47 Men-

140 1071 232 57 delssohn,
405 1071 145 56 Gade,
582 1071 161 53 Hiller,
775 1071 125 47 Rietz
946 1086 41 31 u.
1017 1086 32 32 s.
1082 1088 55 31 w.
1185 1090 51 29 zu
1280 1072 170 49 seinem
1491 1075 183 47 Ruhme

140 1150 82 48 das
253 1150 189 65 Scepter
470 1148 342 65 geschwungen
845 1147 88 48 und
965 1148 87 49 den
1083 1150 139 48 festen
1255 1151 159 47 Grund
1445 1169 51 29 zu
1528 1152 147 47 seiner

142 1226 314 48 Fortexistenz
495 1227 153 64 gelegt
687 1226 165 48 haben.
909 1225 102 48 Gab
1054 1241 46 32 es
1144 1227 115 47 auch
1302 1226 44 49 in
1384 1227 88 48 den
1513 1230 161 56 letztep

137 1305 177 48 Jahren
344 1306 173 53 Zeiten,
560 1306 45 47 in
636 1305 146 48 denen
813 1305 91 48 sich
937 1303 120 49 beim
1088 1306 357 63 Apollo-Cultus
1477 1307 169 49 bedroh-

141 1382 116 48 liche
283 1381 289 51 Differenzen
605 1382 278 48 bemerkbar
912 1382 230 55 machten,
1170 1399 49 31 so
1251 1383 77 47 hat
1358 1382 115 50 doch
1504 1401 142 47 gegen-

141 1461 163 63 wärtig
344 1460 71 48 die
456 1461 140 47 Liebe
635 1477 79 31 zur
753 1461 150 47 Kunst
942 1458 140 49 selbst
1123 1461 85 47 alle
1251 1460 201 49 anderen
1483 1462 164 47 Leiden-

137 1540 206 48 schaften
368 1538 259 66 verdrängt.
662 1540 83 45 Die
779 1538 179 47 Führer
989 1537 207 50 arbeiten
1220 1540 93 47 sich
1341 1540 80 47 mit
1443 1540 114 48 Lust
1586 1540 89 48 und

142 1617 126 48 Eifer
297 1617 282 65 gegenseitig
610 1616 43 47 in
685 1615 69 48 die
782 1616 178 56 Hände,
993 1615 88 48 und
1107 1616 129 63 jedes
1259 1617 203 64 Mitglied
1488 1617 77 50 des
1586 1618 60 47 Or-

138 1696 204 48 chesters
384 1696 132 47 sucht
560 1695 79 47 mit
682 1702 348 56 angestrengter
1059 1695 424 49 Aufmerksamkeit
1524 1697 155 47 seinen

141 1773 132 47 Theil
312 1790 101 30 zum
447 1773 222 63 Gelingen
714 1772 77 47 des
823 1772 183 47 Ganzen
1048 1771 311 66 beizutragen.
1415 1773 61 47 So
1520 1773 160 49 wurde

141 1867 75 32 am
251 1851 47 48 9.
330 1850 207 48 October
566 1848 82 49 der
679 1851 318 63 Kunsttempel
1036 1850 211 54 eröffnet,
1293 1867 75 31 um
1400 1851 91 47 sich
1523 1852 43 47 in
1596 1851 63 48 sei-

144 1945 82 30 ner
257 1927 268 48 classischen
558 1927 168 48 Grösse
761 1945 52 29 zu
855 1928 170 63 zeigen.
1081 1928 119 47 Dem
1233 1930 272 63 Programm
1539 1930 141 48 dieses

144 2015 191 40 ersten
367 2006 248 49 Concertes
645 2010 177 59 gemäss
855 2006 158 48 wurde
1046 2022 80 31 uns
1154 2024 53 30 zu
1232 2008 211 64 Anfange
1466 2024 83 33 von
1574 2008 105 49 Seb.

145 2083 142 56 Bach,
319 2083 104 48 dem
455 2083 419 64 uneingeschränkt
902 2082 249 49 deutschen
1181 2084 225 67 Schöpfer
1438 2084 80 49 der
1549 2086 104 65 Poly-

146 2162 168 65 phonie
344 2163 59 46 im
438 2161 250 49 modernen
715 2162 323 65 Ton-System,
1063 2163 70 47 ein
1160 2162 196 49 Concert
1380 2163 77 47 für
1480 2164 199 47 Streich-

146 2242 307 46 Instrumente
483 2241 43 47 in
733 2238 249 50 G-dur
983 2239 114 64 vorgeführt,
1098 2239 115 50 dessen
1237 2242 291 63 urwüchsige
1549 2242 134 47 Kraft

147 2317 93 49 und
286 2318 146 59 Fülle,
474 2317 265 48 verbunden
785 2318 80 47 mit
907 2317 80 48 der
1034 2318 345 59 interessanten,
1426 2337 87 29 nur
1557 2319 123 49 Bach

145 2398 195 64 eigenen
370 2397 252 65 Rhythmik
653 2396 142 48 durch
829 2412 136 32 unser
994 2398 416 64 ausgezeichnetes,
1447 2398 124 48 stark
1604 2398 50 48 be-

145 2483 160 41 setztes
329 2476 425 57 Streich-Quartett
784 2491 80 32 aus
894 2473 81 50 der
1005 2477 318 62 vorzüglichen
1349 2477 167 48 Schule
1548 2493 106 32 unse-

147 2570 71 31 res
237 2553 407 48 Concertmeisters
678 2552 155 48 Ferd.
867 2552 177 48 David
1073 2570 48 31 so
1146 2572 78 29 zur
1242 2556 201 63 Geltung
1461 2554 222 65 gebracht

149 2631 179 57 wurde,
364 2629 103 50 dass
511 2631 71 48 ein
625 2631 245 64 allseitiger
899 2631 206 64 Applaus
1148 2632 79 48 das
1260 2632 315 49 Verständniss
1605 2633 79 47 des

147 2709 268 50 Publicums
434 2709 275 49 bekundete.
726 2709 173 49 Ausser
916 2708 169 50 diesem
1102 2711 140 48 selten
1261 2712 222 63 gehörten
1504 2712 179 49 Werke

149 2788 106 48 kam
281 2788 71 48 die
377 2787 410 56 {7-wo//-Sinfonie,
818 2788 119 47 wohl
970 2787 70 48 die
1064 2789 360 63 geschlossenste
1448 2791 110 47 aller
1582 2789 76 49 Sin-

150 2868 180 47 fonieen
375 2883 85 32 von
508 2867 276 56 Beethoven,
824 2883 79 31 zur
933 2867 319 66 Aufführung.
1312 2868 108 48 Wir
1461 2868 149 48 haben
1641 2868 43 47 in

150 2946 123 48 Köln
304 2944 146 49 durch
484 2946 132 47 Ferd.
649 2944 146 49 Hiller
837 2946 100 47 eine
980 2944 172 50 andere
1182 2946 281 64 Auffassung
1509 2947 175 48 kennen

146 3024 198 63 gelernt,
376 3024 63 47 als
467 3023 64 48 sie
564 3023 96 48 hier
691 3022 326 65 gebräuchlich
1049 3024 70 56 ist,
1165 3026 90 47 und
1289 3024 252 57 bedauern,
1585 3024 102 47 dass

146 3102 205 48 dieselbe
384 3117 210 32 unserem
626 3100 254 49 Orchester
912 3100 152 49 bisher
1095 3102 268 48 unbekannt
1393 3103 135 47 blieb.
1576 3103 84 47 Die-

146 3179 128 48 selbe
307 3179 177 48 bezieht
513 3179 93 48 sich
639 3178 340 65 hauptsächlich
1011 3179 82 48 auf
1116 3179 71 48 die
1217 3198 52 29 zu
1295 3180 183 65 Anfang
1506 3180 154 49 stehen-

149 3259 88 47 den
279 3258 96 48 drei
406 3258 164 48 Achtel
612 3257 203 53 Auftact,
865 3258 171 48 welche
1083 3258 134 49 Ferd.
1262 3259 148 48 Hiller
1450 3259 45 48 in
1539 3258 146 49 einem

145 3344 147 41 etwas
320 3335 310 58 schwereren,
660 3335 360 65 gewichtigeren
1050 3338 176 63 Tempo
1269 3338 162 47 nimmt
1468 3337 90 48 und
1598 3344 90 41 erst

149 3415 127 49 dann
300 3415 59 47 im
387 3417 218 47 weiteren
626 3415 263 64 Fortgange
913 3414 83 48 der
1015 3415 202 49 Sinfonie
1236 3415 251 49 schnellere
1511 3415 147 65 Rhyth-

152 3509 106 33 men
282 3493 260 48 anwendet.
575 3493 112 48 Hier
712 3493 112 47 wird
850 3508 82 33 von
964 3509 109 31 vorn
1105 3509 55 32 an
1193 3494 41 47 in
1266 3494 144 64 gleich
1440 3493 247 48 schnellem

150 3573 282 47 Zeitmaasse
478 3572 191 66 gespielt
710 3569 91 50 und
846 3570 206 50 dadurch
1082 3572 226 48 natürlich
1342 3572 79 48 der
1450 3570 209 50 Deutlich-

152 3649 93 50 keit
274 3659 257 57 genannter
561 3649 229 66 Tonfigur
819 3649 123 50 nicht
974 3649 147 65 wenig
1152 3649 193 66 Eintrag
1379 3649 186 66 gethan.
1619 3649 66 47 Im

152 3728 238 66 Uebrigen
415 3729 160 48 wurde
606 3729 80 48 das
712 3728 310 49 wundervolle
1045 3728 234 49 Tonstück
1312 3729 79 48 mit
1412 3729 132 65 jener
1574 3728 84 48 Mei-

147 3807 248 49 sterschaft
436 3808 241 57 executirt,
725 3807 174 48 welche
939 3823 210 32 unserem
1181 3807 252 49 Orchester
1469 3805 69 50 bei
1570 3808 88 46 Aus-

152 3885 210 68 führung
384 3887 415 49 Beethoven'scher
817 3885 180 51 Werke
1019 3903 78 32 zur
1115 3885 199 50 anderen
1335 3887 151 48 Natur
1507 3901 150 49 gewor-

149 3964 92 50 den
272 3965 67 49 ist.
368 3965 82 49 Als
475 3965 392 49 Violin-Virtuose
897 3967 144 63 zeigte
1071 3965 91 49 sich
1195 3965 80 47 mit
1295 3964 177 48 Viotti's

152 4043 201 49 Concert
399 4044 122 48 Herr
554 4044 388 51 Concerlmeister
986 4043 158 49 Ferd.
1173 4042 180 50 David
1391 4042 92 48 und
1513 4047 175 43 ärntete

151 4122 80 48 für
260 4122 88 49 den
382 4122 291 66 Wohlklang
701 4123 146 49 seines
883 4123 209 65 saftigen,
1124 4122 239 64 markigen
1403 4122 150 48 Tones
1595 4119 93 50 und

1770 300 144 48 seines
1943 300 216 61 säubern,
2191 303 204 64 goldrein
2425 304 242 50 intonirten
2688 308 364 65 Passagenspiels
3076 310 61 47 als
3162 314 91 43 wür-

1770 376 130 65 diger
1930 379 175 63 Träger
2135 380 80 47 der
2246 380 262 48 Virtuosität
2551 383 57 45 im
2652 384 265 48 classischen
2947 385 110 49 Stile
3095 387 162 48 wieder-

1771 454 154 49 holten
1975 456 265 49 Hervorruf.
2307 459 79 47 Als
2433 459 220 63 Sängerin
2710 460 171 48 lernten
2939 463 81 47 wir
3074 464 211 48 Fräulein

1773 531 157 65 Euph
1951 548 204 49 rosyne
2199 535 216 64 I*arepa
2456 552 79 30 aus
2565 536 189 49 London
2787 539 44 46 in
2861 538 79 47 der
2978 540 309 64 grossartigen

1771 609 110 47 Arie
1920 625 80 32 aus
2042 610 168 56 „Judas
2565 630 10 31 :
2617 613 68 57 „0
2726 613 60 49 let
2824 615 176 48 etevnal

1773 685 91 48 und
1904 686 41 47 in
1990 688 79 47 der
2109 689 236 48 lieblichen
2376 690 108 47 Arie
2514 707 79 31 aus
2624 691 78 47 der
3156 696 129 55 „Nun

1773 762 109 49 beut
1911 764 70 47 die
2208 766 191 49 kennen.
2429 768 135 48 Diese
2587 769 147 48 Dame
2759 770 133 46 wirkt
2916 771 199 65 weniger
3144 771 143 49 durch

1777 840 125 47 Fülle
1931 840 78 48 des
2038 842 149 47 Tones
2218 844 91 47 und
2343 844 192 48 Wärme
2565 845 76 47 des
2676 845 264 65 Vortrages,
2980 848 65 47 als
3074 848 216 49 vielmehr

1773 916 143 48 durch
1963 920 372 62 ausgezeichnete
2377 921 167 48 Schule
2586 922 58 47 im
2688 924 240 54 Ansetzen,
2972 925 181 65 Tragen
3199 926 88 47 und

1773 995 242 47 colorirten
2051 996 258 48 Verbinden
2352 999 80 45 der
2462 1000 141 47 Töne.
2659 1000 103 48 Ihre
2795 1001 279 57 Virtuosität,
3119 1002 170 49 welche

1775 1072 83 47 wir
1888 1071 97 50 hier
2011 1074 139 48 schon
2183 1075 175 48 kennen
2389 1076 190 56 lernten,
2611 1076 258 50 bekundete
2897 1079 91 47 sich
3013 1080 115 47 noch
3161 1080 129 48 mehr

1774 1150 60 46 im
1883 1150 238 48 zweiten
2173 1151 280 50 Concerte
2498 1170 71 31 am
2619 1154 78 48 16.
2729 1155 221 57 October,
3000 1173 68 31 wo
3099 1157 62 49 sie
3190 1159 99 47 eine

1774 1244 121 32 zwar
1925 1244 55 32 an
2011 1230 341 49 musicalischen
2387 1230 248 49 Gedanken
2666 1232 135 56 leere,
2826 1234 165 62 jedoch
3015 1253 77 29 zur
3116 1236 148 48 Entfal-

1775 1311 112 57 tung
1917 1303 82 49 der
2029 1305 266 49 Virtuosität
2333 1307 105 49 sehr
2480 1310 239 62 geeignete
2748 1310 108 47 Arie
2895 1326 83 32 von
3007 1311 40 47 J.
3080 1311 213 48 Benedict

1775 1383 139 61 (Text
1943 1399 82 31 von
2058 1383 213 67 Chorley)
2304 1386 88 47 und
2423 1385 71 48 die
2523 1385 200 49 D-moll-
2730 1387 108 49 Arie
2876 1386 79 50 der
2987 1389 197 64 Königin
3213 1390 80 47 der

1778 1460 147 48 Nacht
1953 1477 126 49 sang.
2124 1462 74 47 Sie
2230 1463 155 49 führte
2415 1463 97 49 hier
2541 1465 97 47 ihre
2667 1465 208 59 Stimme,
2907 1481 132 32 wenn
3069 1467 115 47 auch
3215 1469 79 45 mit

1779 1537 175 48 kleinen
1990 1538 232 49 Versehen
2254 1557 146 47 gegen
2432 1541 122 48 reine
2586 1542 271 59 Intonation,
2890 1541 65 48 bis
2984 1560 99 32 zum
3115 1543 150 67 dreige-

1777 1616 255 48 strichenen
2056 1617 46 62 f
2121 1617 171 57 hinauf,
2330 1635 113 47 ganz
2472 1618 42 49 in
2544 1620 232 48 ähnlicher
2809 1620 174 57 Weise,
3024 1621 83 48 wie
3138 1622 83 47 wir
3250 1637 45 33 es

1777 1710 85 32 von
1888 1695 120 48 Frau
2032 1695 571 66 Lemmens-Sherrington
2634 1698 57 47 im
2724 1698 156 49 kölner
2904 1700 254 47 Gürzenich
3190 1701 78 47 hör-

1779 1780 90 48 ten,
1915 1773 77 46 mit
2037 1773 195 49 welcher
2262 1775 105 47 Miss
2399 1777 174 62 Farepa
2619 1777 39 46 in
2704 1776 148 63 Bezug
2889 1777 81 47 auf
3002 1777 293 65 Tonbildung

1780 1851 89 47 und
1897 1850 473 66 Coloraturfertigkeit
2400 1852 259 65 überhaupt
2681 1869 153 48 grosse
2859 1853 317 50 Aehnlichkeit
3205 1855 90 48 hat.

1778 1928 49 47 In
1858 1927 167 48 diesem
2066 1928 221 49 Concerte
2329 1930 259 64 producirte
2636 1930 90 48 sich
2768 1931 259 48 ausserdem
3072 1932 63 47 als
3163 1932 135 48 Solist

1779 2006 81 48 auf
1886 2006 101 48 dem
2019 2006 260 49 Pianoforte
2302 2008 123 47 Herr
2453 2008 171 47 Louis
2655 2008 256 57 Brassin,
2942 2008 89 49 und
3062 2025 120 33 zwar
3210 2027 87 30 nur

1779 2083 144 50 durch
1953 2086 159 63 eigene
2144 2085 383 66 Compositionen,
2558 2096 132 38 unter
2719 2086 145 48 denen
2888 2087 90 47 sich
3003 2087 71 48 ein
3100 2087 197 48 Clavier-

1782 2163 194 47 Concert
2006 2163 41 47 in
2080 2162 93 48 drei
2203 2163 537 65 zusammenhangenden
2770 2165 160 47 Sätzen
2961 2165 179 48 befand.
3191 2165 107 50 Wir

1782 2241 198 47 konnten
2011 2241 167 47 diesem
2211 2241 221 49 Concerte
2472 2242 159 48 keinen
2676 2241 185 48 rechten
2893 2242 282 48 Geschmack
3217 2242 54 50 ab-

1782 2318 256 64 gewinnen,
2079 2318 99 47 weil
2221 2335 44 30 es
2297 2318 146 65 wenig
2489 2318 408 50 hervorstechende
2928 2318 249 50 Gedanken
3208 2321 90 47 und

1779 2415 53 29 zu
1878 2397 150 65 wenig
2069 2397 290 48 Stil-Einheit
2401 2398 185 48 enthält.
2643 2397 277 65 Anständige
2963 2398 336 65 Verwerthung

1783 2474 79 49 der
1893 2474 466 50 InstFiimentalmiltel
2408 2474 172 49 freuten
2615 2474 81 47 wir
2738 2491 98 39 uns,
2879 2474 328 50 wahrnehmen
3245 2493 52 30 zu

1785 2553 193 48 können.
2010 2553 78 47 Als
2118 2552 342 66 Clavierspieler
2488 2553 200 48 erschien
2720 2568 83 32 uns
2832 2553 121 47 Herr
2978 2553 179 47 Brassin
3189 2571 112 48 ganz

1782 2631 271 63 vorzüglich.
2088 2632 61 46 Er
2178 2631 142 63 zeigte
2348 2632 174 48 sowohl
2551 2632 42 48 in
2624 2629 166 50 diesem
2824 2631 238 57 Concerte,
3092 2632 62 47 als
3184 2631 115 48 auch

1784 2709 43 49 in
1869 2708 108 48 zwei
2019 2708 328 48 Salonstücken
2385 2711 146 47 seiner
2563 2708 310 66 Composition
2914 2708 130 48 edlen
3076 2709 98 47 Ton
3217 2725 84 33 von

1787 2788 230 64 markiger
2043 2787 142 56 Fülle,
2216 2787 194 49 saubere
2441 2788 202 48 Technik
2674 2787 91 48 und
2794 2787 268 49 nuancirten
3085 2787 217 66 Vortrag,

1784 2882 48 32 so
1863 2866 101 48 dass
1995 2866 80 47 wir
2107 2864 214 49 früheren
2353 2866 233 48 Urtheilen
2622 2866 42 47 in
2696 2864 80 49 der
2805 2864 276 50 Kölnischen
3110 2866 191 63 Zeitung

1785 2943 92 50 und
1907 2944 42 49 in
1980 2943 151 48 diesen
2165 2944 198 47 Blättern
2403 2962 85 29 nur
2532 2943 339 50 beizustimmen
2907 2947 260 61 vermögen.
3218 2944 56 47 Be-

1784 3029 153 59 regtes
1967 3022 197 48 Concert
2206 3021 157 49 wurde
2406 3023 80 47 mit
2525 3023 50 48 R.
2947 3021 254 49 bekannter
3228 3021 76 49 D-

2174 3099 171 49 welche
2387 3099 97 49 hier
2526 3108 106 41 stets
2662 3098 452 65 durchschlagenden
3146 3098 155 65 Erfolg

1787 3179 169 57 erzielt,
1985 3178 193 48 eröffnet
2221 3177 88 48 und
2351 3179 77 47 mit
2467 3178 80 48 der
2579 3178 192 48 Cantate
2813 3178 202 63 „Kampf
3039 3177 89 48 und
3157 3177 104 64 Sieg
3273 3183 15 18 u

1788 3257 76 48 für
1879 3257 111 56 Soli,
2015 3257 123 48 Chor
2163 3255 87 49 und
2277 3255 248 50 Orchester
2547 3272 83 33 von
2658 3255 47 50 C.
2729 3257 60 47 M.
2812 3272 36 32 v.
2878 3254 174 50 Weber
3074 3254 203 65 geschlos-

1785 3351 93 31 sen.
1923 3334 134 47 Diese
2083 3333 191 49 Cantate
2304 3333 53 48 ist
2380 3334 288 48 bekanntlich
2693 3333 100 48 eine
2818 3332 455 64 Gelegenheits-Com-

1788 3413 209 66 position,
2039 3413 42 47 in
2114 3412 196 48 welcher
2340 3413 168 48 allerlei
2541 3410 415 58 Volksmelodieen,
2998 3410 183 66 Signale
3212 3409 90 48 und

1787 3490 208 50 Märsche
2038 3489 112 48 bunt
2187 3489 508 66 zusammengewürfelt
2730 3488 115 57 sind,
2892 3487 147 49 wobei
3081 3487 221 49 natürlich

1787 3569 71 48 die
1887 3568 257 66 geschickte
2170 3568 135 48 Hand
2332 3568 76 48 des
2432 3568 207 48 Meisters
2668 3568 187 48 niemals
2878 3567 221 48 verkannt
3120 3565 183 50 werden

1787 3647 113 49 darf.
1931 3648 75 47 Sie
2029 3647 159 48 wurde
2211 3647 96 47 hier
2330 3647 79 47 mit
2437 3647 234 64 specieller
2700 3645 246 51 Rücksicht
2974 3644 81 50 auf
3080 3643 69 49 die
3175 3644 131 48 Feier

1787 3725 81 50 der
1900 3724 373 50 Völkerschlacht
2300 3741 80 31 zur
2409 3725 304 65 Aufführung
2754 3723 238 66 gebracht,
3034 3723 178 48 erzielte
3236 3722 45 64 je-

1785 3804 117 50 doch
1934 3821 86 30 nur
2047 3803 251 66 spärlichen
2330 3803 217 66 Applaus.

1904 3882 99 48 Ehe
2033 3882 83 48 wir
2145 3880 42 50 in
2218 3897 210 33 unserem
2462 3882 212 48 Referate
2705 3879 265 57 fortfahren,
3016 3882 178 45 müssen
3224 3876 82 49 wir

1785 3960 149 65 einige
1966 3960 167 49 Worte
2171 3959 115 48 über
2314 3958 87 49 den
2433 3959 299 66 Chorgesang
2771 3973 185 33 unseres
2986 3954 288 52 Gewandhau-

1785 4054 70 33 ses
1884 4037 294 57 einschalten,
2218 4037 82 48 der
2329 4053 83 32 uns
2441 4038 42 47 in
2513 4043 253 58 genannter
2796 4035 191 50 Cantate
3021 4050 100 31 zum
3157 4040 150 42 ersten

1788 4115 119 51 Male
1938 4123 333 58 entgegentrat.
2332 4115 107 50 Wie
2478 4115 138 49 schon
2655 4114 117 50 oben
2817 4113 290 66 angedeutet,
3149 4110 160 52 stehen
