3571 4427
1754 151 58 52 51

156 304 355 54 Octav-Einheit
535 301 162 52 stehen
720 301 97 51 und
846 301 119 51 kann
981 301 123 52 nicht
1136 319 55 30 zu
1223 299 123 49 ihrer
1362 294 346 50 Selbsterkennt-

155 393 93 50 niss
280 391 59 49 im
371 387 293 68 Terzbegriff

283 475 47 50 S.
372 473 131 49 116.
549 462 777 78 (Dominant-Septimen-Accord.)
1382 461 141 61 „Wir
1553 465 186 46 müssen

156 577 88 33 uns
276 559 44 49 in
352 558 147 50 dieser
530 556 305 68 Verbindung
1592 556 125 65 (li-D
1037 554 6 62 |
1246 549 88 49 den
1365 548 167 66 Begrill
1576 546 78 50 des
1687 545 52 48 in

159 644 122 50 sich
314 641 192 53 selbst
536 641 436 51 verwendeten
1005 638 376 63 Tonartsystems
1418 630 194 52 denken.
1654 629 86 49 Die

156 728 242 49 Gränze
427 725 357 52 verbunden
816 723 63 48 als
911 722 176 49 Mitte
1119 723 194 61 gesetzt,
1340 714 116 52 wird
1475 715 68 48 die
1566 714 50 49 31
1631 713 10 48 i
1655 720 47 42 11
1717 730 24 32 e

160 818 287 50 getrennt
478 812 63 49 als
574 810 236 50 Gränze
842 807 322 48 heraustreten
1461 799 68 67 (In
1561 815 50 34 so
1644 798 97 48 fern

160 862 27 18 o

159 897 83 51 der
269 895 230 51 Horizont
540 894 63 48 als
638 893 181 48 Gränze
865 889 83 50 der
991 889 134 48 Mitte
1167 887 79 49 des
1297 883 253 52 sinnlichen
1579 883 161 66 Auges

160 982 200 67 gedacht
389 979 132 57 wird,
553 977 176 51 scheint
760 974 85 50 mir
877 974 94 50 dies
1002 972 117 50 über
1160 972 71 49 die
1263 970 182 50 Gränze
1477 968 79 51 des
1588 967 131 67 geisti-

160 1083 89 49 gen
280 1063 279 51 Horizontes
593 1080 56 30 zu
682 1058 182 70 gehen.)

286 1148 47 48 S.
374 1147 129 51 196.
537 1142 336 72 (Modulation.)
916 1142 117 58 „Die
1070 1139 382 52 G-Dur-Tonart
1484 1137 55 49 ist
1572 1155 58 30 zu
1661 1133 82 51 der

165 1233 193 50 C-Moll-
363 1232 177 50 Tonart
591 1228 170 51 keine
810 1226 282 53 verwandte.
1138 1226 98 48 Der
1289 1219 456 66 G-Z)ur-l)reiklang

162 1317 57 51 ist
250 1335 58 32 an
341 1316 92 51 sich
465 1316 142 51 schon
639 1313 230 70 positiver,
898 1312 95 50 und
1029 1310 198 69 primäre
1259 1307 336 65 Bestimmung.
1641 1304 100 51 Wo

163 1401 123 51 diese
318 1400 109 52 aber
459 1401 63 49 als
555 1400 155 50 solche
743 1396 222 67 bestätigt
996 1393 131 60 wird,
1170 1393 55 50 da
1258 1392 57 50 ist
1346 1392 80 48 der
1457 1388 169 69 Begrifl
1661 1388 82 51 der

168 1486 194 51 C-Moll-
366 1486 175 50 Tonart
595 1481 316 70 aufgehoben;
957 1480 119 49 denn
1122 1477 80 51 das
1231 1475 512 68 Negativ-setzen

163 1570 147 51 dieses
357 1569 233 71 positiv
629 1566 599 53 voraus-Gesetzten
1277 1562 58 49 ist
1387 1560 117 51 eben
1536 1558 81 50 der
1646 1575 64 32 we-

162 1654 218 50 sentliche
410 1652 150 51 Inhalt
584 1652 130 66 jenes

289 1740 47 48 S.
371 1736 135 51 228.
540 1735 254 70 (Metrum.)
823 1734 235 52 Nachdem
1089 1729 351 69 nachgewiesen
1470 1727 72 59 ist,
1574 1726 87 51 wie
1683 1725 60 49 im

162 1821 293 68 vierzeitigen
494 1821 206 50 Metrum
746 1825 148 43 erster
936 1818 169 66 Schlag
1143 1815 64 50 als
1250 1812 260 59 Grundton,
1557 1810 187 51 zweiter

163 1909 65 49 als
261 1908 162 58 Octav,
455 1905 164 51 dritter
642 1905 64 50 als
739 1904 146 60 Quint
931 1903 94 49 und
1068 1901 169 50 vierter
1279 1899 65 49 als
1386 1899 115 48 Terz
1547 1894 170 52 erschei-

162 2011 91 33 nen
395 1990 142 50 heisst
569 2007 50 33 es
649 1989 191 49 weiter:

297 2074 172 60 „Diese
498 2074 151 67 innige
680 2072 316 67 Vermittlung
1026 2069 79 52 des
1148 2064 597 55 Getrennt-Verbundenen

163 2159 96 52 und
287 2158 619 57 Verbunden-Getrennten,
939 2155 71 50 die
1056 2153 259 52 vollendete
1345 2149 229 69 Negation
1613 2148 131 67 jedes

162 2244 298 68 negirenden,
507 2240 424 54 ausschliessenden
959 2240 277 58 Momentes,
1288 2237 58 49 ist
1388 2235 117 60 das,
1551 2251 95 33 was
1677 2233 64 51 als

162 2329 184 51 Wesen
377 2328 80 50 des
487 2326 303 67 Dreiklanges
818 2342 85 33 uns
921 2323 96 51 hier
1048 2323 44 50 in
1117 2320 270 53 metrischer
1407 2318 334 66 Bestimmung,

163 2413 87 51 wie
282 2413 59 50 im
358 2411 447 67 Zusammenklange
822 2428 88 32 von
934 2409 177 57 Tönen,
1143 2407 64 49 als
1223 2403 319 52 harmonische
1553 2403 162 50 Vollen-

162 2498 140 68 dung,
334 2497 263 67 überhaupt
626 2494 112 51 aber
767 2494 46 50 in
837 2493 132 67 jeder
997 2491 167 53 Weise
1205 2491 83 50 der
1329 2487 320 67 Erscheinung
1679 2486 64 49 als

160 2581 283 51 vollendeter
497 2578 181 69 Begriff
732 2577 288 51 bestimmter
1075 2573 325 54 Wirklichkeit
1461 2569 283 70 ansprechen

483 2742 67 53 (So
581 2746 122 35 etwas
730 2740 105 41 freut
861 2738 110 41 mich
1000 2738 104 40 alten
1133 2737 168 41 Fahler!

482 2804 47 40 Je
558 2802 307 48 wunderlicher,
897 2802 110 39 desto
1038 2795 293 56 respectabler.)

290 2903 47 49 S.
374 2901 133 52 240.
553 2940 111 21 „
697 2916 51 33 so
780 2898 57 50 ist
868 2897 119 51 eben
1017 2896 73 51 bei
1120 2894 187 53 solchen
1330 2893 415 66 Gleichsetzungen

160 2987 79 51 das
269 2985 323 53 Wesentliche
626 2983 79 51 des
737 2982 197 69 Begriffs
965 2981 150 51 dieser
1158 2980 254 58 Momente,
1442 2978 44 50 in
1518 2977 89 51 den
1632 2995 84 51 qua-

162 3071 138 51 litativ
330 3068 357 53 verschiedenen
718 3066 380 67 Erscheinungen
1124 3062 255 60 derselben,
1410 3080 80 32 um
1523 3079 49 31 so
1606 3061 115 67 allge-

164 3155 174 49 meiner
370 3173 57 31 zu
459 3155 150 49 fassen
638 3152 96 50 und
763 3152 88 49 fest
882 3169 57 32 zu
972 3151 167 50 halten.
1202 3150 62 48 So
1296 3148 184 50 können
1510 3145 85 52 wir
1626 3145 118 50 eben

164 3239 116 50 auch
313 3237 233 51 dieselben
563 3236 383 67 Bestimmungen
977 3235 60 49 im
1061 3234 119 50 noch
1211 3232 107 51 weit
1341 3231 132 51 mehr
1504 3228 240 68 abliegend

163 3321 303 52 scheinenden
499 3321 198 66 Objecte
729 3338 83 33 zur
841 3317 403 69 Begriffs-Einheit
1273 3315 269 52 verbunden
1571 3312 173 52 wieder

162 3406 274 59 aufsuchen;
468 3405 86 50 wie
586 3423 37 32 z.
654 3405 54 50 B.
741 3404 43 49 in
816 3402 82 50 der
930 3402 281 65 Gliederung
1241 3400 80 49 des
1350 3397 222 69 Begriffes
1603 3414 111 51 regu-

165 3493 122 49 lärer
315 3488 523 69 Körperlichkeit,
873 3486 113 51 oder
1016 3486 82 50 der
1127 3481 448 55 Räumlichkeit
1604 3481 109 51 über-

164 3576 172 69 haupt:
367 3592 136 34 wenn
534 3573 83 50 wir
658 3571 98 50 ihre
797 3571 215 51 verticale
1057 3570 254 59 Direction,
1364 3568 70 50 die
1476 3566 169 51 Höhe
1678 3566 63 50 als

162 3659 265 60 Einheit,
471 3658 70 51 die
588 3654 513 53 horizontal-bilaterale
1143 3653 252 59 Direction,
1447 3650 118 52 nach
1607 3650 132 67 jeder

164 3745 235 68 Richtung
427 3743 44 51 in
503 3742 92 50 sich
642 3739 142 52 selbst
835 3744 426 62 entgegengesetzt,
1302 3736 71 51 die
1415 3735 207 51 Breite
1674 3734 64 51 als

162 3830 35 49 Z
211 3829 149 51 weih
374 3828 49 51 ei
436 3834 20 45 t
484 3827 99 50 und
611 3824 164 52 Beides
793 3822 284 59 verbunden,
1110 3822 65 50 als
1207 3822 78 49 das
1303 3820 115 52 Eine
1448 3820 61 50 im
1529 3818 207 59 Andern,

164 3913 46 50 in
239 3913 225 51 welchem
493 3912 185 51 Dritten
720 3907 117 52 eben
879 3905 128 68 jedes
1047 3905 481 50 Zweiheits-Moment
1570 3921 56 31 an
1656 3902 83 49 der

163 3996 181 50 Einheit
375 3996 128 50 Theil
535 3994 162 51 nimmt
725 3990 97 53 und
851 3989 45 51 in
925 3989 70 50 ihr
1024 3988 201 66 aufgeht,
1266 3988 65 51 als
1374 3987 238 52 Einheit
1656 3985 82 50 der

164 4079 314 61 Zweiheit,
509 4078 159 52 mithin
708 4077 64 51 als
826 4074 71 51 die
936 4072 479 68 Begriffs-vollendete
1457 4073 145 47 Terz
1656 4069 82 51 der

164 4163 306 68 Verbindung
499 4164 82 51 der
612 4159 342 55 Höheneinheit
983 4158 112 52 oder
1138 4157 189 49 Octav
1373 4156 83 50 mit
1499 4156 81 50 der
1608 4154 102 51 Brei-

1835 294 290 50 tenzweiheit
2158 292 81 51 der
2274 291 205 61 Quint,
2522 292 65 49 als
2619 291 88 50 den
2735 291 187 51 Schluss
2962 291 81 50 der
3079 287 310 52 Raumbestim-

1833 395 146 51 mung

1992 454 113 52 (Was
2134 456 133 39 haben
2298 454 75 40 wir
2402 451 127 42 durch
2559 451 139 39 diesen
2727 450 147 40 Schritt
2901 451 258 53 gewonnen?

1995 518 116 40 Trifft
2140 531 93 27 man
2262 517 102 41 auch
2395 517 182 44 Proteus,
2608 514 130 53 gleich
2768 514 48 40 ist
2845 527 42 27 er
2916 527 233 36 zerronnen,

1997 578 89 39 Und
2116 579 102 38 steht
2247 592 43 27 er
2319 578 115 47 euch,
2465 589 43 28 so
2539 581 86 47 sagt
2653 588 43 27 er
2724 587 78 27 nur
2831 575 154 42 zuletzt.

1997 639 99 39 Was
2125 639 175 42 Staunen
2322 640 134 40 macht
2483 639 85 39 und
2596 638 43 39 in
2670 635 266 53 Verwirrung
2966 636 119 52 setzt.)

1964 710 47 48 S.
2047 708 134 52 243.
2225 711 93 57 „So
2351 711 55 50 ist
2437 710 60 50 im
2528 708 297 67 dreizeitigen
2842 708 204 49 Metrum
3079 708 68 49 die
3179 716 122 42 erste
3316 710 101 50 Zeit

1839 793 80 50 das
1951 793 217 49 Starke
2200 793 58 49 im
2290 794 292 60 Starken;
2634 794 71 49 die
2750 791 166 52 zweite
2949 791 79 50 das
3084 793 331 49 Schwache

1838 876 60 50 im
1929 876 273 50 Starken
2252 876 93 51 und
2385 876 79 50 das
2516 878 225 48 Starke
2787 876 57 50 im
2896 875 410 59 Schwachen;
3348 876 69 50 die

1838 960 137 51 dritte
2002 960 78 50 das
2112 960 323 51 Schwache
2467 960 58 50 im
3013 962 127 67 (Man
3164 959 253 61 sieht,dass

1839 1047 79 49 das
1951 1045 254 51 Schwache
2237 1045 70 51 die
2340 1044 252 51 Oberhand
2623 1043 283 70 behauptet.)

1966 1130 46 50 S.
2049 1128 134 51 248.
2632 1128 169 70 (Dur-
2442 1129 116 50 und
2610 1129 439 66 Mo//-Begri!'!'
3088 1130 82 50 als
3215 1130 164 50 metri-

1839 1214 136 50 sche
2000 1213 454 69 Bestimmung.)
2510 1252 105 21 „
2656 1212 120 49 dann
2818 1212 131 58 wird,
2995 1212 85 49 wie
3132 1213 58 50 im
3229 1216 152 50 harmo-

1837 1299 203 61 nischen,
2072 1317 50 33 so
2138 1299 116 50 auch
2279 1299 59 50 im
2361 1298 280 51 metrischen
2663 1297 328 67 J/o//-Begriff,
3019 1297 70 49 die
3112 1299 132 49 Zwe
3259 1299 11 49 i
3287 1299 66 50 he
3368 1301 13 48 i
3395 1307 19 43 t

1839 1383 81 50 der
1950 1383 246 51 Einheit
2228 1383 374 69 ausgesprochen
2635 1381 111 61 sein,
2779 1381 86 50 wie
2898 1381 83 49 der
3013 1381 401 68 Dur-Begriffdie

1837 1467 247 52 Einheit
2115 1468 81 51 der
2227 1468 295 51 Zweiheit
2552 1466 280 70 ausspricht;
3016 1466 96 49 und
3163 1482 139 35 wenn
3344 1467 70 51 die

1838 1553 245 50 metrische
2115 1553 331 51 Zwei-Einheit
2478 1553 79 50 des
2581 1555 131 48 Dur-
2715 1552 224 67 Begriffes
2971 1551 72 49 ein
3072 1552 215 50 Erstes
3319 1553 94 50 und

1839 1637 267 51 Zweites
2139 1638 63 50 als
2235 1637 72 50 ein
2337 1638 178 50 Ganzes
2543 1636 189 60 enthält,
2764 1654 51 31 so
2837 1636 116 49 wird
2971 1635 199 50 dieselbe
3199 1635 60 50 im
3274 1638 139 49 Moll-

1840 1722 200 66 BegrifFe
2072 1722 71 51 ein
2172 1722 270 51 Zweites
2473 1721 95 52 und
2597 1720 228 52 Erstes
2859 1721 417 50 zusammenfassen

1967 1807 46 51 S.
2050 1806 136 51 264.
2230 1807 141 59 „Wir
2401 1807 185 50 können
2616 1823 87 33 uns
2736 1804 89 52 den
2863 1805 277 51 metrischen
3169 1806 210 50 Dur-Be-

1840 1890 111 67 griff
1973 1890 63 51 als
2068 1890 99 49 eine
2196 1890 268 68 Beziehung
2495 1890 80 49 des
2618 1889 531 67 Gegenwärtigen
3179 1908 57 30 zu
3268 1887 146 52 einem

1839 1974 432 67 Zukünftigen,
2303 1974 87 51 den
2421 1974 277 51 metrischen
2726 1972 350 68 Mol/-Begriff
3108 1974 65 49 als
3198 1972 98 50 eine
3325 1974 60 51 Be-

1840 2060 197 69 ziehung
2053 2060 80 51 des
2166 2060 518 69 Gegenwärtigen
2718 2078 56 30 zu
2792 2059 147 49 einem
2969 2060 445 66 Vergangenen

1838 2145 260 51 vorstellen.

1974 2229 118 58 „Die
2122 2229 281 67 Gegenwart
2434 2228 58 49 ist
2521 2226 43 51 in
2595 2226 175 51 Beiden
2815 2225 80 51 das
2935 2226 212 61 Positive,
3201 2226 180 68 Vergan-

1838 2313 185 67 genheit
2053 2313 95 52 und
2177 2313 203 49 Zukunft
2412 2312 79 50 das
2520 2310 220 52 Relative.

1975 2398 117 58 „Die
2131 2397 508 68 metrisch-positive
2684 2395 146 68 Folge
2881 2394 238 51 verbindet
3150 2395 71 50 ein
3249 2394 166 51 Heut

1838 2480 94 54 und
1947 2482 290 67 Morgen;
2268 2480 70 51 die
2356 2479 271 52 metrisch-n
2639 2497 26 33 e
2682 2497 65 49 ga
2760 2487 16 42 t
2793 2479 51 51 iv
2856 2497 26 32 e
2901 2479 146 67 Folge
3079 2478 238 52 verbindet
3340 2478 73 51 ein

1838 2567 168 52 Heut
2033 2567 97 51 und
2625 2564 103 51 Und
2759 2564 59 50 im
2849 2564 222 51 weiteren
3100 2564 196 51 Verlauf
3321 2563 69 51 die-

1840 2668 75 33 ser
1965 2652 378 67 Betrachtungen
2390 2651 181 49 kommt
2611 2649 116 51 auch
2778 2649 71 50 ein
2893 2651 383 66 Vorgestern
3320 2648 94 51 und

1842 2734 454 69 Uebermorgen
2329 2754 83 31 zur
2444 2734 230 68 Geltung:

1979 2820 117 59 „Die
2125 2821 141 49 Form
2299 2817 52 25 I—
2355 2854 53 25 i_
2409 2851 16 30 2
2455 2818 167 51 drückt
2652 2817 130 51 einen
2822 2817 283 51 natürlichen
3149 2816 270 66 Zeitbegriff

1842 2921 110 42 aus;
1985 2903 118 52 eben
2144 2922 51 33 so
2237 2903 70 51 die
2350 2908 438 63 entgegengesetzte
2820 2901 151 61 ~~l—i;
3013 2901 70 49 die
3128 2906 122 44 erste
3296 2907 119 42 setzt

1839 2990 252 67 Morgen
2130 2990 64 49 als
2235 2990 202 48 Heute
2487 3006 57 32 zu
2596 2986 144 51 einem
2792 2985 198 50 anderen
3028 2986 225 65 Morgen:
3309 2983 104 51 dem

1839 3072 493 68 Uebermorgen;
2441 3071 70 51 die
2528 3070 160 51 zweite
2712 3076 117 43 setzt
2856 3070 260 49 Gestern
3133 3068 65 51 als
3215 3068 199 50 Heute

1840 3176 56 32 zu
1920 3157 145 51 einem
2097 3157 202 50 anderen
2323 3156 225 50 Gestern:
2581 3155 104 49 dem

1965 3242 94 50 Soll
2091 3260 105 32 man
2227 3241 55 50 da
2304 3240 179 51 weinen
2514 3239 113 50 oder
2656 3237 194 52 lachen?
2902 3239 98 50 Für
3039 3255 107 34 wen
3176 3239 60 49 ist
3267 3237 143 51 dieses

1835 3326 165 50 Buch?
2031 3326 96 50 Der
2157 3325 205 51 Musiker
2392 3324 122 49 kann
2541 3322 148 51 nichts
2722 3321 167 51 daraus
2919 3322 180 60 lernen,
3147 3321 83 51 der
3258 3320 126 51 Philo-

1838 3410 115 69 soph
1984 3409 114 52 wird
2129 3409 217 66 mitleidig
2376 3408 70 49 die
2477 3406 204 51 Achseln
2713 3408 190 59 zucken,
2949 3408 93 49 und
3072 3406 82 51 der
3184 3404 226 68 gebildete

1835 3495 110 50 Laie
1974 3494 115 51 wird
2120 3494 80 51 mit
2228 3493 169 50 Chiron
2427 3491 43 51 in
2502 3491 83 50 der
2625 3491 306 60 „classischen

1837 3578 249 68 sprechen:

1994 3655 109 41 Mein
2134 3654 174 41 fremder
2334 3654 150 42 Mann!
2515 3654 57 39 als
2602 3653 169 42 Mensch
2801 3651 77 41 bist
2906 3651 52 40 du
2989 3649 191 48 entzückt,

1993 3716 112 41 Doch
2135 3721 117 35 unter
2282 3715 186 41 Geistern
2497 3714 174 40 scheinst
2699 3714 53 39 du
2785 3712 106 40 wohl
2919 3710 195 42 verrückt.

1956 3789 88 49 Die
2073 3787 435 69 Verlagshandlung
2552 3786 78 50 hat
2679 3785 78 51 das
2788 3782 166 60 Werk,
3000 3781 88 51 wie
3141 3781 126 61 alles,
3309 3799 96 33 was

1833 3890 81 32 aus
1955 3872 124 50 ihrer
2110 3872 169 51 Officin
2327 3869 295 68 hervorgeht,
2670 3869 43 48 in
2764 3866 105 50 sehr
2909 3865 219 51 schönem
3175 3863 234 53 Gewände

1830 3957 256 68 vorgelegt,
2101 3957 95 51 und
2225 3955 233 61 wahrlich,
2489 3954 69 50 die
2578 3950 296 68 Resignation
2905 3950 58 51 ist
2994 3950 309 60 ehrenwerth,
3329 3949 81 50 mit

1833 4040 202 52 welcher
2067 4041 62 50 sie
2162 4040 94 51 sich
2285 4057 104 33 zum
2420 4036 158 51 Druck
2609 4035 122 49 eines
2773 4034 186 52 solchen
2989 4036 294 48 monströsen
3315 4031 91 51 Cu-

3089 4118 62 51 H.
3197 4118 84 52 W.

1832 4125 200 52 riosums
2064 4125 312 51 entschlossen
2406 4123 91 48 hat.
