3505 4348
1635 129 107 48 299

139 263 232 65 Wicklung
400 264 80 49 der
509 264 351 56 Individualität,
902 267 81 47 der
1012 266 231 48 durchaus
1274 267 122 47 nicht
1425 275 219 57 entgegen-

139 348 207 57 getreten
379 342 184 48 werden
593 343 96 48 soll.

268 435 304 64 „Förderung
601 435 81 48 der
711 435 268 54 Lebenden,
1010 435 80 48 der
1120 436 375 63 gegenwärtigen
1527 437 148 47 Kunst

140 511 94 49 und
264 512 80 47 der
374 513 374 64 gegenwärtigen
779 515 235 53 Künstler,
1054 513 159 47 wurde
1254 530 49 30 so
1346 513 116 47 eben
1505 516 62 46 als
1605 515 69 47 ein

140 590 430 63 Haupt-Zielpunkt
602 606 184 31 unseres
814 590 219 47 Strebens
1063 590 274 48 bezeichnet.
1397 591 134 47 Diese
1564 592 83 46 För-

141 666 179 62 derung
351 685 90 29 nun
473 667 53 47 ist
555 667 112 47 aber
697 667 122 47 nicht
857 684 49 30 so
945 684 51 29 zu
1036 668 256 55 verstehen,
1331 668 64 46 als
1438 668 58 47 ob
1536 668 141 47 damit

140 742 358 48 ausschliesslich
530 743 99 47 eine
662 743 258 47 bestimmte
951 743 232 64 Richtung
1214 744 248 64 bevorzugt
1492 744 183 47 werden

140 819 143 49 sollte.
332 821 61 45 Es
422 819 98 47 sind
551 821 438 47 Missverständnisse
1019 819 110 49 oder
1160 821 292 48 absichtliche
1484 822 168 47 Entstel-

139 897 191 63 lungen,
361 913 132 32 wenn
525 897 251 65 behauptet
807 898 129 56 wird,
977 898 101 47 dass
1108 915 83 31 von
1224 915 187 30 unserer
1442 899 120 47 Seite
1591 916 86 30 nur

140 973 74 47 die
247 973 177 48 Werke
468 974 124 47 einer
638 974 288 47 bestimmten
970 974 167 47 Schule
1183 976 246 63 bevorzugt
1472 976 203 48 würden.

140 1051 96 47 Das
267 1051 119 48 Gute
423 1051 113 47 wird
577 1052 272 56 anerkannt,
893 1056 135 59 möge
1073 1068 46 31 es
1167 1052 234 54 kommen,
1444 1053 158 47 woher
1632 1068 45 32 es

141 1128 149 48 wolle.

267 1231 206 55 „Ferner
501 1230 53 47 ist
578 1231 131 63 jener
741 1231 254 48 Grundsatz
1030 1230 123 48 nicht
1180 1246 48 32 so
1259 1247 51 30 zu
1343 1230 334 64 interpretiren,

140 1307 65 48 als
234 1306 60 48 ob
324 1307 142 48 damit
495 1306 103 49 dem
631 1308 266 47 bewährten
922 1310 136 45 Alten
1090 1315 435 56 entgegengetreten
1558 1324 88 31 wer-

141 1385 86 47 den
269 1386 124 47 solle.
448 1386 94 48 Das
573 1386 103 49 Alte
722 1386 139 47 bildet
903 1386 356 47 die-bleibende
1290 1385 266 66 Grundlage
1599 1386 78 48 für

140 1461 109 49 alles
280 1463 207 63 Spätere,
535 1463 90 47 und
657 1480 45 32 es
743 1468 122 44 wäre
906 1463 99 47 eine
1043 1479 155 48 grosse
1227 1463 240 55 Thorheit,
1510 1463 93 47 dies
1632 1465 43 47 in

139 1538 188 50 Abrede
356 1541 157 47 stellen
542 1557 55 31 zu
628 1542 177 47 wollen.
856 1541 107 48 Wir
995 1541 265 53 wünschen,
1289 1540 101 48 dass
1420 1541 132 47 allem
1589 1542 56 47 Be-

137 1617 258 63 rechtigten
426 1617 72 48 die
528 1618 219 62 Geltung,
777 1618 72 47 die
879 1633 46 32 es
955 1617 348 65 beanspruchen
1329 1618 115 56 darf,
1468 1636 51 29 zu
1544 1620 130 47 Theil

137 1694 169 49 werde.
363 1696 174 47 Unsere
568 1696 316 63 Anschauung
927 1711 84 32 von
1057 1694 81 49 der
1169 1696 149 47 Kunst
1354 1696 55 47 ist
1445 1696 99 48 eine
1575 1697 75 47 uni-

137 1772 206 55 verselle,
384 1772 86 47 den
502 1772 372 65 Einseitigkeiten
912 1772 285 65 gegenüber,
1240 1773 71 47 die
1344 1790 104 31 man
1478 1788 86 33 von
1594 1791 54 30 an-

137 1848 140 48 deren
300 1849 350 65 Standpunkten
682 1866 81 32 aus
793 1851 58 47 im
879 1851 281 63 Gegensatze
1188 1867 54 31 zu
1271 1867 195 31 unseren
1494 1851 152 48 Bestre-

136 1927 188 65 bungen
353 1927 182 65 geltend
564 1946 55 29 zu
649 1929 192 47 machen
870 1929 146 47 sucht.
1047 1928 96 48 Auf
1161 1928 138 65 jenen
1322 1928 351 65 Standpunkten

136 2006 246 64 allerdings
413 2006 55 48 ist
495 2022 47 32 es
573 2006 169 57 üblich,
780 2006 94 48 sich
920 2008 78 46 für
1043 2023 76 31 um
1158 2022 49 32 so
1247 2006 346 64 unbefangener
1621 2023 53 31 zu

136 2083 227 55 erklären,
400 2083 47 65 je
475 2083 224 48 schroffer
738 2083 91 48 und
865 2084 250 49 exclusiver
1152 2100 107 33 man
1299 2084 93 47 sich
1435 2083 240 65 geberdet,

128 2161 49 64 je
207 2161 342 55 willkürlicher,
579 2161 322 48 launenhafter
931 2177 104 32 man
1059 2161 44 48 in
1127 2161 80 48 der
1227 2161 333 64 Beurtheilung
1590 2178 56 31 un-

136 2238 273 65 gewohnter
441 2238 378 65 Erscheinungen
849 2239 221 49 verfährt.

264 2333 204 57 „Unsere
498 2333 283 49 Grundsätze
810 2333 97 49 sind
939 2351 113 47 ganz
1083 2333 242 65 allgemein
1355 2333 231 65 gehalten,
1624 2350 49 32 so

135 2411 104 49 dass
262 2412 70 47 ein
353 2411 141 49 Jeder
517 2411 292 66 beipflichten
836 2413 137 56 kann,
996 2412 314 48 unbeschadet
1331 2412 80 48 der
1437 2412 211 48 Verschie-

136 2488 185 50 denheit
351 2488 80 48 der
460 2489 246 49 Ansichten
744 2489 61 49 im
837 2489 264 56 Einzelnen,
1138 2489 315 50 unbeschadet
1484 2489 80 47 der
1594 2489 53 49 be-

135 2566 226 49 sonderen
393 2567 249 65 Richtung,
671 2567 71 48 die
770 2567 141 48 Jeder
943 2567 185 65 befolgt.

264 2662 278 57 „Geschieht
583 2679 62 38 es,
690 2662 101 48 dass
832 2663 179 47 solcher
1048 2663 315 64 Anschauung
1405 2661 269 66 gegenüber

135 2740 240 64 zeitweilig
404 2740 192 64 gewisse
625 2740 443 64 Einschränkungen
1099 2741 213 63 gemacht
1341 2740 203 57 werden,
1589 2741 85 48 wie

136 2835 34 32 z.
201 2818 51 47 B.
283 2817 73 48 bei
385 2817 83 48 der
506 2818 373 64 gegenwärtigen
911 2817 373 65 Versammlung,
1329 2834 71 31 wo
1431 2817 102 48 kein
1565 2818 87 47 älte-

136 2911 74 32 res
239 2911 179 48 grosses
451 2895 150 48 Werk
630 2912 79 31 zur
741 2895 299 66 Aufführung
1073 2896 192 56 kommt,
1293 2911 50 32 so
1373 2895 119 48 habe
1520 2896 70 47 ich
1621 2912 53 31 zu

134 2973 271 59 bemerken,
445 2973 101 49 dass
586 2990 45 32 es
661 2975 105 47 sehr
795 2973 215 49 verkehrt
1039 2982 203 56 genannt
1273 2973 183 49 werden
1489 2977 185 53 müsste,

135 3066 134 33 wenn
308 3051 71 48 die
423 3050 351 49 verschiedenen
810 3051 387 48 Kunst-Institute
1238 3051 92 47 sich
1374 3051 164 48 immer
1581 3051 93 48 und

134 3128 166 49 immer
348 3146 88 32 nur
478 3128 232 49 dieselben
753 3128 245 65 Aufgaben
1040 3130 158 47 stellen
1242 3130 198 47 wollten.
1496 3130 177 48 Unsere

132 3207 253 48 stehenden
410 3207 242 57 Concerte,
681 3207 43 48 in
756 3207 199 65 gleicher
979 3207 162 50 Weise
1170 3207 117 48 auch
1316 3224 164 31 unsere
1500 3207 143 48 Musik-

134 3284 129 58 feste,
291 3301 168 47 sorgen
483 3283 156 59 dafür,
669 3284 102 49 dass
798 3284 179 50 Werke
1007 3284 369 50 monumentaler
1395 3286 149 47 Natur
1574 3284 73 49 hin-

131 3362 218 48 reichend
388 3380 78 29 zur
497 3362 305 65 Aufführung
838 3363 242 65 gelangen.
1136 3363 135 47 Diese
1301 3362 214 65 Aufgabe
1560 3362 111 48 wird

132 3438 106 50 dort
280 3441 41 47 in
363 3439 106 49 sehr
508 3441 320 63 vollständiger
859 3441 91 47 und
982 3441 387 63 entsprechender
1401 3441 160 48 Weise
1593 3457 52 47 ge-

131 3518 100 48 löst.
283 3518 120 48 Was
435 3518 168 48 könnte
634 3535 47 30 es
711 3519 178 64 folglich
922 3522 181 52 nützen,
1134 3536 132 30 wenn
1301 3518 339 48 Unternehmun-

131 3612 89 47 gen
250 3596 197 48 anderer
476 3597 88 47 Art
603 3597 116 47 auch
761 3613 88 31 nur
878 3597 230 47 dieselben
1138 3596 271 64 Zielpunkte
1439 3596 66 48 ins
1538 3598 135 62 Auge

132 3673 146 48 fassen
310 3674 201 56 wollten,
553 3691 49 32 so
644 3674 102 49 dass
789 3674 204 47 dadurch
1028 3673 86 48 fort
1144 3673 91 48 und
1269 3673 86 50 fort
1384 3691 89 30 nur
1500 3673 144 65 gleich-

130 3752 178 65 gültige
323 3751 54 64 (?)
400 3752 431 63 Wiederholungen
847 3752 137 47 Eines
1006 3751 90 48 und
1111 3751 251 48 Desselben
1379 3751 291 48 entständen?

130 3829 95 49 Uns
255 3829 177 49 kommt
460 3846 46 32 es
535 3831 58 47 im
628 3831 280 64 Gegensatze
953 3829 152 47 hierzu
1151 3829 169 49 darauf
1357 3846 73 39 an,
1475 3846 69 32 wo
1575 3829 93 47 sich

127 3907 189 49 Lücken
347 3908 174 65 zeigen,
564 3908 122 48 diese
728 3925 52 30 zu
827 3912 240 61 ergänzen,
1111 3923 132 32 wenn
1289 3908 123 47 eine
1442 3908 123 47 Seite
1607 3907 59 48 im

128 3984 289 49 Kunstleben
446 3984 81 49 der
559 3986 281 64 Gegenwart
868 3984 330 65 vorzugsweise
1230 3983 160 50 betont
1425 3984 243 59 erscheint,

127 4060 73 51 die
230 4062 170 51 andere
431 4063 381 65 vernachlässigte
841 4063 218 50 ebenfalls
1090 4062 394 49 hervorzuheben.

1900 270 102 53 „Ich
2049 286 120 31 muss
2213 271 147 47 ferner
2403 272 165 47 darauf
2604 275 304 48 aufmerksam
2954 277 207 61 machen,
3192 280 100 50 dass

1773 360 81 30 aus
1886 344 286 64 praktischen
2204 347 217 48 Gründen
2454 366 85 29 nur
2564 351 176 47 Werke
2770 367 80 32 von
2884 353 382 66 Vereins-Mitglie-

1774 421 110 48 dern
1915 440 78 29 zur
2023 424 300 64 Aufführung
2352 426 222 63 gelangen
2607 428 192 47 können.
2859 431 56 46 Es
2945 431 104 48 darf
3074 432 85 48 den
3190 435 77 47 Mit-

1774 498 204 64 gliedern
2009 516 184 30 unseres
2224 501 188 47 Vereins
2455 503 121 46 nicht
2615 506 291 61 zugemuthet
2950 508 200 56 werden,
3193 510 100 48 dass

1773 576 64 45 sie
1866 576 143 63 Opfer
2050 577 206 63 bringen,
2300 596 73 28 um
2418 579 196 49 anderen
2658 581 353 66 Unbelhätigten
3056 586 80 45 auf
3174 586 121 49 diese

1778 653 158 47 Weise
1966 653 70 47 die
2070 656 151 62 Wege
2249 672 51 29 zu
2333 656 194 48 bahnen.
2559 658 294 48 Bekanntlich
2892 661 110 47 aber
3030 663 118 46 steht
3178 666 115 47 nach

1776 729 85 46 den
1892 731 207 45 Statuten
2130 731 77 47 der
2238 732 164 47 Zutritt
2426 733 151 64 jedem
2610 736 212 47 Künstler
2854 736 95 54 frei,
2978 753 47 31 so
3058 739 98 46 dass
3188 757 104 31 man

1776 807 92 47 also
1894 823 85 31 nur
2002 807 150 48 diesen
2179 809 125 64 Weg
2329 809 342 65 einzuschlagen
2695 813 156 62 nöthig
2877 813 91 56 hat,
2997 831 74 30 um
3096 817 199 62 gleicher

1774 884 237 47 Vortheile
2040 885 251 64 theilhaftig
2322 903 51 29 zu

1892 962 60 45 So
1981 962 103 47 sehr
2113 963 91 46 sich
2235 963 122 46 Herr
2389 963 191 47 Brendel
2613 963 203 56 bemüht,
2855 964 100 48 dem
2991 965 192 51 Vereine
3213 968 83 50 der

1777 1038 322 54 Tonkünstler,
2143 1038 78 48 der
2259 1040 91 46 sich
2388 1039 106 65 jetzt
2524 1040 128 49 einen
2694 1043 322 62 „allgemeinen
3048 1044 245 50 deutschen

2174 1124 155 46 nennt,
2399 1118 302 57 umfassende,
2770 1119 199 47 wirklich
3028 1122 268 63 allgemeine

1777 1192 331 48 Kunstzwecke
2138 1211 50 29 zu
2220 1194 260 56 vindiciren,
2511 1195 169 47 welche
2703 1197 148 47 diesen
2877 1199 175 46 Namen
3079 1200 193 49 rechtfer-

1774 1268 124 63 tigen
1928 1269 217 56 könnten,
2174 1287 50 32 so
2256 1272 110 45 wird
2398 1288 47 31 er
2474 1272 113 47 doch
2613 1273 297 48 Niemandem
2943 1275 68 47 die
3038 1275 230 50 Ueberzeu-

1774 1362 127 48 gung
1945 1348 194 47 nehmen
2185 1348 198 57 können,
2425 1348 69 48 die
2536 1348 141 48 durch
2710 1350 149 47 Lehre
2902 1352 88 47 und
3023 1353 156 48 Praxis
3217 1354 80 48 der

1773 1424 277 65 Koryphäen
2077 1425 76 46 des
2172 1425 185 47 Vereins
2381 1433 185 56 erzeugt
2585 1426 128 58 wird,
2733 1426 101 47 dass
2850 1444 44 31 es
2910 1428 90 47 sich
3027 1429 57 47 im
3110 1430 187 50 Grunde

1776 1500 96 47 hier
1901 1500 116 48 doch
2047 1518 87 30 nur
2163 1501 163 47 darum
2360 1503 207 57 handele,
2599 1504 302 63 Propaganda
2933 1504 75 47 für
3037 1504 70 48 die
3136 1522 48 33 so
3215 1524 54 46 ge-

1774 1585 168 40 nannte
1971 1579 309 47 neudeutsche
2310 1580 167 47 Schule
2505 1598 53 29 zu
2590 1581 203 47 machen.
2841 1581 64 47 Es
2936 1585 121 45 wäre
3086 1583 211 49 desshalb

1776 1654 167 56 besser,
1975 1656 272 63 wenigstens
2275 1656 293 65 aufrichtiger
2594 1658 88 47 und
2708 1658 245 64 muthiger,
2983 1659 93 47 dies
3105 1661 166 63 gerade-

1772 1749 53 29 zu
1868 1734 379 63 auszusprechen,
2290 1741 166 41 anstatt
2497 1735 70 47 die
2600 1735 128 48 Welt
2769 1735 197 64 glauben
3011 1738 190 48 machen
3242 1757 53 29 zu

1774 1811 179 55 wollen,
1995 1811 102 47 dass
2138 1813 113 53 „alle
2596 1813 42 47 in
2677 1813 102 47 dem
2814 1814 157 47 Kreise
3001 1814 144 48 dieser
3176 1816 90 47 Ton-

1773 1887 583 65 künstler-Versammlung
2399 1896 224 41 vertreten
2667 1894 151 44 wären
2874 1890 112 48 oder
3028 1893 270 63 wenigstens

1774 1965 280 65 Vertretung
2098 1965 151 49 finden
2295 1968 215 46 könnten.
2567 1966 202 48 Warum
2826 1966 121 48 nicht
3001 1969 80 47 mit
3129 1969 169 49 dürren

1777 2042 198 49 Worten
2019 2042 73 47 die
2134 2042 385 49 ausschliessliche
2563 2044 229 63 Richtung
2849 2044 327 64 verkündigen,
3218 2046 81 49 der

1773 2136 105 31 man
1905 2120 207 63 huldigt?
2141 2120 262 48 JedeSecte
2426 2136 122 32 muss
2564 2121 141 47 damit
2729 2121 244 64 anfangen,
2992 2122 97 47 ihre
3114 2124 154 48 Grund-

1771 2201 118 45 sätze
1917 2196 120 50 offen
2065 2214 55 30 zu
2150 2197 238 49 bekennen
2420 2197 90 49 und
2539 2197 98 49 ihre
2665 2197 249 65 Anhänger
2945 2199 82 48 fest
3056 2215 56 32 an
3142 2200 130 48 einan-

1773 2274 81 48 der
1882 2293 52 29 zu
1962 2275 264 56 schliessen;
2257 2275 208 65 dagegen
2494 2275 55 47 ist
2578 2275 144 48 nichts
2750 2275 341 58 einzuwenden,
3121 2294 45 30 es
3190 2294 106 49 mag

1772 2369 137 48 sogar
1937 2351 103 50 dem
2072 2354 317 63 Allgemeinen
2427 2352 193 49 nützlich
2660 2354 110 55 sein,
2809 2352 93 49 und
2943 2354 232 48 historisch
3221 2355 52 48 be-

1773 2431 194 64 rechtigt
1994 2431 55 47 ist
2077 2430 71 48 die
2176 2431 148 48 Sache
2346 2430 253 65 jedenfalls.
2653 2430 127 48 Aber
2808 2431 42 47 in
2882 2430 79 48 der
2994 2431 146 48 Kunst
3169 2431 53 48 ist
3251 2449 47 32 es

1772 2507 180 57 anders,
1978 2507 63 49 als
2064 2507 42 49 in
2130 2507 81 49 der
2238 2507 352 50 Wissenschaft:
2619 2506 71 48 die
2713 2507 148 49 Kunst
2891 2509 203 63 verlangt
3118 2509 179 48 Thaten

1772 2585 93 48 und
1887 2585 124 47 nicht
2033 2585 119 48 bloss
2174 2585 273 58 Theorieen,
2479 2583 69 49 bei
2578 2583 71 49 ihr
2677 2585 148 63 geben
2855 2603 86 29 nur
2969 2585 72 48 die
3063 2586 235 48 Resultate

1772 2663 195 64 gültiges
1994 2663 220 63 Zeugniss
2254 2663 75 46 für
2367 2662 73 48 die
2473 2662 246 48 Wahrheit
2761 2661 80 48 der
2883 2662 169 56 Lehre,
3095 2662 90 48 und
3226 2662 72 50 die

1773 2741 194 57 Thaten,
1998 2741 170 47 welche
2200 2740 98 48 hier
2327 2741 204 62 verlangt
2560 2740 183 47 werden
2775 2743 197 54 müssen,
3011 2740 173 48 heissen
3213 2741 84 48 seit

1771 2817 373 50 Jahrhunderten
2177 2818 408 55 Kunstwerke,
2614 2816 90 48 und
2734 2817 121 47 diese
2877 2816 96 48 sind
2999 2834 45 30 es
3067 2817 149 59 allein,
3240 2834 58 31 an

1772 2896 174 48 welche
1975 2896 80 48 der
2096 2895 221 66 prüfende
2345 2893 252 51 Maassstab
2642 2896 152 63 gelegt
2832 2895 183 48 werden
3060 2895 134 57 kann,
3237 2895 60 48 ob

1772 2975 71 47 ein
1872 2991 88 31 neu
1990 2973 287 50 schaffender
2308 2975 170 47 Genius
2519 2972 241 48 erstanden
2798 2973 61 47 sei
2897 2972 111 48 oder
3049 2972 144 56 nicht;
3230 2972 68 65 ja,

1771 3052 62 47 sie
1863 3051 221 48 bedürfen
2116 3051 146 48 dieser
2290 3051 208 63 Prüfung
2538 3066 83 47 gar
2662 3050 139 54 nicht,
2844 3048 117 49 denn
3005 3048 62 49 sie
3110 3048 186 50 werden

1771 3128 92 49 sich
1892 3130 139 47 selbst
2060 3130 130 47 Bahn
2220 3128 213 49 brechen.
2491 3128 115 46 Dem
2637 3126 174 49 Herold
2842 3126 148 57 allein,
3027 3126 95 57 der,
3162 3142 134 33 wenn

1771 3206 116 49 auch
1929 3207 80 47 mit
2046 3207 116 47 noch
2197 3222 50 32 so
2277 3207 146 47 lauter
2451 3204 207 56 Stimme,
2701 3204 127 47 ihren
2872 3204 106 64 Sieg
3019 3202 270 60 verkündet,

1771 3284 105 50 hört
1904 3284 80 50 das
2016 3284 118 49 Volk
2174 3284 99 49 eine
2300 3283 98 48 Zeit
2431 3283 107 64 lang
2576 3283 80 47 mit
2682 3282 202 63 Neugier
2920 3298 71 41 zu,
3037 3281 132 48 kehrt
3197 3282 94 47 ihm

1773 3363 111 48 aber
1914 3362 86 48 den
2032 3362 210 57 Rücken,
2281 3378 131 31 wenn
2442 3377 49 31 er
2520 3359 122 49 nicht
2671 3359 84 49 den
2789 3359 220 64 Vorhang
3038 3375 77 31 vor
3145 3359 152 49 seinen

1771 3441 185 48 Bildern
1988 3441 219 63 wegzieht
2238 3438 88 48 und
2360 3438 120 48 diese
2510 3438 147 47 selber
2689 3437 75 47 für
2794 3437 92 47 sich
2916 3453 187 47 zeugen.

1854 3561 7 5 .
1887 3519 47 46 In
1966 3518 23 47 d
1998 3518 114 47 ieser
2143 3517 260 63 Beziehung
2445 3519 122 45 wäre
2606 3514 244 65 allerdings
2891 3514 68 47 ein
3004 3512 292 65 allgemeiner

1769 3596 242 47 deutscher
2036 3594 320 55 Musikverein,
2380 3594 196 47 welcher
2599 3593 41 47 in
2658 3592 252 65 jährlichen
2936 3592 103 46 Aull
3055 3591 238 62 ührungen

1771 3688 82 32 uns
1885 3672 305 48 Kunstwerke
2219 3672 81 47 der
2331 3672 279 63 Gegenwart
2638 3669 255 55 vorführte,
2924 3668 97 47 eine
3051 3683 82 47 gar
3164 3667 100 47 herr-

1767 3751 115 48 liche
1913 3752 162 53 Sache,
2122 3751 88 47 und
2251 3766 45 30 es
2334 3749 54 47 ist
2427 3749 41 47 in
2502 3748 149 48 Ihrem
2684 3748 144 47 Blatte
2858 3746 62 48 oft
2958 3762 151 47 genug
3148 3743 147 49 davon

1767 3827 71 48 die
1870 3827 124 49 Rede
2025 3843 226 49 gewesen.
2287 3827 148 47 Allein
2465 3826 120 48 ohne
2615 3824 70 47 die
2717 3824 270 62 Einsetzung
3018 3822 124 48 einer
3170 3837 93 32 com-

1767 3912 212 58 petenten
2013 3903 227 57 Behörde,
2272 3903 140 50 deren
2442 3902 164 49 Pflicht
2635 3918 45 32 es
2709 3904 139 54 wäre,
2878 3899 133 48 dabei
3043 3898 85 49 den
3155 3899 104 47 Wer-

1765 3986 87 45 ken
1875 3984 161 64 jeder
2066 3983 232 63 Richtung
2320 3982 188 64 gerecht
2529 3998 53 31 zu
2607 3979 201 59 werden,
2840 3977 159 49 würde
3023 3978 70 47 ein
3115 3975 178 50 solcher

1765 4060 166 50 Verein
1964 4063 77 47 für
2069 4060 71 49 die
2169 4062 150 47 Kunst
2346 4059 115 50 eben
2492 4076 48 31 so
2572 4058 147 64 wenig
2750 4055 190 60 wirken,
2986 4055 62 47 als
3077 4054 71 48 die
3176 4053 116 48 Yer-

2906 4131 63 67 n
