3505 4348
1684 106 101 51 301

269 228 77 35 Der
372 230 193 34 Zukunft?
596 231 114 34 Nein!
743 234 48 33 Es
821 235 49 33 ist
898 235 59 33 die
986 236 125 35 Kunst
1141 238 63 34 der
1235 239 307 45 Gegenwart:

268 287 80 33 Wir
375 287 122 46 geben
525 301 71 21 nur
624 291 153 43 zurück,
809 305 76 22 was
913 294 79 34 Ihr
1021 307 71 23 uns
1120 298 101 44 gabt.

265 348 50 32 Es
343 348 101 32 kann
475 348 64 34 der
567 350 179 35 Künstler
774 354 106 33 nicht
908 366 68 22 aus
1004 357 123 33 seiner
1155 359 82 32 Zeit
1263 358 148 44 heraus,

264 406 50 33 Er
344 406 112 35 wirkt
483 409 38 32 in
551 409 84 34 dem
664 422 74 22 von
767 413 107 33 Euch
903 414 186 45 gebauten
1120 418 118 45 Haus,

264 466 85 33 Und
380 467 175 35 schmäht
584 470 61 33 Ihr
674 471 77 43 ihn,
781 483 40 22 so
850 474 257 36 schmähet
1136 477 78 33 Ihr
1242 478 126 35 Euch
1399 479 170 45 selbst,

265 526 85 34 Und
374 527 81 34 lobt
484 529 63 33 Ihr
574 530 76 43 ihn,
681 543 41 22 so
751 532 91 34 habt
868 534 62 33 Ihr
958 536 37 32 in
1025 535 85 34 dem
1137 537 131 34 Loben

262 585 79 33 Nur
367 586 100 34 Eure
496 588 83 33 Zeit
607 590 77 33 und
712 602 71 22 nur
809 592 130 34 Euch
970 594 156 34 selbst
1155 596 176 36 erhoben.

266 646 89 33 Was
384 648 108 33 Euch
521 649 60 33 die
609 651 127 33 Kunst
765 654 98 32 auch
892 655 99 45 zeigt
1019 656 38 32 in
1087 656 119 33 ihrem
1233 656 162 46 Spiegel,

261 705 78 35 Ihr
367 707 128 34 schuft
524 719 38 23 es
591 710 128 43 selbst,
750 711 74 34 Ihr
852 714 110 33 warft
990 726 38 22 es
1057 716 36 32 in
1124 715 70 34 den
1224 717 145 46 Tiegel.

263 765 47 33 So
341 766 90 33 hebt
460 766 58 35 die
548 768 126 35 Kunst
701 771 81 33 sich
810 771 92 34 über
930 773 85 35 Alle
1045 776 99 46 weit,

262 824 63 34 Sie
353 825 179 47 überragt
560 839 82 33 uns,
673 830 66 45 sie,
771 832 66 33 das
866 832 106 35 Bild
1003 834 82 35 der
1113 837 117 35 Zeit.

263 886 81 32 Wir
372 886 84 34 sind
485 899 73 22 von
588 890 139 34 Eurem
756 892 164 47 Fleisch,
950 907 75 22 von
1054 896 138 33 Eurem
1221 896 90 34 Blut

260 945 72 33 Ein
360 947 162 45 ixopfen
541 960 83 27 nur.
647 978 8 9 .
678 977 7 7 .
708 978 7 8 .
746 952 126 35 Nennt
890 954 64 35 Ihr
974 956 64 34 das
1058 957 99 34 noch
1181 957 64 33 der
1263 957 213 35 Zukunft
1505 959 185 36 Kunst?

363 1054 49 34 So
441 1055 108 34 brich
580 1056 97 33 denn
704 1057 70 46 los,
804 1059 127 34 erzähl
936 1059 6 13 1
950 1088 7 17 ,
987 1060 50 33 du
1064 1060 102 35 Volk
1195 1061 64 34 der
1289 1062 120 45 Töne,

262 1114 89 34 Was
381 1116 197 43 Tasso*)
607 1116 71 43 litt,
709 1118 118 34 damit
854 1120 65 32 ihn
948 1121 96 33 Rom
1073 1122 99 33 einst
1199 1121 133 43 kröne,

263 1173 83 35 Wie
376 1187 63 21 um
470 1176 58 34 die
556 1178 169 33 Freiheit
753 1190 141 35 rangen
926 1182 220 45 Ungarns
1176 1181 82 34 edle
1287 1180 212 47 Söhne**),

261 1234 87 34 Wie
379 1236 117 34 selbst
524 1238 50 32 im
604 1244 143 28 starren
778 1240 149 34 Norden
959 1243 59 32 ein
1049 1240 282 47 Tyrann***)

259 1295 42 33 In
332 1296 96 34 aller
458 1297 128 36 Macht
616 1300 166 47 erliegen
811 1308 120 28 musst
935 1301 7 13 1
973 1302 84 34 dem
1087 1302 114 34 Mann
1207 1301 7 13 1
1220 1328 9 17 ,

261 1357 97 33 Dem
389 1357 91 34 Gott
508 1358 67 34 das
604 1360 229 46 Mächtigste
861 1362 73 46 gab
964 1364 37 31 in
1033 1363 59 33 die
1122 1361 121 47 Seele,

258 1418 79 34 Des
369 1418 149 36 Geistes
549 1420 93 34 Ruf:
676 1422 87 45 „Du
791 1422 75 35 bist
896 1434 50 33 es,
977 1424 71 33 den
1077 1425 62 32 ich
1169 1423 123 35 wähle

257 1477 87 35 Und
372 1478 90 35 habt
492 1491 73 22 von
596 1480 101 34 alten
728 1482 130 44 Tagen
888 1482 58 34 ihr
972 1493 210 35 gesungen,

258 1540 95 33 Vom
385 1540 284 47 Hochzeitszug
701 1542 63 33 des
794 1543 123 34 Herrn
947 1544 65 33 der
1041 1543 239 46 Nibelungen
1291 1542 55 49 f),

255 1600 79 34 Des
365 1601 207 35 deutschen
603 1601 221 47 Siegfried's
845 1604 122 45 junge
997 1604 275 43 Herrlichkeit,

255 1660 51 34 So
337 1661 92 33 malt
457 1672 85 33 uns,
571 1662 120 43 Töne,
724 1664 71 32 den
826 1664 27 33 C
868 1663 121 34 olum
1001 1664 232 35 busstreit
1248 1660 80 52 ff),

256 1722 86 33 Den
372 1722 115 35 Streit
516 1724 68 32 mit
613 1723 63 34 der
704 1723 320 36 Beschränktheit
1053 1725 76 34 und
1158 1726 83 34 dem
1271 1725 168 45 Zweifel,

255 1782 113 35 Lasst
395 1784 151 33 flattern
576 1784 46 35 ob
654 1796 69 24 uns
754 1785 64 34 das
849 1785 332 35 Columbuswort:

259 1845 130 45 „Nach
421 1846 120 45 West,
572 1848 97 33 nach
880 1848 78 33 und
986 1848 89 46 gebt
1104 1848 64 35 der
1195 1849 84 34 Zeit
1308 1848 71 34 den
1409 1849 132 34 Trost:

258 1905 170 46 „Wenn
468 1908 118 34 auch
628 1908 83 34 der
753 1909 174 45 Ringer
967 1909 169 34 Indien
1176 1909 136 34 nicht
1352 1909 139 46 fand,

255 1966 275 35 Vielleicht
567 1968 228 35 entdeckt
833 1970 141 33 dafür
1016 1981 44 23 er
1099 1981 143 23 neues

254 2027 112 33 Doch
395 2027 78 34 still
581 2029 141 34 zuletzt
751 2041 67 23 aus
847 2030 129 46 hoher,
1007 2029 158 47 heiFger
1192 2031 122 33 Ferne

253 2086 136 48 Klingt
418 2090 99 33 noch
549 2091 60 33 ein
643 2090 107 43 Lied,
782 2091 64 34 das
876 2091 125 44 letzte,
1031 2103 48 22 an
1108 2093 101 32 mein
1238 2091 89 35 Ohr.

252 2149 74 33 Ein
355 2150 94 33 Lied
479 2151 65 33 der
572 2151 135 47 Klage,
738 2152 85 34 dass
850 2152 39 34 in
919 2153 128 34 diesen
1077 2153 300 45 Kampfestagen

252 2210 73 33 Die
355 2211 240 34 Menschheit
623 2213 108 33 ihren
763 2213 124 43 Vater,
919 2213 102 43 Gott,
1052 2213 138 34 verlor.

255 2271 89 33 Wer
370 2270 120 35 kennt
518 2272 59 34 die
607 2272 169 46 Sprache
805 2274 106 34 nicht
941 2275 64 33 der
1033 2274 288 35 Davidsüeder:

256 2330 154 46 „Willst
439 2332 63 33 Du
541 2333 100 33 Dein
672 2333 145 34 Antlitz
849 2335 98 45 ewig
976 2346 73 23 von
1078 2346 72 23 uns

255 2391 49 35 So
334 2392 111 34 beten
476 2393 70 34 wir
573 2394 68 33 mit
669 2393 101 47 bang
797 2394 214 46 gehob'nen
1041 2395 164 34 Händen
1227 2421 97 10 ....

252 2452 87 34 Und
367 2445 193 54 Tröstung
587 2453 121 35 fliesst
736 2455 67 33 auf
828 2456 134 33 Tönen
993 2466 45 23 zu
1067 2468 71 22 uns
1167 2456 149 44 nieder;

249 2513 179 34 Versteht
457 2514 59 33 die
544 2514 84 34 Zeit
659 2515 74 34 und
761 2515 122 35 lernet
912 2516 125 35 Neues
1066 2516 124 35 bauen

252 2575 63 33 An
346 2574 193 36 Glaubens
570 2575 117 36 Stelle
716 2579 79 32 tritt
824 2578 61 33 ein
913 2579 179 34 frommes
1122 2578 239 44 Schauen;

254 2636 79 33 Das
364 2637 138 34 Wesen
537 2637 134 35 Gottes
700 2638 65 33 hat
793 2638 80 35 sich
903 2650 74 23 neu
1008 2639 135 34 erhellt
1165 2666 98 10 ....

253 2695 73 34 Die
355 2697 128 33 Kunst
511 2702 165 30 versetzt
704 2698 108 34 Euch
840 2699 38 32 in
909 2699 103 34 dies
1042 2699 122 35 Herz
1196 2700 63 34 der
1287 2699 121 36 Welt!
1430 2726 69 12 ...
1521 2728 9 9 .

256 2758 93 34 Das
378 2760 135 43 singen
543 2760 69 33 wir
643 2786 7 8 .
672 2787 7 7 .
703 2786 7 9 .
739 2759 98 34 doch
865 2760 90 34 nein
984 2787 7 8 .
1014 2789 9 8 .
1045 2787 7 8 .
1083 2765 68 31 wir
1179 2760 211 36 möchten's
1418 2761 147 47 singen.

356 2876 136 45 Bringt
520 2888 82 32 uns,
633 2876 65 33 der
727 2876 206 34 deutschen
965 2878 137 44 Kunst,
1133 2878 59 33 ein
1223 2877 203 36 deutsches
1454 2878 141 45 Volk,

252 2937 73 33 Die
354 2935 129 44 Liebe,
514 2937 129 45 Pflege
674 2937 104 34 eines
810 2937 119 35 Volks
958 2942 208 42 entgegen;

250 2998 115 33 Denn
395 3000 99 32 ohne
523 2997 101 36 Volk
656 2999 79 34 und
763 3000 83 33 Zeit
875 3000 48 34 ist
953 2999 92 35 alles
1076 2999 158 36 Streben

250 3059 80 34 Nur
358 3070 122 24 armer
510 3060 121 43 Tand,
660 3072 72 22 nur
761 3061 248 47 Täuschung,
1039 3061 120 34 leerer
1188 3061 146 43 Dunst;

250 3119 145 34 Darum
424 3120 94 35 lasst
544 3120 178 47 preisend
750 3132 72 23 uns
852 3121 65 34 das
946 3121 95 35 Eine
1070 3126 92 30 stets
1191 3121 184 36 erheben:

252 3180 73 34 Die
355 3180 401 48 volkentsprossene,
785 3193 88 23 vom
903 3181 123 35 Volk
1054 3181 196 48 getrag'ne
1278 3182 173 35 Kunst!

731 3297 203 65 (Schluss
965 3301 143 63 folgt.)

249 3508 35 40 *j
316 3508 213 35 Ouvertüre
558 3522 45 21 zu
636 3508 159 48 Byron's
1032 3523 70 23 von
1134 3513 183 35 Heinrich
1350 3514 162 37 Strauss.

332 3562 165 33 Concert
537 3563 34 32 in
617 3563 246 45 ungarische]*
907 3564 126 33 Weise
1078 3576 73 22 von
1191 3566 192 41 Joachim,
1432 3572 250 40 vorgetragen

148 3624 317 22 von
782 3624 106 22 .
994 3624 105 22 ■
1157 3624 3 22 .

248 3663 70 48 ***)
348 3665 213 34 Ouvertüre
591 3677 45 22 zu
667 3665 195 35 Puschkin
868 3664 6 13 1
880 3678 15 23 «
929 3667 130 46 „Boris
1349 3681 72 22 von
1451 3669 158 36 Arnold,

248 3716 40 44 t)
321 3716 244 46 „Siegfried's
596 3718 284 45 Hochzeitszng
886 3718 6 17 4
895 3718 6 18 '
936 3730 74 22 von
1041 3720 115 36 Bach,

248 3768 66 42 ff)
346 3769 466 46 Columbus-Symphonie
819 3771 17 17 u
869 3781 72 22 von
974 3770 129 35 Abert.

247 3819 92 44 fff)
372 3817 57 39 13.
459 3822 130 33 Psalm
623 3834 72 22 von
727 3822 123 34 Franz
881 3823 114 34 Liszt.

1791 243 96 55 Das
1938 250 170 53 zweite
2151 252 112 55 Fest
2314 255 87 56 des
2456 260 319 57 rheinischen
2819 265 386 72 Sängervereins
3244 292 60 34 zu

2080 344 195 56 Aachen
2317 349 97 54 den
2454 351 46 54 4.
2543 353 298 72 September
2881 360 141 56 1864.

2086 489 71 23 von
2188 479 40 35 C.
2261 482 38 33 J.
2328 483 261 37 Brambach
2693 489 257 46 „Heinrich
2980 494 78 35 der

2334 553 75 22 von
2447 543 44 35 F.
2520 544 245 50 Wüllner.)

1907 635 84 46 Die
2017 636 337 67 Veranlassung
2378 659 76 29 zur
2479 644 255 65 Gründung
2759 642 75 53 des
2863 650 308 54 „rheinischen
3196 656 84 47 Sän-

2127 714 140 47 durch
2312 717 69 47 die
2928 742 82 32 von
3055 731 254 59 Aachen,

1790 788 148 46 Bonn
1971 787 308 68 (Concordia),
2312 794 256 58 Crefeld,
2601 799 291 49 Elberfeld
2924 804 89 45 und
3036 806 69 47 die
3140 809 134 53 „Män-

2468 889 82 30 von
2583 875 142 47 Köln
2770 877 90 47 und
2892 880 199 57 Neuss,
3136 900 47 29 so
3224 886 85 47 wie

1790 940 69 48 die
1889 943 192 46 Zwecke
2125 944 232 52 desselben
2402 949 146 47 haben
2598 952 81 45 wir
2719 953 40 46 in
2798 955 78 46 Nr.
2910 954 68 50 38
3011 959 88 46 und
3131 961 64 46 41
3234 961 75 48 des

1790 1018 183 63 vorigen
2003 1021 258 65 Jahrgangs
2292 1023 140 48 dieses
2463 1027 168 47 lilattes
2669 1046 79 30 aus
2778 1030 215 50 einander
3022 1045 165 53 gesetzt
3218 1039 91 47 und

1790 1095 131 47 dabei
1955 1098 77 45 das
2063 1107 115 38 erste
2207 1101 383 49 Jahres-Concert
2623 1107 250 58 desselben,
2905 1110 77 48 das
3011 1129 42 30 in
3083 1115 118 47 Ivöln
3233 1132 72 31 am

1790 1173 49 47 4.
1869 1174 205 48 October
2104 1192 32 29 v.
2169 1178 37 45 J.
2239 1178 117 46 Statt
2387 1180 119 55 fand,
2540 1181 292 65 besprochen.

1914 1252 126 46 lrotz
2096 1251 79 47 der
2230 1271 183 47 grossen
2467 1258 163 63 Menge
2686 1277 82 30 von
2823 1264 385 63 Sängervereinen
3264 1268 44 48 in

1796 1328 326 59 Deutschland,
2166 1331 109 46 oder
2315 1333 213 64 richtiger
2571 1352 158 47 wegen
2761 1337 144 48 dieser
2936 1342 179 63 Menge,
3159 1343 149 49 haben

1792 1404 80 46 wir
1904 1405 69 47 die
2006 1406 194 64 Bildung
2230 1408 141 48 dieses
2401 1427 146 32 neuen
2576 1413 178 47 Bundes
2783 1415 40 46 in
2854 1417 145 47 seiner
3029 1419 162 47 weisen
3225 1422 56 46 Be-

1789 1482 291 64 schränkung
2111 1485 79 46 auf
2214 1488 126 45 sechs
2365 1487 193 49 Vereine
2590 1490 177 65 freudig
2792 1492 223 64 begrüsst,
3047 1497 97 45 weil
3171 1514 47 29 er
3243 1498 69 47 ein

1791 1557 231 66 doppeltes
2065 1562 90 46 Ziel
2200 1563 57 46 im
2291 1565 132 64 Auge
2468 1566 91 56 hat,
2604 1567 155 48 dessen
2795 1570 282 66 Verfolgung
3121 1589 192 33 unseren

1791 1636 88 46 und
1911 1638 161 61 gewiss
2103 1639 82 46 den
2221 1641 267 49 Wünschen
2533 1645 108 46 aller
2674 1647 208 47 Freunde
2912 1647 80 48 der
3024 1650 290 49 Vocalmusik

1792 1716 258 62 entspricht.
2111 1718 130 45 Denn
2274 1719 163 47 einmal
2478 1721 73 47 hat
2582 1722 69 46 die
2683 1724 379 66 Ueberzeugung,
3103 1727 100 48 dass
3234 1729 80 47 der

1788 1789 266 50 drohenden
2079 1795 266 65 Ausartung
2376 1797 75 46 des
2478 1799 429 66 Männergesanges,
2938 1803 79 47 der
3045 1805 145 47 seiner
3220 1807 62 47 Na-

1790 1876 72 38 tur
1905 1870 113 46 nach
2064 1872 161 61 gewiss
2268 1873 99 48 eine
2411 1876 167 48 schöne
2629 1878 162 47 Blüthe
2835 1879 78 47 der
2956 1881 236 48 Tonkunst
3234 1883 80 47 der

1789 1963 200 31 neueren
2021 1949 96 46 Zeit
2159 1949 71 57 ist,
2272 1951 122 47 nicht
2435 1968 47 31 so
2525 1954 105 47 sehr
2667 1954 140 49 durch
2839 1956 117 49 bloss
2995 1960 319 56 massenhafte,

1790 2024 63 45 als
1884 2024 216 47 vielmehr
2131 2025 142 48 durch
2305 2029 226 48 technisch
2565 2032 238 63 möglichst
2842 2035 329 48 vollkommene
3203 2038 84 46 Auf-

1791 2100 263 65 führungen
2087 2110 224 58 entgegen
2336 2107 252 62 gearbeitet
2613 2109 181 48 werden
2826 2111 164 57 könne,
3020 2113 73 46 ihn
3128 2114 156 47 hervor-

1788 2179 208 61 gerufen,
2044 2180 87 46 und
2164 2183 209 46 zweitens
2404 2184 75 47 hat
2509 2186 71 46 die
2614 2187 387 66 Wahrnehmung
3031 2190 78 48 der
3140 2192 145 47 Ueber-

1792 2254 175 64 flutung
1999 2256 76 47 des
2107 2259 341 48 musicalischen
2475 2262 199 48 Marktes
2707 2265 73 46 für
2804 2264 118 48 diese
2947 2267 202 63 Gattung
3171 2267 142 49 durch

1790 2333 62 46 oft
1882 2333 104 47 sehr
2016 2333 146 49 flache
2193 2336 367 65 Compositionen
2592 2340 83 47 den
2716 2342 263 48 Entschluss
3017 2344 75 47 des
3124 2345 189 48 Vereins

1787 2427 77 28 zur
1898 2412 125 47 Reife
2055 2412 237 63 gebracht,
2324 2415 69 47 die
2418 2418 149 47 Hälfte
2592 2418 75 47 des
2691 2419 321 66 Reinertrages
3042 2422 124 47 einer
3189 2423 100 63 jähr-

1790 2488 141 46 lichen
1966 2488 525 70 Concert-Auflührung
2521 2513 48 29 zu
2597 2496 180 47 Preisen
2809 2514 49 30 zu
2892 2498 283 58 bestimmen,
3208 2501 80 46 wel-

1788 2566 82 46 che
1901 2573 179 40 ernsten
2111 2572 236 59 grösseren
2382 2572 366 64 Compositionen
2782 2575 74 46 für
2887 2577 302 47 Männerchor
3220 2577 92 49 und

1788 2643 265 56 Orchester,
2085 2647 117 46 ohne
2234 2648 61 46 als
2320 2649 320 49 Solostimmen
2672 2651 85 48 den
2782 2652 177 64 Sopran
2990 2653 90 47 und
3105 2655 75 47 Alt
3209 2671 78 32 aus-

1786 2721 313 58 zuschliessen,
2122 2725 249 48 zuerkannt
2392 2728 182 47 werden
2598 2729 156 56 sollen,
2787 2730 88 47 und
2905 2747 120 31 zwar
3056 2732 138 47 ohne
3225 2732 86 48 den

1789 2798 321 65 Componisten
2133 2802 76 46 das
2231 2803 435 63 Eigenthumsrecht
2696 2823 55 31 an
2777 2807 85 47 den
2894 2809 250 62 gekrönten
3171 2810 105 49 Wer-

1789 2876 83 47 ken
1905 2894 49 29 zu
1987 2878 261 49 verkürzen.

1906 2955 82 46 Die
2032 2957 283 48 aachener
2359 2959 350 49 Liedertafel
2756 2979 93 31 war
2886 2963 137 48 schon
3055 2981 76 30 vor
3163 2965 118 47 Grün-

1787 3029 124 66 dung
1942 3031 76 49 des
2056 3033 283 50 rheinischen
2369 3038 350 63 Sängervereins
2761 3039 139 48 durch
2941 3041 68 47 ein
3042 3041 242 47 Preis-Aus-

1786 3109 236 48 schreiben
2063 3128 98 30 vom
2203 3113 79 48 15.
2316 3115 206 47 Februar
2561 3115 140 50 1863
2747 3117 41 46 in
2832 3116 83 49 den
2962 3119 138 46 Besitz
3143 3119 163 48 zweier

1787 3187 253 63 gekrönten
2077 3190 174 48 Werke
2283 3191 75 48 für
2388 3193 302 47 Männerchor
2723 3194 87 47 und
2842 3196 247 47 Orchester
3118 3196 159 64 gekom-

1788 3281 118 39 men,
1939 3266 87 46 und
2060 3283 44 30 es
2136 3283 94 32 war
2260 3286 111 44 ganz
2401 3270 41 46 in
2475 3270 78 47 der
2584 3271 243 64 Ordnung,
2870 3272 100 48 dass
3001 3273 69 47 die
3100 3274 176 47 Auffüh-

1785 3358 116 48 rung
1933 3342 235 49 derselben
2201 3345 84 48 den
2309 3348 124 46 Kern
2466 3348 75 47 des
2565 3349 294 63 Programms
2882 3367 52 30 zu
2959 3350 100 48 dem
3088 3351 221 48 Concerte

1786 3436 68 30 am
1897 3420 46 47 4.
1986 3422 272 63 September
2304 3425 177 47 bildete.
2549 3426 132 47 Diese
2727 3428 300 63 Aufführung
3072 3429 77 47 hat
3190 3428 115 48 denn

1783 3499 73 45 auf
1904 3498 199 48 wirklich
2150 3501 244 62 glänzende
2428 3503 155 47 Weise
2630 3504 242 56 bewiesen,
2915 3506 98 47 dass
3055 3506 68 47 die
3160 3507 145 46 Preis-

1784 3577 451 64 Ausschreibungen,
2273 3596 128 31 wenn
2444 3598 101 30 man
2589 3599 84 29 nur
2704 3581 130 48 dabei
2867 3583 83 46 den
2983 3583 320 64 Componisten

1783 3653 68 46 die
1883 3654 219 64 gehörige
2136 3657 197 46 Freiheit
2365 3660 117 52 lässt,
2526 3659 116 46 denn
2688 3659 111 47 doch
2843 3661 119 46 nicht
3002 3676 47 31 so
3092 3661 211 62 erfolglos

1781 3730 113 56 sind,
1928 3731 82 48 wie
2035 3749 101 30 man
2162 3734 61 47 sie
2248 3734 62 46 oft
2394 3735 166 47 freilich
2592 3754 97 30 zum
2724 3738 125 46 Theil
2882 3738 80 45 auf
2983 3737 319 63 Erfahrungen

1782 3812 192 60 gestützt
2075 3810 240 49 darstellen
2347 3813 120 54 hört,
2499 3814 116 47 denn
2648 3815 140 46 dieses
2819 3816 88 45 Mal
2940 3816 146 46 haben
3117 3816 61 46 sie
3208 3819 62 42 An-

1783 3903 177 47 regung
1989 3905 50 29 zu
2070 3889 107 46 zwei
2210 3889 378 65 wirkungsvollen
2624 3892 366 63 Compositionen
3029 3893 40 46 in
3100 3908 201 48 grossem

1782 3965 107 47 Stile
1920 3965 223 65 gegeben,
2186 3966 70 47 die
2300 3967 82 47 wir
2422 3969 62 46 als
2528 3969 126 47 einen
2687 3969 183 47 wahren
2904 3970 188 47 Gewinn
3126 3970 74 46 für
3230 3969 71 47 die

1782 4043 230 46 Literatur
2043 4044 75 47 des
2149 4045 415 64 Männergesanges
2594 4045 269 49 bezeichnen
2897 4047 192 48 können.
