3487 4348
1709 173 109 50 298

199 318 64 48 sie
291 334 49 31 zu
364 318 122 47 einer
512 315 201 49 höheren
736 314 337 66 rhythmischen
1098 313 229 65 Ordnung
1348 329 53 32 zu
1423 313 291 65 vereinigen?

200 395 88 47 Die
330 394 293 62 Darstellung
661 391 80 47 der
771 391 398 49 Aristoxenischen
1200 390 239 48 Tactlehre
1481 398 109 39 setzt
1633 405 81 32 uns

197 473 43 45 in
271 472 84 45 den
386 470 157 54 Stand,
575 470 180 46 hierauf
779 469 72 47 die
880 469 189 62 richtige
1101 470 212 46 Antwort
1340 485 53 30 zu
1422 468 161 63 geben.
1630 468 84 47 Die

195 548 306 64 rhythmische
531 546 196 46 Theorie
755 545 80 48 der
866 545 223 48 Griechen
1121 545 90 47 und
1243 544 221 48 demnach
1496 544 114 48 auch
1642 544 70 47 die

194 624 160 47 Praxis
385 623 120 47 ihrer
536 621 251 49 musischen
819 621 147 47 Kunst
1002 621 92 47 hält
1124 620 85 48 den
1243 620 175 64 Begriff
1440 620 80 47 der
1555 620 131 65 rhyth-

194 700 197 48 mischen
424 700 142 47 Reihe
595 700 117 47 eben
741 715 47 31 so
819 705 170 57 streng,
1028 714 131 32 wenn
1201 699 122 47 nicht
1360 698 114 47 noch
1505 706 208 54 strenger

191 776 100 56 fest,
320 776 62 47 als
415 776 80 47 wir
527 776 260 47 Modernen.
818 775 297 47 Aristoxenus
1138 781 139 41 nennt
1298 790 122 32 zwar
1442 774 70 48 die

190 853 92 48 und
313 853 138 46 deren
713 853 287 63 orjfieiaals
815 851 70 47 die
922 853 132 62 völlig
1091 851 354 47 ausreichenden
1489 851 193 47 Bestand-

193 930 136 48 theile
372 930 76 46 des
492 930 272 65 Rhythmus,
804 929 137 47 aber
981 929 138 48 eben
1160 929 96 47 das
1304 929 164 47 Wort

190 1006 337 48 bezeichnet
590 1006 83 46 als
729 1004 515 48 Kunst-Ausdruck
1313 1004 99 48 der
1474 1005 234 48 antiken

188 1082 306 65 Rhythmik
539 1082 157 47 nicht
738 1081 151 48 bloss
932 1081 123 62 das,
1100 1098 109 31 was
1253 1081 98 47 wir
1394 1081 311 48 Modernen

188 1161 87 47 die
313 1161 176 47 Tacte
524 1176 254 38 nennen,
819 1159 242 48 sondern
1106 1175 56 32 es
1201 1161 75 46 ist
1313 1160 265 63 zugleich
1609 1159 95 48 der

186 1237 303 49 Ausdruck
522 1237 82 47 für
636 1253 241 31 unseren
910 1236 223 64 Begriff
1155 1235 97 48 der
1282 1236 422 65 rhythmischen

186 1315 193 48 Reihe.

302 1390 352 48 Ueberschauen
686 1388 82 47 wir
797 1388 71 49 die
896 1390 111 47 Zahl
1037 1388 80 49 der
1147 1388 113 49 nach
1300 1388 80 47 der
1411 1391 294 62 Darstellung

184 1467 77 48 des
293 1467 297 47 Aristoxenus
631 1467 68 46 bei
730 1467 86 47 den
848 1467 133 47 Alten
1025 1466 386 48 vorkommenden
1442 1468 140 46 Tacte
1624 1467 81 47 der

186 1547 166 47 Grösse
385 1546 87 46 und
505 1545 80 47 der
606 1546 184 46 Tactart
819 1545 112 47 nach
964 1542 63 66 (es
1055 1545 97 47 sind
1183 1545 121 47 ihrer
1341 1545 103 63 19),
1473 1562 47 31 so
1553 1545 151 48 finden

183 1623 82 46 wir
296 1622 100 47 dort
423 1622 214 47 zunächst
664 1622 151 47 solche
844 1622 158 55 Tacte,
1046 1622 170 47 welche
1247 1622 81 46 wir
1359 1622 250 48 Modernen
1641 1623 63 47 als

180 1700 206 48 einfache
412 1700 110 45 oder
548 1706 521 57 unzusammengesetzte
1093 1700 139 47 Tacte
1257 1698 286 50 bezeichnen.
1573 1700 129 48 Nach

179 1778 301 47 Aristoxenus
510 1776 183 47 werden
722 1777 63 46 sie
815 1777 114 47 auch
964 1776 67 47 bei
1063 1776 85 48 den
1181 1777 132 47 Allen
1355 1794 316 31 unzusammen-

178 1862 194 56 gesetzte
402 1855 157 54 Tacte,
588 1851 313 48 ctovv&ZTOi
941 1848 186 62 tcodeg,
1157 1862 213 56 genannt.
1426 1856 141 47 Ihnen
1608 1856 96 47 tritt

178 1932 100 48 eine
308 1931 207 62 ungleich
548 1935 209 58 grössere
778 1931 111 48 Zahl
914 1947 83 32 von
1022 1933 169 47 Tacten
1215 1932 283 64 gegenüber,
1531 1933 171 47 welche

178 2009 44 47 in
252 2008 80 46 der
367 2011 115 43 allen
517 2008 337 64 Kunstsprache
893 2017 461 55 zusammengesetzte
1383 2011 156 53 Tacte,

191 2083 108 48 ■d-et
418 2098 52 31 01
599 2079 89 61 noöeg,
689 2093 110 55 genannt
829 2084 203 49 wurden.
1064 2087 130 46 Auch
1227 2087 82 46 wir
1338 2087 249 47 Modernen
1622 2088 52 46 ha-

179 2162 87 47 ben
292 2171 462 53 zusammengesetzte
773 2164 154 46 Tacte.
962 2164 105 46 Wir
1091 2163 150 48 finden
1266 2164 226 47 dieselben
1516 2169 153 44 sämmt-

178 2238 86 48 lich
297 2246 128 39 unter
456 2237 83 48 den
978 2229 171 66 nööeg
1401 2237 273 48 Gvv&eroi
1087 2241 80 47 der
1199 2242 132 46 Alten
1364 2242 183 48 wieder.
1576 2242 127 47 Aber

175 2317 116 48 nach
325 2316 159 63 Abzug
514 2316 238 48 derselben
783 2316 141 49 bleibt
953 2326 133 39 unter
1107 2318 87 48 den

175 2394 117 49 noch
336 2394 164 46 immer
542 2393 98 47 eine
683 2393 123 48 nicht
847 2393 353 50 unbedeutende
1239 2396 112 47 Zahl
1394 2397 187 54 zurück,
1627 2398 75 46 für

176 2472 173 47 welche
379 2470 83 47 wir
491 2470 42 47 in
574 2487 185 30 unserer
790 2472 387 65 Tact-Kategorie
1215 2474 131 47 keine
1376 2474 211 64 Analoga
1616 2473 63 48 fin-

176 2548 102 49 den.
336 2548 107 48 Wir
482 2553 178 42 müssen
691 2549 119 48 diese
842 2550 209 63 Analoga
1093 2559 131 40 unter
1253 2567 193 32 unseren
1479 2552 194 66 rhythmi-

175 2627 136 47 schen
357 2625 171 47 Reihen
578 2627 188 53 suchen,
815 2627 90 48 und
955 2628 115 47 auch
1112 2628 268 65 denjenigen

190 2699 187 61 noöeg,
402 2704 201 47 welchen
633 2704 91 46 sich
757 2704 143 64 gleich
932 2722 155 48 grosse
1125 2707 89 47 und
1244 2707 144 63 gleich
1421 2709 281 62 gegliederte

172 2788 460 56 zusammengesetzte
661 2782 140 47 Tacte
844 2782 80 48 der
962 2783 252 48 Modernen
1254 2801 78 30 zur
1375 2784 122 48 Seite
1543 2787 175 45 stellen'

174 2858 162 54 lassen,
379 2874 138 41 muss,
559 2859 113 47 nach
703 2859 80 47 der
814 2860 306 65 Anwendung
1149 2879 52 30 zu
1242 2862 242 56 urtheilen,
1529 2863 171 48 welche

174 2934 72 48 die
275 2952 83 30 uns
387 2937 114 47 noch
545 2937 246 48 theilweise
820 2939 291 64 vorliegende
1140 2940 160 47 Praxis
1341 2939 80 48 der
1451 2942 135 47 Alten
1615 2957 84 32 von

171 3013 137 48 ihnen
352 3014 194 55 machte,
597 3014 69 48 die
707 3015 273 66 Bedeutung
1022 3034 84 31 von
1154 3018 341 66 rhythmischen
1524 3019 176 48 Reihen

171 3092 254 47 zuerkannt
457 3092 198 49 werden.

291 3169 185 47 Hierbei
503 3170 85 46 will
617 3185 81 32 uns
722 3169 168 48 freilich
917 3170 214 49 Manches
1162 3172 123 48 nicht
1314 3173 128 48 recht
1472 3173 203 48 einleuch-

171 3253 92 40 ten.
296 3246 75 47 Bei
404 3263 81 30 uns
512 3246 247 49 Modernen
791 3248 55 47 ist
875 3248 70 48 die
975 3248 83 48 fast
1086 3266 114 48 ganz
1223 3250 270 64 allgemeine
1519 3252 151 48 Anord-

174 3339 124 48 nung
329 3324 78 47 der
437 3325 139 47 Tacte
606 3342 52 30 zu
689 3325 311 65 periodischen
1031 3328 157 47 Sätzen
1220 3328 111 47 oder
1360 3329 175 47 Reihen
1564 3328 138 58 diese,

176 3400 99 48 dass
315 3403 161 47 immer
517 3403 90 48 vier
637 3404 140 47 Tacte
816 3422 52 29 zu
900 3405 146 47 einem
1080 3405 196 48 Vorder-
1309 3406 112 49 oder
1450 3408 253 49 Nachsatze

174 3480 432 64 zusammengefasst
635 3481 199 49 werden.
891 3483 136 47 Diese
1058 3483 293 48 Reihenform
1392 3484 54 48 ist
1474 3502 93 30 nun
1597 3485 84 48 frei-

176 3556 88 47 lich
310 3558 113 47 auch
470 3558 68 48 bei
579 3558 86 49 den
694 3560 136 47 Alten
860 3568 223 40 vertreten
1127 3559 60 66 (in
1219 3561 85 49 den
1334 3563 369 64 tetrapodischen

174 3634 208 63 Reihen).
416 3635 125 48 Aber
572 3638 80 45 wir
682 3636 230 50 erblicken
943 3638 97 48 hier
1069 3639 114 47 noch
1214 3655 49 32 so
1294 3641 193 49 manche
1516 3641 184 51 andere.

171 3711 147 49 Unter
360 3713 134 47 ihnen
534 3714 188 48 machen
763 3732 81 30 uns
873 3716 72 47 die
978 3716 268 64 Dipodieen,
1287 3718 45 48 in
1374 3735 48 32 so
1468 3719 95 48 fern
1606 3720 94 48 dies

171 3790 305 65 selbständige
505 3791 175 49 Reihen
710 3793 91 47 sein
832 3794 157 56 sollen,
1021 3795 129 47 keine
1180 3795 364 66 Schwierigkeit,
1581 3796 118 51 denn

174 3867 114 47 auch
321 3867 69 47 bei
423 3885 82 31 uns
538 3869 189 48 machen
762 3870 226 50 bisweilen
1032 3873 122 47 nicht
1196 3873 108 57 vier,
1346 3874 198 49 sondern
1587 3876 109 49 zwei

175 3955 523 53 unzusammengesetzte
729 3949 138 45 Tacte
904 3950 99 47 eine
1031 3951 146 47 Reihe
1221 3951 77 47 für
1334 3953 93 47 sich
1468 3969 98 42 aus,
1605 3970 94 33 was

175 4036 81 33 aus
285 4021 101 48 dem
419 4024 303 48 melodischen
754 4025 177 48 Inhalte
961 4026 194 48 deutlich
1200 4045 154 49 genug
1381 4047 51 30 zu
1464 4031 232 50 erkennen

176 4097 68 50 ist.
277 4099 354 50 Befremdlicher
659 4102 95 49 sind
788 4120 82 32 uns
899 4104 70 48 die
998 4104 141 49 vielen
1164 4105 313 69 dreitheiligen
1503 4109 195 58 Reihen,

1815 314 221 48 darunter
2058 314 115 48 auch
2198 315 100 47 eine
2321 332 83 32 von
2428 317 94 47 drei
2547 315 270 65 Dipodieen.
2848 317 60 47 Es
2932 315 113 49 wird
3068 333 98 39 uns,
3190 317 147 48 denke

1815 391 86 54 ich,
1931 391 122 49 nicht
2083 391 133 49 leicht
2248 393 147 53 fallen,
2428 395 151 46 hierzu
2612 394 210 62 Analoga
2850 394 43 47 in
2926 411 186 30 unserer
3143 395 165 47 musica-

1813 468 165 48 lischen
2004 468 418 66 Periodenbildung
2453 488 49 29 zu
2536 470 221 64 finden*),
2790 487 129 30 wenn
2944 470 163 48 anders
3132 472 203 46 wirklich

1804 545 47 64 je
1881 544 94 48 drei
2009 545 249 64 Dipodieen
2291 546 141 47 durch
2464 546 85 47 den
2592 546 339 47 musicalischen
2960 546 151 49 Inhalt
3149 548 92 47 sich
3280 564 55 31 zu

1811 621 145 47 einem
2009 621 308 64 periodischen
2364 623 199 47 Vorder-
2613 624 91 46 und
2752 623 253 47 Nachsatze
3049 640 253 32 zusammen-

1809 700 238 46 schliessen
2079 701 155 46 sollen.

1925 775 126 47 Aber
2075 776 112 46 noch
2215 776 257 64 auffälliger
2495 776 54 47 ist
2570 793 46 30 es
2641 793 98 39 uns,
2768 775 102 48 dass
2893 776 71 47 die
2988 776 132 47 Alten
3146 776 40 47 in
3210 776 125 49 ihrer

1811 868 80 30 uns
1921 869 112 46 ganz
2067 853 201 46 fremden
2302 854 215 47 Vorliebe
2550 854 75 45 für
2658 853 372 64 Fünftheiligkeit
3058 853 80 46 der
3177 853 130 67 rhyth-

1808 929 198 47 mischen
2032 929 269 48 Abschnitte
2324 945 48 32 so
2399 930 104 47 weit
2526 930 165 63 gehen,
2723 929 100 48 dass
2852 930 64 47 sie
2944 930 124 47 nicht
3099 929 116 49 bloss
3246 930 86 50 den

1811 1002 18 28 5
1834 1002 67 70 /s-
1934 1006 91 47 und
2061 1004 18 28 5
2084 1004 188 68 /VTact
2301 1006 166 56 haben,
2511 1006 196 48 sondern
2739 1007 117 47 auch
2894 1006 47 65 je
2985 1007 107 47 fünf
3126 1006 206 48 einfache

1806 1085 141 46 Tacte
1976 1101 51 30 zu
2058 1085 126 46 einer
2221 1084 319 48 einheitlichen
2571 1084 144 48 Reihe
2756 1091 429 41 zusammensetzen.
3243 1087 88 46 Am

1803 1160 262 47 leichtesten
2110 1160 181 48 können
2335 1161 83 47 wir
2456 1176 82 32 uns
2580 1178 85 30 von
2707 1160 153 48 diesen
2908 1161 271 64 päonischen
3220 1161 113 48 oder

1806 1237 321 49 hemiolischen
2160 1239 217 55 Formen,
2419 1240 83 46 wie
2531 1239 62 47 sie
2622 1239 71 47 die
2725 1240 132 46 Alten
2898 1247 217 47 nannten,
3156 1240 80 46 mit
3264 1240 45 47 ih-

1804 1331 94 31 rem
1933 1312 17 28 5
1956 1316 215 66 /4-Tacte
2213 1315 112 48 oder
2354 1317 123 47 Päon
2509 1316 209 64 epibatus
2748 1315 301 57 befreunden,
3077 1316 146 47 zumal
3255 1316 75 48 ihn

1802 1392 72 47 die
1916 1394 197 47 Theorie
2156 1392 76 47 des
2263 1394 300 47 Aristoxenus
2606 1394 114 47 nach
2766 1394 86 45 den
2895 1394 42 47 in
2982 1392 101 47 dem
3130 1392 173 49 Voraus-

1802 1468 239 65 gehenden
2065 1485 316 48 gewonnenen
2408 1470 306 63 Ergebnissen
2738 1468 171 65 gerade
2931 1485 48 32 so
3011 1468 204 58 auffasst,
3246 1470 85 47 wie

1803 1547 233 47 Boieldieu
2077 1546 44 47 in
2164 1547 148 48 seiner
2352 1547 242 56 „Weissen
2885 1546 194 48 nämlich
3124 1547 63 47 als
3232 1547 100 47 eine

1799 1625 466 63 Zusammensetzung
2297 1623 78 49 des
2406 1623 19 26 3
2430 1621 68 71 /4-
2524 1623 92 49 und
2649 1621 18 28 2
2673 1621 252 70 /4-Tactes.
2955 1623 131 49 Auch
3118 1622 85 50 den
3238 1621 18 28 5
3261 1620 70 71 /s-

1801 1702 115 47 Tact
1945 1702 144 48 lassen
2118 1702 84 47 wir
2231 1702 245 64 hingehen,
2500 1701 56 48 da
2582 1702 115 47 auch
2729 1717 164 32 unsere
2918 1701 250 48 modernen
3194 1701 103 48 Com-

1801 1781 207 65 ponisten
2030 1781 146 65 einige
2193 1781 251 56 Versuche,
2467 1780 78 48 ihn
2568 1778 330 59 anzuwenden,
2928 1780 215 63 gemacht
3166 1778 166 51 haben.

1799 1857 130 50 Aber
1958 1875 105 47 mag
2094 1857 116 50 auch
2240 1857 80 48 der
2361 1853 17 29 5
2385 1852 203 72 /4-Tact,
2629 1872 49 32 so
2721 1856 179 49 denken
2945 1856 100 58 wir,
3087 1856 244 48 immerhin

1799 1935 201 64 geläufig
2028 1952 154 46 genug
2210 1936 110 53 sein,
2350 1935 102 47 dass
2481 1951 50 31 er
2559 1933 138 49 selbst
2726 1935 42 45 in
2794 1950 194 32 unseren
3016 1933 314 49 Volksliedern

1799 2013 93 47 sich
1936 2013 286 47 nachweisen
2267 2015 104 44 lässt
2414 2012 98 61 (der
2541 2012 295 62 ehrwürdige
2869 2008 17 27 5
2892 2011 332 66 /4-Khythmus
3255 2011 77 47 des

1813 2092 158 55 „Prinz
2003 2092 179 62 Eugen,
2213 2091 80 47 der
2323 2089 100 49 edle
2662 2089 203 47 verdient
2894 2089 42 46 in
2960 2088 132 64 jeder
3126 2089 206 46 Hinsicht

1799 2185 80 30 vor
1914 2168 80 47 der
2033 2168 216 48 Cavatine
2288 2167 80 47 der
2409 2167 244 55 „Weissen
2900 2166 88 45 den
3021 2164 218 64 Vorzug),
3281 2182 50 29 so

1802 2246 162 47 wollen
1999 2246 81 45 wir
2109 2244 116 49 doch
2257 2244 123 47 nicht
2415 2243 230 53 einsehen,
2684 2243 84 47 wie
2798 2260 45 30 es
2875 2243 194 61 möglich
3101 2258 230 47 gewesen,

1801 2323 101 47 dass
1934 2340 103 30 man
2061 2323 164 64 jemals
2248 2323 42 46 in
2315 2322 80 47 der
2419 2321 390 62 Melodiebildung
2833 2337 56 31 an
2914 2319 82 47 der
3022 2319 310 65 Vereinigung

1801 2417 83 32 von
1917 2401 106 47 fünf
2049 2397 17 28 2
2072 2397 88 71 /4-,
2189 2399 111 49 oder
2879 2398 20 25 3
2904 2396 87 69 /s-,
2472 2398 112 48 oder
2613 2415 83 48 gar
2729 2394 18 28 5
2752 2393 247 71 /8-Tacten
3029 2415 53 29 zu
3115 2397 192 47 fünfthei-

1801 2479 118 64 ligen
1950 2479 159 47 Sätzen
2143 2478 205 48 Gefallen
2390 2476 230 64 gefunden
2654 2476 150 49 haben
2845 2477 160 47 könne.
3064 2474 85 49 Die
3180 2476 126 47 erfah-

1801 2564 180 40 rensten
2011 2572 190 32 unserer
2231 2554 480 50 Musik-Theoretiker
2752 2553 157 47 stellen
2949 2553 78 47 das
3058 2552 42 47 in
3130 2552 201 48 Abrede.

1802 2634 101 49 Und
1935 2633 114 48 doch
2083 2634 170 47 könnte
2283 2650 46 30 es
2358 2632 92 48 sich
2483 2632 135 47 leicht
2648 2631 345 54 herausstellen,
3024 2631 101 46 dass
3156 2631 146 46 Aristo-

1798 2728 146 32 xenus
1981 2712 43 47 in
2056 2711 80 48 der
2166 2712 347 61 Anerkennung
2555 2708 466 63 verschiedenartiger
3064 2708 242 63 pentapodi-

1799 2789 134 49 scher
1962 2787 350 67 (fünftheiliger)
2344 2788 177 48 Reihen
2549 2787 76 48 der
2671 2785 342 50 musicalischen
3044 2785 160 47 Praxis
3246 2785 63 47 sei-

1801 2883 77 33 nes
1911 2868 166 48 Volkes
2119 2868 99 47 eine
2262 2871 209 60 grössere
2507 2864 421 50 Aufmerksamkeit
2970 2864 92 47 und
3106 2863 229 48 schärfere

1801 2944 334 66 Beobachtung
2166 2944 79 50 hat
2273 2962 51 30 zu
2349 2944 130 47 Theil
2511 2943 185 48 werden
2726 2943 163 56 lassen,
2921 2942 63 48 als
3013 2942 72 47 die
3116 2942 216 63 heutigen

1802 3023 480 48 Musik-Theoretiker
2325 3022 86 48 den
2458 3022 42 47 in
2546 3037 189 37 unserer
2763 3020 149 49 Musik
2944 3018 388 49 vorkommenden

1801 3102 339 63 rhythmischen
2174 3103 212 46 Formen.
2425 3100 74 47 Ich
2532 3100 89 46 will
2654 3099 95 47 hier
2780 3098 123 48 nicht
2932 3098 80 47 auf
3038 3098 85 47 den
3156 3097 145 64 Rhyth-

1801 3196 99 30 mus
1930 3194 189 32 unserer
2147 3177 397 49 Volksmelodieen
2569 3177 265 55 hinweisen,
2857 3175 123 47 nicht
3010 3174 81 48 auf
3115 3174 71 47 die
3210 3173 99 51 fünf-

1802 3255 214 65 tbeiligen
2060 3257 177 48 Reihen
2281 3255 77 47 des
2401 3254 343 48 schwäbischen
2787 3253 185 48 Liedes:
3022 3253 162 63 „Gang
3213 3252 10 47 i
3255 3268 80 33 ans

2126 3335 70 47 die
2226 3334 170 48 freilich
2428 3351 85 30 von
2544 3333 85 47 den
2667 3332 368 48 norddeutschen
3072 3333 232 62 Herausge-

1801 3410 113 50 bern
1944 3412 131 48 meist
2103 3412 42 48 in
2176 3412 279 63 viertheilige
2477 3410 282 64 abgeändert
2785 3409 199 56 werden,
3015 3426 45 30 es
3091 3409 96 62 gibt
3215 3408 117 48 auch

1802 3490 43 49 in
1891 3506 190 33 unserer
2123 3490 301 64 eigentlichen
2462 3488 327 49 Kunst-Musik
2834 3488 389 65 Compositionen,
3262 3503 70 32 wo

1803 3568 291 65 fünftheilige
2122 3568 176 49 Reihen
2338 3568 124 48 nicht
2500 3568 120 48 bloss
2662 3566 171 49 einzeln
2874 3566 62 47 als
2974 3565 243 64 beiläufige
3250 3565 55 47 Er-

1801 3647 315 64 weiterungen
2146 3647 124 48 einer
2300 3647 292 64 viertactigen
2618 3645 143 48 Reihe
2791 3643 315 56 vorkommen,
3135 3643 197 48 sondern

1799 3724 174 48 welche
2003 3725 43 47 in
2075 3724 146 50 ihrem
2248 3725 257 65 Rhythmus
2531 3724 127 48 recht
2686 3723 240 64 eigentlich
2958 3723 81 47 auf
3064 3721 269 64 fünftactige

1801 3801 372 66 Reihenbildung
2212 3803 140 48 basirt
2392 3801 113 50 sind.
2561 3801 116 49 Eine
2725 3801 153 49 solche
2925 3800 312 65 Composition
3280 3799 55 47 ist

1900 4008 37 49 *)
1966 4011 56 34 Zu
2051 4010 72 34 den
2153 4009 265 47 dreitheiligen
2448 4010 219 47 Rhythmen
2705 4008 112 45 wohl,
2860 4022 32 23 z.
2921 4010 41 35 B.
2993 4008 53 35 im
3076 4007 165 35 Scherzo
3270 4006 65 35 der

1797 4073 169 32 neunten
1997 4069 174 36 Sinfonie
2207 4081 74 24 von
2317 4071 294 36 Beethoven.
2658 4069 145 47 (Vergl.
2834 4068 197 36 Hiller's
3060 4067 275 46 Rhythmische

1795 4132 161 36 Studien
1983 4133 61 35 für
2071 4130 250 48 Pianoforte.)
2832 4130 89 35 Die
2949 4128 280 36 Redaction.
