3487 4348
1706 152 109 50 300

194 295 163 57 Ries,
397 294 435 65 Schwiegermutter
862 296 168 47 meines
1059 296 185 47 ältesten
1274 295 193 56 Sohnes,
1505 294 174 65 empfan-

385 373 273 47 Ausserdem
703 371 187 49 beweist
931 371 71 49 die
1044 373 395 54 unverkennbare,
1496 371 213 47 mitunter

191 449 177 48 schwer
395 465 50 29 zu
477 449 292 48 entziffernde
800 447 292 50 Handschrift
1122 450 295 47 Beethoven'»
1446 447 97 47 ihre
1564 447 113 47 Echt-

190 525 107 48 heit.
350 525 73 47 Sie
459 525 96 48 sind
597 541 165 49 genau,
805 526 119 47 ohne
962 525 160 63 irgend
1163 526 98 47 eine
1299 524 409 64 orthographische

189 600 282 65 Aenderung
500 600 297 65 abgedruckt.

1126 679 100 47 Die
1256 677 332 49 Redaction.

926 848 43 48 1.

820 926 136 48 Wien
988 942 71 31 am
1098 924 144 49 18ten
1274 926 120 47 März
1431 923 157 50 1820.

416 1001 167 48 Lieber
611 1002 122 46 Herr
760 1001 232 48 Simrock!

301 1078 76 47 Ich
410 1078 126 47 weiss
565 1077 137 56 nicht,
739 1077 60 48 ob
837 1077 69 48 ich
940 1078 115 47 mich
1093 1079 60 46 im
1183 1078 185 62 vorigen
1403 1077 147 47 Briefe
1580 1075 128 49 recht

188 1153 115 49 über
332 1155 106 47 alles
468 1159 231 60 geäussert
710 1155 148 47 —ich
887 1154 209 50 schreibe
1124 1155 136 47 ihnen
1291 1154 143 48 daher
1463 1171 86 31 nur
1580 1153 127 57 kurz,

185 1232 104 49 dass
316 1232 69 47 ich
418 1233 114 47 auch
565 1232 136 57 wohl,
731 1248 131 32 wenn
893 1233 73 47 Sie
997 1248 44 32 es
1073 1233 77 47 für
1178 1233 159 63 nöthig
1368 1230 171 56 finden,
1568 1230 136 49 ihnen

183 1308 88 48 den
302 1309 183 47 Termin
527 1326 79 30 zur
646 1308 302 65 Herausgabe
989 1309 81 47 der
1101 1309 293 47 Variationen
1437 1309 266 61 verlängern

181 1385 172 64 kann*)
475 1402 92 32 was
595 1385 70 49 die
694 1387 148 47 Messe
880 1387 167 57 betrift,
1084 1402 49 33 so
1178 1387 118 47 habe
1336 1387 70 47 ich
1445 1402 46 30 es
1530 1385 173 49 reiflich

181 1462 212 64 überlegt
423 1479 40 31 u.
496 1463 168 48 könnte
692 1463 134 48 ihnen
849 1464 124 47 selbe
997 1464 119 47 wohl
1148 1464 77 46 für
1249 1463 80 49 das
1352 1463 87 48 mir
1460 1479 83 32 von
1566 1463 137 47 ihnen

180 1538 287 65 angebotene
510 1540 176 47 Honor.
724 1556 83 31 von
852 1540 104 49 100
994 1540 226 49 Louisdor
1261 1540 166 64 geben,
1469 1556 131 31 wenn
1639 1539 64 48 sie

179 1617 204 48 vieleicht
412 1617 147 63 einige
588 1617 346 64 Bedingungen,
980 1619 170 46 welche
1187 1618 71 47 ich
1295 1618 137 47 ihnen
1475 1617 200 49 vorschla-

180 1709 88 48 gen
292 1693 169 57 werde,
494 1710 40 31 u.
567 1693 131 58 eben,
730 1694 84 48 wie
837 1695 69 47 ich
932 1694 185 65 glaube,
1140 1695 135 47 ihnen
1300 1695 123 47 nicht
1446 1694 229 48 beschwer-

176 1770 88 48 lich
294 1770 132 48 fallen
458 1770 201 61 werden,
689 1770 224 66 eingehen
943 1773 214 48 wollten?
1210 1773 104 47 Den
1343 1773 112 47 Plan
1487 1771 115 49 über
1630 1770 73 48 die

175 1848 306 63 Herausgabe
522 1848 148 49 haben
717 1851 80 45 wir
839 1850 99 47 hier
978 1851 139 46 schon
1163 1849 390 66 durchgegangen
1609 1849 93 47 und

175 1924 201 66 glauben
400 1925 137 56 wohl,
567 1925 101 48 dass
691 1925 69 48 die
785 1928 163 57 Sache,
971 1926 167 65 jedoch
1171 1928 78 47 mit
1279 1928 275 63 gewissen
1587 1928 77 47 Mo-

176 2001 379 50 difikationen
586 2004 105 48 bald
721 2005 79 47 in's
833 2005 148 48 Werk
1012 2013 150 57 gesezt
1190 2005 155 48 werde
1374 2005 199 56 können,
1597 2005 79 47 wel-

176 2080 107 48 ches
312 2080 106 48 sehr
447 2081 156 64 nöthig
642 2083 69 54 ist,
753 2081 143 49 daher
940 2083 69 48 ich
1055 2083 117 48 denn
1214 2084 117 47 auch
1376 2084 113 47 eilen
1533 2083 170 55 werde,

172 2158 139 48 ihnen
354 2158 197 64 baldigst
593 2159 70 47 die
706 2160 216 62 nöthigen
965 2160 342 65 Aenderungen
1350 2160 353 62 vorzuschlagen

279 2235 74 47 Da
382 2234 67 47 ich
482 2235 145 57 weiss,
670 2236 101 47 dass
801 2236 71 47 die
903 2236 245 49 Kaufleute
1191 2236 80 49 das
1309 2236 212 64 Postgeld
1563 2252 141 48 gerne

178 2328 184 48 sparen,
400 2328 49 31 so
489 2312 109 65 füge
627 2312 69 49 ich
727 2312 98 50 hier
857 2314 30 48 2
919 2315 375 48 österreichische
1327 2314 284 49 Volkslieder
1641 2315 63 47 als

178 2389 220 49 Wechsel
435 2387 103 68 bey,
581 2390 155 48 womit
773 2391 64 47 sie
873 2392 201 47 schalten
1106 2409 43 32 u.
1180 2392 165 49 walten
1376 2391 182 48 können
1587 2390 117 49 nach

175 2466 234 55 Belieben,
453 2466 71 48 die
561 2467 271 66 Begleitung
873 2470 55 47 ist
969 2486 84 32 von
1097 2470 86 48 mir
1314 2470 70 48 ich
1414 2470 149 48 denke
1605 2470 99 47 eine

174 2542 285 50 Volkslieder
486 2545 118 65 Jagd
635 2545 53 47 ist
719 2545 152 49 besser
913 2547 62 50 als
1018 2546 99 50 eine
1145 2547 249 50 Menschen
1423 2565 13 31 :
1464 2546 119 66 Jagd
1623 2546 82 48 der

175 2638 50 31 so
254 2621 298 65 gepriesenen
584 2622 179 50 Helden

293 2697 104 65 (Die
428 2700 265 48 erwähnten
724 2701 216 64 Beilagen
984 2701 217 50 bestehen
1230 2702 45 49 in
1301 2701 111 50 zwei
1444 2701 80 48 mit
1550 2701 153 48 Noten

174 2775 94 49 und
297 2777 118 49 Text
444 2776 357 52 beschriebenen
825 2780 219 49 Blättern.
1074 2781 142 48 Unter
1238 2780 81 48 der
1341 2781 161 48 letzten
1529 2781 145 48 Noten-

178 2853 107 49 zeile
315 2853 77 49 des
420 2855 187 49 zweiten
636 2856 119 48 steht
786 2857 235 65 folgender
1050 2857 183 49 Schluss
1263 2857 78 49 des
1370 2856 215 66 Briefes:)

291 2931 119 49 Mein
440 2932 163 65 Kopist
631 2933 55 47 ist
715 2933 117 50 eben
868 2936 125 48 nicht
1022 2936 75 57 da,
1140 2936 69 47 ich
1246 2935 123 49 hoffe
1409 2936 65 47 sie
1516 2933 186 50 werden

176 3025 49 32 es
264 3008 118 49 wohl
423 3010 119 48 lesen
585 3011 181 49 können
899 3014 43 49 d.
971 3031 42 47 g.
1046 3014 200 48 könnten
1280 3015 76 47 Sie
1395 3014 192 48 manche
1618 3029 84 31 von

174 3086 86 48 mir
291 3086 167 58 haben,
499 3090 155 47 wofür
680 3090 63 48 sie
773 3091 87 47 mir
887 3092 100 49 eine
1017 3091 170 50 andere
1219 3091 296 66 Gefälligkeit
1541 3091 136 50 erwei-

171 3180 78 33 sen
279 3163 183 50 können

288 3242 43 50 in
360 3243 70 47 Eil
553 3243 80 50 der
661 3245 153 66 Ihrige

1270 3326 277 49 Beethoven.

280 3455 38 49 *)
347 3459 33 35 d.
410 3459 36 38 h.
475 3459 134 48 länger
635 3459 56 36 als
719 3459 22 38 6
770 3460 192 35 Monathe.

297 3548 221 51 Adresse:
778 3552 71 48 An
882 3552 151 48 Herrn
1065 3552 210 48 Simrock

691 3628 274 50 berühmten
995 3631 359 66 Kunstverleger

946 3708 44 47 in
1028 3708 131 50 Bonn

788 3781 93 67 (am
923 3784 366 66 Niederrheine).

288 3858 98 48 Auf
409 3857 81 49 der
519 3859 244 50 Rückseite
791 3861 77 48 des
894 3862 220 49 Couverts
1141 3864 143 49 steht:
1312 3880 165 35 ouvres
1502 3866 47 50 la
1576 3866 129 50 lettre

175 3949 108 35 avec
308 3933 101 51 bien
434 3936 56 50 de
517 3941 323 63 menagement.

293 4012 154 64 (Trotz
470 4014 146 50 dieser
642 4017 249 65 Warnung
922 4018 53 47 ist
997 4017 78 49 das
1105 4019 97 49 eine
1224 4021 273 49 Notenblatt
1520 4023 80 48 mit
1623 4022 82 49 der

178 4089 335 52 Ueberschrift:
553 4097 122 53 „Der
706 4096 166 49 Knabe
912 4096 81 49 auf
1028 4096 103 49 dem
1418 4118 73 32 am
1531 4102 172 49 oberen

1809 296 129 48 Ende
1967 297 277 63 abgerissen,
2273 312 48 32 so
2353 296 100 49 dass
2483 297 71 47 die
2584 303 147 41 ersten
2761 296 91 47 vier
2883 297 139 47 Tacte
3052 294 123 49 nicht
3204 293 129 50 mehr

1806 373 195 48 deutlich
2032 391 52 30 zu
2114 374 121 47 lesen
2264 372 132 65 sind.)

2555 479 33 47 I.

2260 556 112 46 Das
2415 555 148 48 liebe
2604 554 275 47 Käzchen.

2540 1794 58 49 II.

2112 1874 115 47 Der
2269 1872 201 48 Knabe
2512 1872 99 48 auf
2648 1871 122 48 dem
2813 1871 195 62 Berge.
