2855 3906
199 298 315 56 TEK
592 299 58 55 H
731 300 60 54 N
872 291 47 63 Ê

194 3683 110 57 68

202 479 394 51 photographiant
621 479 63 45 les
711 482 225 41 réactions
963 479 415 51 photo-élastiques

204 539 60 44 du
298 539 186 48 modèle
516 559 57 24 en
603 542 178 51 chaque
814 545 130 47 point
977 542 56 43 de
1067 543 210 42 l'édifice.
1315 544 63 41 La

202 603 264 42 conclusion
499 605 67 42 fut
596 605 141 51 qu'on
767 609 191 47 pouvait
988 606 219 43 marcher.
1240 607 138 42 Alors

205 666 254 42 seulement
503 669 41 41 le
590 669 167 40 comité
805 667 57 47 de
908 668 228 42 vicinalité
1181 672 198 38 autorisa

1527 476 274 44 l'exécution
1836 479 60 42 de
1927 477 297 50 l'entreprise.
2259 478 55 42 Et
2346 480 41 44 le
2420 491 115 36 pont
2568 479 57 42 de
2660 479 40 41 la

1527 540 171 52 Balme,
1729 539 284 53 magnifique
2041 538 226 45 d'audace
2297 550 43 31 et
2371 538 57 43 de
2458 538 242 54 grandeur,

1527 602 246 51 accomplit
1799 620 48 24 sa
1874 604 210 41 fonction
2113 608 25 37 à
2167 601 233 48 mervei'le
2428 614 42 30 et
2498 621 47 25 se
2570 614 132 40 porte

1526 670 116 38 aussi
1672 666 106 42 bien
1811 682 86 35 que
1927 664 41 47 le
1999 665 118 43 Pont
2138 665 124 43 Neuf
2293 665 243 47 lui-même.
2572 684 22 24 »

316 1885 85 33 Une
435 1886 184 33 corniche
654 1885 304 34 d'architecture
991 1884 203 42 classique,
1229 1888 48 29 où
1309 1884 36 33 la
1376 1885 290 43 photographie
1698 1888 132 33 décèle
1865 1889 66 35 des
1962 1890 173 34 tensions
2167 1889 214 35 nullement
2414 1889 118 43 équili

203 1937 124 38 brées,
360 1941 248 38 provoquées
640 1952 70 27 par
739 1936 35 34 la
805 1940 165 39 poussée
1000 1935 196 35 verticale.
1230 1936 63 34 On
1327 1947 92 30 peut
1447 1940 84 31 voir
1562 1949 197 24 comment
1785 1939 36 34 le
1854 1940 40 35 fil
1926 1942 246 33 ornemental
2204 1942 68 34 fait
2301 1941 131 35 dévier
2461 1942 91 33 hors

205 1987 45 33 de
280 1987 38 34 la
348 1989 185 33 verticale
567 1987 53 35 les
652 1989 123 41 lignes
803 1987 46 35 de
880 1990 176 40 pression
1090 1991 163 38 régnant
1285 1990 20 30 à
1336 1987 216 36 l'intérieur
1592 1990 45 33 de
1676 1989 35 35 la
1752 1993 127 40 pierre
1926 1991 231 44 (Labadié).
2202 1992 105 35 C'est
2348 2007 75 19 une
2463 1992 89 34 telle

203 2038 237 43 explication
471 2039 93 42 qu'il
595 2040 81 33 faut
708 2041 151 34 donner
888 2055 75 17 aux
993 2040 260 33 effritements
1283 2042 64 39 qui
1378 2055 38 19 se
1444 2041 266 41 produisirent
1734 2046 20 30 à
1779 2042 111 35 Saint
1910 2043 106 38 Paul,
2044 2044 45 33 de
2115 2043 185 39 Londres,
2329 2047 20 30 à
2375 2043 35 34 la
2434 2044 116 33 Porte

205 2090 249 34 Saint-Denis
504 2095 23 29 à
565 2091 118 38 Paris,
725 2098 72 26 etc.

409 2435 114 109 LA
772 2420 1402 127 FENÊTRE

265 2648 25 28 «
320 2636 86 38 Les
432 2630 400 43 transformations
859 2630 243 53 multiples,
1132 2631 63 41 les
1223 2635 149 46 essais,

203 2692 62 43 les
292 2698 343 39 tâtonnements
663 2703 45 30 et
733 2693 64 44 les
823 2694 264 44 recherches
1114 2693 57 42 de
1200 2694 149 43 Tarchi-

200 2765 173 31 tecture
414 2759 392 47 contemporaine,
851 2773 47 23 se
942 2766 241 41 marquent
1226 2758 149 40 moins

202 2817 115 42 dans
339 2820 43 40 la
406 2827 220 33 structure
651 2818 80 43 des
756 2820 121 51 toits,
903 2820 40 41 le
968 2819 133 43 choix
1125 2818 81 43 des
1231 2821 113 38 maté-

200 2883 127 41 riaux
357 2898 57 25 ou
446 2880 57 41 de
530 2880 41 41 la
600 2882 268 42 décoration
897 2897 86 35 que
1012 2883 113 42 dans
1157 2879 40 42 la
1227 2883 148 41 forme

200 2942 80 45 des
308 2944 212 42 fenêtres.

262 3006 64 43 La
361 3007 175 41 fenêtre
573 3022 26 24 a
633 3010 207 47 toujours
874 3004 154 44 donné
1061 3010 27 38 à
1121 3006 43 42 la
1196 3010 177 38 maison

202 3085 80 24 con
308 3072 232 39 caractère
563 3069 222 51 essentiel,
814 3078 98 35 tant
938 3073 25 38 à
988 3069 255 42 l'extérieur
1269 3067 106 52 qu'à

202 3132 256 41 Tintérieur.
498 3131 149 46 Aussi,
689 3135 25 38 à
750 3131 174 51 chaque
964 3130 258 42 révolution
1261 3128 112 43 dans

200 3196 63 40 les
292 3191 152 55 sty'Jes,
479 3198 26 38 à
536 3194 176 49 chaque
746 3191 395 43 renouvellement
1173 3191 81 43 des
1286 3194 66 42 for-

199 3272 97 27 mes
333 3254 381 53 architecturales,
754 3256 42 41 la
835 3257 175 42 fenêtre
1047 3255 232 42 subit-elle
1316 3255 59 42 de

200 3317 228 52 multiples
454 3317 420 49 transformations;
903 3327 44 33 et
972 3318 93 42 l'on
1091 3326 109 41 peut
1223 3321 151 38 même

200 3382 246 40 concevoir
480 3397 89 24 une
600 3381 186 43 histoire
820 3379 82 45 des
937 3379 140 52 styles
1110 3384 58 38 où
1201 3378 93 43 l'on
1327 3397 47 24 se

200 3444 232 43 bornerait
463 3448 25 38 à
519 3445 270 50 enregistrer
821 3443 63 42 les
917 3445 248 41 variations
1194 3441 81 44 des
1308 3443 44 42 fe-

201 3509 147 39 nêtres
378 3511 26 38 à
428 3507 180 48 chaque
639 3505 205 50 période.
876 3506 234 47 Peut-être
1137 3524 50 27 ce
1214 3507 161 40 critère

1522 2632 187 44 serait-il
1746 2635 106 51 plus
1900 2634 169 43 fécond
2117 2652 56 24 en
2218 2651 112 27 vues
2376 2638 321 40 intéressantes

1524 2713 86 34 que
1640 2700 64 43 les
1734 2696 160 48 études
1924 2697 162 43 basées
2118 2714 73 25 sur
2221 2698 43 42 la
2295 2699 240 50 technique
2566 2697 58 45 de
2655 2700 42 40 la

1526 2763 146 43 voûte,
1708 2777 56 24 ou
1797 2758 40 42 la
1867 2761 148 42 forme
2046 2758 58 48 de
2134 2761 288 43 l'ornement.

1583 2821 126 43 Nous
1768 2838 269 35 voyageons
2093 2832 103 43 trop
2254 2824 92 42 vite
2403 2822 292 52 aujourd'hui

1523 2900 117 33 pour
1675 2900 263 36 remarquer
1973 2885 64 41 les
2071 2883 173 48 vieilles
2279 2888 202 40 maisons
2518 2885 59 45 de
2613 2903 84 24 nos

1523 2949 161 46 petites
1727 2946 142 52 villes,
1921 2965 87 25 aux
2053 2949 200 42 fenêtres
2295 2951 297 50 juxtaposées
2640 2965 55 24 en

1521 3008 190 51 longues
1738 3012 148 41 séries.
1921 3011 116 42 Mais
2067 3027 56 25 en
2151 3021 131 32 notre
2316 3015 83 47 âge
2430 3009 60 43 du
2519 3013 172 49 papier,

1521 3088 62 24 -es
1613 3071 307 50 publications
1952 3074 59 44 de
2043 3073 95 43 «La
2168 3074 182 43 Maison
2382 3073 308 53 Bourgeoise»

1523 3149 114 26 nous
1672 3133 259 51 rappellent
1968 3152 86 33 que
2092 3134 62 44 les
2194 3133 188 54 façades
2418 3152 47 27 se
2502 3152 160 34 compo-

1521 3199 142 39 saient
1690 3196 120 50 jadis
1841 3196 385 42 essentiellement
2254 3196 58 47 de
2340 3198 171 52 lignées
2541 3197 60 45 de
2627 3199 44 42 fe-

1523 3261 146 43 nêtres
1698 3269 125 36 entre
1849 3259 66 46 les
1942 3260 177 43 bandes
2144 3261 307 43 horizontales
2479 3262 81 42 des
2587 3259 85 44 allè-

1521 3336 88 35 ges.
1639 3319 291 57 Cependant,
1959 3339 59 24 on
2044 3339 58 24 ne
2127 3321 224 51 disposait
2378 3322 119 44 alors
2524 3340 88 35 que
2637 3322 59 42 de

1521 3399 193 35 moyens
1749 3382 361 45 rudiment-aires.
2151 3386 85 41 Les
2276 3389 156 38 étroits
2469 3401 226 26 meneaux

1521 3443 62 44 de
1602 3448 148 51 pierre
1775 3448 73 51 qui
1867 3448 322 52 supportaient
2212 3448 41 47 le
2276 3446 136 54 poids
2436 3449 80 43 des
2540 3450 157 49 étages

1523 3510 265 51 supérieurs,
1828 3511 170 41 étaient
2035 3526 119 37 pour
2191 3511 41 43 le
2270 3512 150 44 moins
2460 3513 111 41 trois
2608 3511 87 42 fois
