2855 3906
180 225 313 57 TEK
570 228 60 54 H
711 228 61 55 N
851 221 48 62 É

2565 3632 104 62 79

304 406 2254 120 EXPOSITIONS

244 625 85 44 UN
372 625 81 44 DE
494 626 120 44 NOS
658 627 360 45 PROCHAINS
1059 629 299 44 NUMEROS

179 687 159 44 SERA
369 688 333 45 CONSACRE
733 689 134 44 AUX
898 691 393 48 EXPOSITONS,
1331 696 26 39 à

181 749 94 44 leur
320 750 254 52 technique,
622 753 111 40 ainsi
777 752 169 52 qu'aux
988 755 368 49 enseignements

181 828 87 35 que
300 812 174 46 offrent
503 813 66 43 les
597 812 273 53 principales
902 815 283 43 réalisations
1215 816 59 42 de
1303 833 52 24 ce

181 875 231 46 domaine,
465 877 279 49 accomplies
788 877 183 52 jusqu'à
1018 896 50 26 ce
1117 884 115 47 jour.
1285 879 70 43 De

179 936 259 45 nombreux
466 937 275 43 documents
767 938 275 44 illustreront
1070 959 73 25 ces
1171 958 153 34 pages.

246 1015 23 27 «
310 1000 64 42 La
407 1000 103 44 Cité
548 1018 23 26 »
613 1004 160 48 espère
810 1018 83 36 par
933 1007 38 39 'à
1009 1020 149 34 appor
1182 1020 47 24 er
1266 1021 87 23 une

181 1060 309 44 contribution
527 1061 306 52 préliminaire
866 1081 89 27 aux
987 1068 244 40 tentatives
1267 1082 87 36 que

183 1122 8 42 I
216 1142 58 27 on
310 1127 203 49 projette
549 1123 58 43 de
643 1125 112 42 faire
792 1143 55 24 en
886 1127 215 53 Belgique
1140 1127 113 43 dans
1294 1131 60 38 'es

179 1189 169 39 années
389 1187 123 43 1930
546 1197 44 33 et
631 1187 136 45 1935.

251 1532 22 25 «
347 1514 210 45 BAUEN
626 1515 131 44 UNO
829 1516 276 45 WOHNEN
1178 1536 41 26 ».

179 1576 65 44 La
320 1580 87 41 cité
490 1578 200 54 Gagfafo,
772 1583 28 39 à
879 1579 470 51 BerlinrZehlendorf,

179 1638 67 42 fut
303 1641 246 52 inaugurée
607 1641 41 42 le
715 1641 10 41 ler1
741 1648 33 17 er
835 1642 262 50 septembre
1156 1642 192 44 dernier,

178 1712 185 31 servant
407 1704 386 48 provisoirement
835 1702 324 53 d'exposition,
1206 1705 74 42 On
1324 1724 28 33 y

178 1773 97 33 voit
294 1762 88 46 des
404 1764 130 44 blocs
556 1765 398 51 d'appartements
977 1776 44 33 et
1046 1766 83 44 des
1150 1769 200 44 maisons

179 1825 323 55 d'habitation,
544 1830 271 42 construites
854 1827 182 54 d'après
1076 1830 63 42 les
1176 1834 176 48 projets

176 1888 61 41 de
277 1890 9 41 1
304 1889 28 42 6
364 1889 268 44 architectes
661 1889 261 44 allemands
955 1902 308 40 appartenant
1294 1909 56 25 au

180 1968 22 25 «
239 1950 324 52 département
597 1950 59 44 de
683 1950 48 45 'la
762 1957 308 40 construction
1103 1952 82 45 des
1214 1957 137 51 petits

177 2013 257 52 logements
462 2030 43 28 ».
534 2014 205 44 Environ
768 2015 58 44 25
859 2018 202 40 maisons
1087 2032 44 31 et
1161 2018 156 40 immeu-

174 2074 112 57 bles,
317 2076 205 44 formant
550 2093 58 26 en
637 2086 102 39 tput
763 2077 104 54 plus
894 2079 58 43 de
988 2079 88 43 100
1105 2081 152 48 pièces

176 2136 236 46 meublées
443 2154 85 36 par
562 2139 68 45 les
661 2141 157 43 firmes
851 2141 68 42 les
949 2139 102 52 plus
1086 2157 233 36 remarqua-

174 2199 101 43 bles
414 2200 208 51 forment
659 2201 271 47 l'ensemble
970 2202 60 43 de
1070 2203 44 43 la
1152 2205 88 42 cité
1279 2221 46 24 ac-

175 2260 150 50 tuelle.

237 2325 134 43 Voici
402 2326 64 44 les
498 2343 137 28 noms
668 2324 84 47 des
781 2327 286 43 réalisateurs
1098 2327 59 43 de
1189 2327 44 44 la
1265 2331 84 39 cité

174 2385 190 55 Gagfah
407 2406 9 25 :
456 2387 61 46 H,
555 2386 201 48 Gerlach
804 2389 224 53 (Berlin),
1067 2391 50 43 E.
1159 2390 189 43 Grabbe

182 2448 176 56 (Kiel),
381 2450 72 47 W.
478 2451 104 53 Jost
612 2451 297 55 (Stuttgart),
932 2452 48 45 F.
1005 2452 154 45 Keller
1188 2453 128 53 (Mag-

175 2510 225 55 deburg),
437 2513 60 44 A.
534 2513 134 44 Klein
712 2513 223 53 (Berlin),
978 2516 57 43 A.
1075 2515 273 44 Knoblauch

183 2571 225 56 (Berlin),
445 2575 49 47 P.
531 2573 165 47 Mebes
741 2575 224 54 (Berlin),
1004 2578 48 44 P.
1090 2578 259 43 Emmerioh

181 2636 224 54 (Berlin),
451 2637 61 46 H.
554 2637 187 54 Poelzig
790 2639 463 55 (Charlottenburg),
1297 2640 47 44 E.

173 2698 187 46 Richter
419 2698 227 56 (Berlin),
703 2700 48 45 E.
809 2702 164 45 Ruster
1033 2702 288 52 (Charlotten-

172 2761 162 54 burg),
397 2763 48 44 P.
504 2763 373 45 Sehmîtthenner
943 2764 297 54 (Stuttgart),
1297 2765 47 44 F.

172 2824 234 52 Sohopohl
456 2824 226 58 (Berlin),
723 2827 56 43 G.
823 2827 250 45 Steinmetz
1122 2827 223 54 (Berlin),

171 2886 60 44 H.
265 2886 252 46 Tessenow
553 2886 228 56 (Berlin),
815 2889 43 44 K
890 2888 273 53 Weishaupt
1203 2890 120 53 (Stet-

171 2948 113 55 tin),
311 2947 61 49 G.
402 2949 132 47 Woîf
569 2948 261 56 (Breslau),
864 2951 71 45 W.
971 2952 203 52 Gropius
1212 2951 108 54 (Ber-

172 3009 86 55 lin)
294 3020 49 34 et
364 3011 353 56 Moholy-Nagy
748 3013 226 54 (Berlin).

225 3068 327 58 L,'exposition
578 3091 50 27 se
656 3075 178 45 clôture
860 3076 43 45 le
933 3076 51 45 31
1026 3077 204 46 octobre.

230 3382 402 46 L'EXPOSITON
673 3384 551 47 INTERNATIONALE
1263 3386 80 45 DE

166 3444 36 44 L
223 3445 392 46 HABITATION
658 3446 79 46 ET
778 3447 89 45 DU
912 3446 289 47 PROGRES
1243 3449 99 44 SO-

1506 629 54 43 CI
1567 629 95 48 AL,
1694 632 75 51 qui
1795 647 49 27 se
1872 632 85 44 tint
1984 635 28 40 à
2038 632 125 43 Paris
2189 630 163 53 depuis
2376 635 97 51 juin
2502 632 179 43 dernier

1505 692 75 41 n'a
1630 709 84 34 pas
1766 694 201 51 manqué
2016 692 227 50 d'intérêt,
2297 697 44 40 ni
2394 696 29 43 d
2446 698 207 50 enseigne-

1502 764 161 36 ments-

1568 830 120 42 Pour
1715 830 43 43 le
1786 828 143 45 fonds
1959 834 167 45 même,
2159 832 42 43 la
2229 832 175 43 France
2431 835 250 51 présentait

1507 890 215 45 l'activité
1759 895 190 39 exercée
1979 898 27 39 à
2036 894 128 44 Paris
2208 893 181 53 (Office
2422 893 82 45 des
2538 896 57 44 H.
2632 896 47 42 B.

1503 954 113 53 M.),
1649 953 83 44 des
1762 953 273 49 documents
2063 973 75 25 sur
2168 956 291 44 l'habitation
2493 956 115 43 dans
2639 958 42 41 la

1503 1019 156 51 région
1690 1019 259 51 parisienne
1992 1018 383 54 (cités-jardins),
2411 1037 73 26 sur
2516 1018 9 42 1
2549 1020 104 43 urba-

1503 1080 144 40 nisme
1680 1078 117 44 dans
1830 1080 65 43 les
1925 1079 131 45 villes
2091 1083 261 51 françaises,
2390 1081 289 43 l'habitation

1502 1141 241 52 populaire
1784 1158 60 27 en
1888 1145 235 51 province,
2170 1156 84 31 etc.
2303 1145 180 50 Projets
2527 1143 152 43 divers

1511 1205 145 49 (arch.
1691 1204 189 52 Ventre,
1914 1206 223 52 Sauvage,
2170 1206 271 55 Descamps,
2475 1207 134 51 etc.).

1565 1279 86 45 Les
1681 1289 150 34 autres
1865 1296 115 37 pays
2012 1282 288 49 représentés
2331 1284 171 40 étiaient
2542 1301 10 25 :

1572 1352 333 54 L'Allemagne
1953 1352 141 53 (dont
2136 1355 41 42 le
2218 1353 280 46 formidable
2541 1357 138 49 esprit

1505 1413 362 54 d'organisation
1905 1413 82 45 dut
2025 1418 113 42 faire
2173 1417 116 50 pâlir
2324 1416 103 51 plus
2462 1416 111 44 d'un
2610 1421 45 39 vi-

1503 1480 136 40 siteur
1670 1479 181 44 aimant
1881 1482 26 40 à
1942 1479 292 52 comparer),
2272 1477 171 49 l'ltalie,
2484 1481 44 41 la
2562 1481 86 43 Nor-

1501 1541 129 51 vège,
1679 1538 214 45 l'lrlande
1947 1540 246 52 (Dublin),
2244 1540 266 50 l'Autriche,
2562 1541 114 42 dont

1501 1601 174 42 l'effort
1704 1611 68 33 est
1797 1601 272 48 admirable,
2100 1615 45 31 et
2172 1605 44 43 la
2242 1607 314 47 présentation
2588 1608 89 38 très

1501 1665 187 41 vivante
1712 1674 45 31 et
1783 1666 281 50 suggestive;
2094 1665 65 44 les
2181 1665 271 47 Etats-Unis
2481 1666 161 42 d'Amé-

1500 1728 127 49 rique
1681 1725 301 53 (Tenessee),
2030 1727 40 42 le
2116 1728 168 53 Japon,
2331 1729 43 42 la
2421 1729 162 47 Suisse,
2638 1731 38 40 'a

1501 1787 439 54 Grande-Bretagne
1969 1799 44 32 et
2041 1788 43 43 la
2110 1788 250 55 Hollande,
2390 1800 151 34 toutes
2567 1794 108 45 trois

1500 1848 113 44 d'un
1636 1853 177 42 sérieux
1835 1853 187 49 intérêt;
2049 1852 88 45 l'U.
2163 1853 54 43 R.
2245 1853 45 43 S.
2313 1853 62 52 S.,
2397 1853 46 42 la
2467 1852 177 44 Tchéco-

1497 1911 261 57 slovaquie,
1787 1911 118 44 dont
1930 1914 217 43 l'activité
2174 1924 67 33 est
2268 1915 333 51 remarquable,
2632 1915 41 42 la

1498 1974 207 53 Pologne
1733 1983 48 34 et
1866 2001 10 7 -
1906 1973 43 44 la
1978 1975 233 53 Belgique.
2243 1978 45 42 A
2316 1993 53 25 ce
2397 1981 120 49 sujet
2549 1995 24 28 4:
2610 1978 64 44 La

1500 2035 325 44 Construction
1847 2038 233 44 Moderne
2107 2056 22 26 »
2170 2039 176 53 (Paris)
2380 2042 110 39 écrit
2519 2058 11 26 :
2559 2057 23 28 «
2611 2039 63 43 La

1497 2098 180 45 Société
1710 2098 246 45 Nationale
1992 2099 82 45 des
2111 2100 300 46 Habitations
2447 2111 44 32 et
2527 2102 116 52 Loge-

1498 2170 150 33 ments
1670 2166 28 39 à
1724 2162 94 44 bon
1844 2161 186 45 marché
2053 2164 214 49 présente
2292 2162 64 45 les
2378 2167 295 41 intéressants

1498 2221 132 52 plans
1667 2225 190 41 minima
1895 2223 169 54 qu'elle
2098 2244 31 26 a
2168 2225 83 44 fait
2290 2225 163 44 établir
2489 2243 183 26 comme

1496 2283 210 46 modèles
1754 2283 334 47 d'habitations
2131 2287 277 54 populaires.
2464 2288 178 44 Malheu-

1496 2358 257 32 reusement
1780 2356 121 35 cette
1930 2350 260 51 exposition
2219 2350 59 44 de
2306 2352 166 49 petites
2499 2350 143 52 photo-

1497 2410 211 50 graphies
1754 2408 237 55 disposées
2037 2428 105 26 sans
2189 2429 175 26 aucune
2412 2413 256 46 recherche,

1498 2471 148 43 forme
1670 2489 61 25 un
1757 2472 237 43 ensemble
2015 2472 87 45 des
2125 2474 103 50 plus
2251 2475 289 44 rébarbatifs.
2575 2493 22 26 »

1557 2557 124 48 Tant,
1715 2561 70 49 pis
1820 2575 118 35 pour
1973 2575 129 32 nous,
2142 2577 76 25 car
2255 2580 25 23 c
2300 2570 67 33 est
2403 2561 94 43 fort
2531 2565 133 50 juste.

1497 2618 411 53 Rappelons-nous
1950 2637 94 37 que
2089 2639 117 26 nous
2253 2622 197 44 n'avons
2495 2641 82 33 pas
2627 2624 42 43 le

1500 2699 23 27 «
1548 2684 133 53 génie
1698 2684 63 44 de
1785 2680 41 45 la
1848 2686 314 48 présentation
2189 2703 22 26 »
2238 2694 46 34 et
2304 2684 217 45 étudions
2539 2686 97 44 hum-

1499 2742 203 45 blement
1728 2744 245 53 l'exemple
1999 2744 59 45 de
2085 2745 257 54 l'étranger.
2374 2748 74 44 Ou
2479 2765 84 26 nos
2592 2765 52 26 ex-

1494 2808 225 50 positions
1744 2810 122 43 iront
1894 2813 27 40 à
1950 2811 44 44 la
2024 2808 172 50 faillite.

1558 3140 367 45 EXPOSITION
1978 3140 198 45 SUISSE
2229 3140 436 47 D'URBANISME.

1495 3201 250 46 ZURICH.
1867 3202 367 55 L'organisation
2261 3201 58 45 de
2343 3212 120 36 cette
2486 3206 157 51 exposi-

1495 3265 96 42 tion
1718 3269 76 49 qui
1964 3278 135 31 tenue
2130 3269 28 41 à
2188 3264 167 47 Zurich
2386 3265 211 53 pendant
2624 3267 45 44 le

1491 3329 118 41 mois
1633 3325 159 45 d'août
1816 3325 178 45 dernier
2107 3329 247 41 mériterait
2381 3332 26 40 à
2430 3328 101 52 plus
2556 3329 110 44 d'un

1493 3391 130 50 point
1648 3387 60 45 de
1732 3406 87 26 vue
1841 3387 61 45 de
1924 3389 114 44 faire
2062 3388 164 54 l'objet
2249 3389 141 45 d'une
2413 3390 142 44 étude
2577 3396 90 41 très

1495 3450 327 52 approfondie,
1888 3449 195 53 laquelle
2143 3455 137 41 serait
2339 3455 330 43 éminemment
