2855 3906
2490 3687 67 55 85

130 907 890 94 ARCHITECTURE
1043 935 36 36 ■
1104 910 658 91 URBANISME
1785 938 35 35 -
1836 912 226 87 ART
2130 907 412 92 PUBLIC

131 1095 328 97 ANNÉE
507 1115 213 74 1928
1101 1115 402 77 VOLUME
1546 1118 104 74 VII
2023 1098 420 94 NUMÉRO
2488 1118 54 74 6

138 1765 406 74 L'ECOLE
631 1766 508 71 FEDERALE
1215 1766 124 71 DE
1415 1766 750 76 L'ASSOCIATION

135 1888 526 73 GENERALE
717 1888 597 73 ALLEMANDE
1372 1888 191 73 DES
1616 1890 747 75 TRAVAILLISTES

139 2082 454 55 L'Association
657 2082 298 57 Générale
1027 2082 353 57 Allemande
1457 2082 104 57 des
1625 2084 426 66 Travaillistes,
2120 2086 428 73 (Allgemeiner

139 2167 341 56 Deutscher
512 2167 716 72 Gewerkschaftsbund),
1260 2170 250 71 projette
1541 2168 250 74 d'ériger
1819 2175 33 50 à
1881 2173 311 70 proximité
2228 2171 72 56 de
2328 2172 216 66 Berlin,

136 2256 149 52 ainsi
313 2253 174 73 qu'en
517 2253 351 74 Allemagne
898 2255 381 64 occidentale,
1310 2255 104 54 des
1451 2255 191 56 écoles
1678 2255 306 67 fédérales,
2022 2256 295 57 destinées
2338 2262 41 62 jà
2415 2283 99 48 par-

135 2338 253 55 achever
418 2338 355 56 l'éducation
802 2338 72 58 de
906 2364 146 32 ceux
1080 2339 72 56 de
1179 2364 90 32 ses
1292 2342 481 64 fonctionnaires,
1800 2345 102 70 qui
1931 2366 109 49 par
2060 2341 129 57 leur
2211 2346 252 53 ténacité
2493 2359 55 40 et

138 2422 124 56 leur
290 2422 571 66 désintéressement,
893 2427 343 54 mériteront
1258 2424 181 55 d'être
1463 2427 266 54 instruits
1753 2425 150 56 dans
1927 2441 193 41 toutes
2143 2426 84 56 les
2257 2427 294 56 branches

136 2509 285 54 touchant
449 2512 33 53 à
516 2509 342 56 l'économie
901 2510 303 74 politique,
1247 2515 35 51 à
1322 2510 58 55 la
1419 2510 329 74 législation
1791 2510 78 56 du
1912 2512 230 65 travail,
2185 2516 33 52 à
2258 2512 293 74 l'hygiène

139 2592 147 56 dans
317 2594 344 57 l'industrie.
698 2596 175 56 Dans
903 2620 96 32 ces
1030 2596 192 56 écoles
1253 2596 69 55 ils
1352 2612 359 58 acquerront
1738 2596 84 56 les
1858 2601 458 54 connaissances
2351 2603 165 52 néces-

141 2681 181 54 saires
351 2684 34 51 à
413 2705 79 31 un
522 2680 306 72 président
856 2681 405 66 d'assemblée,
1293 2686 33 51 à
1355 2707 78 30 un
1468 2681 235 66 arbitre,
1735 2686 34 53 à
1797 2708 78 31 un
1900 2685 136 71 juge
2069 2684 285 74 syndical,
2397 2689 34 51 à
2472 2711 79 29 un

140 2764 172 72 guide
342 2764 452 67 d'adolescents,
826 2772 33 50 à
889 2792 78 30 un
996 2782 373 58 rapporteur.
1404 2768 115 54 Les
1551 2766 211 66 élèves,
1787 2768 375 56 travailleurs
2189 2770 330 71 profession-

140 2849 123 56 nels
294 2852 315 55 masculins
634 2868 56 39 et
718 2853 291 65 féminins,
1043 2868 199 41 seront
1270 2853 272 73 désignés
1569 2878 105 48 par
1696 2853 84 56 les
1802 2857 389 53 associations
2218 2854 334 74 syndicales

140 2934 79 57 du
252 2938 209 63 Reich;
493 2938 264 72 pendant
785 2939 56 55 la
882 2938 181 57 durée
1105 2939 71 56 de
1220 2940 127 55 leur
1387 2956 367 48 instruction,
1796 2939 147 56 fixée
1985 2943 494 70 provisoirement
2520 2946 33 52 à

141 3036 206 57 quatre
380 3026 302 63 semaines,
714 3024 127 56 leur
870 3027 284 52 entretien
1185 3041 56 39 et
1269 3026 150 54 celui
1448 3024 71 56 de
1550 3024 125 56 leur
1705 3024 216 56 famille
1954 3050 128 30 sera
2111 3029 221 52 assuré.

146 3106 121 55 Ces
296 3109 304 65 internats,
632 3108 146 57 dont
804 3109 84 56 les
919 3113 449 70 pensionnaires
1401 3135 59 30 se
1491 3127 416 56 composeront
1935 3109 330 57 d'ouvriers
2303 3127 54 39 et
2392 3111 129 57 d'ou-

144 3194 220 54 vrières
393 3193 72 55 de
496 3210 128 40 tout
652 3203 122 65 âge,
807 3194 71 58 de
910 3211 161 41 toute
1103 3220 392 48 provenance,
1533 3211 56 39 et
1623 3196 72 56 de
1731 3196 207 72 degrés
1974 3196 72 56 de
2079 3196 226 56 culture
2342 3201 211 62 variés,

144 3301 70 31 ne
244 3296 390 53 procureront
662 3305 117 32 aux
807 3282 194 55 élèves
1032 3305 116 32 non
1175 3282 323 55 seulement
1524 3281 51 56 le
1606 3305 212 49 moyen
1842 3281 71 56 de
1938 3282 439 71 perfectionner
2398 3282 156 57 leurs

145 3366 470 65 connaissances,
647 3368 146 52 mais
823 3366 327 72 également
1189 3367 56 55 la
1286 3366 329 74 possibilité
1658 3366 172 56 d'une
1874 3368 108 63 vie,
2026 3366 362 74 disciplinée,
2432 3367 124 57 cela

145 3471 75 31 va
242 3447 72 56 de
339 3452 102 62 soi,
465 3454 146 52 mais
640 3475 220 50 propre
889 3456 35 51 à
952 3452 364 73 l'expansion
1349 3452 72 56 de
1452 3467 132 41 tous
1613 3452 84 55 les
1729 3476 148 41 sens,
1909 3451 73 56 de
2011 3467 133 41 tous
2173 3452 84 56 les
2289 3478 265 48 organes,

148 3535 157 52 saine
337 3549 56 39 et
418 3534 219 57 libérée
667 3535 103 56 des
802 3551 274 41 entraves
1107 3551 55 41 et
1190 3536 79 57 du
1302 3536 172 74 poids
1504 3536 174 57 d'une
1709 3540 293 53 existence
2035 3561 305 49 moyenne.
2375 3537 181 56 Aussi
