<?xml version="1.0" encoding="UTF-8"?>
<alto xmlns:xsi="http://www.w3.org/2001/XMLSchema-instance" xmlns="http://www.loc.gov/standards/alto/ns-v2#" xsi:schemaLocation="http://www.loc.gov/standards/alto/ns-v2# http://www.loc.gov/standards/alto/v2/alto-2-0.xsd" xmlns:xlink="http://www.w3.org/1999/xlink">
	<Description>
		<MeasurementUnit>mm10</MeasurementUnit>
		<sourceImageInformation>
			<fileName>./bmtnabs_1921-08_01_0048.jp2</fileName>
		</sourceImageInformation>
		<OCRProcessing ID="OCRPROCESSING_1">
			<preProcessingStep>
				<processingSoftware>
					<softwareCreator>CCS Content Conversion Specialists GmbH, Germany</softwareCreator>
					<softwareName>CCS docWorks</softwareName>
					<softwareVersion>6.8-1.27</softwareVersion>
				</processingSoftware>
			</preProcessingStep>
			<ocrProcessingStep>
				<processingSoftware>
					<softwareCreator>ABBYY (BIT Software), Russia</softwareCreator>
					<softwareName>FineReader</softwareName>
					<softwareVersion>11.0</softwareVersion>
				</processingSoftware>
			</ocrProcessingStep>
			<postProcessingStep>
				<processingSoftware>
					<softwareCreator>CCS Content Conversion Specialists GmbH, Germany</softwareCreator>
					<softwareName>CCS docWorks</softwareName>
					<softwareVersion>6.8-1.27</softwareVersion>
					<applicationDescription>docWorks: Text modified manually, or automatically replaced</applicationDescription>
				</processingSoftware>
			</postProcessingStep>
		</OCRProcessing>
	</Description>
	<Styles>
		<TextStyle ID="TXT_0" FONTSIZE="11" FONTFAMILY="Times New Roman"/>
		<TextStyle ID="TXT_1" FONTSIZE="9" FONTFAMILY="Times New Roman" FONTSTYLE="bold"/>
		<ParagraphStyle ID="PAR_LEFT" ALIGN="Left"/>
		<ParagraphStyle ID="PAR_CENTER" ALIGN="Center"/>
		<ParagraphStyle ID="PAR_BLOCK" ALIGN="Block"/>
	</Styles>
	<Layout>
		<Page ID="P48" PHYSICAL_IMG_NR="48" HEIGHT="2540" WIDTH="1539" PRINTED_IMG_NR="390" PC="0.920">
			<TopMargin ID="P48_TM00001" HPOS="0" VPOS="0" WIDTH="1539" HEIGHT="293"/>
			<LeftMargin ID="P48_LM00001" HPOS="0" VPOS="293" WIDTH="248" HEIGHT="1942"/>
			<RightMargin ID="P48_RM00001" HPOS="1441" VPOS="293" WIDTH="98" HEIGHT="1942"/>
			<BottomMargin ID="P48_BM00001" HPOS="0" VPOS="2235" WIDTH="1539" HEIGHT="305">
				<TextBlock ID="P48_TB00001" HPOS="257" VPOS="2237" WIDTH="63" HEIGHT="35" STYLEREFS="TXT_0 PAR_LEFT">
					<TextLine ID="P48_TL00001" HPOS="257" VPOS="2237" WIDTH="63" HEIGHT="35">
						<String ID="P48_ST00001" HPOS="257" VPOS="2237" WIDTH="63" HEIGHT="35" CONTENT="390" WC="1.00" CC="000"/>
					</TextLine>
				</TextBlock>
			</BottomMargin>
			<PrintSpace ID="P48_PS00001" HPOS="248" VPOS="293" WIDTH="1193" HEIGHT="1942">
				<TextBlock ID="P48_TB00002" HPOS="248" VPOS="293" WIDTH="1193" HEIGHT="956" STYLEREFS="TXT_0 PAR_LEFT">
					<TextLine ID="P48_TL00002" HPOS="339" VPOS="293" WIDTH="1039" HEIGHT="41">
						<String ID="P48_ST00002" HPOS="339" VPOS="298" WIDTH="40" HEIGHT="28" CONTENT="Er" WC="0.38" CC="57"/>
						<SP ID="P48_SP00001" HPOS="379" VPOS="326" WIDTH="22"/>
						<String ID="P48_ST00003" HPOS="401" VPOS="297" WIDTH="120" HEIGHT="37" CONTENT="begann" WC="0.97" CC="709077"/>
						<SP ID="P48_SP00002" HPOS="521" VPOS="334" WIDTH="22"/>
						<String ID="P48_ST00004" HPOS="543" VPOS="296" WIDTH="102" HEIGHT="37" CONTENT="hastig" WC="0.99" CC="700100"/>
						<SP ID="P48_SP00003" HPOS="645" VPOS="334" WIDTH="22"/>
						<String ID="P48_ST00005" HPOS="667" VPOS="295" WIDTH="65" HEIGHT="29" CONTENT="sich" WC="0.96" CC="9530"/>
						<SP ID="P48_SP00004" HPOS="732" VPOS="334" WIDTH="22"/>
						<String ID="P48_ST00006" HPOS="754" VPOS="294" WIDTH="189" HEIGHT="30" CONTENT="anzuziehen" WC="0.56" CC="8740040737"/>
						<SP ID="P48_SP00005" HPOS="943" VPOS="334" WIDTH="23"/>
						<String ID="P48_ST00007" HPOS="966" VPOS="293" WIDTH="64" HEIGHT="30" CONTENT="und" WC="0.94" CC="770"/>
						<SP ID="P48_SP00006" HPOS="1030" VPOS="334" WIDTH="21"/>
						<String ID="P48_ST00008" HPOS="1051" VPOS="294" WIDTH="77" HEIGHT="37" CONTENT="ging" WC="0.96" CC="9070"/>
						<SP ID="P48_SP00007" HPOS="1128" VPOS="334" WIDTH="23"/>
						<String ID="P48_ST00009" HPOS="1151" VPOS="293" WIDTH="54" HEIGHT="31" CONTENT="der" WC="0.96" CC="047"/>
						<SP ID="P48_SP00008" HPOS="1205" VPOS="334" WIDTH="21"/>
						<String ID="P48_ST00010" HPOS="1226" VPOS="293" WIDTH="81" HEIGHT="29" CONTENT="Türe" WC="0.98" CC="2071"/>
						<SP ID="P48_SP00009" HPOS="1307" VPOS="334" WIDTH="22"/>
						<String ID="P48_ST00011" HPOS="1329" VPOS="301" WIDTH="49" HEIGHT="21" CONTENT="zu." WC="0.94" CC="474"/>
					</TextLine>
					<TextLine ID="P48_TL00003" HPOS="337" VPOS="340" WIDTH="1016" HEIGHT="42">
						<String ID="P48_ST00012" HPOS="337" VPOS="345" WIDTH="103" HEIGHT="28" CONTENT="Nazar" WC="0.60" CC="06607"/>
						<SP ID="P48_SP00010" HPOS="440" VPOS="373" WIDTH="23"/>
						<String ID="P48_ST00013" HPOS="463" VPOS="342" WIDTH="210" HEIGHT="40" CONTENT="Wawylitsch," WC="0.86" CC="00005000054"/>
						<SP ID="P48_SP00011" HPOS="673" VPOS="382" WIDTH="24"/>
						<String ID="P48_ST00014" HPOS="697" VPOS="351" WIDTH="68" HEIGHT="21" CONTENT="was" WC="0.98" CC="004"/>
						<SP ID="P48_SP00012" HPOS="765" VPOS="382" WIDTH="23"/>
						<String ID="P48_ST00015" HPOS="788" VPOS="341" WIDTH="115" HEIGHT="30" CONTENT="wollen" WC="0.99" CC="050007"/>
						<SP ID="P48_SP00013" HPOS="903" VPOS="382" WIDTH="25"/>
						<String ID="P48_ST00016" HPOS="928" VPOS="340" WIDTH="72" HEIGHT="31" CONTENT="Sie?" WC="0.97" CC="0633"/>
						<SP ID="P48_SP00014" HPOS="1000" VPOS="382" WIDTH="26"/>
						<String ID="P48_ST00017" HPOS="1026" VPOS="340" WIDTH="41" HEIGHT="42" CONTENT="—'" WC="0.41" CC="83"/>
						<SP ID="P48_SP00015" HPOS="1067" VPOS="382" WIDTH="24"/>
						<String ID="P48_ST00018" HPOS="1091" VPOS="340" WIDTH="99" HEIGHT="31" CONTENT="schrie" WC="0.99" CC="020550"/>
						<SP ID="P48_SP00016" HPOS="1190" VPOS="382" WIDTH="28"/>
						<String ID="P48_ST00019" HPOS="1218" VPOS="340" WIDTH="135" HEIGHT="39" CONTENT="Djadjin." WC="0.59" CC="47205372"/>
					</TextLine>
					<TextLine ID="P48_TL00004" HPOS="337" VPOS="387" WIDTH="514" HEIGHT="40">
						<String ID="P48_ST00020" HPOS="337" VPOS="389" WIDTH="72" HEIGHT="31" CONTENT="Halt" WC="0.97" CC="7070"/>
						<SP ID="P48_SP00017" HPOS="409" VPOS="420" WIDTH="24"/>
						<String ID="P48_ST00021" HPOS="433" VPOS="389" WIDTH="100" HEIGHT="38" CONTENT="Vater," WC="0.98" CC="160633"/>
						<SP ID="P48_SP00018" HPOS="533" VPOS="427" WIDTH="24"/>
						<String ID="P48_ST00022" HPOS="557" VPOS="389" WIDTH="97" HEIGHT="29" CONTENT="warte" WC="0.99" CC="00604"/>
						<SP ID="P48_SP00019" HPOS="654" VPOS="427" WIDTH="24"/>
						<String ID="P48_ST00023" HPOS="678" VPOS="387" WIDTH="80" HEIGHT="31" CONTENT="doch" WC="0.97" CC="0067"/>
						<SP ID="P48_SP00020" HPOS="758" VPOS="427" WIDTH="24"/>
						<String ID="P48_ST00024" HPOS="782" VPOS="411" WIDTH="7" HEIGHT="6" CONTENT="." WC="0.97" CC="0"/>
						<SP ID="P48_SP00021" HPOS="789" VPOS="427" WIDTH="23"/>
						<String ID="P48_ST00025" HPOS="812" VPOS="411" WIDTH="7" HEIGHT="6" CONTENT="." WC="0.59" CC="4"/>
						<SP ID="P48_SP00022" HPOS="819" VPOS="427" WIDTH="25"/>
						<String ID="P48_ST00026" HPOS="844" VPOS="411" WIDTH="7" HEIGHT="7" CONTENT="." WC="0.83" CC="1"/>
					</TextLine>
					<TextLine ID="P48_TL00005" HPOS="337" VPOS="430" WIDTH="1102" HEIGHT="41">
						<String ID="P48_ST00027" HPOS="337" VPOS="435" WIDTH="49" HEIGHT="30" CONTENT="Ich" WC="0.95" CC="705"/>
						<SP ID="P48_SP00023" HPOS="386" VPOS="465" WIDTH="21"/>
						<String ID="P48_ST00028" HPOS="407" VPOS="434" WIDTH="52" HEIGHT="31" CONTENT="bin" WC="0.92" CC="757"/>
						<SP ID="P48_SP00024" HPOS="459" VPOS="465" WIDTH="22"/>
						<String ID="P48_ST00029" HPOS="481" VPOS="433" WIDTH="84" HEIGHT="32" CONTENT="nicht" WC="0.99" CC="03060"/>
						<SP ID="P48_SP00025" HPOS="565" VPOS="465" WIDTH="21"/>
						<String ID="P48_ST00030" HPOS="586" VPOS="433" WIDTH="70" HEIGHT="30" CONTENT="dein" WC="0.99" CC="0500"/>
						<SP ID="P48_SP00026" HPOS="656" VPOS="465" WIDTH="22"/>
						<String ID="P48_ST00031" HPOS="678" VPOS="433" WIDTH="100" HEIGHT="38" CONTENT="Vater," WC="0.98" CC="310164"/>
						<SP ID="P48_SP00027" HPOS="778" VPOS="471" WIDTH="22"/>
						<String ID="P48_ST00032" HPOS="800" VPOS="432" WIDTH="64" HEIGHT="30" CONTENT="und" WC="0.92" CC="776"/>
						<SP ID="P48_SP00028" HPOS="864" VPOS="471" WIDTH="22"/>
						<String ID="P48_ST00033" HPOS="886" VPOS="432" WIDTH="43" HEIGHT="30" CONTENT="du" WC="0.64" CC="07"/>
						<SP ID="P48_SP00029" HPOS="929" VPOS="471" WIDTH="20"/>
						<String ID="P48_ST00034" HPOS="949" VPOS="432" WIDTH="61" HEIGHT="30" CONTENT="bist" WC="0.98" CC="6000"/>
						<SP ID="P48_SP00030" HPOS="1010" VPOS="471" WIDTH="20"/>
						<String ID="P48_ST00035" HPOS="1030" VPOS="431" WIDTH="83" HEIGHT="30" CONTENT="nicht" WC="0.98" CC="70330"/>
						<SP ID="P48_SP00031" HPOS="1113" VPOS="471" WIDTH="21"/>
						<String ID="P48_ST00036" HPOS="1134" VPOS="432" WIDTH="87" HEIGHT="30" CONTENT="mehr" WC="0.97" CC="0606"/>
						<SP ID="P48_SP00032" HPOS="1221" VPOS="471" WIDTH="20"/>
						<String ID="P48_ST00037" HPOS="1241" VPOS="433" WIDTH="80" HEIGHT="29" CONTENT="mein" WC="0.99" CC="4020"/>
						<SP ID="P48_SP00033" HPOS="1321" VPOS="471" WIDTH="23"/>
						<String ID="P48_ST00038" HPOS="1344" VPOS="430" WIDTH="95" HEIGHT="31" CONTENT="Sohn." WC="0.98" CC="05604"/>
					</TextLine>
					<TextLine ID="P48_TL00006" HPOS="255" VPOS="475" WIDTH="1184" HEIGHT="42">
						<String ID="P48_ST00039" HPOS="255" VPOS="481" WIDTH="50" HEIGHT="30" CONTENT="Ihr" WC="0.96" CC="603"/>
						<SP ID="P48_SP00034" HPOS="305" VPOS="511" WIDTH="24"/>
						<String ID="P48_ST00040" HPOS="329" VPOS="480" WIDTH="66" HEIGHT="30" CONTENT="seid" WC="0.98" CC="4420"/>
						<SP ID="P48_SP00035" HPOS="395" VPOS="511" WIDTH="24"/>
						<String ID="P48_ST00041" HPOS="419" VPOS="480" WIDTH="138" HEIGHT="37" CONTENT="gemeine" WC="0.98" CC="9063370"/>
						<SP ID="P48_SP00036" HPOS="557" VPOS="517" WIDTH="26"/>
						<String ID="P48_ST00042" HPOS="583" VPOS="478" WIDTH="151" HEIGHT="32" CONTENT="Rebellen." WC="0.99" CC="741036074"/>
						<SP ID="P48_SP00037" HPOS="734" VPOS="517" WIDTH="48"/>
						<String ID="P48_ST00043" HPOS="782" VPOS="479" WIDTH="79" HEIGHT="29" CONTENT="Eure" WC="0.96" CC="4750"/>
						<SP ID="P48_SP00038" HPOS="861" VPOS="517" WIDTH="25"/>
						<String ID="P48_ST00044" HPOS="886" VPOS="477" WIDTH="196" HEIGHT="31" CONTENT="Frechheiten" WC="0.99" CC="46377602706"/>
						<SP ID="P48_SP00039" HPOS="1082" VPOS="517" WIDTH="27"/>
						<String ID="P48_ST00045" HPOS="1109" VPOS="477" WIDTH="96" HEIGHT="30" CONTENT="könnt" WC="0.99" CC="13500"/>
						<SP ID="P48_SP00040" HPOS="1205" VPOS="517" WIDTH="26"/>
						<String ID="P48_ST00046" HPOS="1231" VPOS="477" WIDTH="49" HEIGHT="31" CONTENT="ihr" WC="0.94" CC="509"/>
						<SP ID="P48_SP00041" HPOS="1280" VPOS="517" WIDTH="26"/>
						<String ID="P48_ST00047" HPOS="1306" VPOS="475" WIDTH="133" HEIGHT="32" CONTENT="anderen" WC="0.99" CC="0000760"/>
					</TextLine>
					<TextLine ID="P48_TL00007" HPOS="253" VPOS="526" WIDTH="195" HEIGHT="31">
						<String ID="P48_ST00048" HPOS="253" VPOS="526" WIDTH="195" HEIGHT="31" CONTENT="vormachen." WC="0.99" CC="0440030574"/>
					</TextLine>
					<TextLine ID="P48_TL00008" HPOS="335" VPOS="567" WIDTH="1106" HEIGHT="40">
						<String ID="P48_ST00049" HPOS="335" VPOS="571" WIDTH="63" HEIGHT="29" CONTENT="Das" WC="0.93" CC="656"/>
						<SP ID="P48_SP00042" HPOS="398" VPOS="600" WIDTH="21"/>
						<String ID="P48_ST00050" HPOS="419" VPOS="572" WIDTH="38" HEIGHT="29" CONTENT="ist" WC="0.95" CC="607"/>
						<SP ID="P48_SP00043" HPOS="457" VPOS="601" WIDTH="19"/>
						<String ID="P48_ST00051" HPOS="476" VPOS="570" WIDTH="80" HEIGHT="30" CONTENT="doch" WC="0.93" CC="9777"/>
						<SP ID="P48_SP00044" HPOS="556" VPOS="601" WIDTH="21"/>
						<String ID="P48_ST00052" HPOS="577" VPOS="569" WIDTH="216" HEIGHT="38" CONTENT="blödsinniger" WC="0.99" CC="700005070906"/>
						<SP ID="P48_SP00045" HPOS="793" VPOS="607" WIDTH="20"/>
						<String ID="P48_ST00053" HPOS="813" VPOS="569" WIDTH="137" HEIGHT="35" CONTENT="Quatsch" WC="0.99" CC="0606006"/>
						<SP ID="P48_SP00046" HPOS="950" VPOS="607" WIDTH="81"/>
						<String ID="P48_ST00054" HPOS="1031" VPOS="568" WIDTH="159" HEIGHT="31" CONTENT="erwiderte" WC="0.99" CC="000490600"/>
						<SP ID="P48_SP00047" HPOS="1190" VPOS="607" WIDTH="20"/>
						<String ID="P48_ST00055" HPOS="1210" VPOS="567" WIDTH="157" HEIGHT="39" CONTENT="aufgeregt" WC="0.98" CC="475027490"/>
						<SP ID="P48_SP00048" HPOS="1367" VPOS="607" WIDTH="21"/>
						<String ID="P48_ST00056" HPOS="1388" VPOS="567" WIDTH="53" HEIGHT="30" CONTENT="der" WC="0.96" CC="037"/>
					</TextLine>
					<TextLine ID="P48_TL00009" HPOS="254" VPOS="617" WIDTH="95" HEIGHT="30">
						<String ID="P48_ST00057" HPOS="254" VPOS="617" WIDTH="95" HEIGHT="30" CONTENT="Sohn." WC="0.98" CC="14064"/>
					</TextLine>
					<TextLine ID="P48_TL00010" HPOS="336" VPOS="658" WIDTH="1105" HEIGHT="40">
						<String ID="P48_ST00058" HPOS="336" VPOS="662" WIDTH="50" HEIGHT="29" CONTENT="Ich" WC="0.93" CC="656"/>
						<SP ID="P48_SP00049" HPOS="386" VPOS="691" WIDTH="23"/>
						<String ID="P48_ST00059" HPOS="409" VPOS="662" WIDTH="104" HEIGHT="29" CONTENT="werde" WC="0.99" CC="04400"/>
						<SP ID="P48_SP00050" HPOS="513" VPOS="691" WIDTH="24"/>
						<String ID="P48_ST00060" HPOS="537" VPOS="662" WIDTH="47" HEIGHT="29" CONTENT="dir" WC="1.00" CC="010"/>
						<SP ID="P48_SP00051" HPOS="584" VPOS="691" WIDTH="23"/>
						<String ID="P48_ST00061" HPOS="607" VPOS="661" WIDTH="97" HEIGHT="30" CONTENT="schon" WC="0.99" CC="50030"/>
						<SP ID="P48_SP00052" HPOS="704" VPOS="691" WIDTH="25"/>
						<String ID="P48_ST00062" HPOS="729" VPOS="661" WIDTH="118" HEIGHT="37" CONTENT="zeigen," WC="0.99" CC="0020054"/>
						<SP ID="P48_SP00053" HPOS="847" VPOS="698" WIDTH="23"/>
						<String ID="P48_ST00063" HPOS="870" VPOS="669" WIDTH="66" HEIGHT="21" CONTENT="was" WC="0.98" CC="006"/>
						<SP ID="P48_SP00054" HPOS="936" VPOS="698" WIDTH="24"/>
						<String ID="P48_ST00064" HPOS="960" VPOS="660" WIDTH="152" HEIGHT="29" CONTENT="Blödsinn" WC="0.98" CC="65008276"/>
						<SP ID="P48_SP00055" HPOS="1112" VPOS="698" WIDTH="23"/>
						<String ID="P48_ST00065" HPOS="1135" VPOS="658" WIDTH="98" HEIGHT="31" CONTENT="heißt!" WC="0.98" CC="704164"/>
						<SP ID="P48_SP00056" HPOS="1233" VPOS="698" WIDTH="46"/>
						<String ID="P48_ST00066" HPOS="1279" VPOS="658" WIDTH="78" HEIGHT="30" CONTENT="Also" WC="0.97" CC="0605"/>
						<SP ID="P48_SP00057" HPOS="1357" VPOS="698" WIDTH="23"/>
						<String ID="P48_ST00067" HPOS="1380" VPOS="659" WIDTH="61" HEIGHT="28" CONTENT="lebt" WC="0.95" CC="5357"/>
					</TextLine>
					<TextLine ID="P48_TL00011" HPOS="253" VPOS="703" WIDTH="1119" HEIGHT="42">
						<String ID="P48_ST00068" HPOS="253" VPOS="708" WIDTH="78" HEIGHT="29" CONTENT="nach" WC="0.97" CC="6004"/>
						<SP ID="P48_SP00058" HPOS="331" VPOS="737" WIDTH="27"/>
						<String ID="P48_ST00069" HPOS="358" VPOS="717" WIDTH="101" HEIGHT="21" CONTENT="eurem" WC="0.96" CC="27726"/>
						<SP ID="P48_SP00059" HPOS="459" VPOS="738" WIDTH="31"/>
						<String ID="P48_ST00070" HPOS="490" VPOS="707" WIDTH="198" HEIGHT="38" CONTENT="Vergnügen," WC="0.99" CC="0030719070"/>
						<SP ID="P48_SP00060" HPOS="688" VPOS="745" WIDTH="28"/>
						<String ID="P48_ST00071" HPOS="716" VPOS="706" WIDTH="64" HEIGHT="30" CONTENT="und" WC="0.97" CC="700"/>
						<SP ID="P48_SP00061" HPOS="780" VPOS="745" WIDTH="25"/>
						<String ID="P48_ST00072" HPOS="805" VPOS="707" WIDTH="60" HEIGHT="29" CONTENT="wir" WC="0.97" CC="006"/>
						<SP ID="P48_SP00062" HPOS="865" VPOS="745" WIDTH="27"/>
						<String ID="P48_ST00073" HPOS="892" VPOS="705" WIDTH="78" HEIGHT="31" CONTENT="nach" WC="1.00" CC="0000"/>
						<SP ID="P48_SP00063" HPOS="970" VPOS="745" WIDTH="27"/>
						<String ID="P48_ST00074" HPOS="997" VPOS="714" WIDTH="130" HEIGHT="21" CONTENT="unseren" WC="0.98" CC="7707500"/>
						<SP ID="P48_SP00064" HPOS="1127" VPOS="745" WIDTH="29"/>
						<String ID="P48_ST00075" HPOS="1156" VPOS="704" WIDTH="79" HEIGHT="30" CONTENT="alten" WC="0.98" CC="06027"/>
						<SP ID="P48_SP00065" HPOS="1235" VPOS="745" WIDTH="29"/>
						<String ID="P48_ST00076" HPOS="1264" VPOS="703" WIDTH="108" HEIGHT="31" CONTENT="Sitten!" WC="0.99" CC="0700072"/>
						<SP ID="P48_SP00066" HPOS="1372" VPOS="745" WIDTH="0"/>
					</TextLine>
					<TextLine ID="P48_TL00012" HPOS="254" VPOS="750" WIDTH="1123" HEIGHT="40">
						<String ID="P48_ST00077" HPOS="254" VPOS="755" WIDTH="87" HEIGHT="35" CONTENT="sagte" WC="0.99" CC="00900"/>
						<SP ID="P48_SP00067" HPOS="341" VPOS="790" WIDTH="21"/>
						<String ID="P48_ST00078" HPOS="362" VPOS="752" WIDTH="54" HEIGHT="31" CONTENT="der" WC="0.98" CC="006"/>
						<SP ID="P48_SP00068" HPOS="416" VPOS="790" WIDTH="20"/>
						<String ID="P48_ST00079" HPOS="436" VPOS="752" WIDTH="70" HEIGHT="31" CONTENT="Alte" WC="0.97" CC="5070"/>
						<SP ID="P48_SP00069" HPOS="506" VPOS="790" WIDTH="22"/>
						<String ID="P48_ST00080" HPOS="528" VPOS="752" WIDTH="63" HEIGHT="30" CONTENT="und" WC="0.95" CC="670"/>
						<SP ID="P48_SP00070" HPOS="591" VPOS="790" WIDTH="24"/>
						<String ID="P48_ST00081" HPOS="615" VPOS="752" WIDTH="81" HEIGHT="30" CONTENT="blieb" WC="0.98" CC="60105"/>
						<SP ID="P48_SP00071" HPOS="696" VPOS="790" WIDTH="23"/>
						<String ID="P48_ST00082" HPOS="719" VPOS="753" WIDTH="31" HEIGHT="28" CONTENT="in" WC="0.63" CC="15"/>
						<SP ID="P48_SP00072" HPOS="750" VPOS="790" WIDTH="24"/>
						<String ID="P48_ST00083" HPOS="774" VPOS="751" WIDTH="53" HEIGHT="31" CONTENT="der" WC="0.97" CC="007"/>
						<SP ID="P48_SP00073" HPOS="827" VPOS="790" WIDTH="24"/>
						<String ID="P48_ST00084" HPOS="851" VPOS="752" WIDTH="79" HEIGHT="29" CONTENT="Türe" WC="1.00" CC="1000"/>
						<SP ID="P48_SP00074" HPOS="930" VPOS="790" WIDTH="23"/>
						<String ID="P48_ST00085" HPOS="953" VPOS="752" WIDTH="81" HEIGHT="29" CONTENT="noch" WC="0.95" CC="7717"/>
						<SP ID="P48_SP00075" HPOS="1034" VPOS="790" WIDTH="24"/>
						<String ID="P48_ST00086" HPOS="1058" VPOS="752" WIDTH="66" HEIGHT="28" CONTENT="eine" WC="0.97" CC="0073"/>
						<SP ID="P48_SP00076" HPOS="1124" VPOS="790" WIDTH="21"/>
						<String ID="P48_ST00087" HPOS="1145" VPOS="750" WIDTH="96" HEIGHT="30" CONTENT="Weile" WC="0.98" CC="90001"/>
						<SP ID="P48_SP00077" HPOS="1241" VPOS="790" WIDTH="22"/>
						<String ID="P48_ST00088" HPOS="1263" VPOS="750" WIDTH="114" HEIGHT="30" CONTENT="stehen." WC="0.99" CC="0600002"/>
						<SP ID="P48_SP00078" HPOS="1377" VPOS="790" WIDTH="0"/>
					</TextLine>
					<TextLine ID="P48_TL00013" HPOS="255" VPOS="794" WIDTH="1186" HEIGHT="41">
						<String ID="P48_ST00089" HPOS="255" VPOS="799" WIDTH="49" HEIGHT="29" CONTENT="ich" WC="0.92" CC="767"/>
						<SP ID="P48_SP00079" HPOS="304" VPOS="828" WIDTH="24"/>
						<String ID="P48_ST00090" HPOS="328" VPOS="798" WIDTH="60" HEIGHT="29" CONTENT="hab" WC="0.69" CC="044"/>
						<SP ID="P48_SP00080" HPOS="388" VPOS="828" WIDTH="24"/>
						<String ID="P48_ST00091" HPOS="412" VPOS="798" WIDTH="96" HEIGHT="30" CONTENT="schon" WC="0.96" CC="17777"/>
						<SP ID="P48_SP00081" HPOS="508" VPOS="828" WIDTH="24"/>
						<String ID="P48_ST00092" HPOS="532" VPOS="806" WIDTH="106" HEIGHT="29" CONTENT="genug" WC="0.96" CC="97770"/>
						<SP ID="P48_SP00082" HPOS="638" VPOS="835" WIDTH="21"/>
						<String ID="P48_ST00093" HPOS="659" VPOS="806" WIDTH="63" HEIGHT="21" CONTENT="von" WC="0.99" CC="030"/>
						<SP ID="P48_SP00083" HPOS="722" VPOS="835" WIDTH="24"/>
						<String ID="P48_ST00094" HPOS="746" VPOS="797" WIDTH="103" HEIGHT="30" CONTENT="diesen" WC="0.99" CC="000007"/>
						<SP ID="P48_SP00084" HPOS="849" VPOS="835" WIDTH="24"/>
						<String ID="P48_ST00095" HPOS="873" VPOS="806" WIDTH="96" HEIGHT="20" CONTENT="neuen" WC="0.96" CC="70657"/>
						<SP ID="P48_SP00085" HPOS="969" VPOS="835" WIDTH="26"/>
						<String ID="P48_ST00096" HPOS="995" VPOS="795" WIDTH="200" HEIGHT="39" CONTENT="Obrigkeiten" WC="0.99" CC="27600003007"/>
						<SP ID="P48_SP00086" HPOS="1195" VPOS="835" WIDTH="24"/>
						<String ID="P48_ST00097" HPOS="1219" VPOS="819" WIDTH="7" HEIGHT="7" CONTENT="." WC="0.63" CC="3"/>
						<SP ID="P48_SP00087" HPOS="1226" VPOS="835" WIDTH="25"/>
						<String ID="P48_ST00098" HPOS="1251" VPOS="818" WIDTH="7" HEIGHT="7" CONTENT="." WC="0.62" CC="3"/>
						<SP ID="P48_SP00088" HPOS="1258" VPOS="835" WIDTH="25"/>
						<String ID="P48_ST00099" HPOS="1283" VPOS="819" WIDTH="7" HEIGHT="6" CONTENT="." WC="0.57" CC="4"/>
						<SP ID="P48_SP00089" HPOS="1290" VPOS="835" WIDTH="44"/>
						<String ID="P48_ST00100" HPOS="1334" VPOS="794" WIDTH="107" HEIGHT="31" CONTENT="Danke" WC="0.99" CC="70020"/>
					</TextLine>
					<TextLine ID="P48_TL00014" HPOS="252" VPOS="840" WIDTH="1187" HEIGHT="41">
						<String ID="P48_ST00101" HPOS="252" VPOS="844" WIDTH="79" HEIGHT="29" CONTENT="sehr." WC="0.97" CC="30664"/>
						<SP ID="P48_SP00090" HPOS="331" VPOS="873" WIDTH="44"/>
						<String ID="P48_ST00102" HPOS="375" VPOS="844" WIDTH="60" HEIGHT="29" CONTENT="Tee" WC="0.96" CC="730"/>
						<SP ID="P48_SP00091" HPOS="435" VPOS="873" WIDTH="22"/>
						<String ID="P48_ST00103" HPOS="457" VPOS="843" WIDTH="61" HEIGHT="29" CONTENT="hab" WC="0.33" CC="747"/>
						<SP ID="P48_SP00092" HPOS="518" VPOS="873" WIDTH="23"/>
						<String ID="P48_ST00104" HPOS="541" VPOS="844" WIDTH="48" HEIGHT="29" CONTENT="ick" WC="0.94" CC="177"/>
						<SP ID="P48_SP00093" HPOS="589" VPOS="873" WIDTH="21"/>
						<String ID="P48_ST00105" HPOS="610" VPOS="843" WIDTH="178" HEIGHT="38" CONTENT="getrunken," WC="0.99" CC="9006470104"/>
						<SP ID="P48_SP00094" HPOS="788" VPOS="881" WIDTH="22"/>
						<String ID="P48_ST00106" HPOS="810" VPOS="843" WIDTH="96" HEIGHT="29" CONTENT="meine" WC="0.97" CC="36570"/>
						<SP ID="P48_SP00095" HPOS="906" VPOS="881" WIDTH="23"/>
						<String ID="P48_ST00107" HPOS="929" VPOS="842" WIDTH="117" HEIGHT="30" CONTENT="Kinder" WC="0.98" CC="027615"/>
						<SP ID="P48_SP00096" HPOS="1046" VPOS="881" WIDTH="22"/>
						<String ID="P48_ST00108" HPOS="1068" VPOS="841" WIDTH="99" HEIGHT="30" CONTENT="haben" WC="0.98" CC="74000"/>
						<SP ID="P48_SP00097" HPOS="1167" VPOS="881" WIDTH="23"/>
						<String ID="P48_ST00109" HPOS="1190" VPOS="841" WIDTH="80" HEIGHT="29" CONTENT="mich" WC="0.98" CC="0035"/>
						<SP ID="P48_SP00098" HPOS="1270" VPOS="881" WIDTH="22"/>
						<String ID="P48_ST00110" HPOS="1292" VPOS="840" WIDTH="147" HEIGHT="31" CONTENT="bewirtet." WC="0.99" CC="700050404"/>
					</TextLine>
					<TextLine ID="P48_TL00015" HPOS="337" VPOS="886" WIDTH="1104" HEIGHT="40">
						<String ID="P48_ST00111" HPOS="337" VPOS="889" WIDTH="91" HEIGHT="30" CONTENT="Dann" WC="0.97" CC="0076"/>
						<SP ID="P48_SP00099" HPOS="428" VPOS="919" WIDTH="25"/>
						<String ID="P48_ST00112" HPOS="453" VPOS="889" WIDTH="79" HEIGHT="30" CONTENT="warf" WC="0.96" CC="8433"/>
						<SP ID="P48_SP00100" HPOS="532" VPOS="919" WIDTH="25"/>
						<String ID="P48_ST00113" HPOS="557" VPOS="898" WIDTH="31" HEIGHT="21" CONTENT="er" WC="0.55" CC="62"/>
						<SP ID="P48_SP00101" HPOS="588" VPOS="919" WIDTH="25"/>
						<String ID="P48_ST00114" HPOS="613" VPOS="889" WIDTH="112" HEIGHT="37" CONTENT="zornig" WC="0.97" CC="544739"/>
						<SP ID="P48_SP00102" HPOS="725" VPOS="926" WIDTH="25"/>
						<String ID="P48_ST00115" HPOS="750" VPOS="888" WIDTH="48" HEIGHT="29" CONTENT="die" WC="0.98" CC="060"/>
						<SP ID="P48_SP00103" HPOS="798" VPOS="926" WIDTH="27"/>
						<String ID="P48_ST00116" HPOS="825" VPOS="888" WIDTH="190" HEIGHT="29" CONTENT="Bastschuhe" WC="0.98" CC="6006177763"/>
						<SP ID="P48_SP00104" HPOS="1015" VPOS="926" WIDTH="24"/>
						<String ID="P48_ST00117" HPOS="1039" VPOS="888" WIDTH="31" HEIGHT="29" CONTENT="in" WC="0.65" CC="07"/>
						<SP ID="P48_SP00105" HPOS="1070" VPOS="926" WIDTH="27"/>
						<String ID="P48_ST00118" HPOS="1097" VPOS="889" WIDTH="65" HEIGHT="28" CONTENT="eine" WC="0.96" CC="4570"/>
						<SP ID="P48_SP00106" HPOS="1162" VPOS="926" WIDTH="27"/>
						<String ID="P48_ST00119" HPOS="1189" VPOS="886" WIDTH="77" HEIGHT="31" CONTENT="Ecke" WC="0.97" CC="6702"/>
						<SP ID="P48_SP00107" HPOS="1266" VPOS="926" WIDTH="25"/>
						<String ID="P48_ST00120" HPOS="1291" VPOS="886" WIDTH="64" HEIGHT="30" CONTENT="und" WC="0.97" CC="700"/>
						<SP ID="P48_SP00108" HPOS="1355" VPOS="926" WIDTH="26"/>
						<String ID="P48_ST00121" HPOS="1381" VPOS="887" WIDTH="45" HEIGHT="28" CONTENT="ent" SUBS_TYPE="HypPart1" SUBS_CONTENT="entfernte" WC="0.96" CC="670"/>
						<HYP HPOS="1426" VPOS="887" WIDTH="15" CONTENT="-"/>
					</TextLine>
					<TextLine ID="P48_TL00016" HPOS="253" VPOS="933" WIDTH="657" HEIGHT="40">
						<String ID="P48_ST00122" HPOS="253" VPOS="935" WIDTH="95" HEIGHT="30" CONTENT="fernte" SUBS_TYPE="HypPart2" SUBS_CONTENT="entfernte" WC="0.99" CC="700000"/>
						<SP ID="P48_SP00109" HPOS="348" VPOS="965" WIDTH="24"/>
						<String ID="P48_ST00123" HPOS="372" VPOS="935" WIDTH="76" HEIGHT="38" CONTENT="sich," WC="0.97" CC="60474"/>
						<SP ID="P48_SP00110" HPOS="448" VPOS="973" WIDTH="25"/>
						<String ID="P48_ST00124" HPOS="473" VPOS="934" WIDTH="49" HEIGHT="30" CONTENT="die" WC="0.99" CC="020"/>
						<SP ID="P48_SP00111" HPOS="522" VPOS="973" WIDTH="24"/>
						<String ID="P48_ST00125" HPOS="546" VPOS="934" WIDTH="80" HEIGHT="30" CONTENT="Türe" WC="0.99" CC="0070"/>
						<SP ID="P48_SP00112" HPOS="626" VPOS="973" WIDTH="24"/>
						<String ID="P48_ST00126" HPOS="650" VPOS="935" WIDTH="63" HEIGHT="28" CONTENT="laut" WC="0.95" CC="4576"/>
						<SP ID="P48_SP00113" HPOS="713" VPOS="973" WIDTH="26"/>
						<String ID="P48_ST00127" HPOS="739" VPOS="933" WIDTH="171" HEIGHT="31" CONTENT="zuhauend." WC="0.99" CC="560060704"/>
					</TextLine>
					<TextLine ID="P48_TL00017" HPOS="336" VPOS="978" WIDTH="704" HEIGHT="40">
						<String ID="P48_ST00128" HPOS="336" VPOS="980" WIDTH="100" HEIGHT="38" CONTENT="Vater," WC="0.99" CC="010064"/>
						<SP ID="P48_SP00114" HPOS="436" VPOS="1018" WIDTH="20"/>
						<String ID="P48_ST00129" HPOS="456" VPOS="980" WIDTH="179" HEIGHT="37" CONTENT="Väterchen," WC="0.99" CC="0504740074"/>
						<SP ID="P48_SP00115" HPOS="635" VPOS="1018" WIDTH="79"/>
						<String ID="P48_ST00130" HPOS="714" VPOS="979" WIDTH="110" HEIGHT="30" CONTENT="weinte" WC="0.99" CC="004060"/>
						<SP ID="P48_SP00116" HPOS="824" VPOS="1018" WIDTH="20"/>
						<String ID="P48_ST00131" HPOS="844" VPOS="978" WIDTH="196" HEIGHT="31" CONTENT="Annuschka." WC="0.76" CC="0077040004"/>
					</TextLine>
					<TextLine ID="P48_TL00018" HPOS="336" VPOS="1022" WIDTH="1105" HEIGHT="40">
						<String ID="P48_ST00132" HPOS="336" VPOS="1025" WIDTH="41" HEIGHT="31" CONTENT="Ist" WC="0.95" CC="506"/>
						<SP ID="P48_SP00117" HPOS="377" VPOS="1056" WIDTH="24"/>
						<String ID="P48_ST00133" HPOS="401" VPOS="1025" WIDTH="55" HEIGHT="30" CONTENT="das" WC="0.97" CC="061"/>
						<SP ID="P48_SP00118" HPOS="456" VPOS="1056" WIDTH="24"/>
						<String ID="P48_ST00134" HPOS="480" VPOS="1025" WIDTH="73" HEIGHT="30" CONTENT="aber" WC="0.97" CC="2704"/>
						<SP ID="P48_SP00119" HPOS="553" VPOS="1056" WIDTH="24"/>
						<String ID="P48_ST00135" HPOS="577" VPOS="1026" WIDTH="47" HEIGHT="29" CONTENT="ein" WC="0.97" CC="350"/>
						<SP ID="P48_SP00120" HPOS="624" VPOS="1056" WIDTH="25"/>
						<String ID="P48_ST00136" HPOS="649" VPOS="1024" WIDTH="208" HEIGHT="38" CONTENT="dickköpfiger" WC="1.00" CC="023600060006"/>
						<SP ID="P48_SP00121" HPOS="857" VPOS="1062" WIDTH="25"/>
						<String ID="P48_ST00137" HPOS="882" VPOS="1023" WIDTH="98" HEIGHT="30" CONTENT="Bauer" WC="0.98" CC="00734"/>
						<SP ID="P48_SP00122" HPOS="980" VPOS="1062" WIDTH="85"/>
						<String ID="P48_ST00138" HPOS="1065" VPOS="1025" WIDTH="87" HEIGHT="36" CONTENT="sagte" WC="0.98" CC="00901"/>
						<SP ID="P48_SP00123" HPOS="1152" VPOS="1062" WIDTH="24"/>
						<String ID="P48_ST00139" HPOS="1176" VPOS="1022" WIDTH="136" HEIGHT="39" CONTENT="Djadjin." WC="0.77" CC="05000173"/>
						<SP ID="P48_SP00124" HPOS="1312" VPOS="1062" WIDTH="45"/>
						<String ID="P48_ST00140" HPOS="1357" VPOS="1022" WIDTH="84" HEIGHT="30" CONTENT="Aber" WC="0.96" CC="1746"/>
					</TextLine>
					<TextLine ID="P48_TL00019" HPOS="254" VPOS="1067" WIDTH="1186" HEIGHT="41">
						<String ID="P48_ST00141" HPOS="254" VPOS="1071" WIDTH="49" HEIGHT="31" CONTENT="die" WC="1.00" CC="000"/>
						<SP ID="P48_SP00125" HPOS="303" VPOS="1102" WIDTH="25"/>
						<String ID="P48_ST00142" HPOS="328" VPOS="1070" WIDTH="98" HEIGHT="32" CONTENT="Stiefel" WC="0.99" CC="0000767"/>
						<SP ID="P48_SP00126" HPOS="426" VPOS="1102" WIDTH="26"/>
						<String ID="P48_ST00143" HPOS="452" VPOS="1071" WIDTH="52" HEIGHT="29" CONTENT="hat" WC="0.94" CC="780"/>
						<SP ID="P48_SP00127" HPOS="504" VPOS="1102" WIDTH="25"/>
						<String ID="P48_ST00144" HPOS="529" VPOS="1080" WIDTH="31" HEIGHT="20" CONTENT="er" WC="0.98" CC="00"/>
						<SP ID="P48_SP00128" HPOS="560" VPOS="1102" WIDTH="23"/>
						<String ID="P48_ST00145" HPOS="583" VPOS="1072" WIDTH="228" HEIGHT="36" CONTENT="miitgeommen," WC="0.56" CC="375793300064"/>
						<SP ID="P48_SP00129" HPOS="811" VPOS="1108" WIDTH="28"/>
						<String ID="P48_ST00146" HPOS="839" VPOS="1069" WIDTH="39" HEIGHT="30" CONTENT="da" WC="1.00" CC="00"/>
						<SP ID="P48_SP00130" HPOS="878" VPOS="1108" WIDTH="25"/>
						<String ID="P48_ST00147" HPOS="903" VPOS="1068" WIDTH="119" HEIGHT="30" CONTENT="machte" WC="0.98" CC="056706"/>
						<SP ID="P48_SP00131" HPOS="1022" VPOS="1108" WIDTH="25"/>
						<String ID="P48_ST00148" HPOS="1047" VPOS="1077" WIDTH="30" HEIGHT="21" CONTENT="er" WC="0.75" CC="05"/>
						<SP ID="P48_SP00132" HPOS="1077" VPOS="1108" WIDTH="26"/>
						<String ID="P48_ST00149" HPOS="1103" VPOS="1068" WIDTH="63" HEIGHT="30" CONTENT="sich" WC="0.97" CC="0266"/>
						<SP ID="P48_SP00133" HPOS="1166" VPOS="1108" WIDTH="26"/>
						<String ID="P48_ST00150" HPOS="1192" VPOS="1068" WIDTH="99" HEIGHT="30" CONTENT="nichts" WC="1.00" CC="010000"/>
						<SP ID="P48_SP00134" HPOS="1291" VPOS="1108" WIDTH="26"/>
						<String ID="P48_ST00151" HPOS="1317" VPOS="1067" WIDTH="123" HEIGHT="39" CONTENT="daraus," WC="0.99" CC="0060704"/>
					</TextLine>
					<TextLine ID="P48_TL00020" HPOS="254" VPOS="1115" WIDTH="724" HEIGHT="39">
						<String ID="P48_ST00152" HPOS="254" VPOS="1117" WIDTH="61" HEIGHT="30" CONTENT="daß" WC="1.00" CC="000"/>
						<SP ID="P48_SP00135" HPOS="315" VPOS="1147" WIDTH="23"/>
						<String ID="P48_ST00153" HPOS="338" VPOS="1117" WIDTH="49" HEIGHT="30" CONTENT="die" WC="0.97" CC="051"/>
						<SP ID="P48_SP00136" HPOS="387" VPOS="1147" WIDTH="20"/>
						<String ID="P48_ST00154" HPOS="407" VPOS="1127" WIDTH="73" HEIGHT="20" CONTENT="vom" WC="0.94" CC="661"/>
						<SP ID="P48_SP00137" HPOS="480" VPOS="1147" WIDTH="21"/>
						<String ID="P48_ST00155" HPOS="501" VPOS="1126" WIDTH="97" HEIGHT="21" CONTENT="neuen" WC="0.96" CC="76737"/>
						<SP ID="P48_SP00138" HPOS="598" VPOS="1147" WIDTH="24"/>
						<String ID="P48_ST00156" HPOS="622" VPOS="1117" WIDTH="123" HEIGHT="37" CONTENT="Regime" WC="0.98" CC="709030"/>
						<SP ID="P48_SP00139" HPOS="745" VPOS="1154" WIDTH="20"/>
						<String ID="P48_ST00157" HPOS="765" VPOS="1115" WIDTH="213" HEIGHT="31" CONTENT="herstammen." WC="0.99" CC="00200004373"/>
					</TextLine>
					<TextLine ID="P48_TL00021" HPOS="336" VPOS="1161" WIDTH="732" HEIGHT="38">
						<String ID="P48_ST00158" HPOS="336" VPOS="1163" WIDTH="74" HEIGHT="29" CONTENT="Und" WC="0.94" CC="277"/>
						<SP ID="P48_SP00140" HPOS="410" VPOS="1192" WIDTH="23"/>
						<String ID="P48_ST00159" HPOS="433" VPOS="1163" WIDTH="78" HEIGHT="29" CONTENT="mein" WC="0.95" CC="9067"/>
						<SP ID="P48_SP00141" HPOS="511" VPOS="1192" WIDTH="23"/>
						<String ID="P48_ST00160" HPOS="534" VPOS="1162" WIDTH="78" HEIGHT="30" CONTENT="Netz" WC="1.00" CC="0000"/>
						<SP ID="P48_SP00142" HPOS="612" VPOS="1192" WIDTH="25"/>
						<String ID="P48_ST00161" HPOS="637" VPOS="1162" WIDTH="64" HEIGHT="30" CONTENT="und" WC="0.97" CC="700"/>
						<SP ID="P48_SP00143" HPOS="701" VPOS="1192" WIDTH="23"/>
						<String ID="P48_ST00162" HPOS="724" VPOS="1161" WIDTH="48" HEIGHT="31" CONTENT="die" WC="0.98" CC="005"/>
						<SP ID="P48_SP00144" HPOS="772" VPOS="1192" WIDTH="23"/>
						<String ID="P48_ST00163" HPOS="795" VPOS="1161" WIDTH="181" HEIGHT="38" CONTENT="Fußlappen" WC="0.98" CC="560449027"/>
						<SP ID="P48_SP00145" HPOS="976" VPOS="1199" WIDTH="24"/>
						<String ID="P48_ST00164" HPOS="1000" VPOS="1185" WIDTH="6" HEIGHT="5" CONTENT="." WC="0.60" CC="3"/>
						<SP ID="P48_SP00146" HPOS="1006" VPOS="1199" WIDTH="24"/>
						<String ID="P48_ST00165" HPOS="1030" VPOS="1185" WIDTH="7" HEIGHT="5" CONTENT="." WC="0.55" CC="4"/>
						<SP ID="P48_SP00147" HPOS="1037" VPOS="1199" WIDTH="25"/>
						<String ID="P48_ST00166" HPOS="1062" VPOS="1184" WIDTH="6" HEIGHT="6" CONTENT="." WC="0.62" CC="3"/>
					</TextLine>
					<TextLine ID="P48_TL00022" HPOS="337" VPOS="1205" WIDTH="1104" HEIGHT="41">
						<String ID="P48_ST00167" HPOS="337" VPOS="1208" WIDTH="148" HEIGHT="30" CONTENT="Sokolow" WC="0.71" CC="0500733"/>
						<SP ID="P48_SP00148" HPOS="485" VPOS="1238" WIDTH="23"/>
						<String ID="P48_ST00168" HPOS="508" VPOS="1208" WIDTH="77" HEIGHT="38" CONTENT="ging" WC="0.99" CC="0600"/>
						<SP ID="P48_SP00149" HPOS="585" VPOS="1246" WIDTH="24"/>
						<String ID="P48_ST00169" HPOS="609" VPOS="1209" WIDTH="55" HEIGHT="29" CONTENT="mit" WC="0.98" CC="040"/>
						<SP ID="P48_SP00150" HPOS="664" VPOS="1246" WIDTH="21"/>
						<String ID="P48_ST00170" HPOS="685" VPOS="1207" WIDTH="122" HEIGHT="38" CONTENT="großen" WC="0.96" CC="967167"/>
						<SP ID="P48_SP00151" HPOS="807" VPOS="1246" WIDTH="24"/>
						<String ID="P48_ST00171" HPOS="831" VPOS="1206" WIDTH="150" HEIGHT="30" CONTENT="Schritten" WC="0.99" CC="047750007"/>
						<SP ID="P48_SP00152" HPOS="981" VPOS="1246" WIDTH="25"/>
						<String ID="P48_ST00172" HPOS="1006" VPOS="1206" WIDTH="40" HEIGHT="30" CONTENT="im" WC="0.78" CC="40"/>
						<SP ID="P48_SP00153" HPOS="1046" VPOS="1246" WIDTH="25"/>
						<String ID="P48_ST00173" HPOS="1071" VPOS="1206" WIDTH="134" HEIGHT="30" CONTENT="Zimmer" WC="0.99" CC="009000"/>
						<SP ID="P48_SP00154" HPOS="1205" VPOS="1246" WIDTH="25"/>
						<String ID="P48_ST00174" HPOS="1230" VPOS="1206" WIDTH="50" HEIGHT="30" CONTENT="auf" WC="0.96" CC="207"/>
						<SP ID="P48_SP00155" HPOS="1280" VPOS="1246" WIDTH="23"/>
						<String ID="P48_ST00175" HPOS="1303" VPOS="1205" WIDTH="65" HEIGHT="31" CONTENT="und" WC="0.98" CC="500"/>
						<SP ID="P48_SP00156" HPOS="1368" VPOS="1246" WIDTH="24"/>
						<String ID="P48_ST00176" HPOS="1392" VPOS="1205" WIDTH="49" HEIGHT="31" CONTENT="ab." WC="0.94" CC="373"/>
					</TextLine>
				</TextBlock>
				<TextBlock ID="P48_TB00003" HPOS="829" VPOS="1282" WIDTH="35" HEIGHT="37" STYLEREFS="TXT_1 PAR_CENTER">
					<TextLine ID="P48_TL00023" HPOS="829" VPOS="1285" WIDTH="34" HEIGHT="32">
						<String ID="P48_ST00177" HPOS="829" VPOS="1285" WIDTH="34" HEIGHT="32" CONTENT="11." WC="0.49" CC="473"/>
					</TextLine>
				</TextBlock>
				<TextBlock ID="P48_TB00004" HPOS="249" VPOS="1339" WIDTH="1192" HEIGHT="862" STYLEREFS="TXT_0 PAR_BLOCK">
					<TextLine ID="P48_TL00024" HPOS="337" VPOS="1341" WIDTH="1104" HEIGHT="39">
						<String ID="P48_ST00178" HPOS="337" VPOS="1344" WIDTH="58" HEIGHT="29" CONTENT="Die" WC="0.96" CC="404"/>
						<SP ID="P48_SP00157" HPOS="395" VPOS="1373" WIDTH="21"/>
						<String ID="P48_ST00179" HPOS="416" VPOS="1344" WIDTH="57" HEIGHT="29" CONTENT="alte" WC="0.96" CC="0764"/>
						<SP ID="P48_SP00158" HPOS="473" VPOS="1373" WIDTH="21"/>
						<String ID="P48_ST00180" HPOS="494" VPOS="1343" WIDTH="73" HEIGHT="30" CONTENT="aber" WC="0.96" CC="6706"/>
						<SP ID="P48_SP00159" HPOS="567" VPOS="1373" WIDTH="19"/>
						<String ID="P48_ST00181" HPOS="586" VPOS="1343" WIDTH="73" HEIGHT="30" CONTENT="feste" WC="0.98" CC="63050"/>
						<SP ID="P48_SP00160" HPOS="659" VPOS="1373" WIDTH="20"/>
						<String ID="P48_ST00182" HPOS="679" VPOS="1343" WIDTH="94" HEIGHT="30" CONTENT="Hütte" WC="0.98" CC="60460"/>
						<SP ID="P48_SP00161" HPOS="773" VPOS="1373" WIDTH="20"/>
						<String ID="P48_ST00183" HPOS="793" VPOS="1342" WIDTH="54" HEIGHT="30" CONTENT="des" WC="0.95" CC="523"/>
						<SP ID="P48_SP00162" HPOS="847" VPOS="1373" WIDTH="21"/>
						<String ID="P48_ST00184" HPOS="868" VPOS="1342" WIDTH="198" HEIGHT="38" CONTENT="Wawylitsch" WC="0.66" CC="6000746007"/>
						<SP ID="P48_SP00163" HPOS="1066" VPOS="1380" WIDTH="21"/>
						<String ID="P48_ST00185" HPOS="1087" VPOS="1342" WIDTH="81" HEIGHT="30" CONTENT="hatte" WC="0.97" CC="60662"/>
						<SP ID="P48_SP00164" HPOS="1168" VPOS="1380" WIDTH="20"/>
						<String ID="P48_ST00186" HPOS="1188" VPOS="1342" WIDTH="66" HEIGHT="30" CONTENT="sich" WC="0.97" CC="0337"/>
						<SP ID="P48_SP00165" HPOS="1254" VPOS="1380" WIDTH="21"/>
						<String ID="P48_ST00187" HPOS="1275" VPOS="1343" WIDTH="30" HEIGHT="28" CONTENT="in" WC="0.36" CC="48"/>
						<SP ID="P48_SP00166" HPOS="1305" VPOS="1380" WIDTH="23"/>
						<String ID="P48_ST00188" HPOS="1328" VPOS="1341" WIDTH="113" HEIGHT="31" CONTENT="diesem" WC="0.98" CC="400268"/>
					</TextLine>
					<TextLine ID="P48_TL00025" HPOS="254" VPOS="1386" WIDTH="1187" HEIGHT="39">
						<String ID="P48_ST00189" HPOS="254" VPOS="1389" WIDTH="110" HEIGHT="31" CONTENT="letzten" WC="0.99" CC="5500006"/>
						<SP ID="P48_SP00167" HPOS="364" VPOS="1420" WIDTH="28"/>
						<String ID="P48_ST00190" HPOS="392" VPOS="1390" WIDTH="110" HEIGHT="28" CONTENT="halben" WC="0.97" CC="747706"/>
						<SP ID="P48_SP00168" HPOS="502" VPOS="1420" WIDTH="30"/>
						<String ID="P48_ST00191" HPOS="532" VPOS="1389" WIDTH="77" HEIGHT="36" CONTENT="Jahr" WC="0.95" CC="6665"/>
						<SP ID="P48_SP00169" HPOS="609" VPOS="1425" WIDTH="25"/>
						<String ID="P48_ST00192" HPOS="634" VPOS="1389" WIDTH="175" HEIGHT="29" CONTENT="wesentlich" WC="0.99" CC="0100900136"/>
						<SP ID="P48_SP00170" HPOS="809" VPOS="1425" WIDTH="39"/>
						<String ID="P48_ST00193" HPOS="848" VPOS="1387" WIDTH="176" HEIGHT="38" CONTENT="verändert;" WC="0.99" CC="3071002403"/>
						<SP ID="P48_SP00171" HPOS="1024" VPOS="1425" WIDTH="39"/>
						<String ID="P48_ST00194" HPOS="1063" VPOS="1396" WIDTH="38" HEIGHT="21" CONTENT="an" WC="0.57" CC="16"/>
						<SP ID="P48_SP00172" HPOS="1101" VPOS="1425" WIDTH="38"/>
						<String ID="P48_ST00195" HPOS="1139" VPOS="1387" WIDTH="58" HEIGHT="30" CONTENT="den" WC="0.99" CC="020"/>
						<SP ID="P48_SP00173" HPOS="1197" VPOS="1425" WIDTH="39"/>
						<String ID="P48_ST00196" HPOS="1236" VPOS="1386" WIDTH="205" HEIGHT="39" CONTENT="abgenutzten" WC="0.99" CC="07725891009"/>
					</TextLine>
					<TextLine ID="P48_TL00026" HPOS="254" VPOS="1432" WIDTH="1186" HEIGHT="40">
						<String ID="P48_ST00197" HPOS="254" VPOS="1434" WIDTH="139" HEIGHT="31" CONTENT="Wänden" WC="0.99" CC="600007"/>
						<SP ID="P48_SP00174" HPOS="393" VPOS="1465" WIDTH="25"/>
						<String ID="P48_ST00198" HPOS="418" VPOS="1436" WIDTH="76" HEIGHT="28" CONTENT="zwei" WC="0.97" CC="3046"/>
						<SP ID="P48_SP00175" HPOS="494" VPOS="1465" WIDTH="26"/>
						<String ID="P48_ST00199" HPOS="520" VPOS="1434" WIDTH="117" HEIGHT="38" CONTENT="Uhren," WC="0.98" CC="063164"/>
						<SP ID="P48_SP00176" HPOS="637" VPOS="1472" WIDTH="26"/>
						<String ID="P48_ST00200" HPOS="663" VPOS="1436" WIDTH="47" HEIGHT="27" CONTENT="ein" WC="0.97" CC="007"/>
						<SP ID="P48_SP00177" HPOS="710" VPOS="1472" WIDTH="26"/>
						<String ID="P48_ST00201" HPOS="736" VPOS="1433" WIDTH="120" HEIGHT="38" CONTENT="Spiegel" WC="0.98" CC="0420725"/>
						<SP ID="P48_SP00178" HPOS="856" VPOS="1472" WIDTH="25"/>
						<String ID="P48_ST00202" HPOS="881" VPOS="1434" WIDTH="41" HEIGHT="28" CONTENT="im" WC="0.53" CC="45"/>
						<SP ID="P48_SP00179" HPOS="922" VPOS="1472" WIDTH="25"/>
						<String ID="P48_ST00203" HPOS="947" VPOS="1432" WIDTH="154" HEIGHT="38" CONTENT="goldenen" WC="0.99" CC="95602000"/>
						<SP ID="P48_SP00180" HPOS="1101" VPOS="1472" WIDTH="24"/>
						<String ID="P48_ST00204" HPOS="1125" VPOS="1432" WIDTH="145" HEIGHT="39" CONTENT="Kähmen," WC="0.99" CC="7050002"/>
						<SP ID="P48_SP00181" HPOS="1270" VPOS="1472" WIDTH="27"/>
						<String ID="P48_ST00205" HPOS="1297" VPOS="1432" WIDTH="51" HEIGHT="30" CONTENT="auf" WC="0.94" CC="077"/>
						<SP ID="P48_SP00182" HPOS="1348" VPOS="1472" WIDTH="24"/>
						<String ID="P48_ST00206" HPOS="1372" VPOS="1432" WIDTH="68" HEIGHT="30" CONTENT="dem" WC="0.94" CC="960"/>
					</TextLine>
					<TextLine ID="P48_TL00027" HPOS="254" VPOS="1477" WIDTH="1187" HEIGHT="41">
						<String ID="P48_ST00207" HPOS="254" VPOS="1480" WIDTH="81" HEIGHT="30" CONTENT="Ofen" WC="0.97" CC="4406"/>
						<SP ID="P48_SP00183" HPOS="335" VPOS="1510" WIDTH="23"/>
						<String ID="P48_ST00208" HPOS="358" VPOS="1482" WIDTH="77" HEIGHT="28" CONTENT="zwei" WC="0.97" CC="5055"/>
						<SP ID="P48_SP00184" HPOS="435" VPOS="1510" WIDTH="25"/>
						<String ID="P48_ST00209" HPOS="460" VPOS="1479" WIDTH="68" HEIGHT="30" CONTENT="Sam" WC="0.95" CC="076"/>
						<SP ID="P48_SP00185" HPOS="528" VPOS="1510" WIDTH="5"/>
						<String ID="P48_ST00210" HPOS="533" VPOS="1488" WIDTH="100" HEIGHT="30" CONTENT="ovare," WC="0.68" CC="600613"/>
						<SP ID="P48_SP00186" HPOS="633" VPOS="1518" WIDTH="24"/>
						<String ID="P48_ST00211" HPOS="657" VPOS="1479" WIDTH="51" HEIGHT="30" CONTENT="auf" WC="0.95" CC="067"/>
						<SP ID="P48_SP00187" HPOS="708" VPOS="1518" WIDTH="24"/>
						<String ID="P48_ST00212" HPOS="732" VPOS="1478" WIDTH="68" HEIGHT="31" CONTENT="dem" WC="0.98" CC="006"/>
						<SP ID="P48_SP00188" HPOS="800" VPOS="1518" WIDTH="25"/>
						<String ID="P48_ST00213" HPOS="825" VPOS="1478" WIDTH="153" HEIGHT="30" CONTENT="Schranke" WC="0.99" CC="00030706"/>
						<SP ID="P48_SP00189" HPOS="978" VPOS="1518" WIDTH="22"/>
						<String ID="P48_ST00214" HPOS="1000" VPOS="1478" WIDTH="48" HEIGHT="30" CONTENT="ein" WC="1.00" CC="000"/>
						<SP ID="P48_SP00190" HPOS="1048" VPOS="1518" WIDTH="23"/>
						<String ID="P48_ST00215" HPOS="1071" VPOS="1478" WIDTH="112" HEIGHT="30" CONTENT="kleiner" WC="0.99" CC="3410066"/>
						<SP ID="P48_SP00191" HPOS="1183" VPOS="1518" WIDTH="24"/>
						<String ID="P48_ST00216" HPOS="1207" VPOS="1477" WIDTH="148" HEIGHT="32" CONTENT="Samovar" WC="0.99" CC="4000004"/>
						<SP ID="P48_SP00192" HPOS="1355" VPOS="1518" WIDTH="23"/>
						<String ID="P48_ST00217" HPOS="1378" VPOS="1477" WIDTH="63" HEIGHT="30" CONTENT="und" WC="0.95" CC="707"/>
					</TextLine>
					<TextLine ID="P48_TL00028" HPOS="254" VPOS="1523" WIDTH="1187" HEIGHT="39">
						<String ID="P48_ST00218" HPOS="254" VPOS="1527" WIDTH="77" HEIGHT="29" CONTENT="zwei" WC="0.97" CC="0606"/>
						<SP ID="P48_SP00193" HPOS="331" VPOS="1556" WIDTH="29"/>
						<String ID="P48_ST00219" HPOS="360" VPOS="1525" WIDTH="179" HEIGHT="30" CONTENT="vernickelte" WC="0.99" CC="42607700454"/>
						<SP ID="P48_SP00194" HPOS="539" VPOS="1556" WIDTH="26"/>
						<String ID="P48_ST00220" HPOS="565" VPOS="1524" WIDTH="233" HEIGHT="38" CONTENT="Kaffeekannen," WC="0.99" CC="5676010570063"/>
						<SP ID="P48_SP00195" HPOS="798" VPOS="1562" WIDTH="28"/>
						<String ID="P48_ST00221" HPOS="826" VPOS="1533" WIDTH="38" HEIGHT="20" CONTENT="an" WC="0.30" CC="67"/>
						<SP ID="P48_SP00196" HPOS="864" VPOS="1562" WIDTH="29"/>
						<String ID="P48_ST00222" HPOS="893" VPOS="1523" WIDTH="53" HEIGHT="31" CONTENT="der" WC="0.98" CC="004"/>
						<SP ID="P48_SP00197" HPOS="946" VPOS="1562" WIDTH="25"/>
						<String ID="P48_ST00223" HPOS="971" VPOS="1523" WIDTH="103" HEIGHT="29" CONTENT="Wand" WC="0.99" CC="6000"/>
						<SP ID="P48_SP00198" HPOS="1074" VPOS="1562" WIDTH="27"/>
						<String ID="P48_ST00224" HPOS="1101" VPOS="1524" WIDTH="46" HEIGHT="29" CONTENT="ein" WC="0.97" CC="610"/>
						<SP ID="P48_SP00199" HPOS="1147" VPOS="1562" WIDTH="30"/>
						<String ID="P48_ST00225" HPOS="1177" VPOS="1523" WIDTH="97" HEIGHT="30" CONTENT="Piano" WC="0.99" CC="00005"/>
						<SP ID="P48_SP00200" HPOS="1274" VPOS="1562" WIDTH="27"/>
						<String ID="P48_ST00226" HPOS="1301" VPOS="1523" WIDTH="64" HEIGHT="30" CONTENT="und" WC="0.95" CC="770"/>
						<SP ID="P48_SP00201" HPOS="1365" VPOS="1562" WIDTH="28"/>
						<String ID="P48_ST00227" HPOS="1393" VPOS="1524" WIDTH="48" HEIGHT="29" CONTENT="ein" WC="0.99" CC="020"/>
					</TextLine>
					<TextLine ID="P48_TL00029" HPOS="254" VPOS="1568" WIDTH="625" HEIGHT="39">
						<String ID="P48_ST00228" HPOS="254" VPOS="1571" WIDTH="68" HEIGHT="30" CONTENT="Bett" WC="0.99" CC="3000"/>
						<SP ID="P48_SP00202" HPOS="322" VPOS="1601" WIDTH="21"/>
						<String ID="P48_ST00229" HPOS="343" VPOS="1571" WIDTH="55" HEIGHT="30" CONTENT="mit" WC="0.99" CC="020"/>
						<SP ID="P48_SP00203" HPOS="398" VPOS="1601" WIDTH="19"/>
						<String ID="P48_ST00230" HPOS="417" VPOS="1570" WIDTH="121" HEIGHT="30" CONTENT="reichen" WC="0.98" CC="5527607"/>
						<SP ID="P48_SP00204" HPOS="538" VPOS="1601" WIDTH="23"/>
						<String ID="P48_ST00231" HPOS="561" VPOS="1568" WIDTH="318" HEIGHT="39" CONTENT="Bronzebeschlägen." WC="0.99" CC="40505361930509004"/>
					</TextLine>
					<TextLine ID="P48_TL00030" HPOS="341" VPOS="1613" WIDTH="1100" HEIGHT="40">
						<String ID="P48_ST00232" HPOS="341" VPOS="1615" WIDTH="273" HEIGHT="38" CONTENT="Liebenswürdige" WC="0.99" CC="62066769840290"/>
						<SP ID="P48_SP00205" HPOS="614" VPOS="1653" WIDTH="30"/>
						<String ID="P48_ST00233" HPOS="644" VPOS="1614" WIDTH="210" HEIGHT="39" CONTENT="Teufelskerle," WC="0.99" CC="4067020006504"/>
						<SP ID="P48_SP00206" HPOS="854" VPOS="1653" WIDTH="108"/>
						<String ID="P48_ST00234" HPOS="962" VPOS="1614" WIDTH="101" HEIGHT="30" CONTENT="schrie" WC="0.97" CC="765640"/>
						<SP ID="P48_SP00207" HPOS="1063" VPOS="1653" WIDTH="40"/>
						<String ID="P48_ST00235" HPOS="1103" VPOS="1613" WIDTH="198" HEIGHT="40" CONTENT="Wawylitsch" WC="0.80" CC="0400600720"/>
						<SP ID="P48_SP00208" HPOS="1301" VPOS="1653" WIDTH="41"/>
						<String ID="P48_ST00236" HPOS="1342" VPOS="1615" WIDTH="99" HEIGHT="30" CONTENT="einem" WC="0.96" CC="06779"/>
					</TextLine>
					<TextLine ID="P48_TL00031" HPOS="254" VPOS="1658" WIDTH="1187" HEIGHT="40">
						<String ID="P48_ST00237" HPOS="254" VPOS="1661" WIDTH="272" HEIGHT="32" CONTENT="Kaufmannssohn" WC="0.99" CC="6076007734207"/>
						<SP ID="P48_SP00209" HPOS="526" VPOS="1693" WIDTH="24"/>
						<String ID="P48_ST00238" HPOS="550" VPOS="1660" WIDTH="88" HEIGHT="38" CONTENT="nach," WC="0.98" CC="70603"/>
						<SP ID="P48_SP00210" HPOS="638" VPOS="1698" WIDTH="26"/>
						<String ID="P48_ST00239" HPOS="664" VPOS="1660" WIDTH="53" HEIGHT="30" CONTENT="der" WC="0.98" CC="040"/>
						<SP ID="P48_SP00211" HPOS="717" VPOS="1698" WIDTH="23"/>
						<String ID="P48_ST00240" HPOS="740" VPOS="1659" WIDTH="76" HEIGHT="31" CONTENT="eben" WC="0.99" CC="0600"/>
						<SP ID="P48_SP00212" HPOS="816" VPOS="1698" WIDTH="24"/>
						<String ID="P48_ST00241" HPOS="840" VPOS="1661" WIDTH="87" HEIGHT="29" CONTENT="einen" WC="0.97" CC="64707"/>
						<SP ID="P48_SP00213" HPOS="927" VPOS="1698" WIDTH="26"/>
						<String ID="P48_ST00242" HPOS="953" VPOS="1658" WIDTH="113" HEIGHT="40" CONTENT="Anzug" WC="0.97" CC="06079"/>
						<SP ID="P48_SP00214" HPOS="1066" VPOS="1698" WIDTH="23"/>
						<String ID="P48_ST00243" HPOS="1089" VPOS="1668" WIDTH="99" HEIGHT="29" CONTENT="gegen" WC="0.96" CC="91907"/>
						<SP ID="P48_SP00215" HPOS="1188" VPOS="1698" WIDTH="24"/>
						<String ID="P48_ST00244" HPOS="1212" VPOS="1658" WIDTH="140" HEIGHT="32" CONTENT="Schmalz" WC="0.99" CC="0060062"/>
						<SP ID="P48_SP00216" HPOS="1352" VPOS="1698" WIDTH="25"/>
						<String ID="P48_ST00245" HPOS="1377" VPOS="1659" WIDTH="64" HEIGHT="31" CONTENT="und" WC="0.95" CC="770"/>
					</TextLine>
					<TextLine ID="P48_TL00032" HPOS="255" VPOS="1704" WIDTH="1095" HEIGHT="40">
						<String ID="P48_ST00246" HPOS="255" VPOS="1707" WIDTH="84" HEIGHT="30" CONTENT="Mehl" WC="0.99" CC="0006"/>
						<SP ID="P48_SP00217" HPOS="339" VPOS="1737" WIDTH="21"/>
						<String ID="P48_ST00247" HPOS="360" VPOS="1706" WIDTH="209" HEIGHT="38" CONTENT="eingetauscht" WC="0.98" CC="047967570376"/>
						<SP ID="P48_SP00218" HPOS="569" VPOS="1744" WIDTH="18"/>
						<String ID="P48_ST00248" HPOS="587" VPOS="1705" WIDTH="90" HEIGHT="30" CONTENT="hatte." WC="0.97" CC="757014"/>
						<SP ID="P48_SP00219" HPOS="677" VPOS="1744" WIDTH="79"/>
						<String ID="P48_ST00249" HPOS="756" VPOS="1706" WIDTH="58" HEIGHT="29" CONTENT="Die" WC="0.98" CC="300"/>
						<SP ID="P48_SP00220" HPOS="814" VPOS="1744" WIDTH="18"/>
						<String ID="P48_ST00250" HPOS="832" VPOS="1705" WIDTH="71" HEIGHT="30" CONTENT="sind" WC="0.98" CC="0070"/>
						<SP ID="P48_SP00221" HPOS="903" VPOS="1744" WIDTH="17"/>
						<String ID="P48_ST00251" HPOS="920" VPOS="1706" WIDTH="30" HEIGHT="37" CONTENT="ja" WC="0.50" CC="90"/>
						<SP ID="P48_SP00222" HPOS="950" VPOS="1744" WIDTH="19"/>
						<String ID="P48_ST00252" HPOS="969" VPOS="1714" WIDTH="81" HEIGHT="30" CONTENT="ganz" WC="0.97" CC="9006"/>
						<SP ID="P48_SP00223" HPOS="1050" VPOS="1744" WIDTH="20"/>
						<String ID="P48_ST00253" HPOS="1070" VPOS="1705" WIDTH="82" HEIGHT="30" CONTENT="frech" WC="0.96" CC="76506"/>
						<SP ID="P48_SP00224" HPOS="1152" VPOS="1744" WIDTH="20"/>
						<String ID="P48_ST00254" HPOS="1172" VPOS="1704" WIDTH="178" HEIGHT="39" CONTENT="geworden." WC="0.99" CC="000770174"/>
					</TextLine>
					<TextLine ID="P48_TL00033" HPOS="339" VPOS="1750" WIDTH="886" HEIGHT="40">
						<String ID="P48_ST00255" HPOS="339" VPOS="1752" WIDTH="67" HEIGHT="30" CONTENT="Pst!" WC="0.98" CC="5005"/>
						<SP ID="P48_SP00225" HPOS="406" VPOS="1782" WIDTH="20"/>
						<String ID="P48_ST00256" HPOS="426" VPOS="1752" WIDTH="41" HEIGHT="30" CONTENT="Er" WC="0.47" CC="37"/>
						<SP ID="P48_SP00226" HPOS="467" VPOS="1782" WIDTH="17"/>
						<String ID="P48_ST00257" HPOS="484" VPOS="1752" WIDTH="99" HEIGHT="30" CONTENT="hörfs" WC="0.51" CC="72670"/>
						<SP ID="P48_SP00227" HPOS="583" VPOS="1782" WIDTH="17"/>
						<String ID="P48_ST00258" HPOS="600" VPOS="1752" WIDTH="40" HEIGHT="38" CONTENT="ja," WC="0.97" CC="313"/>
						<SP ID="P48_SP00228" HPOS="640" VPOS="1790" WIDTH="76"/>
						<String ID="P48_ST00259" HPOS="716" VPOS="1750" WIDTH="249" HEIGHT="39" CONTENT="beschwichtigte" WC="0.99" CC="60600002004960"/>
						<SP ID="P48_SP00229" HPOS="965" VPOS="1790" WIDTH="21"/>
						<String ID="P48_ST00260" HPOS="986" VPOS="1751" WIDTH="52" HEIGHT="29" CONTENT="ihn" WC="0.94" CC="356"/>
						<SP ID="P48_SP00230" HPOS="1038" VPOS="1790" WIDTH="20"/>
						<String ID="P48_ST00261" HPOS="1058" VPOS="1750" WIDTH="167" HEIGHT="39" CONTENT="Matrjona." WC="0.76" CC="000054072"/>
					</TextLine>
					<TextLine ID="P48_TL00034" HPOS="337" VPOS="1795" WIDTH="1104" HEIGHT="41">
						<String ID="P48_ST00262" HPOS="337" VPOS="1797" WIDTH="84" HEIGHT="39" CONTENT="Nun," WC="0.97" CC="0671"/>
						<SP ID="P48_SP00231" HPOS="421" VPOS="1836" WIDTH="19"/>
						<String ID="P48_ST00263" HPOS="440" VPOS="1798" WIDTH="46" HEIGHT="29" CONTENT="ein" WC="0.96" CC="117"/>
						<SP ID="P48_SP00232" HPOS="486" VPOS="1836" WIDTH="18"/>
						<String ID="P48_ST00264" HPOS="504" VPOS="1797" WIDTH="118" HEIGHT="39" CONTENT="großes" WC="0.98" CC="057004"/>
						<SP ID="P48_SP00233" HPOS="622" VPOS="1836" WIDTH="16"/>
						<String ID="P48_ST00265" HPOS="638" VPOS="1796" WIDTH="153" HEIGHT="40" CONTENT="Unglück," WC="0.99" CC="40070004"/>
						<SP ID="P48_SP00234" HPOS="791" VPOS="1836" WIDTH="18"/>
						<String ID="P48_ST00266" HPOS="809" VPOS="1805" WIDTH="92" HEIGHT="21" CONTENT="wenn" WC="0.99" CC="0006"/>
						<SP ID="P48_SP00235" HPOS="901" VPOS="1836" WIDTH="17"/>
						<String ID="P48_ST00267" HPOS="918" VPOS="1797" WIDTH="58" HEIGHT="30" CONTENT="er’s" WC="0.78" CC="0080"/>
						<SP ID="P48_SP00236" HPOS="976" VPOS="1836" WIDTH="17"/>
						<String ID="P48_ST00268" HPOS="993" VPOS="1796" WIDTH="80" HEIGHT="39" CONTENT="hört," WC="0.99" CC="00340"/>
						<SP ID="P48_SP00237" HPOS="1073" VPOS="1836" WIDTH="19"/>
						<String ID="P48_ST00269" HPOS="1092" VPOS="1796" WIDTH="56" HEIGHT="31" CONTENT="der" WC="0.99" CC="003"/>
						<SP ID="P48_SP00238" HPOS="1148" VPOS="1836" WIDTH="14"/>
						<String ID="P48_ST00270" HPOS="1162" VPOS="1795" WIDTH="166" HEIGHT="31" CONTENT="verfluchte" WC="0.99" CC="0067660705"/>
						<SP ID="P48_SP00239" HPOS="1328" VPOS="1836" WIDTH="17"/>
						<String ID="P48_ST00271" HPOS="1345" VPOS="1795" WIDTH="77" HEIGHT="31" CONTENT="Bour" SUBS_TYPE="HypPart1" SUBS_CONTENT="Bourgeois!" WC="0.97" CC="5576"/>
						<HYP HPOS="1422" VPOS="1795" WIDTH="19" CONTENT="-"/>
					</TextLine>
					<TextLine ID="P48_TL00035" HPOS="256" VPOS="1841" WIDTH="1185" HEIGHT="40">
						<String ID="P48_ST00272" HPOS="256" VPOS="1844" WIDTH="103" HEIGHT="37" CONTENT="geois!" SUBS_TYPE="HypPart2" SUBS_CONTENT="Bourgeois!" WC="0.97" CC="905474"/>
						<SP ID="P48_SP00240" HPOS="359" VPOS="1881" WIDTH="46"/>
						<String ID="P48_ST00273" HPOS="405" VPOS="1843" WIDTH="99" HEIGHT="29" CONTENT="Wenn" WC="0.97" CC="0077"/>
						<SP ID="P48_SP00241" HPOS="504" VPOS="1881" WIDTH="28"/>
						<String ID="P48_ST00274" HPOS="532" VPOS="1853" WIDTH="31" HEIGHT="19" CONTENT="er" WC="0.67" CC="06"/>
						<SP ID="P48_SP00242" HPOS="563" VPOS="1881" WIDTH="25"/>
						<String ID="P48_ST00275" HPOS="588" VPOS="1843" WIDTH="81" HEIGHT="29" CONTENT="mich" WC="0.99" CC="0030"/>
						<SP ID="P48_SP00243" HPOS="669" VPOS="1881" WIDTH="26"/>
						<String ID="P48_ST00276" HPOS="695" VPOS="1841" WIDTH="161" HEIGHT="31" CONTENT="weiterhin" WC="0.99" CC="000605007"/>
						<SP ID="P48_SP00244" HPOS="856" VPOS="1881" WIDTH="27"/>
						<String ID="P48_ST00277" HPOS="883" VPOS="1841" WIDTH="154" HEIGHT="39" CONTENT="behelligt," WC="0.99" CC="7001640004"/>
						<SP ID="P48_SP00245" HPOS="1037" VPOS="1881" WIDTH="27"/>
						<String ID="P48_ST00278" HPOS="1064" VPOS="1841" WIDTH="105" HEIGHT="30" CONTENT="werde" WC="0.99" CC="00500"/>
						<SP ID="P48_SP00246" HPOS="1169" VPOS="1881" WIDTH="25"/>
						<String ID="P48_ST00279" HPOS="1194" VPOS="1842" WIDTH="49" HEIGHT="30" CONTENT="ich" WC="0.97" CC="007"/>
						<SP ID="P48_SP00247" HPOS="1243" VPOS="1881" WIDTH="27"/>
						<String ID="P48_ST00280" HPOS="1270" VPOS="1841" WIDTH="64" HEIGHT="30" CONTENT="ihm" WC="0.99" CC="100"/>
						<SP ID="P48_SP00248" HPOS="1334" VPOS="1881" WIDTH="26"/>
						<String ID="P48_ST00281" HPOS="1360" VPOS="1841" WIDTH="81" HEIGHT="31" CONTENT="noch" WC="0.97" CC="0626"/>
					</TextLine>
					<TextLine ID="P48_TL00036" HPOS="257" VPOS="1888" WIDTH="1184" HEIGHT="38">
						<String ID="P48_ST00282" HPOS="257" VPOS="1889" WIDTH="54" HEIGHT="31" CONTENT="das" WC="1.00" CC="000"/>
						<SP ID="P48_SP00249" HPOS="311" VPOS="1920" WIDTH="19"/>
						<String ID="P48_ST00283" HPOS="330" VPOS="1889" WIDTH="265" HEIGHT="32" CONTENT="Kartoffelhacken" WC="0.99" CC="097776756705210"/>
						<SP ID="P48_SP00250" HPOS="595" VPOS="1921" WIDTH="19"/>
						<String ID="P48_ST00284" HPOS="614" VPOS="1888" WIDTH="182" HEIGHT="38" CONTENT="beibringen" WC="0.68" CC="6306200920"/>
						<SP ID="P48_SP00251" HPOS="796" VPOS="1926" WIDTH="20"/>
						<String ID="P48_ST00285" HPOS="816" VPOS="1912" WIDTH="7" HEIGHT="7" CONTENT="." WC="0.55" CC="4"/>
						<SP ID="P48_SP00252" HPOS="823" VPOS="1926" WIDTH="21"/>
						<String ID="P48_ST00286" HPOS="844" VPOS="1912" WIDTH="7" HEIGHT="5" CONTENT="." WC="0.63" CC="3"/>
						<SP ID="P48_SP00253" HPOS="851" VPOS="1926" WIDTH="21"/>
						<String ID="P48_ST00287" HPOS="872" VPOS="1913" WIDTH="7" HEIGHT="6" CONTENT="." WC="0.63" CC="3"/>
						<SP ID="P48_SP00254" HPOS="879" VPOS="1926" WIDTH="41"/>
						<String ID="P48_ST00288" HPOS="920" VPOS="1888" WIDTH="98" HEIGHT="30" CONTENT="Wenn" WC="0.99" CC="0006"/>
						<SP ID="P48_SP00255" HPOS="1018" VPOS="1926" WIDTH="20"/>
						<String ID="P48_ST00289" HPOS="1038" VPOS="1897" WIDTH="32" HEIGHT="21" CONTENT="er" WC="0.69" CC="06"/>
						<SP ID="P48_SP00256" HPOS="1070" VPOS="1926" WIDTH="19"/>
						<String ID="P48_ST00290" HPOS="1089" VPOS="1888" WIDTH="75" HEIGHT="31" CONTENT="Lust" WC="0.96" CC="0790"/>
						<SP ID="P48_SP00257" HPOS="1164" VPOS="1926" WIDTH="18"/>
						<String ID="P48_ST00291" HPOS="1182" VPOS="1888" WIDTH="62" HEIGHT="38" CONTENT="hat," WC="0.98" CC="5003"/>
						<SP ID="P48_SP00258" HPOS="1244" VPOS="1926" WIDTH="20"/>
						<String ID="P48_ST00292" HPOS="1264" VPOS="1897" WIDTH="41" HEIGHT="20" CONTENT="zu" WC="0.83" CC="30"/>
						<SP ID="P48_SP00259" HPOS="1305" VPOS="1926" WIDTH="19"/>
						<String ID="P48_ST00293" HPOS="1324" VPOS="1888" WIDTH="58" HEIGHT="30" CONTENT="mir" WC="0.98" CC="006"/>
						<SP ID="P48_SP00260" HPOS="1382" VPOS="1926" WIDTH="20"/>
						<String ID="P48_ST00294" HPOS="1402" VPOS="1897" WIDTH="39" HEIGHT="20" CONTENT="zu" WC="0.63" CC="07"/>
					</TextLine>
					<TextLine ID="P48_TL00037" HPOS="256" VPOS="1933" WIDTH="1184" HEIGHT="38">
						<String ID="P48_ST00295" HPOS="256" VPOS="1935" WIDTH="139" HEIGHT="29" CONTENT="kommen" WC="0.99" CC="050027"/>
						<SP ID="P48_SP00261" HPOS="395" VPOS="1964" WIDTH="25"/>
						<String ID="P48_ST00296" HPOS="420" VPOS="1959" WIDTH="70" HEIGHT="7" CONTENT="..." WC="0.95" CC="444"/>
						<SP ID="P48_SP00262" HPOS="490" VPOS="1966" WIDTH="46"/>
						<String ID="P48_ST00297" HPOS="536" VPOS="1935" WIDTH="50" HEIGHT="29" CONTENT="Ich" WC="0.98" CC="060"/>
						<SP ID="P48_SP00263" HPOS="586" VPOS="1966" WIDTH="23"/>
						<String ID="P48_ST00298" HPOS="609" VPOS="1934" WIDTH="52" HEIGHT="30" CONTENT="bin" WC="0.97" CC="700"/>
						<SP ID="P48_SP00264" HPOS="661" VPOS="1966" WIDTH="24"/>
						<String ID="P48_ST00299" HPOS="685" VPOS="1933" WIDTH="84" HEIGHT="31" CONTENT="nicht" WC="0.97" CC="73250"/>
						<SP ID="P48_SP00265" HPOS="769" VPOS="1966" WIDTH="21"/>
						<String ID="P48_ST00300" HPOS="790" VPOS="1942" WIDTH="71" HEIGHT="23" CONTENT="euer" WC="0.96" CC="3744"/>
						<SP ID="P48_SP00266" HPOS="861" VPOS="1966" WIDTH="23"/>
						<String ID="P48_ST00301" HPOS="884" VPOS="1933" WIDTH="113" HEIGHT="30" CONTENT="Diener" WC="0.98" CC="616605"/>
						<SP ID="P48_SP00267" HPOS="997" VPOS="1966" WIDTH="23"/>
						<String ID="P48_ST00302" HPOS="1020" VPOS="1933" WIDTH="95" HEIGHT="38" CONTENT="mehr," WC="0.98" CC="00763"/>
						<SP ID="P48_SP00268" HPOS="1115" VPOS="1971" WIDTH="23"/>
						<String ID="P48_ST00303" HPOS="1138" VPOS="1933" WIDTH="182" HEIGHT="30" CONTENT="verfluchtes" WC="0.99" CC="04665710000"/>
						<SP ID="P48_SP00269" HPOS="1320" VPOS="1971" WIDTH="24"/>
						<String ID="P48_ST00304" HPOS="1344" VPOS="1933" WIDTH="77" HEIGHT="31" CONTENT="Bonn" SUBS_TYPE="HypPart1" SUBS_CONTENT="Bonngeoispack!" WC="0.97" CC="3373"/>
						<HYP HPOS="1421" VPOS="1933" WIDTH="19" CONTENT="-"/>
					</TextLine>
					<TextLine ID="P48_TL00038" HPOS="256" VPOS="1977" WIDTH="1184" HEIGHT="41">
						<String ID="P48_ST00305" HPOS="256" VPOS="1980" WIDTH="178" HEIGHT="38" CONTENT="geoispack!" SUBS_TYPE="HypPart2" SUBS_CONTENT="Bonngeoispack!" WC="0.73" CC="9030030504"/>
						<SP ID="P48_SP00270" HPOS="434" VPOS="2018" WIDTH="51"/>
						<String ID="P48_ST00306" HPOS="485" VPOS="1980" WIDTH="91" HEIGHT="30" CONTENT="Ohne" WC="0.96" CC="6770"/>
						<SP ID="P48_SP00271" HPOS="576" VPOS="2018" WIDTH="28"/>
						<String ID="P48_ST00307" HPOS="604" VPOS="1989" WIDTH="59" HEIGHT="21" CONTENT="uns" WC="0.93" CC="664"/>
						<SP ID="P48_SP00272" HPOS="663" VPOS="2018" WIDTH="27"/>
						<String ID="P48_ST00308" HPOS="690" VPOS="1980" WIDTH="122" HEIGHT="30" CONTENT="Bauern" WC="0.97" CC="606277"/>
						<SP ID="P48_SP00273" HPOS="812" VPOS="2018" WIDTH="27"/>
						<String ID="P48_ST00309" HPOS="839" VPOS="1979" WIDTH="97" HEIGHT="30" CONTENT="könnt" WC="0.99" CC="07000"/>
						<SP ID="P48_SP00274" HPOS="936" VPOS="2018" WIDTH="27"/>
						<String ID="P48_ST00310" HPOS="963" VPOS="1979" WIDTH="48" HEIGHT="30" CONTENT="ihr" WC="1.00" CC="000"/>
						<SP ID="P48_SP00275" HPOS="1011" VPOS="2018" WIDTH="27"/>
						<String ID="P48_ST00311" HPOS="1038" VPOS="1978" WIDTH="84" HEIGHT="30" CONTENT="nicht" WC="0.99" CC="50100"/>
						<SP ID="P48_SP00276" HPOS="1122" VPOS="2018" WIDTH="28"/>
						<String ID="P48_ST00312" HPOS="1150" VPOS="1978" WIDTH="97" HEIGHT="40" CONTENT="leben," WC="0.97" CC="657474"/>
						<SP ID="P48_SP00277" HPOS="1247" VPOS="2018" WIDTH="30"/>
						<String ID="P48_ST00313" HPOS="1277" VPOS="1977" WIDTH="163" HEIGHT="40" CONTENT="deswegen" WC="0.98" CC="04673947"/>
					</TextLine>
					<TextLine ID="P48_TL00039" HPOS="257" VPOS="2024" WIDTH="842" HEIGHT="39">
						<String ID="P48_ST00314" HPOS="257" VPOS="2025" WIDTH="114" HEIGHT="31" CONTENT="kommt" WC="0.98" CC="04070"/>
						<SP ID="P48_SP00278" HPOS="371" VPOS="2056" WIDTH="16"/>
						<String ID="P48_ST00315" HPOS="387" VPOS="2026" WIDTH="48" HEIGHT="31" CONTENT="ihr" WC="0.96" CC="037"/>
						<SP ID="P48_SP00279" HPOS="435" VPOS="2057" WIDTH="19"/>
						<String ID="P48_ST00316" HPOS="454" VPOS="2035" WIDTH="57" HEIGHT="20" CONTENT="uns" WC="0.97" CC="700"/>
						<SP ID="P48_SP00280" HPOS="511" VPOS="2057" WIDTH="18"/>
						<String ID="P48_ST00317" HPOS="529" VPOS="2025" WIDTH="75" HEIGHT="30" CONTENT="über" WC="0.99" CC="0005"/>
						<SP ID="P48_SP00281" HPOS="604" VPOS="2057" WIDTH="18"/>
						<String ID="P48_ST00318" HPOS="622" VPOS="2024" WIDTH="58" HEIGHT="31" CONTENT="den" WC="0.97" CC="007"/>
						<SP ID="P48_SP00282" HPOS="680" VPOS="2057" WIDTH="17"/>
						<String ID="P48_ST00319" HPOS="697" VPOS="2024" WIDTH="87" HEIGHT="39" CONTENT="Hals," WC="0.96" CC="73493"/>
						<SP ID="P48_SP00283" HPOS="784" VPOS="2063" WIDTH="16"/>
						<String ID="P48_ST00320" HPOS="800" VPOS="2024" WIDTH="49" HEIGHT="31" CONTENT="ihr" WC="0.96" CC="036"/>
						<SP ID="P48_SP00284" HPOS="849" VPOS="2063" WIDTH="17"/>
						<String ID="P48_ST00321" HPOS="866" VPOS="2024" WIDTH="233" HEIGHT="30" CONTENT="Satansbraten!" WC="0.99" CC="2557027506663"/>
					</TextLine>
					<TextLine ID="P48_TL00040" HPOS="340" VPOS="2067" WIDTH="1100" HEIGHT="42">
						<String ID="P48_ST00322" HPOS="340" VPOS="2071" WIDTH="81" HEIGHT="29" CONTENT="Aber" WC="0.99" CC="0004"/>
						<SP ID="P48_SP00285" HPOS="421" VPOS="2100" WIDTH="22"/>
						<String ID="P48_ST00323" HPOS="443" VPOS="2071" WIDTH="98" HEIGHT="29" CONTENT="schon" WC="0.97" CC="60747"/>
						<SP ID="P48_SP00286" HPOS="541" VPOS="2100" WIDTH="22"/>
						<String ID="P48_ST00324" HPOS="563" VPOS="2079" WIDTH="117" HEIGHT="30" CONTENT="verzog" WC="0.99" CC="007130"/>
						<SP ID="P48_SP00287" HPOS="680" VPOS="2109" WIDTH="22"/>
						<String ID="P48_ST00325" HPOS="702" VPOS="2070" WIDTH="65" HEIGHT="30" CONTENT="sich" WC="1.00" CC="0000"/>
						<SP ID="P48_SP00288" HPOS="767" VPOS="2109" WIDTH="23"/>
						<String ID="P48_ST00326" HPOS="790" VPOS="2070" WIDTH="64" HEIGHT="30" CONTENT="sein" WC="0.98" CC="0007"/>
						<SP ID="P48_SP00289" HPOS="854" VPOS="2109" WIDTH="23"/>
						<String ID="P48_ST00327" HPOS="877" VPOS="2069" WIDTH="127" HEIGHT="31" CONTENT="Gesicht" WC="0.99" CC="6300100"/>
						<SP ID="P48_SP00290" HPOS="1004" VPOS="2109" WIDTH="22"/>
						<String ID="P48_ST00328" HPOS="1026" VPOS="2078" WIDTH="40" HEIGHT="21" CONTENT="zu" WC="0.48" CC="37"/>
						<SP ID="P48_SP00291" HPOS="1066" VPOS="2109" WIDTH="23"/>
						<String ID="P48_ST00329" HPOS="1089" VPOS="2071" WIDTH="97" HEIGHT="29" CONTENT="einem" WC="0.98" CC="70730"/>
						<SP ID="P48_SP00292" HPOS="1186" VPOS="2109" WIDTH="24"/>
						<String ID="P48_ST00330" HPOS="1210" VPOS="2067" WIDTH="116" HEIGHT="32" CONTENT="breiten" WC="0.98" CC="6500037"/>
						<SP ID="P48_SP00293" HPOS="1326" VPOS="2109" WIDTH="22"/>
						<String ID="P48_ST00331" HPOS="1348" VPOS="2069" WIDTH="74" HEIGHT="31" CONTENT="Grin" SUBS_TYPE="HypPart1" SUBS_CONTENT="Grinsen," WC="0.98" CC="0606"/>
						<HYP HPOS="1422" VPOS="2069" WIDTH="18" CONTENT="-"/>
					</TextLine>
					<TextLine ID="P48_TL00041" HPOS="259" VPOS="2113" WIDTH="1180" HEIGHT="40">
						<String ID="P48_ST00332" HPOS="259" VPOS="2123" WIDTH="64" HEIGHT="30" CONTENT="sen," SUBS_TYPE="HypPart2" SUBS_CONTENT="Grinsen," WC="0.98" CC="0173"/>
						<SP ID="P48_SP00294" HPOS="323" VPOS="2153" WIDTH="22"/>
						<String ID="P48_ST00333" HPOS="345" VPOS="2126" WIDTH="32" HEIGHT="21" CONTENT="er" WC="0.76" CC="13"/>
						<SP ID="P48_SP00295" HPOS="377" VPOS="2153" WIDTH="21"/>
						<String ID="P48_ST00334" HPOS="398" VPOS="2116" WIDTH="122" HEIGHT="37" CONTENT="glättete" WC="1.00" CC="07001000"/>
						<SP ID="P48_SP00296" HPOS="520" VPOS="2153" WIDTH="22"/>
						<String ID="P48_ST00335" HPOS="542" VPOS="2118" WIDTH="54" HEIGHT="27" CONTENT="mit" WC="0.97" CC="430"/>
						<SP ID="P48_SP00297" HPOS="596" VPOS="2153" WIDTH="21"/>
						<String ID="P48_ST00336" HPOS="617" VPOS="2117" WIDTH="100" HEIGHT="28" CONTENT="seiner" WC="1.00" CC="004000"/>
						<SP ID="P48_SP00298" HPOS="717" VPOS="2153" WIDTH="21"/>
						<String ID="P48_ST00337" HPOS="738" VPOS="2115" WIDTH="94" HEIGHT="30" CONTENT="Hand" WC="0.98" CC="7200"/>
						<SP ID="P48_SP00299" HPOS="832" VPOS="2153" WIDTH="22"/>
						<String ID="P48_ST00338" HPOS="854" VPOS="2115" WIDTH="54" HEIGHT="30" CONTENT="das" WC="0.99" CC="010"/>
						<SP ID="P48_SP00300" HPOS="908" VPOS="2153" WIDTH="23"/>
						<String ID="P48_ST00339" HPOS="931" VPOS="2117" WIDTH="66" HEIGHT="28" CONTENT="rote" WC="0.98" CC="4300"/>
						<SP ID="P48_SP00301" HPOS="997" VPOS="2153" WIDTH="22"/>
						<String ID="P48_ST00340" HPOS="1019" VPOS="2114" WIDTH="111" HEIGHT="38" CONTENT="Hemd," WC="0.98" CC="70004"/>
						<SP ID="P48_SP00302" HPOS="1130" VPOS="2153" WIDTH="23"/>
						<String ID="P48_ST00341" HPOS="1153" VPOS="2113" WIDTH="56" HEIGHT="31" CONTENT="das" WC="1.00" CC="010"/>
						<SP ID="P48_SP00303" HPOS="1209" VPOS="2153" WIDTH="23"/>
						<String ID="P48_ST00342" HPOS="1232" VPOS="2123" WIDTH="31" HEIGHT="21" CONTENT="er" WC="0.38" CC="56"/>
						<SP ID="P48_SP00304" HPOS="1263" VPOS="2153" WIDTH="22"/>
						<String ID="P48_ST00343" HPOS="1285" VPOS="2114" WIDTH="76" HEIGHT="31" CONTENT="eben" WC="0.99" CC="0600"/>
						<SP ID="P48_SP00305" HPOS="1361" VPOS="2153" WIDTH="24"/>
						<String ID="P48_ST00344" HPOS="1385" VPOS="2122" WIDTH="54" HEIGHT="23" CONTENT="aus" WC="0.92" CC="874"/>
					</TextLine>
					<TextLine ID="P48_TL00042" HPOS="261" VPOS="2159" WIDTH="598" HEIGHT="40">
						<String ID="P48_ST00345" HPOS="261" VPOS="2159" WIDTH="67" HEIGHT="30" CONTENT="dem" WC="0.96" CC="009"/>
						<SP ID="P48_SP00306" HPOS="328" VPOS="2189" WIDTH="26"/>
						<String ID="P48_ST00346" HPOS="354" VPOS="2159" WIDTH="149" HEIGHT="32" CONTENT="Schranke" WC="0.98" CC="05554511"/>
						<SP ID="P48_SP00307" HPOS="503" VPOS="2191" WIDTH="24"/>
						<String ID="P48_ST00347" HPOS="527" VPOS="2161" WIDTH="218" HEIGHT="38" CONTENT="hervorgeholt" WC="0.99" CC="010055907773"/>
						<SP ID="P48_SP00308" HPOS="745" VPOS="2199" WIDTH="25"/>
						<String ID="P48_ST00348" HPOS="770" VPOS="2160" WIDTH="89" HEIGHT="31" CONTENT="hatte." WC="0.98" CC="007604"/>
					</TextLine>
				</TextBlock>
			</PrintSpace>
		</Page>
	</Layout>
</alto>
