1525 2540
267 2237 64 34 406

253 278 145 26 GUSTAV
420 277 257 27 KIEPENHEUER
698 277 151 31 VERLAG,
870 277 138 27 Potsdam:

258 315 106 25 Eduard
384 314 135 30 Trautner,
539 314 70 25 Haft.
647 316 11 24 1
683 314 108 34 Aufzug
811 315 28 24 in
860 316 31 25 15
912 315 107 26 Szenen.
1050 316 32 25 52
1103 315 93 26 Seiten.

254 367 144 28 VERLAG
420 367 71 28 DER
516 367 495 33 ARBEITERBUCHHANDLUNG,
1035 369 84 31 Wien,
1143 369 80 27 Alser
1244 369 51 26 Str.
1318 371 45 25 69:

257 405 132 26 Henriette
412 405 201 30 Roland-Holst,
638 405 88 26 Partei
749 406 54 25 und
827 405 165 28 Revolution.
1032 407 33 25 64
1088 407 93 26 Seiten.

257 444 32 24 N.
312 442 89 30 Lenin,
423 443 56 25 Zur
500 443 85 32 Frage
607 444 48 24 der
677 443 131 25 Diktatur,
847 445 33 24 24
903 444 92 26 Seiten.
1036 444 57 26 Zur
1117 444 183 33 Agrarpolitik
1324 445 47 26 der
1394 445 43 27 Bol-

289 479 132 26 schewiki.
459 480 32 25 56
512 480 94 26 Seiten.

255 518 27 25 L.
304 517 117 31 Trotzki,
440 518 54 24 Der
515 517 145 26 Charakter
680 518 47 26 der
747 518 154 26 russischen
922 518 165 28 Revolution.

256 556 33 24 N.
317 555 90 30 Lenin,
437 555 138 32 Aufgaben
604 556 45 25 des
678 555 171 27 Proletariats
879 555 28 27 in
937 564 109 19 unserer
1075 555 164 29 Revolution.
1286 557 165 28 Materialien

287 600 50 18 zur
366 591 159 27 Geschichte
562 593 47 25 der
645 593 210 32 proletarischen
895 593 158 28 Revolution
1066 591 4 34 -
1093 594 27 26 in
1151 594 129 27 Rußland.
1323 595 67 25 Heft
1427 597 21 24 6.

287 632 32 24 67
340 631 94 25 Seiten.
471 631 77 26 Preis
568 631 106 26 brosdi.
695 633 57 25 3.50
773 631 40 27 M.

254 685 213 28 DEUTSCHER
489 685 447 32 BAUARBEITER-VERBAND,
959 687 149 26 Chemnitz:

256 722 252 33 Revolutionierung
536 724 66 24 oder
630 723 98 25 Verfall
764 723 45 27 des
848 723 142 26 deutschen
1019 724 326 26 Bauarbeiterverbandes.
1401 724 50 27 Mit

286 760 86 26 einem
393 760 128 26 Vorwort
542 768 54 20 von
620 760 126 26 Heinrich
769 760 137 26 Brandler.
945 762 32 24 96
1000 761 93 25 Seiten.
1133 761 76 26 Preis
1230 762 58 26 250
1309 762 41 28 M.

254 815 144 27 VERLAG
421 815 70 27 DER
514 815 32 27 K.
569 816 32 24 A.
623 816 29 24 P.
675 816 41 29 D.,
738 815 101 27 Berlin:

256 853 133 24 Hermann
415 852 107 30 Gorter,
547 853 51 25 Die
623 853 145 27 Moskauer
794 852 210 26 Internationale.

256 910 142 28 VERLAG
417 910 100 26 NEUE
535 910 101 31 ERDE,
654 910 89 26 Wien:

256 948 55 24 Der
337 948 174 25 Sozialismus
538 948 28 24 in
592 947 159 26 Frankreich
780 949 64 24 1914
845 948 98 25 —1920
969 956 53 18 von
1051 947 133 34 Augustin
1212 948 114 25 Hamon.
1369 950 33 24 24
1429 948 22 26 S.

255 985 63 26 Bela
336 985 71 31 Kun,
424 985 60 26 Von
503 985 157 27 Revolution
677 993 33 18 zu
730 984 165 28 Revolution.
929 986 33 25 56
980 985 95 27 Seiten.

256 1023 63 26 Bela
343 1022 106 30 Szanto,
475 1022 217 33 Klassenkämpfe
715 1023 55 26 und
794 1022 43 27 die
861 1023 124 26 Diktatur
1009 1023 47 26 des
1081 1023 172 26 Proletariats
1281 1022 28 26 in
1335 1023 116 33 Ungarn.

289 1059 53 27 Mit
362 1059 85 27 einem
466 1060 127 26 Vorwort
612 1068 54 18 von
686 1059 67 27 Karl
774 1059 94 28 Radek,
907 1061 48 25 100
976 1060 94 26 Seiten.

254 1097 57 25 Das
333 1097 137 26 schwarze
489 1098 74 25 Buch
585 1098 66 25 über
672 1096 153 28 Kecskemet
846 1106 51 17 von
920 1098 73 31 Josef
1013 1097 97 26 Halmi.
1148 1098 54 26 Mit
1222 1098 86 25 einem
1328 1098 124 26 Vorwort

287 1142 54 18 von
364 1134 96 26 Andor
480 1134 101 26 Gabor.
618 1134 32 26 64
671 1134 93 27 Seiten.

254 1172 26 25 S.
304 1173 111 29 Lorenz,
435 1172 190 33 Tailorsystem
646 1173 53 26 und
722 1172 214 26 Arbeiterschaft.
973 1174 33 24 24
1027 1173 93 26 Seiten.

735 1243 244 32 Zeitschriften

255 1295 117 25 Frankes
395 1294 106 33 Verlag,
524 1293 224 34 Berlin-Leipzig:

256 1331 52 27 Die
328 1331 212 31 Internationale,
560 1331 270 26 Halbmonatsschrift
848 1331 48 26 der
916 1332 31 25 V.
968 1332 31 26 K.
1020 1331 29 26 P.
1069 1331 42 32 D.,
1131 1331 61 27 Heft
1211 1332 40 26 10.

257 1369 56 26 Der
336 1368 244 27 Kommunistische
602 1368 272 27 Genossenschaftler.
914 1369 223 33 Herausgegeben
1161 1377 52 18 von
1235 1369 49 28 der
1307 1369 130 26 Genossen-

289 1406 237 34 schaftsabteilung
547 1407 48 25 der
616 1407 31 25 V.
672 1406 33 27 K.
728 1406 29 26 P.
782 1406 33 26 D.
855 1406 60 26 Heft
937 1407 43 30 2/3
1002 1407 55 25 und
1080 1407 22 25 1.
1127 1407 138 33 Jahrgang
1288 1406 61 27 Heft
1373 1406 80 31 24/25.

259 1444 143 27 Russische
423 1443 235 33 Korrespondenz,
677 1444 138 33 Jahrgang
834 1445 24 29 2,
879 1443 47 26 Dd.
948 1445 23 30 1,
991 1444 49 26 Nr.
1061 1444 23 25 6.

260 1489 95 33 Verlag
380 1497 50 18 von
454 1489 23 33 J.
501 1487 69 31 Heß,
593 1489 138 31 Stuttgart:

261 1526 187 26 Arbeitsrecht.
491 1526 152 26 Zeitschrift
666 1527 43 25 für
733 1527 48 25 das
806 1528 117 31 gesamte
948 1526 167 27 Dienstrecht
1139 1527 50 27 der
1214 1526 130 32 Arbeiter,
1371 1527 66 33 Ange-

291 1564 102 25 stellten
420 1564 54 25 und
500 1563 132 26 Beamten.
675 1564 155 25 Sonderheft
856 1564 43 26 für
925 1564 163 33 Rätefragen.
1131 1564 139 34 Jahrgang
1295 1565 23 29 8,
1347 1565 59 25 Heft
1433 1564 18 24 5.

293 1601 52 32 Juli
366 1601 73 26 1921.

258 1647 98 32 Verlag
376 1647 48 25 der
444 1646 75 26 Neue
539 1646 120 29 Merkur,
679 1646 146 25 München;

260 1684 56 25 Der
333 1684 74 25 Neue
423 1683 120 25 Merkur.
577 1684 24 24 5.
620 1683 143 33 Jahrgang.
797 1683 61 26 Heft
875 1684 72 24 I—3.

260 1722 97 32 Verlag
374 1722 47 25 der
439 1721 32 26 K.
492 1721 32 25 A.
542 1721 29 25 P.
588 1721 47 25 D.:

260 1757 168 27 Proletarier.
469 1757 203 28 Monatsschrift
693 1759 42 25 für
758 1759 225 26 Kommunismus.
1008 1759 60 26 Heft
1088 1760 15 24 4
1104 1760 57 24 —7.
1199 1759 137 33 Jahrgang
1358 1761 22 24 1.

261 1795 145 26 Menschen
474 1795 94 31 Clarte,
587 1795 186 33 Herausgeber
791 1796 72 25 Iwan
883 1795 86 26 Groll.
1002 1796 61 25 Heft
1082 1797 10 25 1
1112 1797 56 25 und
1185 1798 23 23 2.
1243 1797 137 26 Dresdner
1397 1795 43 26 Ver-

294 1834 51 32 lag,
361 1832 130 26 Dresden.

261 1872 97 31 Verlag
380 1870 50 26 Die
452 1870 91 33 Wage,
564 1870 88 26 Wien;

262 1908 51 25 Die
336 1908 91 32 Wage.
468 1908 151 26 Zeitschrift
644 1909 43 25 für
710 1908 160 30 Wirtschaft,
897 1908 93 30 Kunst,
1015 1908 113 26 Wissen.
1171 1908 60 27 Heft
1255 1910 83 30 25/27.

263 1946 215 31 Forum-Verlag,
498 1945 90 26 Berlin
608 1945 33 25 W
661 1947 43 23 35:

263 1983 55 26 Das
336 1984 106 24 Forum.
475 1983 23 25 5.
517 1983 145 33 Jahrgang.
697 1983 60 25 Heft
773 1983 62 31 8,9,
854 1984 39 24 10.
927 1983 186 33 Herausgeber
1129 1983 122 26 Wilhelm
1269 1983 116 33 Herzog.

264 2020 95 33 Verlag
378 2021 85 32 Junge
482 2020 98 30 Garde,
599 2019 89 26 Berlin
707 2020 21 26 C
747 2022 27 24 2:

266 2056 309 32 Jugendinternationale.
601 2058 181 32 Kampforgau
804 2058 48 26 der
876 2058 252 26 kommunistischen
1152 2056 303 35 lugendinteraationale.

300 2095 22 23 2.
340 2095 142 33 Jahrgang,
500 2095 41 26 Nr
558 2096 40 25 11.

267 2130 95 32 Verlag
383 2133 45 24 der
450 2133 85 31 Junge
558 2133 129 29 Genosse,
708 2133 282 32 Berlin-Schöneberg:

269 2167 55 25 Der
350 2168 84 32 Junge
459 2169 127 25 Genosse.
630 2169 203 26 Internationale
868 2171 113 32 Zeitung
1015 2171 41 25 für
1085 2171 224 30 Arbeiterkinder,
1346 2169 48 26 Nr.
1421 2167 34 26 13.
