2486 3314
474 391 58 30 Mit
556 391 113 32 Balder
693 392 121 33 kommt
838 393 49 32 die
911 394 96 31 Liebe
1031 395 90 41 grofs
1146 395 64 31 und
1235 397 154 31 vornehm
1414 398 80 31 auch
1518 409 38 20 zu
1574 398 72 31 dem
1671 399 110 31 letzten
1807 403 138 27 ärmsten
1970 399 88 31 Stein
2074 400 56 30 des
2151 400 134 36 Landes,

473 442 59 31 Die
563 444 100 31 Heide
694 444 106 32 blühet
832 450 49 27 rot
907 447 63 30 und
1001 447 151 42 tägliches
1183 448 136 32 Erröten
1350 449 82 31 steht
1462 449 143 43 blutjung
1636 451 30 30 in
1696 451 61 30 den
1787 456 87 26 toten
1898 452 141 40 Klippen.
2085 453 59 30 Die
2168 453 117 30 Dirnen

1533 506 144 28 träumen
1700 503 31 32 in
1755 503 61 31 den
1841 503 128 31 weifsen
1993 504 120 37 Betten,

473 546 81 32 Dafs
578 548 115 32 Balder
715 549 273 42 hochgewachsen
1013 552 29 30 in
1068 552 47 31 die
1141 552 152 32 Kammer
1317 552 134 39 komme,
1477 554 49 31 die
1550 555 110 30 Dielen
1685 555 108 30 duften
1817 555 66 30 süfs
1908 565 77 21 vom
2002 556 81 30 Holz
2100 555 56 31 der
2169 557 118 30 Rosen.

473 599 92 32 Neun
589 601 130 31 Blumen
743 602 111 32 locken
877 603 59 38 ihn,
961 614 52 21 am
1033 604 191 42 Abendweg
1247 606 166 40 gepflückt,
1439 606 83 31 doch
1547 607 74 30 darf
1632 607 57 30 der
1705 607 156 41 Jungfrau
1881 607 99 31 Mund
1997 607 83 32 nicht
2096 607 108 32 lachen
2223 608 61 31 und

1531 658 83 32 nicht
1638 659 158 41 plaudern,

474 702 69 32 Auf
563 703 70 31 dafs
657 705 49 31 die
731 706 151 32 Kammer
906 708 65 32 sich
996 719 71 21 zum
1092 709 121 31 Garten
1236 710 131 39 wandle,
1393 711 87 31 darin
1505 712 43 30 sie
1573 711 109 31 Göttin
1706 711 107 31 werde
1838 707 56 35 der
1919 711 139 31 fremden
2083 711 111 31 Nacht.

473 812 67 32 Gar
565 814 117 32 festlich
706 821 104 27 tanzet
833 818 91 31 Laub
950 829 40 21 an
1014 820 78 31 allen
1118 820 116 32 Birken
1257 821 66 31 und
1345 821 116 31 Balder
1484 821 82 31 steht
1590 821 42 33 im
1657 822 83 31 Gras
1765 822 64 31 und
1853 822 91 30 küsst
1968 821 60 31 den
2046 823 110 37 Baum,
2174 822 60 31 den
2252 832 33 21 er

1532 883 60 22 vor
1616 873 78 32 allen
1719 873 120 32 andern
1863 874 143 31 Bäumen
2029 873 81 32 liebt.

473 916 93 32 Auch
589 918 86 42 giebt
699 931 33 20 er
756 921 118 32 schöne
898 923 125 32 Namen
1048 924 79 31 allen
1152 925 138 37 Blumen,
1317 923 82 32 doch
1423 935 34 20 es
1483 925 117 31 erfährt
1625 925 48 31 die
1698 926 139 31 schönen
1853 926 126 30 Namen
1995 935 64 28 nur,
2085 925 55 31 der
2157 925 50 31 bei
2223 925 61 31 den

1533 977 99 32 vielen
1655 977 140 32 schönen
1820 977 133 31 Blumen
1976 977 120 31 schläft.

473 1079 67 31 Des
565 1082 126 31 Hauses
715 1083 89 32 Sohn
829 1086 164 30 entdeckte
1018 1087 57 30 mir
1098 1087 57 30 auf
1174 1086 149 31 mancher
1347 1087 111 42 Klippe
1483 1088 50 31 die
1556 1088 113 31 Tafeln
1693 1087 49 32 die
1765 1088 182 42 verborgen
1970 1088 99 38 leben,

473 1132 74 31 Und
572 1144 57 21 nur
653 1136 237 40 geheimnisvoll
915 1138 80 31 nach
1014 1138 108 42 jedem
1146 1139 112 41 Regen
1283 1138 55 32 mit
1356 1138 90 42 jeder
1470 1149 101 21 neuen
1594 1139 109 31 Sonne
1727 1139 72 31 dort
1824 1140 187 30 erscheinen.

473 1183 58 32 Ein
556 1186 99 31 reiner
678 1187 74 32 Stift
776 1200 56 20 aus
857 1191 250 40 ungemischtem
1131 1190 101 31 Silber
1257 1191 82 40 grub
1364 1192 79 30 einst
1466 1192 29 30 in
1520 1191 114 31 dunkle
1658 1192 123 31 Platten
1805 1192 103 31 Schiff
1926 1192 64 31 und
2014 1192 131 38 Schilde,

473 1235 60 32 Die
557 1237 107 33 Sonne
688 1239 73 32 liebt
785 1241 49 31 die
858 1242 98 31 stillen
981 1242 212 39 Heldenmale,
1218 1242 50 31 die
1293 1243 107 31 Sonne
1425 1243 83 32 kann
1533 1243 50 32 die
1599 1244 122 31 Helden
1746 1245 48 30 nie
1819 1254 181 32 vergessen,
2025 1244 101 31 denen
2146 1244 45 31 sie
2208 1244 79 31 einst

1534 1296 101 31 Geleit
1659 1296 64 31 und
1747 1297 106 31 Ruhm
1877 1297 154 41 gegeben.

473 1340 93 31 Auch
589 1342 109 33 stehen
722 1349 86 27 ernst
832 1346 41 31 im
897 1347 111 31 Kreise
1032 1347 107 31 Steine
1163 1347 207 42 aufgerichtet
1394 1347 63 32 und
1479 1358 107 22 waren
1602 1348 79 32 einst
1698 1348 138 32 Getreue
1852 1348 63 32 und
1932 1349 131 31 Berater
2079 1348 56 32 der
2151 1348 134 43 Könige,

473 1391 60 32 Die
561 1394 104 31 Treue
688 1396 66 31 liefs
780 1397 49 31 die
853 1398 133 32 Männer
1009 1399 127 31 niemals
1162 1399 134 38 sterben,
1321 1400 44 30 sie
1389 1399 109 32 stehen
1522 1400 83 31 noch
1628 1401 60 30 wie
1712 1401 121 30 damals
1859 1401 205 41 aufgerichtet
2086 1401 43 31 im
2151 1401 135 41 Ratring

1530 1452 78 31 stolz
1632 1452 63 32 und
1719 1452 96 39 Stein,

473 1496 59 30 Die
549 1497 131 32 Männer
703 1500 138 33 schauen
865 1503 57 31 auf
935 1503 60 31 den
1016 1504 86 30 Dom
1120 1503 56 31 des
1193 1504 133 37 Meeres,
1343 1514 52 21 wo
1412 1503 75 38 klar,
1505 1505 58 30 wie
1580 1515 58 20 nur
1655 1505 49 30 die
1721 1505 113 31 Seelen
1849 1505 82 30 ihrer
1947 1506 133 40 Könige,
2097 1505 49 31 die
2162 1506 123 30 Wellen

1530 1567 38 20 zu
1593 1556 61 31 den
1678 1557 108 31 fernen
1810 1557 102 31 Inseln
1936 1557 111 31 wallen
2063 1582 6 6 .
2086 1582 6 6 .
2110 1583 6 5 .

473 1658 92 31 Auch
596 1661 66 30 eine
694 1662 78 32 böse
804 1669 67 26 rote
903 1666 239 41 Würgeblume,
1174 1666 50 31 die
1254 1666 140 31 wuchert
1424 1667 63 31 nah
1518 1667 61 31 den
1604 1667 114 31 ehrlich
1748 1678 122 31 grauen
1893 1667 135 39 Steinen,
2059 1668 44 31 sie
2129 1667 74 43 liegt
2227 1667 58 31 wie

1531 1719 106 31 Lokes
1662 1719 106 31 Kralle
1793 1730 52 20 am
1870 1720 135 37 Gestein,

472 1761 60 31 Die
555 1762 125 34 Frauen
705 1767 77 31 stolz
807 1768 55 31 der
886 1769 224 38 Leibesfrucht,
1135 1770 44 30 sie
1203 1770 143 31 fürchten
1371 1770 72 31 sehr
1467 1771 61 31 den
1553 1771 86 31 Blick
1664 1772 55 30 der
1743 1771 127 31 starken
1895 1772 118 31 Blume.

473 1877 116 44 Hastig
613 1883 58 30 wie
695 1894 34 20 er
753 1885 65 31 sich
842 1886 98 31 selbst
963 1888 108 40 gebar,
1097 1898 38 20 so
1159 1888 106 41 hastig
1289 1888 89 30 stirbt
1402 1898 34 20 er
1461 1888 81 31 auch
1566 1888 56 31 der
1645 1888 101 31 reiche
1770 1888 122 32 Balder.

472 1930 122 32 Darum
618 1939 87 37 wagt
728 1936 65 31 sich
818 1938 49 31 die
891 1938 108 32 Sonne
1024 1939 95 32 kaum
1143 1950 37 20 zu
1205 1944 136 33 trennen,
1367 1950 33 21 es
1426 1939 79 32 wird
1529 1940 48 31 nie
1602 1940 67 31 eine
1693 1940 105 31 Nacht
1823 1941 57 30 auf
1894 1940 89 42 jener
2007 1939 250 43 Frühlingserde,

473 1982 44 30 Es
541 1993 114 33 wagen
682 1988 79 31 auch
786 1989 48 31 die
859 1991 148 31 Veilchen
1031 1991 96 31 kaum
1150 2003 38 19 zu
1213 1992 115 37 duften,
1353 1991 83 32 denn
1461 1991 72 32 Salz
1558 1992 64 30 fällt
1645 1992 100 31 schon
1760 1993 31 30 in
1807 1993 154 41 Knospen
1977 1992 49 31 die
2043 1993 81 30 noch
2141 1992 143 31 schlafen.

473 2105 92 32 Doch
589 2108 109 32 immer
721 2110 73 43 liegt
819 2113 49 30 die
892 2114 86 31 Stille
1003 2115 247 42 aufgeschlagen
1274 2115 58 31 wie
1356 2115 229 32 unerschüttert
1609 2116 48 31 ein
1682 2116 152 42 gewaltig
1858 2116 203 38 Runenbuch,

473 2156 88 32 Beim
575 2159 131 44 Anfang
723 2163 76 31 aber
815 2165 64 31 und
896 2165 82 32 beim
995 2167 91 31 Ende
1102 2167 83 31 steht
1198 2167 48 30 die
1260 2167 295 42 Schöpfungsrune:
1573 2168 56 30 der
1640 2169 81 30 Kufs
1733 2179 65 20 von
1810 2168 241 42 unergründlich
2061 2173 90 26 roten
2159 2168 125 40 Lippen.

472 2208 94 32 Doch
589 2211 115 41 glaube
728 2216 57 31 mir
809 2217 52 31 Du
886 2219 106 31 stirbst
1016 2220 30 30 in
1064 2220 105 41 jenem
1194 2219 140 31 fremden
1359 2220 117 38 Lande,
1501 2220 82 31 denn
1607 2220 81 31 Dich
1712 2220 191 43 verschlingt
1920 2220 49 32 die
1985 2220 109 42 grofse
2111 2220 85 32 Stille
2213 2218 71 30 dort

474 2261 72 30 Und
566 2262 72 40 jene
662 2265 85 32 Stille
771 2268 77 32 wird
872 2280 34 21 es
931 2272 88 37 auch,
1045 2272 49 30 die
1118 2271 81 32 Dich
1223 2271 54 31 mit
1301 2271 178 42 mächtigen
1503 2272 118 41 Augen
1645 2272 170 31 wiederum
1838 2273 128 41 gebiert.

473 2312 94 32 Dann
592 2315 75 32 aber
691 2317 62 31 bist
777 2320 52 31 Du
853 2322 122 32 Bruder
993 2324 90 41 jener
1106 2323 94 38 Erde,
1225 2323 213 32 Geschwister
1461 2324 69 31 sind
1555 2324 57 31 Dir
1635 2324 141 32 Wolken
1800 2325 64 31 und
1889 2325 49 31 die
1962 2325 111 41 Berge,

473 2363 52 31 Sie
550 2366 67 31 sind
641 2368 57 31 Dir
721 2370 124 43 Sänger
870 2374 80 31 auch
974 2375 64 32 und
1063 2375 117 32 schöne
1202 2376 103 31 sanfte
1329 2376 138 37 Frauen;
1491 2376 49 31 die
1556 2376 87 31 Stille
1658 2377 30 30 in
1704 2377 61 30 den
1785 2377 132 41 Klippen
1934 2376 112 31 schafft
2062 2375 80 32 Dich
2158 2371 124 35 sehend.

473 2474 73 31 Tief
566 2476 117 33 sehend
708 2480 74 32 fand
806 2483 48 30 ich
879 2485 88 32 einen
991 2486 106 38 Mann,
1123 2488 72 30 weit
1218 2488 100 30 hinter
1341 2488 79 31 allen
1444 2488 209 42 Inselbergen,
1670 2488 56 31 auf
1738 2488 106 30 letzter
1860 2487 112 42 Klippe
1988 2487 30 31 in
2035 2486 72 32 dem
2124 2485 157 38 Kattegat.

473 2526 74 30 Sein
571 2528 124 34 hölzern
720 2533 90 31 Haus
834 2535 82 32 steht
939 2538 58 30 wie
1022 2540 48 30 ein
1095 2540 86 31 Stein
1206 2544 136 34 erstarrt,
1367 2550 33 20 es
1424 2540 54 31 hat
1503 2540 47 32 nie
1575 2541 83 31 Gras
1682 2540 64 31 und
1770 2540 110 30 keinen
1903 2540 103 31 Baum
2029 2538 128 42 gesehn.

473 2577 69 31 Das
567 2580 87 32 Meer
677 2584 76 40 geht
777 2586 57 31 wie
859 2588 47 30 ein
931 2590 125 40 grofses
1080 2591 74 31 Tier
1178 2601 69 22 ums
1272 2593 90 30 Haus
1387 2593 63 30 und
1475 2593 95 41 stetig
1593 2592 107 31 zittern
1725 2592 56 31 alle
1805 2591 111 32 Dielen
1939 2590 63 32 und
2028 2591 48 31 die
2101 2587 132 36 Wände,

473 2628 34 32 In
533 2630 89 41 jeder
651 2634 152 33 Kammer
832 2639 100 32 ticken
964 2641 82 31 laute
1076 2643 108 31 Uhren
1215 2644 64 30 und
1302 2644 74 41 jede
1406 2645 69 31 Uhr
1505 2645 123 41 schlägt
1652 2645 67 31 eine
1750 2644 115 31 andere
1890 2643 128 38 Stunde,
2041 2652 34 21 es
2099 2640 102 43 gehen
2225 2635 55 32 alle

1529 2697 107 31 Zeiten
1661 2696 97 31 durch
1782 2695 58 32 das
1864 2696 99 37 Haus,

1461 2895 0 0 218
