2763 4036
1343 1094 44 0 II

522 1206 87 56 At
648 1223 173 39 være
866 1221 83 40 en
990 1202 124 59 død
1160 1220 78 55 og
1279 1202 277 58 druknet
1595 1201 197 57 mand

523 1314 143 40 som
705 1295 193 71 ligger
939 1312 80 54 og
1071 1293 237 73 skyller
1346 1293 149 55 med
1536 1291 264 57 nakken
1839 1290 154 57 mod
2033 1289 155 57 land

523 1404 80 54 og
644 1389 235 53 øinene
920 1384 157 74 fyldt
1118 1402 82 39 av
1240 1384 105 57 det
1384 1383 180 57 klare
1604 1382 197 66 vand;

526 1484 63 50 at
629 1477 178 57 lekes
847 1475 149 58 med
1039 1492 81 39 av
1161 1475 105 56 det
1306 1474 274 57 lekende
1622 1472 131 57 hav

526 1586 79 55 og
645 1568 108 56 iaa
793 1571 138 53 sine
973 1566 271 57 lemmer
1283 1566 278 70 forsigtig
1602 1571 90 49 tat
1734 1580 98 48 av,

526 1663 194 54 reises
762 1676 84 52 op
887 1658 181 70 langs
1111 1675 83 38 en
1236 1674 227 39 ensom
1503 1658 96 69 sjø

527 1768 80 54 og
647 1756 210 51 sættes
898 1765 128 53 paa
1066 1747 139 56 huk
1246 1764 83 39 av
1369 1747 104 56 det
1513 1745 225 57 mørke
1781 1742 120 73 spil

527 1858 80 54 og
648 1839 183 58 smile
873 1839 148 56 med
1063 1837 244 58 dødens
1350 1836 146 57 smil
1537 1836 183 57 dertil

526 1948 116 39 var
682 1945 175 40 mere
898 1928 203 58 værdt
1143 1926 125 57 end
1311 1934 65 49 at
1415 1926 177 56 sidde
1633 1925 117 57 her

526 2020 281 57 blændet
847 2037 83 39 av
970 2022 97 68 sjø
1110 2036 80 53 og
1231 2018 358 57 skinnende
1632 2018 193 70 skjær

530 2128 80 54 og
650 2110 159 56 høre
851 2127 128 53 paa
1019 2109 225 56 havets
1287 2110 178 69 evige
1506 2107 181 57 snak.

531 2202 146 71 Dog
718 2217 197 55 ogsaa
955 2199 165 58 dette
1165 2216 67 39 er
1271 2198 183 57 mildt
1495 2216 79 53 og
1614 2198 165 71 godt,

531 2292 113 56 der
685 2309 68 39 er
791 2291 116 56 lise
950 2307 80 55 og
1070 2290 135 55 fred
1246 2292 23 53 i
1308 2306 262 53 maager
1612 2305 79 54 og
1730 2288 166 56 brott

531 2400 80 55 og
650 2382 193 73 lykke
885 2381 99 57 for
1025 2385 128 53 øiet
1193 2384 21 53 i
1260 2380 194 57 havet
1492 2380 190 56 blaat.

531 2474 182 56 Livet
751 2472 120 56 har
912 2475 131 69 ting
1084 2488 115 39 saa
1238 2470 148 57 lette
1428 2486 143 40 som
1611 2469 141 71 Tjær

532 2580 80 54 og
653 2563 123 71 dyb
818 2579 144 39 som
1001 2565 23 53 i
1064 2560 135 57 fred
1241 2561 296 56 kommer
1578 2559 213 57 døden
1832 2575 153 40 nær.
