3464 4460
1730 173 95 55 124

150 334 144 42 etwas
339 325 200 69 Aparies
587 325 86 49 und
723 322 113 50 doch
884 321 562 67 Zusammenhangendes,
1504 320 76 48 frei
1627 319 93 49 und

150 410 118 50 doch
300 428 104 32 vom
422 409 251 49 Charakter
701 405 253 69 gelrieben,
987 407 169 67 gerade
1189 425 51 32 so
1273 406 84 51 wie
1388 406 70 48 die
1490 404 127 49 Rebe
1649 420 70 32 am

153 494 302 51 Weinstocke
487 491 111 50 oder
631 491 87 50 wie
750 491 71 50 die
855 493 160 48 Perlen
1049 493 79 48 auf
1155 491 101 50 dem
1291 490 334 66 Champagner.
1660 488 61 48 Es

153 576 164 66 gehört
346 574 212 49 Studium
596 574 91 49 und
722 574 139 51 feines
887 575 161 50 Gefühl
1082 575 130 56 dazu,
1245 592 75 30 um
1355 571 228 50 wirkliche
1604 573 88 47 Aus-

153 658 369 66 schmückungen
572 677 52 29 zu
675 659 224 60 schaffen;
946 660 139 48 schon
1134 675 97 32 wer
1272 658 68 49 die
1373 655 347 66 Schwierigkeit

155 743 120 48 bloss
322 740 199 60 ermisst,
569 743 174 49 welche
789 743 126 49 darin
963 743 121 65 liegt,
1139 743 102 48 dass
1302 742 70 48 die
1418 740 302 65 Verzierung,

253 823 71 51 die
357 825 87 50 den
480 827 230 49 Eindruck
745 828 187 48 machen
968 843 140 39 muss,
1153 827 64 48 als
1250 827 124 47 hätte
1416 825 64 50 sie
1519 824 80 48 der
1632 825 60 46 Zu-

154 908 69 49 fall
257 908 118 51 eben
407 918 96 42 erst
535 910 358 68 herbeigeführt,
926 910 89 50 und
1051 910 68 49 die
1150 927 81 32 vor
1263 909 113 48 allen
1400 908 175 65 Dingen
1609 907 116 49 doch

154 993 103 49 dem
278 992 256 50 Charakter
565 994 301 68 entsprechen
892 989 97 73 soll
1062 989 24 73 ,
1110 989 145 73 darauf
1279 990 71 50 hin
1373 990 244 50 berechnet
1635 989 89 48 und

157 1077 190 49 erdacht
379 1077 92 49 sein
508 1078 85 47 will
709 1076 93 67 gibt
837 1077 201 48 dadurch
1072 1077 69 48 ein
1173 1074 194 49 Zeichen
1399 1092 87 32 von
1520 1074 176 47 künstle-

158 1161 171 49 rischer
364 1161 201 49 Einsicht
598 1161 69 49 ab.
731 1159 344 68 Componisten,
1122 1161 244 45 Virtuosen
1411 1158 89 48 und
1537 1157 189 58 Lehrer,

160 1246 173 48 welche
379 1261 48 33 es
473 1244 175 49 hiermit
691 1243 153 57 ,nicht
888 1261 50 30 so
987 1261 146 48 genau
1470 1241 258 57 verrathen,

160 1327 104 50 dass
308 1327 62 50 sie
412 1327 114 48 noch
560 1326 200 49 ziemlich
808 1326 199 48 entfernt
1047 1343 101 32 vom
1197 1326 254 47 Parnassus
1496 1324 112 53 sind,
1654 1323 79 48 auf

160 1410 217 50 welchem
411 1411 162 47 Musen
625 1410 92 49 und
760 1410 211 55 Grazien,
1016 1410 107 48 Idee
1173 1408 90 50 und
1297 1407 282 50 Geschmack
1630 1406 91 49 sich

159 1493 95 50 aufs
286 1492 130 51 beste
446 1502 258 57 verlragen.
742 1495 83 48 Die
856 1493 281 50 brillanteste
1156 1492 301 66 Ausführung
1490 1492 122 48 einer
1646 1510 52 29 un-

160 1578 256 66 passenden
449 1578 170 49 Zuthat
667 1578 116 49 kann
830 1577 228 50 durchaus
1101 1577 122 50 nicht
1265 1578 70 47 für
1376 1578 99 47 eine
1507 1575 222 68 passende

162 1660 345 67 entschädigen,
550 1661 90 50 und
687 1660 226 67 gebildete
946 1661 159 48 Ohren
1139 1660 97 49 sind
1270 1660 282 62 keineswegs
1585 1658 141 49 durch

164 1745 123 49 bloss
320 1749 190 45 äussere
541 1747 205 47 Bravour
793 1763 52 30 zu
896 1745 260 48 bestechen.
1211 1742 162 50 Leider
1406 1742 182 66 gedeiht
1621 1742 109 49 aber

167 1830 78 48 das
278 1827 207 50 Unkraut
530 1829 81 48 der
642 1827 478 66 Anti-Verzicrungen
1165 1829 138 66 üppig
1345 1844 168 48 genug,
1560 1826 89 48 und
1682 1843 48 30 es

165 1911 120 66 zeigt
317 1911 91 50 sich
441 1929 55 30 an
529 1912 80 49 der
643 1910 321 67 Ueberladung
996 1911 79 48 des
1109 1911 251 65 Vortrages
1392 1909 57 48 im
1486 1909 217 64 Allgemei-

168 2013 85 30 nen
284 1995 88 48 und
407 2013 52 30 an
493 1995 102 50 dem
619 1995 316 48 Missbrauche
962 1994 78 49 der
1066 1995 242 48 Fermaten
1341 1994 56 47 im
1419 1992 310 54 Besonderen.

372 2097 87 31 cnn
518 2079 343 66 Verzierungen
922 2080 70 48 die
1037 2078 289 67 Haupt-Idee
1386 2076 349 57 überwuchern,

168 2161 184 49 werden
386 2163 65 48 sie
483 2179 103 32 zum
620 2161 268 66 Gegenthei!
935 2179 85 32 von
1067 2161 118 55 dem,
1232 2178 94 30 was
1358 2160 62 48 sie
1454 2159 145 48 haben
1631 2177 77 30 vor-

164 2245 161 48 stellen
361 2245 157 50 sollen.
549 2245 157 51 Nichts
727 2245 131 59 fkarin
891 2245 77 50 das
1001 2245 276 50 ästhetische
1306 2244 214 65 Behagen
1554 2243 154 49 schnel-

167 2329 63 47 ler
262 2329 339 50 verscheuchen
649 2330 90 49 und
788 2330 85 49 den
906 2328 254 49 Charakter
1200 2328 122 49 eines
1362 2326 200 51 Werkes
1607 2326 128 49 mehr

168 2412 316 66 verpfuschen,
530 2412 65 49 als
642 2429 132 32 wenn
822 2412 69 48 die
924 2410 448 68 Verzierungssucht
1404 2408 198 51 darüber
1634 2409 75 48 her-

168 2494 193 65 gefallen
393 2495 57 50 ist
483 2495 90 50 und
607 2495 381 66 beziehungslose
1021 2494 265 66 Anhängsel
1330 2494 146 50 hinein
1519 2509 182 50 gezwun-

172 2596 87 45 gen
295 2579 88 48 hat.
445 2580 153 49 Sofort
633 2580 56 49 ist
720 2580 82 49 der
832 2597 142 48 ganze
1007 2579 246 48 Ausdruck
1286 2577 217 56 entstellt,
1548 2577 70 49 die
1651 2575 56 50 Ur-

170 2663 357 65 sprünglichkeit
554 2663 199 56 erstickt,
788 2663 78 48 der
885 2663 83 48 Stil
1000 2663 263 50 verunehrt.
1296 2663 62 47 So
1392 2677 240 50 ungemein
1665 2662 70 47 die

170 2746 224 64 passende
427 2747 283 65 Verzierung
752 2765 55 30 an
849 2746 214 67 richtiger
1095 2747 141 47 Stelle
1268 2744 194 57 anzieht,
1514 2761 125 32 muss
1672 2743 62 48 sie

168 2828 143 48 durch
346 2829 272 50 maassloses
644 2831 333 47 Hervortreten
1010 2828 253 50 abstossen.
1298 2827 217 49 Meistens
1550 2827 184 48 werden

168 2909 255 68 gediegene
449 2913 193 55 Sachen,
676 2912 91 49 und
800 2912 168 66 gerade
999 2913 62 48 oft
1094 2912 67 48 die
1193 2911 286 57 classischen,
1512 2928 83 31 von
1622 2911 84 48 Bor-

168 2994 183 49 nirtheit
374 2997 90 47 und
485 2996 244 49 Profanität
753 2997 207 65 verfolgt,
987 2996 172 48 welche
1194 2996 39 47 in
1268 2996 80 48 der
1380 2994 231 67 Meinung,
1642 2993 69 50 die-

167 3077 153 50 selben
371 3078 268 68 sangbarer,
689 3080 255 55 moderner,
1005 3078 234 66 gefälliger
1289 3096 50 31 zu
1390 3077 202 53 machen,
1640 3077 94 48 ihre

168 3161 143 67 Opfer
333 3162 291 50 dermaassen
658 3162 188 53 frisiren,
878 3162 264 50 schminken
1176 3161 92 49 und
1301 3160 294 55 ankränkeln,
1628 3160 103 49 dass

168 3246 79 47 das
278 3246 202 65 Original
515 3264 113 49 ganz
663 3265 54 30 zu
751 3246 189 49 Grunde
972 3246 122 66 geht.
1145 3246 359 63 Verzierungen,
1536 3245 70 48 die
1636 3243 98 50 eine

168 3327 354 51 Donizetti'sche
541 3330 108 48 Arie
682 3337 184 59 putzen,
901 3330 181 48 können
1115 3328 115 49 doch
1265 3348 35 27 z.
1329 3328 67 56 8.,
1427 3328 80 47 auf
1532 3327 85 50 den
1651 3326 82 48 Stil

169 3411 183 48 Gluck's
395 3415 248 54 verwandt,
690 3411 129 50 dafür
868 3412 122 49 bloss
1032 3412 95 49 eine
1157 3411 297 65 Beleidigung
1487 3410 121 58 sein;
1654 3410 80 48 der

169 3495 226 48 Aufwand
430 3497 88 47 und
549 3499 176 53 Luxus,
757 3496 42 48 in
833 3496 220 50 welchem
1085 3495 179 49 Rossini
1307 3495 170 66 gefällt,
1519 3495 57 48 ist
1618 3494 115 49 doch

172 3576 99 50 kein
315 3577 225 50 Schmuck
595 3580 71 47 für
710 3581 193 52 Mozart,
953 3577 161 69 Haydn
1170 3577 89 49 und
1305 3577 275 50 Beetheven.
1642 3577 60 49 Ge-

170 3660 482 67 schmacklosigkeiten
698 3680 85 32 von
828 3664 149 48 dieser
1010 3660 150 51 Probe
1207 3669 127 40 arten
1378 3660 250 49 manchmal
1677 3678 53 30 zu

170 3744 225 49 wahrhaft
426 3744 334 51 barbarischem
794 3746 156 50 Frevel
985 3764 95 31 aus.
1146 3745 156 50 Wenn
1350 3744 78 49 das
1461 3745 242 48 Virtuosen-

882 3809 5 10 -4

169 3828 146 54 thum,
361 3828 149 49 seiner
540 3830 144 47 Natur
731 3830 110 47 nach
873 3830 79 48 der
1387 3826 208 68 Liebling
1635 3826 94 50 und

168 3911 309 49 auserwählte
502 3913 227 64 Begleiter
761 3911 81 50 der
858 3913 147 58 Muse,
1040 3913 101 49 dem
1175 3913 94 48 ihre
1301 3915 212 62 grössten
1540 3910 193 50 Schätze

168 4012 55 30 zu
253 3994 182 50 Gebote
464 3995 175 55 stehen,
672 3995 90 49 sich
797 3995 204 49 ähnliche
1033 3998 198 48 sinnlose
1264 3995 368 65 Anwendungen
1663 4012 46 30 er-

169 4078 141 58 laubt,
357 4078 147 49 bricht
535 4079 143 48 sofort
712 4079 76 48 das
821 4096 142 49 ganze
993 4079 309 57 V<-rhältniss;
1348 4079 117 48 denn
1499 4078 70 48 die
1601 4079 129 47 echte

168 4163 151 48 Kunst
361 4163 57 48 ist
460 4162 370 65 ausgeschieden.
894 4162 153 48 Durch
1080 4162 338 49 Jahrhunderte
1449 4160 140 50 schon
1623 4160 108 67 geht

1818 317 80 51 der
1943 315 196 57 Brauch,
2195 315 103 49 dass
2342 314 266 55 Virtuosen,
2653 315 135 44 unter
2830 308 134 50 ihnen
3008 307 252 54 besonders
3318 311 71 51 die

1818 404 193 63 Sänger,
2036 400 107 66 jede
2178 401 212 48 Fermate
2422 415 102 32 zum
2548 395 255 68 Spielraum
2837 394 70 48 für
2928 394 344 67 Verzierungen
3304 395 54 51 be-

1818 495 181 41 nutzen.
2032 485 106 48 Man
2172 484 56 49 ist
2260 481 240 67 allgemein
2534 479 197 50 darüber
2755 477 364 57 einverstanden,
3151 477 87 50 den
3259 479 104 49 Halt-

1819 570 143 66 punkt
1994 568 71 49 für
2097 569 97 48 eine
2227 566 141 51 Stelle
2398 564 277 58 anzusehen,
2722 562 80 49 auf
2834 561 199 50 welcher
3076 560 82 49 der
3188 560 169 70 Compo-

1818 654 86 49 nist
1937 653 91 49 sich
2063 651 209 69 plötzlich
2307 649 142 68 passiv
2483 648 174 49 verhält
2689 646 90 50 und
2807 645 103 50 dem
2933 644 350 66 Vortragenden
3318 661 48 34 er-

1819 736 141 58 laubt,
1985 734 435 66 Selbstständigkeit
2453 750 53 31 zu
2539 730 231 51 entfalten.
2808 729 104 52 Wir
2933 728 164 50 wollen
3123 728 117 66 jetzt
3268 728 124 50 nicht

1821 822 158 48 weiter
2012 818 324 56 untersuchen,
2368 815 59 51 ob
2459 833 102 32 man
2592 814 261 66 überhaupt
2884 830 55 32 zu
2972 813 149 48 dieser
3149 811 243 51 Annahme

1821 904 253 66 berechtigt
2105 904 70 56 ist,
2222 902 129 50 dafür
2383 899 112 50 aber
2524 899 145 63 einige
2705 896 169 50 andere
2907 896 353 65 Bemerkungen
3295 895 72 50 hin-

1823 990 209 64 zufügen.
2091 988 81 48 Die
2204 988 212 47 Fermate
2448 984 111 48 oder
2605 982 81 49 der
2717 980 259 69 Haltpunkt
3008 982 122 48 steht
3161 979 190 67 gewöhn-

1823 1072 84 49 lich
1940 1072 69 56 da,
2042 1089 73 31 wo
2148 1070 96 50 eine
2276 1067 363 50 vorherrschend
2671 1082 245 51 gewesene
2944 1064 310 69 Empfindung
3287 1081 103 31 zum

1823 1156 283 49 Ahschlusse
2136 1154 174 49 kommt
2342 1153 90 48 und
2467 1150 203 66 zugleich
2704 1150 80 49 der
2817 1149 187 48 Eintritt
3034 1149 125 50 einer
3189 1147 201 50 anderen

1824 1238 277 50 vorbereitet
2131 1238 127 48 wird.
2319 1237 94 48 Der
2446 1234 240 69 gehaltene
2717 1234 117 55 Ton,
2860 1233 196 50 welcher
3088 1232 191 68 passend
3315 1250 76 31 zu-

1825 1322 89 48 und
1948 1318 235 59 abnimmt,
2215 1319 79 50 das
2327 1321 237 48 Crescendo
2595 1317 90 49 und
2705 1318 295 50 Decrescendo
3031 1317 140 48 schön
3203 1316 162 49 heraus-

1824 1406 136 56 stellt,
1980 1404 107 49 malt
2107 1421 112 47 ganz
2237 1421 84 32 von
2354 1402 141 49 selbst
2519 1402 138 49 schon
2677 1402 86 48 den
2782 1399 274 66 Uebergang
3089 1417 84 33 von
3192 1399 81 50 der
3288 1399 76 49 Lei-

1825 1487 235 50 denschaft
2092 1505 80 30 zur
2201 1487 131 48 Ruhe
2364 1486 113 49 oder
2505 1484 289 66 umgekehrl.
2843 1483 82 48 Die
2957 1484 80 49 auf
3064 1484 81 47 der
3174 1483 216 50 Fermate

1828 1571 212 51 fussende
2072 1571 180 48 Cadenz
2302 1571 55 47 ist
2399 1568 94 51 also
2538 1568 237 66 eigentlich
2822 1567 121 50 bloss
2976 1567 98 50 eine
3105 1566 287 67 verlängerte

1828 1655 366 66 Umschreibung
2227 1655 110 48 oder
2369 1653 241 49 detaillirte
2641 1652 321 64 Schilderung,
3010 1650 89 49 und
3142 1667 50 32 es
3224 1651 57 48 ist
3311 1650 81 49 der

1828 1740 179 49 Cadenz
2041 1756 78 31 vor
2152 1738 148 50 Allem
2335 1737 174 67 nöthig,
2556 1736 102 49 dass
2700 1737 63 48 sie
2794 1735 115 50 auch
2952 1735 40 48 in
3027 1733 81 50 der
3137 1733 249 50 breitesten

1827 1824 269 63 Entfaltung
2142 1822 102 49 dem
2290 1831 100 40 treu
2439 1820 155 56 bleibt,
2653 1838 94 31 was
2793 1820 69 48 die
2907 1818 212 49 Fermate
3166 1817 77 48 hat
3287 1835 78 32 aus-

1828 1906 200 48 drücken
2064 1905 178 49 wollen.
2291 1906 93 47 Der
2417 1902 268 68 Componist
2717 1909 270 42 verstummt
3019 1900 260 65 gleichsam,
3312 1901 80 50 der

1828 1990 216 49 Tactstab
2077 1990 170 48 hemmt
2275 1989 122 48 seine
2429 1986 355 67 gesetzmässige
2815 1987 269 64 Bewegung
3095 1984 186 50 —aber
3312 1985 80 49 der

1830 2072 319 67 Vortragende
2181 2089 124 32 muss
2337 2072 84 49 den
2440 2071 283 68 Haltepunkt
2749 2070 128 67 jedes
2909 2069 91 49 Mal
3033 2069 84 48 wie
3150 2069 129 49 einen
3312 2067 52 51 be-

1828 2158 270 49 deutsamen
2133 2155 123 50 Blick
2284 2154 286 57 betrachten,
2604 2155 42 48 in
2679 2154 218 48 welchem
2933 2152 330 50 künstlerische
3295 2154 64 48 An-

1829 2240 252 65 forderung
2114 2258 50 29 zu
2200 2239 122 48 lesen
2365 2238 72 58 ist,
2484 2238 91 49 und
2623 2236 85 50 den
2756 2255 51 32 er
2851 2236 122 50 nicht
3019 2236 128 50 einen
3182 2236 209 50 Moment

1829 2342 80 33 aus
1941 2324 103 49 dem
2081 2325 133 64 Auge
2246 2323 146 49 lassen
2423 2323 110 48 darf.
2566 2323 84 48 Die
2671 2321 215 50 Fermate
2917 2321 58 49 ist
3005 2320 123 50 nicht
3158 2337 24 31 e
3188 2320 6 37 :
3202 2339 25 31 n
3249 2321 107 49 Tum-

1829 2408 208 67 melplatz
2081 2408 69 48 für
2183 2405 221 66 beliebige
2436 2405 283 68 Tonfiguren
2765 2406 112 49 oder
2917 2404 101 51 eine
3050 2404 341 67 Veranlassung

1830 2509 54 32 zu
1918 2490 173 50 bunten
2122 2489 93 51 und
2248 2488 323 51 willkürlichen
2592 2489 375 65 Aeusserungen.
3001 2488 181 48 Gerade
3213 2486 72 60 da,
3318 2504 73 32 wo

1830 2575 80 50 der
1942 2574 216 50 Virtuose
2189 2573 93 49 sich
2314 2573 70 49 die
2413 2573 200 48 Freiheit
2655 2573 174 56 nimmt,
2874 2572 126 49 seine
3031 2572 334 66 Selbstständig-

1832 2659 89 48 keit
1951 2658 56 48 im
2041 2657 165 49 Verein
2241 2657 76 48 mit
2351 2657 102 48 dem
2500 2655 141 50 schon
2683 2655 231 66 Gesagten
2961 2655 89 49 und
3098 2655 115 49 noch
3246 2655 108 49 Rom-

1830 2742 192 49 menden
2055 2740 183 67 geltend
2272 2760 52 29 zu
2360 2739 204 56 machen,
2608 2757 125 32 muss
2765 2757 50 30 er
2846 2738 85 49 den
2964 2739 171 50 Genius
3168 2757 113 48 ganz
3314 2738 52 49 be-

1830 2826 191 49 sonders
2053 2824 203 49 anrufen.
2312 2824 99 49 Nur
2441 2822 118 49 dann
2594 2822 110 49 wird
2737 2840 48 31 es
2817 2822 210 61 möglich,
3069 2822 102 48 dass
3206 2822 70 51 die
3306 2822 57 49 Ca-

1832 2911 129 54 denz,
2008 2908 69 48 ein
2125 2907 133 48 leicht
2298 2907 320 65 ausgeführter
2648 2907 263 66 Irissprung
2953 2907 111 48 oder
3109 2904 282 51 farbenreich

1832 2991 499 64 zusammengestellter
2350 2992 174 63 Bogen,
2548 2989 201 68 zugleich
2770 2989 170 49 wieder
2958 2989 80 50 auf
3064 2989 142 50 festen
3231 2989 160 51 Grund

1832 3076 108 49 und'
1957 3074 154 50 Boden
2145 3073 124 57 trifft,
2314 3091 84 32 von
2432 3073 101 50 dem
2578 3090 49 31 er
2663 3090 323 49 ausgegangen
3022 3090 118 39 war;
3187 3073 117 50 dann
3337 3073 54 50 ist

1830 3160 70 48 die
1935 3156 497 66 Verbindungsbrücke
2470 3156 149 57 leicht,
2653 3155 179 50 brillant
2865 3155 249 67 geworden
3155 3156 93 49 und
3281 3157 82 48 den-

1832 3243 114 49 noch
1976 3242 146 48 sicher
2153 3240 253 66 geblieben.

1957 3326 265 53 Virtuosen,
2267 3323 172 49 welche
2469 3340 48 32 es
2552 3323 258 59 verstehen,
2854 3325 69 48 bei
2956 3327 207 62 grösster
3193 3323 198 51 Freiheit

1832 3410 57 48 im
1919 3410 229 63 Vortrage
2181 3407 206 50 dennoch
2420 3406 104 51 dem
2543 3407 514 51 Gesammt-Charakter
3081 3416 101 41 treu
3202 3425 55 32 zu
3285 3407 85 50 blei-

1832 3492 103 56 ben,
1983 3491 230 51 beweisen
2257 3492 180 49 hiermit
2479 3491 220 65 glänzend
2745 3492 126 50 ihren
2917 3499 141 58 guten
3091 3491 298 51 Geschmack.

1830 3575 192 49 Manche
2054 3574 235 49 erreichen
2322 3590 136 50 sogar
2490 3574 143 52 durch
2663 3575 362 66 entsprechende
3052 3575 90 48 nnd
3168 3574 119 49 wohl
3312 3591 52 32 an-

1833 3659 248 66 gebrachte
2112 3657 342 66 Verzierungen
2487 3657 84 50 den
2604 3657 240 68 Triumph,
2874 3659 200 48 einzelne
3107 3659 171 49 Stellen
3310 3675 81 32 aus

1833 3743 85 47 den
1943 3740 370 69 Composilionen
2345 3758 113 49 ganz
2491 3740 250 51 besonders
2771 3741 66 49 ins
2862 3741 129 49 Licht
3024 3759 52 31 zu
3111 3749 168 41 setzen.
3312 3740 80 50 Als

1834 3826 189 50 Formes
2056 3843 79 32 vor
2168 3824 236 51 mehreren
2436 3825 170 50 Jahren
2639 3825 82 48 auf
2750 3824 81 49 der
2862 3825 250 50 dresdener
3144 3823 250 50 Hofbühne

1832 3910 43 48 in
1921 3909 81 49 der
2034 3911 147 47 Partie
2225 3909 79 49 des
2336 3909 179 68 Lysiart
2559 3924 103 32 zum
2695 3908 173 50 Adolar
2912 3925 138 49 sang:
3103 3908 117 55 „Die
3249 3905 143 51 Liebe

1832 3991 153 50 deiner
2028 3993 141 48 Braut
2214 3994 208 63 gewann'
2467 3990 67 50 ich
2582 3990 97 57 mir,
2726 3998 118 42 trotz
2890 3990 154 50 deiner
3086 3990 308 66 Rosenwang'

1833 4075 90 50 und
1957 4077 195 64 goldnen
2445 4074 103 50 liess
2580 4090 48 34 er
2660 4075 80 49 auf
2765 4074 69 48 die
2865 4073 275 67 ersteSylbe
3173 4074 80 50 des
3285 4073 86 49 letz-

1833 4168 75 41 ten
1943 4160 193 51 Wortes
2167 4159 129 50 einen
2328 4157 162 49 Triller
2521 4157 145 59 fallen,
2700 4158 197 49 welcher
2925 4157 351 65 ausgezeichnet
3307 4158 87 49 den
