2255 3718
972 165 76 25 LES
1084 164 234 26 CONCERTS

135 168 70 36 192

126 259 203 53 Champs
361 259 184 54 Elysées
578 260 53 39 de
664 258 200 55 YOrphée
902 258 54 40 de
993 256 162 48 Gluck,
1182 266 42 31 et
1248 257 39 39 le
1324 256 199 41 Psaume
1546 261 50 47 98
1622 258 54 40 de
1711 256 343 42 Mendelssohn.
2093 258 63 41 La

130 327 282 54 Symphonie
434 342 54 26 en
511 327 228 41 m*'bémol
763 327 53 40 de
836 326 228 41 Borodine
1088 324 297 55 (1834-1887),
1426 326 134 52 qu'on
1597 328 218 39 exécutait
1840 341 115 38 pour
1990 327 38 40 la
2063 341 72 39 pre-

129 400 137 38 mière
304 397 100 48 fois,
436 406 66 31 est
535 411 87 26 une
662 409 152 27 œuvre
848 396 235 51 originale,
1110 395 190 48 colorée,
1325 410 58 25 un
1405 409 84 38 peu
1514 395 180 46 diffuse,
1730 401 87 35 très
1842 398 313 39 intéressante.

127 466 98 41 Elle
248 475 66 31 est
336 467 244 39 construite
606 479 75 26 sur
706 465 38 40 le
768 465 105 52 plan
894 465 54 40 de
978 465 39 40 la
1043 465 270 52 symphonie
1335 465 241 52 classique,
1616 466 119 39 mais
1758 465 134 40 d'une
1914 474 95 32 tout
2033 475 125 31 autre

129 548 161 27 saveur
309 547 7 27 :
343 548 202 26 mesures
568 542 41 32 et
634 533 200 53 rythmes
855 533 298 52 compliqués,
1179 546 87 26 une
1288 532 174 51 grande
1487 534 169 38 variété
1680 533 54 39 de
1766 532 203 51 timbres,
1999 534 159 52 depuis

130 604 40 40 la
191 604 214 40 sourdine
427 602 235 54 jusqu'aux
683 611 129 31 notes
834 602 63 40 les
923 602 101 52 plus
1046 615 164 37 graves
1227 602 77 40 des
1323 603 194 46 cuivres,
1537 602 78 40 des
1635 602 186 52 pédales
1841 602 314 51 nombreuses,

130 673 218 53 quelques
387 672 216 40 formules
640 672 210 39 obstinées
856 703 10 19 ,
910 672 54 39 de
1005 671 37 40 la
1085 671 200 48 rudesse,
1320 673 127 50 point
1488 671 54 41 de
1581 675 153 46 grâce,
1774 685 89 27 une
1893 685 125 26 assez
2054 672 104 52 jolie

128 742 293 41 incohérence
455 741 114 40 dans
609 739 377 49 l'orchestration,
1027 741 101 51 plus
1160 740 351 50 d'imagination
1549 753 86 39 que
1679 740 53 40 de
1767 741 257 49 sentiment,
2071 754 87 27 une

130 812 132 40 réelle
297 811 263 40 abondance
595 811 25 39 d
641 811 122 39 idées
800 811 74 51 qui
913 818 192 32 sonnent
1138 818 253 31 autrement
1429 823 87 38 que
1553 809 40 40 la
1619 811 210 50 musique
1854 808 221 51 française
2117 818 40 32 et

130 881 268 40 allemande.
426 879 64 41 Le
513 880 197 46 scherzo,
735 880 226 39 vivement
984 883 130 36 mené
1143 893 80 38 par
1245 877 66 41 M.
1344 877 167 54 Marty,
1537 887 66 32 est
1628 879 132 39 d'une
1784 877 210 41 fantaisie
2028 879 104 39 char-

130 960 150 31 mante
304 966 7 24 :
339 964 57 26 on
420 950 133 39 dirait
575 949 58 39 du
653 947 326 41 Mendelssohn
1001 948 211 40 retouché
1231 962 82 37 par
1331 946 51 41 E.
1409 946 238 42 Chabrier.
1669 946 64 41 Le
1753 948 178 40 dernier
1948 961 209 27 morceau

129 1029 66 31 est
229 1018 151 42 faible.
406 1018 207 41 L'œuvre
639 1032 20 25 a
685 1023 66 34 été
785 1016 270 42 froidement
1091 1016 229 40 accueillie
1341 1026 7 31 ;
1388 1017 83 39 elle
1495 1018 197 39 méritait
1716 1032 60 25 un
1802 1031 86 38 peu
1912 1031 168 26 mieux.

130 1088 116 40 Avec
272 1096 65 32 cet
358 1086 250 41 admirable
628 1087 241 46 orchestre,
893 1099 72 27 ces
989 1086 178 39 chœurs
1191 1084 381 54 incomparables,
1591 1094 41 32 et
1657 1086 173 50 l'orgue
1854 1099 86 39 que
1962 1086 195 40 d'autres

129 1157 60 40 lui
213 1158 194 48 envient,
433 1155 61 41 M.
521 1155 149 52 Marty
693 1168 114 27 nous
827 1155 93 40 doit
940 1155 79 39 des
1041 1162 203 32 concerts
1268 1154 54 39 de
1346 1154 101 52 plus
1467 1154 174 50 grande
1661 1167 265 38 envergure.

1951 1152 196 56 J.C.

185 1248 244 41 CONCERTS
453 1247 310 40 CHEVILLARD.
885 1262 49 38 iy
961 1253 36 33 et
1022 1261 52 25 20
1097 1260 127 26 mars.
1335 1246 59 40 Le
1416 1246 193 40 Paradis
1633 1253 36 34 et
1701 1247 42 40 la
1767 1247 108 40 Péri
1881 1280 7 16 ,
1916 1248 53 40 de
2005 1246 119 43 Schu-

129 1333 152 33 mann,
326 1331 152 27 œuvre
517 1317 275 48 charmante,
833 1318 74 50 qui
940 1317 237 49 gagnerait
1202 1320 21 35 à
1255 1329 55 26 ne
1342 1330 82 38 pas
1447 1320 92 37 être
1562 1321 205 36 exécutée
1800 1330 54 27 en
1882 1319 143 38 entier
2050 1329 7 27 :
2084 1332 54 25 car-

130 1400 85 27 une
236 1387 193 39 certaine
459 1387 262 38 monotonie
747 1398 20 26 s
784 1399 27 38 y
835 1384 159 48 révèle,
1021 1392 41 32 et
1097 1385 113 39 dans
1231 1384 38 40 la
1295 1385 186 40 couleur
1522 1385 214 51 générale
1777 1394 41 32 et
1842 1394 177 32 surtout
2042 1385 113 40 dans

129 1454 373 42 l'orchestration.
526 1452 397 54 L'interprétation
946 1462 66 32 est
1035 1453 172 50 lourde,
1235 1463 177 31 surtout
1436 1454 59 40 du
1520 1457 96 37 côté
1640 1455 78 39 des
1743 1455 171 40 cordes.

185 1543 244 40 CONCERTS
463 1541 236 41 COLONNE.
829 1541 241 40 Dimanche
1106 1557 50 37 13
1188 1556 128 25 mars.

1445 1541 97 42 Une
1578 1548 131 35 scène
1745 1543 333 52 symphonique
2103 1543 52 40 de

128 1611 64 40 M.
217 1611 388 41 Lefèvre-Derodé
629 1609 11 54 (
650 1610 111 41 Caïn
768 1610 11 53 )
806 1624 124 27 assez
963 1611 424 52 mélodramatique.
1414 1610 62 41 La
1499 1627 23 38 y
1529 1616 15 17 e
1566 1611 267 55 Symphonie
1867 1613 53 39 de
1943 1613 211 50 Brahms,

129 1695 152 27 œuvre
325 1694 105 27 sans
466 1680 273 50 originalité,
784 1681 114 39 mais
942 1679 341 51 agréablement
1318 1680 240 52 classique.
1597 1680 62 39 M.
1703 1681 193 54 Jacques
1936 1681 215 47 Thibaut,

127 1750 194 40 acclamé
360 1762 105 26 avec
500 1748 195 53 quelque
741 1750 290 49 exagération
1072 1748 114 40 dans
1231 1748 38 40 le
1311 1748 211 40 Concerto
1568 1764 49 23 en
1664 1749 59 39 mi
1753 1750 137 39 bémol
1923 1748 67 54 (n°
2023 1748 40 55 6)
2101 1750 53 40 de

130 1818 172 40 Mozart
344 1820 92 50 qui,
464 1818 256 52 apocryphe
743 1831 56 27 ou
822 1831 105 33 non,
953 1826 65 32 est
1052 1818 144 40 dénué
1233 1818 24 39 d
1278 1822 173 43 intérêt,
1476 1828 41 30 et
1541 1818 113 40 dans
1678 1818 40 40 le
1739 1818 191 40 Prélude
1953 1826 37 34 et
2018 1818 137 54 fugue

130 1888 54 39 de
206 1888 40 39 la
283 1888 219 51 première
542 1896 155 31 sonate
720 1886 53 40 de
816 1886 137 40 Bach.
979 1884 134 43 Enfin
1139 1887 38 39 la
1207 1886 180 40 Cantate
1411 1894 118 47 pour
1553 1887 41 39 la
1620 1889 95 50 jête
1753 1888 50 38 de
1838 1888 171 54 Pâques
2016 1921 8 14 ,
2050 1886 104 42 bien

130 1957 186 40 chantée
354 1971 80 37 par
462 1955 47 40 M
514 1961 47 16 me
594 1955 117 55 Julie
735 1955 407 51 Cahun-llekking
1179 1964 41 32 et
1243 1954 61 41 M.
1342 1955 84 55 Jan
1462 1955 162 49 Reder,
1652 1970 124 27 assez
1802 1958 351 41 médiocrement

130 2041 82 37 par
238 2026 62 40 les
324 2034 165 31 autres.

592 2023 53 42 R.
684 2023 54 42 R.

187 2129 54 24 20
263 2128 127 24 mars.
416 2112 131 40 —La
570 2129 26 37 q
601 2117 15 18 e
635 2111 267 54 Symphonie
918 2114 53 39 de
994 2112 195 41 Brahms
1212 2121 65 32 est
1300 2126 88 27 une
1403 2112 116 41 belle
1537 2127 168 34 œuvre,
1729 2114 109 40 dont
1853 2128 57 27 on
1936 2129 22 26 a
1979 2115 94 53 déjà
2092 2116 60 40 dit

128 2185 54 38 ici
201 2187 160 40 même,
387 2182 87 40 l'an
497 2186 132 48 passé
647 2180 8 52 (
671 2196 10 25 1
697 2184 25 49 ),
750 2190 93 32 tout
859 2182 38 40 le
921 2182 105 40 bien
1050 2182 106 52 qu'il
1177 2181 144 41 fallait
1344 2183 109 39 dire.
1475 2181 285 42 L'exécution
1779 2197 52 26 en
1848 2183 63 40 fut
1930 2183 189 53 parfaite
2142 2201 6 24 :

128 2255 272 48 vigoureuse
422 2260 40 31 et
478 2251 306 40 chaleureuse.
812 2250 61 40 M.
897 2251 290 40 Paderewski
1210 2251 224 48 recueille,
1460 2251 113 40 dans
1595 2252 38 39 le
1659 2251 212 41 Concerto
1896 2267 54 26 en
1972 2253 60 40 mi
2053 2260 16 35 b
2100 2254 52 40 de

129 2321 273 45 Beethoven,
426 2321 76 40 des
528 2321 319 39 acclamations
867 2329 42 31 et
932 2321 78 39 des
1033 2323 322 50 protestations
1379 2321 254 50 également
1654 2326 240 45 exagérées
1921 2338 6 24 :
1953 2323 69 51 jeu
2060 2328 90 42 sûr,

130 2391 118 50 agile
272 2399 40 31 et
335 2390 176 49 délicat,
535 2403 105 26 sans
656 2388 290 54 profondeur.

1090 2477 63 40 La
1180 2477 176 42 Société
1391 2479 227 40 nationale
1661 2493 116 26 nous
1808 2479 77 40 fait
1922 2484 231 36 connaître

130 2550 106 38 trois
260 2561 176 28 œuvres
461 2547 204 47 inédites,
689 2547 107 40 dont
814 2561 87 26 une
923 2552 280 35 assurément
1228 2549 195 39 méritait
1445 2548 54 39 de
1523 2562 54 25 ne
1597 2548 101 53 plus
1715 2548 137 41 l'être.
1875 2547 64 42 Le
1960 2558 193 43 quatuor

128 2616 54 39 de
205 2615 61 40 M.
292 2615 224 51 Magnard
548 2616 111 40 n'est
683 2629 96 38 pas,
814 2629 55 26 en
892 2615 117 47 effet,
1036 2629 85 27 une
1143 2629 152 27 œuvre
1318 2616 239 41 médiocre.
1584 2615 87 42 Les
1711 2619 223 38 sonorités
1962 2631 54 26 en
2052 2627 101 31 sont

129 2684 143 40 riches
295 2693 41 31 et
357 2694 188 30 souvent
571 2683 217 41 raffinées.
821 2683 63 40 La
920 2684 215 40 sérénade
1167 2693 66 31 est
1269 2683 134 42 écrite
1423 2685 54 39 de
1499 2698 131 26 verve
1666 2695 42 30 et
1732 2686 201 40 s'achève
1977 2700 75 26 sur
2090 2702 60 24 un

129 2753 311 51 jaillissement
464 2752 85 40 fort
569 2754 224 49 gracieux.
834 2751 117 41 Mais
983 2753 112 39 dans
1134 2752 263 41 l'ensemble
1421 2754 39 38 le
1498 2754 374 52 développement
1910 2754 84 40 m'a
2039 2770 110 37 paru

129 2820 298 41 embarrassé.
454 2820 62 41 Le
537 2834 288 39 programme
859 2821 57 40 du
939 2830 195 44 quatuor
1153 2831 66 31 est
1242 2827 87 35 très
1351 2824 122 38 varié
1501 2836 6 25 :
1532 2831 174 36 sonate,
1745 2824 233 50 sérénade,
2018 2824 134 40 chant

130 2889 202 51 funèbre,
354 2890 164 40 danses
541 2905 7 33 ;
595 2890 38 40 la
659 2894 164 48 pensée
857 2899 115 31 reste
1008 2889 233 41 immobile
1275 2900 40 30 et
1348 2904 174 26 comme
1546 2895 236 47 étrangère
1825 2906 84 25 aux
1943 2893 207 40 couleurs

130 2959 108 40 dont
278 2959 83 40 elle
400 2973 47 26 se
481 2973 122 38 pare.
644 2957 126 42 Cette
812 2958 180 41 raideur
1020 2968 225 31 contraste
1280 2959 141 40 d'une
1462 2959 131 51 façon
1627 2961 247 50 singulière
1910 2970 40 31 et
1983 2961 169 53 parfois

186 2477 195 42 SOCIÉTÉ
412 2492 266 26 NATIONALE.
786 2493 51 39 19
860 2493 129 24 mars.

126 3030 202 39 curieuse
363 3043 104 26 avec
500 3029 38 39 la
576 3027 207 41 fantaisie
813 3032 279 36 tourmentée
1130 3028 54 41 de
1212 3028 280 41 l'harmonie.

184 3109 65 42 LA
272 3110 293 41 TROMPETTE.

1522 3028 109 55 J.
1668 3028 53 41 T.

662 3111 143 52 Après
820 3124 114 27 nous
953 3112 124 39 avoir
1095 3109 128 42 offert
1243 3124 87 27 une
1348 3111 259 40 charmante
1631 3113 143 39 soirée
1795 3113 53 39 de
1871 3112 63 40 Mi
1959 3112 190 41 Carême

130 3178 238 52 (Fantaisie
404 3182 138 38 sévère
566 3193 114 38 pour
705 3191 20 26 2
732 3184 15 17 e
768 3179 167 47 violon,
967 3179 144 40 Polka
1140 3179 192 53 Tqigane
1365 3194 80 38 par
1466 3179 63 41 M.
1552 3180 162 54 Ilayot,
1755 3181 99 40 Duo
1878 3196 115 38 pour
2014 3184 134 50 piano

128 3257 41 30 et
205 3248 152 40 violon
381 3263 81 37 par
485 3249 38 39 le
565 3252 161 40 même,
756 3246 228 42 Chansons
1012 3263 241 39 gasconnes
1275 3263 81 37 par
1378 3248 46 40 M
1430 3247 38 25 lle
1504 3250 54 39 11.
1606 3248 201 44 Sirbain.
1839 3250 220 42 Carnaval
2080 3252 69 39 des

127 3316 225 40 Animaux
370 3318 54 40 de
441 3316 335 54 Saint-Saëns),
801 3326 110 31 cette
931 3317 173 40 illustre
1129 3316 176 42 Société
1320 3332 115 26 nous
1452 3318 149 41 faisait
1622 3321 229 40 entendre,
1871 3321 39 39 le
1934 3334 45 26 2c
2009 3335 137 28 mars,

130 3383 39 39 le
193 3382 197 49 Quatuor
420 3386 54 40 de
497 3385 209 54 Debussy
732 3396 40 30 et
796 3387 78 39 des
914 3386 131 39 lieder
1062 3386 52 40 de
1140 3384 281 51 Schumann,
1462 3386 224 43 Schubert
1707 3398 41 31 et
1768 3389 274 49 Beethoven,
2069 3404 80 38 par

175 3506 28 42 (1
220 3506 1 46 ■
247 3507 122 32 Revue
389 3507 45 32 du
459 3520 45 32 30
528 3509 197 32 novembre
752 3520 103 32 1902.
