4628 6350
4311 6122 55 38 45

194 216 174 83 Die
429 218 314 98 Kunst,
802 221 196 81 sich
1058 221 323 83 selber
1439 223 272 81 einzu-

197 324 645 85 balsamieren

191 460 243 64 Mynona

337 643 149 52 Mein
522 644 146 50 Hans
711 665 112 30 war
859 646 332 62 abgebrannt
1226 644 108 50 und
1366 644 146 50 nicht
1547 644 298 50 versichert
1883 655 265 51 gewesen.

198 724 98 51 Als
334 727 85 49 ich
453 727 138 50 nach
626 732 203 47 meiner
863 727 153 51 Bank
1051 731 133 59 ging,
1220 727 149 50 hatte
1408 726 120 49 dort
1569 725 165 51 schon
1769 726 213 62 jemand
2020 732 128 45 statt

203 812 203 47 meiner
447 815 141 45 mein
629 821 194 52 ganzes
863 810 289 50 Guthaben
1196 809 80 49 für
1317 809 139 49 mich
1498 808 332 63 abgehoben.
1905 809 109 50 Auf
2056 808 92 51 der

204 888 127 53 Post
362 892 160 50 nahm
553 893 86 50 ich
674 894 112 48 drei
821 892 366 63 Telegramme
1229 895 51 46 in
1314 891 275 62 Empfang.
1661 891 74 50 Im
1774 897 179 44 ersten
1995 891 156 51 stand

206 972 93 51 der
345 973 116 52 Tod
506 980 202 45 meines
753 975 191 51 besten
988 974 288 60 Freundes,
1324 978 68 46 im
1440 978 231 47 zweiten
1717 973 247 51 enterbte
2011 973 139 50 mich

205 1059 142 46 mein
396 1057 328 59 Großonkel,
775 1057 121 50 weil
945 1076 55 30 er
1048 1055 202 51 wieder
1296 1056 282 59 heiratete,
1629 1055 267 51 nebenbei
1945 1061 203 58 gesagt;

205 1142 176 46 meine
435 1140 162 51 letzte
648 1139 367 63 Möglichkeit,
1066 1138 285 63 jemanden
1400 1158 64 30 zu
1519 1139 254 60 beerben,
1823 1158 112 30 war
1986 1138 165 50 damit

203 1220 191 53 höchst
433 1222 441 50 wahrscheinlich
915 1220 441 50 verschwunden.
1428 1220 114 51 Aus
1587 1220 121 51 dem
1753 1221 199 49 dritten
1995 1219 124 51 Tele-

202 1315 204 51 gramm
438 1306 178 49 erfuhr
646 1305 83 48 ich
761 1305 102 48 den
894 1303 323 63 plötzlichen
1248 1303 115 51 Tod
1394 1308 202 46 meiner
1629 1303 178 51 Braut.
1875 1303 90 50 Ich
1998 1302 154 52 stand

204 1405 126 42 nun,
375 1388 67 50 da
482 1385 183 51 Eltern
706 1386 106 50 und
852 1386 368 50 Geschwister
1267 1391 97 45 mir
1405 1387 173 63 längst
1622 1386 287 64 gestorben
1952 1404 198 40 waren,

205 1473 142 48 mein
388 1468 215 51 Freund
641 1470 203 49 soeben
884 1470 138 48 mich
1098 1469 276 50 verlassen
1414 1470 165 59 hatte,
1656 1468 100 64 dgl.
1795 1473 175 46 meine
2011 1468 139 50 liebe

202 1550 183 60 Braut,
417 1551 109 51 und
557 1552 84 49 ich
679 1555 227 46 meinem
943 1550 313 51 Großonkel
1290 1572 105 32 von
1429 1553 212 49 Herzen
1674 1551 218 60 fluchte,
1927 1556 192 44 mutter-

207 1634 345 51 seelenallein
586 1635 88 49 auf
709 1634 94 50 der
834 1633 160 53 Welt.
1066 1634 108 52 Das
1206 1639 231 59 passiert
1468 1640 48 59 ja
1550 1654 58 31 so
1644 1634 294 51 manchem.
2004 1632 149 50 Aber

206 1721 98 45 mir
331 1737 112 31 war
477 1736 55 31 es
568 1717 137 50 doch
739 1715 139 52 allzu
911 1724 88 56 gut
1035 1728 284 53 ergangen;
1358 1717 83 49 ich
1476 1718 150 50 hatte
1661 1717 138 49 mich
1833 1736 67 29 an
1934 1715 93 50 das
2064 1726 58 51 ge-

208 1798 321 61 mütlichste,
610 1799 367 63 behaglichste
1019 1800 182 50 Leben
1246 1801 264 62 gewöhnt.
1619 1799 121 49 Und
1786 1798 142 49 nun?
2004 1798 150 48 Mein

207 1892 198 55 ganzer
436 1881 182 50 Besitz
652 1882 231 51 bestand
922 1887 51 45 in
1010 1883 135 59 dem,
1182 1903 112 31 was
1331 1883 83 50 ich
1452 1883 86 49 auf
1575 1882 120 50 dem
1730 1881 162 49 Leibe
1929 1887 136 55 trug;
2104 1883 51 46 in

207 1968 216 46 meinen
464 1964 247 51 Taschen
749 1965 250 50 steckten
1039 1971 140 44 etwa
1217 1965 111 49 fünf
1366 1964 158 50 Mark
1562 1963 106 50 und
1706 1968 83 45 ein
1828 1982 131 42 paar
1999 1962 126 49 Pfen-

208 2052 136 57 nige.
428 2047 272 51 Schulden
747 2047 300 52 bedrohten
1094 2049 139 48 mich
1287 2047 265 60 überdies,
1603 2045 107 51 und
1758 2063 119 31 zum
1926 2043 228 63 Kampfe

209 2149 116 32 um-s
361 2129 202 51 Dasein
601 2129 169 51 fühlte
809 2130 86 50 ich
933 2131 140 51 mich
1110 2131 147 50 nicht
1302 2134 69 45 im
1409 2129 300 51 mindesten
1748 2128 157 62 fähig.
1982 2127 172 50 Dabei

208 2231 112 32 war
386 2212 83 51 ich
533 2218 84 45 ein
677 2212 201 60 dicker,
925 2212 243 61 schöner,
1212 2212 224 50 blonder
1477 2212 165 50 Mann
1690 2214 94 47 mit
1828 2210 326 50 Bonvivant-

209 2295 200 60 Miene,
444 2295 108 50 und
585 2301 141 44 mein
763 2297 368 62 angeborenes
1172 2294 279 63 Stilgefühl
1485 2295 192 49 verbot
1713 2297 98 46 mir
1848 2292 102 50 den
1988 2295 134 47 mimi-

211 2378 165 51 schen
403 2378 288 50 Ausdruck
723 2378 95 50 der
854 2377 405 63 Verzweiflung,
1290 2377 206 50 welche
1530 2376 111 50 sich
1673 2378 203 47 meiner
1906 2373 214 51 bemäch-

210 2464 114 60 tigt.
386 2461 288 50 Trotzdem
706 2461 125 49 muß
863 2467 166 44 etwas
1065 2461 174 49 davon
1272 2461 235 49 sichtbar
1537 2458 289 64 geworden
1856 2461 129 56 sein,
2016 2457 140 50 denn

212 2548 97 45 mir
340 2543 300 64 begegnete
673 2543 320 63 Folgendes:
1026 2543 89 50 Ich
1146 2542 273 59 beschloß,
1452 2545 119 48 eine
1607 2541 103 49 Art
1741 2538 383 52 Henkersmahl-

215 2631 105 45 zeit
363 2626 387 50 einzunehmen
791 2626 108 50 und
939 2625 216 60 wählte,
1199 2644 88 31 um
1331 2629 93 46 mit
1466 2627 229 47 meinem
1742 2621 201 53 letzten
1985 2620 172 51 Gelde

208 2708 375 64 auszulangen,
623 2712 86 47 ein
747 2707 263 52 mittleres
1049 2708 342 63 Speisehaus.
1464 2707 90 50 Ich
1592 2706 151 50 hatte
1784 2705 145 50 nicht
1971 2703 187 51 sobald

210 2793 213 48 meinen
461 2790 177 51 Teller
682 2790 179 63 Suppe
900 2809 96 31 vor
1035 2792 114 56 mir,
1193 2788 77 52 als
1308 2788 84 50 ich
1431 2788 138 50 mich
1609 2792 94 45 mit
1748 2792 146 44 einer
1935 2786 188 50 sonder-

213 2873 167 50 baren
425 2871 312 52 Teilnahme
790 2873 181 49 fixiert
1019 2872 108 50 sah.
1211 2872 89 48 Ich
1348 2870 66 50 aß
1463 2867 501 65 außergewöhnlich
2011 2867 117 63 lang-

212 2974 133 41 sam;
381 2955 269 51 zwischen
687 2955 171 51 Löffel
894 2954 105 50 und
1033 2953 172 51 Löffel
1240 2953 212 50 machte
1487 2952 83 50 ich
1606 2951 154 63 lange
1796 2951 210 50 Pausen
2046 2948 84 51 vol-

212 3036 78 52 ler
330 3036 540 52 Nachdenklichkeit.
943 3035 285 51 Vielleicht
1268 3056 112 29 war
1426 3035 93 50 das
1564 3034 121 50 dem
1728 3032 194 51 dürren
1968 3032 191 61 langen

211 3120 177 51 Herrn
423 3125 94 47 mit
552 3120 470 64 Magistergesicht
1061 3139 83 30 am
1181 3117 361 52 Nebentische
1585 3114 337 65 aufgefallen.
1961 3114 166 50 Jeden-

214 3203 119 52 falls
379 3204 299 63 begegnete
719 3202 85 50 ich
850 3206 186 46 seinen
1074 3199 449 64 merkwürdigen,
1566 3199 113 51 sich
1717 3198 97 50 tief
1855 3201 52 47 in
1949 3199 212 47 meinen

214 3285 195 64 Augen
452 3284 403 52 einbohrenden
900 3284 107 49 und
1053 3288 73 46 sie
1179 3282 288 64 gleichsam
1513 3283 381 61 zwangsweise
1941 3277 194 51 festhal-

215 3368 201 51 tenden
452 3367 203 51 Blicke.
718 3366 276 51 Während
1030 3366 93 50 der
1157 3366 262 49 nächsten
1452 3364 187 63 Gänge
1677 3366 240 60 gerieten
1952 3364 96 46 wir
2085 3361 52 49 öf-

217 3458 82 43 ter
340 3450 107 51 und
489 3450 140 50 öfter
668 3455 53 45 in
761 3449 178 50 dieses
977 3447 411 65 eigentümliche
1429 3444 172 53 Duell.
1677 3445 90 50 Bis
1813 3444 84 50 ich
1937 3476 67 6 —
2049 3460 110 32 was

215 3533 150 51 hatte
403 3532 84 52 ich
530 3552 65 30 zu
630 3532 266 50 verlieren
933 3552 81 30 —:
1055 3550 55 30 es
1150 3530 157 51 müde
1346 3529 184 51 wurde
1570 3527 107 51 und
1719 3526 209 51 einfach
1968 3526 191 62 fragte:

216 3616 164 59 „Was
420 3615 197 50 wollen
899 3615 69 49 Er
1011 3614 277 50 meckerte
1335 3612 106 51 und
1484 3609 232 53 hüstelte
1761 3614 85 46 ein
1892 3605 239 54 entschul-

212 3699 254 63 digendes
501 3698 230 50 Lachen.
799 3698 100 60 ~Es
933 3701 68 46 ist
1034 3696 146 51 nicht
1219 3714 57 33 so
1314 3706 131 52 ganz
1482 3693 225 59 einfach,
1748 3692 94 51 das
1880 3711 64 30 zu
1982 3690 146 50 erklä-

211 3801 111 32 ren,
398 3780 242 52 Würden
682 3780 87 50 Sie
814 3784 97 46 mir
954 3786 287 56 gestatten,
1287 3776 143 51 mich
1473 3796 64 29 zu
1580 3775 165 50 Ihnen
1824 3793 65 30 zu
1931 3771 219 51 setzen?

210 3863 147 51 Oder
392 3863 118 50 darf
542 3863 87 50 ich
658 3863 89 50 Sie
777 3863 189 57 bitten,
999 3880 66 31 an
1096 3863 229 48 meinem
1358 3858 190 51 Tische
1582 3857 147 50 Platz
1761 3876 64 30 zu

210 3945 105 52 Mir
350 3967 114 30 war
501 3946 178 50 dieser
715 3943 374 53 Zwischenfall
1126 3941 286 66 eigentlich
1450 3940 380 57 willkommen;
1874 3958 56 32 er
1972 3936 184 50 lenkte

210 4030 138 50 mich
385 4028 309 53 wohltuend
730 4047 106 31 von
878 4030 202 47 meiner
1117 4023 330 52 fruchtlosen
1488 4022 256 51 Grübelei
1784 4022 82 49 ab.
1938 4019 88 50 Ich
2064 4019 93 49 bat

211 4112 105 50 den
346 4111 182 60 Alten,
563 4111 67 50 da
663 4111 143 51 nicht
839 4110 84 51 ich
955 4128 106 33 von
1094 4108 122 60 ihm,
1251 4106 232 52 sondern
1521 4125 57 31 er
1615 4124 106 32 von
1756 4107 99 46 mir
1888 4109 170 43 etwas
2092 4119 64 31 zu

212 4193 290 64 verlangen
542 4194 199 58 schien,
785 4211 65 32 an
892 4195 213 47 meinen
1147 4189 175 51 Tisch.
1401 4189 68 50 Er
1511 4189 140 57 kam,
1695 4190 53 46 in
1795 4189 146 46 einer
1987 4189 167 44 etwas

212 4280 282 60 zitterigen
538 4276 156 50 Hand
735 4279 115 46 sein
891 4274 130 51 Glas
1060 4273 158 50 Wein
1258 4271 236 61 haltend,
1542 4271 87 50 auf
1675 4269 140 50 mich
1861 4288 80 39 zu,
1985 4272 169 45 setzte

213 4359 112 51 sich
369 4363 99 46 mir
512 4358 318 63 gegenüber,
875 4361 185 59 nippte
1109 4375 83 31 am
1240 4354 260 59 Getränk,
1582 4353 212 50 machte
1841 4351 130 50 aber
2016 4348 140 51 noch

208 4441 162 52 keine
409 4441 235 59 Mienen,
684 4441 109 50 sich
833 4438 448 65 auszusprechen.
1353 4437 115 50 Wir
1503 4435 397 62 beschäftigten
1938 4452 96 30 uns
2074 4434 84 46 ein

212 4545 131 43 paar
383 4523 248 51 Minuten
675 4522 341 62 schweigend
1062 4526 92 44 mit
1199 4538 248 32 unserem
1489 4516 371 51 Mundvorrat.
1935 4513 223 51 Endlich

213 4608 172 62 fragte
418 4606 106 51 ich:
561 4604 165 62 „Fällt
763 4625 57 32 es
854 4604 165 51 Ihnen
1054 4603 139 50 denn
1227 4622 58 31 so
1324 4602 222 57 schwer,
1583 4603 97 46 mir
1715 4603 443 50 anzuvertrauen,

214 4699 307 53 weswegen
568 4688 85 49 ich
702 4687 88 50 Sie
834 4685 381 52 interessiere?
1288 4685 202 49 Lassen
1538 4682 86 49 Sie
1709 4680 136 50 doch
1937 4677 202 52 hören!'

469 4775 324 47 antwortete
825 4789 73 40 er,
931 4769 162 60 „aber
1125 4771 140 47 mein
1302 4768 267 48 Interesse
1604 4765 94 50 hat
1729 4767 156 46 einen
1916 4779 211 32 verwun-

215 4854 292 60 derlichen,
544 4857 156 47 einen
735 4851 274 51 delikaten
1043 4848 200 53 Grund.
1310 4848 70 52 Es
1414 4847 135 51 wird
1585 4850 98 46 mir
1717 4845 265 51 durchaus
2015 4845 147 49 nicht

215 4938 182 61 leicht,
436 4940 174 48 meine
648 4934 299 51 natürliche
987 4933 238 50 Reserve
1267 4931 347 62 aufzugeben.
1684 4929 90 50 Ich
1811 4928 214 50 komme
2066 4928 98 47 mir

214 5021 203 51 bereits
449 5017 345 64 zudringlich,
824 5020 49 59 ja
903 5014 378 52 unverschämt
1315 5034 112 39 vor,
1466 5012 102 50 daß
1601 5012 87 49 ich
1719 5010 138 51 mich
1887 5009 147 50 nicht
2065 5027 98 32 nur

212 5104 98 50 tief
342 5109 54 46 in
426 5102 88 52 Sie
550 5102 449 57 hineinversetze,
1033 5096 232 51 sondern
1299 5106 154 52 sogar
1485 5100 69 45 im
1589 5093 233 63 Begriffe
1856 5093 105 57 bin,
1996 5091 164 49 Ihnen

213 5191 174 47 meine
420 5188 182 50 intime
635 5183 265 50 Kenntnis
933 5181 146 50 Ihrer
1115 5178 298 52 seelischen
1446 5177 327 62 Verfassung
1807 5194 119 31 zum
1961 5174 200 49 Besten

215 5289 63 31 zu
315 5269 189 63 geben.
571 5267 91 51 Ich
701 5265 139 52 habe
886 5283 83 31 am
1011 5260 286 52 Aussehen
1335 5260 93 51 der
1467 5259 398 51 Mitmenschen
1904 5259 86 47 ein
2030 5266 130 53 ganz

216 5349 301 66 spezielles,
558 5350 86 52 ich
685 5348 214 51 möchte
940 5344 143 52 wohl
1125 5354 178 53 sagen,
1350 5382 8 11 .
1400 5382 9 11 .
1450 5382 9 11 .
1506 5339 327 53 materielles
1875 5339 285 56 Interesse,

212 5435 236 51 welches
480 5432 86 53 ich
595 5432 167 51 Ihnen
794 5429 236 65 sogleich
1062 5426 371 65 spezifizieren
1463 5424 199 50 werde.
1724 5422 150 51 Aber
1905 5420 259 51 zunächst

217 5514 214 54 einmal:
469 5514 89 53 Sie
601 5514 117 52 sind
757 5533 59 33 so
856 5517 90 60 gut
983 5515 102 46 wie
1129 5505 334 54 verzweifelt
1505 5539 68 5 —
1615 5506 68 49 oh
1720 5503 289 51 verzeihen
2050 5500 109 51 Sie!

215 5601 152 51 Aber
398 5600 87 50 ich
520 5599 95 51 sah
646 5617 77 41 es;
757 5597 87 51 ich
878 5596 97 51 sah
1008 5614 58 31 es
1100 5612 58 33 so
1198 5591 133 59 klar,
1366 5592 103 48 wie
1502 5588 86 52 ich
1622 5588 85 49 Ihr
1740 5586 205 50 Antlitz
1985 5585 143 51 sehe.

218 5683 141 60 „Das
397 5682 218 51 können
653 5680 87 50 Sie
779 5698 99 32 nur
1298 5680 150 55 sagte
1492 5670 87 50 ich
1618 5670 274 61 mißmutig
1932 5667 108 51 und
2081 5685 56 33 re-

217 5768 238 61 signiert;
496 5783 57 30 es
589 5767 79 47 sei
704 5763 156 59 denn,
899 5760 88 52 Sie
1024 5758 219 52 wüßten
1280 5775 87 32 um
1404 5757 225 60 gewisse
1665 5750 500 64 Angelegenheiten

211 5846 109 52 und
348 5847 241 50 kennten
618 5845 155 60 mich,
805 5844 135 55 ohne
972 5842 101 51 daß
1105 5840 84 53 ich
1223 5840 88 50 Sie
1342 5837 193 51 kenne.
1633 5833 140 62 ~Auf
1803 5833 156 58 Ehre,
1987 5831 172 51 nichts

222 5928 359 64 dergleichen!
663 5927 70 53 Es
781 5929 69 48 ist
898 5928 119 49 eine
1060 5919 519 70 physiognomische,
1623 5917 167 50 näher
1833 5915 301 64 pategnomi-

219 6012 129 51 sche
386 6010 436 63 Konstatierung,
861 6008 108 52 und
1011 6007 147 52 diese
1198 6004 117 53 fällt
1354 6006 98 49 mir
1491 5999 181 61 leicht,
1710 5997 123 53 weil
1874 5997 85 51 ich
1999 5994 167 52 durch

2403 226 141 47 mein
2592 221 269 51 Interesse
2911 219 366 65 aufgefordert
3326 219 104 60 bin,
3487 220 138 50 mich
3676 221 113 49 hier
3838 220 148 51 nicht
4036 239 64 32 zu

2402 304 113 60 „Na
2545 304 112 51 also
2684 337 66 5 —
2774 324 113 31 was
2915 307 68 47 ist
3013 302 140 51 denn
3187 302 95 50 das
3313 302 83 50 für
3424 307 86 45 ein
3536 302 307 51 Interesse?
3901 302 326 52 Befürchten
4256 302 89 53 Sie

2399 387 165 59 nicht,
2596 388 139 50 mich
2768 407 65 31 zu
2865 385 291 51 verletzen.
3223 385 90 50 Ich
3344 385 145 54 kann
3525 384 284 65 allerdings
3843 390 93 46 mit
3971 385 120 51 dem
4125 385 220 53 Dichter

2405 480 183 52 sagen:
2636 469 129 53 Was
2814 469 135 52 auch
2996 467 284 66 geschehe,
3329 468 93 50 das
3474 467 336 51 Schlimmste
3860 472 69 46 ist
3979 473 97 45 mir
4124 468 190 64 gesche-

2628 553 202 59 „Stand
2867 554 81 49 für
2984 551 155 60 mich,
3173 551 141 50 beim
3348 556 183 45 ersten
3563 550 151 50 Blick
3749 556 52 44 in
3835 550 85 50 Ihr
3954 549 237 61 Gesicht,
4225 550 118 50 Ihre

2401 633 249 65 Haltung,
2703 636 163 50 außer
3216 633 313 61 „Wirklich!
3615 633 57 50 In
3723 633 93 50 der
3866 633 100 50 Tat
4017 632 191 63 glaube
4259 632 83 51 ich

2403 716 140 51 doch
2575 719 162 59 nicht,
2773 723 174 47 meine
2986 717 156 52 Seele
3181 737 58 31 so
3277 737 92 29 zur
3411 716 178 50 Schau
3622 735 67 30 zu
3724 723 205 55 tragen;
3972 725 156 53 sogar
4163 715 182 50 wahre

2404 800 84 49 ich
2531 801 138 49 mich
2711 801 316 52 absichtlich
3441 799 153 60 „Und
3643 799 195 62 gerade
3888 797 148 51 diese
4082 796 227 51 Gezwun-

2405 882 215 63 genheit
2660 887 67 46 ist
2767 884 359 50 verräterisch
3165 916 68 5 —
3273 887 324 58 wenigstens
3640 881 81 50 für
4025 879 121 60 „Sie
4190 879 125 50 über-

2406 986 239 43 spannen
2678 971 172 45 meine
2887 967 317 63 Neugierde.
3271 967 159 58 Bitte,
3468 965 153 63 legen
3656 964 87 50 Sie
3778 963 97 59 los,
3910 964 129 50 oder
4073 963 84 50 ich
4197 962 150 50 zahle

2404 1048 108 50 und
2814 1049 160 50 Diese
3021 1050 253 63 Drohung
3323 1048 192 50 wirkte
3560 1047 183 50 sofort.
3818 1045 68 50 Er
3931 1044 234 51 erklärte
4212 1043 132 50 sich:

2408 1131 181 60 „Mein
2633 1130 151 50 Blick
2827 1136 67 45 ist
2937 1135 333 48 interessiert
3316 1135 298 59 zugespitzt
3659 1130 80 49 für
3783 1127 315 58 Menschen,
4142 1125 205 51 welche

2405 1214 112 50 sich
2546 1213 120 50 dem
2696 1213 248 63 baldigen
2975 1214 147 51 Tode
3156 1213 390 52 unwillkürlich
3579 1213 130 50 oder
3744 1209 317 53 absichtlich

2408 1317 56 29 er
2504 1298 289 48 schraubte
2833 1301 147 45 seine
3020 1296 191 64 Augen
3251 1301 51 45 in
3342 1297 85 48 die
3467 1300 282 58 meinigen;
3797 1312 56 32 es
3899 1293 270 49 überrann
4211 1290 139 50 mich

2406 1379 338 51 unheimlich.
2816 1378 68 51 Es
2919 1379 182 50 wurde
3138 1384 97 44 mir
3271 1383 68 45 im
3379 1379 183 50 selben
3598 1376 338 65 Augenblick
3972 1373 236 60 bewußt,
4247 1372 102 50 daß

2407 1463 87 49 ich
2535 1467 210 45 meinen
2794 1461 334 51 Selbstmord
3170 1461 198 50 dunkel
3410 1461 345 51 beschlossen
3798 1460 166 49 hatte.
4043 1456 89 49 Ich
4174 1454 176 51 verlor

2408 1545 102 50 alle
2547 1544 231 64 Haltung
2815 1544 106 50 und
2960 1544 99 63 gab
3097 1544 138 50 mich
3269 1549 227 45 meinem
3538 1542 451 52 schauderhaften
4027 1538 323 64 Gegenüber

2404 1632 161 58 preis.
2637 1628 82 59 Ja,
2757 1627 83 50 ich
2880 1627 118 63 griff
3034 1627 137 50 nach
3210 1631 175 45 seiner
3424 1626 171 58 Hand,
3636 1625 222 52 drückte
3898 1628 75 46 sie
4014 1622 106 50 und
4160 1621 187 62 fragte,

2407 1730 64 30 zu
2506 1714 228 46 meinem
2773 1712 225 60 eigenen
3034 1706 382 60 Widerwillen,
3455 1708 191 62 hastig:
3689 1706 243 60 „Wollen
3976 1705 86 51 Sie
4102 1707 98 47 mir
4237 1701 84 52 hel-

2642 1791 521 61 „Gewissermaßen!
3238 1790 103 59 Ah,
3380 1791 165 48 hören
3593 1789 107 50 Sie!
3778 1789 88 49 Ich
3911 1787 109 51 will
4061 1787 164 49 Ihnen
4267 1788 84 46 ein

2413 1875 177 50 Mittel
2624 1875 187 62 geben,
2848 1875 111 50 sich
2994 1893 65 31 zu
3093 1872 257 59 erhalten,
3386 1892 64 30 zu
3782 1871 401 50 konservieren.
4219 1867 99 50 Ver-

2409 1958 192 50 stehen
2645 1957 103 59 Sie,
2791 1957 84 49 Ihr
2916 1957 129 49 Leib
3091 1955 99 51 soll
3230 1956 146 49 nicht
3418 1959 230 45 zerstört
3690 1952 235 50 werden,
4003 1951 87 50 Sie
4130 1948 220 52 werden

2411 2041 94 50 das
2553 2039 331 51 Ehrenrecht
2937 2040 93 48 der
3081 2038 399 50 erlauchtesten
3529 2035 496 51 Persönlichkeiten
4075 2032 275 64 genießen.

2406 2123 295 51 Bedenken
2739 2123 107 50 Sie!
2913 2122 245 50 Blühend
3194 2124 103 46 wie
3335 2124 203 54 immer;
3580 2138 156 30 wenn
3775 2118 86 50 Sie
3900 2115 276 64 geschickt
4216 2113 116 51 sind
4340 2153 17 27 v

2408 2211 87 45 ein
2525 2205 233 50 Lächeln
2793 2205 87 50 auf
2909 2204 156 50 Ihren
3097 2202 481 62 liebenswürdigen
3612 2201 196 62 Zügen;
3844 2200 255 62 biegsam,
4133 2200 53 45 in
4222 2194 97 51 wel-

2408 2288 127 50 cher
2568 2289 137 49 Pose
2739 2292 203 53 immer;
2980 2284 122 61 und,
3138 2289 102 46 wie
3280 2284 83 51 ich
3403 2284 87 50 Sie
3524 2283 310 50 versichern
3867 2282 159 58 kann,
4062 2278 140 51 wohl
4237 2277 85 51 auf-

2410 2372 246 62 gehoben
2691 2373 54 51 in
2783 2370 288 50 heizbaren
3109 2368 255 58 Räumen,
3404 2366 219 50 werden
3663 2365 104 60 Sie,
3808 2364 135 50 ohne
3990 2361 102 51 alle
4134 2361 218 62 Sorgen,

2412 2459 173 45 einem
2619 2453 220 51 antiken
2873 2452 168 51 Gotte
3075 2450 187 64 gleich,
3293 2450 85 49 Ihr
3409 2450 218 58 Dasein,
3660 2450 322 59 wenigstens
4016 2447 114 47 rein
4165 2442 157 51 äußer-

2411 2536 120 60 lich,
2568 2541 378 58 unangetastet
2982 2535 80 50 bis
3103 2538 51 46 in
3197 2532 100 51 alle
3339 2531 262 62 Ewigkeit

2547 2618 181 49 Meine
2783 2616 364 64 Resignation,
3199 2615 76 50 als
3325 2614 85 50 ich
3462 2614 184 49 diesen
3697 2613 315 59 irrsinnigen
4064 2605 286 52 Ausbruch

2411 2703 131 49 über
2577 2702 138 49 mich
2752 2700 231 63 ergehen
3018 2699 122 60 ließ,
3178 2697 264 51 erreichte
3481 2697 152 49 ihren
3664 2693 196 64 Gipfel.
3932 2691 132 50 Also
4104 2690 94 50 der
4235 2708 89 30 ver-

2411 2784 306 50 meintliche
2748 2782 383 50 Lebensretter
3164 2784 189 46 erwies
3388 2779 109 50 sich
3532 2777 75 51 als
3643 2775 222 59 Narren,
3905 2775 193 50 dessen
4136 2769 218 52 Gefasel

2412 2867 84 49 ich
2534 2866 240 64 garnicht
2809 2864 271 51 verstand.
3149 2864 88 49 Ich
3274 2860 271 60 beschloß,
3583 2859 143 51 nicht
3761 2862 188 46 weiter
3987 2855 88 51 auf
4116 2854 89 49 ihn
4241 2853 86 49 hin-

2414 2949 236 50 zuhören
2692 2948 106 50 und
2838 2947 279 62 möglichst
3157 2946 155 50 rasch
3354 2963 64 30 zu
3459 2940 424 52 verschwinden.
3956 2938 68 49 Er
4069 2937 128 49 aber
4241 2942 86 43 ent-

2413 3032 158 50 nahm
2614 3035 174 46 seiner
2832 3028 347 51 Brusttasche
3225 3031 83 47 ein
3348 3032 146 44 rotes
3535 3024 187 59 Paket,
3760 3022 236 50 welches
4037 3039 57 31 er
4134 3018 219 50 öffnete.

2411 3114 133 51 Was
2575 3134 112 29 war
2719 3112 129 50 das?
2914 3112 68 50 Es
3014 3112 123 49 kam
3170 3113 119 46 eine
3323 3107 393 51 Metallbüchse
3748 3124 105 31 von
3884 3102 322 52 Urnenform
4238 3118 117 32 zum

2413 3196 312 51 Vorschein.
2799 3195 68 50 Er
2910 3194 188 50 drehte
3143 3192 102 52 den
3286 3189 208 51 Deckel
3534 3190 66 49 ab
3645 3188 107 50 und
3793 3186 106 50 ließ
3971 3184 138 50 mich
4152 3184 174 49 hinein-

2414 3279 252 49 schauen,
2740 3278 89 49 Ich
2871 3277 94 49 sah
3007 3278 85 47 ein
3135 3274 174 50 Puder
3355 3292 104 30 von
3503 3270 252 51 violetter
3793 3268 188 50 Farbe.
4060 3262 163 64 „Was
4261 3264 63 49 be-

2416 3361 187 49 deutet
2852 3359 170 62 fragte
3065 3357 99 50 ich.
3242 3355 99 60 „Es
3383 3359 65 47 ist
3495 3357 87 46 ein
3620 3350 269 62 blitzartig
3932 3347 250 52 tötendes
4226 3344 128 59 Gift,

2414 3443 235 50 welches
2694 3443 128 50 aber
2863 3441 84 50 die
2992 3438 359 51 erstaunliche
3394 3434 341 65 Eigenschaft
3811 3433 109 58 hat,
3996 3430 148 63 jedes
4187 3427 136 50 Lebe-

2413 3546 199 39 wesen,
2643 3544 106 31 von
2778 3523 122 50 dem
2937 3542 56 31 es
3032 3526 407 59 eingenommen
3472 3517 149 61 wird,
3656 3516 170 50 sofort
3859 3534 64 30 zu
3956 3511 400 57 mumifizieren,

2416 3608 530 57 einzubalsamieren,
2994 3608 53 45 in
3097 3603 101 51 alle
3247 3602 264 62 Ewigkeit
3564 3596 407 59 unverweslich,
4018 3598 64 59 ja,
4166 3610 160 32 unver-

2413 3692 270 50 brennbar
2720 3709 64 30 zu
2820 3688 240 50 machen.
3129 3686 206 57 Leider,
3374 3684 66 50 da
3479 3703 56 32 es
3573 3682 137 49 eben
3748 3678 275 53 absolutes
4094 3675 113 51 Gift
4272 3677 84 54 ist,

2416 3774 117 50 darf
2563 3773 82 50 ich
2677 3776 141 46 mein
2849 3771 193 50 Patent
3072 3769 147 50 nicht
3253 3787 92 31 zur
3380 3764 354 62 Anwendung
3771 3763 88 50 auf
3889 3758 299 52 Menschen
4216 3757 113 50 brin-

2416 3867 118 51 gen;
2568 3874 56 30 es
2658 3858 76 48 sei
2770 3853 154 60 denn,
2958 3852 101 50 daß
3093 3852 84 50 ich
3208 3852 329 62 präsumtive
3569 3843 397 54 Selbstmörder
3999 3837 358 66 diagnostisch

2415 3937 265 63 ausfindig
2713 3937 203 59 mache,
2951 3933 205 52 welche
3194 3932 113 50 sich
3340 3930 170 52 lieber
3548 3927 448 52 einbalsamieren
4031 3924 77 51 als
4146 3921 211 52 ordinär

2415 4040 115 32 ums
2569 4020 182 49 Leben
2788 4018 237 63 bringen.
3102 4016 301 62 LFebrigens
3445 4013 150 50 hatte
3640 4011 84 51 ich
3766 4014 155 46 unter
3962 4011 212 47 meinen
4213 4003 108 50 Kun-

2416 4104 105 50 den
2546 4102 136 51 auch
2709 4106 85 46 ein
2817 4119 132 45 paar
2975 4098 335 51 Monarchen
3339 4095 114 64 (der
3479 4092 283 53 heimliche
3793 4085 532 56 Monarchen-Selbst-

2415 4185 154 51 mord
2601 4189 186 47 nimmt
2824 4180 395 53 erschrecklich
3255 4177 335 62 überhand!),
3629 4176 166 50 deren
3834 4172 239 51 diskrete
4109 4167 213 65 Empfeh-

2414 4266 441 66 lungsschreiben
2894 4266 86 49 ich
3019 4263 166 50 Ihnen
3224 4264 304 48 vorweisen
3800 4286 63 4 —
3903 4255 161 50 Diese
4110 4251 247 51 Narretei

2418 4351 212 50 machte
2671 4349 144 50 mich
2856 4348 106 50 fast
2999 4344 226 53 lächeln,
3297 4344 90 49 Ich
3429 4340 276 59 beschloß,
3744 4339 108 50 ihm
3892 4342 52 48 in
3986 4335 84 52 die
4108 4334 144 62 Enge
4292 4350 65 31 zu

2415 4433 230 50 treiben:
2690 4432 251 61 „Warum
2979 4434 237 46 nannten
3258 4426 89 51 Sie
3387 4425 85 50 Ihr
3512 4424 268 50 Interesse
3821 4415 298 56 materiell?
4192 4413 132 52 Glau-

2413 4517 107 49 ben
2553 4515 88 50 Sie
2672 4513 288 59 vielleicht,
2991 4511 85 52 ich
3105 4511 148 51 hätte
3284 4509 166 50 Ihnen
3479 4512 85 46 ein
3594 4506 304 61 Vermögen
3926 4520 65 31 zu
4017 4497 218 53 bieten?
4268 4495 89 50 Ich

2417 4598 123 49 muß
2584 4597 87 50 Sie
3595 4594 149 57 sagte
3788 4604 72 40 er,
3910 4581 126 63 „das
4086 4583 69 48 ist
4197 4578 159 50 keine

2413 4679 406 63 Enttäuschung
2852 4706 60 5 —
2943 4681 71 47 im
3048 4673 304 66 Gegenteil:
3391 4673 88 50 Sie
3515 4670 117 53 sind
3666 4673 97 46 mir
3797 4686 98 32 nur
3929 4665 154 50 desto
4121 4661 235 51 sicherer

2416 4767 52 46 in
2496 4762 273 51 Aussicht.
2826 4760 90 50 Ich
2944 4758 179 51 selber
3151 4758 92 50 bin
3274 4756 122 51 sehr
3426 4753 163 52 reich.
3653 4752 147 50 Mein
3828 4749 269 50 Interesse
4133 4748 69 48 ist
4237 4743 90 50 des-

2415 4856 190 53 wegen
2655 4843 244 51 dennoch
2950 4839 280 60 materiell,
3285 4837 123 52 weil
3458 4836 85 50 ich
3593 4832 300 52 Liebhaber
3942 4830 106 58 bin,
4097 4824 227 52 Leichen-

2414 4927 264 60 sammler,
2711 4925 227 51 Inhaber
2971 4927 147 47 eines
3148 4922 498 51 wohlassortierten
3679 4915 277 51 Museums
3987 4930 106 31 von
4125 4907 231 52 herrlich

2413 5011 414 50 konservierten
2871 5003 620 55 Selbstmörderleichen.
3575 4996 213 53 Wollen
3839 4995 87 50 Sie
3971 4990 384 54 mitkommen?

2414 5093 104 50 Ja?
2585 5089 215 53 Wollen
2832 5089 88 51 Sie
2953 5089 175 51 selber
3159 5086 114 51 sich
3302 5084 156 51 Ihren
3488 5081 192 52 Stand-
3712 5079 130 51 oder
3871 5077 136 51 Sitz-
4039 5075 130 52 oder
4202 5083 155 54 sogar

2414 5172 410 65 Schwebeplatz
2874 5169 356 53 bestimmen?
3320 5166 201 51 Ferner
3572 5164 84 49 Ihr
3705 5160 263 51 Kostüm?
4054 5158 120 49 Ihre
4224 5155 96 51 Hal-

2413 5257 163 63 tung?
2645 5256 90 49 Ich
2766 5253 330 52 veranstalte
3131 5255 118 47 eine
3282 5249 180 51 kleine
3491 5245 173 60 Feier,
3703 5243 108 51 und
3848 5262 91 31 zur
3970 5240 256 63 Krönung
4261 5238 92 50 des

2413 5340 191 50 Festes
2634 5337 359 51 balsamieren
3023 5334 88 52 Sie
3145 5333 111 51 sich
3287 5330 237 52 dadurch
3557 5332 100 55 ein,
3693 5326 101 51 daß
3828 5325 89 51 Sie
3953 5325 176 50 dieses
4164 5321 194 51 Pulver

2413 5421 131 60 hier,
2586 5426 53 45 in
2683 5419 371 63 Champagner
3095 5413 280 65 aufgelöst,
3419 5408 562 55 hinunterschlucken.
4028 5406 124 50 -Bis
4198 5404 159 51 dahin

2416 5503 118 50 sind
2568 5503 88 50 Sie
2690 5505 143 48 mein
2869 5500 244 62 Protege,
3154 5498 86 49 ich
3275 5505 154 53 sorge
3466 5492 261 52 väterlich
3763 5492 82 50 für
3879 5491 119 51 Ihre
4035 5488 321 59 Wohlfahrt,

2414 5586 82 50 bis
2536 5604 92 31 zur
2663 5584 171 60 Feier,
2874 5582 165 51 deren
3076 5580 215 50 Termin
3326 5577 86 52 ich
3820 5573 154 63 „Und
4008 5573 117 51 Ihre
4163 5570 163 52 Bedin-

2667 5666 168 62 fragte
2883 5664 101 60 ich,
3029 5663 203 50 bereits
3275 5663 271 60 suggestiv
3589 5658 292 50 umnebelt.
3959 5656 150 62 „Wie
4158 5658 199 60 gesagt,

2417 5750 89 51 Sie
2546 5748 325 51 vermachen
2914 5750 112 55 mir,
3072 5764 65 31 zu
3179 5743 555 58 Museumszwecken,
3819 5741 157 49 Ihren

2414 5831 71 51 Er
2528 5831 233 51 breitete
2806 5828 244 51 wirklich
3097 5831 86 47 ein
3227 5828 166 49 schon
3439 5824 425 64 vorgedrucktes
3909 5820 276 53 Formular
4264 5835 93 33 vor

2416 5914 142 51 mich
2590 5914 105 51 hin.
2763 5912 130 52 Was
2928 5910 145 51 blieb
3111 5913 98 48 mir
3244 5909 185 63 übrig?
3498 5909 90 50 Ich
3624 5906 151 52 füllte
3811 5927 58 30 es
3904 5907 177 62 präzis
4121 5921 94 32 aus
4252 5899 106 52 und

2417 5995 388 51 unterschrieb.
2884 5995 70 49 Er
3004 5994 212 50 steckte
3278 5992 103 52 den
3427 5991 197 52 Schein
3684 5995 54 47 in
3797 5993 146 47 seine
4006 5984 351 54 Brieftasche.
