4628 6350
257 406 1393 677 DER
2115 406 2322 677 STURM

259 1113 1362 132 MONATSSCHRIFT
1722 1092 325 150 FÜR
2142 1109 664 133 KULTUR
2894 1113 369 125 UND
3355 1109 281 126 DIE
3730 1089 681 156 KÜNSTE

469 1407 483 84 Redaktion
1041 1405 173 80 und
1289 1403 320 104 Verlag

466 1529 188 60 Berlin
679 1529 76 59 W
779 1529 37 59 9
853 1529 341 59 Potsdamer
1209 1525 207 63 Straße
1439 1525 112 59 134
1568 1544 34 40 a

1943 1429 362 50 Herausgeber
2335 1429 98 39 und
2463 1426 356 42 Schriftleiter

1946 1510 458 64 HERWARTH
2462 1508 347 61 WALDEN

3180 1403 510 82 Kunstaus
3722 1408 476 104 Stellung

3175 1523 185 60 Berlin
3437 1523 339 63 Potsdamer
3808 1527 205 61 Straße
4039 1530 110 58 134
4169 1549 32 39 a

248 1762 393 62 NEUNTER
680 1761 452 75 JAHRGANG

2024 1759 282 64 BERLIN
2345 1760 179 75 JUNI
2578 1759 151 58 1918

3820 1762 336 63 DRITTES
4204 1762 210 61 HEFT

543 1965 234 51 Wilhelm
812 1965 198 64 Range:
1048 1965 189 49 Lieder
1276 1964 21 65 /
1331 1964 147 51 Adolf
1514 1965 253 50 Allwohn:
1804 1965 101 50 Um
1941 1967 130 48 Gott
2115 1964 19 65 /
2175 1964 185 52 Kinner
2395 1978 102 37 von
2534 1964 224 51 Dresler:
2796 1964 258 49 Gedichte
3100 1964 18 65 /
3159 1964 191 51 Walter
3387 1965 258 62 Mehring:
3694 1966 99 47 Die
3829 1968 174 47 Frühe
4039 1970 94 46 der
4170 1967 183 49 Städte
4397 1966 20 65 /

250 2036 122 50 Kurt
405 2034 280 63 Heynicke:
720 2034 189 48 Lieder
944 2033 69 48 im
1035 2033 162 48 Felde
1223 2031 22 66 /
1269 2033 247 62 Mynona:
1554 2033 99 48 Die
1675 2034 166 47 Kunst
1876 2033 110 48 sich
2021 2031 170 50 selber
2228 2031 480 50 einzubalsamieren
2735 2036 21 58 /
2779 2031 265 51 Herwarth
3067 2031 232 52 Waiden:
3340 2033 138 49 Gute
3504 2032 170 49 Kritik
3702 2032 19 65 /
3745 2034 123 50 Emil
3892 2035 147 51 Filla:
4077 2035 293 65 Zeichnung
4391 2034 23 66 /

250 2104 168 51 Maria
442 2103 195 50 Uhden:
664 2101 351 50 Holzschnitte
1040 2100 19 65 /
1085 2102 138 48 Vom
1248 2099 168 50 Stock
1440 2100 258 65 gedruckt
1717 2114 14 41 /
1757 2100 166 64 Georg
1946 2101 268 63 Schrimpf:
2240 2100 352 50 Holzschnitte
2612 2101 18 64 /
2651 2102 138 48 Vom
2813 2098 168 55 Stock
3004 2099 257 66 gedruckt
3282 2100 21 65 /
3323 2099 142 53 Hans
3489 2101 175 50 Maitis
3687 2102 238 51 Teutsch:
3952 2102 463 51 Linoleumschnitt

251 1965 255 54 Inhalt:

255 5922 220 80 Emil
539 5924 253 79 Filla:
883 5944 403 72 Zeichnung
