3101 4285
343 3788 114 64 64

2121 303 48 53 T
2245 302 48 53 E
2371 300 63 54 K
2512 300 59 54 H
2664 290 188 64 NÉ

361 442 1953 125 BIBLIOGRAPHIE

431 645 106 44 LES
612 642 237 45 BRUITS
920 640 172 43 DANS
1167 638 108 44 LES
1349 635 146 44 BATI-

361 706 238 43 MENTS,
626 706 247 41 Comment
899 704 56 41 les
981 702 146 42 éviter.
1158 697 277 57 Acoustique
1460 696 72 42 des

359 770 254 41 bâtiments,
642 781 77 38 par
742 765 33 42 I,
804 765 141 44 Katel,
974 762 242 55 ingénieur,
1245 759 260 44 administra-

362 828 297 54 teur-délégué
688 829 50 40 de
770 828 38 40 la
838 825 165 43 Société
1032 826 248 51 Anonyme
1309 819 222 44 Absorbit

361 892 139 52 (Paris
518 891 30 53 ),
587 890 173 41 Préface
797 890 50 41 de
882 887 68 42 M,
989 887 197 42 Gustave
1222 884 149 54 Lyon,
1409 882 98 54 ingé-

360 955 123 40 nieur
515 953 100 41 civil
648 952 71 41 des
749 950 161 41 Mines,

429 1016 77 40 Un
533 1015 182 41 volume
739 1013 126 41 in-8°
895 1011 131 42 raisin
1054 1011 50 41 de
1136 1024 14 27 1
1170 1024 14 27 1
1200 1024 24 27 2
1250 1022 130 39 pages
1404 1018 40 31 et
1470 1018 22 40 5
1510 1021 14 26 1

360 1076 311 42 illustrations.
706 1074 186 41 Editeur
930 1089 8 26 :
974 1070 232 55 Béranger,
1240 1071 21 41 à
1295 1069 136 42 Paris,

426 1138 201 52 Ci-après
673 1151 60 27 un
780 1150 154 38 aperçu
981 1134 59 41 du
1085 1132 238 43 sommaire
1370 1130 50 42 de
1466 1140 63 31 cet

357 1200 259 42 intéressant
644 1212 192 39 ouvrage
870 1212 9 26 :

426 1261 80 42 Les
537 1259 275 43 oscillations
843 1258 232 55 élastiques
1107 1257 72 42 des
1210 1255 221 45 matières;

421 1323 80 42 Les
522 1337 103 27 sons
648 1324 56 40 les
725 1322 101 52 plus
851 1320 273 54 importants
1146 1333 54 27 au
1220 1318 133 53 point
1374 1317 50 42 de
1445 1329 84 28 vue

358 1385 254 54 technique;

426 1447 62 41 La
531 1444 310 43 transmission
884 1444 72 41 des
998 1458 104 28 sons
1144 1441 164 44 aériens
1350 1455 80 39 par
1472 1440 57 41 les

355 1523 126 37 corps
517 1523 92 25 non
644 1520 172 40 poreux
857 1521 9 26 :
905 1505 56 54 a)
998 1504 193 42 cloisons
1228 1503 198 52 simples;
1465 1500 62 51 b)

353 1571 191 40 cloisons
565 1567 271 54 composées;
861 1567 200 46 fenêtres,
1085 1576 163 43 portes,
1271 1564 254 54 planchers;

356 1631 166 42 résumé
549 1631 71 41 des
647 1630 126 43 essais
800 1630 50 42 de
875 1629 208 53 Krueger,

422 1692 376 42 Amortissement
842 1691 71 42 des
956 1689 144 44 bruits
1144 1700 40 31 et
1230 1687 297 55 trépidations

355 1756 109 41 dans
497 1755 92 41 leur
619 1768 162 28 source.

422 1816 162 42 Modes
614 1816 283 42 d'isolement
927 1814 71 42 des
1027 1813 224 43 machines
1290 1828 9 26 :
1332 1822 197 31 moteurs

355 1879 144 42 Diesel
532 1889 40 31 et
605 1889 197 31 moteurs
833 1877 23 42 à
887 1891 103 40 gaz;
1026 1874 224 45 machines
1284 1874 22 42 à
1340 1886 186 40 vapeur;

355 1941 199 42 turbines
586 1940 21 41 à
640 1954 185 39 vapeur;
863 1936 431 56 marteaux-pilons;
1332 1945 199 33 moteurs

354 2002 265 55 électriques,
680 2016 189 40 groupes
927 2014 335 40 compresseurs,
1325 2011 200 40 pompes,

353 2076 76 31 etc,
444 2081 9 30 ;
505 2064 282 54 tuyauteries,
837 2072 104 45 pots
991 2061 383 54 d'échappement,
1425 2069 76 32 etc,
1517 2073 9 31 ;

355 2126 334 43 transmissions
699 2141 10 32 ;
789 2140 258 31 ascenseurs,
1127 2121 378 45 monte-malades
1517 2135 8 32 ;

355 2188 222 42 machines
607 2188 22 42 à
659 2188 244 54 imprimer.

423 2250 206 43 L'écoute
652 2250 59 42 du
734 2265 81 28 son
838 2250 110 42 dans
971 2249 181 54 l'espace
1172 2248 111 45 clos;
1309 2246 220 43 réflexion

354 2325 39 30 et
421 2312 323 43 réverbération
777 2312 59 42 du
863 2326 103 33 son;
996 2311 34 46 I,
1059 2310 197 56 pouvoir
1284 2307 247 44 absorbant

355 2376 34 41 a'
421 2390 51 27 en
501 2374 54 42 M
586 2390 9 31 2;
625 2374 197 54 pouvoir
849 2374 247 42 absorbant
1207 2387 80 39 par
1312 2383 219 42 personne

360 2453 58 26 ou
449 2437 135 54 pièce;
619 2437 81 45 111,
734 2435 196 55 pouvoir
962 2435 247 43 absorbant
1326 2448 80 40 par
1438 2431 54 43 M
1524 2446 8 31 1;

360 2499 198 53 exemple
584 2499 59 42 du
671 2498 137 43 calcul
836 2499 51 43 de
913 2496 325 45 réverbération
1271 2496 134 42 d'une
1431 2494 105 42 salle

356 2562 50 40 de
430 2561 223 55 musique;
683 2560 244 43 l'intenstié
951 2561 60 42 du
1036 2575 104 31 son;
1169 2574 61 27 un
1256 2556 200 55 exemple
1480 2556 52 42 de

358 2623 158 47 calcul;
544 2625 38 41 le
605 2623 183 47 timbre;
815 2622 273 43 indications
1112 2620 219 57 générales
1354 2634 117 40 pour
1496 2619 40 41 la

358 2685 307 42 construction
690 2686 72 41 des
784 2684 139 43 salles.

414 2964 82 41 DE
520 2962 427 44 L'INFLUENCE
970 2963 61 42 du
1051 2963 109 54 plan
1183 2971 40 33 et
1244 2962 52 42 de
1317 2960 189 43 l'aména-

355 3037 177 43 gement
569 3025 207 42 mobilier
813 3041 73 26 sur
921 3026 37 43 le
993 3025 106 42 coût
1134 3024 52 42 de
1224 3022 310 43 construction

355 3100 38 30 et
426 3088 262 43 l'économie
719 3087 72 43 des
824 3088 248 54 logements
1103 3085 181 48 réduits,
1317 3100 80 40 par
1431 3083 83 43 l'in-

357 3150 178 54 génieur
567 3150 123 42 K,-J,
726 3149 353 47 Mochreutmer,
1115 3149 23 43 à
1172 3147 171 47 Brème,
1379 3145 158 44 Kleine

358 3213 138 46 Allee,
532 3227 76 41 55,

425 3275 79 42 Un
534 3275 184 42 volume
748 3274 52 42 de
834 3288 56 42 75
927 3288 132 41 pages
1088 3273 52 43 de
1169 3284 118 32 texte
1318 3284 41 32 et
1390 3271 51 42 de
1473 3270 61 54 64

356 3352 128 40 pages
515 3337 365 43 d'illustrations*

420 3399 82 43 Cet
527 3415 195 39 ouvrage
748 3397 269 44 documenté
1043 3397 234 44 démontre
1304 3397 58 42 les
1389 3396 120 55 possi-

353 3461 146 43 bilités
541 3460 365 44 d'amélioration
947 3460 73 44 des
1060 3462 248 54 logements
1348 3458 181 46 réduits,

352 3539 77 40 par
470 3524 50 42 de
561 3524 256 42 nombreux
860 3523 222 54 exemples
1122 3521 409 55 d'aménagements

350 3586 229 42 mobiliers
604 3585 242 56 ingénieux
868 3585 113 44 ainsi
1005 3601 85 41 que
1111 3600 80 40 par
1216 3583 313 44 l'illustration

349 3649 51 42 de
422 3650 131 52 plans
575 3648 103 43 bien
702 3648 211 55 compris*

1748 635 559 44 CONSTRUCTIONS
2366 631 388 45 NOUVELLES
2814 630 42 41 A

1679 697 333 44 HANOVRE,
2044 712 79 38 par
2148 696 36 42 le
2207 695 126 42 Prof,
2361 694 172 45 Elkart,
2562 692 294 44 Stadtbaurat

1680 760 51 41 de
1790 760 38 41 la
1889 758 134 42 Ville,
2087 758 211 41 Editions
2360 757 59 41 du
2480 753 375 45 Verkehrsverein

1680 821 276 42 d'Hanovre,

1748 894 82 42 Cet
1861 907 193 39 ouvrage
2084 903 61 31 est
2174 890 298 54 accompagné
2504 890 50 41 de
2583 888 274 55 statistiques

1680 955 199 42 fournies
1917 970 78 37 par
2033 953 216 46 l'éditeur,
2291 964 39 31 et
2367 953 111 41 d'un
2518 950 168 43 résumé
2722 950 108 40 docu-

1680 1017 212 42 mentaire
1937 1016 58 42 du
2038 1015 124 54 Mag,
2209 1014 285 43 Oberbaurat
2535 1012 203 46 Meffert,
2784 1024 72 28 sur

1680 1078 211 43 l'activité
1914 1078 51 41 de
1987 1078 39 41 la
2051 1077 308 41 construction
2385 1075 240 42 àHanovre
2648 1089 55 28 au
2729 1086 128 28 cours

1680 1141 50 41 de
1760 1139 171 43 l'année
1960 1138 184 43 écoulée.

1678 1458 225 86 LES
2015 1454 840 88 INITIATIVES

1678 1570 187 84 DE
2139 1549 163 105 LA
2401 1549 307 102 CITÉ

1743 1742 33 43 L
1806 1741 90 43 Dès
1923 1741 22 42 à
1972 1740 190 55 présent,
2192 1741 59 42 les
2278 1738 201 45 abonnés
2507 1739 51 42 de
2586 1738 85 43 LA
2700 1735 155 45 CITE

1676 1815 193 43 peuvent
1892 1802 235 44 bénéficier
2152 1802 136 44 d'une
2312 1800 209 56 rubrique
2547 1797 270 46 d'ANNON-

1675 1867 110 43 CES
1819 1865 399 45 GRATUITES,
2252 1864 81 43 Un
2366 1863 257 42 maximum
2656 1862 51 42 de
2741 1875 23 42 5
2802 1860 36 44 li-

1675 1945 118 39 gnes,
1832 1943 80 39 par
1951 1942 202 28 annonce
2190 1938 42 31 et
2266 1940 81 40 par
2383 1924 140 53 objet,
2563 1935 62 31 est
2660 1922 94 44 fixé

1676 1992 239 41 demandes
1950 2002 42 30 et
2030 1989 140 43 offres
2208 1987 232 55 d'emploi,
2482 1985 374 56 renseignements

1675 2054 157 46 divers,
1872 2052 265 55 catalogues,
2178 2051 226 54 échanges,
2443 2049 167 43 cession
2650 2049 51 42 de
2738 2046 96 45 cabi-

1674 2127 108 35 nets,
1814 2127 77 32 etc,

1743 2202 58 43 IL
1830 2200 221 44 Abonnés
2078 2211 40 32 et
2143 2199 266 44 annonciers
2435 2198 52 43 de
2512 2198 41 43 la
2579 2198 152 44 Revue
2757 2203 97 38 ont,

1676 2265 72 42 dès
1778 2280 41 27 ce
1849 2264 118 53 jour,
2001 2263 22 42 à
2054 2263 93 42 leur
2176 2261 273 56 disposition
2479 2275 62 28 un
2572 2258 158 45 service
2758 2272 74 42 gra-

1675 2328 87 42 tuit
1796 2327 51 42 de
1881 2324 375 44 documentation
2293 2322 411 57 bibliographique,
2741 2335 87 43 pou-

1674 2401 124 34 vant,
1825 2389 23 42 à
1875 2390 92 42 leur
1992 2387 233 47 demande,
2254 2388 57 42 les
2337 2385 248 56 renseigner
2611 2399 73 28 sur
2709 2394 148 32 toutes

1677 2452 163 46 études,
1881 2450 170 43 articles
2089 2465 59 27 ou
2188 2449 131 44 livres
2357 2460 139 42 ayant
2534 2462 112 40 paru
2686 2462 74 27 sur
2801 2445 58 43 les

1674 2514 137 53 sujets
1837 2529 40 26 se
1904 2523 270 44 rapportant
2204 2526 89 29 aux
2319 2509 199 45 activités
2543 2510 52 42 de
2621 2510 41 42 la
2689 2508 166 46 Revue,

1722 2576 211 43 Adresser
1955 2577 58 41 les
2034 2574 241 44 demandes
2294 2589 56 28 au
2371 2572 111 55 siège
2504 2573 51 42 de
2576 2571 85 44 LA
2682 2569 171 49 CITE,

1682 2654 70 30 10,
1782 2639 122 54 place
1932 2637 134 47 Loix,
2101 2637 233 43 Bruxelles

1743 2723 82 43 111,
1874 2724 121 42 Avec
2039 2731 130 34 notre
2214 2721 190 44 numéro
2448 2719 246 48 d'octobre,
2741 2733 117 30 nous

1677 2788 280 53 inaugurons
1999 2786 39 43 la
2075 2784 285 55 publication
2404 2782 210 56 régulière
2652 2783 52 43 de
2743 2781 78 46 DO-

1675 2848 322 44 CUMENTS
2039 2846 450 45 INDUSTRIELS,
2533 2845 102 45 Ceci
2677 2861 23 27 a
2741 2858 118 44 pour

1675 2912 125 53 objet
1834 2912 51 42 de
1917 2922 150 43 porter
2101 2912 22 41 à
2155 2911 41 42 la
2226 2909 316 44 connaissance
2574 2909 52 42 de
2656 2921 85 29 nos
2774 2906 63 44 lec-

1677 2986 129 33 teurs,
1847 2973 252 43 architectes
2138 2983 40 32 et
2216 2971 264 45 techniciens
2517 2971 61 44 du
2616 2969 240 45 bâtiment,

1675 3037 58 42 les
1767 3036 298 54 productions
2098 3034 345 57 remarquables,
2479 3032 134 44 créées
2646 3044 41 32 et
2718 3030 118 46 fabri-

1675 3098 127 56 quées
1828 3115 51 26 en
1908 3098 103 43 série
2035 3114 117 38 pour
2179 3099 41 43 la
2245 3097 311 43 construction
2581 3111 82 40 par
2693 3095 58 43 les
2777 3093 60 46 fir-

1673 3177 89 27 mes
1793 3161 314 43 industrielles.

1741 3224 131 42 Nous
1906 3224 172 42 faisons
2114 3224 117 41 donc
2266 3223 129 54 appel
2431 3236 89 29 aux
2557 3221 111 43 dites
2702 3219 155 45 firmes

1672 3301 116 39 pour
1844 3302 61 40 qu
1927 3286 101 42 elles
2082 3294 190 34 mettent
2323 3285 23 42 à
2399 3294 130 34 notre
2582 3281 275 59 disposition

1673 3350 58 41 les
1769 3349 266 42 documents
2071 3363 60 40 qu
2154 3347 100 44 elles
2288 3346 241 56 possèdent
2566 3357 42 33 et
2643 3345 81 57 qui
2759 3359 75 30 ren-

1673 3423 119 30 trent
1826 3411 112 42 dans
1973 3411 170 54 l'esprit
2178 3410 50 43 de
2263 3408 324 44 l'architecture
2620 3408 184 43 vivante
2844 3422 11 28 :

1771 3474 247 53 perfection
2055 3474 248 54 technique,
2341 3471 402 48 standardisation,
2781 3469 51 45 ab-

1672 3551 120 27 sence
1818 3537 301 41 d'ornement.
