2178 3626
80 137 81 50 348

913 150 327 27 INFORMATIONS

78 242 164 40 Lundi.
310 275 155 8 ...
556 257 50 26 20
648 243 139 51 juillet
833 247 21 35 à
887 242 110 40 midi
1033 275 302 16 .....
1454 242 165 52 Harpe,
1647 242 142 42 Piano
1815 243 254 53 (hommes).

80 310 160 39 Mardi.
310 340 155 9 ...
557 326 43 24 21
835 315 21 36 à
887 327 24 35 9
938 313 175 42 heures.
1180 348 8 8 .
1254 348 7 8 .
1329 351 7 6 .
1455 313 236 51 Tragédie.

80 378 160 40 Mardi.
307 409 156 8 ...
557 394 43 24 21
836 385 21 35 à
893 396 12 25 1
935 382 137 41 heure
1106 385 84 50 1/2.
1258 420 7 6 .
1333 421 6 6 .
1460 383 149 52 Opéra
1634 383 219 49 comique.

78 445 232 41 Mercredi.
378 478 7 6 .
453 478 7 7 .
552 462 48 24 22
735 470 9 6 -
830 453 22 35 à
885 465 24 35 9
942 451 175 42 heures.
1186 484 6 7 .
1260 486 7 7 .
1334 486 8 7 .
1461 449 234 44 Comédie.

78 514 128 54 jeudi
233 545 228 9 ....
555 530 46 36 23
833 522 21 35 à
887 520 108 39 midi
1042 552 228 9 ....
1338 555 7 7 .
1463 521 151 40 Piano
1639 516 242 53 (femmes).

78 582 240 40 Vendredi.
562 598 47 36 24
840 591 21 35 à
898 588 107 39 midi
1045 620 8 7 .
1120 624 6 6 .
1193 623 7 7 .
1268 622 7 7 .
1343 622 5 5 .
1472 588 177 41 Violon.

84 649 196 42 Samedi.
320 682 155 10 ...
569 667 43 33 25
847 660 21 35 à
908 670 12 25 1
950 656 137 41 heure
1124 689 228 9 ....
1472 656 165 53 Opéra.

82 749 15 15 T
202 752 7 12 I
220 752 5 7 •
944 757 6 6 .
974 756 24 8 ..
1426 727 7 37 (
1470 725 144 44 Flûte,
1641 722 227 50 hautbois,

80 755 164 35 Lundi.
311 783 155 8 ...
557 768 48 36 27
839 769 20 25 a
894 757 106 38 midi
1583 794 6 5 .

1427 805 7 23 1
1470 794 263 47 Clarinette,
1761 794 179 37 basson.

84 886 161 42 Mardi.
312 919 155 9 ...
558 893 51 36 28
697 913 52 5 -
838 896 21 35 à
894 893 106 40 midi
1418 877 9 56 S
1461 862 92 41 Cûr
1559 895 9 17 '
1588 869 150 33 COrnet
1761 863 22 36 à
1812 861 69 51 piS
1886 867 42 76 !°
1934 872 52 26 nS
1992 889 9 18 '

1419 935 8 43 (
1465 931 276 51 Trompette,
1768 928 252 41 trombone.

139 1031 340 46 BIBLIOTHÈQUE
504 1047 58 25 DU
580 1033 394 42 CONSERVATOIRE.
1074 1036 88 41 Par
1185 1041 140 36 arrêté
1346 1036 262 41 ministériel
1628 1049 54 25 en
1701 1035 101 39 date
1827 1034 58 39 du
1907 1048 50 35 29
1980 1034 93 50 juin

84 1101 189 46 dernier,
292 1098 62 40 M.
373 1100 147 53 julien
540 1100 192 51 Tiersot,
759 1105 186 37 commis
966 1108 21 35 à
1009 1105 40 38 la
1070 1104 320 55 Bibliothèque
1424 1105 56 38 du
1506 1103 347 40 Conservatoire
1877 1100 200 40 national

86 1168 53 40 de
157 1170 205 48 musique
384 1176 40 31 et
447 1168 54 39 de
522 1168 313 48 déclamation,
862 1185 22 24 a
908 1175 68 35 été
995 1177 181 35 nommé
1196 1171 491 42 sous-bibliothécaire.

218 1277 369 42 Conformément
611 1294 83 26 aux
717 1281 294 52 dispositions
1034 1284 58 40 du
1114 1284 146 40 décret
1284 1285 58 39 du
1370 1298 14 38 5
1421 1284 91 39 mai
1551 1285 117 48 1896,
1695 1281 62 39 les
1781 1279 223 41 membres
2026 1281 58 39 du

87 1347 165 40 conseil
268 1349 230 50 supérieur
516 1349 383 51 d'enseignement
916 1351 58 40 du
989 1351 346 42 Conservatoire
1357 1350 186 54 (section
1563 1350 78 40 des
1658 1349 154 40 études
1829 1347 258 53 musicales)

87 1429 47 26 se
157 1424 99 31 sont
280 1417 165 46 réunis,
471 1417 39 38 le
535 1430 43 39 25
607 1418 91 51 juin
729 1418 191 50 dernier,
948 1423 21 35 à
995 1420 40 39 la
1060 1421 219 40 direction
1300 1422 81 39 des
1407 1417 296 48 Beaux-Arts,
1728 1430 76 27 rue
1835 1418 53 39 de
1911 1417 171 46 Valois,

90 1497 105 27 sous
215 1484 38 39 la
278 1484 260 52 présidence
560 1485 53 40 de
636 1484 63 40 M.
726 1486 153 53 Henry
903 1487 197 53 Roujon,
1126 1504 115 37 pour
1274 1490 176 40 dresser
1488 1489 39 39 la
1571 1488 99 38 liste
1693 1486 77 39 des
1806 1485 232 40 candidats
2064 1490 22 34 à

88 1556 228 48 présenter
338 1566 55 26 au
416 1552 203 40 Ministre
640 1557 21 35 à
680 1554 132 40 l'effet
834 1556 54 39 de
904 1570 205 27 nommer
1146 1573 60 25 un
1234 1557 258 53 professeur
1523 1570 113 38 pour
1653 1555 118 39 l'une
1813 1554 76 40 des
1921 1554 166 39 classes

92 1621 53 39 de
163 1623 149 49 piano,
338 1634 53 26 en
416 1622 343 52 remplacement
776 1624 54 39 de
849 1623 61 40 M.
934 1625 53 40 de
1007 1625 166 41 Bériot.
1198 1627 143 39 admis
1367 1630 21 35 à
1425 1624 110 40 faire
1574 1624 145 38 valoir
1742 1635 69 26 ses
1834 1621 140 40 droits
1999 1625 21 35 à
2044 1621 40 39 la

91 1692 191 47 retraite,
322 1698 41 31 et
402 1705 59 25 un
496 1690 254 52 professeur
781 1705 113 38 pour
929 1692 40 39 la
1007 1693 141 40 classe
1188 1693 52 40 de
1283 1693 138 52 harpe
1455 1691 311 49 chromatique
1811 1693 271 35 récemment

94 1762 138 36 créée.

150 1825 90 41 Ont
271 1831 67 35 été
360 1827 209 51 désignés
592 1828 110 39 dans
724 1827 159 41 l'ordre
901 1831 176 38 suivant
1102 1845 7 23 :

149 1895 120 40 Pour
301 1895 38 39 la
379 1895 142 40 classe
559 1895 53 40 de
649 1898 133 49 piano
816 1911 7 23 :
859 1895 107 40 MM.
1007 1897 169 40 Isidore
1208 1896 227 51 Philippe,
1476 1896 112 40 Paul
1627 1895 150 40 Brand
1820 1903 40 30 et
1897 1893 191 54 Jacques

96 1961 249 41 Chansarel

149 2031 121 40 Pour
292 2031 38 39 la
364 2031 141 40 classe
533 2031 53 40 de
606 2031 137 52 harpe
762 2032 308 52 chromatique
1098 2045 6 26 :
1129 2032 45 39 M
1181 2039 40 16 me
1244 2031 375 52 Tassu-Spencer
1641 2039 41 32 et
1705 2029 61 40 M.
1791 2030 110 53 Jean
1925 2029 162 40 Risler.

151 2148 241 41 CONCERTS
414 2163 51 24 ET
484 2147 219 42 SOCIÉTÉS
723 2164 246 26 MUSICALES
991 2164 81 25 DES
1097 2156 361 34 DÉPARTEMENTS.
1548 2149 96 41 Une
1659 2148 206 40 médaille
1888 2147 203 50 d'argent

96 2231 22 25 a
143 2221 67 35 été
233 2217 208 39 accordée
460 2231 79 37 par
560 2215 61 40 M.
649 2217 39 39 le
708 2216 206 41 Ministre
948 2217 53 40 de
1018 2217 298 41 l'lnstruction
1352 2218 217 52 publique
1599 2226 40 32 et
1677 2219 78 38 des
1774 2214 277 43 Beaux-Arts
2069 2220 22 35 à

97 2282 117 42 Tune
249 2285 75 38 des
358 2286 186 38 sociétés
583 2286 73 49 qui
692 2285 243 50 prendront
979 2294 98 42 part
1119 2300 55 25 au
1213 2299 216 27 concours
1473 2290 53 36 de
1559 2288 208 49 musique
1811 2286 210 49 organisé
2055 2284 40 40 le

102 2365 14 38 5
144 2353 139 51 juillet
306 2356 22 35 à
353 2351 195 52 Artenay
569 2350 200 53 (Loiret).

226 2468 61 41 M.
315 2467 180 42 Gabriel
517 2469 156 48 Fauré,
699 2471 251 51 inspecteur
981 2471 53 39 de
1066 2469 368 52 renseignement
1458 2471 202 49 musical,
1682 2485 21 25 a
1726 2472 158 38 assisté
1907 2471 39 38 le
1975 2472 114 38 mois

99 2538 176 39 dernier
314 2542 21 35 à
374 2551 86 26 une
498 2538 200 40 audition
727 2539 53 39 de
818 2539 36 38 la
898 2540 161 38 société
1090 2539 76 40 des
1202 2539 213 41 Concerts
1448 2539 255 52 populaires
1738 2537 353 53 symphoniques

99 2603 238 52 d'Angers,
357 2606 200 51 présidée
595 2620 79 37 par
704 2605 62 40 M.
800 2605 139 42 Louis
978 2607 53 40 de
1067 2607 210 41 Romain.
1313 2607 64 40 De
1416 2608 40 39 là
1492 2607 65 40 M.
1605 2607 144 40 Fauré
1778 2607 103 40 s'est
1903 2605 137 41 rendu
2067 2610 22 35 à

99 2673 249 47 Bordeaux,
383 2687 111 38 pour
514 2689 27 37 y
564 2674 214 40 entendre
801 2674 63 40 les
881 2683 200 32 concerts
1120 2675 251 52 classiques
1396 2675 172 41 donnés
1603 2688 81 39 par
1717 2674 39 40 la
1781 2675 162 39 société
1976 2685 88 40 sym-

99 2742 231 52 phonique
374 2754 19 27 ((
420 2742 39 39 la
483 2741 331 41 Sainte-Cécile
840 2754 37 39 »,
910 2756 105 27 sous
1036 2743 39 39 la
1098 2744 216 40 direction
1336 2744 53 40 de
1405 2742 63 41 M.
1508 2744 280 52 Pennequin.

230 2859 96 41 Une
358 2860 206 40 médaille
586 2861 54 40 de
660 2862 183 39 vermeil
868 2874 95 27 sera
989 2861 216 40 décernée
1229 2876 54 26 au
1302 2874 106 28 nom
1431 2862 58 40 du
1506 2861 205 41 Ministre
1729 2861 53 40 de
1799 2859 299 42 l'lnstruction

103 2927 219 52 publique
340 2936 41 32 et
400 2928 78 40 des
501 2927 278 42 Beaux-Arts
798 2933 21 35 à
843 2929 117 40 l'une
979 2930 82 40 des
1082 2931 188 39 sociétés
1291 2932 75 50 qui
1389 2930 245 52 prendront
1656 2937 98 45 part
1785 2944 56 25 au
1883 2942 215 27 concours

104 2996 187 40 musical
315 2998 212 49 organisé
549 2997 39 39 le
615 3010 41 38 15
685 3003 105 34 août
812 2998 218 51 prochain
1051 3002 21 35 à
1092 2998 40 40 la
1153 2998 228 41 Rochelle.

155 3114 137 53 Lyon.
378 3113 88 42 Par
485 3118 141 37 arrêté
638 3114 263 53 préfectoral
918 3130 55 26 en
989 3116 100 40 date
1108 3116 59 40 du
1188 3130 49 37 29
1258 3118 92 50 juin
1366 3117 190 48 dernier,
1576 3115 45 40 M
1628 3113 16 27 ll
1652 3125 9 8 J
1674 3115 222 40 Forestier
1914 3112 185 55 (Cécile)

101 3198 22 25 a
147 3188 67 35 été
235 3188 207 35 nommée
464 3182 255 53 professeur
750 3184 54 40 de
825 3184 40 40 la
887 3185 143 40 classe
1053 3186 52 38 de
1124 3184 138 52 harpe
1286 3189 22 35 à
1329 3184 164 40 l'Ecole
1529 3184 227 39 nationale
1794 3183 54 39 de
1872 3185 223 50 musique,

103 3251 256 41 succursale
393 3252 58 39 du
490 3250 363 52 Conservatoire,
886 3257 21 35 à
944 3252 142 53 Lyon.

155 3358 352 50 Saint-Ètienne.
605 3369 70 41 Un
691 3382 217 27 concours
928 3370 53 40 de
1004 3373 208 49 musique
1235 3384 97 26 sera
1358 3371 209 49 organisé
1590 3369 40 40 le
1655 3383 43 25 12
1721 3369 141 52 juillet
1881 3370 217 51 prochain

99 3442 20 35 à
153 3435 345 42 Saint-Etienne
519 3452 79 37 par
622 3438 37 39 la
683 3438 266 42 Fédération
967 3439 77 40 des
1077 3440 144 39 écoles
1260 3439 306 40 communales
1601 3438 54 40 de
1695 3446 111 32 cette
1844 3439 118 39 ville.
2005 3438 97 41 Une
