<?xml version="1.0" encoding="UTF-8"?>
<alto xmlns:xsi="http://www.w3.org/2001/XMLSchema-instance" xmlns="http://www.loc.gov/standards/alto/ns-v2#" xsi:schemaLocation="http://www.loc.gov/standards/alto/ns-v2# http://www.loc.gov/standards/alto/alto-v2.0.xsd" xmlns:xlink="http://www.w3.org/1999/xlink">
	<Description>
		<MeasurementUnit>mm10</MeasurementUnit>
		<sourceImageInformation>
			<fileName>//fileserver7/IN2-2/Princeton/bmtnabj/1903/07/15_01/00000336.tif</fileName>
		</sourceImageInformation>
		<OCRProcessing ID="OCRPROCESSING_1">
			<preProcessingStep>
				<processingSoftware>
					<softwareCreator>CCS Content Conversion Specialists GmbH, Germany</softwareCreator>
					<softwareName>CCS docWorks</softwareName>
					<softwareVersion>6.7-1.20</softwareVersion>
				</processingSoftware>
			</preProcessingStep>
			<ocrProcessingStep>
				<processingSoftware>
					<softwareCreator>ABBYY (BIT Software), Russia</softwareCreator>
					<softwareName>FineReader</softwareName>
					<softwareVersion>10.0</softwareVersion>
				</processingSoftware>
			</ocrProcessingStep>
		</OCRProcessing>
		<OCRProcessing ID="OCRPROCESSING_2">
			<preProcessingStep>
				<processingSoftware>
					<softwareCreator>CCS Content Conversion Specialists GmbH, Germany</softwareCreator>
					<softwareName>CCS docWorks</softwareName>
					<softwareVersion>6.7-1.20</softwareVersion>
				</processingSoftware>
			</preProcessingStep>
			<ocrProcessingStep>
				<processingSoftware>
					<softwareCreator>ABBYY (BIT Software), Russia</softwareCreator>
					<softwareName>NA</softwareName>
				</processingSoftware>
			</ocrProcessingStep>
		</OCRProcessing>
	</Description>
	<Styles>
		<TextStyle ID="TXT_0" FONTSIZE="14" FONTFAMILY="Times New Roman"/>
		<TextStyle ID="TXT_1" FONTSIZE="12" FONTFAMILY="Times New Roman"/>
		<TextStyle ID="TXT_2" FONTSIZE="14" FONTFAMILY="Times New Roman" FONTSTYLE="italics"/>
		<ParagraphStyle ID="PAR_LEFT" ALIGN="Left"/>
		<ParagraphStyle ID="PAR_CENTER" ALIGN="Center"/>
		<ParagraphStyle ID="PAR_BLOCK" ALIGN="Block"/>
	</Styles>
	<Layout>
		<Page ID="P4" PHYSICAL_IMG_NR="4" HEIGHT="3627" WIDTH="2156" PRINTED_IMG_NR="316" PC="0.945">
			<TopMargin ID="P4_TM00001" HPOS="0" VPOS="0" WIDTH="2156" HEIGHT="185">
				<TextBlock ID="P4_TB00001" HPOS="95" VPOS="136" WIDTH="78" HEIGHT="46" STYLEREFS="TXT_0 PAR_LEFT">
					<TextLine ID="P4_TL00001" HPOS="96" VPOS="136" WIDTH="76" HEIGHT="46">
						<String ID="P4_ST00001" HPOS="96" VPOS="146" WIDTH="18" HEIGHT="36" CONTENT="3" WC="0.16" CC="8"/>
						<String ID="P4_ST00002" HPOS="127" VPOS="136" WIDTH="45" HEIGHT="36" CONTENT="16" WC="0.49" CC="63"/>
					</TextLine>
				</TextBlock>
				<TextBlock ID="P4_TB00002" HPOS="582" VPOS="145" WIDTH="1015" HEIGHT="33" STYLEREFS="TXT_1 PAR_CENTER">
					<TextLine ID="P4_TL00002" HPOS="582" VPOS="145" WIDTH="1015" HEIGHT="32">
						<String ID="P4_ST00003" HPOS="582" VPOS="148" WIDTH="50" HEIGHT="24" CONTENT="LE" WC="0.73" CC="50"/>
						<SP ID="P4_SP00001" HPOS="632" VPOS="172" WIDTH="34"/>
						<String ID="P4_ST00004" HPOS="666" VPOS="145" WIDTH="364" HEIGHT="27" CONTENT="CONSERVATOIRE" WC="1.00" CC="4000065005000"/>
						<SP ID="P4_SP00002" HPOS="1030" VPOS="172" WIDTH="33"/>
						<String ID="P4_ST00005" HPOS="1063" VPOS="145" WIDTH="218" HEIGHT="27" CONTENT="NATIONAL" WC="0.99" CC="12044402"/>
						<SP ID="P4_SP00003" HPOS="1281" VPOS="172" WIDTH="32"/>
						<String ID="P4_ST00006" HPOS="1313" VPOS="147" WIDTH="54" HEIGHT="24" CONTENT="DE" WC="0.68" CC="60"/>
						<SP ID="P4_SP00004" HPOS="1367" VPOS="172" WIDTH="32"/>
						<String ID="P4_ST00007" HPOS="1399" VPOS="146" WIDTH="198" HEIGHT="31" CONTENT="MUSIQUE" WC="0.99" CC="1230240"/>
					</TextLine>
				</TextBlock>
			</TopMargin>
			<LeftMargin ID="P4_LM00001" HPOS="0" VPOS="185" WIDTH="84" HEIGHT="3284"/>
			<RightMargin ID="P4_RM00001" HPOS="2073" VPOS="185" WIDTH="83" HEIGHT="3284"/>
			<BottomMargin ID="P4_BM00001" HPOS="0" VPOS="3469" WIDTH="2156" HEIGHT="158"/>
			<PrintSpace ID="P4_PS00001" HPOS="84" VPOS="185" WIDTH="1989" HEIGHT="3284">
				<TextBlock ID="P4_TB00003" HPOS="93" VPOS="234" WIDTH="1980" HEIGHT="313" STYLEREFS="TXT_0 PAR_BLOCK">
					<TextLine ID="P4_TL00003" HPOS="94" VPOS="235" WIDTH="1978" HEIGHT="54">
						<String ID="P4_ST00008" HPOS="94" VPOS="237" WIDTH="171" HEIGHT="52" CONTENT="pables." WC="0.83" CC="5300200"/>
						<SP ID="P4_SP00005" HPOS="265" VPOS="289" WIDTH="36"/>
						<String ID="P4_ST00009" HPOS="301" VPOS="237" WIDTH="97" HEIGHT="41" CONTENT="Elle" WC="0.96" CC="0654"/>
						<SP ID="P4_SP00006" HPOS="398" VPOS="289" WIDTH="23"/>
						<String ID="P4_ST00010" HPOS="421" VPOS="252" WIDTH="22" HEIGHT="25" CONTENT="a" WC="0.71" CC="2"/>
						<SP ID="P4_SP00007" HPOS="443" VPOS="289" WIDTH="34"/>
						<String ID="P4_ST00011" HPOS="477" VPOS="245" WIDTH="119" HEIGHT="32" CONTENT="toute" WC="0.98" CC="03631"/>
						<SP ID="P4_SP00008" HPOS="596" VPOS="289" WIDTH="23"/>
						<String ID="P4_ST00012" HPOS="619" VPOS="236" WIDTH="162" HEIGHT="40" CONTENT="chance" WC="0.99" CC="060610"/>
						<SP ID="P4_SP00009" HPOS="781" VPOS="289" WIDTH="23"/>
						<String ID="P4_ST00013" HPOS="804" VPOS="236" WIDTH="53" HEIGHT="40" CONTENT="de" WC="1.00" CC="00"/>
						<SP ID="P4_SP00010" HPOS="857" VPOS="289" WIDTH="21"/>
						<String ID="P4_ST00014" HPOS="878" VPOS="235" WIDTH="108" HEIGHT="41" CONTENT="faire" WC="1.00" CC="00210"/>
						<SP ID="P4_SP00011" HPOS="986" VPOS="289" WIDTH="28"/>
						<String ID="P4_ST00015" HPOS="1014" VPOS="249" WIDTH="143" HEIGHT="27" CONTENT="cesser" WC="1.00" CC="000002"/>
						<SP ID="P4_SP00012" HPOS="1157" VPOS="289" WIDTH="22"/>
						<String ID="P4_ST00016" HPOS="1179" VPOS="251" WIDTH="59" HEIGHT="25" CONTENT="un" WC="0.60" CC="07"/>
						<SP ID="P4_SP00013" HPOS="1238" VPOS="289" WIDTH="24"/>
						<String ID="P4_ST00017" HPOS="1262" VPOS="241" WIDTH="87" HEIGHT="35" CONTENT="état" WC="0.96" CC="7506"/>
						<SP ID="P4_SP00014" HPOS="1349" VPOS="289" WIDTH="23"/>
						<String ID="P4_ST00018" HPOS="1372" VPOS="237" WIDTH="53" HEIGHT="39" CONTENT="de" WC="1.00" CC="00"/>
						<SP ID="P4_SP00015" HPOS="1425" VPOS="289" WIDTH="20"/>
						<String ID="P4_ST00019" HPOS="1445" VPOS="237" WIDTH="155" HEIGHT="39" CONTENT="choses" WC="0.99" CC="060000"/>
						<SP ID="P4_SP00016" HPOS="1600" VPOS="289" WIDTH="23"/>
						<String ID="P4_ST00020" HPOS="1623" VPOS="238" WIDTH="75" HEIGHT="50" CONTENT="qui" WC="0.97" CC="044"/>
						<SP ID="P4_SP00017" HPOS="1698" VPOS="289" WIDTH="21"/>
						<String ID="P4_ST00021" HPOS="1719" VPOS="250" WIDTH="87" HEIGHT="26" CONTENT="non" WC="0.96" CC="506"/>
						<SP ID="P4_SP00018" HPOS="1806" VPOS="289" WIDTH="24"/>
						<String ID="P4_ST00022" HPOS="1830" VPOS="237" WIDTH="242" HEIGHT="41" CONTENT="seulement" WC="1.00" CC="004100005"/>
					</TextLine>
					<TextLine ID="P4_TL00004" HPOS="95" VPOS="303" WIDTH="1978" HEIGHT="53">
						<String ID="P4_ST00023" HPOS="95" VPOS="306" WIDTH="162" HEIGHT="40" CONTENT="révolte" WC="0.99" CC="0600250"/>
						<SP ID="P4_SP00019" HPOS="257" VPOS="346" WIDTH="23"/>
						<String ID="P4_ST00024" HPOS="280" VPOS="313" WIDTH="118" HEIGHT="32" CONTENT="toute" WC="0.99" CC="01420"/>
						<SP ID="P4_SP00020" HPOS="398" VPOS="346" WIDTH="39"/>
						<String ID="P4_ST00025" HPOS="437" VPOS="306" WIDTH="254" HEIGHT="38" CONTENT="conscience" WC="0.99" CC="0450020606"/>
						<SP ID="P4_SP00021" HPOS="691" VPOS="346" WIDTH="22"/>
						<String ID="P4_ST00026" HPOS="713" VPOS="304" WIDTH="206" HEIGHT="47" CONTENT="honnête," WC="0.99" CC="00006207"/>
						<SP ID="P4_SP00022" HPOS="919" VPOS="351" WIDTH="26"/>
						<String ID="P4_ST00027" HPOS="945" VPOS="304" WIDTH="113" HEIGHT="39" CONTENT="mais" WC="0.99" CC="0020"/>
						<SP ID="P4_SP00023" HPOS="1058" VPOS="351" WIDTH="31"/>
						<String ID="P4_ST00028" HPOS="1089" VPOS="304" WIDTH="91" HEIGHT="51" CONTENT="qui," WC="0.98" CC="0414"/>
						<SP ID="P4_SP00024" HPOS="1180" VPOS="355" WIDTH="26"/>
						<String ID="P4_ST00029" HPOS="1206" VPOS="304" WIDTH="279" HEIGHT="51" CONTENT="répétons-le," WC="1.00" CC="004050304104"/>
						<SP ID="P4_SP00025" HPOS="1485" VPOS="355" WIDTH="26"/>
						<String ID="P4_ST00030" HPOS="1511" VPOS="313" WIDTH="65" HEIGHT="31" CONTENT="est" WC="1.00" CC="000"/>
						<SP ID="P4_SP00026" HPOS="1576" VPOS="355" WIDTH="23"/>
						<String ID="P4_ST00031" HPOS="1599" VPOS="303" WIDTH="311" HEIGHT="53" CONTENT="préjudiciable" WC="1.00" CC="0000600000060"/>
						<SP ID="P4_SP00027" HPOS="1910" VPOS="356" WIDTH="33"/>
						<String ID="P4_ST00032" HPOS="1943" VPOS="309" WIDTH="20" HEIGHT="35" CONTENT="à" WC="0.73" CC="2"/>
						<SP ID="P4_SP00028" HPOS="1963" VPOS="356" WIDTH="34"/>
						<String ID="P4_ST00033" HPOS="1997" VPOS="305" WIDTH="76" HEIGHT="39" CONTENT="des" WC="1.00" CC="000"/>
					</TextLine>
					<TextLine ID="P4_TL00005" HPOS="94" VPOS="371" WIDTH="1979" HEIGHT="52">
						<String ID="P4_ST00034" HPOS="94" VPOS="373" WIDTH="229" HEIGHT="41" CONTENT="candidats" WC="1.00" CC="005000040"/>
						<SP ID="P4_SP00029" HPOS="323" VPOS="414" WIDTH="41"/>
						<String ID="P4_ST00035" HPOS="364" VPOS="372" WIDTH="214" HEIGHT="51" CONTENT="auxquels" WC="0.99" CC="06003334"/>
						<SP ID="P4_SP00030" HPOS="578" VPOS="423" WIDTH="36"/>
						<String ID="P4_ST00036" HPOS="614" VPOS="371" WIDTH="176" HEIGHT="41" CONTENT="l'entrée" WC="0.99" CC="42050000"/>
						<SP ID="P4_SP00031" HPOS="790" VPOS="423" WIDTH="34"/>
						<String ID="P4_ST00037" HPOS="824" VPOS="372" WIDTH="53" HEIGHT="40" CONTENT="de" WC="1.00" CC="00"/>
						<SP ID="P4_SP00032" HPOS="877" VPOS="423" WIDTH="38"/>
						<String ID="P4_ST00038" HPOS="915" VPOS="371" WIDTH="164" HEIGHT="41" CONTENT="l'Ecole" WC="1.00" CC="1200300"/>
						<SP ID="P4_SP00033" HPOS="1079" VPOS="423" WIDTH="38"/>
						<String ID="P4_ST00039" HPOS="1117" VPOS="380" WIDTH="103" HEIGHT="43" CONTENT="peut" WC="1.00" CC="0020"/>
						<SP ID="P4_SP00034" HPOS="1220" VPOS="423" WIDTH="38"/>
						<String ID="P4_ST00040" HPOS="1258" VPOS="385" WIDTH="44" HEIGHT="26" CONTENT="se" WC="1.00" CC="00"/>
						<SP ID="P4_SP00035" HPOS="1302" VPOS="423" WIDTH="51"/>
						<String ID="P4_ST00041" HPOS="1353" VPOS="381" WIDTH="176" HEIGHT="31" CONTENT="trouver" WC="1.00" CC="3000000"/>
						<SP ID="P4_SP00036" HPOS="1529" VPOS="423" WIDTH="37"/>
						<String ID="P4_ST00042" HPOS="1566" VPOS="371" WIDTH="184" HEIGHT="52" CONTENT="refusée," WC="0.99" CC="40000054"/>
						<SP ID="P4_SP00037" HPOS="1750" VPOS="423" WIDTH="51"/>
						<String ID="P4_ST00043" HPOS="1801" VPOS="371" WIDTH="116" HEIGHT="41" CONTENT="faute" WC="0.99" CC="00070"/>
						<SP ID="P4_SP00038" HPOS="1917" VPOS="423" WIDTH="53"/>
						<String ID="P4_ST00044" HPOS="1970" VPOS="372" WIDTH="103" HEIGHT="40" CONTENT="d'un" WC="0.99" CC="0400"/>
					</TextLine>
					<TextLine ID="P4_TL00006" HPOS="93" VPOS="439" WIDTH="1980" HEIGHT="52">
						<String ID="P4_ST00045" HPOS="93" VPOS="440" WIDTH="184" HEIGHT="41" CONTENT="nombre" WC="1.00" CC="000000"/>
						<SP ID="P4_SP00039" HPOS="277" VPOS="481" WIDTH="38"/>
						<String ID="P4_ST00046" HPOS="315" VPOS="439" WIDTH="200" HEIGHT="41" CONTENT="suffisant" WC="1.00" CC="040000000"/>
						<SP ID="P4_SP00040" HPOS="515" VPOS="481" WIDTH="32"/>
						<String ID="P4_ST00047" HPOS="547" VPOS="440" WIDTH="53" HEIGHT="40" CONTENT="de" WC="1.00" CC="00"/>
						<SP ID="P4_SP00041" HPOS="600" VPOS="481" WIDTH="41"/>
						<String ID="P4_ST00048" HPOS="641" VPOS="440" WIDTH="146" HEIGHT="51" CONTENT="places" WC="1.00" CC="010000"/>
						<SP ID="P4_SP00042" HPOS="787" VPOS="491" WIDTH="34"/>
						<String ID="P4_ST00049" HPOS="821" VPOS="448" WIDTH="221" HEIGHT="41" CONTENT="vacantes," WC="1.00" CC="000000003"/>
						<SP ID="P4_SP00043" HPOS="1042" VPOS="491" WIDTH="49"/>
						<String ID="P4_ST00050" HPOS="1091" VPOS="440" WIDTH="39" HEIGHT="39" CONTENT="le" WC="0.88" CC="20"/>
						<SP ID="P4_SP00044" HPOS="1130" VPOS="491" WIDTH="36"/>
						<String ID="P4_ST00051" HPOS="1166" VPOS="439" WIDTH="151" HEIGHT="40" CONTENT="chiffre" WC="1.00" CC="4300000"/>
						<SP ID="P4_SP00045" HPOS="1317" VPOS="491" WIDTH="34"/>
						<String ID="P4_ST00052" HPOS="1351" VPOS="442" WIDTH="241" HEIGHT="39" CONTENT="maximum" WC="1.00" CC="0000000"/>
						<SP ID="P4_SP00046" HPOS="1592" VPOS="491" WIDTH="47"/>
						<String ID="P4_ST00053" HPOS="1639" VPOS="445" WIDTH="118" HEIGHT="35" CONTENT="étant" WC="0.98" CC="00075"/>
						<SP ID="P4_SP00047" HPOS="1757" VPOS="491" WIDTH="48"/>
						<String ID="P4_ST00054" HPOS="1805" VPOS="442" WIDTH="268" HEIGHT="39" CONTENT="strictement" WC="1.00" CC="05030200001"/>
					</TextLine>
					<TextLine ID="P4_TL00007" HPOS="93" VPOS="507" WIDTH="152" HEIGHT="40">
						<String ID="P4_ST00055" HPOS="93" VPOS="507" WIDTH="152" HEIGHT="40" CONTENT="limité." WC="0.99" CC="5400101"/>
					</TextLine>
				</TextBlock>
				<TextBlock ID="P4_TB00004" HPOS="230" VPOS="655" WIDTH="1700" HEIGHT="44" STYLEREFS="TXT_1 PAR_CENTER">
					<TextLine ID="P4_TL00008" HPOS="230" VPOS="656" WIDTH="1700" HEIGHT="42">
						<String ID="P4_ST00056" HPOS="230" VPOS="656" WIDTH="53" HEIGHT="42" CONTENT="II" WC="0.98" CC="00"/>
						<SP ID="P4_SP00048" HPOS="283" VPOS="698" WIDTH="26"/>
						<String ID="P4_ST00057" HPOS="309" VPOS="680" WIDTH="50" HEIGHT="5" CONTENT="-" WC="0.78" CC="2"/>
						<SP ID="P4_SP00049" HPOS="359" VPOS="698" WIDTH="34"/>
						<String ID="P4_ST00058" HPOS="393" VPOS="657" WIDTH="112" HEIGHT="41" CONTENT="VRAI" WC="0.98" CC="3005"/>
						<SP ID="P4_SP00050" HPOS="505" VPOS="698" WIDTH="34"/>
						<String ID="P4_ST00059" HPOS="539" VPOS="664" WIDTH="253" HEIGHT="34" CONTENT="CARACTÈRE" WC="1.00" CC="000000100"/>
						<SP ID="P4_SP00051" HPOS="792" VPOS="698" WIDTH="33"/>
						<String ID="P4_ST00060" HPOS="825" VPOS="672" WIDTH="58" HEIGHT="26" CONTENT="DU" WC="0.91" CC="10"/>
						<SP ID="P4_SP00052" HPOS="883" VPOS="698" WIDTH="34"/>
						<String ID="P4_ST00061" HPOS="917" VPOS="657" WIDTH="395" HEIGHT="41" CONTENT="CONSERVATOIRE." WC="1.00" CC="20000000004000"/>
						<SP ID="P4_SP00053" HPOS="1312" VPOS="698" WIDTH="108"/>
						<String ID="P4_ST00062" HPOS="1420" VPOS="656" WIDTH="247" HEIGHT="42" CONTENT="CONCOURS" WC="1.00" CC="40050000"/>
						<SP ID="P4_SP00054" HPOS="1667" VPOS="698" WIDTH="34"/>
						<String ID="P4_ST00063" HPOS="1701" VPOS="656" WIDTH="229" HEIGHT="41" CONTENT="D'ENTRÉE." WC="0.99" CC="430001600"/>
					</TextLine>
				</TextBlock>
				<TextBlock ID="P4_TB00005" HPOS="84" VPOS="772" WIDTH="1987" HEIGHT="2697" STYLEREFS="TXT_0 PAR_BLOCK">
					<TextLine ID="P4_TL00009" HPOS="144" VPOS="774" WIDTH="1927" HEIGHT="51">
						<String ID="P4_ST00064" HPOS="144" VPOS="775" WIDTH="63" HEIGHT="41" CONTENT="Le" WC="0.69" CC="06"/>
						<SP ID="P4_SP00055" HPOS="207" VPOS="816" WIDTH="22"/>
						<String ID="P4_ST00065" HPOS="229" VPOS="774" WIDTH="342" HEIGHT="42" CONTENT="Conservatoire" WC="1.00" CC="0030131000040"/>
						<SP ID="P4_SP00056" HPOS="571" VPOS="816" WIDTH="17"/>
						<String ID="P4_ST00066" HPOS="588" VPOS="784" WIDTH="64" HEIGHT="31" CONTENT="est" WC="0.97" CC="025"/>
						<SP ID="P4_SP00057" HPOS="652" VPOS="816" WIDTH="22"/>
						<String ID="P4_ST00067" HPOS="674" VPOS="776" WIDTH="332" HEIGHT="49" CONTENT="généralement" WC="0.99" CC="776635700054"/>
						<SP ID="P4_SP00058" HPOS="1006" VPOS="825" WIDTH="22"/>
						<String ID="P4_ST00068" HPOS="1028" VPOS="775" WIDTH="229" HEIGHT="41" CONTENT="considéré" WC="1.00" CC="000020000"/>
						<SP ID="P4_SP00059" HPOS="1257" VPOS="825" WIDTH="25"/>
						<String ID="P4_ST00069" HPOS="1282" VPOS="776" WIDTH="112" HEIGHT="39" CONTENT="dans" WC="0.99" CC="0001"/>
						<SP ID="P4_SP00060" HPOS="1394" VPOS="825" WIDTH="23"/>
						<String ID="P4_ST00070" HPOS="1417" VPOS="776" WIDTH="37" HEIGHT="39" CONTENT="la" WC="0.61" CC="42"/>
						<SP ID="P4_SP00061" HPOS="1454" VPOS="825" WIDTH="27"/>
						<String ID="P4_ST00071" HPOS="1481" VPOS="789" WIDTH="146" HEIGHT="26" CONTENT="masse" WC="1.00" CC="00000"/>
						<SP ID="P4_SP00062" HPOS="1627" VPOS="825" WIDTH="22"/>
						<String ID="P4_ST00072" HPOS="1649" VPOS="788" WIDTH="169" HEIGHT="27" CONTENT="comme" WC="1.00" CC="00000"/>
						<SP ID="P4_SP00063" HPOS="1818" VPOS="825" WIDTH="28"/>
						<String ID="P4_ST00073" HPOS="1846" VPOS="787" WIDTH="85" HEIGHT="27" CONTENT="une" WC="0.99" CC="102"/>
						<SP ID="P4_SP00064" HPOS="1931" VPOS="825" WIDTH="23"/>
						<String ID="P4_ST00074" HPOS="1954" VPOS="774" WIDTH="117" HEIGHT="39" CONTENT="école" WC="1.00" CC="00030"/>
					</TextLine>
					<TextLine ID="P4_TL00010" HPOS="90" VPOS="843" WIDTH="1980" HEIGHT="53">
						<String ID="P4_ST00075" HPOS="90" VPOS="843" WIDTH="367" HEIGHT="53" CONTENT="professionnelle" WC="1.00" CC="223200000000352"/>
						<SP ID="P4_SP00065" HPOS="457" VPOS="896" WIDTH="24"/>
						<String ID="P4_ST00076" HPOS="481" VPOS="844" WIDTH="290" HEIGHT="52" CONTENT="quelconque." WC="0.99" CC="03041000504"/>
						<SP ID="P4_SP00066" HPOS="771" VPOS="896" WIDTH="31"/>
						<String ID="P4_ST00077" HPOS="802" VPOS="843" WIDTH="31" HEIGHT="40" CONTENT="Il" WC="0.85" CC="02"/>
						<SP ID="P4_SP00067" HPOS="833" VPOS="896" WIDTH="25"/>
						<String ID="P4_ST00078" HPOS="858" VPOS="843" WIDTH="168" HEIGHT="41" CONTENT="semble" WC="1.00" CC="030000"/>
						<SP ID="P4_SP00068" HPOS="1026" VPOS="896" WIDTH="32"/>
						<String ID="P4_ST00079" HPOS="1058" VPOS="857" WIDTH="83" HEIGHT="39" CONTENT="que" WC="0.99" CC="001"/>
						<SP ID="P4_SP00069" HPOS="1141" VPOS="896" WIDTH="42"/>
						<String ID="P4_ST00080" HPOS="1183" VPOS="844" WIDTH="10" HEIGHT="39" CONTENT="1" WC="0.90" CC="0"/>
						<SP ID="P4_SP00070" HPOS="1193" VPOS="896" WIDTH="21"/>
						<String ID="P4_ST00081" HPOS="1214" VPOS="858" WIDTH="56" HEIGHT="26" CONTENT="on" WC="0.51" CC="45"/>
						<SP ID="P4_SP00071" HPOS="1270" VPOS="896" WIDTH="38"/>
						<String ID="P4_ST00082" HPOS="1308" VPOS="846" WIDTH="150" HEIGHT="49" CONTENT="puisse" WC="0.99" CC="061000"/>
						<SP ID="P4_SP00072" HPOS="1458" VPOS="896" WIDTH="38"/>
						<String ID="P4_ST00083" HPOS="1496" VPOS="854" WIDTH="144" HEIGHT="30" CONTENT="entrer" WC="0.99" CC="070004"/>
						<SP ID="P4_SP00073" HPOS="1640" VPOS="896" WIDTH="34"/>
						<String ID="P4_ST00084" HPOS="1674" VPOS="844" WIDTH="111" HEIGHT="39" CONTENT="dans" WC="1.00" CC="2000"/>
						<SP ID="P4_SP00074" HPOS="1785" VPOS="896" WIDTH="35"/>
						<String ID="P4_ST00085" HPOS="1820" VPOS="844" WIDTH="40" HEIGHT="38" CONTENT="la" WC="0.65" CC="24"/>
						<SP ID="P4_SP00075" HPOS="1860" VPOS="896" WIDTH="25"/>
						<String ID="P4_ST00086" HPOS="1885" VPOS="844" WIDTH="185" HEIGHT="38" CONTENT="carrière" WC="1.00" CC="00100700"/>
					</TextLine>
					<TextLine ID="P4_TL00011" HPOS="92" VPOS="910" WIDTH="1978" HEIGHT="55">
						<String ID="P4_ST00087" HPOS="92" VPOS="914" WIDTH="228" HEIGHT="51" CONTENT="artistique" WC="1.00" CC="0000004070"/>
						<SP ID="P4_SP00076" HPOS="320" VPOS="965" WIDTH="31"/>
						<String ID="P4_ST00088" HPOS="351" VPOS="926" WIDTH="171" HEIGHT="26" CONTENT="comme" WC="1.00" CC="00003"/>
						<SP ID="P4_SP00077" HPOS="522" VPOS="965" WIDTH="21"/>
						<String ID="P4_ST00089" HPOS="543" VPOS="912" WIDTH="88" HEIGHT="40" CONTENT="Ton" WC="0.93" CC="856"/>
						<SP ID="P4_SP00078" HPOS="631" VPOS="965" WIDTH="23"/>
						<String ID="P4_ST00090" HPOS="654" VPOS="912" WIDTH="226" HEIGHT="40" CONTENT="choisirait" WC="1.00" CC="0003010014"/>
						<SP ID="P4_SP00079" HPOS="880" VPOS="965" WIDTH="20"/>
						<String ID="P4_ST00091" HPOS="900" VPOS="926" WIDTH="85" HEIGHT="26" CONTENT="une" WC="0.98" CC="050"/>
						<SP ID="P4_SP00080" HPOS="985" VPOS="965" WIDTH="17"/>
						<String ID="P4_ST00092" HPOS="1002" VPOS="911" WIDTH="249" HEIGHT="53" CONTENT="profession" WC="1.00" CC="0000700200"/>
						<SP ID="P4_SP00081" HPOS="1251" VPOS="965" WIDTH="21"/>
						<String ID="P4_ST00093" HPOS="1272" VPOS="912" WIDTH="236" HEIGHT="48" CONTENT="manuelle," WC="0.99" CC="000404204"/>
						<SP ID="P4_SP00082" HPOS="1508" VPOS="965" WIDTH="28"/>
						<String ID="P4_ST00094" HPOS="1536" VPOS="926" WIDTH="103" HEIGHT="26" CONTENT="sans" WC="1.00" CC="0002"/>
						<SP ID="P4_SP00083" HPOS="1639" VPOS="965" WIDTH="24"/>
						<String ID="P4_ST00095" HPOS="1663" VPOS="912" WIDTH="105" HEIGHT="51" CONTENT="qu'il" WC="0.98" CC="05402"/>
						<SP ID="P4_SP00084" HPOS="1768" VPOS="965" WIDTH="31"/>
						<String ID="P4_ST00096" HPOS="1799" VPOS="912" WIDTH="83" HEIGHT="38" CONTENT="soit" WC="0.98" CC="4005"/>
						<SP ID="P4_SP00085" HPOS="1882" VPOS="965" WIDTH="33"/>
						<String ID="P4_ST00097" HPOS="1915" VPOS="910" WIDTH="155" HEIGHT="40" CONTENT="besoin" WC="0.99" CC="000324"/>
					</TextLine>
					<TextLine ID="P4_TL00012" HPOS="90" VPOS="979" WIDTH="1981" HEIGHT="53">
						<String ID="P4_ST00098" HPOS="90" VPOS="981" WIDTH="131" HEIGHT="40" CONTENT="d'une" WC="0.99" CC="00600"/>
						<SP ID="P4_SP00086" HPOS="221" VPOS="1021" WIDTH="23"/>
						<String ID="P4_ST00099" HPOS="244" VPOS="983" WIDTH="282" HEIGHT="49" CONTENT="préparation" WC="1.00" CC="01000102400"/>
						<SP ID="P4_SP00087" HPOS="526" VPOS="1032" WIDTH="22"/>
						<String ID="P4_ST00100" HPOS="548" VPOS="980" WIDTH="234" HEIGHT="52" CONTENT="technique" WC="1.00" CC="100602030"/>
						<SP ID="P4_SP00088" HPOS="782" VPOS="1032" WIDTH="20"/>
						<String ID="P4_ST00101" HPOS="802" VPOS="994" WIDTH="54" HEIGHT="26" CONTENT="ou" WC="0.97" CC="00"/>
						<SP ID="P4_SP00089" HPOS="856" VPOS="1032" WIDTH="25"/>
						<String ID="P4_ST00102" HPOS="881" VPOS="979" WIDTH="265" HEIGHT="52" CONTENT="d'aptitudes" WC="0.99" CC="04000260043"/>
						<SP ID="P4_SP00090" HPOS="1146" VPOS="1032" WIDTH="23"/>
						<String ID="P4_ST00103" HPOS="1169" VPOS="981" WIDTH="270" HEIGHT="50" CONTENT="artistiques." WC="1.00" CC="000200000004"/>
						<SP ID="P4_SP00091" HPOS="1439" VPOS="1032" WIDTH="18"/>
						<String ID="P4_ST00104" HPOS="1457" VPOS="980" WIDTH="62" HEIGHT="40" CONTENT="Le" WC="0.89" CC="02"/>
						<SP ID="P4_SP00092" HPOS="1519" VPOS="1032" WIDTH="21"/>
						<String ID="P4_ST00105" HPOS="1540" VPOS="979" WIDTH="338" HEIGHT="41" CONTENT="Conservatoire" WC="1.00" CC="0060003040300"/>
						<SP ID="P4_SP00093" HPOS="1878" VPOS="1032" WIDTH="21"/>
						<String ID="P4_ST00106" HPOS="1899" VPOS="987" WIDTH="63" HEIGHT="31" CONTENT="est" WC="1.00" CC="000"/>
						<SP ID="P4_SP00094" HPOS="1962" VPOS="1032" WIDTH="24"/>
						<String ID="P4_ST00107" HPOS="1986" VPOS="990" WIDTH="85" HEIGHT="27" CONTENT="une" WC="0.98" CC="600"/>
					</TextLine>
					<TextLine ID="P4_TL00013" HPOS="90" VPOS="1044" WIDTH="1981" HEIGHT="55">
						<String ID="P4_ST00108" HPOS="90" VPOS="1048" WIDTH="117" HEIGHT="39" CONTENT="école" WC="0.99" CC="00130"/>
						<SP ID="P4_SP00095" HPOS="207" VPOS="1087" WIDTH="23"/>
						<String ID="P4_ST00109" HPOS="230" VPOS="1046" WIDTH="379" HEIGHT="52" CONTENT="d'enseignement" WC="1.00" CC="04002029000000"/>
						<SP ID="P4_SP00096" HPOS="609" VPOS="1098" WIDTH="20"/>
						<String ID="P4_ST00110" HPOS="629" VPOS="1049" WIDTH="227" HEIGHT="50" CONTENT="supérieur" WC="0.99" CC="150003055"/>
						<SP ID="P4_SP00097" HPOS="856" VPOS="1099" WIDTH="29"/>
						<String ID="P4_ST00111" HPOS="885" VPOS="1047" WIDTH="110" HEIGHT="39" CONTENT="dans" WC="0.99" CC="0050"/>
						<SP ID="P4_SP00098" HPOS="995" VPOS="1099" WIDTH="31"/>
						<String ID="P4_ST00112" HPOS="1026" VPOS="1047" WIDTH="190" HEIGHT="50" CONTENT="laquelle" WC="1.00" CC="10040020"/>
						<SP ID="P4_SP00099" HPOS="1216" VPOS="1099" WIDTH="23"/>
						<String ID="P4_ST00113" HPOS="1239" VPOS="1060" WIDTH="56" HEIGHT="25" CONTENT="on" WC="0.58" CC="16"/>
						<SP ID="P4_SP00100" HPOS="1295" VPOS="1099" WIDTH="32"/>
						<String ID="P4_ST00114" HPOS="1327" VPOS="1044" WIDTH="110" HEIGHT="42" CONTENT="n'est" WC="0.98" CC="04045"/>
						<SP ID="P4_SP00101" HPOS="1437" VPOS="1099" WIDTH="24"/>
						<String ID="P4_ST00115" HPOS="1461" VPOS="1047" WIDTH="141" HEIGHT="39" CONTENT="admis" WC="1.00" CC="00021"/>
						<SP ID="P4_SP00102" HPOS="1602" VPOS="1099" WIDTH="21"/>
						<String ID="P4_ST00116" HPOS="1623" VPOS="1046" WIDTH="204" HEIGHT="50" CONTENT="qu'après" WC="0.99" CC="05400060"/>
						<SP ID="P4_SP00103" HPOS="1827" VPOS="1099" WIDTH="24"/>
						<String ID="P4_ST00117" HPOS="1851" VPOS="1046" WIDTH="122" HEIGHT="38" CONTENT="avoir" WC="0.98" CC="30520"/>
						<SP ID="P4_SP00104" HPOS="1973" VPOS="1099" WIDTH="21"/>
						<String ID="P4_ST00118" HPOS="1994" VPOS="1044" WIDTH="77" HEIGHT="39" CONTENT="fait" WC="0.99" CC="0040"/>
					</TextLine>
					<TextLine ID="P4_TL00014" HPOS="89" VPOS="1112" WIDTH="1982" HEIGHT="54">
						<String ID="P4_ST00119" HPOS="89" VPOS="1128" WIDTH="162" HEIGHT="38" CONTENT="preuve" WC="1.00" CC="000005"/>
						<SP ID="P4_SP00105" HPOS="251" VPOS="1166" WIDTH="22"/>
						<String ID="P4_ST00120" HPOS="273" VPOS="1115" WIDTH="52" HEIGHT="39" CONTENT="de" WC="0.84" CC="03"/>
						<SP ID="P4_SP00106" HPOS="325" VPOS="1166" WIDTH="23"/>
						<String ID="P4_ST00121" HPOS="348" VPOS="1116" WIDTH="341" HEIGHT="38" CONTENT="connaissances" WC="1.00" CC="0057010006001"/>
						<SP ID="P4_SP00107" HPOS="689" VPOS="1166" WIDTH="37"/>
						<String ID="P4_ST00122" HPOS="726" VPOS="1114" WIDTH="255" HEIGHT="50" CONTENT="techniques" WC="1.00" CC="3000040600"/>
						<SP ID="P4_SP00108" HPOS="981" VPOS="1166" WIDTH="39"/>
						<String ID="P4_ST00123" HPOS="1020" VPOS="1115" WIDTH="106" HEIGHT="39" CONTENT="dont" WC="0.97" CC="0245"/>
						<SP ID="P4_SP00109" HPOS="1126" VPOS="1166" WIDTH="35"/>
						<String ID="P4_ST00124" HPOS="1161" VPOS="1114" WIDTH="38" HEIGHT="38" CONTENT="le" WC="0.77" CC="40"/>
						<SP ID="P4_SP00110" HPOS="1199" VPOS="1166" WIDTH="19"/>
						<String ID="P4_ST00125" HPOS="1218" VPOS="1114" WIDTH="134" HEIGHT="48" CONTENT="degré" WC="0.99" CC="00006"/>
						<SP ID="P4_SP00111" HPOS="1352" VPOS="1166" WIDTH="22"/>
						<String ID="P4_ST00126" HPOS="1374" VPOS="1114" WIDTH="197" HEIGHT="40" CONTENT="s'accroît" WC="1.00" CC="010002004"/>
						<SP ID="P4_SP00112" HPOS="1571" VPOS="1166" WIDTH="35"/>
						<String ID="P4_ST00127" HPOS="1606" VPOS="1127" WIDTH="104" HEIGHT="26" CONTENT="sans" WC="0.98" CC="3004"/>
						<SP ID="P4_SP00113" HPOS="1710" VPOS="1166" WIDTH="38"/>
						<String ID="P4_ST00128" HPOS="1748" VPOS="1126" WIDTH="119" HEIGHT="26" CONTENT="cesse" WC="0.99" CC="00310"/>
						<SP ID="P4_SP00114" HPOS="1867" VPOS="1166" WIDTH="40"/>
						<String ID="P4_ST00129" HPOS="1907" VPOS="1124" WIDTH="102" HEIGHT="26" CONTENT="avec" WC="1.00" CC="0000"/>
						<SP ID="P4_SP00115" HPOS="2009" VPOS="1166" WIDTH="23"/>
						<String ID="P4_ST00130" HPOS="2032" VPOS="1112" WIDTH="39" HEIGHT="38" CONTENT="la" WC="0.80" CC="40"/>
					</TextLine>
					<TextLine ID="P4_TL00015" HPOS="90" VPOS="1182" WIDTH="785" HEIGHT="51">
						<String ID="P4_ST00131" HPOS="90" VPOS="1183" WIDTH="152" HEIGHT="39" CONTENT="valeur" WC="0.99" CC="001160"/>
						<SP ID="P4_SP00116" HPOS="242" VPOS="1222" WIDTH="17"/>
						<String ID="P4_ST00132" HPOS="259" VPOS="1184" WIDTH="230" HEIGHT="49" CONTENT="artistique" WC="1.00" CC="0600002060"/>
						<SP ID="P4_SP00117" HPOS="489" VPOS="1233" WIDTH="23"/>
						<String ID="P4_ST00133" HPOS="512" VPOS="1182" WIDTH="76" HEIGHT="39" CONTENT="des" WC="1.00" CC="000"/>
						<SP ID="P4_SP00118" HPOS="588" VPOS="1233" WIDTH="22"/>
						<String ID="P4_ST00134" HPOS="610" VPOS="1182" WIDTH="265" HEIGHT="51" CONTENT="postulants." WC="1.00" CC="03200502004"/>
					</TextLine>
					<TextLine ID="P4_TL00016" HPOS="143" VPOS="1248" WIDTH="1927" HEIGHT="53">
						<String ID="P4_ST00135" HPOS="143" VPOS="1250" WIDTH="68" HEIGHT="40" CONTENT="En" WC="1.00" CC="00"/>
						<SP ID="P4_SP00119" HPOS="211" VPOS="1290" WIDTH="38"/>
						<String ID="P4_ST00136" HPOS="249" VPOS="1249" WIDTH="113" HEIGHT="49" CONTENT="effet," WC="0.99" CC="000053"/>
						<SP ID="P4_SP00120" HPOS="362" VPOS="1298" WIDTH="42"/>
						<String ID="P4_ST00137" HPOS="404" VPOS="1251" WIDTH="38" HEIGHT="38" CONTENT="la" WC="0.71" CC="50"/>
						<SP ID="P4_SP00121" HPOS="442" VPOS="1298" WIDTH="24"/>
						<String ID="P4_ST00138" HPOS="466" VPOS="1249" WIDTH="211" HEIGHT="40" CONTENT="diffusion" WC="1.00" CC="010060030"/>
						<SP ID="P4_SP00122" HPOS="677" VPOS="1298" WIDTH="39"/>
						<String ID="P4_ST00139" HPOS="716" VPOS="1263" WIDTH="84" HEIGHT="37" CONTENT="que" WC="0.98" CC="050"/>
						<SP ID="P4_SP00123" HPOS="800" VPOS="1300" WIDTH="29"/>
						<String ID="P4_ST00140" HPOS="829" VPOS="1258" WIDTH="64" HEIGHT="31" CONTENT="cet" WC="1.00" CC="000"/>
						<SP ID="P4_SP00124" HPOS="893" VPOS="1300" WIDTH="23"/>
						<String ID="P4_ST00141" HPOS="916" VPOS="1249" WIDTH="331" HEIGHT="41" CONTENT="établissement" WC="1.00" CC="0000100000330"/>
						<SP ID="P4_SP00125" HPOS="1247" VPOS="1300" WIDTH="24"/>
						<String ID="P4_ST00142" HPOS="1271" VPOS="1265" WIDTH="20" HEIGHT="24" CONTENT="a" WC="1.00" CC="0"/>
						<SP ID="P4_SP00126" HPOS="1291" VPOS="1300" WIDTH="27"/>
						<String ID="P4_ST00143" HPOS="1318" VPOS="1253" WIDTH="156" HEIGHT="48" CONTENT="opérée" WC="1.00" CC="000000"/>
						<SP ID="P4_SP00127" HPOS="1474" VPOS="1301" WIDTH="39"/>
						<String ID="P4_ST00144" HPOS="1513" VPOS="1248" WIDTH="155" HEIGHT="51" CONTENT="depuis" WC="0.99" CC="000340"/>
						<SP ID="P4_SP00128" HPOS="1668" VPOS="1301" WIDTH="39"/>
						<String ID="P4_ST00145" HPOS="1707" VPOS="1261" WIDTH="47" HEIGHT="25" CONTENT="sa" WC="1.00" CC="00"/>
						<SP ID="P4_SP00129" HPOS="1754" VPOS="1301" WIDTH="42"/>
						<String ID="P4_ST00146" HPOS="1796" VPOS="1248" WIDTH="192" HEIGHT="38" CONTENT="création" WC="0.99" CC="06000036"/>
						<SP ID="P4_SP00130" HPOS="1988" VPOS="1301" WIDTH="30"/>
						<String ID="P4_ST00147" HPOS="2018" VPOS="1260" WIDTH="52" HEIGHT="25" CONTENT="en" WC="1.00" CC="00"/>
					</TextLine>
					<TextLine ID="P4_TL00017" HPOS="88" VPOS="1314" WIDTH="1981" HEIGHT="55">
						<String ID="P4_ST00148" HPOS="88" VPOS="1318" WIDTH="262" HEIGHT="51" CONTENT="produisant" WC="1.00" CC="0000400004"/>
						<SP ID="P4_SP00131" HPOS="350" VPOS="1369" WIDTH="29"/>
						<String ID="P4_ST00149" HPOS="379" VPOS="1319" WIDTH="199" HEIGHT="49" CONTENT="quantité" WC="0.99" CC="06000350"/>
						<SP ID="P4_SP00132" HPOS="578" VPOS="1369" WIDTH="24"/>
						<String ID="P4_ST00150" HPOS="602" VPOS="1317" WIDTH="52" HEIGHT="38" CONTENT="de" WC="1.00" CC="00"/>
						<SP ID="P4_SP00133" HPOS="654" VPOS="1369" WIDTH="16"/>
						<String ID="P4_ST00151" HPOS="670" VPOS="1315" WIDTH="276" HEIGHT="53" CONTENT="professeurs" WC="1.00" CC="00100100400"/>
						<SP ID="P4_SP00134" HPOS="946" VPOS="1369" WIDTH="24"/>
						<String ID="P4_ST00152" HPOS="970" VPOS="1319" WIDTH="317" HEIGHT="50" CONTENT="expérimentés" WC="1.00" CC="030024046003"/>
						<SP ID="P4_SP00135" HPOS="1287" VPOS="1369" WIDTH="37"/>
						<String ID="P4_ST00153" HPOS="1324" VPOS="1331" WIDTH="21" HEIGHT="25" CONTENT="a" WC="1.00" CC="0"/>
						<SP ID="P4_SP00136" HPOS="1345" VPOS="1369" WIDTH="33"/>
						<String ID="P4_ST00154" HPOS="1378" VPOS="1314" WIDTH="230" HEIGHT="42" CONTENT="contribué" WC="1.00" CC="000304000"/>
						<SP ID="P4_SP00137" HPOS="1608" VPOS="1369" WIDTH="24"/>
						<String ID="P4_ST00155" HPOS="1632" VPOS="1319" WIDTH="21" HEIGHT="35" CONTENT="à" WC="0.69" CC="3"/>
						<SP ID="P4_SP00138" HPOS="1653" VPOS="1369" WIDTH="28"/>
						<String ID="P4_ST00156" HPOS="1681" VPOS="1315" WIDTH="142" HEIGHT="39" CONTENT="élever" WC="1.00" CC="040000"/>
						<SP ID="P4_SP00139" HPOS="1823" VPOS="1369" WIDTH="32"/>
						<String ID="P4_ST00157" HPOS="1855" VPOS="1315" WIDTH="37" HEIGHT="39" CONTENT="le" WC="0.88" CC="20"/>
						<SP ID="P4_SP00140" HPOS="1892" VPOS="1369" WIDTH="20"/>
						<String ID="P4_ST00158" HPOS="1912" VPOS="1316" WIDTH="157" HEIGHT="38" CONTENT="niveau" WC="0.99" CC="600000"/>
					</TextLine>
					<TextLine ID="P4_TL00018" HPOS="87" VPOS="1383" WIDTH="1982" HEIGHT="54">
						<String ID="P4_ST00159" HPOS="87" VPOS="1385" WIDTH="77" HEIGHT="40" CONTENT="des" WC="0.99" CC="003"/>
						<SP ID="P4_SP00141" HPOS="164" VPOS="1425" WIDTH="22"/>
						<String ID="P4_ST00160" HPOS="186" VPOS="1385" WIDTH="153" HEIGHT="40" CONTENT="études" WC="0.99" CC="750003"/>
						<SP ID="P4_SP00142" HPOS="339" VPOS="1425" WIDTH="21"/>
						<String ID="P4_ST00161" HPOS="360" VPOS="1385" WIDTH="112" HEIGHT="39" CONTENT="dans" WC="0.99" CC="0050"/>
						<SP ID="P4_SP00143" HPOS="472" VPOS="1425" WIDTH="23"/>
						<String ID="P4_ST00162" HPOS="495" VPOS="1385" WIDTH="367" HEIGHT="49" CONTENT="l'enseignement" WC="1.00" CC="54000240000000"/>
						<SP ID="P4_SP00144" HPOS="862" VPOS="1434" WIDTH="38"/>
						<String ID="P4_ST00163" HPOS="900" VPOS="1387" WIDTH="137" HEIGHT="49" CONTENT="privé." WC="0.99" CC="063003"/>
						<SP ID="P4_SP00145" HPOS="1037" VPOS="1436" WIDTH="26"/>
						<String ID="P4_ST00164" HPOS="1063" VPOS="1385" WIDTH="120" HEIGHT="41" CONTENT="Dans" WC="0.99" CC="3000"/>
						<SP ID="P4_SP00146" HPOS="1183" VPOS="1436" WIDTH="37"/>
						<String ID="P4_ST00165" HPOS="1220" VPOS="1385" WIDTH="185" HEIGHT="52" CONTENT="l'espace" WC="1.00" CC="00000003"/>
						<SP ID="P4_SP00147" HPOS="1405" VPOS="1437" WIDTH="36"/>
						<String ID="P4_ST00166" HPOS="1441" VPOS="1384" WIDTH="104" HEIGHT="39" CONTENT="dun" WC="1.00" CC="060"/>
						<SP ID="P4_SP00148" HPOS="1545" VPOS="1437" WIDTH="24"/>
						<String ID="P4_ST00167" HPOS="1569" VPOS="1383" WIDTH="144" HEIGHT="49" CONTENT="siècle," WC="0.99" CC="0370304"/>
						<SP ID="P4_SP00149" HPOS="1713" VPOS="1437" WIDTH="42"/>
						<String ID="P4_ST00168" HPOS="1755" VPOS="1383" WIDTH="38" HEIGHT="38" CONTENT="la" WC="0.87" CC="20"/>
						<SP ID="P4_SP00150" HPOS="1793" VPOS="1437" WIDTH="25"/>
						<String ID="P4_ST00169" HPOS="1818" VPOS="1384" WIDTH="205" HEIGHT="50" CONTENT="musique" WC="0.99" CC="0701050"/>
						<SP ID="P4_SP00151" HPOS="2023" VPOS="1437" WIDTH="25"/>
						<String ID="P4_ST00170" HPOS="2048" VPOS="1396" WIDTH="21" HEIGHT="25" CONTENT="a" WC="1.00" CC="0"/>
					</TextLine>
					<TextLine ID="P4_TL00019" HPOS="87" VPOS="1451" WIDTH="1983" HEIGHT="54">
						<String ID="P4_ST00171" HPOS="87" VPOS="1458" WIDTH="304" HEIGHT="35" CONTENT="énormément" WC="0.99" CC="6600060056"/>
						<SP ID="P4_SP00152" HPOS="391" VPOS="1493" WIDTH="32"/>
						<String ID="P4_ST00172" HPOS="423" VPOS="1456" WIDTH="250" HEIGHT="48" CONTENT="progressé," WC="1.00" CC="0000000302"/>
						<SP ID="P4_SP00153" HPOS="673" VPOS="1504" WIDTH="39"/>
						<String ID="P4_ST00173" HPOS="712" VPOS="1461" WIDTH="41" HEIGHT="31" CONTENT="et" WC="1.00" CC="00"/>
						<SP ID="P4_SP00154" HPOS="753" VPOS="1504" WIDTH="32"/>
						<String ID="P4_ST00174" HPOS="785" VPOS="1453" WIDTH="39" HEIGHT="39" CONTENT="le" WC="0.74" CC="13"/>
						<SP ID="P4_SP00155" HPOS="824" VPOS="1504" WIDTH="42"/>
						<String ID="P4_ST00175" HPOS="866" VPOS="1452" WIDTH="341" HEIGHT="41" CONTENT="Conservatoire" WC="1.00" CC="4100400001000"/>
						<SP ID="P4_SP00156" HPOS="1207" VPOS="1504" WIDTH="23"/>
						<String ID="P4_ST00176" HPOS="1230" VPOS="1462" WIDTH="103" HEIGHT="43" CONTENT="peut" WC="0.99" CC="0302"/>
						<SP ID="P4_SP00157" HPOS="1333" VPOS="1505" WIDTH="37"/>
						<String ID="P4_ST00177" HPOS="1370" VPOS="1451" WIDTH="293" HEIGHT="51" CONTENT="revendiquer" WC="1.00" CC="00006020005"/>
						<SP ID="P4_SP00158" HPOS="1663" VPOS="1505" WIDTH="36"/>
						<String ID="P4_ST00178" HPOS="1699" VPOS="1465" WIDTH="84" HEIGHT="26" CONTENT="une" WC="0.99" CC="020"/>
						<SP ID="P4_SP00159" HPOS="1783" VPOS="1505" WIDTH="33"/>
						<String ID="P4_ST00179" HPOS="1816" VPOS="1451" WIDTH="122" HEIGHT="49" CONTENT="large" WC="1.00" CC="20000"/>
						<SP ID="P4_SP00160" HPOS="1938" VPOS="1505" WIDTH="34"/>
						<String ID="P4_ST00180" HPOS="1972" VPOS="1458" WIDTH="98" HEIGHT="44" CONTENT="part" WC="1.00" CC="0000"/>
					</TextLine>
					<TextLine ID="P4_TL00020" HPOS="86" VPOS="1515" WIDTH="1984" HEIGHT="57">
						<String ID="P4_ST00181" HPOS="86" VPOS="1522" WIDTH="111" HEIGHT="39" CONTENT="dans" WC="1.00" CC="0000"/>
						<SP ID="P4_SP00161" HPOS="197" VPOS="1561" WIDTH="36"/>
						<String ID="P4_ST00182" HPOS="233" VPOS="1522" WIDTH="37" HEIGHT="39" CONTENT="le" WC="0.77" CC="40"/>
						<SP ID="P4_SP00162" HPOS="270" VPOS="1561" WIDTH="24"/>
						<String ID="P4_ST00183" HPOS="294" VPOS="1529" WIDTH="298" HEIGHT="32" CONTENT="mouvement." WC="1.00" CC="0070200003"/>
						<SP ID="P4_SP00163" HPOS="592" VPOS="1561" WIDTH="28"/>
						<String ID="P4_ST00184" HPOS="620" VPOS="1520" WIDTH="31" HEIGHT="39" CONTENT="Il" WC="0.82" CC="03"/>
						<SP ID="P4_SP00164" HPOS="651" VPOS="1561" WIDTH="24"/>
						<String ID="P4_ST00185" HPOS="675" VPOS="1521" WIDTH="103" HEIGHT="39" CONTENT="s'est" WC="0.99" CC="02004"/>
						<SP ID="P4_SP00165" HPOS="778" VPOS="1561" WIDTH="24"/>
						<String ID="P4_ST00186" HPOS="802" VPOS="1522" WIDTH="151" HEIGHT="49" CONTENT="acquis" WC="0.99" CC="000430"/>
						<SP ID="P4_SP00166" HPOS="953" VPOS="1571" WIDTH="23"/>
						<String ID="P4_ST00187" HPOS="976" VPOS="1535" WIDTH="85" HEIGHT="26" CONTENT="une" WC="0.97" CC="060"/>
						<SP ID="P4_SP00167" HPOS="1061" VPOS="1571" WIDTH="24"/>
						<String ID="P4_ST00188" HPOS="1085" VPOS="1522" WIDTH="111" HEIGHT="50" CONTENT="juste" WC="0.98" CC="05052"/>
						<SP ID="P4_SP00168" HPOS="1196" VPOS="1572" WIDTH="23"/>
						<String ID="P4_ST00189" HPOS="1219" VPOS="1524" WIDTH="252" HEIGHT="36" CONTENT="renommée" WC="1.00" CC="00500000"/>
						<SP ID="P4_SP00169" HPOS="1471" VPOS="1572" WIDTH="23"/>
						<String ID="P4_ST00190" HPOS="1494" VPOS="1528" WIDTH="41" HEIGHT="31" CONTENT="et" WC="1.00" CC="00"/>
						<SP ID="P4_SP00170" HPOS="1535" VPOS="1572" WIDTH="24"/>
						<String ID="P4_ST00191" HPOS="1559" VPOS="1533" WIDTH="21" HEIGHT="25" CONTENT="a" WC="1.00" CC="0"/>
						<SP ID="P4_SP00171" HPOS="1580" VPOS="1572" WIDTH="26"/>
						<String ID="P4_ST00192" HPOS="1606" VPOS="1518" WIDTH="267" HEIGHT="52" CONTENT="amplement" WC="1.00" CC="000500000"/>
						<SP ID="P4_SP00172" HPOS="1873" VPOS="1572" WIDTH="36"/>
						<String ID="P4_ST00193" HPOS="1909" VPOS="1515" WIDTH="161" HEIGHT="54" CONTENT="justifié" WC="0.99" CC="05200760"/>
					</TextLine>
					<TextLine ID="P4_TL00021" HPOS="87" VPOS="1587" WIDTH="1980" HEIGHT="53">
						<String ID="P4_ST00194" HPOS="87" VPOS="1590" WIDTH="63" HEIGHT="39" CONTENT="les" WC="0.99" CC="300"/>
						<SP ID="P4_SP00173" HPOS="150" VPOS="1629" WIDTH="22"/>
						<String ID="P4_ST00195" HPOS="172" VPOS="1592" WIDTH="261" HEIGHT="48" CONTENT="espérances" WC="1.00" CC="0000006001"/>
						<SP ID="P4_SP00174" HPOS="433" VPOS="1640" WIDTH="22"/>
						<String ID="P4_ST00196" HPOS="455" VPOS="1589" WIDTH="52" HEIGHT="38" CONTENT="de" WC="1.00" CC="00"/>
						<SP ID="P4_SP00175" HPOS="507" VPOS="1640" WIDTH="24"/>
						<String ID="P4_ST00197" HPOS="531" VPOS="1601" WIDTH="69" HEIGHT="27" CONTENT="ses" WC="1.00" CC="000"/>
						<SP ID="P4_SP00176" HPOS="600" VPOS="1640" WIDTH="25"/>
						<String ID="P4_ST00198" HPOS="625" VPOS="1587" WIDTH="271" HEIGHT="41" CONTENT="fondateurs." WC="1.00" CC="03000426002"/>
						<SP ID="P4_SP00177" HPOS="896" VPOS="1640" WIDTH="37"/>
						<String ID="P4_ST00199" HPOS="933" VPOS="1587" WIDTH="37" HEIGHT="40" CONTENT="A" WC="1.00" CC="0"/>
						<SP ID="P4_SP00178" HPOS="970" VPOS="1640" WIDTH="24"/>
						<String ID="P4_ST00200" HPOS="994" VPOS="1587" WIDTH="218" HEIGHT="51" CONTENT="l'origine," WC="1.00" CC="2330000501"/>
						<SP ID="P4_SP00179" HPOS="1212" VPOS="1640" WIDTH="22"/>
						<String ID="P4_ST00201" HPOS="1234" VPOS="1597" WIDTH="41" HEIGHT="31" CONTENT="et" WC="1.00" CC="00"/>
						<SP ID="P4_SP00180" HPOS="1275" VPOS="1640" WIDTH="22"/>
						<String ID="P4_ST00202" HPOS="1297" VPOS="1589" WIDTH="194" HEIGHT="50" CONTENT="pendant" WC="1.00" CC="0000005"/>
						<SP ID="P4_SP00181" HPOS="1491" VPOS="1640" WIDTH="31"/>
						<String ID="P4_ST00203" HPOS="1522" VPOS="1602" WIDTH="61" HEIGHT="25" CONTENT="un" WC="0.75" CC="40"/>
						<SP ID="P4_SP00182" HPOS="1583" VPOS="1640" WIDTH="37"/>
						<String ID="P4_ST00204" HPOS="1620" VPOS="1600" WIDTH="120" HEIGHT="26" CONTENT="assez" WC="1.00" CC="02100"/>
						<SP ID="P4_SP00183" HPOS="1740" VPOS="1640" WIDTH="40"/>
						<String ID="P4_ST00205" HPOS="1780" VPOS="1587" WIDTH="105" HEIGHT="48" CONTENT="long" WC="0.99" CC="3000"/>
						<SP ID="P4_SP00184" HPOS="1885" VPOS="1640" WIDTH="25"/>
						<String ID="P4_ST00206" HPOS="1910" VPOS="1594" WIDTH="157" HEIGHT="42" CONTENT="temps," WC="0.99" CC="400004"/>
					</TextLine>
					<TextLine ID="P4_TL00022" HPOS="87" VPOS="1653" WIDTH="1982" HEIGHT="54">
						<String ID="P4_ST00207" HPOS="87" VPOS="1670" WIDTH="57" HEIGHT="26" CONTENT="on" WC="1.00" CC="00"/>
						<SP ID="P4_SP00185" HPOS="144" VPOS="1696" WIDTH="19"/>
						<String ID="P4_ST00208" HPOS="163" VPOS="1657" WIDTH="76" HEIGHT="39" CONTENT="dut" WC="0.96" CC="064"/>
						<SP ID="P4_SP00186" HPOS="239" VPOS="1696" WIDTH="24"/>
						<String ID="P4_ST00209" HPOS="263" VPOS="1656" WIDTH="221" HEIGHT="40" CONTENT="accueillir" WC="0.99" CC="0000604550"/>
						<SP ID="P4_SP00187" HPOS="484" VPOS="1696" WIDTH="18"/>
						<String ID="P4_ST00210" HPOS="502" VPOS="1656" WIDTH="99" HEIGHT="51" CONTENT="plus" WC="0.99" CC="0300"/>
						<SP ID="P4_SP00188" HPOS="601" VPOS="1707" WIDTH="21"/>
						<String ID="P4_ST00211" HPOS="622" VPOS="1654" WIDTH="251" HEIGHT="41" CONTENT="facilement" WC="1.00" CC="0000400040"/>
						<SP ID="P4_SP00189" HPOS="873" VPOS="1707" WIDTH="23"/>
						<String ID="P4_ST00212" HPOS="896" VPOS="1669" WIDTH="104" HEIGHT="26" CONTENT="ceux" WC="0.99" CC="0050"/>
						<SP ID="P4_SP00190" HPOS="1000" VPOS="1707" WIDTH="25"/>
						<String ID="P4_ST00213" HPOS="1025" VPOS="1658" WIDTH="73" HEIGHT="49" CONTENT="qui" WC="1.00" CC="000"/>
						<SP ID="P4_SP00191" HPOS="1098" VPOS="1707" WIDTH="26"/>
						<String ID="P4_ST00214" HPOS="1124" VPOS="1655" WIDTH="62" HEIGHT="52" CONTENT="s'y" WC="0.97" CC="034"/>
						<SP ID="P4_SP00192" HPOS="1186" VPOS="1707" WIDTH="32"/>
						<String ID="P4_ST00215" HPOS="1218" VPOS="1656" WIDTH="314" HEIGHT="50" CONTENT="présentaient," WC="0.99" CC="0000063025354"/>
						<SP ID="P4_SP00193" HPOS="1532" VPOS="1707" WIDTH="33"/>
						<String ID="P4_ST00216" HPOS="1565" VPOS="1667" WIDTH="171" HEIGHT="38" CONTENT="pourvu" WC="0.99" CC="003004"/>
						<SP ID="P4_SP00194" HPOS="1736" VPOS="1707" WIDTH="25"/>
						<String ID="P4_ST00217" HPOS="1761" VPOS="1653" WIDTH="130" HEIGHT="52" CONTENT="qu'ils" WC="0.99" CC="002152"/>
						<SP ID="P4_SP00195" HPOS="1891" VPOS="1707" WIDTH="24"/>
						<String ID="P4_ST00218" HPOS="1915" VPOS="1656" WIDTH="129" HEIGHT="47" CONTENT="possé" SUBS_TYPE="HypPart1" SUBS_CONTENT="possédassent" WC="1.00" CC="00500"/>
						<HYP HPOS="2044" VPOS="1656" WIDTH="25" CONTENT="-"/>
					</TextLine>
					<TextLine ID="P4_TL00023" HPOS="86" VPOS="1719" WIDTH="1983" HEIGHT="57">
						<String ID="P4_ST00219" HPOS="86" VPOS="1724" WIDTH="180" HEIGHT="40" CONTENT="dassent" SUBS_TYPE="HypPart2" SUBS_CONTENT="possédassent" WC="0.99" CC="0003050"/>
						<SP ID="P4_SP00196" HPOS="266" VPOS="1764" WIDTH="24"/>
						<String ID="P4_ST00220" HPOS="290" VPOS="1724" WIDTH="215" HEIGHT="52" CONTENT="quelques" WC="0.99" CC="05050200"/>
						<SP ID="P4_SP00197" HPOS="505" VPOS="1776" WIDTH="24"/>
						<String ID="P4_ST00221" HPOS="529" VPOS="1723" WIDTH="220" HEIGHT="52" CONTENT="aptitudes" WC="1.00" CC="000150001"/>
						<SP ID="P4_SP00198" HPOS="749" VPOS="1776" WIDTH="20"/>
						<String ID="P4_ST00222" HPOS="769" VPOS="1736" WIDTH="56" HEIGHT="27" CONTENT="ou" WC="0.51" CC="90"/>
						<SP ID="P4_SP00199" HPOS="825" VPOS="1776" WIDTH="24"/>
						<String ID="P4_ST00223" HPOS="849" VPOS="1723" WIDTH="214" HEIGHT="52" CONTENT="quelques" WC="1.00" CC="00020004"/>
						<SP ID="P4_SP00200" HPOS="1063" VPOS="1776" WIDTH="21"/>
						<String ID="P4_ST00224" HPOS="1084" VPOS="1724" WIDTH="341" HEIGHT="38" CONTENT="connaissances" WC="1.00" CC="0062000005200"/>
						<SP ID="P4_SP00201" HPOS="1425" VPOS="1776" WIDTH="23"/>
						<String ID="P4_ST00225" HPOS="1448" VPOS="1723" WIDTH="276" HEIGHT="38" CONTENT="sommaires." WC="1.00" CC="0200040044"/>
						<SP ID="P4_SP00202" HPOS="1724" VPOS="1776" WIDTH="22"/>
						<String ID="P4_ST00226" HPOS="1746" VPOS="1719" WIDTH="70" HEIGHT="42" CONTENT="On" WC="1.00" CC="00"/>
						<SP ID="P4_SP00203" HPOS="1816" VPOS="1776" WIDTH="23"/>
						<String ID="P4_ST00227" HPOS="1839" VPOS="1721" WIDTH="230" HEIGHT="50" CONTENT="manquait" WC="1.00" CC="00005004"/>
					</TextLine>
					<TextLine ID="P4_TL00024" HPOS="86" VPOS="1787" WIDTH="1982" HEIGHT="54">
						<String ID="P4_ST00228" HPOS="86" VPOS="1792" WIDTH="219" HEIGHT="40" CONTENT="d'artistes" WC="0.99" CC="0205521240"/>
						<SP ID="P4_SP00204" HPOS="305" VPOS="1832" WIDTH="26"/>
						<String ID="P4_ST00229" HPOS="331" VPOS="1806" WIDTH="9" HEIGHT="33" CONTENT=";" WC="0.59" CC="4"/>
						<SP ID="P4_SP00205" HPOS="340" VPOS="1839" WIDTH="25"/>
						<String ID="P4_ST00230" HPOS="365" VPOS="1792" WIDTH="29" HEIGHT="38" CONTENT="il" WC="0.77" CC="40"/>
						<SP ID="P4_SP00206" HPOS="394" VPOS="1839" WIDTH="32"/>
						<String ID="P4_ST00231" HPOS="426" VPOS="1790" WIDTH="140" HEIGHT="41" CONTENT="fallait" WC="0.99" CC="5004020"/>
						<SP ID="P4_SP00207" HPOS="566" VPOS="1839" WIDTH="22"/>
						<String ID="P4_ST00232" HPOS="588" VPOS="1804" WIDTH="54" HEIGHT="26" CONTENT="en" WC="0.64" CC="07"/>
						<SP ID="P4_SP00208" HPOS="642" VPOS="1839" WIDTH="21"/>
						<String ID="P4_ST00233" HPOS="663" VPOS="1790" WIDTH="179" HEIGHT="41" CONTENT="former." WC="0.99" CC="4000404"/>
						<SP ID="P4_SP00209" HPOS="842" VPOS="1839" WIDTH="35"/>
						<String ID="P4_ST00234" HPOS="877" VPOS="1790" WIDTH="130" HEIGHT="49" CONTENT="Mais," WC="0.99" CC="00404"/>
						<SP ID="P4_SP00210" HPOS="1007" VPOS="1839" WIDTH="28"/>
						<String ID="P4_ST00235" HPOS="1035" VPOS="1795" WIDTH="21" HEIGHT="35" CONTENT="à" WC="0.26" CC="7"/>
						<SP ID="P4_SP00211" HPOS="1056" VPOS="1839" WIDTH="33"/>
						<String ID="P4_ST00236" HPOS="1089" VPOS="1804" WIDTH="175" HEIGHT="26" CONTENT="mesure" WC="0.99" CC="010602"/>
						<SP ID="P4_SP00212" HPOS="1264" VPOS="1839" WIDTH="23"/>
						<String ID="P4_ST00237" HPOS="1287" VPOS="1790" WIDTH="129" HEIGHT="51" CONTENT="qu'ils" WC="0.99" CC="004230"/>
						<SP ID="P4_SP00213" HPOS="1416" VPOS="1841" WIDTH="23"/>
						<String ID="P4_ST00238" HPOS="1439" VPOS="1791" WIDTH="330" HEIGHT="50" CONTENT="progressaient" WC="1.00" CC="0000000003060"/>
						<SP ID="P4_SP00214" HPOS="1769" VPOS="1841" WIDTH="38"/>
						<String ID="P4_ST00239" HPOS="1807" VPOS="1802" WIDTH="53" HEIGHT="26" CONTENT="en" WC="1.00" CC="00"/>
						<SP ID="P4_SP00215" HPOS="1860" VPOS="1841" WIDTH="22"/>
						<String ID="P4_ST00240" HPOS="1882" VPOS="1787" WIDTH="186" HEIGHT="41" CONTENT="nombre" WC="1.00" CC="000000"/>
					</TextLine>
					<TextLine ID="P4_TL00025" HPOS="86" VPOS="1856" WIDTH="1983" HEIGHT="54">
						<String ID="P4_ST00241" HPOS="86" VPOS="1869" WIDTH="41" HEIGHT="31" CONTENT="et" WC="0.75" CC="04"/>
						<SP ID="P4_SP00216" HPOS="127" VPOS="1900" WIDTH="23"/>
						<String ID="P4_ST00242" HPOS="150" VPOS="1874" WIDTH="54" HEIGHT="26" CONTENT="en" WC="1.00" CC="00"/>
						<SP ID="P4_SP00217" HPOS="204" VPOS="1900" WIDTH="22"/>
						<String ID="P4_ST00243" HPOS="226" VPOS="1860" WIDTH="151" HEIGHT="46" CONTENT="talent," WC="0.99" CC="4002003"/>
						<SP ID="P4_SP00218" HPOS="377" VPOS="1906" WIDTH="27"/>
						<String ID="P4_ST00244" HPOS="404" VPOS="1860" WIDTH="86" HEIGHT="39" CONTENT="l'on" WC="0.98" CC="5400"/>
						<SP ID="P4_SP00219" HPOS="490" VPOS="1906" WIDTH="20"/>
						<String ID="P4_ST00245" HPOS="510" VPOS="1860" WIDTH="149" HEIGHT="39" CONTENT="devint" WC="0.99" CC="000005"/>
						<SP ID="P4_SP00220" HPOS="659" VPOS="1906" WIDTH="19"/>
						<String ID="P4_ST00246" HPOS="678" VPOS="1860" WIDTH="99" HEIGHT="50" CONTENT="plus" WC="0.98" CC="0430"/>
						<SP ID="P4_SP00221" HPOS="777" VPOS="1910" WIDTH="23"/>
						<String ID="P4_ST00247" HPOS="800" VPOS="1863" WIDTH="150" HEIGHT="35" CONTENT="sévère" WC="0.99" CC="000733"/>
						<SP ID="P4_SP00222" HPOS="950" VPOS="1910" WIDTH="18"/>
						<String ID="P4_ST00248" HPOS="968" VPOS="1874" WIDTH="8" HEIGHT="33" CONTENT=";" WC="1.00" CC="9"/>
						<SP ID="P4_SP00223" HPOS="976" VPOS="1910" WIDTH="27"/>
						<String ID="P4_ST00249" HPOS="1003" VPOS="1858" WIDTH="296" HEIGHT="52" CONTENT="aujourd'hui," WC="1.00" CC="000004043034"/>
						<SP ID="P4_SP00224" HPOS="1299" VPOS="1910" WIDTH="25"/>
						<String ID="P4_ST00250" HPOS="1324" VPOS="1871" WIDTH="55" HEIGHT="26" CONTENT="en" WC="0.69" CC="06"/>
						<SP ID="P4_SP00225" HPOS="1379" VPOS="1910" WIDTH="32"/>
						<String ID="P4_ST00251" HPOS="1411" VPOS="1862" WIDTH="208" HEIGHT="47" CONTENT="présence" WC="1.00" CC="00600002"/>
						<SP ID="P4_SP00226" HPOS="1619" VPOS="1910" WIDTH="23"/>
						<String ID="P4_ST00252" HPOS="1642" VPOS="1858" WIDTH="51" HEIGHT="38" CONTENT="de" WC="0.81" CC="03"/>
						<SP ID="P4_SP00227" HPOS="1693" VPOS="1910" WIDTH="24"/>
						<String ID="P4_ST00253" HPOS="1717" VPOS="1858" WIDTH="38" HEIGHT="38" CONTENT="la" WC="0.93" CC="10"/>
						<SP ID="P4_SP00228" HPOS="1755" VPOS="1910" WIDTH="35"/>
						<String ID="P4_ST00254" HPOS="1790" VPOS="1856" WIDTH="279" HEIGHT="51" CONTENT="multiplicité" WC="1.00" CC="052020420020"/>
					</TextLine>
					<TextLine ID="P4_TL00026" HPOS="86" VPOS="1925" WIDTH="1983" HEIGHT="53">
						<String ID="P4_ST00255" HPOS="86" VPOS="1928" WIDTH="77" HEIGHT="39" CONTENT="des" WC="1.00" CC="000"/>
						<SP ID="P4_SP00229" HPOS="163" VPOS="1967" WIDTH="21"/>
						<String ID="P4_ST00256" HPOS="184" VPOS="1929" WIDTH="221" HEIGHT="49" CONTENT="aspirants" WC="0.99" CC="000200642"/>
						<SP ID="P4_SP00230" HPOS="405" VPOS="1978" WIDTH="23"/>
						<String ID="P4_ST00257" HPOS="428" VPOS="1935" WIDTH="40" HEIGHT="31" CONTENT="et" WC="1.00" CC="00"/>
						<SP ID="P4_SP00231" HPOS="468" VPOS="1978" WIDTH="23"/>
						<String ID="P4_ST00258" HPOS="491" VPOS="1927" WIDTH="76" HEIGHT="39" CONTENT="des" WC="0.99" CC="010"/>
						<SP ID="P4_SP00232" HPOS="567" VPOS="1978" WIDTH="37"/>
						<String ID="P4_ST00259" HPOS="604" VPOS="1927" WIDTH="190" HEIGHT="50" CONTENT="qualités" WC="1.00" CC="05050000"/>
						<SP ID="P4_SP00233" HPOS="794" VPOS="1978" WIDTH="24"/>
						<String ID="P4_ST00260" HPOS="818" VPOS="1926" WIDTH="130" HEIGHT="52" CONTENT="qu'ils" WC="0.99" CC="003301"/>
						<SP ID="P4_SP00234" HPOS="948" VPOS="1978" WIDTH="23"/>
						<String ID="P4_ST00261" HPOS="971" VPOS="1927" WIDTH="238" HEIGHT="51" CONTENT="possèdent" WC="0.99" CC="020270352"/>
						<SP ID="P4_SP00235" HPOS="1209" VPOS="1978" WIDTH="22"/>
						<String ID="P4_ST00262" HPOS="1231" VPOS="1940" WIDTH="53" HEIGHT="26" CONTENT="en" WC="1.00" CC="00"/>
						<SP ID="P4_SP00236" HPOS="1284" VPOS="1978" WIDTH="21"/>
						<String ID="P4_ST00263" HPOS="1305" VPOS="1926" WIDTH="195" HEIGHT="49" CONTENT="général," WC="0.99" CC="06070004"/>
						<SP ID="P4_SP00237" HPOS="1500" VPOS="1978" WIDTH="27"/>
						<String ID="P4_ST00264" HPOS="1527" VPOS="1926" WIDTH="28" HEIGHT="39" CONTENT="il" WC="0.70" CC="05"/>
						<SP ID="P4_SP00238" HPOS="1555" VPOS="1978" WIDTH="24"/>
						<String ID="P4_ST00265" HPOS="1579" VPOS="1927" WIDTH="143" HEIGHT="38" CONTENT="arrive" WC="0.99" CC="003200"/>
						<SP ID="P4_SP00239" HPOS="1722" VPOS="1978" WIDTH="23"/>
						<String ID="P4_ST00266" HPOS="1745" VPOS="1938" WIDTH="188" HEIGHT="38" CONTENT="presque" WC="0.99" CC="0011070"/>
						<SP ID="P4_SP00240" HPOS="1933" VPOS="1978" WIDTH="24"/>
						<String ID="P4_ST00267" HPOS="1957" VPOS="1925" WIDTH="112" HEIGHT="38" CONTENT="dans" WC="1.00" CC="0000"/>
					</TextLine>
					<TextLine ID="P4_TL00027" HPOS="87" VPOS="1992" WIDTH="1982" HEIGHT="53">
						<String ID="P4_ST00268" HPOS="87" VPOS="1997" WIDTH="214" HEIGHT="38" CONTENT="certaines" WC="1.00" CC="000500002"/>
						<SP ID="P4_SP00241" HPOS="301" VPOS="2035" WIDTH="26"/>
						<String ID="P4_ST00269" HPOS="327" VPOS="1994" WIDTH="216" HEIGHT="40" CONTENT="branches" WC="1.00" CC="00004000"/>
						<SP ID="P4_SP00242" HPOS="543" VPOS="2035" WIDTH="38"/>
						<String ID="P4_ST00270" HPOS="581" VPOS="1994" WIDTH="197" HEIGHT="40" CONTENT="d'études" WC="0.99" CC="04044001"/>
						<SP ID="P4_SP00243" HPOS="778" VPOS="2035" WIDTH="42"/>
						<String ID="P4_ST00271" HPOS="820" VPOS="1992" WIDTH="130" HEIGHT="53" CONTENT="qu'ils" WC="0.99" CC="003340"/>
						<SP ID="P4_SP00244" HPOS="950" VPOS="2045" WIDTH="28"/>
						<String ID="P4_ST00272" HPOS="978" VPOS="1995" WIDTH="177" HEIGHT="40" CONTENT="doivent" WC="0.99" CC="0300060"/>
						<SP ID="P4_SP00245" HPOS="1155" VPOS="2045" WIDTH="23"/>
						<String ID="P4_ST00273" HPOS="1178" VPOS="1999" WIDTH="90" HEIGHT="36" CONTENT="être" WC="0.97" CC="7801"/>
						<SP ID="P4_SP00246" HPOS="1268" VPOS="2045" WIDTH="37"/>
						<String ID="P4_ST00274" HPOS="1305" VPOS="1998" WIDTH="21" HEIGHT="35" CONTENT="à" WC="0.34" CC="6"/>
						<SP ID="P4_SP00247" HPOS="1326" VPOS="2045" WIDTH="39"/>
						<String ID="P4_ST00275" HPOS="1365" VPOS="2007" WIDTH="83" HEIGHT="37" CONTENT="peu" WC="0.98" CC="041"/>
						<SP ID="P4_SP00248" HPOS="1448" VPOS="2045" WIDTH="36"/>
						<String ID="P4_ST00276" HPOS="1484" VPOS="1999" WIDTH="98" HEIGHT="45" CONTENT="près" WC="0.98" CC="0070"/>
						<SP ID="P4_SP00249" HPOS="1582" VPOS="2045" WIDTH="39"/>
						<String ID="P4_ST00277" HPOS="1621" VPOS="2007" WIDTH="54" HEIGHT="26" CONTENT="en" WC="0.75" CC="04"/>
						<SP ID="P4_SP00250" HPOS="1675" VPOS="2045" WIDTH="36"/>
						<String ID="P4_ST00278" HPOS="1711" VPOS="1999" WIDTH="86" HEIGHT="34" CONTENT="état" WC="0.98" CC="6002"/>
						<SP ID="P4_SP00251" HPOS="1797" VPOS="2045" WIDTH="33"/>
						<String ID="P4_ST00279" HPOS="1830" VPOS="1993" WIDTH="52" HEIGHT="39" CONTENT="de" WC="1.00" CC="00"/>
						<SP ID="P4_SP00252" HPOS="1882" VPOS="2045" WIDTH="25"/>
						<String ID="P4_ST00280" HPOS="1907" VPOS="1994" WIDTH="162" HEIGHT="50" CONTENT="quitter" WC="0.99" CC="0620100"/>
					</TextLine>
					<TextLine ID="P4_TL00028" HPOS="87" VPOS="2062" WIDTH="837" HEIGHT="52">
						<String ID="P4_ST00281" HPOS="87" VPOS="2062" WIDTH="164" HEIGHT="41" CONTENT="l'Ecole" WC="1.00" CC="0200020"/>
						<SP ID="P4_SP00253" HPOS="251" VPOS="2103" WIDTH="22"/>
						<String ID="P4_ST00282" HPOS="273" VPOS="2076" WIDTH="112" HEIGHT="38" CONTENT="pour" WC="1.00" CC="0000"/>
						<SP ID="P4_SP00254" HPOS="385" VPOS="2114" WIDTH="22"/>
						<String ID="P4_ST00283" HPOS="407" VPOS="2063" WIDTH="187" HEIGHT="51" CONTENT="pouvoir" WC="1.00" CC="0000006"/>
						<SP ID="P4_SP00255" HPOS="594" VPOS="2114" WIDTH="15"/>
						<String ID="P4_ST00284" HPOS="609" VPOS="2077" WIDTH="28" HEIGHT="36" CONTENT="y" WC="0.35" CC="6"/>
						<SP ID="P4_SP00256" HPOS="637" VPOS="2114" WIDTH="21"/>
						<String ID="P4_ST00285" HPOS="658" VPOS="2066" WIDTH="89" HEIGHT="36" CONTENT="être" WC="0.98" CC="5400"/>
						<SP ID="P4_SP00257" HPOS="747" VPOS="2114" WIDTH="21"/>
						<String ID="P4_ST00286" HPOS="768" VPOS="2062" WIDTH="156" HEIGHT="40" CONTENT="admis." WC="1.00" CC="000203"/>
					</TextLine>
					<TextLine ID="P4_TL00029" HPOS="140" VPOS="2128" WIDTH="1929" HEIGHT="52">
						<String ID="P4_ST00287" HPOS="140" VPOS="2130" WIDTH="63" HEIGHT="39" CONTENT="La" WC="0.72" CC="50"/>
						<SP ID="P4_SP00258" HPOS="203" VPOS="2169" WIDTH="32"/>
						<String ID="P4_ST00288" HPOS="235" VPOS="2131" WIDTH="193" HEIGHT="48" CONTENT="gratuité" WC="0.99" CC="00000257"/>
						<SP ID="P4_SP00259" HPOS="428" VPOS="2179" WIDTH="40"/>
						<String ID="P4_ST00289" HPOS="468" VPOS="2138" WIDTH="40" HEIGHT="31" CONTENT="et" WC="1.00" CC="00"/>
						<SP ID="P4_SP00260" HPOS="508" VPOS="2179" WIDTH="39"/>
						<String ID="P4_ST00290" HPOS="547" VPOS="2130" WIDTH="39" HEIGHT="38" CONTENT="la" WC="1.00" CC="00"/>
						<SP ID="P4_SP00261" HPOS="586" VPOS="2179" WIDTH="37"/>
						<String ID="P4_ST00291" HPOS="623" VPOS="2131" WIDTH="263" HEIGHT="49" CONTENT="supériorité" WC="1.00" CC="30003000040"/>
						<SP ID="P4_SP00262" HPOS="886" VPOS="2180" WIDTH="36"/>
						<String ID="P4_ST00292" HPOS="922" VPOS="2130" WIDTH="54" HEIGHT="39" CONTENT="de" WC="1.00" CC="00"/>
						<SP ID="P4_SP00263" HPOS="976" VPOS="2180" WIDTH="40"/>
						<String ID="P4_ST00293" HPOS="1016" VPOS="2128" WIDTH="381" HEIGHT="52" CONTENT="l'enseignement," WC="1.00" CC="020702306403402"/>
						<SP ID="P4_SP00264" HPOS="1397" VPOS="2180" WIDTH="42"/>
						<String ID="P4_ST00294" HPOS="1439" VPOS="2131" WIDTH="40" HEIGHT="39" CONTENT="la" WC="0.94" CC="10"/>
						<SP ID="P4_SP00265" HPOS="1479" VPOS="2180" WIDTH="36"/>
						<String ID="P4_ST00295" HPOS="1515" VPOS="2130" WIDTH="238" HEIGHT="40" CONTENT="limitation" WC="0.99" CC="4000506300"/>
						<SP ID="P4_SP00266" HPOS="1753" VPOS="2180" WIDTH="35"/>
						<String ID="P4_ST00296" HPOS="1788" VPOS="2130" WIDTH="59" HEIGHT="40" CONTENT="du" WC="0.76" CC="04"/>
						<SP ID="P4_SP00267" HPOS="1847" VPOS="2180" WIDTH="35"/>
						<String ID="P4_ST00297" HPOS="1882" VPOS="2130" WIDTH="187" HEIGHT="40" CONTENT="nombre" WC="1.00" CC="100000"/>
					</TextLine>
					<TextLine ID="P4_TL00030" HPOS="87" VPOS="2197" WIDTH="1980" HEIGHT="53">
						<String ID="P4_ST00298" HPOS="87" VPOS="2197" WIDTH="202" HEIGHT="49" CONTENT="d'élèves," WC="1.00" CC="000070003"/>
						<SP ID="P4_SP00268" HPOS="289" VPOS="2246" WIDTH="27"/>
						<String ID="P4_ST00299" HPOS="316" VPOS="2197" WIDTH="40" HEIGHT="39" CONTENT="la" WC="0.81" CC="30"/>
						<SP ID="P4_SP00269" HPOS="356" VPOS="2246" WIDTH="25"/>
						<String ID="P4_ST00300" HPOS="381" VPOS="2199" WIDTH="198" HEIGHT="51" CONTENT="quantité" WC="0.99" CC="07006346"/>
						<SP ID="P4_SP00270" HPOS="579" VPOS="2250" WIDTH="20"/>
						<String ID="P4_ST00301" HPOS="599" VPOS="2197" WIDTH="266" HEIGHT="51" CONTENT="d'aspirants" WC="1.00" CC="00000400054"/>
						<SP ID="P4_SP00271" HPOS="865" VPOS="2250" WIDTH="23"/>
						<String ID="P4_ST00302" HPOS="888" VPOS="2206" WIDTH="75" HEIGHT="31" CONTENT="ont" WC="1.00" CC="000"/>
						<SP ID="P4_SP00272" HPOS="963" VPOS="2250" WIDTH="22"/>
						<String ID="P4_ST00303" HPOS="985" VPOS="2197" WIDTH="78" HEIGHT="40" CONTENT="fait" WC="0.98" CC="0034"/>
						<SP ID="P4_SP00273" HPOS="1063" VPOS="2250" WIDTH="19"/>
						<String ID="P4_ST00304" HPOS="1082" VPOS="2199" WIDTH="205" HEIGHT="39" CONTENT="instituer" WC="1.00" CC="400520000"/>
						<SP ID="P4_SP00274" HPOS="1287" VPOS="2250" WIDTH="17"/>
						<String ID="P4_ST00305" HPOS="1304" VPOS="2199" WIDTH="38" HEIGHT="38" CONTENT="le" WC="1.00" CC="00"/>
						<SP ID="P4_SP00275" HPOS="1342" VPOS="2250" WIDTH="24"/>
						<String ID="P4_ST00306" HPOS="1366" VPOS="2212" WIDTH="213" HEIGHT="27" CONTENT="concours" WC="1.00" CC="00400000"/>
						<SP ID="P4_SP00276" HPOS="1579" VPOS="2250" WIDTH="20"/>
						<String ID="P4_ST00307" HPOS="1599" VPOS="2213" WIDTH="112" HEIGHT="37" CONTENT="pour" WC="1.00" CC="0000"/>
						<SP ID="P4_SP00277" HPOS="1711" VPOS="2250" WIDTH="19"/>
						<String ID="P4_ST00308" HPOS="1730" VPOS="2199" WIDTH="191" HEIGHT="39" CONTENT="l'entrée." WC="0.99" CC="230600004"/>
						<SP ID="P4_SP00278" HPOS="1921" VPOS="2250" WIDTH="28"/>
						<String ID="P4_ST00309" HPOS="1949" VPOS="2197" WIDTH="118" HEIGHT="40" CONTENT="C'est" WC="0.99" CC="30014"/>
					</TextLine>
					<TextLine ID="P4_TL00031" HPOS="87" VPOS="2265" WIDTH="1979" HEIGHT="52">
						<String ID="P4_ST00310" HPOS="87" VPOS="2266" WIDTH="113" HEIGHT="40" CONTENT="donc" WC="1.00" CC="0000"/>
						<SP ID="P4_SP00279" HPOS="200" VPOS="2306" WIDTH="18"/>
						<String ID="P4_ST00311" HPOS="218" VPOS="2280" WIDTH="55" HEIGHT="25" CONTENT="au" WC="0.75" CC="04"/>
						<SP ID="P4_SP00280" HPOS="273" VPOS="2306" WIDTH="23"/>
						<String ID="P4_ST00312" HPOS="296" VPOS="2267" WIDTH="144" HEIGHT="38" CONTENT="mieux" WC="1.00" CC="03000"/>
						<SP ID="P4_SP00281" HPOS="440" VPOS="2306" WIDTH="19"/>
						<String ID="P4_ST00313" HPOS="459" VPOS="2265" WIDTH="114" HEIGHT="39" CONTENT="doué" WC="1.00" CC="0000"/>
						<SP ID="P4_SP00282" HPOS="573" VPOS="2306" WIDTH="20"/>
						<String ID="P4_ST00314" HPOS="593" VPOS="2278" WIDTH="55" HEIGHT="26" CONTENT="ou" WC="1.00" CC="00"/>
						<SP ID="P4_SP00283" HPOS="648" VPOS="2306" WIDTH="24"/>
						<String ID="P4_ST00315" HPOS="672" VPOS="2279" WIDTH="54" HEIGHT="26" CONTENT="au" WC="1.00" CC="00"/>
						<SP ID="P4_SP00284" HPOS="726" VPOS="2306" WIDTH="23"/>
						<String ID="P4_ST00316" HPOS="749" VPOS="2265" WIDTH="99" HEIGHT="51" CONTENT="plus" WC="0.99" CC="0400"/>
						<SP ID="P4_SP00285" HPOS="848" VPOS="2316" WIDTH="22"/>
						<String ID="P4_ST00317" HPOS="870" VPOS="2265" WIDTH="193" HEIGHT="39" CONTENT="heureux" WC="1.00" CC="4300000"/>
						<SP ID="P4_SP00286" HPOS="1063" VPOS="2316" WIDTH="19"/>
						<String ID="P4_ST00318" HPOS="1082" VPOS="2265" WIDTH="111" HEIGHT="40" CONTENT="dans" WC="0.99" CC="0060"/>
						<SP ID="P4_SP00287" HPOS="1193" VPOS="2316" WIDTH="23"/>
						<String ID="P4_ST00319" HPOS="1216" VPOS="2266" WIDTH="61" HEIGHT="39" CONTENT="les" WC="0.98" CC="400"/>
						<SP ID="P4_SP00288" HPOS="1277" VPOS="2316" WIDTH="19"/>
						<String ID="P4_ST00320" HPOS="1296" VPOS="2271" WIDTH="212" HEIGHT="46" CONTENT="épreuves" WC="1.00" CC="00005010"/>
						<SP ID="P4_SP00289" HPOS="1508" VPOS="2317" WIDTH="21"/>
						<String ID="P4_ST00321" HPOS="1529" VPOS="2265" WIDTH="354" HEIGHT="40" CONTENT="d'admissibilité" WC="1.00" CC="000003001004040"/>
						<SP ID="P4_SP00290" HPOS="1883" VPOS="2317" WIDTH="20"/>
						<String ID="P4_ST00322" HPOS="1903" VPOS="2279" WIDTH="84" HEIGHT="37" CONTENT="que" WC="1.00" CC="000"/>
						<SP ID="P4_SP00291" HPOS="1987" VPOS="2317" WIDTH="17"/>
						<String ID="P4_ST00323" HPOS="2004" VPOS="2265" WIDTH="37" HEIGHT="39" CONTENT="le" WC="0.85" CC="20"/>
						<SP ID="P4_SP00292" HPOS="2041" VPOS="2317" WIDTH="17"/>
						<String ID="P4_ST00324" HPOS="2058" VPOS="2289" WIDTH="8" HEIGHT="13" CONTENT="&gt;" WC="0.14" CC="8"/>
					</TextLine>
					<TextLine ID="P4_TL00032" HPOS="87" VPOS="2331" WIDTH="1977" HEIGHT="54">
						<String ID="P4_ST00325" HPOS="87" VPOS="2333" WIDTH="146" HEIGHT="52" CONTENT="places" WC="1.00" CC="020001"/>
						<SP ID="P4_SP00293" HPOS="233" VPOS="2385" WIDTH="20"/>
						<String ID="P4_ST00326" HPOS="253" VPOS="2333" WIDTH="188" HEIGHT="39" CONTENT="d'élèves" WC="1.00" CC="00017000"/>
						<SP ID="P4_SP00294" HPOS="441" VPOS="2385" WIDTH="24"/>
						<String ID="P4_ST00327" HPOS="465" VPOS="2340" WIDTH="99" HEIGHT="31" CONTENT="sont" WC="0.97" CC="0074"/>
						<SP ID="P4_SP00295" HPOS="564" VPOS="2385" WIDTH="24"/>
						<String ID="P4_ST00328" HPOS="588" VPOS="2337" WIDTH="237" HEIGHT="34" CONTENT="réservées." WC="0.99" CC="0600206003"/>
						<SP ID="P4_SP00296" HPOS="825" VPOS="2385" WIDTH="22"/>
						<String ID="P4_ST00329" HPOS="847" VPOS="2331" WIDTH="86" HEIGHT="40" CONTENT="Les" WC="1.00" CC="000"/>
						<SP ID="P4_SP00297" HPOS="933" VPOS="2385" WIDTH="23"/>
						<String ID="P4_ST00330" HPOS="956" VPOS="2333" WIDTH="250" HEIGHT="51" CONTENT="postulants" WC="0.99" CC="0300550040"/>
						<SP ID="P4_SP00298" HPOS="1206" VPOS="2385" WIDTH="24"/>
						<String ID="P4_ST00331" HPOS="1230" VPOS="2342" WIDTH="289" HEIGHT="41" CONTENT="augmentant" WC="1.00" CC="0600000005"/>
						<SP ID="P4_SP00299" HPOS="1519" VPOS="2385" WIDTH="24"/>
						<String ID="P4_ST00332" HPOS="1543" VPOS="2347" WIDTH="105" HEIGHT="26" CONTENT="sans" WC="1.00" CC="0000"/>
						<SP ID="P4_SP00300" HPOS="1648" VPOS="2385" WIDTH="23"/>
						<String ID="P4_ST00333" HPOS="1671" VPOS="2347" WIDTH="135" HEIGHT="37" CONTENT="cesse," WC="1.00" CC="000104"/>
						<SP ID="P4_SP00301" HPOS="1806" VPOS="2385" WIDTH="36"/>
						<String ID="P4_ST00334" HPOS="1842" VPOS="2333" WIDTH="28" HEIGHT="40" CONTENT="il" WC="1.00" CC="00"/>
						<SP ID="P4_SP00302" HPOS="1870" VPOS="2385" WIDTH="25"/>
						<String ID="P4_ST00335" HPOS="1895" VPOS="2348" WIDTH="21" HEIGHT="24" CONTENT="a" WC="1.00" CC="0"/>
						<SP ID="P4_SP00303" HPOS="1916" VPOS="2385" WIDTH="26"/>
						<String ID="P4_ST00336" HPOS="1942" VPOS="2333" WIDTH="122" HEIGHT="50" CONTENT="fallu," WC="0.99" CC="005223"/>
					</TextLine>
					<TextLine ID="P4_TL00033" HPOS="89" VPOS="2401" WIDTH="1976" HEIGHT="51">
						<String ID="P4_ST00337" HPOS="89" VPOS="2401" WIDTH="110" HEIGHT="39" CONTENT="dans" WC="0.99" CC="0051"/>
						<SP ID="P4_SP00304" HPOS="199" VPOS="2440" WIDTH="23"/>
						<String ID="P4_ST00338" HPOS="222" VPOS="2401" WIDTH="93" HEIGHT="38" CONTENT="leur" WC="0.98" CC="3040"/>
						<SP ID="P4_SP00305" HPOS="315" VPOS="2440" WIDTH="14"/>
						<String ID="P4_ST00339" HPOS="329" VPOS="2402" WIDTH="172" HEIGHT="45" CONTENT="intérêt," WC="0.99" CC="20500604"/>
						<SP ID="P4_SP00306" HPOS="501" VPOS="2447" WIDTH="26"/>
						<String ID="P4_ST00340" HPOS="527" VPOS="2409" WIDTH="206" HEIGHT="42" CONTENT="apporter" WC="1.00" CC="00000503"/>
						<SP ID="P4_SP00307" HPOS="733" VPOS="2451" WIDTH="18"/>
						<String ID="P4_ST00341" HPOS="751" VPOS="2412" WIDTH="85" HEIGHT="27" CONTENT="une" WC="0.98" CC="600"/>
						<SP ID="P4_SP00308" HPOS="836" VPOS="2451" WIDTH="22"/>
						<String ID="P4_ST00342" HPOS="858" VPOS="2401" WIDTH="275" HEIGHT="39" CONTENT="modération" WC="0.99" CC="0008206300"/>
						<SP ID="P4_SP00309" HPOS="1133" VPOS="2451" WIDTH="25"/>
						<String ID="P4_ST00343" HPOS="1158" VPOS="2404" WIDTH="20" HEIGHT="35" CONTENT="à" WC="0.67" CC="3"/>
						<SP ID="P4_SP00310" HPOS="1178" VPOS="2451" WIDTH="19"/>
						<String ID="P4_ST00344" HPOS="1197" VPOS="2401" WIDTH="153" HEIGHT="40" CONTENT="l'excès" WC="0.99" CC="4000070"/>
						<SP ID="P4_SP00311" HPOS="1350" VPOS="2451" WIDTH="17"/>
						<String ID="P4_ST00345" HPOS="1367" VPOS="2404" WIDTH="74" HEIGHT="48" CONTENT="qui" WC="0.97" CC="061"/>
						<SP ID="P4_SP00312" HPOS="1441" VPOS="2452" WIDTH="19"/>
						<String ID="P4_ST00346" HPOS="1460" VPOS="2415" WIDTH="45" HEIGHT="26" CONTENT="se" WC="1.00" CC="00"/>
						<SP ID="P4_SP00313" HPOS="1505" VPOS="2452" WIDTH="23"/>
						<String ID="P4_ST00347" HPOS="1528" VPOS="2401" WIDTH="269" HEIGHT="40" CONTENT="manifestait" WC="0.99" CC="00630025005"/>
						<SP ID="P4_SP00314" HPOS="1797" VPOS="2452" WIDTH="19"/>
						<String ID="P4_ST00348" HPOS="1816" VPOS="2402" WIDTH="110" HEIGHT="39" CONTENT="dans" WC="1.00" CC="0000"/>
						<SP ID="P4_SP00315" HPOS="1926" VPOS="2452" WIDTH="17"/>
						<String ID="P4_ST00349" HPOS="1943" VPOS="2402" WIDTH="98" HEIGHT="50" CONTENT="quel" SUBS_TYPE="HypPart1" SUBS_CONTENT="quelques" WC="0.98" CC="0704"/>
						<HYP HPOS="2041" VPOS="2402" WIDTH="24" CONTENT="-"/>
					</TextLine>
					<TextLine ID="P4_TL00034" HPOS="89" VPOS="2465" WIDTH="1976" HEIGHT="54">
						<String ID="P4_ST00350" HPOS="89" VPOS="2481" WIDTH="108" HEIGHT="38" CONTENT="ques" SUBS_TYPE="HypPart2" SUBS_CONTENT="quelques" WC="0.99" CC="0400"/>
						<SP ID="P4_SP00316" HPOS="197" VPOS="2519" WIDTH="21"/>
						<String ID="P4_ST00351" HPOS="218" VPOS="2467" WIDTH="260" HEIGHT="52" CONTENT="spécialités." WC="0.99" CC="006030405603"/>
						<SP ID="P4_SP00317" HPOS="478" VPOS="2519" WIDTH="27"/>
						<String ID="P4_ST00352" HPOS="505" VPOS="2465" WIDTH="71" HEIGHT="42" CONTENT="On" WC="0.88" CC="02"/>
						<SP ID="P4_SP00318" HPOS="576" VPOS="2519" WIDTH="21"/>
						<String ID="P4_ST00353" HPOS="597" VPOS="2481" WIDTH="21" HEIGHT="25" CONTENT="a" WC="1.00" CC="0"/>
						<SP ID="P4_SP00319" HPOS="618" VPOS="2519" WIDTH="25"/>
						<String ID="P4_ST00354" HPOS="643" VPOS="2481" WIDTH="72" HEIGHT="26" CONTENT="cru" WC="0.98" CC="005"/>
						<SP ID="P4_SP00320" HPOS="715" VPOS="2519" WIDTH="22"/>
						<String ID="P4_ST00355" HPOS="737" VPOS="2483" WIDTH="27" HEIGHT="36" CONTENT="y" WC="1.00" CC="0"/>
						<SP ID="P4_SP00321" HPOS="764" VPOS="2519" WIDTH="23"/>
						<String ID="P4_ST00356" HPOS="787" VPOS="2471" WIDTH="204" HEIGHT="48" CONTENT="parvenir" WC="0.99" CC="00002620"/>
						<SP ID="P4_SP00322" HPOS="991" VPOS="2519" WIDTH="17"/>
						<String ID="P4_ST00357" HPOS="1008" VPOS="2481" WIDTH="54" HEIGHT="26" CONTENT="en" WC="1.00" CC="00"/>
						<SP ID="P4_SP00323" HPOS="1062" VPOS="2519" WIDTH="24"/>
						<String ID="P4_ST00358" HPOS="1086" VPOS="2468" WIDTH="226" HEIGHT="41" CONTENT="abaissant" WC="1.00" CC="000300006"/>
						<SP ID="P4_SP00324" HPOS="1312" VPOS="2519" WIDTH="35"/>
						<String ID="P4_ST00359" HPOS="1347" VPOS="2469" WIDTH="40" HEIGHT="40" CONTENT="la" WC="0.87" CC="20"/>
						<SP ID="P4_SP00325" HPOS="1387" VPOS="2519" WIDTH="24"/>
						<String ID="P4_ST00360" HPOS="1411" VPOS="2470" WIDTH="138" HEIGHT="39" CONTENT="limite" WC="0.99" CC="200150"/>
						<SP ID="P4_SP00326" HPOS="1549" VPOS="2519" WIDTH="19"/>
						<String ID="P4_ST00361" HPOS="1568" VPOS="2470" WIDTH="140" HEIGHT="49" CONTENT="d'âge." WC="0.99" CC="040004"/>
						<SP ID="P4_SP00327" HPOS="1708" VPOS="2519" WIDTH="29"/>
						<String ID="P4_ST00362" HPOS="1737" VPOS="2467" WIDTH="71" HEIGHT="42" CONTENT="On" WC="1.00" CC="00"/>
						<SP ID="P4_SP00328" HPOS="1808" VPOS="2519" WIDTH="24"/>
						<String ID="P4_ST00363" HPOS="1832" VPOS="2467" WIDTH="69" HEIGHT="42" CONTENT="n'a" WC="1.00" CC="000"/>
						<SP ID="P4_SP00329" HPOS="1901" VPOS="2519" WIDTH="23"/>
						<String ID="P4_ST00364" HPOS="1924" VPOS="2472" WIDTH="141" HEIGHT="37" CONTENT="réussi" WC="1.00" CC="003000"/>
					</TextLine>
					<TextLine ID="P4_TL00035" HPOS="89" VPOS="2534" WIDTH="1977" HEIGHT="56">
						<String ID="P4_ST00365" HPOS="89" VPOS="2534" WIDTH="98" HEIGHT="53" CONTENT="qu'à" WC="1.00" CC="0000"/>
						<SP ID="P4_SP00330" HPOS="187" VPOS="2587" WIDTH="20"/>
						<String ID="P4_ST00366" HPOS="207" VPOS="2535" WIDTH="264" HEIGHT="40" CONTENT="restreindre" WC="1.00" CC="30230046000"/>
						<SP ID="P4_SP00331" HPOS="471" VPOS="2587" WIDTH="20"/>
						<String ID="P4_ST00367" HPOS="491" VPOS="2534" WIDTH="371" HEIGHT="42" CONTENT="l'accroissement" WC="1.00" CC="000100330000005"/>
						<SP ID="P4_SP00332" HPOS="862" VPOS="2587" WIDTH="18"/>
						<String ID="P4_ST00368" HPOS="880" VPOS="2538" WIDTH="73" HEIGHT="50" CONTENT="qui" WC="0.98" CC="040"/>
						<SP ID="P4_SP00333" HPOS="953" VPOS="2588" WIDTH="25"/>
						<String ID="P4_ST00369" HPOS="978" VPOS="2549" WIDTH="45" HEIGHT="26" CONTENT="se" WC="0.91" CC="01"/>
						<SP ID="P4_SP00334" HPOS="1023" VPOS="2588" WIDTH="23"/>
						<String ID="P4_ST00370" HPOS="1046" VPOS="2538" WIDTH="132" HEIGHT="39" CONTENT="serait" WC="0.99" CC="000035"/>
						<SP ID="P4_SP00335" HPOS="1178" VPOS="2588" WIDTH="22"/>
						<String ID="P4_ST00371" HPOS="1200" VPOS="2535" WIDTH="257" HEIGHT="43" CONTENT="fatalement" WC="0.99" CC="0060500066"/>
						<SP ID="P4_SP00336" HPOS="1457" VPOS="2588" WIDTH="23"/>
						<String ID="P4_ST00372" HPOS="1480" VPOS="2538" WIDTH="178" HEIGHT="52" CONTENT="produit" WC="0.99" CC="0300610"/>
						<SP ID="P4_SP00337" HPOS="1658" VPOS="2590" WIDTH="19"/>
						<String ID="P4_ST00373" HPOS="1677" VPOS="2551" WIDTH="105" HEIGHT="26" CONTENT="avec" WC="1.00" CC="0001"/>
						<SP ID="P4_SP00338" HPOS="1782" VPOS="2590" WIDTH="20"/>
						<String ID="P4_ST00374" HPOS="1802" VPOS="2537" WIDTH="38" HEIGHT="40" CONTENT="le" WC="0.89" CC="20"/>
						<SP ID="P4_SP00339" HPOS="1840" VPOS="2590" WIDTH="20"/>
						<String ID="P4_ST00375" HPOS="1860" VPOS="2545" WIDTH="142" HEIGHT="43" CONTENT="temps" WC="1.00" CC="00000"/>
						<SP ID="P4_SP00340" HPOS="2002" VPOS="2590" WIDTH="23"/>
						<String ID="P4_ST00376" HPOS="2025" VPOS="2545" WIDTH="41" HEIGHT="32" CONTENT="et" WC="0.75" CC="04"/>
					</TextLine>
					<TextLine ID="P4_TL00036" HPOS="88" VPOS="2603" WIDTH="1978" HEIGHT="53">
						<String ID="P4_ST00377" HPOS="88" VPOS="2604" WIDTH="38" HEIGHT="39" CONTENT="le" WC="0.73" CC="50"/>
						<SP ID="P4_SP00341" HPOS="126" VPOS="2643" WIDTH="22"/>
						<String ID="P4_ST00378" HPOS="148" VPOS="2605" WIDTH="214" HEIGHT="38" CONTENT="maintien" WC="0.99" CC="00061006"/>
						<SP ID="P4_SP00342" HPOS="362" VPOS="2643" WIDTH="35"/>
						<String ID="P4_ST00379" HPOS="397" VPOS="2603" WIDTH="57" HEIGHT="40" CONTENT="du" WC="0.68" CC="06"/>
						<SP ID="P4_SP00343" HPOS="454" VPOS="2643" WIDTH="24"/>
						<String ID="P4_ST00380" HPOS="478" VPOS="2609" WIDTH="108" HEIGHT="33" CONTENT="statu" WC="0.97" CC="54540" STYLEREFS="TXT_2"/>
						<SP ID="P4_SP00344" HPOS="586" VPOS="2643" WIDTH="22"/>
						<String ID="P4_ST00381" HPOS="608" VPOS="2617" WIDTH="79" HEIGHT="39" CONTENT="quo" WC="0.82" CC="013" STYLEREFS="TXT_2"/>
						<String ID="P4_ST00382" HPOS="696" VPOS="2636" WIDTH="9" HEIGHT="17" CONTENT="," WC="0.59" CC="4"/>
						<SP ID="P4_SP00345" HPOS="705" VPOS="2656" WIDTH="22"/>
						<String ID="P4_ST00383" HPOS="727" VPOS="2606" WIDTH="113" HEIGHT="37" CONTENT="mais" WC="0.99" CC="0030"/>
						<SP ID="P4_SP00346" HPOS="840" VPOS="2656" WIDTH="23"/>
						<String ID="P4_ST00384" HPOS="863" VPOS="2617" WIDTH="57" HEIGHT="27" CONTENT="on" WC="0.78" CC="04"/>
						<SP ID="P4_SP00347" HPOS="920" VPOS="2656" WIDTH="32"/>
						<String ID="P4_ST00385" HPOS="952" VPOS="2605" WIDTH="67" HEIGHT="39" CONTENT="n'a" WC="1.00" CC="000"/>
						<SP ID="P4_SP00348" HPOS="1019" VPOS="2656" WIDTH="24"/>
						<String ID="P4_ST00386" HPOS="1043" VPOS="2618" WIDTH="79" HEIGHT="38" CONTENT="pas" WC="1.00" CC="000"/>
						<SP ID="P4_SP00349" HPOS="1122" VPOS="2656" WIDTH="32"/>
						<String ID="P4_ST00387" HPOS="1154" VPOS="2605" WIDTH="318" HEIGHT="41" CONTENT="sensiblement" WC="1.00" CC="300040100000"/>
						<SP ID="P4_SP00350" HPOS="1472" VPOS="2656" WIDTH="21"/>
						<String ID="P4_ST00388" HPOS="1493" VPOS="2606" WIDTH="196" HEIGHT="39" CONTENT="diminué" WC="1.00" CC="0000020"/>
						<SP ID="P4_SP00351" HPOS="1689" VPOS="2656" WIDTH="24"/>
						<String ID="P4_ST00389" HPOS="1713" VPOS="2606" WIDTH="39" HEIGHT="39" CONTENT="le" WC="0.82" CC="30"/>
						<SP ID="P4_SP00352" HPOS="1752" VPOS="2656" WIDTH="23"/>
						<String ID="P4_ST00390" HPOS="1775" VPOS="2605" WIDTH="185" HEIGHT="40" CONTENT="nombre" WC="1.00" CC="400000"/>
						<SP ID="P4_SP00353" HPOS="1960" VPOS="2656" WIDTH="29"/>
						<String ID="P4_ST00391" HPOS="1989" VPOS="2605" WIDTH="77" HEIGHT="39" CONTENT="des" WC="1.00" CC="000"/>
					</TextLine>
					<TextLine ID="P4_TL00037" HPOS="88" VPOS="2671" WIDTH="1978" HEIGHT="54">
						<String ID="P4_ST00392" HPOS="88" VPOS="2673" WIDTH="220" HEIGHT="50" CONTENT="aspirants" WC="1.00" CC="040200020"/>
						<SP ID="P4_SP00354" HPOS="308" VPOS="2723" WIDTH="27"/>
						<String ID="P4_ST00393" HPOS="335" VPOS="2686" WIDTH="7" HEIGHT="25" CONTENT=":" WC="0.25" CC="7"/>
						<SP ID="P4_SP00355" HPOS="342" VPOS="2723" WIDTH="38"/>
						<String ID="P4_ST00394" HPOS="380" VPOS="2671" WIDTH="53" HEIGHT="39" CONTENT="ils" WC="0.96" CC="062"/>
						<SP ID="P4_SP00356" HPOS="433" VPOS="2723" WIDTH="36"/>
						<String ID="P4_ST00395" HPOS="469" VPOS="2684" WIDTH="45" HEIGHT="27" CONTENT="se" WC="1.00" CC="00"/>
						<SP ID="P4_SP00357" HPOS="514" VPOS="2723" WIDTH="35"/>
						<String ID="P4_ST00396" HPOS="549" VPOS="2676" WIDTH="253" HEIGHT="47" CONTENT="présentent" WC="1.00" CC="0000005005"/>
						<SP ID="P4_SP00358" HPOS="802" VPOS="2723" WIDTH="22"/>
						<String ID="P4_ST00397" HPOS="824" VPOS="2672" WIDTH="98" HEIGHT="51" CONTENT="plus" WC="0.98" CC="0323"/>
						<SP ID="P4_SP00359" HPOS="922" VPOS="2723" WIDTH="24"/>
						<String ID="P4_ST00398" HPOS="946" VPOS="2674" WIDTH="167" HEIGHT="50" CONTENT="jeunes," WC="0.99" CC="0006004"/>
						<SP ID="P4_SP00360" HPOS="1113" VPOS="2724" WIDTH="23"/>
						<String ID="P4_ST00399" HPOS="1136" VPOS="2674" WIDTH="117" HEIGHT="39" CONTENT="voilà" WC="0.99" CC="00043"/>
						<SP ID="P4_SP00361" HPOS="1253" VPOS="2724" WIDTH="26"/>
						<String ID="P4_ST00400" HPOS="1279" VPOS="2682" WIDTH="107" HEIGHT="32" CONTENT="tout." WC="0.99" CC="00251"/>
						<SP ID="P4_SP00362" HPOS="1386" VPOS="2724" WIDTH="27"/>
						<String ID="P4_ST00401" HPOS="1413" VPOS="2672" WIDTH="101" HEIGHT="41" CONTENT="Afin" WC="0.97" CC="0354"/>
						<SP ID="P4_SP00363" HPOS="1514" VPOS="2724" WIDTH="26"/>
						<String ID="P4_ST00402" HPOS="1540" VPOS="2671" WIDTH="211" HEIGHT="42" CONTENT="d'écarter" WC="1.00" CC="030005300"/>
						<SP ID="P4_SP00364" HPOS="1751" VPOS="2724" WIDTH="31"/>
						<String ID="P4_ST00403" HPOS="1782" VPOS="2686" WIDTH="104" HEIGHT="27" CONTENT="ceux" WC="0.99" CC="0030"/>
						<SP ID="P4_SP00365" HPOS="1886" VPOS="2724" WIDTH="36"/>
						<String ID="P4_ST00404" HPOS="1922" VPOS="2675" WIDTH="75" HEIGHT="50" CONTENT="qui" WC="1.00" CC="000"/>
						<SP ID="P4_SP00366" HPOS="1997" VPOS="2725" WIDTH="24"/>
						<String ID="P4_ST00405" HPOS="2021" VPOS="2686" WIDTH="45" HEIGHT="26" CONTENT="se" WC="0.81" CC="30"/>
					</TextLine>
					<TextLine ID="P4_TL00038" HPOS="87" VPOS="2740" WIDTH="1978" HEIGHT="54">
						<String ID="P4_ST00406" HPOS="87" VPOS="2741" WIDTH="165" HEIGHT="39" CONTENT="croient" WC="0.99" CC="0203046"/>
						<SP ID="P4_SP00367" HPOS="252" VPOS="2780" WIDTH="21"/>
						<String ID="P4_ST00407" HPOS="273" VPOS="2752" WIDTH="85" HEIGHT="27" CONTENT="une" WC="0.98" CC="500"/>
						<SP ID="P4_SP00368" HPOS="358" VPOS="2780" WIDTH="18"/>
						<String ID="P4_ST00408" HPOS="376" VPOS="2740" WIDTH="205" HEIGHT="39" CONTENT="vocation" WC="1.00" CC="00000400"/>
						<SP ID="P4_SP00369" HPOS="581" VPOS="2780" WIDTH="16"/>
						<String ID="P4_ST00409" HPOS="597" VPOS="2753" WIDTH="111" HEIGHT="38" CONTENT="pour" WC="0.98" CC="0053"/>
						<SP ID="P4_SP00370" HPOS="708" VPOS="2791" WIDTH="19"/>
						<String ID="P4_ST00410" HPOS="727" VPOS="2740" WIDTH="39" HEIGHT="39" CONTENT="le" WC="0.61" CC="43"/>
						<SP ID="P4_SP00371" HPOS="766" VPOS="2791" WIDTH="19"/>
						<String ID="P4_ST00411" HPOS="785" VPOS="2740" WIDTH="168" HEIGHT="40" CONTENT="théâtre" WC="0.99" CC="4000510"/>
						<SP ID="P4_SP00372" HPOS="953" VPOS="2791" WIDTH="23"/>
						<String ID="P4_ST00412" HPOS="976" VPOS="2755" WIDTH="127" HEIGHT="37" CONTENT="parce" WC="1.00" CC="00000"/>
						<SP ID="P4_SP00373" HPOS="1103" VPOS="2792" WIDTH="21"/>
						<String ID="P4_ST00413" HPOS="1124" VPOS="2742" WIDTH="129" HEIGHT="51" CONTENT="qu'ils" WC="0.99" CC="004140"/>
						<SP ID="P4_SP00374" HPOS="1253" VPOS="2793" WIDTH="24"/>
						<String ID="P4_ST00414" HPOS="1277" VPOS="2751" WIDTH="75" HEIGHT="31" CONTENT="ont" WC="0.97" CC="034"/>
						<SP ID="P4_SP00375" HPOS="1352" VPOS="2793" WIDTH="19"/>
						<String ID="P4_ST00415" HPOS="1371" VPOS="2744" WIDTH="131" HEIGHT="38" CONTENT="récité" WC="0.99" CC="000060"/>
						<SP ID="P4_SP00376" HPOS="1502" VPOS="2793" WIDTH="20"/>
						<String ID="P4_ST00416" HPOS="1522" VPOS="2742" WIDTH="215" HEIGHT="52" CONTENT="quelques" WC="0.99" CC="04000700"/>
						<SP ID="P4_SP00377" HPOS="1737" VPOS="2794" WIDTH="20"/>
						<String ID="P4_ST00417" HPOS="1757" VPOS="2740" WIDTH="157" HEIGHT="52" CONTENT="fables," WC="1.00" CC="0003004"/>
						<SP ID="P4_SP00378" HPOS="1914" VPOS="2794" WIDTH="21"/>
						<String ID="P4_ST00418" HPOS="1935" VPOS="2744" WIDTH="109" HEIGHT="48" CONTENT="parti" SUBS_TYPE="HypPart1" SUBS_CONTENT="participé" WC="0.99" CC="00005"/>
						<HYP HPOS="2044" VPOS="2744" WIDTH="21" CONTENT="-"/>
					</TextLine>
					<TextLine ID="P4_TL00039" HPOS="87" VPOS="2807" WIDTH="1980" HEIGHT="54">
						<String ID="P4_ST00419" HPOS="87" VPOS="2810" WIDTH="94" HEIGHT="49" CONTENT="cipé" SUBS_TYPE="HypPart2" SUBS_CONTENT="participé" WC="1.00" CC="0100"/>
						<SP ID="P4_SP00379" HPOS="181" VPOS="2859" WIDTH="24"/>
						<String ID="P4_ST00420" HPOS="205" VPOS="2812" WIDTH="22" HEIGHT="34" CONTENT="à" WC="0.74" CC="2"/>
						<SP ID="P4_SP00380" HPOS="227" VPOS="2859" WIDTH="24"/>
						<String ID="P4_ST00421" HPOS="251" VPOS="2822" WIDTH="58" HEIGHT="24" CONTENT="un" WC="0.84" CC="03"/>
						<SP ID="P4_SP00381" HPOS="309" VPOS="2859" WIDTH="20"/>
						<String ID="P4_ST00422" HPOS="329" VPOS="2807" WIDTH="208" HEIGHT="50" CONTENT="dialogue" WC="0.99" CC="02015031"/>
						<SP ID="P4_SP00382" HPOS="537" VPOS="2859" WIDTH="23"/>
						<String ID="P4_ST00423" HPOS="560" VPOS="2820" WIDTH="56" HEIGHT="27" CONTENT="ou" WC="0.82" CC="30"/>
						<SP ID="P4_SP00383" HPOS="616" VPOS="2859" WIDTH="23"/>
						<String ID="P4_ST00424" HPOS="639" VPOS="2809" WIDTH="99" HEIGHT="50" CONTENT="joué" WC="0.99" CC="0200"/>
						<SP ID="P4_SP00384" HPOS="738" VPOS="2859" WIDTH="22"/>
						<String ID="P4_ST00425" HPOS="760" VPOS="2808" WIDTH="110" HEIGHT="40" CONTENT="dans" WC="0.98" CC="0052"/>
						<SP ID="P4_SP00385" HPOS="870" VPOS="2859" WIDTH="35"/>
						<String ID="P4_ST00426" HPOS="905" VPOS="2822" WIDTH="85" HEIGHT="27" CONTENT="une" WC="0.98" CC="600"/>
						<SP ID="P4_SP00386" HPOS="990" VPOS="2859" WIDTH="37"/>
						<String ID="P4_ST00427" HPOS="1027" VPOS="2810" WIDTH="198" HEIGHT="40" CONTENT="comédie" WC="1.00" CC="0300000"/>
						<SP ID="P4_SP00387" HPOS="1225" VPOS="2859" WIDTH="37"/>
						<String ID="P4_ST00428" HPOS="1262" VPOS="2811" WIDTH="53" HEIGHT="39" CONTENT="de" WC="1.00" CC="00"/>
						<SP ID="P4_SP00388" HPOS="1315" VPOS="2859" WIDTH="32"/>
						<String ID="P4_ST00429" HPOS="1347" VPOS="2810" WIDTH="285" HEIGHT="41" CONTENT="distribution" WC="1.00" CC="040503030300"/>
						<SP ID="P4_SP00389" HPOS="1632" VPOS="2859" WIDTH="32"/>
						<String ID="P4_ST00430" HPOS="1664" VPOS="2810" WIDTH="53" HEIGHT="40" CONTENT="de" WC="1.00" CC="00"/>
						<SP ID="P4_SP00390" HPOS="1717" VPOS="2859" WIDTH="31"/>
						<String ID="P4_ST00431" HPOS="1748" VPOS="2811" WIDTH="93" HEIGHT="50" CONTENT="prix" WC="0.98" CC="0630"/>
						<SP ID="P4_SP00391" HPOS="1841" VPOS="2861" WIDTH="31"/>
						<String ID="P4_ST00432" HPOS="1872" VPOS="2813" WIDTH="21" HEIGHT="35" CONTENT="à" WC="0.66" CC="3"/>
						<SP ID="P4_SP00392" HPOS="1893" VPOS="2861" WIDTH="25"/>
						<String ID="P4_ST00433" HPOS="1918" VPOS="2809" WIDTH="149" HEIGHT="40" CONTENT="l'école" WC="1.00" CC="0400200"/>
					</TextLine>
					<TextLine ID="P4_TL00040" HPOS="87" VPOS="2874" WIDTH="1977" HEIGHT="56">
						<String ID="P4_ST00434" HPOS="87" VPOS="2876" WIDTH="209" HEIGHT="49" CONTENT="primaire" WC="1.00" CC="00000000"/>
						<SP ID="P4_SP00393" HPOS="296" VPOS="2925" WIDTH="22"/>
						<String ID="P4_ST00435" HPOS="318" VPOS="2887" WIDTH="56" HEIGHT="27" CONTENT="ou" WC="0.76" CC="04"/>
						<SP ID="P4_SP00394" HPOS="374" VPOS="2925" WIDTH="24"/>
						<String ID="P4_ST00436" HPOS="398" VPOS="2878" WIDTH="21" HEIGHT="35" CONTENT="à" WC="0.45" CC="5"/>
						<SP ID="P4_SP00395" HPOS="419" VPOS="2925" WIDTH="25"/>
						<String ID="P4_ST00437" HPOS="444" VPOS="2874" WIDTH="39" HEIGHT="39" CONTENT="la" WC="0.89" CC="20"/>
						<SP ID="P4_SP00396" HPOS="483" VPOS="2925" WIDTH="21"/>
						<String ID="P4_ST00438" HPOS="504" VPOS="2876" WIDTH="202" HEIGHT="49" CONTENT="pension," WC="0.99" CC="00400034"/>
						<SP ID="P4_SP00397" HPOS="706" VPOS="2925" WIDTH="26"/>
						<String ID="P4_ST00439" HPOS="732" VPOS="2889" WIDTH="56" HEIGHT="27" CONTENT="on" WC="1.00" CC="00"/>
						<SP ID="P4_SP00398" HPOS="788" VPOS="2925" WIDTH="22"/>
						<String ID="P4_ST00440" HPOS="810" VPOS="2891" WIDTH="21" HEIGHT="25" CONTENT="a" WC="1.00" CC="0"/>
						<SP ID="P4_SP00399" HPOS="831" VPOS="2925" WIDTH="20"/>
						<String ID="P4_ST00441" HPOS="851" VPOS="2879" WIDTH="171" HEIGHT="49" CONTENT="imposé" WC="0.99" CC="300300"/>
						<SP ID="P4_SP00400" HPOS="1022" VPOS="2928" WIDTH="22"/>
						<String ID="P4_ST00442" HPOS="1044" VPOS="2892" WIDTH="60" HEIGHT="26" CONTENT="un" WC="0.66" CC="60"/>
						<SP ID="P4_SP00401" HPOS="1104" VPOS="2928" WIDTH="31"/>
						<String ID="P4_ST00443" HPOS="1135" VPOS="2891" WIDTH="285" HEIGHT="38" CONTENT="programme" WC="1.00" CC="000000100"/>
						<SP ID="P4_SP00402" HPOS="1420" VPOS="2929" WIDTH="34"/>
						<String ID="P4_ST00444" HPOS="1454" VPOS="2878" WIDTH="219" HEIGHT="40" CONTENT="d'oeuvres" WC="0.99" CC="007630000"/>
						<SP ID="P4_SP00403" HPOS="1673" VPOS="2929" WIDTH="42"/>
						<String ID="P4_ST00445" HPOS="1715" VPOS="2879" WIDTH="75" HEIGHT="51" CONTENT="qui" WC="0.99" CC="001"/>
						<SP ID="P4_SP00404" HPOS="1790" VPOS="2930" WIDTH="34"/>
						<String ID="P4_ST00446" HPOS="1824" VPOS="2879" WIDTH="169" HEIGHT="50" CONTENT="précise" WC="1.00" CC="0000300"/>
						<SP ID="P4_SP00405" HPOS="1993" VPOS="2930" WIDTH="33"/>
						<String ID="P4_ST00447" HPOS="2026" VPOS="2878" WIDTH="38" HEIGHT="38" CONTENT="la" WC="0.74" CC="50"/>
					</TextLine>
					<TextLine ID="P4_TL00041" HPOS="88" VPOS="2941" WIDTH="1979" HEIGHT="55">
						<String ID="P4_ST00448" HPOS="88" VPOS="2950" WIDTH="155" HEIGHT="31" CONTENT="nature" WC="1.00" CC="000000"/>
						<SP ID="P4_SP00406" HPOS="243" VPOS="2981" WIDTH="23"/>
						<String ID="P4_ST00449" HPOS="266" VPOS="2942" WIDTH="52" HEIGHT="39" CONTENT="de" WC="1.00" CC="00"/>
						<SP ID="P4_SP00407" HPOS="318" VPOS="2981" WIDTH="32"/>
						<String ID="P4_ST00450" HPOS="350" VPOS="2941" WIDTH="367" HEIGHT="50" CONTENT="l'enseignement" WC="1.00" CC="44050000400055"/>
						<SP ID="P4_SP00408" HPOS="717" VPOS="2991" WIDTH="22"/>
						<String ID="P4_ST00451" HPOS="739" VPOS="2943" WIDTH="147" HEIGHT="41" CONTENT="donné" WC="1.00" CC="00000"/>
						<SP ID="P4_SP00409" HPOS="886" VPOS="2991" WIDTH="23"/>
						<String ID="P4_ST00452" HPOS="909" VPOS="2959" WIDTH="53" HEIGHT="25" CONTENT="au" WC="0.79" CC="04"/>
						<SP ID="P4_SP00410" HPOS="962" VPOS="2991" WIDTH="36"/>
						<String ID="P4_ST00453" HPOS="998" VPOS="2944" WIDTH="340" HEIGHT="42" CONTENT="Conservatoire" WC="1.00" CC="4020000000300"/>
						<SP ID="P4_SP00411" HPOS="1338" VPOS="2991" WIDTH="23"/>
						<String ID="P4_ST00454" HPOS="1361" VPOS="2954" WIDTH="41" HEIGHT="32" CONTENT="et" WC="1.00" CC="00"/>
						<SP ID="P4_SP00412" HPOS="1402" VPOS="2991" WIDTH="18"/>
						<String ID="P4_ST00455" HPOS="1420" VPOS="2960" WIDTH="57" HEIGHT="26" CONTENT="un" WC="0.60" CC="70"/>
						<SP ID="P4_SP00413" HPOS="1477" VPOS="2991" WIDTH="23"/>
						<String ID="P4_ST00456" HPOS="1500" VPOS="2949" WIDTH="81" HEIGHT="47" CONTENT="âge" WC="1.00" CC="000"/>
						<SP ID="P4_SP00414" HPOS="1581" VPOS="2996" WIDTH="26"/>
						<String ID="P4_ST00457" HPOS="1607" VPOS="2947" WIDTH="234" HEIGHT="38" CONTENT="minimum" WC="0.99" CC="0404060"/>
						<SP ID="P4_SP00415" HPOS="1841" VPOS="2996" WIDTH="47"/>
						<String ID="P4_ST00458" HPOS="1888" VPOS="2944" WIDTH="64" HEIGHT="40" CONTENT="La" WC="1.00" CC="00"/>
						<SP ID="P4_SP00416" HPOS="1952" VPOS="2996" WIDTH="21"/>
						<String ID="P4_ST00459" HPOS="1973" VPOS="2958" WIDTH="63" HEIGHT="26" CONTENT="me" SUBS_TYPE="HypPart1" SUBS_CONTENT="mesure" WC="0.99" CC="00"/>
						<HYP HPOS="2036" VPOS="2958" WIDTH="31" CONTENT="-"/>
					</TextLine>
					<TextLine ID="P4_TL00042" HPOS="87" VPOS="3008" WIDTH="1980" HEIGHT="57">
						<String ID="P4_ST00460" HPOS="87" VPOS="3022" WIDTH="100" HEIGHT="27" CONTENT="sure" SUBS_TYPE="HypPart2" SUBS_CONTENT="mesure" WC="1.00" CC="0000"/>
						<SP ID="P4_SP00417" HPOS="187" VPOS="3049" WIDTH="23"/>
						<String ID="P4_ST00461" HPOS="210" VPOS="3008" WIDTH="148" HEIGHT="41" CONTENT="n'était" WC="0.98" CC="3406045"/>
						<SP ID="P4_SP00418" HPOS="358" VPOS="3049" WIDTH="23"/>
						<String ID="P4_ST00462" HPOS="381" VPOS="3022" WIDTH="79" HEIGHT="38" CONTENT="pas" WC="1.00" CC="000"/>
						<SP ID="P4_SP00419" HPOS="460" VPOS="3060" WIDTH="38"/>
						<String ID="P4_ST00463" HPOS="498" VPOS="3011" WIDTH="168" HEIGHT="46" CONTENT="inutile," WC="0.99" CC="20604404"/>
						<SP ID="P4_SP00420" HPOS="666" VPOS="3060" WIDTH="40"/>
						<String ID="P4_ST00464" HPOS="706" VPOS="3025" WIDTH="72" HEIGHT="25" CONTENT="car" WC="1.00" CC="000"/>
						<SP ID="P4_SP00421" HPOS="778" VPOS="3060" WIDTH="31"/>
						<String ID="P4_ST00465" HPOS="809" VPOS="3015" WIDTH="188" HEIGHT="37" CONTENT="certains" WC="1.00" CC="00000060"/>
						<SP ID="P4_SP00422" HPOS="997" VPOS="3060" WIDTH="24"/>
						<String ID="P4_ST00466" HPOS="1021" VPOS="3015" WIDTH="221" HEIGHT="50" CONTENT="aspirants" WC="1.00" CC="000300050"/>
						<SP ID="P4_SP00423" HPOS="1242" VPOS="3065" WIDTH="22"/>
						<String ID="P4_ST00467" HPOS="1264" VPOS="3013" WIDTH="206" HEIGHT="40" CONTENT="faisaient" WC="1.00" CC="003003003"/>
						<SP ID="P4_SP00424" HPOS="1470" VPOS="3065" WIDTH="19"/>
						<String ID="P4_ST00468" HPOS="1489" VPOS="3013" WIDTH="210" HEIGHT="40" CONTENT="entendre" WC="1.00" CC="00000000"/>
						<SP ID="P4_SP00425" HPOS="1699" VPOS="3065" WIDTH="33"/>
						<String ID="P4_ST00469" HPOS="1732" VPOS="3026" WIDTH="53" HEIGHT="25" CONTENT="au" WC="0.77" CC="04"/>
						<SP ID="P4_SP00426" HPOS="1785" VPOS="3065" WIDTH="35"/>
						<String ID="P4_ST00470" HPOS="1820" VPOS="3012" WIDTH="96" HEIGHT="51" CONTENT="jury" WC="1.00" CC="2000"/>
						<SP ID="P4_SP00427" HPOS="1916" VPOS="3065" WIDTH="31"/>
						<String ID="P4_ST00471" HPOS="1947" VPOS="3012" WIDTH="96" HEIGHT="39" CONTENT="d'ad" SUBS_TYPE="HypPart1" SUBS_CONTENT="d'admission" WC="0.99" CC="0200"/>
						<HYP HPOS="2043" VPOS="3012" WIDTH="24" CONTENT="-"/>
					</TextLine>
					<TextLine ID="P4_TL00043" HPOS="87" VPOS="3077" WIDTH="1979" HEIGHT="56">
						<String ID="P4_ST00472" HPOS="87" VPOS="3079" WIDTH="186" HEIGHT="37" CONTENT="mission" SUBS_TYPE="HypPart2" SUBS_CONTENT="d'admission" WC="0.99" CC="0004306"/>
						<SP ID="P4_SP00428" HPOS="273" VPOS="3116" WIDTH="21"/>
						<String ID="P4_ST00473" HPOS="294" VPOS="3077" WIDTH="75" HEIGHT="40" CONTENT="des" WC="1.00" CC="000"/>
						<SP ID="P4_SP00429" HPOS="369" VPOS="3117" WIDTH="24"/>
						<String ID="P4_ST00474" HPOS="393" VPOS="3079" WIDTH="143" HEIGHT="49" CONTENT="pièces" WC="0.99" CC="027000"/>
						<SP ID="P4_SP00430" HPOS="536" VPOS="3128" WIDTH="23"/>
						<String ID="P4_ST00475" HPOS="559" VPOS="3078" WIDTH="165" HEIGHT="51" CONTENT="parfois" WC="0.99" CC="0050520"/>
						<SP ID="P4_SP00431" HPOS="724" VPOS="3129" WIDTH="19"/>
						<String ID="P4_ST00476" HPOS="743" VPOS="3089" WIDTH="262" HEIGHT="44" CONTENT="grotesques" WC="1.00" CC="0001010200"/>
						<SP ID="P4_SP00432" HPOS="1005" VPOS="3133" WIDTH="23"/>
						<String ID="P4_ST00477" HPOS="1028" VPOS="3090" WIDTH="40" HEIGHT="31" CONTENT="et" WC="0.69" CC="06"/>
						<SP ID="P4_SP00433" HPOS="1068" VPOS="3133" WIDTH="23"/>
						<String ID="P4_ST00478" HPOS="1091" VPOS="3095" WIDTH="103" HEIGHT="26" CONTENT="sans" WC="0.98" CC="0070"/>
						<SP ID="P4_SP00434" HPOS="1194" VPOS="3133" WIDTH="21"/>
						<String ID="P4_ST00479" HPOS="1215" VPOS="3090" WIDTH="179" HEIGHT="43" CONTENT="rapport" WC="1.00" CC="0000003"/>
						<SP ID="P4_SP00435" HPOS="1394" VPOS="3133" WIDTH="35"/>
						<String ID="P4_ST00480" HPOS="1429" VPOS="3095" WIDTH="102" HEIGHT="26" CONTENT="avec" WC="1.00" CC="0000"/>
						<SP ID="P4_SP00436" HPOS="1531" VPOS="3133" WIDTH="23"/>
						<String ID="P4_ST00481" HPOS="1554" VPOS="3081" WIDTH="94" HEIGHT="39" CONTENT="l'art" WC="0.99" CC="20020"/>
						<SP ID="P4_SP00437" HPOS="1648" VPOS="3133" WIDTH="23"/>
						<String ID="P4_ST00482" HPOS="1671" VPOS="3080" WIDTH="293" HEIGHT="50" CONTENT="dramatique," WC="1.00" CC="00070000004"/>
						<SP ID="P4_SP00438" HPOS="1964" VPOS="3133" WIDTH="25"/>
						<String ID="P4_ST00483" HPOS="1989" VPOS="3080" WIDTH="77" HEIGHT="39" CONTENT="des" WC="1.00" CC="000"/>
					</TextLine>
					<TextLine ID="P4_TL00044" HPOS="87" VPOS="3146" WIDTH="1978" HEIGHT="58">
						<String ID="P4_ST00484" HPOS="87" VPOS="3146" WIDTH="295" HEIGHT="49" CONTENT="monologues" WC="1.00" CC="0260000000"/>
						<SP ID="P4_SP00439" HPOS="382" VPOS="3195" WIDTH="19"/>
						<String ID="P4_ST00485" HPOS="401" VPOS="3147" WIDTH="113" HEIGHT="49" CONTENT="gais," WC="1.00" CC="00003"/>
						<SP ID="P4_SP00440" HPOS="514" VPOS="3196" WIDTH="24"/>
						<String ID="P4_ST00486" HPOS="538" VPOS="3146" WIDTH="56" HEIGHT="40" CONTENT="tel" WC="0.99" CC="001"/>
						<SP ID="P4_SP00441" HPOS="594" VPOS="3196" WIDTH="24"/>
						<String ID="P4_ST00487" HPOS="618" VPOS="3147" WIDTH="36" HEIGHT="38" CONTENT="te" WC="0.28" CC="86" STYLEREFS="TXT_2"/>
						<SP ID="P4_SP00442" HPOS="654" VPOS="3196" WIDTH="15"/>
						<String ID="P4_ST00488" HPOS="669" VPOS="3146" WIDTH="287" HEIGHT="55" CONTENT="Sous-Préfet" WC="0.99" CC="10851101050" STYLEREFS="TXT_2"/>
						<SP ID="P4_SP00443" HPOS="956" VPOS="3201" WIDTH="29"/>
						<String ID="P4_ST00489" HPOS="985" VPOS="3164" WIDTH="83" HEIGHT="24" CONTENT="aux" WC="0.97" CC="503" STYLEREFS="TXT_2"/>
						<SP ID="P4_SP00444" HPOS="1068" VPOS="3201" WIDTH="22"/>
						<String ID="P4_ST00490" HPOS="1090" VPOS="3149" WIDTH="168" HEIGHT="55" CONTENT="champs" WC="0.98" CC="705006" STYLEREFS="TXT_2"/>
						<String ID="P4_ST00491" HPOS="1265" VPOS="3181" WIDTH="9" HEIGHT="18" CONTENT="," WC="0.55" CC="4"/>
						<SP ID="P4_SP00445" HPOS="1274" VPOS="3204" WIDTH="25"/>
						<String ID="P4_ST00492" HPOS="1299" VPOS="3151" WIDTH="76" HEIGHT="38" CONTENT="des" WC="1.00" CC="000"/>
						<SP ID="P4_SP00446" HPOS="1375" VPOS="3204" WIDTH="23"/>
						<String ID="P4_ST00493" HPOS="1398" VPOS="3161" WIDTH="230" HEIGHT="28" CONTENT="romances" WC="1.00" CC="00001002"/>
						<SP ID="P4_SP00447" HPOS="1628" VPOS="3204" WIDTH="22"/>
						<String ID="P4_ST00494" HPOS="1650" VPOS="3148" WIDTH="53" HEIGHT="39" CONTENT="de" WC="1.00" CC="00"/>
						<SP ID="P4_SP00448" HPOS="1703" VPOS="3204" WIDTH="19"/>
						<String ID="P4_ST00495" HPOS="1722" VPOS="3149" WIDTH="162" HEIGHT="38" CONTENT="société" WC="0.98" CC="3300666"/>
						<SP ID="P4_SP00449" HPOS="1884" VPOS="3204" WIDTH="19"/>
						<String ID="P4_ST00496" HPOS="1903" VPOS="3160" WIDTH="56" HEIGHT="26" CONTENT="ou" WC="0.67" CC="06"/>
						<SP ID="P4_SP00450" HPOS="1959" VPOS="3204" WIDTH="30"/>
						<String ID="P4_ST00497" HPOS="1989" VPOS="3147" WIDTH="76" HEIGHT="40" CONTENT="des" WC="1.00" CC="000"/>
					</TextLine>
					<TextLine ID="P4_TL00045" HPOS="87" VPOS="3212" WIDTH="1978" HEIGHT="55">
						<String ID="P4_ST00498" HPOS="87" VPOS="3212" WIDTH="222" HEIGHT="40" CONTENT="chansons" WC="0.99" CC="20040060"/>
						<SP ID="P4_SP00451" HPOS="309" VPOS="3252" WIDTH="23"/>
						<String ID="P4_ST00499" HPOS="332" VPOS="3216" WIDTH="400" HEIGHT="46" CONTENT="montmartroises," WC="1.00" CC="000500230030003"/>
						<SP ID="P4_SP00452" HPOS="732" VPOS="3262" WIDTH="26"/>
						<String ID="P4_ST00500" HPOS="758" VPOS="3229" WIDTH="170" HEIGHT="28" CONTENT="comme" WC="0.99" CC="13000"/>
						<SP ID="P4_SP00453" HPOS="928" VPOS="3262" WIDTH="25"/>
						<String ID="P4_ST00501" HPOS="953" VPOS="3217" WIDTH="56" HEIGHT="38" CONTENT="les" WC="1.00" CC="000" STYLEREFS="TXT_2"/>
						<SP ID="P4_SP00454" HPOS="1009" VPOS="3262" WIDTH="23"/>
						<String ID="P4_ST00502" HPOS="1032" VPOS="3216" WIDTH="134" HEIGHT="40" CONTENT="Petits" WC="0.99" CC="303000" STYLEREFS="TXT_2"/>
						<SP ID="P4_SP00455" HPOS="1166" VPOS="3262" WIDTH="21"/>
						<String ID="P4_ST00503" HPOS="1187" VPOS="3217" WIDTH="141" HEIGHT="39" CONTENT="Pavés" WC="0.98" CC="07820" STYLEREFS="TXT_2"/>
						<String ID="P4_ST00504" HPOS="1334" VPOS="3250" WIDTH="9" HEIGHT="17" CONTENT="," WC="0.61" CC="3"/>
						<SP ID="P4_SP00456" HPOS="1343" VPOS="3267" WIDTH="26"/>
						<String ID="P4_ST00505" HPOS="1369" VPOS="3215" WIDTH="305" HEIGHT="42" CONTENT="insuffisantes" WC="1.00" CC="4005033300300"/>
						<SP ID="P4_SP00457" HPOS="1674" VPOS="3267" WIDTH="24"/>
						<String ID="P4_ST00506" HPOS="1698" VPOS="3228" WIDTH="103" HEIGHT="27" CONTENT="sans" WC="0.99" CC="3000"/>
						<SP ID="P4_SP00458" HPOS="1801" VPOS="3267" WIDTH="23"/>
						<String ID="P4_ST00507" HPOS="1824" VPOS="3223" WIDTH="194" HEIGHT="32" CONTENT="conteste" WC="0.99" CC="01050040"/>
						<SP ID="P4_SP00459" HPOS="2018" VPOS="3267" WIDTH="25"/>
						<String ID="P4_ST00508" HPOS="2043" VPOS="3220" WIDTH="22" HEIGHT="35" CONTENT="à" WC="0.51" CC="4"/>
					</TextLine>
					<TextLine ID="P4_TL00046" HPOS="86" VPOS="3279" WIDTH="1979" HEIGHT="53">
						<String ID="P4_ST00509" HPOS="86" VPOS="3280" WIDTH="167" HEIGHT="39" CONTENT="révéler" WC="1.00" CC="0000300"/>
						<SP ID="P4_SP00460" HPOS="253" VPOS="3319" WIDTH="21"/>
						<String ID="P4_ST00510" HPOS="274" VPOS="3280" WIDTH="62" HEIGHT="40" CONTENT="les" WC="0.99" CC="200"/>
						<SP ID="P4_SP00461" HPOS="336" VPOS="3320" WIDTH="22"/>
						<String ID="P4_ST00511" HPOS="358" VPOS="3281" WIDTH="112" HEIGHT="39" CONTENT="dons" WC="0.99" CC="0005"/>
						<SP ID="P4_SP00462" HPOS="470" VPOS="3320" WIDTH="22"/>
						<String ID="P4_ST00512" HPOS="492" VPOS="3279" WIDTH="103" HEIGHT="41" CONTENT="d'un" WC="0.99" CC="0060"/>
						<SP ID="P4_SP00463" HPOS="595" VPOS="3320" WIDTH="23"/>
						<String ID="P4_ST00513" HPOS="618" VPOS="3281" WIDTH="155" HEIGHT="41" CONTENT="Talma" WC="0.91" CC="00400"/>
						<SP ID="P4_SP00464" HPOS="773" VPOS="3322" WIDTH="21"/>
						<String ID="P4_ST00514" HPOS="794" VPOS="3297" WIDTH="56" HEIGHT="26" CONTENT="ou" WC="0.50" CC="45"/>
						<SP ID="P4_SP00465" HPOS="850" VPOS="3323" WIDTH="24"/>
						<String ID="P4_ST00515" HPOS="874" VPOS="3285" WIDTH="104" HEIGHT="39" CONTENT="d'un" WC="0.99" CC="0006"/>
						<SP ID="P4_SP00466" HPOS="978" VPOS="3324" WIDTH="21"/>
						<String ID="P4_ST00516" HPOS="999" VPOS="3283" WIDTH="199" HEIGHT="42" CONTENT="Nourrit." WC="0.98" CC="44604054"/>
						<SP ID="P4_SP00467" HPOS="1198" VPOS="3325" WIDTH="25"/>
						<String ID="P4_ST00517" HPOS="1223" VPOS="3284" WIDTH="290" HEIGHT="48" CONTENT="Néanmoins," WC="0.99" CC="4002003104"/>
						<SP ID="P4_SP00468" HPOS="1513" VPOS="3332" WIDTH="20"/>
						<String ID="P4_ST00518" HPOS="1533" VPOS="3285" WIDTH="29" HEIGHT="38" CONTENT="il" WC="0.63" CC="42"/>
						<SP ID="P4_SP00469" HPOS="1562" VPOS="3332" WIDTH="18"/>
						<String ID="P4_ST00519" HPOS="1580" VPOS="3297" WIDTH="45" HEIGHT="26" CONTENT="se" WC="1.00" CC="00"/>
						<SP ID="P4_SP00470" HPOS="1625" VPOS="3332" WIDTH="20"/>
						<String ID="P4_ST00520" HPOS="1645" VPOS="3292" WIDTH="152" HEIGHT="31" CONTENT="trouve" WC="0.99" CC="560200"/>
						<SP ID="P4_SP00471" HPOS="1797" VPOS="3332" WIDTH="19"/>
						<String ID="P4_ST00521" HPOS="1816" VPOS="3296" WIDTH="157" HEIGHT="28" CONTENT="encore" WC="0.99" CC="460200"/>
						<SP ID="P4_SP00472" HPOS="1973" VPOS="3332" WIDTH="15"/>
						<String ID="P4_ST00522" HPOS="1988" VPOS="3283" WIDTH="77" HEIGHT="41" CONTENT="des" WC="1.00" CC="000"/>
					</TextLine>
					<TextLine ID="P4_TL00047" HPOS="87" VPOS="3348" WIDTH="1978" HEIGHT="55">
						<String ID="P4_ST00523" HPOS="87" VPOS="3348" WIDTH="221" HEIGHT="50" CONTENT="aspirants" WC="1.00" CC="000000040"/>
						<SP ID="P4_SP00473" HPOS="308" VPOS="3398" WIDTH="21"/>
						<String ID="P4_ST00524" HPOS="329" VPOS="3360" WIDTH="120" HEIGHT="26" CONTENT="assez" WC="1.00" CC="00000"/>
						<SP ID="P4_SP00474" HPOS="449" VPOS="3398" WIDTH="25"/>
						<String ID="P4_ST00525" HPOS="474" VPOS="3349" WIDTH="180" HEIGHT="50" CONTENT="simples" WC="0.99" CC="0400304"/>
						<SP ID="P4_SP00475" HPOS="654" VPOS="3399" WIDTH="23"/>
						<String ID="P4_ST00526" HPOS="677" VPOS="3363" WIDTH="112" HEIGHT="37" CONTENT="pour" WC="0.99" CC="0030"/>
						<SP ID="P4_SP00476" HPOS="789" VPOS="3400" WIDTH="22"/>
						<String ID="P4_ST00527" HPOS="811" VPOS="3350" WIDTH="169" HEIGHT="41" CONTENT="débiter" WC="0.99" CC="0003600"/>
						<SP ID="P4_SP00477" HPOS="980" VPOS="3400" WIDTH="22"/>
						<String ID="P4_ST00528" HPOS="1002" VPOS="3353" WIDTH="38" HEIGHT="38" CONTENT="le" WC="0.98" CC="00"/>
						<SP ID="P4_SP00478" HPOS="1040" VPOS="3400" WIDTH="20"/>
						<String ID="P4_ST00529" HPOS="1060" VPOS="3354" WIDTH="91" HEIGHT="38" CONTENT="rôle" WC="0.97" CC="5340"/>
						<SP ID="P4_SP00479" HPOS="1151" VPOS="3400" WIDTH="22"/>
						<String ID="P4_ST00530" HPOS="1173" VPOS="3354" WIDTH="52" HEIGHT="38" CONTENT="de" WC="1.00" CC="00"/>
						<SP ID="P4_SP00480" HPOS="1225" VPOS="3400" WIDTH="24"/>
						<String ID="P4_ST00531" HPOS="1249" VPOS="3362" WIDTH="95" HEIGHT="31" CONTENT="tous" WC="0.99" CC="3300"/>
						<SP ID="P4_SP00481" HPOS="1344" VPOS="3400" WIDTH="24"/>
						<String ID="P4_ST00532" HPOS="1368" VPOS="3354" WIDTH="62" HEIGHT="38" CONTENT="les" WC="0.99" CC="100"/>
						<SP ID="P4_SP00482" HPOS="1430" VPOS="3400" WIDTH="23"/>
						<String ID="P4_ST00533" HPOS="1453" VPOS="3365" WIDTH="302" HEIGHT="38" CONTENT="personnages" WC="1.00" CC="00000460000"/>
						<SP ID="P4_SP00483" HPOS="1755" VPOS="3403" WIDTH="23"/>
						<String ID="P4_ST00534" HPOS="1778" VPOS="3352" WIDTH="53" HEIGHT="40" CONTENT="de" WC="1.00" CC="00"/>
						<SP ID="P4_SP00484" HPOS="1831" VPOS="3403" WIDTH="24"/>
						<String ID="P4_ST00535" HPOS="1855" VPOS="3353" WIDTH="38" HEIGHT="40" CONTENT="la" WC="1.00" CC="00"/>
						<SP ID="P4_SP00485" HPOS="1893" VPOS="3403" WIDTH="26"/>
						<String ID="P4_ST00536" HPOS="1919" VPOS="3356" WIDTH="117" HEIGHT="37" CONTENT="comé" SUBS_TYPE="HypPart1" SUBS_CONTENT="comédie" WC="0.99" CC="0000"/>
						<HYP HPOS="2036" VPOS="3356" WIDTH="29" CONTENT="-"/>
					</TextLine>
					<TextLine ID="P4_TL00048" HPOS="84" VPOS="3415" WIDTH="1982" HEIGHT="54">
						<String ID="P4_ST00537" HPOS="84" VPOS="3415" WIDTH="71" HEIGHT="40" CONTENT="die" SUBS_TYPE="HypPart2" SUBS_CONTENT="comédie" WC="0.99" CC="020"/>
						<SP ID="P4_SP00486" HPOS="155" VPOS="3455" WIDTH="23"/>
						<String ID="P4_ST00538" HPOS="178" VPOS="3428" WIDTH="56" HEIGHT="27" CONTENT="ou" WC="0.78" CC="04"/>
						<SP ID="P4_SP00487" HPOS="234" VPOS="3455" WIDTH="23"/>
						<String ID="P4_ST00539" HPOS="257" VPOS="3415" WIDTH="51" HEIGHT="40" CONTENT="de" WC="1.00" CC="00"/>
						<SP ID="P4_SP00488" HPOS="308" VPOS="3455" WIDTH="24"/>
						<String ID="P4_ST00540" HPOS="332" VPOS="3415" WIDTH="39" HEIGHT="39" CONTENT="la" WC="0.98" CC="00"/>
						<SP ID="P4_SP00489" HPOS="371" VPOS="3455" WIDTH="36"/>
						<String ID="P4_ST00541" HPOS="407" VPOS="3416" WIDTH="196" HEIGHT="49" CONTENT="tragédie" WC="1.00" CC="20000000"/>
						<SP ID="P4_SP00490" HPOS="603" VPOS="3465" WIDTH="24"/>
						<String ID="P4_ST00542" HPOS="627" VPOS="3417" WIDTH="128" HEIGHT="51" CONTENT="qu'ils" WC="0.99" CC="003130"/>
						<SP ID="P4_SP00491" HPOS="755" VPOS="3468" WIDTH="30"/>
						<String ID="P4_ST00543" HPOS="785" VPOS="3427" WIDTH="74" HEIGHT="31" CONTENT="ont" WC="0.95" CC="265"/>
						<SP ID="P4_SP00492" HPOS="859" VPOS="3468" WIDTH="23"/>
						<String ID="P4_ST00544" HPOS="882" VPOS="3419" WIDTH="179" HEIGHT="40" CONTENT="choisie." WC="0.99" CC="01008302"/>
						<SP ID="P4_SP00493" HPOS="1061" VPOS="3468" WIDTH="27"/>
						<String ID="P4_ST00545" HPOS="1088" VPOS="3419" WIDTH="86" HEIGHT="41" CONTENT="Ces" WC="0.99" CC="100"/>
						<SP ID="P4_SP00494" HPOS="1174" VPOS="3468" WIDTH="23"/>
						<String ID="P4_ST00546" HPOS="1197" VPOS="3422" WIDTH="297" HEIGHT="38" CONTENT="excentricités" WC="1.00" CC="0000040302000"/>
						<SP ID="P4_SP00495" HPOS="1494" VPOS="3468" WIDTH="37"/>
						<String ID="P4_ST00547" HPOS="1531" VPOS="3422" WIDTH="272" HEIGHT="47" CONTENT="témoignent" WC="0.99" CC="6000300206"/>
						<SP ID="P4_SP00496" HPOS="1803" VPOS="3469" WIDTH="29"/>
						<String ID="P4_ST00548" HPOS="1832" VPOS="3421" WIDTH="53" HEIGHT="39" CONTENT="de" WC="1.00" CC="00"/>
						<SP ID="P4_SP00497" HPOS="1885" VPOS="3469" WIDTH="23"/>
						<String ID="P4_ST00549" HPOS="1908" VPOS="3420" WIDTH="158" HEIGHT="49" CONTENT="l'igno-" WC="0.76" CC="4030044"/>
					</TextLine>
				</TextBlock>
			</PrintSpace>
		</Page>
	</Layout>
</alto>
