2156 3627
88 164 75 36 334

569 165 51 28 LE
653 167 367 26 CONSERVATOIRE
1054 168 218 27 NATIONAL
1304 169 56 26 DE
1390 170 198 32 MUSIQUE

139 254 64 43 Le
233 258 192 50 premier
446 257 101 40 date
567 257 53 40 de
642 261 99 47 1833
769 272 8 34 5
800 258 29 39 il
851 272 22 25 a
893 262 68 35 été
996 263 209 47 composé
1226 273 80 38 par
1336 258 52 41 L.
1411 259 159 50 Adam,
1597 267 103 46 père
1738 264 52 39 de
1809 264 187 40 l'auteur
2014 264 58 41 du

84 323 217 42 Postillon
320 325 50 39 de
390 325 126 52 Long
517 324 173 53 jumeau
696 356 9 17 ,
733 327 72 50 qui
844 339 149 36 exerça
1034 327 62 39 les
1118 325 222 42 fonctions
1371 328 54 39 de
1466 328 255 52 professeur
1757 331 54 39 de
1851 333 131 49 piano
2018 346 54 26 au

85 391 340 41 Conservatoire
447 392 157 51 depuis
623 392 87 40 l'an
732 392 54 41 V.
811 393 141 48 Voici,
978 392 172 54 d'après
1164 394 39 40 le
1222 397 242 39 manuscrit
1488 398 290 51 autographe,
1805 398 39 40 le
1863 400 98 39 titre
1976 408 41 31 et
2032 400 38 39 la

84 459 259 40 distination
367 459 53 40 de
438 459 181 41 l'œuvre
641 472 7 27 :
684 459 203 42 Morceau
909 462 49 39 de
981 462 187 54 musique
1195 470 112 46 pour
1339 463 36 39 le
1401 463 133 55 piano
1574 468 194 52 composé
1787 469 145 51 exprès
1960 474 112 46 pour

82 526 112 53 faire
217 526 77 39 lire
317 529 23 35 à
364 527 103 40 livre
486 534 143 34 ouvert
651 543 83 25 aux
756 537 281 33 concourants
1055 531 52 39 de
1128 531 41 39 la
1192 531 128 39 classe
1345 532 71 39 des
1442 530 184 42 hommes
1658 539 112 47 pour
1802 533 55 39 les
1888 534 101 54 prix
2024 535 48 38 de

79 593 134 54 piano
240 595 50 38 de
309 595 127 53 1833,
455 602 81 47 par
556 595 50 40 L.
627 595 158 42 Adam.

138 661 63 41 Ce
219 663 192 51 pianiste
434 666 301 49 compositeur
759 668 115 38 avait
895 667 116 40 alors
1031 680 45 38 75
1108 680 80 26 ans
1211 681 8 34 ;
1244 668 28 39 il
1296 676 180 32 mourut
1515 669 159 51 quinze
1717 682 78 26 ans
1830 668 101 52 plus
1962 670 109 39 tard.

138 729 69 41 En
230 739 109 31 cette
362 735 139 37 année
540 735 116 48 1833,
693 734 38 40 le
752 737 191 49 premier
964 737 93 50 prix
1080 735 53 40 de
1149 737 132 50 piano
1300 736 129 41 échut
1449 741 21 35 à
1495 736 212 50 Prudent,
1728 737 73 51 qui
1827 739 145 49 acquit
1989 751 85 26 une

86 800 191 39 certaine
300 802 252 50 réputation
575 809 40 32 et
634 811 182 32 mourut
841 817 53 26 en
927 803 145 53 pleine
1107 805 187 39 carrière
1330 809 22 34 à
1380 807 53 47 46
1476 817 93 27 ans.
1608 803 273 52 Pasdeloup,
1907 804 108 40 dont
2036 805 39 39 le

84 880 104 28 nom
219 876 65 32 est
306 868 99 52 plus
423 882 160 37 connu,
606 883 88 27 non
717 883 173 28 comme
930 873 204 50 pianiste,
1172 875 112 37 mais
1308 885 171 28 comme
1497 871 238 42 fondateur
1752 872 78 40 des
1853 871 218 42 Concerts

84 936 255 52 populaires
359 936 59 40 du
441 936 166 53 Cirque
628 937 185 51 d'hiver,
842 948 220 43 remporta
1093 940 38 39 le
1172 941 161 39 second
1357 942 94 50 prix
1476 955 55 26 au
1563 944 144 36 même
1743 953 216 28 concours
2010 939 62 41 Le

85 1017 206 27 morceau
314 1005 273 40 d'exécution
606 1008 104 37 était
733 1019 87 27 une
836 1015 154 32 sonate
1011 1007 53 39 de
1096 1006 224 41 Hummel.

139 1071 241 49 Autrefois,
405 1073 62 40 les
487 1087 233 26 morceaux
740 1075 51 38 de
815 1075 164 40 lecture
996 1078 20 35 à
1040 1087 84 27 vue
1149 1076 208 39 restaient
1376 1075 178 47 inédits,
1576 1088 47 25 ce
1641 1076 74 50 qui
1747 1076 252 50 permettait
2022 1076 52 38 de

86 1140 62 39 les
167 1141 195 51 imposer
386 1145 20 34 à
431 1154 203 27 nouveau
653 1142 111 39 dans
784 1142 62 38 les
875 1155 207 26 examens
1105 1150 40 31 et
1162 1155 213 27 concours
1399 1143 284 51 postérieurs.
1710 1141 128 40 Celui
1872 1142 53 38 de
1968 1145 100 46 1833

84 1205 64 41 fut
171 1207 146 39 donné
343 1221 52 24 en
425 1210 114 46 1836,
564 1222 54 25 en
647 1211 101 47 1842
779 1217 39 30 et
842 1222 54 25 en
925 1212 115 47 1852.
1080 1209 68 39 En
1181 1217 109 31 cette
1313 1208 201 40 dernière
1550 1213 155 45 année,
1743 1209 29 39 il
1809 1208 65 40 fut
1897 1213 177 36 exécuté

85 1289 79 36 par
187 1273 52 41 G.
258 1274 136 46 Bizet,
415 1276 74 49 qui
506 1283 118 42 reçut
644 1275 38 39 le
705 1277 191 50 premier
912 1278 109 50 prix.

136 1341 64 40 Le
241 1342 161 39 second
438 1356 206 26 morceau
667 1343 54 40 de
752 1343 271 50 déchiffrage
1051 1358 21 25 a
1097 1349 66 35 été
1203 1344 105 39 écrit
1338 1357 54 26 en
1422 1357 101 37 1902
1541 1357 79 38 par
1640 1342 60 39 M.
1726 1343 146 41 Raoul
1896 1343 159 51 Pugno

83 1409 131 40 Point
237 1409 109 40 n'est
371 1409 156 40 besoin
551 1409 204 41 d'établir
777 1426 58 24 un
859 1411 225 52 parallèle.

133 1476 88 41 Les
242 1478 214 51 pianistes
476 1487 131 43 ayant
641 1483 220 48 remporté
879 1479 40 39 le
940 1480 190 51 premier
1149 1481 92 50 prix
1273 1487 99 31 sont
1408 1478 165 51 légion,
1606 1480 120 38 aussi
1761 1492 52 26 ne
1846 1492 199 39 pouvons-

80 1558 113 27 nous
231 1559 53 26 en
313 1559 204 26 nommer
545 1560 85 38 que
668 1547 327 52 quelques-uns
1018 1559 7 28 :
1064 1547 215 50 Pradher,
1340 1546 350 49 Zimmermann,
1738 1546 329 48 Kalkbrenner,

84 1614 179 50 Hérold,
299 1612 128 50 Ilerz,
465 1614 172 50 Benoît,
661 1614 64 41 Le
748 1615 230 52 Couppey,
1002 1614 50 42 A.
1074 1615 215 48 Thomas,
1311 1613 238 50 Lacombe,
1576 1614 286 49 Marmontel,
1884 1614 188 50 Ravina,

82 1680 51 41 C.
157 1682 188 50 Franck,
367 1682 53 40 V.
444 1681 165 51 Massé,
635 1681 160 52 Alkan,
821 1683 244 52 Philippot,
1086 1682 290 50 Wienawski,
1403 1682 172 50 Planté,
1604 1682 38 54 J.
1666 1682 171 49 Cohen,
1862 1681 51 42 G.
1934 1682 138 50 Bizet,

83 1750 159 39 Fissot.
280 1749 247 48 Paladilhe,
565 1748 216 50 Guiraud,
799 1750 240 48 Massenet,
1060 1750 50 40 E.
1130 1750 214 49 Bernard,
1362 1750 176 51 Pugno,
1557 1750 249 48 Wormser,
1836 1750 51 40 C.
1909 1750 142 40 Bellai-

84 1830 102 38 gue,
232 1817 174 47 Pierné,
441 1817 81 40 Ch.
567 1817 136 47 René,
740 1818 29 39 I.
814 1818 195 52 Philipp,
1051 1818 176 48 Falcke,
1270 1817 262 48 Chansarel,
1575 1818 188 54 Jemain,
1824 1817 247 51 Delafosse,

86 1886 158 49 Staub,
266 1886 160 47 Risler,
450 1886 178 48 Malats,
651 1887 249 47 Wurmser,
926 1885 217 49 Lemaire,
1162 1885 171 51 Cortot,
1359 1894 78 31 etc.
1465 1886 108 39 Plus
1597 1885 294 41 nombreuses
1912 1899 160 26 encore

86 1964 98 31 sont
209 1955 61 39 les
292 1954 200 48 femmes,
515 1964 40 30 et
578 1955 38 38 la
641 1955 121 50 place
791 1967 112 26 nous
936 1967 193 38 manque
1155 1967 112 38 pour
1305 1955 105 38 citer
1425 1954 77 39 des
1522 1968 128 26 noms
1680 1968 104 25 sans
1817 1955 176 39 éveiller
2020 1956 53 39 de

86 2021 356 53 susceptibilités.

139 2090 121 40 Tous
281 2091 62 38 les
360 2103 213 27 concours
596 2091 75 38 des
713 2090 165 39 classes
913 2089 338 40 d'instruments
1274 2090 245 39 consistent
1542 2090 111 39 dans
1687 2091 261 38 l'exécution
1971 2090 103 39 d'un

86 2172 207 27 morceau
315 2159 184 49 désigné
519 2172 79 38 par
620 2158 38 39 le
677 2157 176 40 Comité
870 2157 230 41 d'examen
1136 2158 185 38 environ
1344 2171 60 25 un
1422 2159 114 38 mois
1561 2162 21 35 à
1604 2157 197 40 l'avance
1837 2166 40 31 et
1916 2159 38 38 la
1982 2158 69 39 lec-

86 2235 94 31 ture
201 2231 21 34 à
243 2228 215 50 première
480 2239 83 26 vue
581 2226 104 39 d'un
708 2225 220 50 fragment
949 2226 241 38 manuscrit
1211 2225 313 51 spécialement
1544 2230 212 47 composé
1775 2239 113 38 pour
1906 2226 171 51 chaque

86 2308 229 26 concours.
341 2293 199 41 Nombre
567 2294 25 39 d
614 2295 174 38 artistes
811 2302 77 31 ont
910 2294 222 51 triomphé
1154 2293 111 40 dans
1298 2306 70 26 ces
1392 2298 212 47 épreuves
1635 2302 42 31 et
1702 2306 45 27 se
1771 2302 99 31 sont
1912 2293 77 40 fait
2015 2308 62 25 un

88 2376 104 26 nom
214 2362 134 50 digne
370 2363 53 38 de
440 2362 175 39 l'Ecole.
645 2362 138 39 Faute
807 2361 53 39 de
882 2361 138 52 place,
1042 2374 112 26 nous
1172 2374 53 25 ne
1267 2373 203 38 pouvons
1494 2374 236 26 consacrer
1768 2376 60 24 un
1865 2362 212 38 souvenir

90 2434 143 36 même
268 2444 82 26 aux
381 2430 99 51 plus
513 2431 218 38 éminents
767 2430 76 38 des
872 2429 195 39 diverses
1109 2428 220 40 branches
1371 2428 214 40 d'études.
1625 2427 126 41 Nous
1782 2430 296 38 terminerons

91 2499 112 39 donc
225 2512 80 38 par
323 2498 62 39 les
404 2498 274 39 violonistes.
705 2497 150 40 Parmi
874 2498 62 38 les
959 2501 200 43 maîtres,
1187 2503 55 33 où
1267 2504 273 32 trouve-t-on
1564 2496 52 38 de
1639 2496 99 51 plus
1774 2495 194 40 célèbres
1987 2498 69 37 vir-

92 2574 150 32 tuoses
274 2578 84 38 que
381 2562 226 52 Gaviniès,
641 2563 309 53 Lahoussaye,
978 2565 141 47 Rode,
1155 2564 227 47 Kreutzer,
1424 2562 152 51 Alard,
1613 2563 257 46 Flabeneck,
1896 2564 178 46 Baillot,

90 2633 209 47 Massart,
326 2631 188 53 Sauzay,
539 2632 183 48 Dancla,
767 2632 157 42 Girard
968 2642 40 31 et
1049 2632 194 49 Maurin,
1281 2646 113 38 pour
1416 2632 39 39 la
1480 2632 178 52 plupart
1677 2634 214 50 premiers
1914 2633 94 49 prix
2027 2632 52 38 de

91 2691 163 50 l'École
273 2705 15 36 ?
305 2700 122 40 Dans
447 2701 38 39 le
508 2700 186 40 nombre
714 2701 52 40 de
789 2715 105 26 ceux
926 2703 75 51 qui
1025 2710 76 31 ont
1135 2705 221 48 remporté
1380 2700 38 40 la
1456 2703 206 49 suprême
1698 2704 303 47 récompense,
2025 2712 54 26 ne

92 2777 357 32 rencontre-t-on
465 2782 79 38 pas
565 2770 200 50 quantité
787 2769 221 40 d'artistes
1042 2783 185 35 connus,
1254 2769 159 51 depuis
1436 2766 273 52 Sauvageot,
1734 2767 152 47 Duret,
1905 2766 169 44 Mazas,

93 2837 211 49 Tilmant,
346 2837 272 51 Tolbecque,
646 2835 130 51 Gras,
828 2836 205 49 Sainton,
1071 2836 249 49 Croisilles,
1347 2834 188 49 Chaine,
1576 2835 167 47 Bevon,
1781 2834 295 50 Wienawski,

97 2901 138 50 Altès,
258 2902 214 48 Lancien,
499 2902 178 49 Garcin,
698 2902 301 53 Lamoureux,
1020 2903 197 48 Accursi,
1235 2904 170 47 White,
1429 2903 225 49 Sarasate,
1669 2902 168 55 Jacobi,
1860 2902 216 50 Colonne,

95 2971 274 51 Desjardins,
403 2970 286 48 Montardon,
727 2971 206 49 Taudou,
988 2973 250 52 Heyrnann,
1298 2971 211 47 Marsick,
1569 2971 259 48 Berthelier,
1872 2969 205 49 Nadaud,

92 3040 39 54 J.
156 3039 138 48 Wolf,
343 3039 162 52 Hayot,
540 3041 172 51 jusqu'à
752 3041 174 48 Mâche,
967 3042 129 50 Rieu,
1136 3041 210 51 Laforge,
1406 3039 191 52 Quanté,
1641 3037 174 44 Tracol,
1858 3035 216 42 Marteau,

97 3107 252 47 Boucherit,
373 3107 154 52 Capet,
554 3107 245 41 Willaume
816 3118 40 32 et
879 3109 206 41 Thibaud
1110 3114 16 36 ?
1145 3110 231 40 Plusieurs
1396 3107 184 40 femmes
1620 3119 45 25 se
1697 3113 99 30 sont
1832 3104 248 49 également

99 3176 297 49 distinguées:
420 3184 120 31 entre
555 3184 161 43 autres,
736 3175 46 41 M
788 3175 54 27 lles
864 3176 170 53 Tayau,
1053 3177 273 50 Boulanger,
1342 3173 282 43 Pommereul
1644 3173 212 49 (devenue
1868 3171 39 39 la
1919 3170 161 41 femme

101 3244 53 39 de
170 3244 172 38 l'actuel
362 3245 199 38 ministre
583 3244 77 39 des
692 3242 230 55 finances),
944 3245 111 48 Tua,
1074 3246 183 46 Dantin,
1281 3253 79 31 etc.

154 3310 64 40 De
241 3312 80 39 tels
342 3312 205 40 résultats
571 3310 202 42 suffisent
794 3317 21 34 à
839 3326 189 37 prouver
1052 3327 84 38 que
1154 3314 38 38 le
1216 3310 340 42 Conservatoire
1576 3307 174 51 remplit
1775 3321 102 26 sans
1898 3307 156 40 déméri-

100 3387 64 31 ter
178 3379 40 40 la
242 3380 133 39 haute
404 3381 186 38 mission
614 3383 74 47 qui
712 3380 59 40 lui
792 3388 64 32 est
884 3380 202 40 dévolue.

1444 3444 238 39 CONSTANT
1715 3443 191 40 PIERRE.
