2974 3939
408 3531 76 62 34

412 237 129 71 LA
605 237 269 74 CITE
928 265 33 35 ■
1014 239 213 72 1928
1281 232 561 76 «VOLUME
1878 232 180 71 VII-
2101 224 498 76 NUMERO
2657 224 159 71 3-4

397 564 142 56 Afin
569 587 116 51 que
714 563 118 56 l'on
863 564 200 71 puisse
1094 563 310 71 apprécier
1432 572 162 42 toute
1625 557 54 54 la
1709 559 205 70 portée
1945 553 71 56 de
2045 553 57 56 la
2133 567 261 40 création
2425 550 72 56 de
2538 550 18 55 1
2584 551 236 54 Institut

398 652 309 71 supérieur
736 648 104 56 des
872 648 146 56 Arts
1042 645 338 65 décoratifs,
1411 667 152 32 nous
1592 666 189 31 avons
1805 666 103 31 cru
1931 639 141 57 utile
2096 638 72 56 de
2192 635 350 75 reproduire
2567 638 257 70 ci-après

394 736 366 55 l'allocution
802 736 339 71 prononcée
1184 756 108 49 par
1335 755 106 31 son
1471 728 313 65 directeur,
1817 728 96 55 M..
1945 727 145 53 Van
2132 723 72 56 de
2247 722 216 66 Velde,
2493 722 121 55 lors
2657 719 71 57 de
2769 720 53 55 la

395 837 173 40 visite
613 819 270 58 officielle
914 818 72 57 de
1016 818 56 56 la
1105 818 226 64 Presse,
1363 816 51 54 le
1444 816 72 55 27
1544 813 151 57 avril
1724 813 251 55 dernier.

986 1052 182 56 MM.
1198 1049 72 57 de
1298 1048 59 56 la
1387 1048 212 55 Presse
1629 1045 167 74 belge
1829 1059 56 41 et
1913 1047 323 70 étrangère,

840 1141 58 53 H
907 1164 170 30 eeren
1109 1137 106 56 der
1243 1134 367 56 Vlaamsche
1640 1157 67 31 en
1742 1131 453 57 Nederlansche
2227 1152 152 50 pers,

401 1326 82 55 Je
515 1349 89 30 me
635 1338 257 59 permets
922 1321 72 56 de
1024 1345 150 32 vous
1207 1319 194 55 saluer
1429 1343 75 30 au
1535 1341 136 31 nom
1701 1315 80 56 du
1811 1339 176 48 corps
2017 1311 366 76 professoral
2426 1310 73 56 de
2540 1310 287 54 l'lnstitut

403 1414 309 70 supérieur
741 1409 104 56 des
877 1409 146 54 Arts
1052 1405 321 57 décoratifs
1396 1405 150 53 ainsi
1570 1402 172 74 qu'en
1768 1425 137 32 mon
1930 1424 152 32 nom.
2109 1400 176 54 Nous
2308 1420 151 33 vous
2485 1397 340 71 exprimons

401 1520 107 32 nos
557 1498 118 53 vifs
723 1499 437 51 remerrîments
1210 1491 228 55 d'avoir
1486 1487 271 74 répondu
1809 1491 34 51 à
1890 1486 355 55 l'invitation
2300 1485 103 72 qui
2452 1505 151 32 vous
2651 1505 34 31 a
2735 1482 89 52 été

401 1583 293 56 adressée.
727 1583 176 54 Vous
934 1578 330 57 n'attendez
1296 1602 105 48 pas
1432 1575 72 57 de
1535 1578 116 53 moi
1679 1599 115 50 que
1820 1575 55 69 je
1905 1597 150 31 vous
2086 1571 195 56 donne
2312 1586 132 40 tous
2488 1569 83 54 les
2613 1566 212 56 détails

401 1668 408 72 rétrospectifs
842 1691 58 30 se
930 1678 353 60 rapportant
1311 1666 34 51 à
1372 1661 56 55 la
1460 1664 261 53 création
1752 1659 72 56 de
1847 1659 18 53 1
1891 1659 256 54 Institut.
2182 1655 153 58 Cela
2364 1679 55 31 m
2444 1665 381 45 entraînerait

402 1759 34 51 à
484 1754 104 56 des
638 1752 387 73 explications
1074 1774 113 50 que
1231 1750 55 69 je
1335 1772 90 30 me
1474 1750 236 51 réserve
1759 1744 73 56 de
1874 1743 282 73 produire
2199 1740 202 75 quand
2444 1740 51 55 le
2538 1754 189 56 temps
2770 1752 54 40 et

401 1840 320 55 l'occasion
750 1862 90 31 me
872 1852 199 41 seront
1099 1834 226 56 donnés
1356 1833 72 56 de
1453 1834 150 70 jeter
1631 1856 79 31 un
1738 1829 216 74 regard
1983 1854 70 30 en
2083 1830 236 54 arrière.

406 1926 49 55 Il
493 1928 178 52 serait
699 1922 354 75 regrettable
1085 1946 113 48 que
1227 1920 16 54 1
1269 1922 278 53 occasion
1578 1942 71 31 ne
1678 1942 89 29 me
1801 1920 88 51 lut
1918 1940 108 48 pas
2057 1914 231 56 donnée
2319 1928 56 39 et
2403 1936 115 49 que
2547 1910 53 56 le
2629 1924 195 57 temps

406 2037 88 31 me
536 2018 301 66 manquât,
882 2032 99 32 car
1020 2008 37 55 il
1100 2008 149 53 n'est
1290 2030 106 49 pas
1442 2028 136 32 sans
1607 2007 213 52 intérêt
1850 2002 175 75 qu'on
2062 2001 175 55 sache
2269 2012 292 43 comment
2590 2012 56 39 et
2675 1995 149 56 dans

407 2097 225 75 quelles
676 2094 333 58 conditions
1066 2117 58 31 se
1180 2094 198 54 créent
1433 2115 69 30 en
1561 2089 285 73 Belgique
1902 2088 83 53 les
2039 2089 364 52 institutions
2458 2082 279 73 appelées
2793 2105 34 30 a

407 2208 239 31 exercer
680 2181 256 75 quelque
966 2180 290 54 influence
1301 2201 99 32 sur
1439 2177 54 55 le
1535 2174 497 73 développement
2073 2172 71 56 de
2187 2186 168 41 notre
2398 2169 226 56 culture
2669 2182 56 41 et
2754 2167 71 54 de

404 2270 483 71 l'enseignement
915 2290 101 48 qui
1043 2263 59 56 la
1131 2267 268 69 prépare.

409 2355 49 56 Il
500 2356 129 53 faut
668 2352 234 56 vouloir
944 2352 359 54 férocement
1343 2373 113 30 une
1499 2347 178 56 chose
1829 2346 143 55 chez
2013 2368 150 31 nous
2317 2365 152 50 pour
2510 2365 81 50 qu
2615 2340 107 54 elle
2768 2362 58 31 se

406 2440 210 56 réalise
649 2454 56 39 et
733 2437 36 56 il
801 2462 71 30 ne
902 2437 130 55 faut
1061 2459 107 48 pas
1199 2436 169 53 avoir
1397 2456 148 50 peur
1574 2431 72 56 de
1679 2431 301 72 s'exposer
2021 2454 114 30 aux
2177 2430 261 61 avanies,
2482 2450 117 31 aux
2641 2448 186 49 coups

408 2542 56 39 et
493 2549 108 50 pis.

409 2614 101 63 Ici,
541 2637 75 30 au
658 2624 259 42 moment
958 2610 76 53 où
1077 2630 148 32 vous
1268 2629 316 32 consacrez
1618 2628 108 48 par
1756 2618 148 40 cette
1936 2604 286 71 première
2252 2602 189 61 visite,
2468 2599 183 54 MM.
2676 2596 73 55 de
2773 2596 56 55 la

412 2699 227 64 Presse,
671 2696 337 55 l'existence
1044 2693 73 56 de
1151 2691 300 64 l'lnstitut,
1477 2691 55 69 je
1563 2714 149 31 vous
1749 2688 130 57 dois
1909 2703 182 40 avant
2119 2702 128 40 tout
2280 2699 149 42 cette
2463 2682 364 58 déclaration

409 2808 115 50 que
569 2807 136 32 sans
747 2782 57 54 la
844 2780 240 56 volonté
1128 2779 290 71 opiniâtre
1461 2775 71 56 de
1574 2775 249 56 l'ancien
1865 2776 261 53 ministre
2172 2770 253 59 Camille
2459 2770 368 73 Huysmans,

409 2884 92 41 cet
526 2869 240 55 Institut
794 2867 361 54 n'existerait
1183 2862 134 73 pas!

412 2954 203 56 L'idée
658 2952 73 57 de
771 2952 59 54 la
872 2953 260 53 création
1175 2948 73 56 de
1283 2948 297 63 l'lnstitut,
1613 2947 141 54 c'est
1781 2945 83 56 lui
1893 2948 103 71 qui
2024 2944 75 55 l'a
2124 2945 452 70 spontanément
2604 2942 225 69 reprise

409 3065 75 32 au
528 3053 259 42 moment
827 3038 76 55 où
933 3036 39 55 il
1001 3036 205 55 devint
1241 3034 286 55 Ministre
1559 3032 103 56 des
1696 3032 277 56 Sciences
2006 3044 56 41 et
2090 3028 104 56 des
2226 3028 162 56 Arts.
2422 3027 168 57 C'est
2618 3025 81 56 lui
2728 3027 102 71 qui

412 3131 126 52 vint
566 3151 90 31 me
686 3127 201 71 quérir
919 3147 71 31 en
1023 3119 303 58 Hollande
1358 3121 76 54 où
1460 3121 54 68 je
1545 3118 223 56 m'étais
1799 3117 195 56 établi.

412 3211 264 58 Possédé
721 3234 108 49 par
870 3224 149 40 cette
1058 3207 130 56 idée
1231 3230 114 49 que
1375 3229 149 31 nous
1555 3207 240 52 aurions
1825 3207 35 52 à
1886 3217 341 57 rattrapper
2255 3225 80 32 un
2363 3198 200 57 retard
2593 3197 71 56 de
2695 3201 136 70 près

408 3302 73 55 30
511 3301 218 53 années
762 3320 100 32 sur
888 3295 85 54 les
1002 3293 328 56 nombreux
1372 3315 149 48 pays
1564 3315 70 29 en
1667 3291 244 71 Europe
1947 3291 102 71 qui
2077 3311 150 32 nous
2270 3288 237 54 avaient
2548 3282 283 75 précédés

412 3385 149 56 dans
591 3384 56 55 la
675 3385 134 53 voie
840 3381 72 56 de
942 3380 57 56 la
1027 3380 470 71 réorganisation
1521 3375 71 56 de
1616 3375 505 72 l'Enseignement
2144 3375 275 71 pratique
2444 3386 55 39 et
2521 3371 310 71 artistique
