2974 3939
1376 231 483 73 VOLUME
1894 228 102 71 VII
2039 254 35 35 ■

2118 228 497 74 NUMERO
2671 231 158 71 3-4

434 238 129 69 LA
624 233 272 76 CITE
947 264 33 33 ■
1033 238 213 71 1928
1297 264 33 33 ■

406 3534 73 65 42

422 558 51 32 ci
511 532 39 58 d
570 557 116 31 une
730 548 352 58 conception
1125 531 539 78 particulièrement
1691 538 365 69 ingénieuse)
2080 550 56 42 et
2176 536 83 56 les
2301 551 380 42 innovations
2724 562 118 31 non

421 621 190 54 moins
640 619 449 73 remarquables
1118 621 317 73 apportées
1466 621 35 52 à
1528 618 57 54 la
1619 619 317 75 technique
1972 620 79 57 du
2088 621 194 66 décor,
2315 621 80 56 du
2428 637 277 50 costume,
2737 621 104 57 des

415 731 140 47 jeux
583 705 72 56 de
686 705 241 56 lumière
958 731 109 48 par
1095 706 57 56 la
1180 708 257 54 maîtrise
1467 703 80 57 du
1581 720 252 42 metteur
1861 732 71 30 en
1970 712 188 52 scène.
2190 708 298 71 Ajoutons
2519 733 114 50 que
2661 708 118 57 l'on
2808 734 34 31 a

421 790 137 57 doté
587 790 58 56 la
677 794 173 52 scène
882 790 78 57 du
1000 792 227 55 théâtre
1269 790 71 56 de
1382 790 284 55 l'lnstitut
1706 790 139 57 d'un
1889 795 378 71 équipement
2308 797 118 52 très
2468 797 369 62 intéressant,

421 903 114 50 que
559 892 348 60 pourraient
934 878 81 56 lui
1044 882 202 52 envier
1274 877 104 55 des
1407 877 259 55 théâtres
1697 878 261 57 officiels.

423 963 48 56 Il
507 987 150 32 nous
692 977 172 51 reste,
895 978 182 41 avant
1113 963 71 56 de
1221 963 179 55 livrer
1428 966 33 50 à
1490 960 284 58 l'examen
1804 963 85 56 les
1925 963 199 57 divers
2160 964 348 57 documents
2540 990 114 49 que
2685 990 114 30 com-

421 1065 168 58 porte
614 1073 64 32 ce
702 1053 244 52 numéro
1063 1065 56 40 et
1141 1048 491 75 principalement
1655 1073 147 32 ceux
1830 1051 228 55 relatifs
2083 1076 116 30 aux
2226 1066 253 42 travaux
2508 1051 105 55 des
2643 1051 194 55 élèves

419 1134 71 58 de
521 1134 298 66 l'lnstitut,
944 1139 34 51 à
1000 1160 148 32 nous
1174 1157 243 33 excuser
1439 1133 174 56 d'une
1645 1134 178 56 chose
1854 1162 9 28 :
1895 1136 72 56 de
1992 1162 71 30 ne
2087 1141 255 68 pouvoir
2364 1137 228 56 donner
2621 1137 216 74 qu'une

417 1221 131 56 idée
589 1222 121 55 fort
749 1221 354 73 incomplète
1144 1221 73 56 de
1257 1220 279 55 l'activité
1579 1245 103 48 qui
1725 1221 85 73 s'y
1842 1237 87 40 est
1952 1223 238 74 jusqu'à
2218 1227 241 70 présent
2492 1225 344 54 manifestée

421 1307 203 56 D'une
655 1321 149 59 part,
835 1306 389 56 l'abondance
1254 1312 184 48 même
1468 1305 73 55 de
1571 1330 97 30 ces
1697 1321 268 52 travaux,
1998 1307 226 56 d'autre
2254 1324 150 58 part,
2435 1308 57 56 la
2520 1308 169 74 place
2717 1333 89 31 res-

418 1407 211 40 treinte
659 1391 146 56 dont
833 1416 149 32 nous
1012 1391 317 74 disposons
1360 1415 153 48 pour
1539 1391 58 55 la
1624 1392 384 73 publication,
2040 1419 150 30 nous
2220 1410 103 39 ont
2350 1396 195 55 forcés
2568 1399 34 50 à
2624 1395 213 54 limiter

418 1494 168 40 notre
628 1481 420 70 présentation.
1082 1479 168 57 C'est
1276 1480 150 52 ainsi
1467 1501 116 50 que
1624 1482 254 52 certains
1909 1504 174 32 cours
2113 1495 56 41 et
2197 1481 234 56 ateliers
2466 1481 164 56 n'ont
2658 1484 177 70 guère

418 1570 80 66 pû
530 1571 119 47 être
678 1566 390 70 représentés,
1100 1562 258 56 d'autres
1393 1570 184 48 même
1613 1588 108 48 pas
1762 1564 80 57 du
1878 1580 157 51 tout;
2066 1590 148 31 ceux
2254 1566 157 55 enfin
2441 1569 103 71 qui
2572 1565 145 57 l'ont
2745 1569 89 52 été

417 1649 175 57 d'une
635 1651 177 66 façon
854 1649 134 73 plus
1033 1649 250 56 étendue
1325 1673 71 30 ne
1442 1664 260 57 peuvent
1743 1650 228 56 donner
2011 1651 219 74 malgré
2272 1667 130 40 tout
2444 1653 216 73 qu'une
2703 1651 129 56 idée

419 1736 118 55 fort
565 1736 353 72 imparfaite.

419 1820 61 57 D
490 1846 28 29 e
536 1828 184 47 même
746 1844 152 49 pour
918 1820 84 55 les
1028 1844 172 32 cours
1224 1823 103 71 qui
1341 1824 353 52 intéressent
1716 1821 133 73 plus
1873 1821 385 56 directement
2280 1847 108 32 nos
2411 1823 254 56 lecteurs
2695 1823 108 56 tels
2823 1851 8 28 :

415 1907 409 64 architecture,
862 1907 354 64 urbanisme,
1247 1907 200 55 dessin
1476 1908 333 74 technique,
1842 1908 330 75 esthétique
2202 1912 291 71 pratique,
2526 1923 125 51 etc.,
2682 1933 150 32 nous

415 2016 188 32 avons
634 1992 80 56 dû
752 2016 287 32 renoncer
1078 1995 35 53 à
1153 1992 268 56 détailler
1462 2017 109 50 par
1611 1993 104 56 des
1757 1993 189 74 plans,
1978 2018 237 49 coupes,
2248 2009 56 40 et
2343 1994 230 56 dessins
2616 1994 215 66 divers,

415 2077 84 54 les
522 2092 253 41 travaux
790 2077 104 54 des
913 2077 210 56 élèves.
1142 2078 175 55 Nous
1343 2093 308 59 comptons
1675 2093 205 41 traiter
1901 2093 149 41 cette
2073 2082 241 52 matière
2337 2079 493 56 ultérieurement.

421 2164 139 55 Puis
568 2187 60 31 se
650 2163 52 55 le
727 2167 240 69 présent
988 2167 242 52 numéro
1254 2180 284 57 apporter
1567 2164 257 74 quelque
1854 2190 320 32 assurance
2199 2169 34 53 à
2256 2190 147 32 ceux
2432 2191 103 48 qui
2563 2181 269 41 auraient

417 2272 80 49 pu
527 2247 349 74 désespérer
904 2247 73 56 de
1005 2247 57 56 la
1092 2252 333 70 stagnation
1456 2248 71 57 de
1556 2249 235 56 l'actuel
1833 2253 438 70 enseignement
2312 2249 104 56 des
2447 2251 342 56 beaux-arts
2821 2277 9 30 :

415 2359 115 31 une
561 2335 186 55 Ecole
777 2335 272 54 nouvelle
1073 2337 163 53 vient
1259 2335 183 55 d'être
1466 2340 183 52 créée.
1678 2337 109 55 Ses
1811 2336 315 56 directives
2152 2337 341 56 s'orientent
2513 2352 322 41 nettement

414 2444 136 32 vers
581 2445 77 31 un
688 2423 246 70 progrès
965 2420 409 56 considérable
1398 2445 153 48 pour
1572 2421 51 55 le
1647 2446 168 49 pays,
1842 2421 128 74 égal
1998 2446 117 31 aux
2141 2422 135 73 plus
2306 2426 294 70 généreux
2629 2423 202 56 efforts

414 2505 321 73 accomplis
760 2509 31 52 à
814 2505 329 72 l'étranger.
1171 2505 175 57 Cette
1374 2506 184 56 Ecole
1581 2509 87 52 vit
1689 2521 56 40 et
1767 2510 284 70 prospère
2082 2506 148 71 déjà,
2261 2515 172 65 grâce
2463 2511 35 52 à
2519 2533 80 30 un
2628 2514 203 49 maître

414 2595 189 52 averti
633 2606 55 40 et
716 2595 35 52 à
779 2615 78 32 un
889 2615 174 48 corps
1105 2592 366 71 professoral
1511 2592 211 56 d'élite.
1755 2592 50 56 Il
1833 2608 153 42 reste
2017 2618 75 32 au
2115 2618 150 49 pays
2295 2597 33 53 à
2357 2597 310 70 apprécier
2707 2595 127 55 leur

414 2677 189 65 effort,
635 2691 57 40 et
714 2680 30 52 à
776 2676 405 73 l'encourager
1212 2700 134 32 sans
1376 2680 254 53 réserve.
