2933 3800
210 249 68 31 paa
321 238 211 32 Akademiet
581 240 160 28 erstattes
793 237 80 30 med
922 237 130 31 Kravet
1101 246 59 21 om
1211 235 226 41 nødvendige

212 295 316 32 Forkundskaber.
582 294 55 30 Nu
673 304 36 20 er
744 293 58 31 det
837 292 132 40 nemlig
1004 292 149 39 saadan,
1192 296 33 26 at
1252 291 42 31 de
1322 290 96 31 stude-

210 352 120 34 rende,
368 361 76 20 som
482 350 182 31 anvender
689 348 229 31 Akademiets
945 348 177 31 Bibliotek
1158 347 38 31 til
1232 350 35 28 at
1296 346 104 31 blade
1427 345 10 31 i

211 407 199 31 Billederne
437 416 42 31 og
506 406 137 31 smittes
670 405 110 37 deraf,
809 404 70 42 ejer
903 404 84 31 ikke
1006 403 360 40 Forudsætningerne
1385 402 54 30 for

211 467 35 27 at
278 464 124 30 kunne
436 463 80 30 læse
550 461 9 31 i
594 463 170 38 Bøgerne.
817 461 227 30 Docenturen
1078 459 9 31 i
1119 459 166 31 italiensk
1320 458 117 31 Kunst

212 530 82 21 maa
320 522 160 28 erstattes
507 519 81 30 med
616 518 226 30 Docenturen
870 516 10 30 i
906 515 207 41 almindelig
1132 515 126 31 Viden.
1301 514 116 31 Profes-

209 578 182 29 soraterne
424 574 10 31 i
461 573 294 41 Tempelklassen
788 581 43 32 og
857 572 147 30 Danske
1035 572 124 30 Klasse
1190 570 82 31 med
1299 571 115 29 Docen-

210 635 96 27 turer
341 630 10 31 i
382 629 197 39 Økonomi,
619 628 171 42 Hygiejne
823 637 42 31 og
901 627 289 32 Samfundslære.
1245 625 188 31 Heleden

209 687 168 32 tekniske
404 685 266 40 Undervisning
705 694 82 21 maa
814 683 189 40 revideres,
1041 693 61 21 saa
1129 686 35 27 at
1191 682 68 31 den
1286 682 130 30 bestem-

212 753 77 21 mer
315 743 161 31 Grænser
510 750 42 32 og
579 741 83 30 ikke
689 740 115 31 hviler
828 749 70 32 paa
924 738 225 42 dogmatiske
1177 747 42 31 og
1246 736 190 32 forældede

214 797 391 41 Haandværkerregler.
656 796 52 40 Og
736 796 68 30 den
831 799 119 27 eneste
976 794 253 31 kunstneriske
1256 793 179 39 Lærdom,

213 855 171 31 Eleverne
416 854 73 30 kan
516 853 176 39 modtage,
727 861 36 21 er
790 851 202 31 Indvielsen
1020 851 10 30 i
1056 851 69 30 den
1152 849 171 31 historisk
1351 849 70 30 fore-

211 910 163 41 liggende
400 908 306 33 Arkitekturteori.

260 967 67 30 Fra
363 966 115 31 denne
504 965 138 30 Anstalt
678 965 73 30 kan
777 964 206 31 Arkitekten
1019 973 65 31 gaa
1112 962 60 36 ud,
1211 961 120 31 belært
1357 961 82 30 med

212 1022 96 32 hvad
336 1021 61 32 der
423 1021 71 31 kan
522 1021 98 30 læres
647 1020 9 31 i
684 1020 91 31 hans
804 1021 82 39 Fag,
915 1020 160 31 saaledes
1102 1029 77 20 som
1202 1018 127 40 Lægen
1356 1027 85 31 gaar

211 1078 40 31 til
290 1078 55 31 sin
386 1077 143 31 Praksis
567 1077 86 30 efter
690 1075 43 32 sit
774 1075 177 32 Studium.
1021 1075 65 30 Fra
1125 1074 57 31 det
1223 1075 216 31 nuværende

212 1133 176 32 Akademi
424 1142 84 31 gaar
533 1132 207 31 Arkitekten
779 1132 46 30 ud
862 1141 77 21 som
972 1131 83 41 klog
1083 1132 111 36 Kone,
1233 1131 143 31 henvist
1400 1131 39 30 til

212 1201 45 20 en
292 1188 363 42 Eksperimentering,
694 1197 77 21 som
805 1187 10 30 i
849 1187 123 31 bedste
1004 1187 87 31 Fald
1129 1187 94 31 slaar
1254 1187 183 31 Patienten

214 1246 84 40 ihjel
325 1254 42 32 og
393 1244 10 31 i
430 1248 124 27 værste
579 1244 86 31 Fald
693 1243 107 41 rejser
826 1242 44 32 sit
896 1242 225 32 forkrøblede
1141 1243 103 31 Værk
1272 1243 168 41 omkring

210 1312 54 21 os.
319 1300 150 32 Henvist
504 1300 37 31 til
578 1303 35 27 at
648 1308 82 32 gøre
763 1299 66 31 alle
857 1299 259 30 Menneskenes
1145 1299 208 30 Dumheder
1379 1309 58 21 om

213 1357 91 41 igen.

260 1413 96 31 Efter
390 1413 92 30 dette
516 1422 81 20 maa
624 1410 211 32 Akademiet
867 1410 120 31 fældes
1021 1420 42 31 og
1091 1414 31 27 et
1149 1415 62 36 nyt
1237 1411 106 40 rejses
1371 1422 66 30 paa

214 1469 189 31 Ruinerne.

260 1526 69 30 Tro
356 1524 95 37 ikke,
480 1523 96 31 mine
597 1524 131 30 Damer
753 1531 43 31 og
816 1522 137 37 Herrer,
983 1525 35 27 at
1043 1522 57 31 det
1126 1526 116 37 nytter
1268 1525 35 28 at
1320 1522 115 41 lappe.

214 1582 78 32 Carl
322 1582 181 29 Petersens
532 1579 218 30 Professorat
780 1578 93 31 viser
898 1578 81 31 med
1007 1578 31 30 al
1066 1578 111 40 mulig
1204 1577 232 42 Tydelighed,

212 1641 37 28 at
276 1636 151 41 Lapperi
454 1646 36 20 er
515 1645 108 21 værre
650 1634 69 31 end
746 1634 98 31 intet.
896 1633 211 31 Akademiet
1134 1634 132 41 sejrede
1294 1642 43 32 og
1364 1634 72 30 han

213 1694 77 30 trak
328 1693 56 30 det
419 1692 153 30 korteste
600 1691 111 31 Straa.
765 1691 90 39 Den,
895 1689 62 32 der
982 1689 138 31 rækker
1145 1689 211 32 Akademiet
1383 1689 54 32 sin

216 1749 140 39 Haand,
395 1758 35 20 er
456 1757 66 31 paa
550 1746 186 42 gyngende
764 1745 134 40 Grund,
934 1756 78 20 som
1047 1745 131 42 synker
1212 1745 113 31 under
1352 1746 82 30 ham

214 1813 43 32 og
283 1804 128 30 lukker
436 1803 51 40 sig
514 1813 83 21 over
623 1803 99 38 ham,
750 1811 43 31 og
819 1802 79 30 kort
918 1801 66 31 Tid
1011 1801 85 31 efter
1122 1811 36 21 er
1183 1801 68 40 det,
1280 1811 77 21 som
1378 1811 59 21 om

214 1860 61 31 der
301 1860 64 31 slet
391 1858 182 41 ingenting
598 1868 63 22 var
687 1858 88 30 sket.

261 1916 62 40 Jeg
349 1915 134 31 vender
508 1914 71 41 mig
606 1917 88 28 atter
721 1914 84 30 mod
826 1913 335 42 Opportunisterne,
1190 1923 43 31 og
1259 1924 49 20 nu
1336 1914 104 40 sigter

208 1971 58 41 jeg
291 1971 39 30 til
356 1971 70 30 den
452 1970 42 31 fri
520 1970 337 40 Arkitektforening.
907 1970 63 40 Jeg
997 1973 71 27 tror
1094 1970 68 30 den
1188 1970 75 30 faar
1290 1970 128 31 vanske-

216 2027 60 41 ligt
311 2027 68 31 ved
405 2030 35 27 at
474 2026 96 31 finde
597 2036 43 21 en
671 2025 50 40 til,
758 2036 78 20 som
863 2025 35 32 vi
924 2034 123 31 regner
1073 2025 94 35 med,
1205 2025 37 30 til
1270 2029 34 26 at
1331 2025 108 31 sende

214 2094 69 30 paa
311 2082 211 32 Akademiet
548 2082 136 39 Skafot,
713 2091 82 21 men
823 2081 147 31 hvorfor
995 2080 90 41 siger
1106 2081 223 41 Foreningen
1357 2081 83 31 ikke

215 2139 61 41 Nej
306 2139 77 31 Tak
419 2138 37 31 til
486 2138 304 30 Professoraterne
823 2147 43 21 en
901 2137 90 31 bloc.
1045 2137 73 30 Lad
1147 2147 39 21 os
1212 2137 157 38 fastslaa,
1407 2140 33 28 at

217 2196 115 30 denne
362 2194 182 40 Holdning
570 2204 37 20 er
632 2194 67 30 den
728 2196 118 28 eneste
872 2192 165 40 værdige,
1066 2192 68 31 den
1161 2196 118 28 eneste
1306 2192 114 32 forene-

216 2251 64 40 lige
308 2250 81 31 med
417 2250 69 31 den
513 2249 248 41 øjeblikkelige
790 2248 187 31 Situation.

263 2307 76 30 Den
375 2306 63 31 frie
466 2304 325 40 Arkitektforening
827 2305 65 30 har
927 2304 132 40 nemlig
1094 2304 106 40 ingen
1235 2305 63 30 Ret
1333 2305 38 30 til
1408 2308 34 27 at

216 2363 78 30 lade
330 2362 51 40 sig
416 2364 250 38 repræsentere
702 2370 69 31 paa
796 2359 223 39 Akademiet,
1057 2360 53 31 for
1143 2360 69 31 den
1239 2361 66 30 har
1331 2361 111 40 aldrig

214 2418 92 42 gjort
331 2417 440 41 Akademispørgsmaalet
805 2415 38 31 til
880 2416 54 37 sit,
973 2415 112 42 aldrig
1118 2416 101 40 bragt
1245 2416 129 41 Bidrag
1404 2417 38 31 til

217 2474 75 31 dets
320 2473 158 40 Løsning
514 2481 43 31 og
584 2472 111 40 aldrig
721 2475 102 27 rettet
849 2475 104 37 noget
980 2472 186 31 Fremstød
1195 2472 85 31 mod
1306 2472 114 32 Akade-

217 2530 103 31 miets
348 2530 151 41 System,
528 2538 77 21 som
634 2538 36 21 er
696 2528 57 31 det
780 2531 119 27 eneste
925 2526 35 33 vi
987 2528 76 30 skal
1091 2528 113 31 fælde.

264 2585 194 32 Hvorledes
494 2585 78 31 skal
607 2584 35 32 vi
678 2584 45 31 da
758 2584 97 40 gribe
891 2584 67 30 den
990 2583 247 41 øjeblikkelige
1265 2584 175 31 Situation

216 2652 57 20 an.
327 2641 43 31 Jo
406 2640 34 32 vi
477 2641 71 30 kan
584 2650 82 31 gøre
703 2645 34 25 to
764 2639 107 41 Ting:
923 2639 42 32 Vi
1002 2639 71 31 kan
1110 2639 79 32 løbe
1225 2650 43 21 en
1305 2641 135 30 saadan

217 2699 117 30 Storm
362 2696 85 31 mod
473 2695 211 32 Akademiet
710 2705 78 21 som
817 2695 216 34 Institution,
1063 2699 34 27 at
1124 2695 208 32 Ministeriet
1359 2697 62 30 ned-

217 2756 116 28 sætter
358 2762 44 20 en
430 2751 245 32 Kommission
702 2751 38 31 til
759 2751 175 40 Ændring
961 2751 37 31 af
1022 2751 185 41 Systemet.
1247 2752 81 31 Men
1355 2762 88 21 naar

217 2819 86 20 man
337 2808 135 31 kender
499 2808 194 30 Resultatet
718 2807 39 31 af
779 2806 286 32 Kommissioner
1092 2816 42 31 og
1159 2811 120 37 gætter
1305 2818 68 30 paa
1400 2808 42 31 de

221 2866 123 29 Navne
372 2874 77 20 som
475 2863 48 32 vil
550 2863 92 32 blive
668 2863 198 39 tilkaldte*,
902 2872 42 31 og
971 2872 88 21 naar
1085 2873 82 20 man
1197 2864 98 40 føler,
1324 2867 35 27 at
1385 2864 57 30 det

219 2920 82 31 ikke
338 2919 112 32 bliver
485 2919 125 40 muligt
647 2922 34 27 at
717 2918 112 31 skaffe
863 2919 68 30 den
964 2929 67 31 nye
1059 2919 205 31 Institution
1299 2929 61 22 saa
1387 2920 53 31 vel

221 2977 134 29 Lærere
381 2986 76 20 som
484 2975 136 40 Elever,
649 2984 61 21 saa
736 2985 36 20 er
790 2974 108 41 Vejen
925 2974 134 31 sikkert
1085 2974 83 31 ikke
1195 2975 129 31 farbar.
1364 2976 75 41 Nej,

219 3032 57 30 lad
304 3042 39 20 os
370 3032 74 30 slaa
471 3031 91 30 dette
591 3031 91 40 Slag,
711 3040 87 21 naar
823 3030 34 32 vi
884 3031 65 30 har
975 3040 95 21 mere
1096 3041 68 30 paa
1193 3031 127 41 Hjerte.

265 3087 74 31 Lad
359 3086 211 32 Akademiet
596 3086 81 41 sejle
705 3087 53 29 sin
786 3095 85 31 egen
892 3086 46 32 Sø
965 3095 43 32 og
1035 3086 56 31 lad
1111 3086 94 40 dem,
1234 3097 76 21 som
1331 3087 107 41 gider,

218 3146 163 37 overtage
409 3142 265 31 Taburetterne.
723 3142 74 30 Lad
824 3152 39 21 os
890 3153 61 20 saa
977 3146 94 27 ruste
1099 3153 39 20 os
1164 3142 37 31 til
1229 3144 72 30 selv
1329 3147 34 27 at
1388 3144 39 30 til-

217 3208 87 31 egne
332 3208 38 21 os
398 3198 41 31 de
468 3198 249 36 Kundskaber,
746 3208 78 21 som
848 3198 210 31 Akademiet
1084 3198 82 31 ikke
1193 3199 70 41 ejer
1289 3208 42 32 og
1358 3200 82 30 ikke

218 3255 72 30 kan
316 3257 77 38 give
421 3264 50 21 os.
501 3253 40 32 Vi
568 3254 71 30 kan
668 3262 107 32 ogsaa
803 3253 36 31 til
867 3254 149 31 Lettelse
1043 3254 103 31 slutte
1174 3265 38 20 os
1239 3264 163 21 sammen
1430 3255 10 31 i

219 3311 135 29 Kursus
391 3319 42 31 og
461 3309 304 31 Manuduktioner
799 3309 38 31 til
865 3310 231 31 Erhvervelse
1131 3311 37 29 af
1196 3311 42 30 de
1265 3311 175 31 fornødne

221 3365 313 31 Forkundskaber.
575 3366 70 30 Her
671 3365 65 31 har
755 3365 150 41 Klingen
932 3376 42 20 en
997 3365 147 31 Mission
1165 3366 79 31 med
1266 3370 33 27 at
1318 3367 122 40 bringe

254 3487 15 15 *
290 3485 157 27 Professor
468 3485 188 27 Mathiesen?

1496 235 408 41 Literaturfortegnelser
1939 244 43 31 og
2018 233 428 40 Literaturanmeldelser,
2484 233 244 42 Oplysninger

1497 300 42 31 og
1566 290 278 41 Betragtninger.
1901 291 284 40 »Architekten«,
2224 301 79 21 som
2340 299 108 32 ogsaa
2481 289 122 31 kunde
2634 299 92 21 være

1497 347 130 39 Stedet,
1667 346 88 32 duer
1790 346 94 32 ikke.
1938 346 209 41 Erfaringen
2181 347 105 39 viser,
2327 350 34 28 at
2396 346 84 31 bare
2517 345 61 31 der
2615 345 112 40 lugtes

1497 402 105 31 Teori
1628 402 9 31 i
1665 402 57 31 det
1742 402 100 41 Blad,
1870 402 92 31 farer
1985 403 61 30 der
2064 403 115 30 straks
2198 403 103 40 nogle
2320 402 116 42 gamle
2456 400 252 42 Fagforenings-

1495 458 236 31 medlemmer
1757 458 47 31 ud
1832 468 43 31 og
1901 458 103 33 bider
2030 458 252 32 Teoretikeren
2308 458 10 31 i
2346 459 154 30 Benene,

1542 514 42 31 Vi
1621 524 82 21 maa
1739 524 108 31 ogsaa
1882 524 65 22 øve
1974 515 216 41 Indflydelse
2227 525 68 30 paa
2327 515 42 30 de
2395 514 166 31 tekniske
2589 513 137 39 Skoler,

1496 580 77 20 som
1600 569 9 31 i
1631 569 274 42 Virkeligheden
1932 571 67 30 har
2016 571 68 31 den
2104 571 192 40 foreløbige
2315 570 159 42 Opgave,
2503 573 35 27 at
2556 569 171 31 uddanne

1496 626 239 40 Kunstneren,
1774 625 37 31 til
1847 626 59 31 det
1940 626 127 41 lykkes
2103 629 35 28 at
2174 626 111 31 skabe
2312 637 44 20 en
2384 626 211 42 Studieplan
2623 634 43 32 og
2693 628 35 28 at

1496 682 95 30 finde
1619 682 136 30 Lærere
1781 681 38 31 til
1846 682 222 31 Akademiet.
2123 682 71 31 Paa
2221 682 146 31 teknisk
2395 682 105 31 Skole
2528 682 106 31 hører
2661 682 45 31 Ro-

1496 738 281 40 strup-Boyesen
1814 738 167 40 hjemme.
2037 739 70 30 Her
2143 740 70 29 kan
2253 738 146 31 maaske
2433 738 224 31 fremskaffes
2685 737 43 31 de

1496 792 292 42 Arbejdsvilkaar
1814 804 77 20 som
1919 794 71 30 han
2019 794 157 31 behøver
2202 804 43 31 og
2272 794 177 41 forljener.
2490 794 42 31 Vi
2559 795 67 30 har
2643 794 84 31 ikke

1496 858 117 31 nogen
1650 849 107 31 bedre
1793 849 105 31 Plads
1934 849 37 31 til
2008 850 97 30 ham.
2160 851 69 29 Der
2264 851 77 30 skal
2368 849 316 41 Undervisningen
2717 849 11 31 i

1501 905 218 31 Maleteknik
1752 915 78 21 som
1860 905 229 31 Haandværk
2116 905 133 41 rettelig
2277 907 153 39 foregaa.
2483 906 70 30 Der
2579 906 78 30 skal
2684 906 43 31 de

1499 961 259 40 nødvendigste
1788 961 166 31 tekniske
1981 961 248 32 Videnskaber
2255 962 156 32 doceres.
2464 962 53 40 Og
2544 962 38 31 af
2603 963 104 31 kunst-

1500 1017 118 31 nerisk
1646 1017 230 32 Uddannelse
1903 1018 71 30 kan
2001 1017 143 31 teknisk
2173 1016 104 33 Skole
2305 1027 107 31 ogsaa
2439 1021 150 38 paatage
2615 1018 51 41 sig
2693 1021 35 28 at

1499 1072 144 42 paavise
1679 1073 41 30 de
1755 1073 192 31 historiske
1980 1074 314 40 Forudsætninger
2328 1074 54 31 for
2418 1074 57 31 det
2510 1075 115 30 under
2656 1074 47 41 Op-

1499 1129 158 40 maaling
1688 1128 186 41 tilegnede.
1926 1129 127 30 Anden
2080 1129 108 31 Form
2221 1130 54 31 for
2301 1129 219 42 Opmaaling
2547 1140 37 21 er
2606 1130 37 41 jo
2670 1130 58 31 det

1498 1195 82 20 rene
1607 1185 108 30 Vrøvl
1752 1194 42 31 og
1830 1185 99 30 lærer
1964 1185 74 30 kun
2073 1185 170 31 Eleverne
2273 1186 169 41 Humbug
2479 1186 9 30 i
2526 1186 202 41 forskellige

1499 1241 168 31 Stilarter.

1546 1298 72 30 Her
1647 1297 108 41 ligger
1786 1296 68 32 den
1886 1296 193 41 foreløbige
2107 1297 146 41 Opgave
2280 1298 80 30 med
2389 1298 259 42 Studieplanen
2676 1299 53 30 for

1496 1353 70 30 den
1593 1353 171 30 moderne
1792 1354 191 30 Kunstner.

1545 1409 80 30 Men
1662 1408 122 31 kunde
1820 1408 34 32 vi
1891 1418 108 30 ogsaa
2036 1409 72 30 føre
2145 1419 103 21 vores
2277 1409 243 42 Paavirkning
2552 1420 42 31 og
2625 1422 102 20 vores

1498 1465 73 41 Syn
1607 1465 73 30 helt
1712 1465 69 30 ned
1812 1464 38 31 til
1877 1465 59 30 det
1961 1464 156 41 Øjeblik,
2155 1465 45 30 da
2228 1465 68 31 den
2323 1466 135 40 ganske
2484 1475 92 32 unge
2602 1467 127 41 vælger

1497 1524 35 28 at
1557 1531 91 21 være
1674 1521 191 39 Kunstner,
1894 1521 160 30 saaledes
2082 1524 34 28 at
2143 1521 72 31 han
2242 1521 84 31 ikke
2353 1521 163 42 benytter
2534 1523 173 31 Kunstner-

1497 1577 102 41 vejen
1625 1577 38 31 til
1691 1580 34 28 at
1751 1576 114 42 slippe
1893 1576 52 31 for
1972 1587 42 20 en
2035 1577 133 31 Række
2188 1577 341 41 Übehageligheder,
2559 1589 82 20 men
2660 1589 69 31 paa

1499 1633 193 30 Forhaand
1719 1633 79 39 ved,
1836 1636 34 27 at
1905 1633 116 30 denne
2048 1633 59 41 Vej
2137 1636 106 38 netop
2271 1633 110 31 stiller
2413 1634 42 30 de
2481 1637 127 28 største
2634 1636 95 30 Krav

1497 1689 37 31 til
1572 1689 98 32 ham.
1722 1689 55 40 Ja,
1815 1699 61 21 saa
1912 1689 48 32 vil
1997 1689 61 31 der
2084 1690 147 31 maaske
2267 1689 93 32 blive
2387 1690 99 31 færre
2514 1691 213 40 Kunstnere,

1498 1756 81 20 men
1614 1746 42 30 de
1682 1745 48 31 vil
1764 1746 91 30 have
1889 1745 106 31 bedre
2023 1745 217 41 Betingelser
2265 1746 55 31 for
2345 1750 35 26 at
2406 1746 93 32 blive
2527 1747 201 31 Kunstnere

1497 1810 42 32 og
1567 1801 82 31 ikke
1676 1811 76 21 som
1781 1812 49 20 nu
1858 1801 210 41 behændige
2094 1801 157 32 Artister.

1543 1858 63 40 Jeg
1642 1857 46 31 vil
1729 1868 47 20 nu
1814 1857 103 31 slutte
1944 1857 82 31 med
2053 1867 43 21 en
2123 1857 232 41 Anmodning
2382 1868 59 21 om
2470 1859 179 31 Udtalelse
2676 1860 51 30 fra

1498 1914 42 30 de
1576 1914 200 40 forskellige
1805 1913 110 41 Lejre.
1969 1914 80 29 Men
2087 1914 56 30 lad
2180 1923 40 21 os
2256 1914 106 31 holde
2399 1924 39 21 os
2474 1914 37 31 til
2538 1915 167 31 Akademi-

1499 1970 260 41 spørgsmaalet
1856 1968 113 42 Sagen
1996 1979 36 20 er
2058 1969 218 31 brændende
2303 1979 43 32 og
2373 1970 114 31 Tiden
2515 1980 36 21 er
2576 1971 110 42 knap.

1546 2025 74 32 Lad
1658 2025 71 40 mig
1757 2025 114 30 aabne
1899 2023 263 32 Diskussionen
2190 2025 81 31 med
2300 2026 181 41 Forslaget
2508 2036 58 21 om
2595 2037 43 21 en
2666 2028 42 31 Re-

1499 2081 167 32 solution.

1546 2137 75 31 Lad
1648 2147 39 21 os
1714 2137 159 40 vedtage,
1903 2140 34 27 at
1962 2136 34 32 vi
2024 2147 55 21 ser
2104 2147 68 30 paa
2190 2137 231 31 Akademiets
2441 2138 285 41 Nyorientering,

1499 2203 79 21 som
1606 2203 42 21 en
1676 2192 111 42 pinlig
1814 2192 105 42 Spøg,
1958 2203 78 20 som
2065 2192 56 31 det
2147 2192 130 41 gælder
2302 2203 59 21 om
2390 2197 35 27 at
2451 2194 76 31 slaa
2554 2195 80 31 ned.
2686 2196 43 29 At

1499 2249 47 37 vi,
1583 2249 63 31 der
1670 2251 127 28 tørster
1822 2248 86 31 efter
1937 2248 124 39 Viden,
2100 2248 152 42 opfatter
2278 2249 57 30 det
2362 2260 77 20 som
2468 2260 43 20 en
2540 2251 116 39 Haan,
2695 2255 34 27 at

1500 2304 212 32 Akademiet
1747 2312 101 32 søger
1883 2307 35 28 at
1952 2304 107 31 vinde
2096 2304 142 31 Terræn
2275 2304 65 31 ved
2378 2308 33 27 at
2448 2305 123 42 knytte
2608 2311 122 27 ansete

1502 2363 200 29 Kunstnere
1730 2359 35 31 til
1793 2359 64 41 sig,
1957 2360 212 40 Kunstnere,
2198 2370 78 21 som
2303 2360 35 31 vi
2365 2364 107 37 agter,
2506 2361 92 31 fordi
2625 2363 42 30 de
2695 2373 36 21 er

1501 2417 168 40 søgende,
1707 2416 83 30 ikke
1826 2415 91 31 fordi
1953 2415 42 31 de
2027 2426 35 20 er
2088 2415 153 31 vidende
2339 2417 212 40 Kunstnere,
2589 2428 78 21 som
2695 2429 36 21 er

1502 2473 91 32 døde
1619 2473 55 31 for
1700 2483 38 21 os
1766 2472 67 32 den
1863 2473 86 39 Dag,
1979 2472 41 31 de
2046 2472 96 41 giver
2168 2472 50 41 sig
2246 2472 155 42 Stempel
2428 2473 39 31 af
2489 2473 126 32 Viden.

1550 2530 74 30 Lad
1656 2539 39 21 os
1722 2528 190 31 effektuere
1940 2538 101 21 vores
2067 2529 94 30 Krav
2188 2528 140 31 overfor
2354 2528 212 33 Akademiet
2591 2530 67 31 ved
2686 2541 43 20 en

1501 2585 171 32 Advarsel
1707 2584 36 31 til
1773 2584 252 41 Ungdommen
2061 2594 58 21 om
2153 2587 34 28 at
2213 2593 82 31 søge
2322 2584 57 31 det
2407 2594 42 31 og
2475 2585 67 31 ved
2569 2596 43 21 en
2640 2587 69 40 Boy-

1501 2641 145 40 cotning
1672 2640 38 31 af
1734 2640 316 41 Lærerpladserne.

1548 2697 68 31 Saa
1652 2696 112 31 bliver
1789 2695 222 40 Akademiet,
2050 2696 94 32 hvad
2177 2695 57 31 det
2267 2696 65 30 bør
2357 2705 91 21 være
2475 2696 9 30 i
2512 2696 217 43 Øjeblikket,

1501 2756 33 28 et
1560 2752 207 41 Krøblinge-
1795 2761 42 31 og
1863 2751 326 41 Alderdomshjem.

1549 2808 75 31 Lad
1651 2819 39 20 os
1717 2811 96 28 sætte
1840 2818 39 20 os
1906 2808 58 30 det
1992 2808 92 30 Maal
2112 2811 34 27 at
2172 2808 102 31 fælde
2301 2808 223 42 Akademiet,
2562 2820 82 21 men
2672 2811 60 31 lad

1502 2874 39 21 os
1579 2864 82 31 ikke
1700 2864 148 31 derover
1885 2864 153 40 glemme
2077 2863 57 31 det
2172 2864 166 41 vigtigere
2369 2866 93 31 Maal
2502 2869 35 28 at
2574 2867 158 41 genrejse

1500 2920 212 31 Akademiet
1738 2930 78 21 som
1845 2919 73 32 Idé.

1549 2977 70 30 Paa
1647 2975 211 31 Akademiet
1895 2985 78 21 som
2011 2975 59 31 Idé
2107 2975 114 31 hviler
2256 2976 67 30 den
2362 2980 93 28 store
2488 2978 127 39 Kunst,
2653 2989 78 21 som

1501 3033 85 31 altid
1614 3043 35 20 er
1675 3031 170 31 historisk
1872 3031 148 31 bundet.
2073 3032 67 30 Fra
2168 3032 116 31 denne
2310 3033 193 32 Jordbund
2529 3034 108 41 rejser
2663 3035 68 31 den

1501 3092 92 27 store
1621 3088 181 30 Kunstner
1837 3086 63 41 sig.
1953 3087 125 37 Tænk,
2116 3088 96 31 hvad
2240 3088 216 32 Willumsen
2490 3090 149 31 maaske
2669 3100 63 21 var

1499 3144 127 38 blevet,
1667 3143 80 32 hvis
1783 3144 71 30 han
1893 3153 77 20 som
2004 3144 281 31 Renæssancens
2313 3145 119 31 Mænd
2468 3146 117 31 havde
2621 3149 111 28 staaet

1499 3210 67 30 paa
1595 3200 198 31 Skuldrene
1821 3199 38 31 af
1882 3209 40 21 en
1953 3199 122 31 Fortid
2103 3209 43 31 og
2173 3210 43 21 en
2246 3200 150 34 Samtid,

1548 3257 100 30 Dette
1684 3257 64 30 har
1781 3266 84 21 man
1899 3256 81 31 med
2007 3266 44 21 en
2078 3257 190 31 svævende
2296 3266 42 32 og
2364 3257 136 42 daarlig
2527 3258 204 40 Betegnelse

1500 3312 100 31 kaldt
1626 3312 197 31 Tradition.
1877 3313 81 29 Men
1986 3312 58 30 det
2070 3322 36 21 er
2133 3313 125 31 Viden.

1548 3368 73 31 Lad
1650 3378 51 30 os,
1729 3368 75 32 selv
1831 3379 58 20 om
1916 3368 36 32 vi
1978 3368 130 32 skaber
2134 3372 33 28 et
2194 3370 68 30 Par
2288 3369 99 31 slette
2416 3370 97 30 Huse
2540 3378 43 32 og
2609 3373 32 27 et
2665 3370 67 30 Par

1501 3424 115 31 skidte
1645 3424 192 31 Skilderier
1861 3424 112 39 færre,
2002 3425 164 32 anvende
2192 3435 103 22 vores
2324 3426 145 30 Kræfter
2495 3435 68 31 paa
2590 3429 35 27 at
2650 3434 61 32 gen-

2338 3483 85 30 Poul
2451 3482 231 41 Henningsen.

1501 3480 89 40 rejse
1616 3480 222 31 Akademiet.
