5423 7302
4690 6934 35 59 5

843 4602 277 93 Oskar
1178 4602 469 108 Neriinger:
1688 4629 499 64 Linoliumsdinitt
2235 4651 140 57 1923

607 4827 80 71 In
724 4825 137 73 der
897 4824 225 76 Mitte
1159 4827 243 73 bietet
1442 4830 120 68 ein
1600 4824 269 93 großer
1911 4824 320 74 dunkler
2269 4823 226 75 Wand-

609 4942 274 73 schirm
950 4942 149 73 den
1159 4939 385 74 Eindruck
1610 4940 135 73 der
1810 4939 559 73 menschlichen
2438 4939 76 71 In-

606 5061 298 69 timität.
977 5054 155 74 Das
1180 5056 213 74 Licht
1435 5056 368 91 begleitet
1850 5054 121 73 die
2016 5054 534 73 konstruktive

607 5171 60 71 T
673 5172 268 90 eilung.

609 5288 222 72 Auch
897 5289 100 70 im
1063 5286 284 74 dritten
1415 5284 163 80 Akt
1647 5286 346 73 herrscht
2064 5286 132 73 der
2265 5282 228 73 Wand-

606 5403 272 72 schirm
921 5428 159 47 vor.
1149 5401 271 74 Dieser
1463 5401 160 73 Akt
1671 5399 320 93 gründet
2033 5401 159 71 sich
2238 5399 125 71 auf
2404 5399 147 71 den

604 5514 369 77 Kontrast
1056 5514 139 77 der
1276 5516 430 73 vertikalen
1791 5516 152 71 und
2026 5514 525 73 horizontalen

604 5633 339 73 schiefen
990 5630 335 77 Ebenen.
1425 5630 100 74 Es
1598 5631 401 73 dominiert
2076 5631 169 71 eine
2319 5628 231 95 große

604 5745 933 88 Elektrizitätsmaschine,
1607 5746 128 73 auf
1796 5743 122 75 die
1986 5745 157 71 sich
2209 5743 122 73 die
2397 5743 102 73 Ge-

604 5862 305 74 danken
955 5862 137 74 der
1139 5862 422 74 Menschen
1610 5860 384 86 sammeln,
2043 5858 122 75 die
2216 5858 125 75 auf
2387 5858 159 75 ihre

602 5975 637 76 Menschlichkeit
1297 5977 542 84 verzichteten,
1896 5973 158 73 und
2111 5973 120 73 die
2291 5973 255 93 Spiele

602 6094 136 72 der
767 6092 484 79 Elektrizität
1285 6097 73 69 in
1386 6094 342 91 farbigen
1762 6090 488 75 Glasröhren,
2284 6088 219 94 Rings-

601 6234 123 48 um
770 6212 122 70 ein
936 6209 577 73 unbestimmter
1559 6205 264 87 Raum,
1869 6204 135 74 der
2050 6205 158 73 sich
2255 6210 114 66 ins
2414 6229 90 51 un-

604 6322 346 75 endliche
1007 6320 400 89 erstreckt,
1459 6324 154 74 und
1662 6327 75 68 in
1789 6320 173 75 dem
2011 6319 158 74 sich
2220 6319 121 74 die
2392 6326 117 66 tra-

606 6439 252 91 gische
931 6436 467 74 Pantomime
1471 6439 134 71 der
1674 6437 584 73 mechanischen
2328 6434 164 74 Men-

601 6552 233 73 schen
894 6552 348 94 abspielt.
1329 6552 139 73 Die
1530 6551 344 74 endliche
1937 6549 455 95 Zerstörung
2450 6556 96 69 ist

599 6669 237 75 schon
861 6669 410 92 potenziell
1305 6674 73 68 in
1412 6669 135 73 der
1576 6666 439 76 Nervosität
2045 6666 136 74 der
2211 6666 337 78 schiefen

2788 4827 314 76 Ebenen
3159 4829 410 88 enthalten,
3628 4832 121 71 die
3803 4830 220 92 jeden
4075 4830 481 93 Augenblick
4607 4857 84 46 zu-

2790 4951 744 69 sammenzustürzen
3627 4944 154 74 und
3876 4945 188 73 alles
4162 4973 90 45 zu
4348 4945 386 90 begraben

2790 5059 310 74 drohen.
3207 5059 83 73 In
3346 5061 287 72 diesem
3689 5059 163 74 Akt
3909 5061 346 72 herrscht
4311 5059 137 73 der
4502 5078 230 74 graue

2792 5172 161 73 Ton
3010 5199 159 61 vor,
3230 5177 126 70 ein
3407 5174 242 75 feines
3703 5172 501 77 Verständnis
4262 5174 135 73 der
4453 5172 233 75 Künst-

2788 5289 190 73 lerin
3017 5288 119 74 für
3176 5291 122 74 die
3342 5288 264 89 Szene,
3650 5289 97 73 da
3789 5289 254 73 dieser
4067 5288 164 74 Ton
4274 5294 120 68 ein
4421 5288 310 93 Symbol

2790 5408 161 67 sein
2985 5404 142 75 soll
3159 5403 121 74 für
3312 5403 150 74 den
3490 5403 563 74 Mechanismus
4086 5430 316 47 unseres
4434 5404 248 73 moder-

2787 5547 149 44 nen
2976 5518 297 74 Lebens
3315 5520 152 72 und
3515 5518 135 74 das
3694 5516 227 76 Eisen
3967 5518 139 74 der
4147 5518 414 88 Maschine,
4609 5518 122 74 die

2788 5660 82 47 es
2915 5635 470 74 beherrscht.

2788 5748 155 75 Das
3009 5748 321 76 Kostüm
3396 5750 161 74 faßt
3625 5751 122 73 die
3820 5751 298 73 Idelson
4191 5753 111 71 als
4372 5751 120 75 die
4560 5775 129 46 ver-

2787 5865 515 91 körperlichte
3347 5867 225 72 Seele
3617 5868 135 71 der
3793 5867 304 74 Person.

2785 5982 141 73 Die
2973 6007 93 48 zu
3112 5980 147 73 den
3308 5980 449 75 Maschinen
3801 5982 517 74 Verurteilten
4363 5983 366 90 bewegen

2787 6095 159 73 sich
3004 6100 143 70 wie
3208 6099 529 71 mechanische
3798 6095 540 76 Marionetten.
4456 6095 273 75 Jedem

2785 6209 320 76 Kostüm
3141 6210 181 92 liegt
3357 6212 122 73 die
3520 6212 222 71 Form
3784 6217 207 66 einer
4028 6214 210 69 mehr
4277 6212 184 73 oder
4497 6214 184 69 weni-

2785 6344 130 75 ger
2968 6326 442 72 wirklichen
3464 6326 395 74 Maschine
3915 6326 379 93 zugrunde
4351 6331 73 67 in
4478 6329 251 71 seiner

2782 6441 575 74 Konstruktion.
3434 6442 211 73 Aber
3683 6447 98 68 im
3816 6442 546 73 wesentlichen
4401 6446 96 74 ist
4539 6441 187 74 alles

2785 6554 527 76 Abstraktion.
3401 6556 173 74 Wie
3635 6559 125 73 bei
3823 6558 290 74 Tairoff
4172 6561 147 73 löst
4384 6561 159 71 sich
4604 6559 125 75 bei

2783 6669 141 75 der
2976 6669 302 78 Idelson
3337 6673 136 72 das
3532 6671 394 76 Konkrete
4014 6678 73 69 in
4174 6674 265 75 diesen
4494 6676 233 73 breit-
