5423 7302
4682 6907 17 59 1

1147 542 414 22 A£sHUäSSBBHHBB|H|BSHHttBjBiHaBHBatete
2085 542 261 22 _
2608 555 6 3 _
3100 545 188 19 «namaugHiito.
3937 542 3 22 [
4270 542 3 22 ■

619 1224 2501 124 MONATSSCHRIFT/HERAUSGEBER:
3178 1233 857 115 HERWARTH
4079 1236 667 112 WALDEN

617 1780 665 148 Einführung
1328 1830 125 68 zu

615 2001 223 70 von
920 1961 516 140 Ruggero
1517 1954 359 120 Vasari

1414 2193 96 69 ist
1551 2191 120 71 ein
1708 2189 302 75 starker
2045 2189 512 75 italienischer

609 2299 344 73 Versuch
1011 2328 132 46 zur
1200 2301 405 97 Befreiung
1666 2330 174 46 vom
1901 2303 652 74 Romantizismus.

606 2411 140 75 Ein
790 2415 260 88 Werk,
1097 2418 439 91 geschaffen
1578 2445 151 46 von
1774 2423 263 83 einem,
2084 2418 134 73 der
2264 2420 250 71 schein-

611 2531 135 71 bar
797 2535 73 69 in
921 2536 244 66 einem
1215 2533 173 73 dem
1436 2560 281 48 unsern
1764 2535 227 91 völlig
2042 2535 266 71 fernen
2358 2533 158 73 Zeit-

609 2647 197 71 alter
851 2647 226 72 leben
1126 2647 206 93 wird,
1388 2652 73 67 in
1515 2653 210 68 einer
1773 2648 326 73 Zukunft
2148 2648 136 73 der
2333 2674 176 47 revo-

611 2762 488 72 lutionierten
1149 2762 359 88 Technik,
1563 2763 137 73 der
1747 2763 513 73 vollkommen
2309 2789 248 47 neuen

611 2875 379 92 lyrischen
1055 2875 643 75 Ausdrucksform
1764 2877 154 74 und
1981 2877 135 73 des
2181 2877 372 73 wahrhaft

614 2990 620 92 schöpferischen
1324 2990 327 76 Geistes.
1773 2992 194 74 Jene
2059 2992 489 93 Kunstgriffe,

609 3105 234 73 deren
899 3107 157 73 sich
1110 3107 194 73 auch
1359 3107 358 92 erprobte
1771 3107 311 75 Dichter
2140 3126 227 74 gerne
2419 3110 89 72 be-

608 3221 293 84 dienen,
943 3221 188 74 wird
1170 3248 172 45 man
1380 3222 161 73 hier
1576 3224 423 90 vergebens
2044 3222 303 73 suchen.

606 3332 674 88 „Menschenkraft
1424 3344 454 83 gewappnet
2018 3341 130 69 mit

606 3449 332 75 schreibt
977 3449 328 75 Vittorio
1348 3449 247 88 Orazi,
1637 3478 222 46 wenn
1896 3478 81 46 er
2015 3451 147 74 den
2199 3451 353 73 Vorwurf

602 3564 136 73 des
787 3564 278 75 Stücks
1114 3564 435 88 behandelt,
1603 3571 159 83 „ins
1810 3566 337 75 Jenseits
2193 3591 152 48 von
2394 3564 154 75 Gut

601 3678 152 74 und
797 3678 197 74 Böse
1038 3679 704 89 hinüberreichend,
1791 3685 132 69 mit
1974 3685 244 69 einem
2264 3681 244 73 leiden-

604 3795 498 74 schaftlichen
1144 3793 217 95 Hang
1400 3823 130 46 zur
1569 3795 317 93 Teilung
1928 3795 132 74 des
2104 3796 278 87 Selbst,
2426 3795 120 74 die

601 3910 413 74 außerhalb
1063 3911 203 73 ihrer
1309 3915 315 69 inneren
1671 3910 335 74 Realität
2054 3917 122 67 ein
2221 3911 325 75 höheres

601 4025 127 73 Ich
780 4025 468 74 konstruiert
1302 4027 132 72 hat
1486 4027 153 72 und
1693 4025 122 74 die
1869 4054 151 45 nun
2071 4052 167 47 zum
2291 4025 254 93 Gipfel

601 4140 535 91 emporstrebt,
1178 4140 115 73 bis
1334 4143 108 70 sie
1486 4140 236 73 durch
1764 4140 122 75 die
1927 4138 428 95 Ereignisse
2396 4167 149 44 von

601 4255 134 73 der
780 4253 620 95 Vergeblichkeit
1447 4255 134 73 des
1629 4253 337 94 Kampfs,
2016 4253 138 75 der
2194 4255 301 71 Unwirk-

601 4369 311 74 lichkeit
975 4370 200 73 ihres
1234 4369 220 88 Idols,
1517 4370 135 73 des
1712 4369 572 93 Unvermögens
2347 4370 198 71 ihrer

597 4484 221 74 Kraft
880 4485 320 87 belehrt,
1263 4485 135 73 der
1463 4489 318 88 eigenen
1840 4484 347 73 Chimäre
2250 4485 291 92 besiegt

597 4626 168 46 zum
814 4597 239 95 Opfer

597 4761 104 73 Im
738 4760 279 93 Kampf
1046 4789 124 45 um
1207 4761 124 73 die
1363 4761 653 92 Verwirklichung
2054 4765 249 69 seines
2342 4765 159 86 eige-

596 4902 147 46 nen
779 4875 448 93 Imperativs
1271 4875 161 91 (der
1468 4875 205 73 nicht
1710 4875 210 73 mehr
1955 4873 138 73 das
2132 4873 408 75 Ibsensche

597 4988 175 88 „Sei
806 4990 118 75 Du
1287 4993 115 83 ist,
1444 4988 329 75 sondern
1812 4988 176 88 „Sei
2020 4988 215 73 mehr
2270 4988 112 73 als
2421 4987 117 74 Du

958 5105 410 93 unterliegt
1420 5105 134 73 der
1607 5104 340 86 Mensch,
2001 5104 153 74 und
2206 5107 130 69 mit
2389 5104 149 71 ihm

594 5227 239 66 stürzt
872 5224 162 69 sein
1070 5219 296 86 Traum,
1407 5220 134 75 der
1578 5246 85 46 so
1700 5217 472 75 wundervoll
2208 5217 282 73 unwirk-

592 5336 220 72 liche:
858 5361 85 46 so
985 5334 320 93 spiegelt
1349 5334 158 73 sich
1549 5337 98 70 im
1688 5332 171 73 Blut
1903 5330 134 75 des
2082 5329 275 93 Opfers
2399 5359 137 44 nur

594 5451 134 72 der
807 5451 539 72 unbestimmte
1429 5447 261 75 Umriß
1771 5451 208 69 einer
2062 5447 474 73 wesenlosen

589 5562 301 75 Wolke.

587 5725 139 75 Ein
767 5727 518 93 persönliches
1324 5725 603 93 Temperament,
1969 5723 130 73 hat
2137 5723 135 73 der
2309 5722 181 72 Dich-

591 5852 115 63 ter
757 5840 272 75 Vasäri
1083 5842 122 73 die
1261 5859 236 74 ganze
1549 5838 222 78 Kraft
1825 5842 251 71 seiner
2126 5837 407 76 Phantasie

587 5957 117 71 für
745 5960 167 70 eine
951 5955 508 75 dramatische
1497 5952 555 76 Konstruktion
2091 5955 440 90 eingesetzt,

589 6070 235 73 deren
858 6069 376 93 Synthese
1268 6076 74 67 in
1375 6069 138 73 der
1544 6067 489 93 Hauptsache
2066 6067 284 73 mental
2380 6065 153 75 und

587 6186 205 72 nicht
841 6186 269 71 formal
1156 6189 119 69 ist.
1366 6182 186 75 Eine
1605 6182 396 93 Synthese,
2054 6181 122 74 die
2225 6182 308 73 reichen

589 6299 198 75 Stoff
841 6301 117 71 für
1038 6299 122 75 die
1241 6299 391 73 szenische
1688 6297 521 92 Realisierung
2265 6297 263 87 bietet,

586 6443 223 46 wenn
868 6419 110 68 sie
1033 6441 150 48 von
1241 6418 244 69 einem
1539 6412 579 75 harmonischen
2171 6411 154 74 und
2384 6411 145 74 ihm

587 6529 645 92 wesensgleichen
1302 6526 584 93 Temperament
1954 6534 575 66 unternommen

584 6643 206 74 wird.

2799 1786 154 73 Das
3007 1786 349 77 Problem
3429 1790 133 71 der
3635 1793 312 70 inneren
3996 1786 296 77 Einheit
4367 1790 375 73 zwischen

2807 1900 471 76 Bühnenbild
3346 1903 154 73 und
3569 1905 584 73 dramatischem
4221 1903 352 93 Vorgang
4641 1908 98 68 ist

2799 2018 230 73 heute
3119 2022 132 69 mit
3337 2017 678 93 Schwierigkeiten
4101 2018 340 92 geladen.
4555 2017 184 72 Eine

2797 2132 391 93 Richtung,
3293 2161 149 45 von
3520 2132 312 74 Gordon
3910 2133 272 94 Craigh
4285 2133 453 92 ausgehend,

2795 2249 173 84 will,
3024 2247 147 74 daß
3220 2249 124 72 die
3393 2247 246 78 Kunst
3689 2250 136 75 des
3879 2249 650 72 Bühnenbildners
4582 2247 157 74 sich

2794 2362 475 93 unabhängig
3322 2362 301 88 äußere,
3678 2367 167 68 eine
3896 2362 283 75 andere
4230 2362 508 93 gemäßigtere

2795 2475 373 95 Richtung
3202 2479 299 78 möchte
3535 2477 473 75 Bühnenbild
4042 2479 152 73 und
4228 2479 278 71 Drama
4543 2477 195 73 ohne

2797 2592 428 73 künstliche
3297 2591 889 94 Zwischenschaltungen
4250 2596 442 69 untereinan-

2792 2707 134 73 der
2970 2707 589 73 verschmelzen.
3630 2707 227 73 Diese
3901 2709 232 71 letzte
4179 2704 374 97 Richtung
4595 2707 105 72 fin-

2792 2823 130 72 det
2968 2823 159 72 ihre
3171 2823 740 91 hervorragendsten
3952 2821 398 74 Vertreter
4392 2826 75 68 in
4509 2819 180 75 Rein-

2792 2936 222 75 hardt
3073 2936 152 73 und
3285 2936 274 92 Appia.
3645 2936 154 73 Der
3860 2934 488 87 Futurismus,
4412 2963 90 46 zu
4560 2934 173 73 dem

2789 3051 274 75 Vasari
3107 3053 112 73 als
3266 3051 554 73 künstlerische
3869 3050 603 74 Persönlichkeit
4517 3051 173 73 rech-

2789 3175 150 79 net,
2992 3170 206 88 neigt
3247 3166 210 73 mehr
3507 3193 130 46 zur
3686 3166 461 73 Autonomie
4199 3166 134 73 des
4385 3165 299 72 Bühnen-

2789 3282 265 72 bildes.

2789 3412 670 95 Maschinenangst
3522 3419 95 69 ist
3679 3417 119 69 ein
3857 3419 75 67 in
3993 3414 250 72 dieser
4302 3412 429 91 Beziehung

2790 3529 761 73 charakteristisches
3615 3527 259 88 Stück,
3942 3529 172 73 weil
4180 3556 80 46 es
4323 3527 206 73 nicht
4592 3552 139 48 nur

2795 3644 148 73 den
3014 3642 425 76 Gedanken
3510 3644 134 73 des
3715 3644 465 73 Futurismus
4250 3642 472 85 modifiziert,

2787 3759 328 73 sondern
3192 3759 191 73 auch
3461 3762 123 70 ein
3657 3759 295 73 reiches
4004 3757 359 75 Material
4436 3757 119 73 für
4606 3756 123 72 die

2785 3874 661 75 bühnenbildliche
3483 3872 482 94 Darstellung
4001 3874 261 85 bietet,
4297 3900 92 45 zu
4421 3872 134 77 der
4592 3871 135 73 der

2783 3988 248 74 Autor
3090 3993 120 67 ein
3268 3988 592 74 chromatisches
3921 3986 755 73 Orchesterkommen-

2785 4113 117 63 tar
2949 4130 149 46 von
3149 4103 259 73 Linien
3456 4103 152 73 und
3656 4101 313 73 Massen
4020 4099 284 75 erfand.

2783 4220 153 71 Der
2978 4218 352 74 Vorwurf
3374 4218 136 73 des
3557 4216 325 75 Stückes
3930 4221 95 73 ist
4070 4218 136 71 der
4248 4216 378 92 folgende:

2783 4350 80 73 In
2949 4350 136 73 der
3173 4350 877 93 radiotelegraphischen
4133 4347 296 74 Kabine
4517 4352 207 67 einer

2782 4465 205 75 Welt
3056 4465 412 75 außerhalb
3530 4492 153 46 von
3747 4465 161 73 Zeit
3972 4465 154 73 und
4189 4463 533 75 Wirklichkeit

2780 4582 188 71 wird
3007 4580 135 73 das
3187 4579 265 76 Nahen
3495 4584 208 69 einer
3744 4579 252 78 Flotte
4037 4606 150 45 von
4228 4577 494 74 Luftschiffen

2780 4697 413 90 angezeigt.
3264 4692 124 75 Sie
3430 4694 248 93 bringt
3723 4694 124 73 die
3888 4692 435 73 Frauen,
4390 4689 284 74 Landes-

2785 4812 427 70 verwiesen
3303 4809 236 73 durch
3632 4807 122 73 die
3849 4833 194 47 neue
4136 4806 585 72 mechanisierte

2778 4922 480 77 Menschheit
3298 4924 170 91 (die,
3505 4949 125 48 um
3664 4922 412 73 herrschen
4114 4949 90 46 zu
4243 4921 325 86 können,
4611 4922 108 71 sie

2777 5039 127 71 auf
2982 5041 220 69 einen
3278 5039 291 73 andern
3640 5036 364 73 Planeten
4084 5036 376 73 verbannt
4533 5034 183 90 hat),

2777 5151 360 76 schicken
3188 5156 109 69 sie
3347 5178 151 46 nun
3549 5156 168 69 eine
3769 5151 516 91 Abgesandte,
4338 5149 205 92 Lipa,
4595 5148 122 72 die

2775 5269 185 73 aber
3004 5271 133 71 mit
3183 5264 486 94 Verachtung
3718 5266 481 92 abgewiesen
4245 5263 208 74 wird.
4524 5261 193 75 Kein

2777 5381 406 75 Paktieren
3225 5381 378 73 zwischen
3642 5380 135 74 der
3816 5407 251 45 neuen
4106 5378 242 74 Rasse
4387 5376 154 76 und
4582 5376 135 75 der

2773 5498 215 86 Frau,
3041 5495 122 76 die
3214 5496 122 75 die
3383 5496 400 73 heroische
3832 5493 398 80 Mannheit
4285 5491 429 93 erniedrigt.

2773 5613 212 73 Aber
3022 5612 120 72 die
3183 5608 496 95 Abgesandte
3720 5610 188 73 wird
3947 5610 110 73 als
4098 5608 259 75 Geisel
4397 5605 274 76 zurück-

2773 5727 378 74 behalten.
3237 5723 305 88 Tonkir,
3606 5725 148 73 den
3813 5723 693 90 Uebermenschen,
4568 5720 149 73 den

2772 5842 370 93 Schöpfer
3219 5838 137 75 des
3432 5867 249 46 neuen
3735 5838 579 75 mechanischen
4363 5837 348 84 Kosmos,

2772 5957 357 73 versucht
3163 5960 137 68 sie:
3341 5984 79 44 er
3454 5955 141 73 soll
3628 5982 92 46 zu
3755 5959 243 69 einem
4031 5954 392 72 normalen
4455 5950 259 75 Leben

2770 6069 596 88 zurückkehren,
3417 6096 135 47 aus
3600 6069 172 73 dem
3816 6067 673 75 Uebermenschen
4533 6069 135 67 wie-

2772 6187 135 73 der
2968 6213 168 47 zum
3195 6182 420 76 Menschen
3674 6186 335 86 werden;
4076 6186 121 72 die
4257 6182 240 76 Natur
4555 6186 156 72 läßt

2770 6302 157 73 sich
2968 6301 205 73 nicht
3214 6299 423 93 ungestraft
3679 6299 481 91 bekämpfen,
4204 6302 136 75 der
4380 6297 284 77 Lebens-

2767 6414 315 76 instinkt
3127 6416 205 74 nicht
3380 6416 194 73 ohne
3620 6416 391 74 schweren
4060 6416 351 74 Schaden
4453 6428 214 64 unter-

2768 6529 361 75 drücken.
3195 6528 284 74 Tonkir
3518 6534 281 88 zögert,
3838 6575 95 10 —
3972 6531 185 73 aber
4199 6531 112 75 als
4352 6531 121 75 die
4512 6529 197 77 Frau

2767 6644 199 78 dann
3002 6644 532 94 weggebracht
3573 6644 309 75 worden
3920 6650 115 86 ist,
4077 6646 444 76 erscheinen
4560 6646 147 76 ihm
