5423 7302
755 6892 38 64 2

759 537 164 76 drei
1045 538 386 90 Schatten,
1551 538 122 76 die
1795 538 539 93 Projektionen
2452 540 248 78 dreier

761 652 332 95 Puppen,
1132 653 154 77 und
1320 655 237 75 reden
1596 682 91 48 zu
1728 655 174 75 ihm:
1946 660 210 71 seine
2193 655 163 76 drei
2395 655 303 76 Seelen:

761 767 296 90 Traum,
1125 769 440 94 lebendiges
1629 770 259 75 Leben
1948 772 154 73 und
2166 772 134 74 der
2364 770 336 76 Wunsch

757 882 193 73 nach
994 882 534 95 Vernichtung.
1597 884 175 74 Und
1817 884 285 74 Tonkir
2148 885 196 73 reißt
2388 885 134 75 der
2566 912 90 48 un-

757 997 610 76 widerstehliche
1414 999 292 74 Wirbel
1750 1004 133 69 mit
1931 1001 169 72 fort.
2176 1001 210 74 Jetzt
2434 1002 266 73 stehen

759 1129 239 76 gegen
1050 1117 209 70 seine
1318 1114 415 74 Schwäche
1787 1119 210 69 seine
2049 1116 276 72 beiden
2380 1116 275 74 Gefähr-

761 1236 127 64 ten
949 1227 145 88 auf,
1152 1227 230 75 Bacal
1436 1229 153 73 und
1643 1229 286 93 Singar,
1985 1231 152 73 und
2192 1231 506 88 beschließen,

759 1343 129 72 ihn
928 1370 93 45 zu
1069 1343 420 74 ermorden.
1562 1343 125 74 Sie
1734 1344 166 75 sind
1946 1344 276 75 dessen
2263 1346 186 73 aber
2495 1348 205 72 nicht

759 1456 220 93 fähig.
1067 1456 222 75 Auch
1350 1458 122 73 die
1535 1456 194 76 Frau
1789 1476 309 77 vermag
2156 1459 127 73 ihn
2341 1461 204 75 nicht
2608 1487 92 47 zu

757 1576 236 82 töten,
1038 1571 156 75 und
1237 1573 154 73 will
1438 1600 81 46 es
1563 1575 193 72 auch
1800 1575 227 72 nicht.
2097 1575 222 72 Denn
2359 1580 109 69 sie
2513 1576 187 73 liebt

759 1686 144 75 ihn.
986 1686 283 75 Tonkir
1325 1688 320 75 erkennt
1706 1693 210 70 seine
1973 1686 476 97 Niederlage.
2529 1691 171 73 Und

757 1808 288 66 anstatt
1096 1829 151 45 von
1297 1803 292 73 andern
1636 1803 122 73 die
1807 1801 388 95 Erfüllung
2247 1807 248 72 seines
2547 1803 101 76 Ge-

759 1915 298 74 schicks
1110 1944 91 45 zu
1253 1925 398 81 erwarten,
1731 1918 200 75 zieht
2009 1945 81 46 er
2146 1945 81 46 es
2303 1945 160 63 vor,
2540 1918 156 73 sich

757 2030 239 75 selbst
1040 2032 153 74 und
1238 2032 339 93 zugleich
1624 2037 264 69 seinen
1931 2032 574 76 Mechanismen
2552 2033 148 75 den

759 2144 163 76 Tod
967 2174 93 46 zu
1106 2147 244 93 geben
1394 2145 235 76 durch
1680 2150 263 90 eigene
1993 2147 243 76 Hand.
2307 2147 100 74 Er
2452 2150 242 87 stirbt,

756 2259 154 74 und
966 2260 122 75 die
1148 2277 236 78 ganze
1440 2287 152 48 von
1648 2262 147 73 ihm
1855 2262 484 91 geschaffene
2396 2264 252 73 mecha-

756 2374 260 74 nische
1052 2372 208 78 Welt
1299 2382 239 68 stürzt
1575 2377 400 75 unrettbar
2012 2382 75 70 in
2124 2376 388 74 Trümmer
2549 2379 149 73 und

756 2494 113 71 ins
911 2487 285 78 Nichts.
1265 2491 259 74 Ueber
1565 2491 149 74 den
1755 2491 445 74 Trümmern
2237 2497 297 70 weinen
2576 2494 122 73 die

756 2602 467 78 Maschinen.
1289 2606 156 74 Der
1482 2604 376 95 klagende
1904 2606 264 76 Schrei
2209 2606 135 76 der
2381 2607 317 75 Sirenen

759 2719 252 76 erfüllt
1059 2719 147 75 den
1253 2718 263 77 Raum.

757 2887 429 91 Harmonie,
1238 2890 351 75 bemerkt
1641 2890 247 88 Orazi,
1943 2897 96 69 ist
2090 2892 122 74 die
2263 2894 235 72 letzte
2545 2892 155 73 und

757 3007 436 73 essentielle
1240 3005 464 94 Bedeutung,
1775 3011 76 69 in
1921 3005 138 75 der
2126 3005 123 75 die
2320 3005 376 94 tragische

756 3117 376 95 Synthese
1177 3119 669 96 Maschinenangst
1890 3122 349 88 ausläuft,
2290 3127 73 70 in
2413 3122 245 75 schlüs-

756 3237 196 90 siger
999 3232 508 93 Konsequenz
1557 3236 135 73 der
1739 3234 585 95 Konzeptionen
2371 3236 136 74 des
2554 3234 95 76 Fu-

756 3353 376 71 turismus,
1191 3349 156 75 Das
1380 3349 652 93 Zentralproblem
2065 3353 182 91 liegt
2280 3349 235 90 darin,
2551 3351 147 74 daß

756 3461 304 91 Tonkir,
1150 3464 136 73 der
1348 3464 591 88 Uebermensch,
2034 3464 368 93 Schöpfer
2491 3469 207 87 jenes

752 3578 556 76 wunderbaren
1382 3578 347 90 Reiches,
1809 3579 389 77 absoluter
2276 3578 422 76 Herrscher

754 3695 191 72 über
994 3693 122 74 die
1169 3691 423 76 Menschen
1641 3695 156 74 und
1843 3695 440 93 Bezwinger
2341 3695 133 72 der
2530 3693 111 73 Ma-

756 3811 211 85 terie,
1016 3808 134 75 der
1199 3808 561 93 gefühlsmäßig,
1812 3811 293 72 sexuell
2153 3810 152 73 und
2352 3827 295 74 pragma-

756 3925 191 73 tisch
1025 3923 151 75 den
1250 3925 288 73 andern
1592 3923 131 75 Pol
1802 3925 136 74 der
1992 3923 501 88 Menschheit,
2574 3925 120 73 die

754 4037 267 74 Frau
1054 4040 294 91 besiegt
1380 4040 153 86 hat,
1572 4040 130 75 auf
1731 4040 135 73 der
1899 4037 216 76 Höhe
2153 4042 255 71 seiner
2432 4038 262 75 Macht

754 4152 122 74 die
964 4152 633 93 Zwecklosigkeit
1689 4157 247 69 seiner
2027 4155 451 92 gewaltigen
2537 4154 106 71 An-

756 4279 404 83 strengung
1199 4267 342 90 erkennt,
1587 4267 342 90 erkennt,
1971 4269 148 72 daß
2159 4272 161 71 sein
2363 4267 172 93 Sieg
2578 4272 118 69 ein

757 4380 259 75 Wurm
1072 4385 117 85 ist,
1247 4384 135 73 der
1440 4382 149 73 ihm
1646 4382 134 73 das
1841 4382 286 73 Gehirn
2181 4380 309 77 zerfrißt
2544 4382 154 75 und

754 4497 125 73 ihn
932 4497 277 75 rastlos
1262 4497 249 73 hinter
1565 4524 249 46 neuen
1870 4497 398 73 Chimären
2324 4497 369 73 herhetzt,

754 4609 554 95 Nutzlosigkeit
1365 4611 154 74 und
1574 4609 384 90 Eitelkeit,
2021 4612 194 73 noch
2271 4611 425 74 verschärft

754 4726 234 74 durch
1042 4726 147 73 den
1240 4724 345 76 Konflikt
1636 4731 131 69 mit
1821 4726 171 74 dem
2044 4726 449 73 weiblichen
2544 4724 100 75 Ge-

754 4841 357 88 schlecht,
1165 4841 134 75 das
1350 4841 464 75 überdauert
1865 4843 154 73 und
2066 4841 630 75 unveränderlich

752 4958 259 86 bleibt,
1086 4954 152 75 und
1313 4956 415 75 obendrein
1802 4958 124 71 ihn
1999 4956 233 73 durch
2302 4956 137 75 das
2488 4956 206 93 Spiel

752 5070 588 74 tausendfacher
1384 5070 550 93 Suggestionen
1978 5071 146 73 den
2170 5071 481 93 beängstigen-

752 5186 148 73 den
950 5185 432 96 Gegensatz
1435 5186 376 75 zwischen
1863 5192 247 67 seiner
2161 5186 489 73 mechanisier-

754 5312 129 62 ten
942 5300 223 74 Seele
1225 5302 154 72 und
1436 5300 136 74 der
1631 5305 161 69 rein
1851 5302 561 72 menschlichen
2469 5300 224 76 Seele

754 5417 391 73 erkennen
1184 5415 178 75 läßt.

754 5566 283 76 Tonkir
1098 5571 159 73 lebt
1340 5571 262 73 diesen
1663 5569 366 75 Kontrast
2115 5569 114 73 bis
2319 5596 128 46 zur
2505 5566 141 74 Ver-

752 5684 398 93 zweiflung
1191 5684 256 88 durch,
1492 5711 80 46 er
1611 5684 359 75 versucht
2010 5683 410 74 Rückkehr
2457 5688 75 67 in
2573 5681 120 74 die

751 5796 657 88 Menschlichkeit,
1465 5843 97 9 —
1616 5799 183 72 aber
1858 5798 210 73 diese
2126 5796 414 73 Rückkehr
2596 5798 97 69 ist

751 5913 425 93 unmöglich
1231 5970 14 17 .
1303 5970 13 16 .
1375 5970 12 16 .
1445 5913 115 73 Da
1612 5915 163 71 sein
1829 5911 297 75 Glaube
2180 5940 95 46 an
2329 5911 157 73 sich
2540 5908 154 76 und

754 6055 96 48 an
915 6033 161 70 sein
1137 6026 240 75 Werk
1465 6030 208 73 starb
1761 6030 153 71 und
2000 6026 225 75 keine
2312 6025 381 93 Hoffnung

749 6143 261 88 bleibt,
1088 6145 401 73 verlorene
1567 6141 635 77 Menschlichkeit
2276 6141 371 75 wiederzu-

754 6258 376 92 erlangen,
1176 6257 162 74 fällt
1386 6258 133 73 der
1563 6255 195 76 Held
1805 6258 111 73 als
1965 6257 238 93 Opfer
2247 6262 249 69 seines
2540 6255 102 74 Ge-

751 6372 318 74 schicks.

751 6522 184 75 Man
976 6526 132 71 hat
1147 6526 267 91 richtig
1455 6526 373 88 bemerkt,
1872 6526 149 73 daß
2063 6528 210 77 diese
2315 6526 374 93 tragische

751 6638 374 94 Dichtung
1206 6643 218 71 einen
1506 6666 245 50 neuen
1811 6639 530 77 Klassizismus
2420 6641 269 91 bringt,

2942 543 133 75 der
3142 548 98 72 im
3307 543 310 77 Grunde
3685 543 124 78 die
3878 543 449 95 eigentliche
4391 540 286 78 Essenz
4745 540 134 74 des

2938 658 466 77 Futurismus
3468 665 119 70 ist.
3678 660 530 75 Klassizismus
4273 658 162 73 hier
4503 655 336 97 gleichbe-

2937 770 338 78 deutend
3313 779 132 71 mit
3487 774 428 89 Harmonie,
3963 774 152 74 und
4158 774 250 72 dieser
4452 772 429 74 Gleichheit

2935 887 132 76 hat
3123 887 227 76 Orazi
3404 892 284 73 bereits
3741 889 411 91 Rechnung
4207 896 381 84 getragen.
4667 885 214 73 Aber

2938 1002 122 75 die
3120 1001 411 81 Harmonie
3589 1006 181 91 liegt
3826 1006 164 71 hier
4049 1009 73 68 in
4181 1002 136 73 der
4378 1001 499 91 Konzeption,

2938 1117 237 75 deren
3221 1117 481 95 Philosophie
3755 1122 121 75 die
3927 1117 505 93 eigentlichen
4479 1116 402 93 Vorgänge

2938 1231 134 74 des
3113 1231 318 78 Dramas
3470 1234 159 73 sich
3672 1231 521 76 unterordnet.
4261 1227 284 75 Tonkir
4584 1229 131 73 hat
4759 1227 122 73 die

2937 1346 332 76 Gesetze
3319 1348 136 74 der
3504 1346 242 76 Natur
3793 1348 153 74 und
3995 1348 134 72 der
4178 1344 481 73 Menschheit
4710 1370 129 45 ver-

2937 1461 186 75 letzt
3169 1461 154 75 und
3372 1464 488 73 zerbrochen.
3932 1459 146 77 Mit
4132 1464 286 70 seinem
4469 1458 210 74 Tode
4730 1458 149 74 löst

2937 1576 159 73 sich
3143 1576 136 75 das
3328 1578 633 93 ungeheuerliche
4012 1575 259 91 Reich,
4325 1575 136 72 das
4511 1600 87 46 er
4645 1571 232 87 schuf,

2938 1691 127 72 auf
3108 1695 144 69 wie
3296 1688 243 80 Nebel
3583 1696 97 70 im
3722 1690 249 88 Wind,
4019 1690 155 73 und
4215 1688 208 75 Welt
4464 1685 154 74 und
4662 1683 165 74 Men-

2937 1807 233 74 schen
3214 1807 254 74 bauen
3514 1808 158 73 sich
3719 1805 284 74 wieder
4056 1805 139 73 auf
4229 1803 154 73 und
4434 1803 274 73 stellen
4759 1801 120 77 die

2935 1917 408 78 Harmonie
3390 1920 285 75 wieder
3716 1920 155 86 her,
3920 1923 122 73 die
4086 1920 117 73 für
4249 1922 261 69 immer
4554 1923 323 68 zerstört

2938 2033 276 75 schien.

2937 2167 100 75 So
3162 2169 149 74 daß
3440 2171 448 74 tatsächlich
4017 2169 120 73 die
4268 2162 613 93 Ueberwindung

2937 2282 133 77 des
3160 2282 423 77 Menschen
3672 2284 203 75 nicht
3970 2282 233 75 durch
4295 2281 122 74 die
4483 2277 396 76 Maschine

2937 2396 291 93 erfolgt,
3319 2398 327 74 sondern
3777 2398 237 72 durch
4098 2396 120 74 die
4305 2392 574 92 Beherrschung

2937 2511 250 74 dieser
3296 2511 416 76 Maschine,
3883 2513 276 86 Icarus,
4271 2509 137 76 der
4517 2508 360 74 moderne

2933 2623 593 98 Eroberergeist,
3624 2626 173 75 muß
3892 2626 159 75 sich
4144 2650 166 47 zum
4403 2621 247 75 Herrn
4743 2621 134 75 des

2935 2741 581 75 mechanischen
3617 2741 588 93 Gegenspielers
4307 2740 316 74 machen
4726 2736 155 75 und

2937 2855 206 74 nicht
3263 2860 143 69 wie
3521 2856 135 73 der
3775 2855 328 74 Zentaur
4224 2880 167 46 zum
4506 2851 368 87 Halbtier,

2937 2997 91 46 zu
3118 2973 244 70 einem
3451 2970 285 74 Wesen
3846 2968 352 75 niederer
4286 2970 148 71 Art
4545 2966 331 75 werden.

2935 3083 247 75 Wenn
3250 3112 174 46 man
3489 3087 230 73 heute
3787 3083 135 75 der
3966 3083 269 75 Poesie
4303 3082 136 74 der
4481 3082 396 74 Maschine

2937 3202 220 69 einen
3206 3197 286 76 andern
3539 3198 217 75 Wert
3807 3198 332 89 beimißt,
4193 3200 152 71 will
4396 3224 175 46 man
4620 3204 215 66 natür-

2933 3314 148 72 lich
3116 3312 234 74 damit
3385 3314 226 88 nicht,
3648 3317 142 69 wie
3829 3315 240 90 einige
4105 3312 464 74 verstanden
4601 3312 273 86 haben,

2935 3427 120 75 die
3099 3427 256 75 Größe
3394 3429 152 73 und
3587 3429 149 74 den
3775 3427 220 75 Wert
4036 3429 135 73 der
4213 3427 664 92 Mechanisierung

2933 3542 151 73 und
3170 3541 544 94 Zahlwerdung
3800 3542 136 73 des
4020 3539 422 76 Menschen
4527 3541 306 72 verherr-

2935 3657 264 73 lichen,
3306 3657 152 73 Das
3538 3661 95 71 ist
3710 3656 138 74 das
3929 3656 686 93 stillschweigende
4698 3654 135 73 Pro-

2935 3789 281 75 gramm
3279 3776 206 69 eines
3546 3771 615 88 Materialismus,
4224 3773 171 72 dem
4456 3771 133 73 der
4649 3771 228 91 Krieg

2937 3888 142 71 den
3140 3886 427 74 Todesstoß
3648 3894 408 66 versetzte.
4166 3886 139 73 Die
4390 3886 486 93 dynamische

2937 4001 152 73 und
3179 3999 525 77 aktivistische
3799 3999 265 90 Kunst,
4161 3999 305 94 Spiegel
4559 4027 315 47 unseres

2938 4115 635 74 Seelenzustands
3641 4115 136 74 der
3841 4115 379 74 Eroberer
4285 4118 154 73 und
4505 4115 369 88 Pioniere,

2933 4235 234 88 preist
3221 4236 95 68 im
3370 4230 400 93 Gegenteil
3821 4230 121 74 die
3995 4230 396 74 Maschine
4442 4231 112 73 als
4603 4230 219 74 Werk-

2935 4363 186 77 zeug
3162 4347 134 72 des
3338 4345 439 88 Menschen,
3821 4350 133 69 mit
3998 4347 136 72 der
4178 4374 79 44 er
4301 4345 124 74 die
4467 4345 209 74 Welt
4720 4347 156 72 sich

2932 4460 445 75 unterwirft.
3441 4458 171 73 Von
3653 4458 378 75 Jombona
4071 4460 114 73 bis
4230 4458 302 75 Conrad
4572 4463 97 72 ist
4715 4458 162 75 dies

2933 4579 134 71 der
3111 4575 183 75 Sinn
3338 4575 135 73 des
3517 4573 713 75 d'Annunzioschen
4278 4572 421 98 „Navigare
4745 4601 88 47 ne-

2935 4717 217 48 cesse
3473 4689 248 72 Wenn
3778 4716 149 45 von
3985 4687 399 78 Marinetti
4440 4690 437 93 ausgehend

2933 4805 136 73 der
3120 4802 463 76 Futurismus
3639 4807 166 70 eine
3860 4805 326 90 lyrische
4241 4804 635 93 Verherrlichung

2933 4919 137 73 der
3130 4916 394 76 Maschine
3587 4917 279 88 wurde,
3931 4919 150 73 will
4144 4944 173 48 man
4378 4919 235 74 damit
4679 4919 195 73 doch

2932 5036 474 89 keineswegs
3492 5061 91 46 zu
3673 5037 207 68 einer
3966 5034 584 73 mechanischen
4637 5034 198 75 Inter-

2932 5153 384 88 pretation
3375 5147 134 75 der
3568 5147 420 73 Menschen
4044 5147 154 73 und
4256 5149 135 73 der
4450 5147 207 77 Welt
4713 5151 121 73 hin-

2933 5266 386 90 gelangen,
3385 5263 371 74 Sondern:
3799 5263 152 72 Das
3990 5263 430 94 Lebendige
4456 5264 157 73 und
4644 5263 184 74 Herr-

2932 5378 330 74 schende
3296 5381 96 70 ist
3424 5378 134 73 der
3590 5376 332 76 Geist.
3981 5376 173 73 Und
4186 5376 275 76 Vasari
4489 5378 197 74 weiß
4715 5378 157 74 das,

4443 5457 9 16 5

2930 5493 154 73 Der
3162 5491 606 75 veräußerlichte
3848 5490 562 77 Mechanismus
4491 5491 137 75 der
4706 5491 112 75 Ma-

2933 5608 329 86 schinen,
3302 5606 136 75 der
3472 5608 203 73 nicht
3716 5608 108 73 als
3861 5610 161 69 rein
4059 5606 320 75 äußerer
4417 5606 254 77 Prunk
4703 5637 127 44 ver-

2930 5722 325 76 standen
3297 5727 115 86 ist,
3463 5722 239 74 bildet
3746 5722 120 71 die
3914 5720 398 95 lebendige
4357 5720 332 76 Materie
4737 5725 135 73 des

2932 5838 338 73 Dramas,
3358 5838 153 73 Der
3570 5837 464 74 Futurismus
4091 5837 134 72 der
4288 5835 396 78 Maschine
4742 5842 132 71 hat

2930 5954 162 71 hier
3152 5952 194 73 nach
3406 5950 396 76 Marinetti
3865 5954 262 69 seinen
4188 5952 310 74 wahren
4559 5952 313 76 Dichter

2930 6065 396 93 gefunden,
3367 6067 135 73 der
3541 6067 147 73 den
3727 6065 486 75 schallenden
4254 6067 152 73 und
4444 6069 430 72 sausenden

2930 6180 283 75 Wesen
3257 6180 277 88 Leben,
3585 6179 613 95 Körperlichkeit
4244 6180 156 75 und
4444 6180 172 78 Blut
4666 6184 204 73 leiht.

2930 6296 140 74 Die
3104 6296 246 74 Szene
3384 6297 206 73 stellt
3626 6297 157 75 sich
3815 6301 134 71 mit
3981 6302 212 87 jener
4224 6297 453 95 Suggestion
4711 6301 158 88 dar,

2926 6419 224 66 unter
3187 6411 137 76 der
3362 6412 137 75 das
3538 6414 64 71 D
3633 6416 25 69 i
3682 6440 47 45 n
3758 6431 42 75 g
3831 6470 12 29 ,
3887 6412 133 75 das
4061 6412 401 94 Objekt
4505 6417 161 73 sich
4701 6443 129 47 ver-

2926 6526 495 76 menschlicht
3494 6528 152 72 und
3721 6533 220 67 einen
4015 6556 248 46 neuen
4340 6531 534 76 einheitlichen

2930 6639 779 78 Persönlichkeitsakt
3751 6644 349 90 gewinnt.
