5423 7302
672 6946 81 68 16

670 580 498 75 Lokomotive
1249 584 131 67 mit
1459 580 180 71 eitel
1696 577 200 74 Gold
1974 602 125 46 um
2175 574 148 72 den
2402 574 205 84 Hals,

670 701 259 61 nimmt
985 694 122 74 die
1166 692 236 75 Reste
1459 692 134 73 der
1656 690 419 75 deutschen
2130 689 481 73 Reichsbahn

675 811 491 72 freundlichst
1202 809 249 73 hinter
1485 807 157 73 sich
1674 806 151 72 und
1859 806 200 71 fährt
2096 806 186 71 über
2314 804 258 73 Butter-

673 927 253 75 boden
960 926 193 73 nach
1186 922 539 94 Kopenhagen,

668 1065 520 91 Kopenhagen
1291 1066 94 68 ist
1485 1065 72 67 in
1659 1056 518 75 Deutschland
2279 1051 335 75 dadurch

670 1180 313 73 bestens
1061 1175 339 76 bekannt
1478 1171 426 95 geworden,
1986 1168 147 74 daß
2213 1171 74 68 in
2363 1165 251 74 dieser

672 1293 220 78 Stadt
939 1293 134 71 der
1117 1290 562 74 bestbekannte
1723 1285 403 73 Bildhauer
2174 1278 390 76 Thorwald-

675 1435 134 46 sen
877 1412 133 67 mit
1080 1403 884 95 Originalschkulpturen
2030 1405 393 64 vertreten
2492 1398 117 80 ist,

673 1525 119 73 die
853 1522 235 76 durch
1148 1522 159 73 ihre
1364 1518 415 92 Fähigkeit,
1840 1515 158 75 sich
2055 1517 73 69 in
2186 1512 426 89 beliebigen

670 1639 510 89 Exemplaren
1246 1634 237 74 durch
1552 1630 393 75 Porzellan
2015 1627 436 73 verbreiten
2521 1649 90 46 zu

670 1757 273 83 lassen,
983 1749 435 76 Dänemark
1457 1749 149 73 den
1642 1747 146 71 Ruf
1832 1749 206 69 einer
2077 1742 535 73 Kulturnation

668 1869 363 95 gebracht
1081 1867 270 87 haben,
1403 1862 346 87 beinahe,
1806 1860 110 73 als
1969 1860 218 72 obste
2238 1852 325 76 Deutsch-

667 1984 177 76 land
883 1982 231 75 heißt.
1203 1979 161 75 Wir
1403 1977 505 75 unsererseits
1945 1972 252 75 haben
2235 1969 329 76 bekannt-

667 2099 150 73 lich
848 2098 147 72 den
1027 2094 285 75 Michel
1344 2091 296 95 Angelo
1674 2116 136 48 aus
1842 2087 269 75 Italien
2147 2089 76 70 in
2255 2082 188 93 Gips
2480 2108 86 47 an-

667 2213 357 74 nektiert.
1136 2211 140 71 Die
1356 2206 437 76 Deutschen
1876 2204 369 90 hingegen
2324 2209 132 63 tun
2538 2199 74 68 in

662 2330 521 91 Kopenhagen
1210 2321 491 78 bekanntlich
1730 2316 437 78 bedeutend
2197 2316 146 71 den
2372 2311 239 73 Mund

670 2446 146 85 auf,
851 2446 144 70 wie
1027 2441 302 75 Goethe
1364 2446 187 85 sagt,
1588 2436 147 73 den
1766 2438 133 69 wir
1935 2431 112 75 als
2077 2455 230 49 unser
2338 2426 226 93 Eigen-

668 2560 347 93 gewächs
1061 2553 474 95 ansprechen
1576 2551 327 82 können,
1947 2573 125 46 um
2113 2545 194 72 mich
2348 2546 263 70 immer

668 2675 148 71 mal
873 2672 285 72 wieder
1217 2672 134 72 der
1410 2667 432 93 gepflegten
1903 2660 338 93 Sprache
2299 2683 91 46 zu
2477 2656 87 71 be-

670 2790 293 73 dienen.
1066 2785 302 75 Wovon
1424 2782 140 74 soll
1618 2780 121 73 ich
1793 2778 198 73 denn
2043 2783 153 65 satt
2250 2775 181 81 sein,
2490 2768 121 75 ich

668 2904 180 74 fand
890 2902 197 73 doch
1127 2898 205 75 nicht
1378 2900 120 70 ein
1542 2893 359 73 Blättlein
1950 2893 100 88 (in
2092 2890 136 73 der
2272 2885 337 91 Mitropa

668 3017 376 91 nämlich),
1126 3014 193 86 mäh,
1400 3010 191 85 mäh,
1674 3007 193 73 mäh.
2003 3003 100 75 So
2186 3002 216 93 klagt
2475 2998 132 73 der

668 3134 366 74 deutsche
1092 3125 536 78 Kindermund,
1735 3124 144 86 Ich,
1938 3130 198 65 trotz
2192 3119 200 72 allen
2448 3115 108 71 Ab-

668 3252 473 88 leugnungen
1202 3246 413 83 Autorität,
1683 3239 196 73 habe
1947 3263 81 45 es
2092 3261 134 46 aus
2289 3229 275 76 Kinder-

667 3362 227 77 mund
948 3364 288 92 gehört.
1347 3357 175 73 Und
1596 3352 285 75 Kinder
1962 3349 374 93 sprechen
2412 3344 197 73 noch

667 3479 210 73 mehr
922 3474 500 76 Wahrheiten
1468 3473 110 71 als
1627 3466 315 76 Narren,
2040 3461 364 76 Plötzlich
2451 3459 158 91 gibt

670 3623 80 44 es
800 3593 288 74 Butter,
1188 3589 141 73 Die
1378 3584 438 75 Deutschen
1864 3581 250 73 haben
2162 3578 267 72 Butter
2484 3572 123 73 auf

668 3711 170 73 dem
885 3708 273 93 Kopfe.
1258 3703 206 74 Oder
1515 3705 108 74 sie
1672 3703 131 68 mit
1854 3694 298 75 Löffeln
2196 3693 408 93 gefressen.

670 3823 164 75 Daß
899 3826 106 70 sie
1073 3825 108 69 sie
1247 3820 129 71 auf
1437 3816 175 73 dem
1672 3811 248 93 Kopfe
1986 3808 271 86 haben,
2323 3810 96 67 ist
2489 3806 118 68 ein

668 3938 325 75 Zeichen
1054 3935 237 84 dafür,
1349 3931 147 75 daß
1554 3933 118 71 die
1733 3925 366 76 deutsche
2153 3921 268 75 Butter
2473 3945 90 47 un-

668 4052 288 96 gesund
1017 4055 117 69 ist.
1261 4043 537 76 Anderenfalls
1862 4040 208 73 kann
2130 4062 172 47 man
2368 4043 239 65 etwas

668 4170 363 73 Besseres
1093 4165 234 76 damit
1388 4162 393 89 anfangen.
1901 4155 164 73 Daß
2126 4179 175 45 man
2362 4153 108 70 sie
2534 4152 73 67 in

667 4279 519 79 Deutschland
1222 4282 134 69 mit
1393 4275 295 73 Löffeln
1725 4273 295 72 fressen
2055 4268 225 83 kann,
2319 4265 286 71 kommt

670 4400 254 83 daher,
961 4395 148 75 daß
1144 4399 109 69 sie
1285 4389 486 76 hierzulande
1811 4390 77 68 in
1921 4389 246 69 einem
2202 4380 405 93 gleichsam

667 4516 359 88 flüssigen
1056 4505 381 78 Zustande
1473 4500 426 92 verabfolgt
1932 4495 210 77 wird.
2201 4490 167 76 Nun
2402 4517 153 48 wen-

668 4631 148 71 den
877 4627 133 73 der
1076 4622 364 77 deutsche
1505 4616 411 84 Gesandte,
1981 4612 326 71 Thomas
2372 4607 235 71 Mann

672 4744 172 85 und,
916 4741 193 73 nach
1176 4737 205 72 nicht
1449 4729 611 93 nachprüfbaren
2130 4724 427 90 Zeugenaus-

667 4875 250 76 sagen,
960 4848 523 96 Kierkegaard
1523 4853 139 79 ein,
1705 4844 145 76 daß
1879 4842 266 73 Butter
2182 4839 180 71 kein
2390 4836 215 72 Geist

665 4978 118 69 ist.
882 4971 235 71 Dafür
1168 4971 96 70 ist
1315 4964 183 73 aber
1551 4961 191 74 auch
1794 4958 217 72 Geist
2060 4954 210 73 nicht
2316 4951 286 71 Butter,

665 5088 102 74 Es
833 5088 194 90 fragt
1102 5083 176 86 sich,
1347 5080 185 72 oder
1600 5074 364 75 vielmehr
2035 5098 81 46 es
2182 5069 197 90 fragt
2450 5064 157 73 sich

665 5203 227 85 nicht,
927 5225 158 49 was
1120 5198 263 73 besser
1420 5222 90 44 zu
1542 5188 390 76 verdauen
1965 5190 117 69 ist,
2148 5179 457 90 Verdauung

667 5323 96 68 ist
833 5315 182 73 aber
1085 5315 168 69 eine
1317 5335 139 46 nur
1523 5301 508 77 menschliche
2096 5291 506 98 Eigenschaft,

667 5459 133 47 aus
866 5430 133 73 der
1068 5427 157 74 sich
1290 5422 362 94 göttliche
1716 5415 381 74 Nationen
2182 5410 246 74 nichts
2514 5433 91 46 zu

665 5545 318 76 machen
1046 5538 406 78 brauchen.
1574 5533 200 75 Weil
1837 5535 108 69 sie
2009 5528 195 75 eben
2270 5521 332 97 göttlich,

665 5660 186 77 oder
900 5684 168 49 zum
1119 5654 426 74 mindesten
1598 5645 391 97 goethisch
2038 5642 185 74 sind.
2324 5637 234 74 Jeden-

665 5777 169 73 falls
899 5779 96 68 ist
1058 5770 267 73 Butter
1388 5767 179 73 kein
1632 5759 366 76 Einwand
2060 5772 237 78 gegen
2362 5752 238 83 Geist,

665 5891 215 74 Geist
943 5891 183 71 aber
1186 5887 126 71 ein
1361 5877 388 78 Vorwand
1805 5877 193 73 ohne
2057 5872 288 74 Butter.
2460 5865 144 73 Um

663 6007 263 73 diesen
975 5996 675 94 Schwierigkeiten
1693 5991 377 74 ethischer
2114 5987 144 71 Art
2306 6011 90 46 zu
2443 5991 121 62 ent-

665 6121 259 93 gehen,
980 6119 132 70 hat
1163 6140 172 47 man
1386 6111 121 74 die
1557 6107 271 73 Butter
1881 6102 298 75 einfach
2230 6102 74 70 in
2353 6097 201 73 Däne-

663 6234 215 73 mark
919 6228 418 94 umgetauft
1383 6226 152 73 und
1583 6228 106 67 sie
1740 6219 217 75 Smör
2001 6223 347 88 genannt.
2418 6209 186 74 Was

663 6350 134 74 der
838 6348 267 74 Butter
1146 6346 205 73 nicht
1396 6344 210 72 recht
1652 6344 117 82 ist,
1815 6344 96 68 ist
1950 6338 122 72 die
2116 6336 217 73 Smör
2377 6331 223 91 billig.

663 6465 310 72 Andere
1029 6461 237 75 Leute
1322 6461 212 71 lesen
1596 6454 403 92 allerdings
2057 6451 339 73 Romane
2453 6471 149 48 von

667 6580 71 73 S.
797 6576 307 77 Fischer
1159 6576 261 85 lieber,
1507 6598 98 46 an
1683 6571 171 71 dem
1937 6568 157 74 sich
2152 6566 179 71 kein
2385 6559 219 75 Meer

660 6692 357 77 befindet.
1127 6688 374 75 Hierüber
1554 6685 251 74 ließen
1860 6683 158 75 sich
2072 6707 149 46 nun
2277 6676 322 93 psycho-

2858 568 332 99 logische
3226 572 152 73 und
3411 567 762 98 psychoanalytische
4208 562 592 91 Anmerkungen

2858 689 419 89 schreiben,
3312 689 270 71 soweit
3614 711 171 45 man
3815 683 180 73 kein
4027 680 359 75 Blättlein
4415 678 152 87 hat,
4604 677 192 83 mäh,

2857 804 191 86 mäh,
3082 802 193 86 mäh,
3311 802 191 73 mäh.
3585 799 162 74 Aus
3781 799 359 72 Blättlein
4174 797 185 71 aber
4396 792 403 73 entstehen

2857 917 338 73 Romane
3284 941 152 47 von
3522 912 325 73 Thomas
3934 909 237 74 Mann
4254 907 154 74 und
4496 904 251 93 Marga-

2855 1037 180 82 rine,
3074 1032 191 85 mäh,
3302 1029 191 86 mäh,
3531 1029 193 73 mäh.
3759 1026 317 74 Worauf
4110 1051 174 44 man
4315 1026 73 69 in
4423 1019 327 73 Deutsch-

2855 1147 176 75 land
3089 1151 120 71 die
3265 1144 648 90 Geistesnahrung
3973 1137 365 76 erfunden
4394 1137 151 71 hat.
4653 1134 141 71 Die

2852 1264 420 88 ungeistige
3316 1259 365 73 deutsche
3722 1254 530 90 Bevölkerung
4293 1249 306 75 ernährt
4642 1247 157 73 sich

2852 1401 152 46 von
3041 1376 149 73 den
3229 1373 449 84 Kartoffeln,
3724 1371 120 73 die
3890 1369 157 73 sich
4091 1373 73 67 in
4205 1362 435 77 Dänemark
4682 1362 112 72 als

2852 1489 428 75 Viehfutter
3333 1488 205 78 nicht
3592 1484 462 75 verwenden
4105 1483 272 71 lassen.
4482 1476 312 73 Warum

2855 1606 141 71 soll
3065 1630 173 46 man
3306 1603 157 74 sich
3532 1605 263 69 seinen
3861 1596 278 93 Magen
4206 1594 583 73 verschmieren.

2852 1720 139 71 Die
3046 1718 365 75 deutsche
3466 1715 265 74 Butter
3783 1720 95 68 ist
3937 1716 168 68 eine
4156 1708 469 91 Liebesgabe
4677 1705 117 71 für

2848 1833 391 76 Eheleute.
3324 1833 141 71 Die
3509 1832 357 72 dänische
3910 1826 268 75 Butter
4225 1828 168 70 eine
4435 1820 357 93 Ehegabe

2850 1948 115 73 für
3023 1947 503 76 Liebesleute,
3637 1943 258 75 Ueber
3954 1933 837 93 Geschmacklosigkeit

2852 2069 95 67 ist
2977 2062 205 74 nicht
3212 2089 92 47 zu
3334 2064 339 71 streiten,
3707 2053 523 95 Kierkegaard
4266 2052 139 76 soll
4438 2052 134 72 das
4604 2048 141 73 Ver-

2848 2177 488 76 dienstkreuz
3370 2177 117 71 für
3517 2174 297 74 Handel
3844 2172 152 74 und
4034 2169 354 74 Seefahrt
4421 2165 366 75 erhalten,

2848 2292 258 75 Ueber
3145 2290 266 75 Butter
3448 2289 157 74 läßt
3644 2287 159 73 sich
3841 2285 205 73 nicht
4084 2285 339 71 streiten.
4498 2279 293 89 Geistig

2855 2407 322 93 gedacht
3216 2406 139 74 soll
3395 2404 198 73 ihrer
3631 2401 328 72 werden.

4021 2511 403 73 Herwarth
4465 2508 325 73 Walden

2847 2868 176 112 An
3102 2909 388 71 unsere
3573 2866 752 110 Abonnenten
4406 2865 221 101 und

2850 3020 322 112 Leser

2849 3190 153 73 Der
3031 3188 279 93 Verlag
3339 3188 152 73 und
3525 3186 122 73 die
3682 3185 434 74 Redaktion
4148 3181 251 73 haben
4433 3177 157 75 sich
4627 3185 121 64 ent-

2849 3305 410 85 schlossen,
3320 3303 122 71 die
3503 3298 432 75 Zeitschrift
3996 3296 198 88 „Der
4612 3295 134 69 wie-

2848 3420 154 85 der,
3046 3423 142 68 wie
3232 3423 73 68 in
3349 3417 354 72 früheren
3745 3413 307 92 Jahren,
4099 3412 112 72 als
4253 3405 535 78 Monatschrift

2851 3533 447 73 erscheinen
3359 3559 90 46 zu
3518 3532 273 73 lassen.
3884 3528 166 72 Den
4111 3525 403 90 Vorzügen
4582 3525 206 69 einer

2844 3645 745 92 Vierteljahrschrift,
3657 3644 124 72 die
3848 3645 170 68 eine
4084 3635 706 92 Veröffentlichung

2846 3762 601 93 umfangreicher
3506 3759 376 74 Arbeiten
3947 3754 511 93 ermöglichte,
4522 3752 268 73 stehen

2844 3877 374 73 vielfache
3269 3872 398 76 Nachteile
3718 3870 450 95 gegenüber.
4243 3867 163 73 Wir
4453 3869 156 73 und
4656 3892 88 45 un-

2848 4019 167 46 sere
3066 3992 232 73 Leser
3347 3991 249 73 haben
3645 3992 97 70 im
3791 3986 234 72 Laufe
4075 3984 136 73 des
4258 3997 530 77 vergangenen

2848 4108 272 74 Jahres
3178 4109 261 70 immer
3496 4102 378 75 lebhafter
3931 4099 138 75 das
4126 4097 400 73 Bedürfnis
4585 4121 153 64 emp-

2844 4221 302 86 funden,
3224 4216 501 74 miteinander
3798 4214 338 92 häufiger
4212 4218 75 66 in
4361 4209 429 90 Beziehung

2848 4363 89 46 zu
2980 4343 272 79 treten,
3298 4333 110 73 als
3456 4356 138 48 nur
3635 4358 151 44 von
3826 4328 458 91 Vierteljahr
4328 4353 93 46 zu
4461 4324 287 73 Viertel-

2844 4453 181 90 jahr.
3124 4451 140 71 Die
3312 4446 562 93 Lebhaftigkeit
3947 4445 152 72 und
4170 4441 410 75 Raschheit
4654 4439 134 72 der

2843 4563 545 91 Entwicklung,
3430 4561 122 73 die
3588 4565 74 67 in
3701 4558 136 74 der
3872 4583 249 48 neuen
4155 4555 244 74 Kunst
4434 4555 231 72 heute
4704 4578 83 48 so

2849 4680 385 74 erheblich
3300 4682 95 67 ist
3459 4678 144 71 wie
3667 4678 215 81 einst,
3947 4673 345 90 verlangt
4356 4670 197 73 doch
4619 4673 168 68 eine

2844 4795 422 75 schnellere
3312 4792 154 72 und
3510 4790 386 91 häufigere
3943 4785 523 93 Gelegenheit,
4516 4787 111 71 als
4678 4787 110 69 sie

2846 4915 168 70 eine
3053 4905 719 93 Vierteljahrschrift
3815 4903 243 92 geben
4097 4900 224 73 kann.
4389 4900 354 71 Insbeson-

2851 5022 181 73 dere
3086 5020 204 75 steht
3340 5024 109 67 sie
3498 5017 135 73 der
3679 5017 501 88 Verwertung
4231 5012 136 73 des
4416 5015 162 68 rein
4632 5008 106 73 Ak-

2846 5142 284 75 tuellen
3161 5146 261 67 immer
3456 5134 367 74 hindernd
3859 5137 98 68 im
3989 5130 262 92 Wege.
4311 5129 140 72 Die
4487 5134 98 67 im
4615 5152 129 46 ver-

2844 5273 391 77 gangenen
3288 5252 186 75 Jahr
3532 5251 545 72 erschienenen
4129 5242 659 75 Monatsberichte

2843 5374 340 71 konnten
3222 5369 117 71 für
3379 5371 222 67 einen
3644 5362 308 75 solchen
3994 5357 307 93 Mangel
4339 5357 282 73 keinen
4663 5374 83 75 ge-

2843 5486 401 93 nügenden
3281 5481 269 74 Ersatz
3593 5481 279 73 bieten.

2843 5620 162 74 Wir
3039 5620 246 72 bitten
3315 5642 276 49 unsere
3628 5615 513 72 Abonnenten
4174 5608 152 74 und
4360 5606 252 83 Leser,
4651 5603 134 73 das

2844 5743 219 85 späte
3124 5731 465 75 Erscheinen
3655 5730 134 73 des
3853 5721 541 78 Januarheftes
4456 5723 132 69 mit
4651 5716 134 75 der

2844 5850 464 95 geänderten
3366 5842 750 91 Erscheinungsform
4174 5864 91 49 zu
4326 5833 418 76 entschuldi-

2843 5985 160 75 gen.
3080 5963 154 75 Das
3283 5958 499 78 Februarheft
3831 5955 190 74 wird
4067 5952 183 74 bald
4295 5952 273 91 folgen.
4644 5946 141 73 Die

2841 6085 369 70 weiteren
3261 6075 228 78 Hefte
3540 6072 310 74 werden
3903 6070 147 73 den
4101 6068 514 72 Abonnenten
4670 6063 113 71 bis

2843 6221 166 49 zum
3061 6199 103 68 10.
3213 6197 209 68 eines
3466 6190 220 93 jeden
3732 6187 306 73 Monats
4084 6185 357 93 zugehen.

2843 6312 140 73 Die
3017 6309 545 93 Bezugspreise
3599 6307 133 73 der
3772 6300 535 77 Monatschrift
4343 6300 154 72 Der
4533 6297 250 75 Sturm

2843 6426 164 74 sind
3039 6451 134 48 aus
3208 6429 207 68 einer
3445 6422 481 77 besonderen
3957 6422 338 90 Anzeige
4328 6421 452 74 ersichtlich.

3471 6558 152 71 Der
3666 6556 281 92 Verlag
3987 6554 154 73 und
4182 6553 122 74 die
4350 6551 433 76 Redaktion

3904 6670 153 71 Der
4106 6666 249 76 Sturm
