3218 4572
1048 423 140 51 Rene
1220 423 264 53 Schickste
1526 445 20 22 ♦
1589 427 178 52 Kurze
1795 428 188 53 Stücke

2520 431 93 55 143

1234 1071 569 79 LESEBUCH

1168 1262 300 71 KURZE
1519 1262 359 71 STÜCKE

780 1444 130 58 sus
947 1450 96 52 der
1079 1444 260 80 „Qenfer
1378 1445 199 79 ‘Reife“
1616 1469 104 36 von
1763 1446 161 59 Rene
1966 1448 300 71 oTcbickefe,
2305 1458 86 53 die
2429 1451 190 63 heben

695 1539 92 53 bei
823 1535 160 57 Rauf
1004 1535 235 79 Caffirer
1274 1545 55 50 in
1371 1538 188 57 ‘Berlin
1589 1538 296 77 erfcfxienen
1918 1539 83 79 ift,

820 1719 127 58 EIN
983 1716 434 71 GEHEIMNIS,
1450 1721 168 61 ZUM
1648 1724 546 61 AUSPLAUDERN

490 1853 112 61 Wir
635 1856 233 58 dünkten
905 1882 97 32 uns
1039 1858 191 66 besser,
1263 1859 71 59 als
1367 1860 123 58 Ihr?

487 1931 77 58 Im
600 1931 291 69 Gegenteil,
939 1935 91 56 wir
1062 1935 241 57 schämen
1339 1961 116 40 uns,
1504 1939 113 56 weil
1664 1939 93 56 wir
1800 1963 70 42 es,
1918 1940 250 66 fessellos,
2219 1944 94 55 wie
2360 1945 93 55 wir
2485 1945 134 64 sind,

408 2008 170 57 besser
605 2009 166 57 haben
802 2011 71 58 als
896 2010 105 59 Ihr.
1035 2011 213 58 Wüßtet
1277 2013 103 63 Ihr,
1418 2037 99 34 was
1538 2017 92 55 das
1664 2018 94 54 ist:
1786 2018 84 54 ein
1891 2018 459 58 unbekümmerter
2370 2020 249 59 Mensch!

407 2085 213 57 Wüßtet
653 2086 155 58 Ihr’s!
862 2088 97 56 Ein
999 2086 237 68 Mensch,
1291 2091 251 58 wahrhaft
1593 2117 119 33 zum
1753 2095 278 65 Beneiden,
2079 2097 135 57 doch
2257 2098 134 56 ohne
2439 2099 144 57 Hoch-

406 2178 129 42 mut.
583 2164 69 56 Es
674 2165 109 66 gibt
804 2165 183 57 keinen
1010 2166 363 59 schlimmeren
1399 2168 274 67 Kummer,
1695 2172 72 55 als
1790 2170 291 68 Hochmut,
2105 2197 148 34 wenn
2278 2175 143 57 nicht
2443 2177 174 55 seinen

406 2239 207 57 kleinen
644 2241 235 65 Bastard,
914 2244 86 55 die
1032 2243 256 57 Eitelkeit.

482 2316 119 59 Daß
632 2319 91 54 wir
754 2343 53 32 es
840 2319 124 57 aber
999 2320 170 57 besser
1190 2321 188 66 haben,
1414 2345 174 35 woran
1621 2325 93 55 das
1742 2324 138 68 liegt,
1911 2325 102 57 will
2040 2326 83 58 ich
2145 2351 172 44 sagen,
2341 2330 108 56 und
2477 2330 142 68 jeder

406 2392 152 58 sollte
592 2418 98 33 uns
722 2394 283 67 gleichtun.

481 2470 110 57 Wir
619 2472 136 64 sind,
801 2472 195 58 diesem
1032 2474 161 67 Krieg
1223 2476 312 66 gegenüber,
1582 2476 95 59 alle
1710 2478 336 58 Verbrecher.
2110 2480 289 69 Richtiger:
2443 2506 53 33 er
2529 2483 90 58 hat

403 2569 152 34 unser
587 2546 433 60 Verbrechertum
1052 2574 93 33 ans
1179 2550 155 57 Licht
1367 2553 263 66 gebracht.
1679 2554 120 57 Nur
1829 2556 234 56 dadurch
2098 2559 395 57 unterscheiden
2524 2560 94 56 wir

400 2648 100 33 uns
536 2648 99 33 von
670 2626 100 56 den
804 2627 214 64 andern,
1052 2626 104 59 daß
1188 2652 74 31 sie
1293 2629 73 57 als
1399 2631 85 55 die
1516 2630 354 58 fanatisierten
1904 2633 412 59 Rechtsanwälte
2349 2636 136 56 ihres
2516 2638 76 55 Irr-

402 2716 137 41 tums
567 2701 150 57 leben
755 2704 109 54 und
897 2704 224 64 sterben,
1170 2705 149 56 indes
1364 2706 93 56 wir
1498 2730 185 33 unsere
1717 2709 201 57 Schuld
1954 2713 393 55 unumwunden
2384 2714 111 54 und
2528 2714 60 56 be-

400 2777 338 68 dingungslos
756 2780 249 66 zugeben.
1043 2780 125 57 Und
1192 2804 91 34 wir
1305 2782 184 58 wollen
1513 2784 169 64 leben,
1705 2809 91 33 um
1820 2786 173 56 besser
2013 2812 64 31 zu
2100 2787 167 65 leben,
2290 2790 75 55 als
2387 2790 231 56 vordem.

477 2855 72 57 So
581 2856 137 56 stark
748 2873 67 40 ist
848 2880 156 33 unser
1038 2859 225 64 Glaube,
1306 2859 102 57 daß
1442 2884 94 33 wir
1565 2862 116 66 jede
1715 2862 397 66 Freundschaft,
2157 2866 118 66 jede
2309 2866 163 57 Liebe
2505 2869 110 54 und

399 2931 98 57 alle
530 2931 141 69 Tage
703 2934 274 67 beginnen,
1009 2935 73 56 als
1114 2936 139 56 seien
1288 2937 74 56 sie
1396 2939 87 55 die
1517 2954 187 42 ersten.

477 3008 106 58 Für
615 3034 98 32 uns
746 3011 65 56 ist
836 3011 116 66 jede
972 3011 199 57 Schuld
1208 3015 109 54 und
1345 3015 115 66 jede
1481 3015 402 68 Enttäuschung
1912 3041 99 32 von
2035 3035 220 51 gestern,
2285 3044 99 33 von
2411 3035 199 52 gestern

398 3086 85 56 die
530 3086 258 58 wohlfeile
822 3087 377 69 Genugtuung,
1244 3091 85 56 die
1375 3094 91 54 wir
1512 3094 228 67 dagegen
1782 3096 271 65 getauscht
2100 3096 188 66 haben,
2335 3099 85 55 die
2469 3097 146 57 Reue

398 3163 268 58 verschied
699 3167 52 55 in
784 3166 93 55 der
907 3166 188 63 Nacht,
1132 3166 85 56 die
1249 3166 202 58 Trauer
1485 3170 249 58 bestirnte
1767 3171 112 57 sich
1913 3174 111 55 und
2053 3174 125 57 sank
2212 3175 52 56 in
2300 3174 195 58 Schlaf.

474 3240 109 58 Der
615 3257 122 51 gute
771 3242 150 57 Wille
952 3242 136 57 steht
1121 3246 95 55 mit
1248 3245 94 56 der
1368 3246 181 57 Sonne
1580 3247 107 57 auf.

1011 3442 190 57 REDE
1235 3443 147 58 VOR
1418 3445 555 61 MITTERNACHT

470 3553 169 57 Punkt
675 3555 118 58 halb
830 3557 152 57 zwölf
1015 3557 114 57 Uhr
1162 3558 181 57 nachts
1375 3560 182 59 erhebt
1589 3562 112 57 sich
1735 3566 85 55 ein
1850 3563 224 58 Mensch
2114 3566 109 56 und
2256 3581 127 52 sagt,
2416 3566 104 57 daß
2553 3590 59 33 er

392 3631 85 56 die
511 3629 345 61 Gesellschaft
888 3635 167 57 famos
1088 3636 71 54 im
1192 3635 117 68 Zug
1343 3636 159 60 finde.
1552 3638 69 59 Es
1654 3641 131 66 gehe
1820 3641 96 56 wie
1949 3642 92 55 der
2074 3641 211 58 Teufel.
2337 3642 132 59 Gott
2499 3646 111 56 und

390 3708 87 56 die
497 3707 359 60 himmlischen
882 3709 353 59 Heerscharen
1264 3729 132 41 samt
1418 3715 147 58 ihren
1589 3717 262 59 irdischen
1874 3717 298 59 Vertretern
2194 3720 176 57 hätten
2398 3722 211 57 endlich

392 3784 254 59 Verstand
677 3810 400 44 angenommen.
1116 3788 107 59 Auf
1253 3792 94 56 der
1366 3815 198 44 ganzen
1589 3795 141 57 Erde
1761 3796 132 67 gebe
1913 3819 53 33 es
1987 3796 170 57 nichts
2178 3797 431 69 Vernünftigeres

388 3861 73 57 als
493 3864 187 66 gerade
710 3864 93 68 sie,
836 3866 108 57 und
976 3868 75 56 sie
1077 3864 209 59 blieben
1320 3868 135 57 auch
1483 3871 73 56 im
1582 3872 265 69 Schwung
1869 3872 308 69 keineswegs
2200 3873 172 59 hinter
2399 3878 184 65 irgend-
