3218 4572
870 419 216 71 Georges
1118 423 263 52 Duhamel
1431 440 21 26 *
1503 425 104 52 Die
1635 426 240 67 Zukunft
1903 428 83 52 des
2014 429 189 53 Glücks

2545 429 81 59 141

436 616 358 71 strahlende
827 618 219 71 Stärke
1079 622 63 67 in
1178 623 405 83 Lastträger-,
1622 623 341 73 Galeeren-
1989 629 136 69 und
2151 629 486 73 Henkersarbeit

435 737 80 40 zu
549 708 399 87 erschöpfen.

529 817 270 83 Jemand
831 838 168 63 sagte
1033 821 150 69 mir:
1235 821 228 80 „Mein
1498 821 259 71 Glück?
1806 825 131 70 Das
1970 824 248 73 besteht
2250 829 198 81 darin,
2501 833 100 67 nie-

435 910 157 67 mals
623 939 80 40 an
736 914 208 66 meine
978 911 182 72 Seele
1192 943 80 40 zu
1306 917 315 68 denken.“
1679 917 139 69 Wie
1862 919 78 67 ist
1987 919 110 69 das
2144 922 281 69 trostlos!
2482 922 155 69 Und

433 1003 119 67 wie
586 1002 292 69 schlimm
911 1003 157 70 muß
1102 1033 144 41 man
1281 1008 231 70 andere
1545 1009 136 69 und
1712 1008 132 70 sich
1870 1010 192 70 selbst
2086 1010 298 87 beleidigt
2408 1014 224 79 haben,

433 1121 112 41 um
581 1094 193 69 dahin
808 1124 80 39 zu
921 1096 338 83 gelangen!

526 1200 193 70 Denn
770 1229 128 42 wer
944 1204 102 68 die
1094 1201 242 75 Marter
1386 1205 170 80 liebt,
1616 1207 101 69 die
1767 1209 405 81 peitschende
2220 1210 256 81 Unrast,
2534 1214 102 70 die

433 1291 453 84 Ungewißheit
916 1296 136 69 und
1075 1296 109 70 das
1211 1298 151 69 böse
1387 1295 361 72 Gewissen:
1782 1328 99 41 wo
1905 1301 179 69 sollte
2110 1331 66 41 er
2199 1303 170 71 diese
2392 1304 208 71 furcht-

433 1385 194 70 baren
677 1385 211 71 Güter
935 1389 372 80 entdecken,
1357 1419 184 41 wenn
1592 1391 175 69 nicht
1817 1390 109 71 auf
1956 1393 145 70 dem
2135 1393 267 73 Grunde
2434 1398 202 68 seines

428 1480 286 82 eigenen,
750 1479 876 85 verabscheuungswürdigen
1660 1483 154 71 Ich?

1495 1742 83 71 X.

524 1893 155 83 Sagt
703 1896 162 68 euch
892 1896 350 82 irgendwer
1264 1896 112 70 auf
1399 1897 111 70 der
1527 1898 166 70 Welt
1719 1916 188 53 etwas
1926 1899 359 81 Seltsames,
2314 1902 103 67 ein
2439 1901 197 80 Wort,

425 1986 113 70 das
572 1988 99 69 ihr
701 1988 166 69 noch
900 1990 102 67 nie
1034 1987 225 86 gehört
1292 1990 170 80 habt,
1499 2020 70 41 so
1602 1992 169 70 lacht
1797 1991 199 82 nicht,
2030 1993 272 72 sondern
2330 1993 144 70 hört
2499 1995 103 68 auf-

427 2079 310 69 merksam
769 2110 113 50 zu;
916 2080 184 71 laßt’s
1149 2081 161 74 euch
1343 2084 420 69 wiederholen
1813 2084 132 69 und
1994 2085 301 70 erklären.
2369 2087 102 69 Da
2501 2089 135 81 gibt

426 2202 66 39 es
526 2173 332 73 sicherlich
891 2193 186 51 etwas
1112 2203 78 39 zu
1223 2176 352 80 gewinnen.

520 2265 124 69 Die
677 2264 207 86 Pflege
933 2267 113 69 der
1093 2265 181 71 Seele
1321 2269 79 67 ist
1448 2269 139 67 eine
1631 2269 194 83 ewige
1860 2268 419 85 Entdeckung
2312 2272 110 68 der
2455 2270 181 71 Seele

427 2357 197 68 selbst
653 2359 137 69 und
821 2361 112 71 des
964 2359 301 80 Weltalls,
1316 2361 109 68 das
1461 2362 86 67 sie
1579 2362 483 82 widerspiegelt.
2158 2363 132 70 Das
2340 2362 293 71 lauterste

425 2447 214 72 Glück
672 2451 79 67 ist
784 2451 142 70 kein
959 2451 209 80 fester,
1220 2453 395 84 endgültiger
1648 2451 304 82 Zustand,
2011 2456 269 70 sondern
2332 2457 99 67 ein
2483 2475 153 52 stets

426 2542 397 83 gefährdetes
850 2542 518 86 Gleichgewicht,
1406 2547 110 70 das
1550 2547 118 69 mit
1692 2546 318 72 Geschick
2041 2547 595 85 wiederhergestellt

427 2636 131 67 sein
615 2635 158 71 will:
831 2667 65 39 es
950 2639 79 67 ist
1085 2639 113 68 der
1245 2639 184 68 Lohn
1481 2637 413 87 beständigen
1945 2640 385 79 Wachseins,
2389 2642 134 69 und
2570 2672 64 39 es

423 2728 235 71 wächst
704 2731 117 68 mit
863 2730 112 70 der
1023 2730 311 84 täglichen
1369 2730 465 86 Anspannung,
1883 2734 102 68 die
2032 2763 146 39 man
2229 2735 223 69 darauf
2497 2762 103 42 ver-

430 2820 269 70 wendet.

519 2910 160 73 Man
729 2913 116 70 soll
893 2915 135 70 sich
1076 2913 108 70 auf
1230 2915 173 70 seine
1451 2915 540 86 Weltauffassung
2045 2919 177 69 nicht
2276 2918 353 80 versteifen,

423 3007 277 70 sondern
756 3008 123 69 den
928 3007 177 70 Altar
1152 3008 117 69 mit
1316 3009 226 70 immer
1588 3009 272 75 frischen
1911 3011 266 71 Blumen
2229 3011 403 71 schmücken.

519 3098 72 70 In
641 3101 172 68 einer
859 3130 155 53 ganz
1062 3101 276 70 anderen
1375 3101 368 72 Ideenreihe
1791 3103 202 70 denke
2041 3103 103 70 ich
2177 3134 78 41 an
2289 3106 140 81 jene
2462 3106 167 69 alten

426 3190 383 82 Industrien,
869 3194 102 68 die
1027 3194 132 73 sich
1215 3195 113 68 der
1382 3224 207 41 neuen
1658 3192 377 78 Maschinen
2092 3199 174 70 nicht
2322 3197 309 70 bedienen

422 3284 250 80 wollen,
724 3285 135 70 und
908 3286 101 69 die
1057 3316 78 39 an
1184 3286 202 69 ihrem
1434 3286 198 71 Trotz
1691 3290 326 81 zugrunde
2065 3290 224 81 gehen.
2364 3290 132 69 Das
2552 3291 80 68 ist

423 3406 125 40 nur
611 3379 101 69 ein
770 3378 353 84 Vergleich.
1203 3378 144 71 Den
1408 3379 353 71 Wahnsinn
1825 3382 111 68 des
1993 3380 495 75 Maschinismus
2552 3413 79 38 zu

421 3470 467 86 rechtfertigen,
925 3472 149 84 hegt
1105 3472 120 68 mir
1270 3472 160 70 fern.
1495 3473 482 84 Fahrlässigkeit
2002 3473 223 84 jedoch
2260 3477 78 66 ist
2372 3476 161 69 auch
2567 3478 62 67 in

422 3562 257 84 Dingen
729 3564 111 70 des
891 3562 249 72 Geistes
1188 3566 136 70 und
1367 3566 112 70 des
1527 3567 282 70 Herzens
1864 3585 187 52 etwas
2102 3568 398 70 Schlimmes.

519 3669 285 86 Kipling,
865 3672 226 83 glaube
1138 3671 121 79 ich,
1312 3674 239 70 erzählt
1598 3676 102 69 die
1731 3674 384 71 Geschichte
2147 3676 174 82 jener
2354 3676 275 80 Hindus,

421 3764 104 68 die
559 3763 196 69 lieber
788 3765 294 84 Hungers
1115 3766 272 78 starben,
1439 3768 89 68 als
1561 3768 126 71 daß
1719 3769 87 69 sie
1853 3768 122 70 den
2025 3769 192 69 ihnen
2266 3768 365 83 gelieferten

423 3857 257 69 Weizen
713 3857 263 71 berührt
1009 3857 245 71 hätten:
1291 3860 87 69 sie
1410 3887 207 43 waren
1654 3890 121 40 nur
1804 3890 79 40 an
1918 3860 187 70 Hirse
2137 3863 317 80 gewöhnt.
