3145 4572
1045 393 146 51 Rene
1219 389 266 55 Schickele
1538 405 21 25 *
1611 387 106 53 Die
1756 383 325 70 feindlichen
2119 382 211 53 Brüder

568 391 102 64 118

566 600 122 70 wie
734 628 68 40 es
848 595 130 71 den
1025 589 360 74 Menschen
1434 588 214 73 bisher
1697 586 176 71 recht
1920 611 128 43 war
2188 579 211 73 Punkt
2447 607 112 42 um
2593 575 212 73 Punkt

568 695 91 68 im
695 689 226 80 Recht,
955 686 90 74 als
1078 714 70 43 er
1178 703 192 53 unter
1398 681 266 74 anderm
1688 677 308 74 zweierlei
2029 673 370 74 feststellte:

655 793 47 57 1.
747 788 151 69 .Alle
937 788 141 58 diese
1110 784 176 58 Bilder
1324 784 94 58 der
1449 784 326 63 Ausrottung
1808 779 94 57 der
1926 774 409 61 Arbeiterklasse
2368 775 73 56 im
2470 770 208 58 Namen
2713 769 94 57 der

569 870 294 57 Interessen
893 866 92 58 des
1016 861 255 71 Kapitals,
1313 861 70 60 all
1408 861 85 57 die
1521 859 177 58 Bilder
1735 857 94 58 des
1869 852 203 60 weißen
2100 851 221 59 Terrors
2349 850 94 57 der
2470 850 337 66 Bourgeoisie

570 949 123 56 dem
735 945 302 59 Proletariat
1091 939 299 71 gegenüber
1441 937 118 59 sind
1599 937 104 56 den
1736 934 362 68 Regierungen
2152 930 94 57 der
2291 927 272 59 neutralen
2597 924 212 58 Länder

571 1026 113 58 und
729 1024 150 58 ihren
924 1020 304 58 Vertretern
1284 1020 53 56 in
1392 1014 244 59 Rußland
1683 1011 149 59 mehr
1885 1010 73 60 als
2013 1006 387 60 wohlbekannt.
2480 1004 130 57 Und
2653 1001 155 66 doch,

571 1104 267 57 entweder
877 1097 258 72 vergaßen
1176 1100 77 55 sie
1290 1097 88 58 die
1418 1094 228 58 höheren
1681 1090 172 60 Ideale
1892 1089 95 57 der
2027 1086 326 69 »Humanität
2357 1094 13 17 4
2412 1084 129 57 oder
2579 1084 74 54 sie
2694 1101 87 36 ver-

571 1180 169 70 gaßen
772 1180 55 57 in
861 1179 199 57 diesem
1095 1175 128 69 Fall,
1253 1175 88 58 die
1361 1171 333 69 Bourgeoisie
1718 1170 97 57 der
1840 1165 438 70 kriegführenden
2309 1161 226 65 Länder,
2569 1160 86 57 die
2687 1179 122 35 vom

573 1259 125 58 Blut
736 1259 96 57 der
862 1254 367 59 Volksmassen
1270 1250 209 65 triefen,
1509 1271 67 35 an
1609 1249 76 56 sie
1716 1270 66 33 zu
1822 1246 267 56 erinnern.
2092 1250 35 23 44

650 1336 55 59 2.
744 1334 151 68 „Wir
946 1331 193 60 lehnen
1191 1330 116 58 aufs
1360 1326 418 60 entschiedenste
1830 1322 88 59 die
1962 1317 380 68 Einmischung
2395 1316 93 57 der
2540 1311 270 60 neutralen

575 1410 443 74 kapitalistischen
1039 1407 216 60 Mächte
1274 1420 290 55 zugunsten
1584 1404 95 57 der
1695 1398 292 63 russischen
2006 1396 334 69 Bourgeoisie
2348 1393 67 58 ab
2429 1392 111 59 und
2560 1391 252 63 erklären,

575 1491 103 60 daß
692 1492 145 69 jeder
849 1487 238 61 Versuch
1111 1509 99 36 von
1246 1487 162 56 seiten
1424 1484 93 58 der
1530 1481 262 60 Vertreter
1812 1478 169 59 dieser
1996 1473 234 65 Mächte,
2252 1473 86 58 die
2353 1471 245 58 Grenzen
2617 1470 92 55 des
2725 1490 60 46 ge-

578 1569 280 58 setzlichen
870 1566 256 60 Schutzes
1140 1564 94 58 der
1243 1562 288 59 Interessen
1544 1560 139 57 ihrer
1690 1559 198 66 Bürger
1901 1580 66 33 zu
1976 1551 408 65 überschreiten,
2396 1548 77 57 als
2485 1548 85 57 ein
2580 1543 234 60 Versuch

578 1650 95 56 der
688 1647 419 59 Unterstützung
1120 1642 95 59 der
1229 1640 294 59 russischen
1537 1633 495 63 Konterrevolution
2042 1628 288 61 betrachtet
2344 1627 206 59 werden
2570 1625 129 57 wird

679 1734 97 71 Im
810 1731 205 73 Recht
1045 1731 83 69 ist
1162 1729 228 77 Lenin,
1425 1753 185 42 wenn
1644 1750 70 42 er
1746 1722 66 69 in
1846 1720 246 71 seinem
2126 1714 173 72 Brief
2330 1743 82 42 an
2445 1714 106 69 die
2580 1738 195 43 ameri-

583 1826 344 72 kanischen
983 1821 297 73 Arbeiter
1326 1847 148 43 vom
1525 1818 106 68 20.
1662 1814 256 85 August
1975 1810 161 71 1918
2187 1807 341 73 dekretiert
2578 1802 239 85 (Lenin

581 1919 244 89 spricht
874 1917 176 71 nicht
1097 1913 137 72 und
1289 1909 278 72 schreibt
1615 1906 212 79 nicht;
1877 1932 68 44 er
1992 1901 375 79 dekretiert;
2417 1900 111 69 das
2577 1895 245 71 Dekret

589 2016 81 68 ist
703 2013 176 70 seine
910 2003 604 91 Ausdrucksform):

664 2111 138 69 „Die
842 2107 300 71 englischen
1177 2105 285 67 Bourgeois
1493 2101 171 58 haben
1698 2098 82 59 ihr
1799 2096 125 71 Jahr
1963 2094 145 65 1649,
2142 2094 85 58 die
2252 2089 288 60 Franzosen
2575 2088 83 59 ihr
2682 2086 136 57 1793

584 2213 297 45 vergessen.
945 2187 111 57 Der
1087 2183 196 59 Terror
1313 2204 104 36 war
1457 2178 207 70 gerecht
1704 2177 109 58 und
1849 2172 303 68 berechtigt,
2197 2169 76 59 als
2304 2191 55 36 er
2393 2191 101 33 von
2527 2167 95 57 der
2654 2166 135 57 Bour-

583 2270 197 68 geoisie
827 2289 66 35 zu
940 2265 148 57 ihren
1121 2261 442 67 Gunstengegen
1611 2256 87 57 die
1738 2248 486 64 Feudalherrschaft
2271 2244 308 70 angewandt
2625 2243 199 57 wurde.

587 2348 113 58 Der
730 2345 197 58 Terror
978 2342 180 59 wurde
1208 2338 125 60 aber
1379 2333 406 71 ungeheuerlich
1841 2331 112 57 und
1995 2323 438 67 verbrecherisch,
2485 2322 73 58 als
2598 2321 93 57 ihn
2737 2321 86 55 die

587 2426 245 58 Arbeiter
862 2421 112 58 und
1007 2421 88 57 die
1130 2440 179 35 armen
1332 2416 203 58 Bauern
1557 2435 164 46 gegen
1756 2411 87 57 die
1863 2407 336 68 Bourgeoisie
2224 2402 358 58 anzuwenden
2603 2412 221 55 wagten.

589 2505 114 57 Der
749 2501 197 57 Terror
978 2519 103 36 war
1110 2494 212 70 gerecht
1355 2492 109 58 und
1510 2489 307 68 berechtigt,
1849 2486 76 58 als
1958 2508 56 35 er
2045 2508 64 33 zu
2144 2483 122 56 dem
2299 2479 189 59 Zweck
2517 2475 311 70 angewandt

592 2578 199 65 wurde,
837 2575 105 59 daß
982 2599 64 34 an
1079 2573 163 59 Stelle
1274 2572 95 57 der
1399 2572 155 55 einen
1587 2564 395 61 ausbeutenden
2017 2561 280 57 Minorität
2326 2559 119 56 eine
2483 2555 194 58 andere
2707 2576 90 33 aus-

593 2657 264 60 beutende
907 2652 274 60 Minorität
1229 2660 154 48 träte.
1460 2646 145 57 Aber
1655 2644 95 58 der
1797 2641 194 58 Terror
2036 2638 179 58 wurde
2263 2630 404 73 ungeheuerlich
2716 2629 112 57 und

593 2729 446 65 verbrecherisch,
1070 2728 77 57 als
1176 2751 57 34 er
1263 2727 134 57 dazu
1418 2722 309 70 angewandt
1749 2721 207 57 werden
1985 2717 169 63 sollte,
2187 2712 104 61 daß
2323 2712 115 70 jede
2470 2708 359 60 ausbeutende

595 2812 279 60 Minorität
904 2808 293 69 überhaupt
1243 2801 323 72 abgeschafft
1597 2801 197 62 werde;
1826 2797 74 58 als
1933 2818 56 35 er
2020 2795 74 56 im
2117 2794 254 57 Interesse
2403 2790 94 59 der
2526 2784 302 62 tatsächlich

594 2888 400 69 vorwiegenden
1030 2884 265 69 Majorität
1340 2879 311 70 angewandt
1698 2875 198 65 wurde,
1948 2896 74 34 im
2060 2873 254 57 Interesse
2359 2868 93 57 des
2507 2864 326 58 Proletariats

595 2969 113 59 und
740 2968 95 56 des
871 2962 483 70 Halbproletariats,
1393 2959 94 57 der
1516 2954 409 61 Arbeiterklasse
1957 2950 112 59 und
2102 2949 94 57 der
2225 2969 179 35 armen
2438 2939 394 62 Bauernschaft.

595 3047 150 72 (Was
778 3039 258 63 natürlich
1069 3038 226 60 ironisch
1327 3037 230 68 gemeint
1589 3032 109 70 ist.)
1731 3033 143 65 „Die
1906 3027 333 69 Bourgeoisie
2277 3025 95 56 des
2403 3018 429 61 internationalen

599 3121 413 72 Imperialismus
1062 3117 88 57 hat
1197 3138 56 33 es
1299 3113 152 69 fertig
1491 3110 265 70 gebracht,
1805 3110 54 56 in
1907 3107 204 67 .ihrem*
2147 3102 192 67 Kriege
2384 3098 133 58 zehn
2553 3095 280 59 Millionen

602 3198 294 61 Menschen
917 3192 438 63 abzuschlachten
1375 3190 113 60 und
1509 3188 227 67 zwanzig
1754 3184 277 61 Millionen
2052 3206 67 33 zu
2137 3178 276 71 Krüppeln
2434 3202 66 32 zu
2523 3174 220 60 machen

601 3282 124 56 dem
761 3278 209 67 Kriege,
1003 3277 75 56 im
1107 3273 210 57 Namen
1350 3270 206 64 dessen,
1590 3267 70 58 ob
1690 3267 88 57 die
1807 3262 301 69 englischen
2144 3260 128 56 oder
2301 3254 290 61 deutschen
2625 3251 213 58 Räuber

602 3359 87 58 die
734 3378 162 46 ganze
1119 3345 349 63 beherrschen
1516 3344 184 59 sollen.
1764 3342 165 58 Sollte
1972 3361 156 36 unser
2172 3337 177 67 Krieg,
2390 3333 102 58 -der
2533 3330 163 67 Krieg
2743 3330 95 56 der

604 3430 425 64 Unterdrückten
1078 3429 112 57 und
1236 3428 95 56 der
1360 3424 422 67 Ausgebeuteten
1831 3442 165 46 gegen
2042 3418 86 57 die
2163 3410 392 64 Unterdrücker
2602 3406 109 59 und
2752 3406 88 56 die

604 3512 315 63 Ausbeuter,
965 3509 53 56 in
1064 3507 135 57 allen
1237 3502 242 59 Ländern
1529 3502 114 55 eine
1684 3498 154 58 halbe
1886 3495 127 57 oder
2056 3495 117 55 eine
2216 3514 160 45 ganze
2417 3485 210 60 Million
2671 3483 169 69 Opfer

606 3591 204 63 kosten,
844 3611 60 33 so
923 3585 180 59 würde
1134 3585 86 55 die
1242 3579 335 67 Bourgeoisie
1608 3574 241 61 dennoch
1871 3596 177 45 sagen,
2079 3570 86 57 die
2186 3568 168 69 Opfer
2386 3566 93 58 des
2500 3561 338 68 Weltkrieges

608 3669 141 56 seien
783 3664 306 67 berechtigt,
1123 3662 86 57 die
1239 3659 94 57 des
1366 3654 395 70 Bürgerkrieges
1793 3653 126 57 aber
1949 3644 470 63 verbrecherisch.“

2707 1629 107 63 *).“

694 3799 50 69 •)
769 3798 101 57 Ein
910 3790 403 64 Notenwechsel
1343 3789 132 60 über
1506 3788 105 58 den
1642 3783 202 62 weißen
1877 3783 113 58 und
2024 3794 146 46 roten
2202 3778 212 58 Terror.
2480 3771 213 66 Zürich,
2722 3771 88 59 her-

617 3876 327 69 ausgegeben
979 3896 101 35 von
1116 3870 138 59 Fritz
1287 3868 220 63 Platten,
1541 3863 342 60 Nationalrat.
