3218 4572
856 435 218 69 Georges
1105 438 261 56 Duhamel
1415 454 22 32 *
1489 443 103 54 Die
1631 449 239 66 Zukunft
1899 450 90 51 des
2027 452 188 53 Glücks

2533 455 99 55 137

528 628 185 73 Auch
747 633 107 68 das
889 653 80 51 ist
999 666 140 41 eine
1163 639 140 69 edle
1328 640 337 87 Sendung:
1699 647 100 68 die
1825 647 376 72 Erkenntnis
2234 653 111 69 der
2367 653 221 71 Außen-

437 722 146 70 welt
606 752 78 41 zu
712 724 322 74 betreiben
1060 733 117 68 mit
1201 733 122 69 den
1343 734 244 72 Waffen
1615 737 136 70 und
1766 738 644 78 Vernunftscblüssen
2438 750 191 77 einer,

433 813 174 74 nicht
640 817 109 69 auf
780 817 368 89 Eroberung
1180 825 435 81 eingestellten
1651 830 471 76 Wissenschaft.

527 907 355 73 Menschen
918 914 202 69 dieser
1145 916 383 84 Kategorien
1562 921 165 70 kann
1752 953 144 41 man
1926 925 403 79 „Gerechte“
2354 962 276 39 nennen.

524 1000 125 68 Die
682 1002 273 70 anderen
988 1006 225 70 wollen
1249 1010 101 67 ein
1385 1010 178 72 Haus
1599 1011 299 84 besitzen,
1935 1019 99 67 ein
2070 1018 197 71 Stück
2295 1020 196 82 Land,
2530 1025 100 68 ein

432 1089 152 71 Paar
623 1090 338 86 Ohrringe,
1006 1128 99 40 ein
1138 1099 392 74 Automobil.
1597 1104 131 71 Für
1775 1137 88 38 sie
1911 1128 79 51 ist
2038 1112 205 68 Besitz
2292 1115 174 69 nicht
2514 1115 78 69 Er-

430 1182 317 82 kenntnis,
782 1188 273 70 sondern
1088 1189 258 83 Genuß,
1382 1198 99 66 ein
1515 1197 547 73 ausschließlicher
2110 1204 135 69 und
2292 1207 339 80 eigentlich

428 1275 310 72 einsamer
786 1277 260 76 Genuß.
1096 1283 105 70 Sie
1248 1288 163 68 irren
1451 1288 135 69 sich
1625 1291 159 70 über
1822 1289 211 74 Glück
2065 1297 132 69 und
2248 1297 226 71 Besitz.
2525 1301 105 70 Sie

426 1396 164 42 irren
625 1372 133 69 sich
792 1372 95 70 bis
920 1373 214 71 hinein
1168 1408 64 38 in
1268 1378 215 85 Krieg,
1520 1380 331 73 Gemetzel
1883 1385 134 68 und
2048 1385 427 87 Verheerung.

519 1461 205 71 Wenn
758 1494 66 39 es
865 1465 162 73 euch
1069 1467 232 82 gefällt,
1345 1502 70 38 so
1451 1474 253 68 werden
1746 1503 113 40 wir
1898 1476 111 70 das
2042 1476 246 71 Weltall
2329 1481 298 80 besitzen,

425 1556 135 69 und
593 1557 62 68 in
691 1556 237 70 diesem
955 1559 207 71 Besitz
1186 1564 251 70 werden
1463 1594 114 42 wir
1600 1568 108 68 das
1736 1568 145 69 Heil
1907 1597 258 43 unserer
2190 1571 177 70 Seele
2392 1574 237 71 finden.

425 1643 165 72 Zum
640 1649 273 84 Beispiel
946 1653 251 70 werden
1230 1655 115 69 wir
1390 1654 313 74 besitzen:
1751 1660 184 82 jenen
1981 1659 490 85 Unbekannten,
2522 1668 110 69 der

424 1738 109 70 auf
571 1739 113 71 der
717 1742 394 72 Landstraße
1143 1748 283 71 wandert
1444 1778 16 50 ;
1510 1750 101 70 die
1646 1750 496 87 Farbentönung
2188 1756 110 69 des
2334 1757 259 71 Fichten-

421 1832 233 71 waldes
701 1864 200 54 gegen
952 1837 122 71 den
1126 1839 328 74 südlichen
1507 1844 344 82 Horizont;
1901 1847 123 70 den
2060 1847 350 74 Gedanken
2446 1852 148 69 Beet-

424 1922 274 84 hovens;
725 1927 102 70 die
851 1927 280 74 Träume
1155 1963 260 41 unserer
1437 1933 282 83 Nächte;
1754 1940 122 68 den
1902 1938 468 86 Raumbegriff;
2405 1973 227 42 unsere

419 2016 517 86 Erinnerungen;
999 2053 225 40 unsere
1281 2022 314 85 Zukunft;
1653 2027 262 74 Geruch
1971 2032 134 69 und
2161 2030 296 77 Gewicht
2512 2036 115 70 der

418 2109 212 83 Dinge
647 2140 17 49 ;
721 2140 191 42 unser
960 2115 160 71 Leid
1174 2148 64 39 in
1298 2119 204 71 dieser
1550 2121 277 80 Minute,
1879 2125 136 69 und
2070 2128 270 68 tausend
2394 2130 233 69 andere

419 2201 213 84 Dinge
664 2205 201 70 mehr.

509 2295 147 70 Daß
702 2326 208 42 meine
952 2298 179 71 Seele
1180 2304 388 70 unsterblich
1619 2336 86 39 sei
1742 2337 95 40 —:
1888 2309 148 69 ach!
2085 2309 166 70 kann
2302 2313 101 69 ich
2451 2313 173 70 diese

416 2387 143 80 alte,
597 2388 268 74 fromme
899 2391 333 86 Hoffnung
1262 2396 166 69 noch
1459 2398 420 71 wiederholen
1898 2406 30 63 ?
1976 2401 81 70 Es
2093 2403 142 69 sind
2259 2402 361 84 Millionen,

415 2479 122 79 die,
573 2482 118 69 wie
720 2481 124 80 ich,
882 2515 78 38 an
995 2485 211 69 solche
1239 2488 405 83 unmögliche
1676 2490 503 86 Glückseligkeit
2217 2493 178 73 nicht
2441 2497 185 71 mehr

414 2572 526 85 vernunftgemäß
971 2608 80 38 zu
1086 2580 246 70 denken
1357 2612 238 54 wagen.
1646 2581 242 88 Mögen
1915 2615 91 40 sie
2033 2586 132 70 sich
2199 2589 136 70 hier
2358 2591 227 70 wieder-

412 2662 215 73 finden
639 2722 12 13 .

501 2758 174 71 Aber
722 2759 125 71 daß
893 2764 209 69 meine
1150 2763 181 71 Seele
1378 2779 104 60 sei
1489 2773 32 68 l
1576 2768 211 71 Dafür
1832 2789 187 65 zeugt
2065 2773 178 81 jeder
2290 2772 328 83 Gedanke,

409 2869 189 64 zeugt
621 2852 200 69 dieses
842 2853 213 71 Leben
1075 2855 215 80 selbst,
1312 2858 200 68 dieses
1539 2860 457 73 unerklärliche
2015 2862 240 81 Leben,
2276 2866 110 69 das
2413 2868 80 70 da
2517 2869 101 69 ist.

504 2943 203 72 Wenn
768 2944 293 74 Christen
1121 2979 144 39 vom
1322 2949 357 77 Seelenheil
1746 2956 212 78 reden,
2018 2986 71 41 so
2144 2960 331 71 verstehen
2530 2963 92 69 sie

410 3034 300 72 darunter
757 3038 118 70 alle
915 3038 226 71 Sorten
1197 3037 517 91 Zusicherungen
1757 3047 135 70 und
1923 3047 693 89 Vorsichtsmaßregeln

409 3158 86 39 im
532 3130 302 71 Hinblick
867 3132 107 70 auf
1003 3163 171 52 jenes
1209 3132 288 87 künftige
1529 3137 240 82 Leben,
1804 3141 112 69 das
1950 3141 102 70 die
2085 3142 299 72 sicherste
2411 3146 164 70 Lock-

406 3222 207 83 speise
645 3225 114 70 der
790 3224 285 85 Religion
1111 3226 198 70 bleibt
1341 3230 138 71 und
1510 3229 134 71 ihre
1679 3231 397 87 allmächtige
2109 3235 224 71 Waffe.

500 3315 133 70 Wir
656 3316 202 83 geben
885 3319 145 70 dem
1054 3319 213 70 selben
1295 3320 182 71 Wort
1497 3325 140 68 eine
1662 3325 410 84 demütigere,
2102 3330 515 71 unmittelbarere

406 3405 401 88 Bedeutung.

498 3497 355 75 Zunächst:
887 3502 169 70 seine
1091 3502 179 70 Seele
1301 3504 178 70 nicht
1511 3535 353 54 vergessen.

494 3592 104 70 An
623 3622 89 42 sie
735 3596 267 79 denken,
1032 3596 388 71 mindestens
1449 3612 100 61 ein
1572 3600 138 72 Mal
1737 3631 85 38 im
1849 3600 241 73 Trubel
2117 3606 174 81 jedes
2314 3607 262 71 wirbeln-

401 3685 125 68 den
561 3686 227 83 Tages,
827 3688 110 70 das
973 3688 77 69 ist
1084 3687 111 70 der
1225 3688 257 86 Anfang
1514 3723 149 40 zum
1699 3695 168 70 Heil.

490 3776 103 70 An
626 3779 103 70 die
762 3780 181 70 Seele
976 3780 245 70 denken
1263 3784 116 67 mit
1409 3782 336 74 Ausdauer
1783 3788 136 68 und
1952 3786 364 84 Ehrfurcht,
2359 3793 91 69 sie
2491 3823 82 41 un-

400 3868 269 85 ablässig
694 3870 387 81 bereichern,
1116 3873 112 69 das
1252 3875 156 69 wird
1441 3906 229 42 unsere
1704 3879 343 83 Heiligkeit
2081 3884 156 70 sein.
