3227 4572
1814 427 79 53 Ren
1278 428 264 57 Schickele
1593 449 23 25 ♦
1665 436 228 70 Exegese

2506 445 93 57 115

393 612 114 71 auf
565 616 116 71 der
725 650 237 56 ganzen
1011 626 184 72 Linie
1259 628 123 71 den
1439 631 393 80 „taktischen
1895 637 349 89 Rückzug“
2307 675 101 51 an,
2472 646 127 71 den

395 706 205 72 Lenin
633 710 132 72 also
795 715 296 73 erklärte:

471 812 193 66 „Ohne
715 819 84 57 die
830 821 287 71 Anleitung
1161 849 102 35 von
1311 828 315 59 Fachleuten
1670 832 94 58 der
1806 837 400 62 verschiedenen
2252 842 207 71 Zweige
2501 847 95 57 des

442 895 240 64 Wissens,
683 895 82 57 der
789 895 259 70 Technik,
1077 903 93 57 der
1195 904 362 71 Erfahrungen
1588 908 65 56 ist
1683 910 94 56 der
1802 901 280 84 Übergang
2107 942 121 34 zum
2255 922 341 59 Sozialismus

390 972 319 65 unmöglich,
743 974 115 57 weil
889 975 93 57 der
1014 978 334 61 Sozialismus
1388 1005 116 35 eine
1536 984 241 58 bewußte
1809 988 233 62 hdassen-
2046 993 549 73 Vorwärtsbewegung

388 1065 66 34 zu
488 1046 91 56 der
611 1047 73 56 im
725 1046 303 71 Vergleiche
1061 1056 94 56 mit
1186 1058 122 57 dem
1341 1059 380 68 Kapitalismus
1753 1061 225 63 höheren
2008 1070 587 71 Arbeitsproduktivität

389 1122 250 69 verengt,
675 1126 109 56 und
817 1150 135 35 zwar
981 1129 92 57 auf
1103 1132 92 56 der
1226 1134 143 57 Basis
1402 1138 93 55 des
1527 1138 167 58 durch
1734 1140 103 56 den
1871 1141 368 70 Kapitalismus
2271 1150 321 61 Erreichten.

388 1202 111 54 Der
531 1202 337 59 Sozialismus
913 1205 130 58 muß
1086 1209 92 56 auf
1218 1211 141 57 seine
1387 1213 99 58 Art
1529 1216 112 56 und
1682 1215 189 67 Weise,
1910 1221 164 59 durch
2112 1226 140 59 seine
2299 1228 292 58 Methoden

483 1299 155 46 sagen
663 1280 90 57 wir
772 1281 293 69 konkreter,
1085 1286 167 59 durch
1272 1287 513 72 Sowjet-Methoden
1893 1296 141 59 diese
2048 1300 544 76 Vorwärtsbewegung

385 1353 410 64 verwirklichen.
863 1359 127 59 Und
1035 1362 88 58 die
1156 1362 278 61 Fachleute
1476 1371 118 56 sind
1640 1394 53 33 in
1740 1371 94 56 der
1867 1371 271 64 Mehrzahl
2182 1384 412 58 unvermeidlich

386 1430 313 70 bürgerlich,
732 1435 197 70 infolge
959 1440 94 56 der
1082 1461 197 46 ganzen
1311 1441 319 72 Umgebung
1660 1447 93 56 des
1780 1447 339 63 öffentlichen
2147 1454 221 68 Lebens,
2399 1463 92 54 das
2517 1463 75 54 sie

381 1529 68 35 zu
483 1507 315 62 Fachleuten
832 1515 241 66 gemacht
1104 1516 108 58 hat.
1265 1519 167 58 Wenn
1466 1544 157 34 unser
1650 1524 318 68 Proletariat,
2002 1530 254 60 nachdem
2284 1558 53 33 es
2365 1538 108 57 sich
2498 1538 96 57 der

383 1582 188 60 Macht
605 1587 319 71 bemächtigt
967 1592 161 68 hatte,
1175 1594 197 59 schnell
1416 1599 88 57 die
1533 1600 243 68 Aufgabe
1805 1604 95 57 der
1932 1604 523 76 Rechnungslegung,
2498 1616 96 56 der

384 1660 278 59 Kontrolle
694 1667 110 55 und
846 1667 95 57 der
973 1667 367 70 Organisation
1373 1676 73 55 im
1473 1675 343 70 allgemeinen
1846 1679 278 61 Maßstabe
2155 1685 163 67 gelöst
2351 1687 137 60 hätte

379 1740 117 73 (das
530 1764 103 33 war
666 1742 197 69 infolge
894 1746 92 56 des
1020 1747 222 70 Krieges
1288 1751 109 57 und
1430 1754 94 55 der
1555 1754 463 72 Rückständigkeit
2049 1759 273 63 Rußlands
2354 1766 143 59 nicht
2529 1793 65 34 zu

381 1816 437 71 verwirklichen),
865 1821 141 58 dann
1053 1823 177 60 hätten
1273 1827 109 65 wir,
1426 1830 258 58 nachdem
1730 1834 93 57 wir
1860 1836 87 56 die
1992 1836 263 71 Sabotage
2298 1841 293 69 gebrochen

377 1889 199 69 hatten,
621 1896 165 58 durch
832 1898 307 69 allgemeine
1186 1902 322 71 Einreihung
1552 1910 109 56 und
1697 1908 276 61 Kontrolle
2013 1938 99 34 uns
2144 1917 133 58 auch
2314 1919 155 68 völlig
2507 1921 87 59 die

379 1969 362 69 bürgerlichen
789 1975 279 60 Fachleute
1114 1996 225 42 zunutze
1382 1985 254 66 gemacht.
1701 1986 202 71 Infolge
1948 1991 94 57 der
2086 1994 332 61 erheblichen
2464 1997 96 59 Ver-

376 2057 225 58 spätung
629 2049 82 59 bei
737 2052 94 57 der
858 2052 505 75 Rechnungslegung
1390 2062 110 56 und
1528 2062 93 57 der
1649 2062 274 61 Kontrolle
1948 2068 312 72 überhaupt,
2289 2072 166 60 haben
2479 2077 111 64 wir,

374 2122 209 61 obwohl
606 2148 93 35 wir
722 2129 134 58 auch
877 2131 87 57 die
985 2132 257 70 Sabotage
1260 2160 66 33 zu
1349 2137 241 70 besiegen
1612 2143 269 56 vermocht
1901 2143 191 68 haben,
2112 2147 88 59 die
2219 2148 367 72 Verhältnisse,

374 2201 87 57 die
487 2226 99 32 uns
612 2204 87 56 die
725 2204 360 70 bürgerlichen
1109 2208 279 62 Fachleute
1413 2239 64 33 zu
1498 2239 214 35 unserer
1730 2218 309 71 Verfügung
2058 2225 198 66 stellen,
2284 2229 133 57 noch
2440 2230 147 58 nicht

372 2278 324 67 geschaffen;
742 2283 89 57 die
863 2284 175 59 Masse
1081 2288 95 57 der
1207 2288 288 60 Saboteure
1529 2293 157 64 »stellt
1719 2296 111 58 sich
1865 2321 53 33 in
1952 2301 102 56 den
2088 2301 224 68 Dienst*,
2346 2305 123 58 aber
2500 2309 86 55 die

374 2353 179 58 besten
588 2356 399 69 Organisatoren
1033 2366 110 56 und
1188 2366 86 57 die
1301 2367 219 67 größten
1555 2369 282 63 Fachleute
1868 2375 206 59 können
2108 2380 162 58 durch
2304 2383 99 56 den
2439 2383 146 59 Staat

370 2453 95 36 zur
494 2432 186 59 Arbeit
724 2434 384 73 herangezogen
1155 2443 223 66 werden,
1420 2448 264 57 entweder
1721 2449 93 59 auf
1852 2452 102 56 alte
1984 2455 99 57 Art
2124 2458 108 56 und
2266 2460 187 64 Weise,
2491 2462 92 56 auf

372 2507 324 69 bürgerliche
722 2513 97 57 Art
850 2513 75 67 (d.
944 2516 53 58 h.
1024 2516 86 58 für
1138 2517 134 58 hohe
1298 2521 320 69 Bezahlung)
1645 2524 127 59 oder
1797 2527 94 58 auf
1917 2552 131 35 neue
2075 2531 183 68 Weise,
2290 2536 93 57 auf
2408 2538 145 66 prole-

371 2585 221 59 tarische
635 2588 99 57 Art
779 2590 76 75 (d.
883 2592 52 57 h.
976 2593 165 58 durch
1189 2596 292 71 Schaffung
1527 2623 100 35 von
1669 2602 389 63 Verhältnissen
2103 2611 94 57 der
2239 2611 339 68 allgemeinen

370 2662 510 73 Rechnungslegung
918 2672 110 56 und
1070 2670 294 69 Kontrolle,
1410 2677 86 56 die
1545 2682 411 60 unvermeidlich
1997 2687 110 56 und
2147 2711 101 34 von
2286 2690 163 58 selbst
2495 2692 86 57 die

370 2739 278 58 Fachleute
678 2744 285 59 einordnen
996 2749 110 56 und
1137 2752 268 57 einstellen
1440 2756 256 68 würden).

445 2841 110 58 Wir
600 2843 218 57 mußten
861 2846 124 68 jetzt
1026 2872 64 32 zu
1132 2850 120 57 dem
1292 2851 159 66 alten,
1496 2853 366 71 bürgerlichen
1898 2860 179 61 Mittel
2108 2865 200 66 greifen
2342 2870 108 56 und
2481 2870 94 57 auf

365 2940 117 34 eine
512 2918 119 59 sehr
663 2921 137 57 hohe
840 2923 298 71 Bezahlung
1183 2928 91 56 der
1316 2930 503 73 Dienstleistungen,
1867 2940 94 57 der
2004 2941 219 66 größten
2270 2960 153 42 unter
2465 2947 103 57 den

366 2993 362 70 bürgerlichen
765 2998 311 61 Fachleuten
1110 3003 269 68 eingehen.
1430 3007 136 67 Alle,
1599 3011 87 58 die
1710 3013 86 56 die
1821 3015 167 58 Sache
2018 3016 219 67 kennen,
2271 3020 159 58 sehen
2459 3024 109 64 das,

362 3072 125 57 aber
520 3074 143 57 nicht
695 3076 98 58 alle
823 3078 219 69 dringen
1089 3105 50 32 in
1185 3083 87 56 die
1302 3083 310 73 Bedeutung
1651 3090 172 58 dieser
1853 3092 320 61 Maßnahme
2205 3112 188 42 seitens
2423 3124 145 33 eines

362 3148 410 67 proletarischen
818 3154 198 59 Staates
1062 3158 100 56 ein.
1226 3158 68 57 Es
1341 3162 68 56 ist
1453 3161 126 68 klar,
1625 3167 104 56 daß
1776 3168 142 59 solch
1964 3173 115 55 eine
2111 3170 323 62 Maßnahme
2479 3178 88 56 ein

363 3224 352 70 Kompromiß
747 3246 83 49 ist,
863 3233 83 56 ein
979 3233 277 58 Abrücken
1291 3258 100 36 von
1432 3239 104 59 den
1571 3242 291 71 Prinzipien
1904 3247 93 56 der
2036 3248 199 57 Pariser
2263 3251 305 60 Kommune

361 3304 109 56 und
499 3305 146 67 jeder
682 3309 400 68 proletarischen
1117 3312 199 67 Macht,
1350 3317 87 56 die
1467 3319 120 56 eine
1618 3321 412 71 Gleichstellung
2060 3326 93 57 der
2186 3326 251 61 Gehälter
2470 3335 96 54 mit

358 3379 94 59 der
474 3380 340 74 Entlohnung
842 3388 140 56 eines
1005 3388 658 66 Durchschnittsarbeiters
1691 3399 292 68 verlangen,
2003 3402 152 57 einen
2178 3403 201 70 Kampf
2398 3429 165 47 gegen

358 3457 92 57 das
484 3458 479 65 »Karrieremachen
1014 3490 52 33 in
1101 3464 167 60 Taten
1302 3469 112 56 und
1446 3472 144 57 nicht
1621 3499 53 31 in
1710 3474 209 59 Worten
1954 3477 229 60 fordern.

436 3558 161 60 Nicht
628 3585 171 47 genug
837 3563 181 60 damit.
1086 3566 67 57 Es
1199 3581 64 43 ist
1296 3567 124 67 klar,
1462 3571 104 58 daß
1607 3575 142 57 solch
1783 3600 115 33 eine
1929 3576 323 62 Maßnahme
2282 3582 148 59 nicht
2463 3608 101 35 nur

355 3634 102 56 den
493 3637 272 60 Stillstand
917 3641 89 57 auf
1044 3643 266 66 gewissem
1344 3645 225 61 Gebiete
1608 3653 108 56 und
1757 3652 52 56 in
1851 3655 268 66 gewissem
2152 3656 177 60 Grade
2472 3662 92 57 der

355 3711 274 62 Offensive
659 3741 160 45 gegen
849 3718 90 57 das
969 3719 206 70 Kapital
1216 3721 245 59 bedeutet
1503 3728 139 73 (weil
1678 3730 91 56 das
1804 3730 208 69 Kapital
2046 3733 146 59 nicht
2223 3736 86 57 die
2341 3739 223 58 Summe

351 3812 66 33 an
449 3788 137 61 Geld
619 3794 81 64 ist,
733 3796 225 57 sondern
991 3797 82 57 ein
1103 3797 320 60 bestimmtes
1449 3803 484 66 gesellschaftliches
1961 3808 338 74 Verhältnis),
2332 3819 232 55 sondern

352 3867 132 57 auch
530 3869 82 56 ein
663 3869 200 60 Schritt
911 3873 131 59 nach
1089 3873 278 60 rückwärts
1411 3881 189 56 seitens
1650 3905 182 35 unsrer
1882 3887 407 61 sozialistischen
2340 3892 221 71 Sowjet-
