3200 4572
1084 417 143 52 Rene
1266 415 270 54 Schickele
1585 431 22 28 +
1649 419 173 66 Jetzt!

2455 415 93 57 105

339 616 101 77 ist,
525 615 118 69 mit
719 614 362 86 polizeihaft
1157 615 436 71 aussehenden
1660 615 441 86 Avantgarden
2180 646 155 41 vorn
2420 618 135 68 und

337 705 122 73 viel
497 705 179 73 Troß
729 709 343 79 hinterher,
1127 708 110 70 auf
1291 705 104 73 die
1430 708 140 79 Art,
1609 709 118 67 wie
1767 708 595 72 Menschenhorden
2420 712 134 68 sich

338 830 133 39 nun
512 800 227 70 einmal
780 800 446 84 fortbewegen,
1266 832 183 40 wenn
1490 803 91 66 sie
1617 799 109 70 auf
1763 800 145 72 dem
1942 803 258 74 Marsch
2239 803 144 70 sind
2418 803 137 70 und

337 893 114 70 der
473 896 139 67 eine
633 893 236 85 Trupp
902 922 112 42 vor
1044 896 146 68 dem
1222 894 239 70 andern
1494 894 203 70 durch
1722 893 310 87 Ordnung
2064 897 324 83 geschützt
2418 900 136 67 sein

339 985 218 72 will..
590 1042 12 14 .

417 1077 126 70 Am
591 1076 286 71 Marstall
921 1077 159 70 wird
1124 1077 399 84 geschossen.
1592 1076 190 84 Jeder
1825 1076 217 72 Schuß
2088 1099 153 65 sagt,
2288 1081 118 69 wie
2451 1081 103 69 ein

338 1169 372 85 mystisches
746 1170 426 79 Kommando,
1207 1171 110 69 das
1350 1201 125 40 von
1506 1170 263 72 weither
1800 1169 260 82 kommt,
2094 1173 166 69 ohne
2290 1203 79 39 an
2402 1173 114 68 Ein-

337 1263 440 85 dringlichkeit
808 1264 110 70 das
951 1267 315 81 geringste
1298 1264 347 84 eingebüßt
1675 1293 80 40 zu
1788 1263 237 71 haben:

423 1357 71 70 In
523 1359 131 69 vier
680 1357 282 73 Wochen
990 1357 157 70 muß
1174 1357 114 70 der
1312 1357 407 70 Sozialismus
1746 1355 333 86 begonnen
2106 1358 223 79 haben,
2357 1357 159 70 werk-

337 1451 192 82 tätige
560 1449 225 72 Arbeit
818 1449 153 72 aller
1004 1448 105 71 für
1142 1448 119 73 alle
1294 1479 79 40 zu
1409 1452 137 69 sein
1696 1449 155 70 oder
1884 1448 251 85 Europa
2167 1448 244 71 verfällt
2444 1449 114 70 der

338 1542 320 71 Barbarei.

423 1635 73 71 In
522 1637 132 68 vier
680 1634 283 71 Wochen
991 1634 157 71 muß
1174 1635 118 68 mit
1319 1635 114 68 der
1456 1631 656 86 Vergesellschaftung
2138 1634 113 69 der
2275 1632 244 71 Produk-

338 1729 136 68 tion
504 1728 334 83 begonnen
868 1728 136 68 sein
1143 1726 155 70 oder
1326 1725 386 80 Wirtschaft,
1744 1725 389 72 Zivilisation
2161 1725 137 70 und
2327 1724 235 71 Kultur

339 1820 168 84 gehn
540 1822 66 68 in
639 1818 559 86 Bandenkämpfen
1231 1837 207 52 unter.

419 1912 186 84 Jetzt,
643 1912 273 81 endlich,
954 1914 81 69 ist
1070 1912 105 71 die
1209 1910 529 86 Menschenfrage
1773 1912 131 70 klar
1937 1910 279 86 gestellt:
2251 1909 186 73 willst
2472 1909 87 70 du

341 2003 104 71 für
475 2006 149 70 dich
656 2006 184 70 leben
873 2004 155 72 oder
1058 2035 201 55 gegen
1292 2003 192 71 dich?

422 2097 488 85 Klargeworden
962 2100 100 77 ist,
1114 2097 126 71 daß
1291 2097 174 84 jeder
1514 2126 199 54 gegen
1766 2096 154 80 sich,
1974 2126 200 54 gegen
2227 2097 174 69 seine
2441 2095 120 68 Art

339 2187 154 83 lebt,
537 2190 115 71 der
691 2190 175 71 nicht
904 2190 285 84 zugleich
1230 2189 104 71 für
1372 2190 124 70 den
1531 2189 471 69 Mitmenschen
2042 2189 154 71 lebt.
2242 2187 137 70 Der
2417 2190 144 67 eine

339 2283 137 69 und
513 2283 351 71 unteilbare
894 2281 273 73 Mensch
1207 2284 80 68 ist
1317 2283 135 72 sich
1594 2284 66 67 in
1691 2281 269 71 welcher
1990 2280 165 71 Not!
2301 2279 260 71 bewußt

341 2377 359 83 geworden.

422 2467 157 72 Seht
607 2471 87 67 im
724 2467 403 71 Sozialismus
1156 2468 175 69 nicht
1358 2467 104 70 die
1489 2465 358 84 Erfindung
1875 2465 316 72 eifernder
2219 2464 340 79 Rabbiner,

341 2561 166 71 noch
544 2561 124 70 den
706 2559 322 72 Schwarm
1066 2577 167 54 roter
1269 2558 432 80 Meßknaben,
1739 2559 166 70 noch
1942 2559 112 69 das
2093 2558 469 70 Ressentiment

341 2656 175 69 einer
539 2652 242 73 Klasse.
827 2653 157 70 Seht
1006 2656 66 69 in
1094 2655 132 71 ihm
1250 2655 104 68 die
1376 2655 204 82 einzig
1600 2651 628 84 menschenwürdige
2248 2650 315 85 Ordnung

341 2746 115 71 der
488 2745 443 72 Gesellschaft.

423 2839 165 84 Jetzt
623 2840 154 70 oder
811 2840 104 69 nie
949 2836 194 71 haltet
1178 2836 162 70 euch
1374 2867 82 39 an
1491 2836 112 71 das
1637 2836 563 71 kommunistische
2234 2832 327 82 Manifest,

341 2930 111 71 das
485 2932 259 71 erklärt:
783 2930 181 82 „Alle
997 2930 355 83 bisherigen
1387 2930 442 84 Bewegungen
1872 2957 207 42 waren
2115 2929 442 83 Bewegungen

342 3055 124 40 von
494 3026 435 78 Minoritäten,
954 3024 149 70 aber
1125 3024 86 69 im
1240 3022 310 72 Interesse
1571 3053 126 41 von
1724 3023 434 70 Minoritäten.
2205 3020 124 70 Die
2355 3019 172 85 prole-

339 3118 270 71 tarische
625 3120 358 82 Bewegung
1002 3118 78 69 ist
1098 3116 102 70 die
1218 3116 423 85 selbständige
1659 3116 358 82 Bewegung
2030 3116 113 68 der
2154 3113 409 84 Ungeheuern

342 3210 333 71 Mehrzahl
709 3213 86 68 im
832 3211 304 70 Interesse
1166 3208 114 70 der
1310 3210 411 82 Ungeheuern
1757 3206 395 71 Mehrzahl.“
2210 3206 164 82 Jetzt
2406 3205 158 69 muß

342 3302 105 72 die
473 3304 402 83 ungeheuere
903 3300 328 72 Mehrzahl
1261 3330 79 40 zu
1369 3301 204 70 ihrem
1604 3301 202 70 Recht
1835 3300 317 70 kommen.
2206 3297 155 70 Und
2390 3297 172 70 dann

342 3414 127 52 erst
489 3426 229 41 unsere
741 3395 411 71 Minderheit.
1199 3394 191 70 Dann
1415 3413 126 52 erst
1564 3395 113 70 der
1698 3395 192 83 ewige
1912 3391 299 71 Einzelne
2232 3391 136 70 und
2390 3393 177 68 seine

342 3489 316 85 Eigenart.
709 3489 190 71 Dann
929 3507 142 60 erst,
1100 3488 168 68 dann
1296 3487 152 71 aber
1472 3488 161 70 auch
1661 3488 103 70 die
1791 3485 394 71 Minderheit
2211 3484 116 72 der
2351 3484 178 72 Philo-

342 3583 265 84 sophen,
643 3582 306 71 Künstler
977 3579 134 71 und
1141 3578 151 71 aller
1322 3578 352 86 Geistigen,
1707 3579 104 70 die
1839 3578 443 70 unausrottbar
2314 3579 102 78 ist,
2446 3579 121 69 wie

342 3676 115 70 der
482 3674 242 70 Traum
751 3676 136 70 und
913 3674 103 72 die
1044 3671 217 80 Liebe,
1288 3672 137 70 und
1452 3673 167 70 ohne
1644 3672 102 70 die
1773 3671 109 70 das
1913 3669 218 73 Leben
2159 3672 104 70 ein
2293 3672 274 83 einziger

343 3768 220 72 trüber
592 3767 141 85 Tag
762 3781 164 57 wäre
957 3766 134 70 und
1123 3766 140 69 eine
1294 3763 214 73 Nacht
1538 3766 167 70 ohne
1735 3763 249 70 Sterne.
