3220 4572
575 363 95 58 144

1203 367 143 51 Rene
1378 365 264 53 Schickele
1693 384 20 24 *
1765 366 180 52 Kurze
1971 365 194 53 Stücke

571 605 133 33 wem
750 581 219 57 zurück.
1028 583 118 55 Den
1193 580 226 69 heiligen
1452 580 235 58 Schauer
1718 579 142 58 lösen
1908 600 102 36 nur
2042 579 137 57 noch
2214 578 436 58 Militärmusiken
2688 602 112 34 aus.

572 656 110 60 Mit
712 658 194 58 Recht:
948 661 74 56 sie
1055 659 155 58 allein
1245 659 140 56 seien
1419 659 139 56 noch
1591 673 143 42 ernst
1780 682 65 33 zu
1877 658 247 57 nehmen.
2176 656 103 57 Die
2315 655 353 60 Kathedralen
2705 658 96 55 mit

570 738 167 57 ihrem
769 760 197 45 ganzen
1000 736 243 59 Personal
1275 736 251 68 gehörten
1562 739 50 54 in
1648 736 85 57 die
1760 735 164 69 Oper.
1972 735 251 57 Hübsche
2249 735 430 69 Angelegenheit,
2714 735 87 56 die

570 815 165 70 Oper,
769 815 127 57 aber
925 815 149 57 nicht
1106 815 118 56 sehr
1256 814 231 68 wichtig.

649 892 87 65 Er,
783 894 84 56 ein
904 891 245 68 Mensch,
1196 894 248 57 wundere
1477 891 108 57 sich
1619 890 133 58 auch
1789 890 147 57 nicht
1969 890 149 56 mehr
2150 889 130 57 über
2312 890 85 57 die
2432 887 288 70 Fähigkeit,
2752 890 49 67 ja

570 970 87 57 die
692 970 221 65 Freude,
948 970 98 57 mit
1093 970 95 56 der
1231 970 88 58 die
1353 969 273 57 verehrten
1659 967 362 58 Anwesenden
2056 967 110 56 und
2199 966 375 67 ihresgleichen
2608 989 59 33 so
2700 965 101 58 viel

571 1046 138 69 Qual
762 1059 264 56 ertrügen,
1073 1058 134 45 wäre
1252 1070 53 33 es
1346 1047 133 56 auch
1513 1068 101 35 nur
1648 1045 169 57 durch
1850 1045 112 57 ihre
1991 1044 486 58 außerordentliche
2510 1044 261 57 Selbstver-

570 1125 246 67 achtung.
873 1126 103 56 Die
1022 1124 375 68 Zeitgenossen
1444 1124 238 57 machten
1728 1145 135 35 zwar
1907 1125 283 65 insgesamt
2236 1122 100 56 den
2383 1120 267 58 Eindruck
2698 1144 101 34 von

572 1202 253 65 Hunden,
861 1204 86 56 die
979 1218 155 42 unter
1163 1202 463 59 Peitschenhieben
1659 1201 152 56 einen
1836 1200 359 58 Freudentanz
2227 1200 316 66 aufführten,
2575 1200 126 56 aber
2728 1201 74 55 sie

571 1280 112 57 hier
722 1280 177 57 hätten
950 1280 280 58 immerhin
1282 1281 102 57 den
1431 1279 463 69 choreographisch
1946 1279 281 57 leichteren
2261 1276 120 58 Teil
2434 1276 368 60 auszuführen.

574 1359 147 64 Und,
756 1359 147 67 bitte,
936 1359 152 57 keine
1122 1360 165 66 Sorge
1323 1381 176 45 wegen
1534 1359 92 55 der
1659 1356 261 58 Zukunft!
1954 1356 150 57 Habe
2132 1357 85 56 die
2246 1355 278 68 kompakte
2551 1355 219 58 Schläch-

570 1436 129 57 terei
732 1436 196 58 einmal
960 1439 84 54 ein
1078 1436 167 66 Ende,
1286 1460 57 32 so
1376 1437 216 56 würden
1626 1435 221 57 tausend
1880 1432 199 59 Pfaffen
2113 1434 124 55 aller
2268 1432 96 57 Art
2399 1432 163 57 schon
2595 1434 66 55 da
2691 1434 110 54 sein

571 1516 112 56 und
716 1514 87 58 die
838 1512 274 60 Peitschen
1148 1515 317 67 schwingen,
1511 1514 99 57 alte
1657 1515 95 56 wie
1785 1511 389 67 neumodische,
2214 1511 112 57 und
2358 1515 74 53 sie
2463 1512 211 56 würden
2710 1511 94 56 der

574 1592 297 68 Nachfrage
903 1592 147 57 nicht
1085 1602 254 58 genügen.

652 1668 73 58 Er
755 1670 208 67 glaube,
997 1670 86 56 die
1102 1667 475 59 Aufmerksamkeit
1610 1668 93 56 der
1723 1666 362 57 Anwesenden
2114 1690 65 32 zu
2208 1666 300 57 verdienen.
2543 1653 261 69 Überdies

574 1746 221 69 spreche
840 1769 55 35 er
947 1748 95 55 mit
1089 1747 94 55 der
1233 1745 321 58 Höflichkeit
1602 1746 90 56 des
1727 1743 413 59 Verzweifelten.
2193 1743 70 56 Er
2303 1743 150 56 wolle
2480 1765 100 34 nur
2612 1766 58 33 so
2703 1742 98 59 viel

575 1849 175 43 sagen,
784 1823 102 58 daß
922 1827 91 54 wir
1045 1827 98 54 mit
1174 1825 93 56 der
1289 1823 275 58 Maschine
1598 1823 172 56 besser
1802 1822 179 57 hätten
2016 1822 256 66 umgehen
2308 1823 110 55 und
2451 1844 184 34 unsere
2655 1820 149 58 Seele

572 1902 177 56 hätten
784 1901 249 58 salvieren
1066 1900 183 57 sollen.
1303 1900 138 57 Statt
1471 1900 182 55 dessen
1705 1898 132 57 habe
1879 1900 83 55 die
1995 1898 349 57 unsterbliche
2376 1898 147 56 Seele
2562 1897 108 57 sich
2712 1897 93 57 der

574 1980 275 57 Maschine
876 1977 277 70 angepaßt,
1183 1977 134 58 habe
1343 1977 109 58 sich
1480 1977 132 57 nach
1642 1976 81 57 ihr
1747 1976 241 67 geformt,
2019 1977 175 56 indem
2221 1978 73 54 sie
2316 1976 108 57 ihre
2441 1976 359 66 Bewegungen

574 2057 339 67 mitgemacht
944 2057 152 56 habe.
1148 2056 202 57 Unsere
1369 2055 378 67 Bemühungen
1781 2057 138 53 seien
1955 2077 101 33 von
2091 2053 179 68 Erfolg
2303 2052 216 69 gekrönt
2551 2076 253 45 gewesen.

572 2135 129 57 Bald
735 2133 146 57 hätte
914 2156 119 36 man
1069 2136 100 54 mit
1201 2132 169 58 Recht
1403 2155 119 33 vom
1555 2132 157 57 Atem
1745 2131 91 57 der
1872 2129 271 59 Maschine
2185 2129 318 69 gesprochen
2537 2131 111 56 und
2682 2152 119 33 vom

574 2212 182 57 Motor
802 2235 211 34 unseres
1049 2211 252 68 Körpers.
1367 2212 110 57 Wir
1510 2232 166 35 waren
1713 2209 289 69 Dynamos,
2049 2208 85 57 die
2167 2208 242 57 dachten.
2458 2207 112 58 Wir
2603 2208 166 68 produ-

571 2293 194 55 zierten
802 2288 322 69 Intelligenz,
1173 2289 158 65 Herz,
1365 2287 122 58 Tod
1540 2288 111 56 und
1685 2287 199 57 Leben.
1938 2288 104 56 Die
2075 2286 273 57 Maschine
2391 2286 174 57 schien
2608 2309 98 34 uns
2738 2310 66 32 zu

572 2368 211 65 dienen,
830 2368 178 56 indem
1041 2368 93 55 wir
1165 2369 73 54 sie
1280 2366 302 57 bedienten.
1637 2364 125 58 Und
1797 2366 163 56 dieses
1995 2363 185 59 Geben
2228 2364 110 56 und
2372 2363 240 57 Nehmen
2649 2362 122 57 über-

575 2444 156 58 kreuz
764 2444 112 58 und
909 2444 93 58 der
1022 2443 259 57 herrische
1304 2442 230 68 Luftzug
1555 2466 90 33 um
1668 2466 97 33 uns
1788 2442 263 57 verführte
2072 2465 117 42 uns,
2221 2463 54 33 er
2294 2441 178 57 führte
2491 2465 99 33 uns
2618 2442 186 54 immer

574 2526 195 62 weiter,
803 2522 101 58 viel
939 2524 174 55 weiter
1145 2522 74 57 als
1253 2524 91 55 wir
1376 2522 220 67 gedacht
1630 2521 197 57 hatten.
1877 2521 193 56 Immer
2100 2543 133 34 neue
2254 2518 231 59 Träume
2515 2522 285 63 entstiegen

575 2602 94 56 der
702 2601 279 57 metallnen
1018 2598 203 69 Quelle,
1254 2599 111 58 und
1399 2598 154 57 kaum
1587 2598 243 67 geboren,
1872 2597 264 58 funkelten
2171 2599 74 55 sie
2277 2597 157 57 schon
2471 2598 52 55 in
2559 2597 99 56 den
2695 2596 73 57 Ge-

571 2678 188 57 lenken
803 2678 112 56 und
962 2678 297 56 entbanden
1308 2678 92 56 das
1432 2679 346 65 gemeinsame
1809 2674 173 60 Werk.
2042 2674 141 57 Wild
2217 2676 109 55 und
2359 2674 297 57 beherrscht
2688 2688 86 42 ent-

574 2756 213 57 führten
823 2757 73 54 sie
929 2778 101 33 uns
1063 2757 53 54 in
1148 2757 171 54 einem
1352 2753 221 58 Taumel
1606 2753 183 66 süßen,
1822 2776 130 44 ganz
1983 2752 167 57 hellen
2188 2750 415 59 Größenwahns.

652 2832 69 57 Es
755 2842 226 57 genügte
1012 2856 99 33 uns
1144 2832 169 57 nicht.
1367 2831 188 57 Leider
1587 2831 193 57 konnte
1811 2855 52 31 es
1891 2855 99 33 uns
2018 2831 349 57 anscheinend
2395 2828 89 60 auf
2510 2829 84 56 die
2627 2827 178 58 Dauer

572 2912 146 57 nicht
751 2921 259 57 genügen.
1064 2912 110 57 Wir
1206 2909 297 57 schwebten
1644 2909 186 57 darauf
1861 2909 167 68 legten
2063 2909 85 56 die
2175 2907 448 68 Aufgeklärtesten
2654 2921 151 42 unter

574 2991 100 55 den
709 2988 373 67 Aufgeklärten
1134 2989 188 55 immer
1365 2988 401 66 eindringlicher
1809 2988 101 56 den
1946 2987 190 67 Finger
2289 2988 93 53 wir
2413 2984 294 57 schwebten
2749 2985 51 55 in

574 3067 92 57 der
701 3065 254 58 wahrhaft
986 3065 365 58 entsetzlichen
1378 3064 214 65 Gefahr,
1628 3067 51 54 in
1703 3064 240 69 Hysterie
1974 3064 112 56 und
2119 3065 52 55 in
2195 3063 370 57 Schlemmerei
2595 3085 65 33 zu
2689 3083 87 35 ver-

571 3144 244 69 sumpfen
826 3190 10 11 .

652 3220 68 58 Es
753 3222 101 67 gab
894 3223 115 55 eine
1052 3219 209 59 Unzahl
1296 3219 309 65 Menschen,
1648 3219 100 66 die,
1789 3219 170 57 zumal
2002 3222 51 53 in
2090 3219 99 55 den
2226 3217 203 66 Ferien,
2470 3215 146 59 nicht
2658 3215 147 57 mehr

575 3299 231 66 wußten,
849 3299 170 57 wohin
1056 3302 97 53 mit
1184 3299 131 57 sich.
1367 3298 182 57 Andre
1581 3298 170 57 lebten
1788 3300 96 55 wie
1915 3298 86 56 die
2034 3297 156 55 Tiere
2230 3297 110 55 und
2373 3295 174 57 hatten
2581 3295 86 56 die
2700 3317 100 34 von

574 3377 354 57 erleuchteten
957 3377 291 55 Vorfahren
1282 3399 59 32 so
1372 3389 96 54 gut
1508 3374 263 57 verfaßten
1797 3374 202 57 Gebete
2033 3374 79 56 bis
2145 3373 91 58 auf
2267 3374 100 56 den
2401 3372 257 58 Wortlaut
2691 3393 84 34 ver-

574 3479 204 45 gessen.
820 3453 180 58 Große
1019 3455 233 56 Parteien
1277 3454 175 57 hatten
1477 3453 108 57 sich
1609 3454 242 66 gebildet,
1874 3453 85 56 die
1982 3452 131 57 Gott
2133 3452 194 57 sowohl
2350 3454 94 55 wie
2471 3452 121 55 dem
2607 3450 169 57 Staats-

575 3533 293 67 oberhaupt
920 3533 87 57 die
1052 3533 248 66 Achtung
1364 3546 288 52 versagten.
1736 3530 67 57 Es
1860 3529 182 58 mußte
2100 3546 154 40 etwas
2312 3529 85 57 für
2448 3552 158 34 unsre
2656 3528 148 57 Seele

576 3610 309 66 geschehen,
925 3610 87 57 die
1044 3609 73 57 als
1151 3609 282 67 irgendwie
1465 3608 135 57 noch
1637 3608 293 57 vorhanden
1964 3606 376 65 anzunehmen,
2372 3606 133 56 nach
2540 3604 260 67 Aussagen

581 3689 92 56 der
703 3686 451 70 Aufgeklärtesten
1204 3703 154 42 unter
1405 3688 103 56 den
1543 3685 364 69 Aufgeklärten
1955 3685 300 68 zwingende
2289 3684 221 58 Gründe
2543 3685 261 65 Vorlagen.

580 3764 129 58 Man
745 3766 184 68 sprach
947 3766 97 58 viel
1078 3766 110 56 und
1221 3765 184 69 sprach
1440 3788 57 32 so
1541 3764 146 67 lange
1722 3788 99 32 von
1855 3765 91 56 der
1979 3763 167 66 Seele,
2179 3763 79 56 bis
2291 3763 129 57 viele
2449 3787 55 32 es
2537 3764 95 55 mit
2664 3763 141 54 einer

576 3843 365 67 tobsüchtigen
984 3843 251 67 Begierde
1280 3843 133 58 nach
1463 3844 120 55 dem
1633 3840 334 69 Zauberding
2013 3840 270 59 bekamen.
2338 3840 101 56 Die
2472 3838 332 58 Menschheit
