3145 4572
1006 378 145 52 Rene
1182 375 270 54 Schickele
1502 391 22 24 ♦
1576 373 216 61 Glaube,
1835 372 299 68 Hoffnung,
2178 371 157 53 Liebe

550 376 93 58 126

545 581 162 77 eine,
753 576 311 72 natürlich
1108 575 338 85 möglichst
1488 573 447 83 ohnmächtige
1977 569 427 72 Herrenkaste
2446 568 341 80 beibehält,

545 672 195 70 deren
778 669 541 85 Unterdrückung
1354 669 127 71 den
1514 667 318 72 Vorwand
1865 665 242 84 abgibt,
2143 664 201 70 damit
2377 663 106 70 die
2517 662 273 71 Sklaven

545 764 134 70 sich
721 763 90 71 als
853 764 104 70 die
998 761 249 72 Herren
1287 762 111 71 auf
1401 762 251 71 führen.
1719 759 108 71 Ich
1868 758 148 80 will,
2060 757 125 71 daß
2229 758 114 69 der
2383 755 251 80 Sklave,
2676 755 116 70 der

548 856 310 86 Inbegriff
904 857 249 78 dessen,
1201 886 127 41 was
1378 857 124 70 den
1548 853 273 73 Sklaven
1868 852 349 79 ausmacht,
2267 851 85 70 ob
2401 876 69 43 er
2516 880 135 39 nun
2700 849 89 69 im

548 950 512 86 Klassenkampf,
1102 951 207 70 dieser
1348 950 360 86 primitiven
1751 946 445 79 Lebensform,
2237 945 167 70 oben
2444 943 154 84 liegt
2636 942 158 71 oder

546 1064 223 60 unten,
826 1046 103 70 ich
983 1043 150 81 will,
1190 1044 128 71 daß
1373 1045 114 70 der
1543 1040 454 86 Komplex
2051 1040 158 71 der
2265 1036 360 73 Gewalt
2677 1065 113 40 aus

546 1138 114 71 der
694 1136 171 73 Welt
899 1135 458 73 verschwinde.
1416 1134 264 80 Darauf,
1722 1131 424 80 Kameraden,
2184 1129 225 72 darauf
2443 1129 245 71 kommt
2724 1158 68 41 es

546 1262 103 41 an.
720 1230 228 72 Wobei
998 1233 126 79 ich,
1173 1261 81 41 zu
1303 1233 242 69 meiner
1591 1227 574 83 Entschuldigung,
2216 1223 110 72 auf
2375 1224 125 71 den
2552 1223 200 70 Unter-

546 1324 220 70 schied
804 1324 327 80 hinweise,
1171 1326 85 70 ob
1295 1326 174 70 einer
1505 1324 66 69 in
1613 1321 406 71 Unkenntnis
2057 1319 114 71 des
2209 1317 431 79 Sozialismus,
2679 1316 117 71 der

545 1418 495 72 sozialistischen
1080 1418 338 79 Literatur,
1458 1418 207 69 seiner
1703 1413 407 80 Geschichte,
2150 1413 208 70 seiner
2392 1408 403 73 Personalien

547 1512 112 70 das
712 1511 198 71 Blaue
961 1543 149 41 vom
1164 1509 283 72 Himmel
1501 1507 641 74 herunterschwärmt
2192 1505 137 71 und
2381 1504 216 69 solche
2648 1504 148 69 sehr

547 1605 417 85 eigenwillige
998 1606 253 72 Fiktion
1285 1605 90 70 als
1417 1604 409 71 Sozialismus
1860 1600 402 85 auszugeben
2296 1597 261 81 beliebt,

642 1700 159 70 oder
840 1699 87 70 ob
969 1727 87 51 er,
1101 1699 387 70 beheimatet
1526 1695 111 73 auf
1677 1697 116 71 der
1832 1695 146 70 sehr
2009 1693 419 85 gründlichen
2471 1690 175 71 Basis
2677 1688 115 70 des

550 1791 431 80 Sozialismus,
1032 1791 112 71 das
1192 1791 316 69 Wesen
1558 1789 116 70 der
1719 1787 416 73 befreienden
2183 1787 137 70 und
2366 1787 105 68 die
2518 1782 282 72 Freiheit

548 1885 573 85 organisierenden,
1181 1882 533 85 geschichtlichen
1774 1881 350 82 Handlung
2179 1881 161 68 über
2395 1877 152 71 alles
2604 1874 192 82 stellt,

550 1978 433 86 hingepflanzt
1021 1980 87 67 im
1149 1976 343 84 Gedränge
1529 1976 137 70 und
1705 1977 87 68 im
1832 1973 221 72 Sturm
2094 1973 114 70 der
2246 1968 553 85 Parteigeschäfte,

548 2072 116 72 der
698 2070 464 86 Parteikämpfe
1196 2098 114 43 vor
1346 2070 126 70 den
1514 2067 321 85 Kompaß,
1874 2066 228 71 dessen
2141 2065 270 84 Magnet
2447 2062 160 71 nach
2646 2062 150 70 dem

548 2164 559 74 Menschheitsziel
1140 2165 200 78 weist,
1375 2160 570 72 unerschütterlich
1980 2160 138 70 und
2150 2156 466 74 unverführbar
2659 2155 139 72 und

547 2259 301 84 jederzeit
900 2260 88 68 im
1041 2257 428 78 Bewußtsein,
1525 2255 126 71 daß
1705 2257 135 68 sein
1896 2253 199 71 Reich
2147 2253 215 70 weder
2413 2281 125 40 von
2593 2249 208 71 dieser

551 2351 617 85 Legislaturperiode
1204 2351 101 78 ist,
1343 2349 190 80 noch,
1552 2347 401 79 vermutlich,
1992 2376 126 42 von
2156 2346 116 71 der
2307 2344 328 71 nächsten.

630 2445 142 71 Wie
810 2446 250 70 kennen
1100 2446 114 68 wir
1253 2442 334 71 einander!
1652 2441 131 71 Für
1822 2441 184 79 euch,
2051 2436 594 80 Gewerkschaftler,
2687 2434 113 72 bin

548 2537 101 71 ich
701 2541 104 69 ein
857 2537 273 79 Kolibri,
1177 2535 528 80 unbeträchtlich,
1756 2535 103 71 ein
1909 2533 233 70 bunter
2188 2531 223 85 Vogel,
2461 2531 116 70 der
2622 2528 179 73 nicht

550 2631 202 71 beißt.
816 2631 131 71 Für
985 2631 184 78 euch,
1209 2631 349 70 Anwerber
1597 2648 171 52 roter
1804 2627 414 79 Prätorianer,
2259 2627 104 70 ein
2401 2622 254 82 Nichts,
2697 2624 103 70 ein

544 2723 238 77 Hauch
828 2727 65 68 in
938 2727 174 68 einer
1154 2723 297 71 belebten
1497 2721 249 80 Straße,
1793 2724 107 70 ein
1943 2720 268 79 Traum,
2256 2716 388 80 bestenfalls,
2688 2716 116 70 der

551 2848 103 41 am
688 2818 277 84 Morgen
998 2815 310 86 verfliegt.
1341 2814 319 73 Harmlos.
1694 2815 121 70 Ein
1851 2813 380 80 Feuilleton,
2265 2813 112 70 das
2403 2842 172 48 man,
2608 2840 191 41 wenn

551 2942 66 40 es
659 2941 200 55 gegen
901 2912 185 70 keine
1129 2909 451 85 Kirchenregel
1621 2908 307 80 verstößt,
1968 2926 257 52 unterm
2267 2904 210 73 Strich
2521 2903 282 72 drucken

551 3005 189 80 kann,
766 3005 138 70 und
927 3003 114 73 das
1066 3003 127 70 den
1221 3002 196 71 Leser
1440 3002 319 73 vielleicht
1789 3000 343 72 unterhält.
2192 2998 156 71 Und
2380 3025 123 43 nur
2533 2996 268 71 deshalb

552 3099 177 69 nicht
774 3129 159 53 ganz
980 3097 274 71 nutzlos.
1324 3096 121 71 Ein
1492 3095 290 81 Dichter,
1830 3096 134 79 der,
2014 3097 118 68 mit
2176 3092 164 71 allen
2387 3090 254 72 Waffen
2688 3090 115 70 des

555 3190 557 86 Klassenkampfes
1157 3202 414 72 ausgerüstet,
1618 3188 134 72 sich
1799 3207 190 52 etwas
2034 3185 225 72 darauf
2301 3184 329 80 einbildet,
2676 3182 128 70 daß

553 3313 68 42 er
661 3284 315 71 trotzdem
1021 3284 178 70 nicht
1239 3284 253 69 mittue.
1540 3283 120 71 Ein
1703 3282 189 80 Narr,
1938 3280 117 71 der
2095 3279 158 80 sich,
2296 3297 151 52 statt
2486 3308 80 40 an
2611 3279 189 69 einen

551 3378 597 85 shakespearischen
1211 3375 238 86 König,
1494 3406 79 39 an
1634 3375 153 70 Karl
1855 3374 192 70 Marx
2110 3373 332 71 attackiert
2510 3372 130 77 hat,
2684 3372 120 67 mit

552 3472 296 71 Schellen
890 3504 80 39 an
1013 3472 116 70 der
1169 3469 425 87 phrygischen
1637 3468 246 73 Mütze.
1950 3468 138 70 Der
2128 3466 162 72 Gast
2330 3468 88 69 im
2461 3466 305 81 Bildungs-

553 3566 340 80 ausschuß,
932 3566 115 71 der
1083 3567 65 69 in
1186 3565 127 71 den
1355 3562 490 87 Klassenkampf
1881 3561 364 72 Serenaden
2284 3561 257 82 einlegt.
2601 3557 203 80 Euch,

556 3659 489 85 Unentwegten,
1091 3657 144 72 sei’s
1280 3660 65 69 in
1390 3657 209 72 dieser
1639 3656 252 71 Stunde
1933 3674 238 66 gesagt.
2237 3654 139 71 Der
2417 3651 349 85 Drehorgel-

556 3783 213 48 mann,
797 3753 116 71 der
938 3751 106 72 für
1069 3753 112 70 das
1207 3748 173 73 Herz
1407 3753 87 67 im
1525 3746 389 74 Hinterhaus
1939 3749 291 77 arbeitet,
2258 3746 242 71 streikt.
2549 3745 86 70 Er
2660 3745 144 69 hört

553 3845 131 79 auf,
726 3847 104 70 die
870 3845 246 72 Kurbel
1154 3876 80 39 zu
1272 3844 203 71 drehn
1515 3844 137 70 und
1689 3842 131 71 ruft
1856 3873 80 40 zu
1975 3870 196 43 euern
2212 3840 309 71 Fenstern
2560 3837 244 72 hinauf.
