<?xml version="1.0" encoding="UTF-8"?>
<alto xmlns:xsi="http://www.w3.org/2001/XMLSchema-instance" xmlns="http://www.loc.gov/standards/alto/ns-v2#" xsi:schemaLocation="http://www.loc.gov/standards/alto/ns-v2# http://www.loc.gov/standards/alto/alto-v2.0.xsd" xmlns:xlink="http://www.w3.org/1999/xlink">
	<Description>
		<MeasurementUnit>mm10</MeasurementUnit>
		<sourceImageInformation>
			<fileName>//fileserver7/IN2-2/Princeton/bmtnaaw/1917/03/15_01/00015.tif</fileName>
		</sourceImageInformation>
		<OCRProcessing ID="OCRPROCESSING_1">
			<preProcessingStep>
				<processingSoftware>
					<softwareCreator>CCS Content Conversion Specialists GmbH, Germany</softwareCreator>
					<softwareName>CCS docWorks</softwareName>
					<softwareVersion>6.7-1.24</softwareVersion>
				</processingSoftware>
			</preProcessingStep>
			<ocrProcessingStep>
				<processingSoftware>
					<softwareCreator>ABBYY (BIT Software), Russia</softwareCreator>
					<softwareName>FineReader</softwareName>
					<softwareVersion>10.0</softwareVersion>
				</processingSoftware>
			</ocrProcessingStep>
		</OCRProcessing>
	</Description>
	<Styles>
		<TextStyle ID="TXT_0" FONTSIZE="38" FONTFAMILY="Times New Roman"/>
		<TextStyle ID="TXT_1" FONTSIZE="18" FONTFAMILY="Times New Roman"/>
		<TextStyle ID="TXT_2" FONTSIZE="18" FONTFAMILY="Times New Roman" FONTSTYLE="italics"/>
		<TextStyle ID="TXT_3" FONTSIZE="14" FONTFAMILY="Times New Roman" FONTSTYLE="bold"/>
		<TextStyle ID="TXT_4" FONTSIZE="14" FONTFAMILY="Arial"/>
		<ParagraphStyle ID="PAR_CENTER" ALIGN="Center"/>
		<ParagraphStyle ID="PAR_LEFT" ALIGN="Left"/>
		<ParagraphStyle ID="PAR_RIGHT" ALIGN="Right"/>
	</Styles>
	<Layout>
		<Page ID="P15" PHYSICAL_IMG_NR="15" HEIGHT="3957" WIDTH="2537" PRINTED_IMG_NR="15" PC="0.929">
			<TopMargin ID="P15_TM00001" HPOS="0" VPOS="0" WIDTH="2537" HEIGHT="281">
				<TextBlock ID="P15_TB00001" HPOS="1227" VPOS="237" WIDTH="47" HEIGHT="42" STYLEREFS="TXT_0 PAR_CENTER">
					<TextLine ID="P15_TL00001" HPOS="1227" VPOS="237" WIDTH="47" HEIGHT="42">
						<String ID="P15_ST00001" HPOS="1227" VPOS="237" WIDTH="47" HEIGHT="42" CONTENT="15" WC="1.00" CC="00"/>
					</TextLine>
				</TextBlock>
			</TopMargin>
			<LeftMargin ID="P15_LM00001" HPOS="0" VPOS="281" WIDTH="225" HEIGHT="3117"/>
			<RightMargin ID="P15_RM00001" HPOS="2260" VPOS="281" WIDTH="277" HEIGHT="3117"/>
			<BottomMargin ID="P15_BM00001" HPOS="0" VPOS="3398" WIDTH="2537" HEIGHT="559"/>
			<PrintSpace ID="P15_PS00001" HPOS="225" VPOS="281" WIDTH="2035" HEIGHT="3117">
				<TextBlock ID="P15_TB00002" HPOS="1241" VPOS="408" WIDTH="32" HEIGHT="49" STYLEREFS="TXT_1 PAR_CENTER">
					<TextLine ID="P15_TL00002" HPOS="1242" VPOS="409" WIDTH="30" HEIGHT="47">
						<String ID="P15_ST00002" HPOS="1242" VPOS="409" WIDTH="30" HEIGHT="47" CONTENT="2" WC="0.15" CC="8"/>
					</TextLine>
				</TextBlock>
				<TextBlock ID="P15_TB00003" HPOS="225" VPOS="509" WIDTH="2035" HEIGHT="2833" STYLEREFS="TXT_1 PAR_LEFT">
					<TextLine ID="P15_TL00003" HPOS="232" VPOS="509" WIDTH="900" HEIGHT="77">
						<String ID="P15_ST00003" HPOS="232" VPOS="518" WIDTH="161" HEIGHT="68" CONTENT="Après" WC="0.96" CC="76066"/>
						<SP ID="P15_SP00001" HPOS="393" VPOS="586" WIDTH="25"/>
						<String ID="P15_ST00004" HPOS="418" VPOS="521" WIDTH="54" HEIGHT="46" CONTENT="tu" WC="0.89" CC="02"/>
						<SP ID="P15_SP00002" HPOS="472" VPOS="586" WIDTH="29"/>
						<String ID="P15_ST00005" HPOS="501" VPOS="518" WIDTH="124" HEIGHT="46" CONTENT="m'as" WC="0.98" CC="0206"/>
						<SP ID="P15_SP00003" HPOS="625" VPOS="586" WIDTH="26"/>
						<String ID="P15_ST00006" HPOS="651" VPOS="513" WIDTH="177" HEIGHT="50" CONTENT="menée" WC="0.98" CC="00750"/>
						<SP ID="P15_SP00004" HPOS="828" VPOS="586" WIDTH="27"/>
						<String ID="P15_ST00007" HPOS="855" VPOS="527" WIDTH="61" HEIGHT="35" CONTENT="en" WC="0.64" CC="24"/>
						<SP ID="P15_SP00005" HPOS="916" VPOS="586" WIDTH="33"/>
						<String ID="P15_ST00008" HPOS="949" VPOS="509" WIDTH="183" HEIGHT="51" CONTENT="bateau" WC="0.99" CC="700000"/>
					</TextLine>
					<TextLine ID="P15_TL00004" HPOS="233" VPOS="597" WIDTH="696" HEIGHT="71">
						<String ID="P15_ST00009" HPOS="233" VPOS="619" WIDTH="115" HEIGHT="34" CONTENT="sans" WC="0.98" CC="2063"/>
						<SP ID="P15_SP00006" HPOS="348" VPOS="653" WIDTH="26"/>
						<String ID="P15_ST00010" HPOS="374" VPOS="617" WIDTH="186" HEIGHT="51" CONTENT="souper" WC="0.99" CC="310400"/>
						<SP ID="P15_SP00007" HPOS="560" VPOS="668" WIDTH="21"/>
						<String ID="P15_ST00011" HPOS="581" VPOS="605" WIDTH="49" HEIGHT="45" CONTENT="et" WC="0.94" CC="10"/>
						<SP ID="P15_SP00008" HPOS="630" VPOS="668" WIDTH="19"/>
						<String ID="P15_ST00012" HPOS="649" VPOS="615" WIDTH="117" HEIGHT="34" CONTENT="sans" WC="0.97" CC="6005"/>
						<SP ID="P15_SP00009" HPOS="766" VPOS="668" WIDTH="27"/>
						<String ID="P15_ST00013" HPOS="793" VPOS="597" WIDTH="136" HEIGHT="51" CONTENT="vivre" WC="0.98" CC="70500"/>
					</TextLine>
					<TextLine ID="P15_TL00005" HPOS="226" VPOS="681" WIDTH="895" HEIGHT="72">
						<String ID="P15_ST00014" HPOS="226" VPOS="686" WIDTH="207" HEIGHT="67" CONTENT="j'aurais" WC="1.00" CC="00013050"/>
						<SP ID="P15_SP00010" HPOS="433" VPOS="753" WIDTH="32"/>
						<String ID="P15_ST00015" HPOS="465" VPOS="685" WIDTH="169" HEIGHT="51" CONTENT="mieux" WC="0.99" CC="31100"/>
						<SP ID="P15_SP00011" HPOS="634" VPOS="753" WIDTH="27"/>
						<String ID="P15_ST00016" HPOS="661" VPOS="682" WIDTH="129" HEIGHT="51" CONTENT="aimé" WC="0.98" CC="0006"/>
						<SP ID="P15_SP00012" HPOS="790" VPOS="753" WIDTH="30"/>
						<String ID="P15_ST00017" HPOS="820" VPOS="700" WIDTH="66" HEIGHT="32" CONTENT="un" WC="0.46" CC="55"/>
						<SP ID="P15_SP00013" HPOS="886" VPOS="753" WIDTH="21"/>
						<String ID="P15_ST00018" HPOS="907" VPOS="681" WIDTH="214" HEIGHT="51" CONTENT="château" WC="0.99" CC="0076003"/>
					</TextLine>
					<TextLine ID="P15_TL00006" HPOS="232" VPOS="767" WIDTH="834" HEIGHT="59">
						<String ID="P15_ST00019" HPOS="232" VPOS="790" WIDTH="198" HEIGHT="36" CONTENT="comme" WC="0.99" CC="04050"/>
						<SP ID="P15_SP00014" HPOS="430" VPOS="826" WIDTH="25"/>
						<String ID="P15_ST00020" HPOS="455" VPOS="790" WIDTH="66" HEIGHT="34" CONTENT="on" WC="0.76" CC="31"/>
						<SP ID="P15_SP00015" HPOS="521" VPOS="826" WIDTH="22"/>
						<String ID="P15_ST00021" HPOS="543" VPOS="771" WIDTH="105" HEIGHT="52" CONTENT="voit" WC="1.00" CC="0000"/>
						<SP ID="P15_SP00016" HPOS="648" VPOS="826" WIDTH="19"/>
						<String ID="P15_ST00022" HPOS="667" VPOS="771" WIDTH="128" HEIGHT="50" CONTENT="dans" WC="0.99" CC="0050"/>
						<SP ID="P15_SP00017" HPOS="795" VPOS="826" WIDTH="22"/>
						<String ID="P15_ST00023" HPOS="817" VPOS="769" WIDTH="71" HEIGHT="49" CONTENT="les" WC="0.95" CC="722"/>
						<SP ID="P15_SP00018" HPOS="888" VPOS="826" WIDTH="27"/>
						<String ID="P15_ST00024" HPOS="915" VPOS="767" WIDTH="151" HEIGHT="50" CONTENT="livres" WC="0.99" CC="400405"/>
					</TextLine>
					<TextLine ID="P15_TL00007" HPOS="233" VPOS="856" WIDTH="466" HEIGHT="70">
						<String ID="P15_ST00025" HPOS="233" VPOS="860" WIDTH="103" HEIGHT="51" CONTENT="J'en" WC="0.98" CC="0306"/>
						<SP ID="P15_SP00019" HPOS="336" VPOS="911" WIDTH="33"/>
						<String ID="P15_ST00026" HPOS="369" VPOS="859" WIDTH="47" HEIGHT="51" CONTENT="ai" WC="0.89" CC="02"/>
						<SP ID="P15_SP00020" HPOS="416" VPOS="911" WIDTH="19"/>
						<String ID="P15_ST00027" HPOS="435" VPOS="856" WIDTH="264" HEIGHT="70" CONTENT="jusque-là" WC="0.99" CC="631330456"/>
					</TextLine>
					<TextLine ID="P15_TL00008" HPOS="233" VPOS="941" WIDTH="443" HEIGHT="54">
						<String ID="P15_ST00028" HPOS="233" VPOS="945" WIDTH="62" HEIGHT="50" CONTENT="de" WC="1.00" CC="00"/>
						<SP ID="P15_SP00021" HPOS="295" VPOS="995" WIDTH="25"/>
						<String ID="P15_ST00029" HPOS="320" VPOS="948" WIDTH="89" HEIGHT="47" CONTENT="ton" WC="0.99" CC="030"/>
						<SP ID="P15_SP00022" HPOS="409" VPOS="995" WIDTH="33"/>
						<String ID="P15_ST00030" HPOS="442" VPOS="941" WIDTH="234" HEIGHT="52" CONTENT="chocolat" WC="0.99" CC="06005300"/>
					</TextLine>
					<TextLine ID="P15_TL00009" HPOS="234" VPOS="1023" WIDTH="666" HEIGHT="73">
						<String ID="P15_ST00031" HPOS="234" VPOS="1028" WIDTH="169" HEIGHT="68" CONTENT="(disait" WC="1.00" CC="3000000"/>
						<SP ID="P15_SP00023" HPOS="403" VPOS="1096" WIDTH="36"/>
						<String ID="P15_ST00032" HPOS="439" VPOS="1026" WIDTH="48" HEIGHT="50" CONTENT="la" WC="0.69" CC="60"/>
						<SP ID="P15_SP00024" HPOS="487" VPOS="1096" WIDTH="37"/>
						<String ID="P15_ST00033" HPOS="524" VPOS="1023" WIDTH="376" HEIGHT="64" CONTENT="mamouchère)" WC="0.84" CC="13010130400"/>
					</TextLine>
					<TextLine ID="P15_TL00010" HPOS="225" VPOS="1109" WIDTH="559" HEIGHT="71">
						<String ID="P15_ST00034" HPOS="225" VPOS="1111" WIDTH="277" HEIGHT="69" CONTENT="j'voudrais" WC="0.97" CC="2000000000"/>
						<SP ID="P15_SP00025" HPOS="502" VPOS="1180" WIDTH="39"/>
						<String ID="P15_ST00035" HPOS="541" VPOS="1109" WIDTH="243" HEIGHT="65" CONTENT="déjeuner" WC="1.00" CC="00001403"/>
					</TextLine>
					<TextLine ID="P15_TL00011" HPOS="232" VPOS="1193" WIDTH="543" HEIGHT="56">
						<String ID="P15_ST00036" HPOS="232" VPOS="1214" WIDTH="66" HEIGHT="35" CONTENT="ou" WC="0.76" CC="30"/>
						<SP ID="P15_SP00026" HPOS="298" VPOS="1249" WIDTH="36"/>
						<String ID="P15_ST00037" HPOS="334" VPOS="1197" WIDTH="117" HEIGHT="49" CONTENT="bien" WC="0.99" CC="5000"/>
						<SP ID="P15_SP00027" HPOS="451" VPOS="1249" WIDTH="40"/>
						<String ID="P15_ST00038" HPOS="491" VPOS="1195" WIDTH="133" HEIGHT="50" CONTENT="m'en" WC="1.00" CC="0100"/>
						<SP ID="P15_SP00028" HPOS="624" VPOS="1249" WIDTH="25"/>
						<String ID="P15_ST00039" HPOS="649" VPOS="1193" WIDTH="126" HEIGHT="51" CONTENT="aller" WC="1.00" CC="03000"/>
					</TextLine>
					<TextLine ID="P15_TL00012" HPOS="232" VPOS="1275" WIDTH="967" HEIGHT="68">
						<String ID="P15_ST00040" HPOS="232" VPOS="1282" WIDTH="130" HEIGHT="49" CONTENT="m'en" WC="0.99" CC="0400"/>
						<SP ID="P15_SP00029" HPOS="362" VPOS="1331" WIDTH="40"/>
						<String ID="P15_ST00041" HPOS="402" VPOS="1279" WIDTH="124" HEIGHT="51" CONTENT="aller" WC="0.99" CC="02002"/>
						<SP ID="P15_SP00030" HPOS="526" VPOS="1331" WIDTH="36"/>
						<String ID="P15_ST00042" HPOS="562" VPOS="1278" WIDTH="120" HEIGHT="51" CONTENT="chez" WC="0.99" CC="0003"/>
						<SP ID="P15_SP00031" HPOS="682" VPOS="1331" WIDTH="44"/>
						<String ID="P15_ST00043" HPOS="726" VPOS="1293" WIDTH="115" HEIGHT="34" CONTENT="mon" WC="0.95" CC="650"/>
						<SP ID="P15_SP00032" HPOS="841" VPOS="1331" WIDTH="43"/>
						<String ID="P15_ST00044" HPOS="884" VPOS="1277" WIDTH="132" HEIGHT="66" CONTENT="père," WC="0.99" CC="70010"/>
						<SP ID="P15_SP00033" HPOS="1016" VPOS="1343" WIDTH="49"/>
						<String ID="P15_ST00045" HPOS="1065" VPOS="1275" WIDTH="134" HEIGHT="66" CONTENT="(bis)" WC="0.99" CC="02008" STYLEREFS="TXT_2"/>
					</TextLine>
					<TextLine ID="P15_TL00013" HPOS="367" VPOS="1354" WIDTH="1893" HEIGHT="76">
						<String ID="P15_ST00046" HPOS="367" VPOS="1362" WIDTH="482" HEIGHT="68" CONTENT="L'anglo-espagnol" WC="0.71" CC="8200040406000647"/>
						<SP ID="P15_SP00034" HPOS="849" VPOS="1430" WIDTH="45"/>
						<String ID="P15_ST00047" HPOS="894" VPOS="1360" WIDTH="209" HEIGHT="68" CONTENT="qu'était" WC="0.99" CC="50320000"/>
						<SP ID="P15_SP00035" HPOS="1103" VPOS="1430" WIDTH="47"/>
						<String ID="P15_ST00048" HPOS="1150" VPOS="1360" WIDTH="127" HEIGHT="49" CONTENT="Juan" WC="0.98" CC="0604"/>
						<SP ID="P15_SP00036" HPOS="1277" VPOS="1430" WIDTH="40"/>
						<String ID="P15_ST00049" HPOS="1317" VPOS="1358" WIDTH="126" HEIGHT="49" CONTENT="dans" WC="0.97" CC="0085"/>
						<SP ID="P15_SP00037" HPOS="1443" VPOS="1430" WIDTH="38"/>
						<String ID="P15_ST00050" HPOS="1481" VPOS="1355" WIDTH="169" HEIGHT="69" CONTENT="lequel" WC="0.99" CC="000206"/>
						<SP ID="P15_SP00038" HPOS="1650" VPOS="1430" WIDTH="37"/>
						<String ID="P15_ST00051" HPOS="1687" VPOS="1372" WIDTH="52" HEIGHT="33" CONTENT="se" WC="0.89" CC="20"/>
						<SP ID="P15_SP00039" HPOS="1739" VPOS="1430" WIDTH="39"/>
						<String ID="P15_ST00052" HPOS="1778" VPOS="1355" WIDTH="239" HEIGHT="50" CONTENT="mêlaient" WC="0.99" CC="02300060"/>
						<SP ID="P15_SP00040" HPOS="2017" VPOS="1430" WIDTH="42"/>
						<String ID="P15_ST00053" HPOS="2059" VPOS="1354" WIDTH="41" HEIGHT="50" CONTENT="le" WC="1.00" CC="00"/>
						<SP ID="P15_SP00041" HPOS="2100" VPOS="1430" WIDTH="34"/>
						<String ID="P15_ST00054" HPOS="2134" VPOS="1371" WIDTH="126" HEIGHT="50" CONTENT="sang" WC="0.99" CC="0013"/>
					</TextLine>
					<TextLine ID="P15_TL00014" HPOS="233" VPOS="1443" WIDTH="1633" HEIGHT="76">
						<String ID="P15_ST00055" HPOS="233" VPOS="1451" WIDTH="228" HEIGHT="68" CONTENT="germain" WC="0.99" CC="9000000"/>
						<SP ID="P15_SP00042" HPOS="461" VPOS="1519" WIDTH="50"/>
						<String ID="P15_ST00056" HPOS="511" VPOS="1453" WIDTH="48" HEIGHT="46" CONTENT="et" WC="0.94" CC="10"/>
						<SP ID="P15_SP00043" HPOS="559" VPOS="1519" WIDTH="26"/>
						<String ID="P15_ST00057" HPOS="585" VPOS="1448" WIDTH="45" HEIGHT="50" CONTENT="le" WC="0.98" CC="00"/>
						<SP ID="P15_SP00044" HPOS="630" VPOS="1519" WIDTH="41"/>
						<String ID="P15_ST00058" HPOS="671" VPOS="1462" WIDTH="127" HEIGHT="51" CONTENT="sang" WC="0.98" CC="4400"/>
						<SP ID="P15_SP00045" HPOS="798" VPOS="1519" WIDTH="28"/>
						<String ID="P15_ST00059" HPOS="826" VPOS="1462" WIDTH="173" HEIGHT="33" CONTENT="maure" WC="1.00" CC="00030"/>
						<SP ID="P15_SP00046" HPOS="999" VPOS="1519" WIDTH="38"/>
						<String ID="P15_ST00060" HPOS="1037" VPOS="1444" WIDTH="54" HEIGHT="51" CONTENT="fit" WC="0.98" CC="600"/>
						<SP ID="P15_SP00047" HPOS="1091" VPOS="1519" WIDTH="18"/>
						<String ID="P15_ST00061" HPOS="1109" VPOS="1444" WIDTH="94" HEIGHT="50" CONTENT="lier" WC="0.99" CC="0200"/>
						<SP ID="P15_SP00048" HPOS="1203" VPOS="1519" WIDTH="37"/>
						<String ID="P15_ST00062" HPOS="1240" VPOS="1444" WIDTH="47" HEIGHT="48" CONTENT="la" WC="0.94" CC="10"/>
						<SP ID="P15_SP00049" HPOS="1287" VPOS="1519" WIDTH="37"/>
						<String ID="P15_ST00063" HPOS="1324" VPOS="1456" WIDTH="181" HEIGHT="53" CONTENT="turque" WC="1.00" CC="013000"/>
						<SP ID="P15_SP00050" HPOS="1505" VPOS="1519" WIDTH="30"/>
						<String ID="P15_ST00064" HPOS="1535" VPOS="1443" WIDTH="27" HEIGHT="48" CONTENT="à" WC="0.45" CC="5"/>
						<SP ID="P15_SP00051" HPOS="1562" VPOS="1519" WIDTH="39"/>
						<String ID="P15_ST00065" HPOS="1601" VPOS="1457" WIDTH="67" HEIGHT="33" CONTENT="un" WC="0.61" CC="07"/>
						<SP ID="P15_SP00052" HPOS="1668" VPOS="1519" WIDTH="38"/>
						<String ID="P15_ST00066" HPOS="1706" VPOS="1444" WIDTH="160" HEIGHT="46" CONTENT="tronc." WC="0.99" CC="003500"/>
					</TextLine>
					<TextLine ID="P15_TL00015" HPOS="371" VPOS="1524" WIDTH="1363" HEIGHT="59">
						<String ID="P15_ST00067" HPOS="371" VPOS="1556" WIDTH="22" HEIGHT="25" CONTENT="«" WC="1.00" CC="0"/>
						<SP ID="P15_SP00053" HPOS="393" VPOS="1581" WIDTH="42"/>
						<String ID="P15_ST00068" HPOS="435" VPOS="1534" WIDTH="53" HEIGHT="49" CONTENT="Je" WC="0.80" CC="40"/>
						<SP ID="P15_SP00054" HPOS="488" VPOS="1583" WIDTH="37"/>
						<String ID="P15_ST00069" HPOS="525" VPOS="1532" WIDTH="105" HEIGHT="51" CONTENT="vais" WC="1.00" CC="0010"/>
						<SP ID="P15_SP00055" HPOS="630" VPOS="1583" WIDTH="40"/>
						<String ID="P15_ST00070" HPOS="670" VPOS="1546" WIDTH="184" HEIGHT="35" CONTENT="encore" WC="0.99" CC="140230"/>
						<SP ID="P15_SP00056" HPOS="854" VPOS="1583" WIDTH="38"/>
						<String ID="P15_ST00071" HPOS="892" VPOS="1529" WIDTH="335" HEIGHT="50" CONTENT="abandonner" WC="1.00" CC="0006010005"/>
						<SP ID="P15_SP00057" HPOS="1227" VPOS="1583" WIDTH="26"/>
						<String ID="P15_ST00072" HPOS="1253" VPOS="1527" WIDTH="212" HEIGHT="51" CONTENT="celle-là!" WC="0.99" CC="003145575"/>
						<SP ID="P15_SP00058" HPOS="1465" VPOS="1583" WIDTH="49"/>
						<String ID="P15_ST00073" HPOS="1514" VPOS="1548" WIDTH="18" HEIGHT="22" CONTENT="»" WC="0.46" CC="5"/>
						<SP ID="P15_SP00059" HPOS="1532" VPOS="1583" WIDTH="46"/>
						<String ID="P15_ST00074" HPOS="1578" VPOS="1524" WIDTH="156" HEIGHT="51" CONTENT="dit-il." WC="0.99" CC="0002054"/>
					</TextLine>
					<TextLine ID="P15_TL00016" HPOS="369" VPOS="1612" WIDTH="772" HEIGHT="71">
						<String ID="P15_ST00075" HPOS="369" VPOS="1617" WIDTH="224" HEIGHT="51" CONTENT="Soudain" WC="0.99" CC="7300042"/>
						<SP ID="P15_SP00060" HPOS="593" VPOS="1668" WIDTH="28"/>
						<String ID="P15_ST00076" HPOS="621" VPOS="1619" WIDTH="152" HEIGHT="64" CONTENT="parut" WC="1.00" CC="00040"/>
						<SP ID="P15_SP00061" HPOS="773" VPOS="1683" WIDTH="25"/>
						<String ID="P15_ST00077" HPOS="798" VPOS="1630" WIDTH="69" HEIGHT="34" CONTENT="un" WC="0.95" CC="00"/>
						<SP ID="P15_SP00062" HPOS="867" VPOS="1683" WIDTH="25"/>
						<String ID="P15_ST00078" HPOS="892" VPOS="1612" WIDTH="249" HEIGHT="52" CONTENT="vieillard." WC="1.00" CC="0000500600"/>
					</TextLine>
					<TextLine ID="P15_TL00017" HPOS="369" VPOS="1693" WIDTH="1373" HEIGHT="73">
						<String ID="P15_ST00079" HPOS="369" VPOS="1722" WIDTH="24" HEIGHT="30" CONTENT="«" WC="1.00" CC="0"/>
						<SP ID="P15_SP00063" HPOS="393" VPOS="1752" WIDTH="42"/>
						<String ID="P15_ST00080" HPOS="435" VPOS="1703" WIDTH="52" HEIGHT="50" CONTENT="Je" WC="0.85" CC="02"/>
						<SP ID="P15_SP00064" HPOS="487" VPOS="1753" WIDTH="39"/>
						<String ID="P15_ST00081" HPOS="526" VPOS="1701" WIDTH="104" HEIGHT="51" CONTENT="suis" WC="0.98" CC="3500"/>
						<SP ID="P15_SP00065" HPOS="630" VPOS="1753" WIDTH="37"/>
						<String ID="P15_ST00082" HPOS="667" VPOS="1699" WIDTH="112" HEIGHT="51" CONTENT="leur" WC="1.00" CC="0001"/>
						<SP ID="P15_SP00066" HPOS="779" VPOS="1753" WIDTH="27"/>
						<String ID="P15_ST00083" HPOS="806" VPOS="1699" WIDTH="119" HEIGHT="67" CONTENT="père" WC="0.99" CC="0300"/>
						<SP ID="P15_SP00067" HPOS="925" VPOS="1766" WIDTH="25"/>
						<String ID="P15_ST00084" HPOS="950" VPOS="1697" WIDTH="9" HEIGHT="49" CONTENT="!" WC="1.00" CC="0"/>
						<SP ID="P15_SP00068" HPOS="959" VPOS="1766" WIDTH="24"/>
						<String ID="P15_ST00085" HPOS="983" VPOS="1697" WIDTH="305" HEIGHT="51" CONTENT="Rends-moi" WC="0.99" CC="506012032"/>
						<SP ID="P15_SP00069" HPOS="1288" VPOS="1766" WIDTH="42"/>
						<String ID="P15_ST00086" HPOS="1330" VPOS="1712" WIDTH="105" HEIGHT="33" CONTENT="mes" WC="0.95" CC="641"/>
						<SP ID="P15_SP00070" HPOS="1435" VPOS="1766" WIDTH="21"/>
						<String ID="P15_ST00087" HPOS="1456" VPOS="1694" WIDTH="199" HEIGHT="50" CONTENT="enfants" WC="0.99" CC="1300602"/>
						<SP ID="P15_SP00071" HPOS="1655" VPOS="1766" WIDTH="22"/>
						<String ID="P15_ST00088" HPOS="1677" VPOS="1693" WIDTH="10" HEIGHT="50" CONTENT="!" WC="0.99" CC="0"/>
						<SP ID="P15_SP00072" HPOS="1687" VPOS="1766" WIDTH="35"/>
						<String ID="P15_ST00089" HPOS="1722" VPOS="1713" WIDTH="20" HEIGHT="27" CONTENT="»" WC="0.56" CC="4"/>
					</TextLine>
					<TextLine ID="P15_TL00018" HPOS="366" VPOS="1774" WIDTH="1894" HEIGHT="74">
						<String ID="P15_ST00090" HPOS="366" VPOS="1787" WIDTH="127" HEIGHT="50" CONTENT="Juan" WC="0.99" CC="0300"/>
						<SP ID="P15_SP00073" HPOS="493" VPOS="1837" WIDTH="52"/>
						<String ID="P15_ST00091" HPOS="545" VPOS="1785" WIDTH="200" HEIGHT="50" CONTENT="contint" WC="1.00" CC="0200050"/>
						<SP ID="P15_SP00074" HPOS="745" VPOS="1837" WIDTH="47"/>
						<String ID="P15_ST00092" HPOS="792" VPOS="1799" WIDTH="67" HEIGHT="34" CONTENT="un" WC="0.73" CC="50"/>
						<SP ID="P15_SP00075" HPOS="859" VPOS="1837" WIDTH="57"/>
						<String ID="P15_ST00093" HPOS="916" VPOS="1782" WIDTH="98" HEIGHT="50" CONTENT="rire" WC="0.99" CC="0030"/>
						<SP ID="P15_SP00076" HPOS="1014" VPOS="1837" WIDTH="47"/>
						<String ID="P15_ST00094" HPOS="1061" VPOS="1781" WIDTH="267" HEIGHT="67" CONTENT="satanique" WC="0.96" CC="000000003"/>
						<SP ID="P15_SP00077" HPOS="1328" VPOS="1848" WIDTH="31"/>
						<String ID="P15_ST00095" HPOS="1359" VPOS="1796" WIDTH="85" HEIGHT="34" CONTENT="car" WC="0.96" CC="262"/>
						<SP ID="P15_SP00078" HPOS="1444" VPOS="1848" WIDTH="32"/>
						<String ID="P15_ST00096" HPOS="1476" VPOS="1778" WIDTH="34" HEIGHT="50" CONTENT="il" WC="0.66" CC="24"/>
						<SP ID="P15_SP00079" HPOS="1510" VPOS="1848" WIDTH="39"/>
						<String ID="P15_ST00097" HPOS="1549" VPOS="1777" WIDTH="120" HEIGHT="51" CONTENT="était" WC="0.98" CC="50050"/>
						<SP ID="P15_SP00080" HPOS="1669" VPOS="1848" WIDTH="37"/>
						<String ID="P15_ST00098" HPOS="1706" VPOS="1774" WIDTH="384" HEIGHT="70" CONTENT="gentilhomme," WC="1.00" CC="002006005007"/>
						<SP ID="P15_SP00081" HPOS="2090" VPOS="1848" WIDTH="41"/>
						<String ID="P15_ST00099" HPOS="2131" VPOS="1792" WIDTH="129" HEIGHT="36" CONTENT="nous" WC="1.00" CC="0100"/>
					</TextLine>
					<TextLine ID="P15_TL00019" HPOS="230" VPOS="1870" WIDTH="334" HEIGHT="54">
						<String ID="P15_ST00100" HPOS="230" VPOS="1873" WIDTH="195" HEIGHT="51" CONTENT="l'avons" WC="0.99" CC="3400053"/>
						<SP ID="P15_SP00082" HPOS="425" VPOS="1924" WIDTH="22"/>
						<String ID="P15_ST00101" HPOS="447" VPOS="1870" WIDTH="75" HEIGHT="50" CONTENT="dit" WC="0.98" CC="040"/>
						<SP ID="P15_SP00083" HPOS="522" VPOS="1924" WIDTH="32"/>
						<String ID="P15_ST00102" HPOS="554" VPOS="1885" WIDTH="10" HEIGHT="33" CONTENT=":" WC="0.54" CC="4"/>
					</TextLine>
					<TextLine ID="P15_TL00020" HPOS="380" VPOS="1948" WIDTH="931" HEIGHT="63">
						<String ID="P15_ST00103" HPOS="380" VPOS="1978" WIDTH="19" HEIGHT="24" CONTENT="«" WC="1.00" CC="0"/>
						<SP ID="P15_SP00084" HPOS="399" VPOS="2002" WIDTH="34"/>
						<String ID="P15_ST00104" HPOS="433" VPOS="1955" WIDTH="240" HEIGHT="56" CONTENT="J'écoute," WC="1.00" CC="040010004"/>
						<SP ID="P15_SP00085" HPOS="673" VPOS="2011" WIDTH="37"/>
						<String ID="P15_ST00105" HPOS="710" VPOS="1967" WIDTH="121" HEIGHT="36" CONTENT="mon" WC="0.99" CC="300"/>
						<SP ID="P15_SP00086" HPOS="831" VPOS="2011" WIDTH="25"/>
						<String ID="P15_ST00106" HPOS="856" VPOS="1948" WIDTH="388" HEIGHT="54" CONTENT="commandant!" WC="1.00" CC="00040400512"/>
						<SP ID="P15_SP00087" HPOS="1244" VPOS="2011" WIDTH="45"/>
						<String ID="P15_ST00107" HPOS="1289" VPOS="1970" WIDTH="22" HEIGHT="27" CONTENT="»" WC="0.70" CC="2"/>
					</TextLine>
					<TextLine ID="P15_TL00021" HPOS="366" VPOS="2031" WIDTH="1890" HEIGHT="74">
						<String ID="P15_ST00108" HPOS="366" VPOS="2040" WIDTH="146" HEIGHT="51" CONTENT="Alors" WC="0.98" CC="80043"/>
						<SP ID="P15_SP00088" HPOS="512" VPOS="2091" WIDTH="37"/>
						<String ID="P15_ST00109" HPOS="549" VPOS="2055" WIDTH="99" HEIGHT="34" CONTENT="une" WC="0.98" CC="330"/>
						<SP ID="P15_SP00089" HPOS="648" VPOS="2091" WIDTH="38"/>
						<String ID="P15_ST00110" HPOS="686" VPOS="2037" WIDTH="235" HEIGHT="68" CONTENT="musique" WC="0.99" CC="0521000"/>
						<SP ID="P15_SP00090" HPOS="921" VPOS="2105" WIDTH="27"/>
						<String ID="P15_ST00111" HPOS="948" VPOS="2036" WIDTH="223" HEIGHT="51" CONTENT="derrière" WC="0.99" CC="00640440"/>
						<SP ID="P15_SP00091" HPOS="1171" VPOS="2105" WIDTH="24"/>
						<String ID="P15_ST00112" HPOS="1195" VPOS="2035" WIDTH="47" HEIGHT="49" CONTENT="la" WC="0.68" CC="60"/>
						<SP ID="P15_SP00092" HPOS="1242" VPOS="2105" WIDTH="27"/>
						<String ID="P15_ST00113" HPOS="1269" VPOS="2035" WIDTH="149" HEIGHT="51" CONTENT="scène" WC="0.99" CC="00060"/>
						<SP ID="P15_SP00093" HPOS="1418" VPOS="2105" WIDTH="26"/>
						<String ID="P15_ST00114" HPOS="1444" VPOS="2035" WIDTH="124" HEIGHT="62" CONTENT="joua" WC="0.97" CC="3450"/>
						<SP ID="P15_SP00094" HPOS="1568" VPOS="2105" WIDTH="34"/>
						<String ID="P15_ST00115" HPOS="1602" VPOS="2049" WIDTH="66" HEIGHT="33" CONTENT="un" WC="0.66" CC="41"/>
						<SP ID="P15_SP00095" HPOS="1668" VPOS="2105" WIDTH="28"/>
						<String ID="P15_ST00116" HPOS="1696" VPOS="2031" WIDTH="75" HEIGHT="51" CONTENT="air" WC="0.99" CC="002"/>
						<SP ID="P15_SP00096" HPOS="1771" VPOS="2105" WIDTH="37"/>
						<String ID="P15_ST00117" HPOS="1808" VPOS="2031" WIDTH="62" HEIGHT="49" CONTENT="de" WC="0.84" CC="03"/>
						<SP ID="P15_SP00097" HPOS="1870" VPOS="2105" WIDTH="39"/>
						<String ID="P15_ST00118" HPOS="1909" VPOS="2033" WIDTH="51" HEIGHT="49" CONTENT="la" WC="0.75" CC="04" STYLEREFS="TXT_2"/>
						<SP ID="P15_SP00098" HPOS="1960" VPOS="2105" WIDTH="283"/>
						<String ID="P15_ST00119" HPOS="2243" VPOS="2069" WIDTH="13" HEIGHT="23" CONTENT="," WC="0.78" CC="2" STYLEREFS="TXT_2"/>
					</TextLine>
					<TextLine ID="P15_TL00022" HPOS="230" VPOS="2116" WIDTH="1787" HEIGHT="78">
						<String ID="P15_ST00120" HPOS="230" VPOS="2144" WIDTH="55" HEIGHT="33" CONTENT="ce" WC="1.00" CC="00"/>
						<SP ID="P15_SP00099" HPOS="285" VPOS="2177" WIDTH="38"/>
						<String ID="P15_ST00121" HPOS="323" VPOS="2126" WIDTH="86" HEIGHT="68" CONTENT="qui" WC="1.00" CC="000"/>
						<SP ID="P15_SP00100" HPOS="409" VPOS="2194" WIDTH="41"/>
						<String ID="P15_ST00122" HPOS="450" VPOS="2124" WIDTH="55" HEIGHT="50" CONTENT="fit" WC="0.97" CC="006"/>
						<SP ID="P15_SP00101" HPOS="505" VPOS="2194" WIDTH="41"/>
						<String ID="P15_ST00123" HPOS="546" VPOS="2124" WIDTH="214" HEIGHT="49" CONTENT="hausser" WC="1.00" CC="0001302"/>
						<SP ID="P15_SP00102" HPOS="760" VPOS="2194" WIDTH="24"/>
						<String ID="P15_ST00124" HPOS="784" VPOS="2125" WIDTH="71" HEIGHT="47" CONTENT="les" WC="0.97" CC="062"/>
						<SP ID="P15_SP00103" HPOS="855" VPOS="2194" WIDTH="38"/>
						<String ID="P15_ST00125" HPOS="893" VPOS="2121" WIDTH="207" HEIGHT="67" CONTENT="épaules" WC="0.99" CC="6050006"/>
						<SP ID="P15_SP00104" HPOS="1100" VPOS="2194" WIDTH="38"/>
						<String ID="P15_ST00126" HPOS="1138" VPOS="2122" WIDTH="27" HEIGHT="49" CONTENT="à" WC="0.80" CC="1"/>
						<SP ID="P15_SP00105" HPOS="1165" VPOS="2194" WIDTH="39"/>
						<String ID="P15_ST00127" HPOS="1204" VPOS="2124" WIDTH="145" HEIGHT="47" CONTENT="notre" WC="0.99" CC="03043"/>
						<SP ID="P15_SP00106" HPOS="1349" VPOS="2194" WIDTH="34"/>
						<String ID="P15_ST00128" HPOS="1383" VPOS="2117" WIDTH="266" HEIGHT="69" CONTENT="Napoléon" WC="0.99" CC="00033045"/>
						<SP ID="P15_SP00107" HPOS="1649" VPOS="2194" WIDTH="34"/>
						<String ID="P15_ST00129" HPOS="1683" VPOS="2117" WIDTH="62" HEIGHT="50" CONTENT="de" WC="0.96" CC="00"/>
						<SP ID="P15_SP00108" HPOS="1745" VPOS="2194" WIDTH="40"/>
						<String ID="P15_ST00130" HPOS="1785" VPOS="2116" WIDTH="232" HEIGHT="50" CONTENT="l'amour." WC="0.99" CC="54005033"/>
					</TextLine>
					<TextLine ID="P15_TL00023" HPOS="944" VPOS="2205" WIDTH="1088" HEIGHT="51">
						<String ID="P15_ST00131" HPOS="944" VPOS="2207" WIDTH="185" HEIGHT="49" CONTENT="CHŒUR" WC="0.96" CC="51765" STYLEREFS="TXT_3"/>
						<SP ID="P15_SP00109" HPOS="1129" VPOS="2256" WIDTH="23"/>
						<String ID="P15_ST00132" HPOS="1152" VPOS="2205" WIDTH="355" HEIGHT="49" CONTENT="D'APPARITIONS" WC="0.99" CC="6061464312032" STYLEREFS="TXT_3"/>
						<SP ID="P15_SP00110" HPOS="1507" VPOS="2256" WIDTH="25"/>
						<String ID="P15_ST00133" HPOS="1532" VPOS="2218" WIDTH="62" HEIGHT="34" CONTENT="EN" WC="0.80" CC="30" STYLEREFS="TXT_3"/>
						<SP ID="P15_SP00111" HPOS="1594" VPOS="2256" WIDTH="27"/>
						<String ID="P15_ST00134" HPOS="1621" VPOS="2216" WIDTH="227" HEIGHT="35" CONTENT="MAILLOTS" WC="1.00" CC="00160000" STYLEREFS="TXT_3"/>
						<SP ID="P15_SP00112" HPOS="1848" VPOS="2256" WIDTH="21"/>
						<String ID="P15_ST00135" HPOS="1869" VPOS="2215" WIDTH="163" HEIGHT="37" CONTENT="ROSES." WC="1.00" CC="000013" STYLEREFS="TXT_3"/>
					</TextLine>
					<TextLine ID="P15_TL00024" HPOS="1175" VPOS="2285" WIDTH="528" HEIGHT="53">
						<String ID="P15_ST00136" HPOS="1175" VPOS="2287" WIDTH="224" HEIGHT="51" CONTENT="Flanelle" WC="0.99" CC="01000360"/>
						<SP ID="P15_SP00113" HPOS="1399" VPOS="2338" WIDTH="20"/>
						<String ID="P15_ST00137" HPOS="1419" VPOS="2293" WIDTH="9" HEIGHT="43" CONTENT="!" WC="0.67" CC="3"/>
						<SP ID="P15_SP00114" HPOS="1428" VPOS="2338" WIDTH="43"/>
						<String ID="P15_ST00138" HPOS="1471" VPOS="2286" WIDTH="202" HEIGHT="51" CONTENT="flanelle" WC="0.99" CC="11060440"/>
						<SP ID="P15_SP00115" HPOS="1673" VPOS="2338" WIDTH="20"/>
						<String ID="P15_ST00139" HPOS="1693" VPOS="2285" WIDTH="10" HEIGHT="49" CONTENT="!" WC="0.74" CC="2"/>
					</TextLine>
					<TextLine ID="P15_TL00025" HPOS="948" VPOS="2369" WIDTH="894" HEIGHT="68">
						<String ID="P15_ST00140" HPOS="948" VPOS="2375" WIDTH="141" HEIGHT="50" CONTENT="Nous" WC="0.98" CC="2006"/>
						<SP ID="P15_SP00116" HPOS="1089" VPOS="2425" WIDTH="39"/>
						<String ID="P15_ST00141" HPOS="1128" VPOS="2388" WIDTH="221" HEIGHT="35" CONTENT="sommes" WC="0.99" CC="500004"/>
						<SP ID="P15_SP00117" HPOS="1349" VPOS="2425" WIDTH="37"/>
						<String ID="P15_ST00142" HPOS="1386" VPOS="2387" WIDTH="184" HEIGHT="35" CONTENT="encore" WC="0.99" CC="050003"/>
						<SP ID="P15_SP00118" HPOS="1570" VPOS="2425" WIDTH="20"/>
						<String ID="P15_ST00143" HPOS="1590" VPOS="2369" WIDTH="224" HEIGHT="68" CONTENT="pucelles" WC="0.78" CC="05006041"/>
						<SP ID="P15_SP00119" HPOS="1814" VPOS="2437" WIDTH="20"/>
						<String ID="P15_ST00144" HPOS="1834" VPOS="2371" WIDTH="8" HEIGHT="46" CONTENT="!" WC="0.46" CC="5"/>
					</TextLine>
					<TextLine ID="P15_TL00026" HPOS="940" VPOS="2454" WIDTH="715" HEIGHT="70">
						<String ID="P15_ST00145" HPOS="940" VPOS="2459" WIDTH="139" HEIGHT="49" CONTENT="Nous" WC="0.99" CC="0400"/>
						<SP ID="P15_SP00120" HPOS="1079" VPOS="2508" WIDTH="26"/>
						<String ID="P15_ST00146" HPOS="1105" VPOS="2473" WIDTH="156" HEIGHT="35" CONTENT="avons" WC="0.99" CC="00410"/>
						<SP ID="P15_SP00121" HPOS="1261" VPOS="2508" WIDTH="22"/>
						<String ID="P15_ST00147" HPOS="1283" VPOS="2456" WIDTH="78" HEIGHT="50" CONTENT="été" WC="0.99" CC="100"/>
						<SP ID="P15_SP00122" HPOS="1361" VPOS="2508" WIDTH="20"/>
						<String ID="P15_ST00148" HPOS="1381" VPOS="2454" WIDTH="274" HEIGHT="70" CONTENT="mystifiées" WC="1.00" CC="0500000003"/>
					</TextLine>
					<TextLine ID="P15_TL00027" HPOS="945" VPOS="2539" WIDTH="878" HEIGHT="67">
						<String ID="P15_ST00149" HPOS="945" VPOS="2544" WIDTH="123" HEIGHT="50" CONTENT="Mais" WC="1.00" CC="0000"/>
						<SP ID="P15_SP00123" HPOS="1068" VPOS="2594" WIDTH="40"/>
						<String ID="P15_ST00150" HPOS="1108" VPOS="2558" WIDTH="131" HEIGHT="36" CONTENT="nous" WC="0.99" CC="0410"/>
						<SP ID="P15_SP00124" HPOS="1239" VPOS="2594" WIDTH="26"/>
						<String ID="P15_ST00151" HPOS="1265" VPOS="2541" WIDTH="165" HEIGHT="51" CONTENT="allons" WC="1.00" CC="004000"/>
						<SP ID="P15_SP00125" HPOS="1430" VPOS="2594" WIDTH="27"/>
						<String ID="P15_ST00152" HPOS="1457" VPOS="2541" WIDTH="103" HEIGHT="50" CONTENT="être" WC="0.98" CC="3050"/>
						<SP ID="P15_SP00126" HPOS="1560" VPOS="2594" WIDTH="28"/>
						<String ID="P15_ST00153" HPOS="1588" VPOS="2539" WIDTH="235" HEIGHT="67" CONTENT="vengées." WC="0.99" CC="90004113"/>
					</TextLine>
					<TextLine ID="P15_TL00028" HPOS="1127" VPOS="2623" WIDTH="518" HEIGHT="53">
						<String ID="P15_ST00154" HPOS="1127" VPOS="2625" WIDTH="223" HEIGHT="51" CONTENT="Flanelle" WC="1.00" CC="00000430"/>
						<SP ID="P15_SP00127" HPOS="1350" VPOS="2676" WIDTH="22"/>
						<String ID="P15_ST00155" HPOS="1372" VPOS="2627" WIDTH="9" HEIGHT="47" CONTENT="!" WC="0.89" CC="1"/>
						<SP ID="P15_SP00128" HPOS="1381" VPOS="2676" WIDTH="32"/>
						<String ID="P15_ST00156" HPOS="1413" VPOS="2623" WIDTH="200" HEIGHT="51" CONTENT="flanelle" WC="0.99" CC="00020440"/>
						<SP ID="P15_SP00129" HPOS="1613" VPOS="2676" WIDTH="23"/>
						<String ID="P15_ST00157" HPOS="1636" VPOS="2625" WIDTH="9" HEIGHT="47" CONTENT="!" WC="1.00" CC="0"/>
					</TextLine>
					<TextLine ID="P15_TL00029" HPOS="1138" VPOS="2803" WIDTH="224" HEIGHT="43">
						<String ID="P15_ST00158" HPOS="1138" VPOS="2812" WIDTH="56" HEIGHT="34" CONTENT="LE" WC="1.00" CC="00" STYLEREFS="TXT_3"/>
						<SP ID="P15_SP00130" HPOS="1194" VPOS="2846" WIDTH="46"/>
						<String ID="P15_ST00159" HPOS="1240" VPOS="2803" WIDTH="122" HEIGHT="42" CONTENT="PÈRE" WC="0.97" CC="1460" STYLEREFS="TXT_3"/>
					</TextLine>
					<TextLine ID="P15_TL00030" HPOS="367" VPOS="2910" WIDTH="1363" HEIGHT="75">
						<String ID="P15_ST00160" HPOS="367" VPOS="2924" WIDTH="52" HEIGHT="49" CONTENT="Je" WC="0.97" CC="00"/>
						<SP ID="P15_SP00131" HPOS="419" VPOS="2973" WIDTH="28"/>
						<String ID="P15_ST00161" HPOS="447" VPOS="2921" WIDTH="105" HEIGHT="51" CONTENT="suis" WC="0.98" CC="4006"/>
						<SP ID="P15_SP00132" HPOS="552" VPOS="2973" WIDTH="27"/>
						<String ID="P15_ST00162" HPOS="579" VPOS="2924" WIDTH="102" HEIGHT="47" CONTENT="don" WC="0.98" CC="014"/>
						<SP ID="P15_SP00133" HPOS="681" VPOS="2973" WIDTH="23"/>
						<String ID="P15_ST00163" HPOS="704" VPOS="2919" WIDTH="114" HEIGHT="50" CONTENT="José" WC="0.98" CC="0440"/>
						<SP ID="P15_SP00134" HPOS="818" VPOS="2973" WIDTH="21"/>
						<String ID="P15_ST00164" HPOS="839" VPOS="2919" WIDTH="8" HEIGHT="48" CONTENT="!" WC="0.52" CC="4"/>
						<SP ID="P15_SP00135" HPOS="847" VPOS="2973" WIDTH="30"/>
						<String ID="P15_ST00165" HPOS="877" VPOS="2933" WIDTH="89" HEIGHT="52" CONTENT="par" WC="0.98" CC="004"/>
						<SP ID="P15_SP00136" HPOS="966" VPOS="2985" WIDTH="20"/>
						<String ID="P15_ST00166" HPOS="986" VPOS="2915" WIDTH="236" HEIGHT="52" CONTENT="bonheur" WC="0.99" CC="6000040"/>
						<SP ID="P15_SP00137" HPOS="1222" VPOS="2985" WIDTH="33"/>
						<String ID="P15_ST00167" HPOS="1255" VPOS="2929" WIDTH="131" HEIGHT="52" CONTENT="pour" WC="1.00" CC="0000"/>
						<SP ID="P15_SP00138" HPOS="1386" VPOS="2985" WIDTH="32"/>
						<String ID="P15_ST00168" HPOS="1418" VPOS="2915" WIDTH="71" HEIGHT="47" CONTENT="les" WC="0.96" CC="506"/>
						<SP ID="P15_SP00139" HPOS="1489" VPOS="2985" WIDTH="23"/>
						<String ID="P15_ST00169" HPOS="1512" VPOS="2910" WIDTH="218" HEIGHT="51" CONTENT="familles" WC="1.00" CC="00000306"/>
					</TextLine>
					<TextLine ID="P15_TL00031" HPOS="365" VPOS="3003" WIDTH="803" HEIGHT="55">
						<String ID="P15_ST00170" HPOS="365" VPOS="3009" WIDTH="137" HEIGHT="49" CONTENT="Vous" WC="0.98" CC="7300"/>
						<SP ID="P15_SP00140" HPOS="502" VPOS="3058" WIDTH="15"/>
						<String ID="P15_ST00171" HPOS="517" VPOS="3006" WIDTH="103" HEIGHT="50" CONTENT="êtes" WC="0.98" CC="4004"/>
						<SP ID="P15_SP00141" HPOS="620" VPOS="3058" WIDTH="17"/>
						<String ID="P15_ST00172" HPOS="637" VPOS="3004" WIDTH="47" HEIGHT="51" CONTENT="le" WC="0.83" CC="30"/>
						<SP ID="P15_SP00142" HPOS="684" VPOS="3058" WIDTH="33"/>
						<String ID="P15_ST00173" HPOS="717" VPOS="3003" WIDTH="230" HEIGHT="50" CONTENT="mauvais" WC="0.99" CC="6000133"/>
						<SP ID="P15_SP00143" HPOS="947" VPOS="3058" WIDTH="30"/>
						<String ID="P15_ST00174" HPOS="977" VPOS="3005" WIDTH="191" HEIGHT="47" CONTENT="amant." WC="0.99" CC="030403"/>
					</TextLine>
					<TextLine ID="P15_TL00032" HPOS="1188" VPOS="3183" WIDTH="114" HEIGHT="37">
						<String ID="P15_ST00175" HPOS="1188" VPOS="3183" WIDTH="114" HEIGHT="37" CONTENT="JUAN" WC="0.97" CC="2507" STYLEREFS="TXT_3"/>
					</TextLine>
					<TextLine ID="P15_TL00033" HPOS="367" VPOS="3272" WIDTH="841" HEIGHT="70">
						<String ID="P15_ST00176" HPOS="367" VPOS="3278" WIDTH="54" HEIGHT="48" CONTENT="Je" WC="1.00" CC="00"/>
						<SP ID="P15_SP00144" HPOS="421" VPOS="3326" WIDTH="42"/>
						<String ID="P15_ST00177" HPOS="463" VPOS="3292" WIDTH="222" HEIGHT="50" CONTENT="manque" WC="0.99" CC="000054"/>
						<SP ID="P15_SP00145" HPOS="685" VPOS="3342" WIDTH="41"/>
						<String ID="P15_ST00178" HPOS="726" VPOS="3274" WIDTH="62" HEIGHT="50" CONTENT="de" WC="1.00" CC="00"/>
						<SP ID="P15_SP00146" HPOS="788" VPOS="3342" WIDTH="30"/>
						<String ID="P15_ST00179" HPOS="818" VPOS="3272" WIDTH="390" HEIGHT="67" CONTENT="tempérament." WC="0.99" CC="005014050604"/>
					</TextLine>
				</TextBlock>
				<TextBlock ID="P15_TB00004" HPOS="1819" VPOS="3348" WIDTH="301" HEIGHT="50" STYLEREFS="TXT_4 PAR_RIGHT">
					<TextLine ID="P15_TL00034" HPOS="1820" VPOS="3348" WIDTH="300" HEIGHT="50">
						<String ID="P15_ST00180" HPOS="1820" VPOS="3351" WIDTH="106" HEIGHT="47" CONTENT="MAX" WC="0.97" CC="060"/>
						<SP ID="P15_SP00147" HPOS="1926" VPOS="3398" WIDTH="35"/>
						<String ID="P15_ST00181" HPOS="1961" VPOS="3348" WIDTH="159" HEIGHT="50" CONTENT="JACOB." WC="0.98" CC="074006"/>
					</TextLine>
				</TextBlock>
			</PrintSpace>
		</Page>
	</Layout>
</alto>
