2537 3957
1294 342 85 45 10

722 466 218 49 Ecoutez
983 465 51 50 la
1072 480 111 36 mer

305 555 67 50 La
402 571 106 34 mer
548 554 179 66 peiner
747 571 64 34 au
835 554 104 51 loin
964 558 49 47 et
1034 554 131 51 crier
1189 559 142 47 toute
1353 555 145 50 seule

543 646 81 49 Ma
646 643 115 52 voix
783 643 152 52 fidèle
960 659 206 36 comme
1193 644 220 51 l'ombre

543 734 133 52 Veut
695 736 107 50 être
828 734 139 51 enfin
996 734 217 51 l'ombre
1241 736 64 49 de
1335 734 48 51 la
1418 734 82 52 vie

305 826 132 51 Veut
456 827 104 50 être
587 828 28 49 ô
638 840 109 37 mer
766 823 205 52 vivante
992 825 212 50 infidèle
1225 840 204 37 comme
1449 825 70 52 toi

306 950 68 49 La
393 966 110 34 mer
524 950 87 65 qui
634 966 28 34 a
677 949 131 51 trahi
828 950 92 50 des
943 950 232 50 matelots
1202 966 120 34 sans
1344 952 217 49 nombre

306 1039 260 66 Engloutit
586 1054 109 36 mes
723 1039 188 65 grands
933 1039 101 51 cris
1057 1054 204 35 comme
1283 1040 93 50 des
1397 1039 153 51 dieux
1571 1042 158 61 noyés

306 1129 59 50 Et
390 1129 47 50 la
463 1145 110 35 mer
599 1145 62 34 au
689 1127 146 52 soleil
864 1143 63 36 ne
954 1132 247 62 supporte
1227 1143 103 51 que
1357 1129 217 50 l'ombre

305 1218 107 59 Que
423 1218 183 66 jettent
629 1220 90 49 des
747 1218 210 51 oiseaux
977 1218 76 51 les
1075 1217 127 51 ailes
1223 1218 243 65 éployées

308 1336 67 51 La
402 1338 175 64 parole
614 1341 77 46 est
710 1336 252 51 soudaine
983 1340 49 47 et
1043 1336 142 51 "c'est
1211 1352 68 35 un
1302 1335 118 52 dieu
1455 1336 87 68 qui
1562 1336 221 51 tremble

306 1429 205 48 Avance
531 1430 46 47 et
605 1425 366 52 soutiens-moi
986 1427 54 64 je
1062 1429 216 62 regrette
1301 1427 74 49 les
1401 1425 169 51 mains

308 1518 72 48 De
398 1531 128 37 ceux
546 1517 89 66 qui
658 1517 73 49 les
752 1515 262 51 tendaient
1034 1519 48 47 et
1109 1515 337 51 m'adoraient
1472 1518 270 50 ensemble

305 1606 177 58 Quelle
502 1607 136 51 oasis
658 1607 64 49 de
742 1607 117 49 bras
887 1606 383 52 m'accueillera
1294 1606 208 50 demain

306 1696 304 51 Connais-tu
637 1700 130 48 cette
788 1696 106 66 joie
915 1697 63 50 de
996 1696 112 51 voir
1134 1697 91 50 des
1246 1697 188 50 choses
1456 1712 195 35 neuves

557 1810 35 47 0
614 1809 141 62 Voix,
771 1809 55 66 je
847 1809 143 65 parle
1006 1809 47 51 le
1074 1809 215 66 langage
1307 1809 65 49 de
1395 1809 46 49 la
1462 1824 109 34 mer

306 1902 59 49 Et
384 1902 128 49 dans
529 1900 47 50 le
595 1903 113 62 port
734 1900 47 50 la
802 1899 109 51 nuit
929 1900 73 50 les
1029 1899 265 51 dernières
1321 1902 239 48 tavernes

308 2022 97 52 Moi
433 2022 88 67 qui
538 2022 108 52 suis
668 2023 117 65 plus
806 2023 104 50 têtu
931 2039 102 49 que
1054 2039 103 34 non
1185 2022 200 65 l'hydre
1405 2022 63 50 de
1496 2022 164 51 Lerne

572 2115 67 48 La
659 2129 92 35 rue
770 2114 66 49 où
859 2116 188 62 nagent
1067 2128 112 35 mes
1201 2114 132 49 deux
1353 2112 168 50 mains

576 2206 109 49 Aux
713 2203 165 66 doigts
906 2203 187 50 subtils
1115 2201 235 52 fouillant
1377 2203 47 50 la
1442 2201 122 52 ville

581 2295 117 51 S'en
724 2310 64 35 va

794 2383 126 51 Mais
943 2382 89 67 qui
1051 2380 95 51 sait
1166 2380 43 51 si
1232 2380 207 51 demain

572 2476 70 49 La
657 2490 93 35 rue
776 2472 239 52 devenait
1037 2472 269 49 immobile

581 2564 92 59 Qui
703 2564 96 51 sait
818 2564 66 50 où
907 2562 154 51 serait
1087 2577 121 34 mon
1228 2561 209 50 chemin

577 2656 165 63 Songe
760 2669 101 52 que
887 2653 76 51 les
985 2651 235 52 chemins
1242 2652 64 50 de
1328 2652 72 50 fer

552 2749 179 48 Seront
757 2744 248 50 démodés
1037 2746 48 47 et
1115 2742 338 51 abandonnés
1476 2742 128 50 dans
1634 2758 99 49 peu
1761 2742 63 51 de
1844 2746 168 62 temps

567 2858 230 66 Regarde

562 2951 68 48 La
648 2945 213 53 victoire
883 2949 150 47 avant
1052 2949 109 47 tout
1188 2961 115 35 sera

552 3043 71 47 De
647 3038 119 51 bien
788 3037 110 51 voir
922 3052 65 36 au
1009 3036 105 52 loin

560 3130 60 49 Et
648 3128 64 51 de
738 3131 109 48 tout
865 3127 113 51 voir

564 3224 71 47 De
662 3220 118 65 près

568 3313 58 49 Et
663 3326 103 53 que
792 3313 109 48 tout

571 3403 81 50 Ait
671 3419 70 34 un
769 3418 119 35 nom
917 3417 235 35 nouveau

1387 3482 279 51 GUILLAUME
1693 3482 438 52 APOLLINAIRE.
