2537 3957
1267 311 29 45 6

270 436 245 52 sortaient
545 436 67 49 du
637 433 237 52 domaine
901 433 254 69 plastique
1181 448 133 53 pour
1334 436 169 47 entrer
1545 433 127 50 dans
1696 448 67 34 un
1791 428 332 70 symbolisme
2164 431 110 51 litté-

268 521 131 49 raire
422 521 127 49 dont
563 520 47 49 la
637 518 232 51 fantaisie
892 525 94 54 est,
1016 518 129 50 dans
1166 517 45 51 le
1240 517 241 51 domaine
1512 517 62 50 de
1615 517 47 50 la
1692 515 251 69 peinture,
1969 513 328 52 absolument

270 621 116 34 sans
412 605 195 50 valeur.

371 689 150 52 Aussi
550 689 137 59 bien,
718 687 76 51 s'il
822 691 76 47 est
925 686 207 52 difficile
1170 687 64 50 de
1260 691 206 46 trouver
1495 687 89 50 des
1623 701 209 54 moyens
1866 700 268 34 nouveaux
2167 683 130 51 dans

270 791 63 33 un
367 779 96 54 art,
498 774 34 48 il
571 774 129 49 n'est
736 772 257 51 méritoire
1015 788 100 52 que
1155 771 62 50 de
1239 771 72 51 les
1349 777 205 45 trouver
1585 788 220 50 propres
1842 771 23 48 à
1895 775 78 44 cet
2007 772 77 46 art
2115 772 48 46 et
2189 784 102 34 non

268 875 92 50 pas
388 859 128 50 dans
544 874 66 34 un
634 863 164 44 autre.

404 941 323 51 C'est-à-dire
756 958 98 51 que
891 940 72 51 les
991 956 211 53 moyens
1235 940 272 51 littéraires
1548 941 270 66 appliqués
1843 941 26 49 à
1895 940 48 48 la
1974 937 231 69 peinture
2230 939 67 64 (et

265 1026 109 51 vice
402 1028 160 64 versa)
596 1043 62 33 ne
689 1030 219 62 peuvent
939 1042 99 49 que
1066 1040 127 35 nous
1221 1025 199 50 donner
1451 1042 100 33 une
1583 1042 286 50 apparence
1908 1025 62 48 de
2007 1021 288 52 nouveauté

270 1109 146 51 facile
436 1115 48 45 et
508 1110 336 66 dangereuse.

405 1246 67 50 Le
516 1244 229 50 cubisme
771 1249 76 45 est
891 1260 68 33 un
987 1247 78 46 art
1108 1242 363 51 éminemment
1508 1242 254 69 plastique
1789 1260 12 43 ;
1836 1242 128 52 mais
2003 1260 66 32 un
2111 1247 78 45 art
2232 1244 62 50 de

265 1330 226 49 création
513 1334 49 45 et
587 1345 102 34 non
713 1329 62 49 de
797 1326 367 70 reproduction
1197 1343 66 34 ou
1297 1327 458 68 d'interprétation.

402 1414 66 50 Or
497 1430 99 51 que
635 1419 207 61 peut-on
879 1414 140 49 créer
1044 1429 61 33 en
1134 1412 235 68 peinture
1395 1411 40 52 si
1472 1429 55 33 ce
1555 1412 127 51 n'est
1724 1414 45 49 le
1802 1414 204 50 tableau
2025 1431 11 42 ;
2090 1419 48 45 et
2168 1419 130 45 cette

266 1499 225 49 création
521 1499 27 48 à
563 1498 147 49 l'aide
727 1498 61 49 de
808 1513 210 52 moyens
1034 1511 268 36 nouveaux
1320 1496 333 68 appropriés?
1681 1500 91 47 Les
1804 1498 244 67 premiers
2078 1498 221 67 peintres

263 1583 222 50 cubistes
507 1589 89 43 ont
623 1583 176 50 trouvé
816 1583 89 49 des
920 1598 212 52 moyens
1152 1598 214 51 propres
1391 1583 124 49 dont
1535 1598 59 34 ne
1612 1599 52 33 se
1692 1590 116 43 sont
1832 1600 87 50 pas
1947 1599 140 34 assez
2119 1584 146 66 préoc-

263 1668 155 64 cupés
439 1683 121 34 ceux
590 1666 86 68 qui
693 1671 90 45 ont
797 1665 203 51 marché
1027 1683 86 33 sur
1133 1665 137 51 leurs
1294 1670 181 46 traces.
1508 1665 207 51 Ceux-ci
1744 1674 89 42 ont
1849 1668 106 66 pris
1976 1666 322 68 l'apparence

265 1752 87 50 des
375 1768 196 33 œuvres
593 1752 110 63 déjà
727 1750 264 69 produites
1010 1759 48 42 et
1079 1750 61 51 ils
1167 1755 89 46 ont
1287 1750 89 51 fait
1401 1767 32 33 a
1462 1753 50 48 la
1536 1754 232 48 manière
1795 1768 119 34 avec
1937 1752 45 49 la
2009 1752 289 67 prétention

263 1837 62 48 de
346 1851 322 35 commencer
694 1851 131 50 pour
850 1835 110 50 leur
987 1849 186 52 propre
1194 1839 202 62 compte
1420 1851 65 33 un
1508 1842 76 42 art
1613 1851 253 35 nouveau.
1896 1835 35 50 11
1957 1842 75 44 est
2049 1842 165 61 temps
2236 1835 62 50 de

262 1920 103 50 s'en
383 1919 313 67 apercevoir,
723 1936 85 34 car
830 1936 66 34 on
916 1919 149 50 ferait
1090 1919 62 50 de
1170 1927 77 42 cet
1265 1923 78 46 art
1362 1919 222 67 profond
1602 1920 127 50 dont
1749 1937 65 33 on
1832 1923 78 47 n'a
1933 1938 59 32 su
2007 1920 109 51 voir
2136 1937 100 51 que
2251 1920 46 50 le

261 2004 111 50 côté
388 2003 287 69 superficiel
696 2019 66 33 un
792 2011 76 41 art
897 2003 306 67 superficiel.
1226 2004 129 48 Avec
1372 2009 129 45 cette
1537 2004 321 50 désastreuse
1886 2004 148 62 façon
2065 2004 234 66 déjuger

261 2103 66 36 on
345 2088 78 50 n'a
449 2106 63 33 vu
540 2087 426 67 qu'incohérence
993 2087 46 49 là
1060 2089 63 49 où
1154 2087 34 49 il
1225 2106 30 48 y
1282 2091 100 58 eut,
1416 2088 89 50 dès
1536 2087 46 51 le
1609 2088 158 50 début
1799 2089 183 59 même,
2023 2088 275 51 recherche

261 2174 62 49 de
362 2172 289 67 discipline.
694 2172 335 63 Aujourd'hui
1072 2187 131 52 pour
1225 2172 249 67 quelques
1523 2188 139 35 rares
1702 2173 108 50 élus
1838 2173 48 51 la
1927 2173 270 67 discipline
2224 2178 75 45 est

259 2256 186 52 établie
472 2263 48 43 et
544 2272 197 36 comme
778 2272 64 34 on
887 2256 81 49 n'a
995 2256 183 68 jamais
1221 2256 113 49 rêvé
1378 2256 120 49 d'un
1527 2262 76 44 art
1640 2256 151 61 froid,
1827 2257 396 67 mathématique
2250 2263 49 46 et

258 2341 382 68 antiplastique,
685 2342 331 67 uniquement
1062 2341 243 62 cérébral,
1354 2341 71 51 les
1466 2357 197 35 œuvres
1702 2342 150 67 qu'ils
1894 2357 129 36 nous
2065 2342 234 51 donnent

259 2426 307 49 s'adressent
591 2425 334 50 directement
955 2426 28 48 à
1014 2425 118 49 l'œil
1161 2431 48 44 et
1242 2441 98 33 aux
1373 2442 117 33 sens
1531 2426 87 49 des
1651 2433 258 42 amateurs
1937 2426 64 51 de
2039 2426 254 67 peinture.

395 2510 125 49 Mais
538 2525 127 52 pour
676 2510 160 49 aimer
854 2515 129 44 cette
1009 2510 233 67 peinture
1264 2510 36 48 il
1311 2508 108 51 faut
1439 2510 216 50 d'abord
1672 2511 341 66 comprendre
2040 2511 255 67 pourquoi

262 2600 274 61 sonaspect
552 2600 73 44 est
644 2594 262 50 tellement
916 2594 234 50 différent
1169 2595 62 49 de
1247 2594 130 50 celui
1394 2595 186 67 auquel
1597 2601 143 43 notre
1753 2595 538 51 œilétaitaccoutumé.

393 2680 66 48 Le
480 2677 91 51 but
595 2684 76 44 est
698 2676 233 52 différent
954 2695 13 42 ;
991 2677 72 51 les
1093 2694 209 51 moyens
1330 2677 207 51 doivent
1570 2679 142 49 l'être
1739 2679 136 50 aussi
1916 2685 48 43 et
1998 2679 46 49 le
2079 2679 215 50 résultat

261 2764 284 67 également
569 2781 10 33 :
605 2762 159 68 plaire
781 2779 64 33 au
866 2762 190 68 public,
1079 2779 54 33 ce
1150 2764 86 66 qui
1256 2779 111 34 sera
1388 2764 46 48 la
1452 2764 353 66 conséquence
1828 2764 67 49 du
1913 2764 231 59 résultat,
2167 2765 128 49 n'est

262 2848 189 68 qu'une
477 2846 177 51 affaire
673 2846 324 51 d'éducation
1024 2848 62 49 de
1108 2864 54 33 sa
1187 2853 132 61 part.

394 2964 188 68 Depuis
610 2964 47 51 la
676 2964 226 51 création
925 2964 62 50 de
1014 2967 48 47 la
1080 2964 316 68 perspective
1423 2981 198 34 comme
1650 2982 179 51 moyen
1856 2967 216 66 pictural
2098 2982 66 34 on
2190 2967 75 49 n'a-

258 3049 102 53 vait
383 3049 177 51 trouvé
581 3049 128 50 dans
741 3048 143 61 l'Art,
910 3048 106 51 rien
1035 3048 188 51 d'aussi
1247 3048 294 67 important.

394 3135 155 50 Notre
586 3135 199 66 époque
820 3138 74 46 est
927 3133 45 51 le
1010 3138 166 64 temps
1216 3135 66 49 où
1312 3135 98 50 l'on
1449 3151 25 33 a
1505 3137 176 50 trouvé
1721 3136 362 67 l'équivalence
2129 3136 62 49 de
2241 3152 54 35 ce

263 3235 183 52 moyen
473 3217 347 52 merveilleux.

400 3303 207 51 Comme
626 3302 49 50 la
694 3302 315 67 perspective
1030 3309 75 45 est
1127 3321 67 33 un
1225 3320 181 52 moyen
1442 3305 61 51 de
1524 3306 322 66 représenter
1867 3305 73 51 les
1966 3305 165 63 objets
2152 3305 139 51 selon

261 3389 110 50 leur
388 3404 284 52 apparence
694 3386 228 63 visuelle,
953 3387 32 50 il
1014 3406 29 50 y
1067 3405 27 33 a
1115 3389 127 50 dans
1270 3389 45 52 le
1336 3390 228 51 cubisme
1590 3391 70 50 les
1688 3406 211 51 moyens
1919 3390 63 49 de
2002 3391 292 50 construire

261 3475 45 49 le
325 3474 202 50 tableau
555 3489 63 34 en
635 3489 61 34 ne
715 3477 177 47 tenant
917 3480 202 61 compte
1142 3476 89 48 des
1253 3474 163 68 objets
1439 3493 98 49 que
1559 3491 198 35 comme
1783 3474 220 50 élément
2035 3480 48 44 et
2105 3490 103 36 non
2230 3491 64 33 au

261 3557 147 69 point
427 3559 64 51 de
519 3575 90 36 vue
634 3557 357 69 anecdotique.
