2537 3957
1259 236 47 42 16

532 421 343 94 Entre
974 419 409 93 autres
1487 417 450 93 choses
1995 439 23 63 :

1072 581 85 40 Les
1180 580 296 41 admirateurs
1507 578 57 42 du
1592 577 127 55 poète
1738 576 254 42 Guillaume
2018 573 274 54 Apollinaire

266 656 72 52 qui
356 658 100 37 sont
480 667 70 27 ses
578 653 111 40 amis
711 652 136 50 aussi,
877 649 125 54 après
1025 649 62 40 lui
1115 649 121 40 avoir
1266 648 131 41 offert
1430 660 62 29 un
1515 647 199 53 banquet
1742 645 109 41 dont
1877 656 56 28 on
1956 657 24 26 a
2001 655 125 28 assez
2150 639 144 42 rendu

265 726 187 50 compte,
473 734 49 28 se
560 720 255 41 réunissent
842 719 275 39 maintenant
1137 720 161 37 autour
1327 716 55 41 de
1410 729 49 27 sa
1495 715 137 52 table,
1653 727 57 28 au
1745 713 95 41 café
1873 712 55 40 de
1956 710 147 42 Flore.

381 790 60 42 Ce
477 793 99 37 sont
609 788 78 40 des
716 787 211 40 réunions
955 785 169 54 pleines
1157 785 53 40 de
1235 784 230 41 cordialité
1487 788 42 36 et
1559 783 52 40 de
1635 784 88 40 vie.
1764 780 117 43 C'est
1917 780 117 40 aussi
2079 778 41 40 la
2159 778 118 40 mani

266 859 213 41 festation
519 856 59 40 du
613 855 159 41 besoin
803 853 55 41 de
892 867 47 27 se
968 866 193 41 grouper
1197 866 87 41 que
1324 852 86 41 l'on
1442 854 101 38 sent
1569 852 108 39 chez
1717 854 101 37 tous
1856 861 112 28 ceux
2001 848 75 53 qui
2109 849 101 38 sont
2241 857 56 28 en

269 927 114 40 train
409 925 54 40 de
489 923 127 41 créer
632 922 102 42 l'art
753 924 154 40 vivant
926 922 344 53 d'aujourd'hui.

383 994 68 40 On
473 992 105 40 s'est
623 990 170 54 groupé
821 994 160 37 autour
1012 989 333 54 d'Apollinaire.
1384 988 63 42 Ce
1473 988 113 41 n'est
1622 1002 77 40 pas
1732 1001 60 28 un
1826 985 219 56 symbole,
2068 984 110 41 c'est
2209 996 88 28 une

270 1060 172 42 réalité.

1279 1114 16 15 ★

1248 1152 18 16 *
1318 1152 17 16 *

382 1202 62 40 La
470 1201 153 40 feuille
656 1201 75 54 qui
766 1213 56 27 ne
849 1199 200 52 transige
1080 1211 77 42 pas
1170 1199 106 40 s'est
1297 1199 113 40 mise
1427 1199 24 40 à
1477 1197 299 41 califourchon
1810 1210 76 27 sur
1921 1209 87 28 une
2032 1196 176 52 hampe.
2245 1194 53 40 Et

270 1270 65 40 les
353 1268 110 42 trois
484 1268 209 40 couleurs
713 1268 175 40 battent
903 1280 57 28 au
976 1270 107 37 vent
1103 1265 59 42 du
1184 1267 88 40 soir
1310 1265 110 42 dans
1446 1265 62 41 les
1535 1279 104 27 rues
1658 1265 52 40 de
1728 1266 137 40 Paris.
1891 1265 61 40 Là
1976 1277 58 27 on
2053 1276 57 27 ne
2131 1263 170 40 saurait

270 1338 122 40 avoir
409 1336 43 40 le
492 1335 208 41 moindre
733 1335 140 41 talent
903 1348 104 27 sans
1036 1347 59 28 un
1127 1334 91 52 œil,
1242 1347 59 28 un
1321 1334 118 52 bras,
1463 1347 60 27 un
1548 1335 107 52 petit
1679 1333 123 52 doigt
1827 1345 56 28 au
1914 1333 146 40 moins
2091 1330 133 41 laissé
2244 1343 55 27 au

272 1404 156 53 champ
455 1403 265 41 d'honneur.
748 1403 33 39 Y
802 1403 171 41 mourir
997 1402 105 40 c'est
1127 1401 217 42 atteindre
1368 1415 55 27 au
1441 1402 147 51 génie.

383 1472 122 41 Nous
522 1472 238 50 craignons
782 1470 85 42 fort
888 1471 162 53 qu'une
1074 1469 109 41 telle
1204 1470 127 50 façon
1351 1469 54 41 de
1425 1470 95 40 voir
1534 1482 56 28 ne
1609 1470 152 53 risque
1778 1468 56 41 de
1851 1468 139 41 mêler
2015 1481 60 28 un
2097 1479 84 42 peu
2199 1470 101 49 trop

272 1540 62 40 les
378 1552 174 39 genres.
602 1539 277 41 L'héroïsme
932 1538 208 40 militaire
1174 1542 44 36 et
1250 1537 41 41 le
1317 1537 143 41 talent
1499 1537 211 41 littéraire
1742 1541 101 36 sont
1876 1536 113 41 deux
2030 1535 271 41 excellentes

275 1606 186 54 qualités
509 1608 110 40 mais
660 1606 105 42 d'un
795 1606 252 42 ordre.tout
1083 1606 24 40 à
1148 1606 81 40 fait
1263 1604 222 42 différent.

389 1674 261 54 Cependant
681 1686 111 30 vous
840 1688 108 27 avez
989 1675 222 53 peut-être
1242 1675 166 51 raison,
1452 1672 25 42 à
1514 1686 133 28 cause
1678 1674 56 41 de
1778 1674 42 40 la
1851 1684 176 41 guerre.
2063 1670 35 42 Il
2129 1684 28 41 y
2189 1684 24 27 a
2241 1683 59 28 un

272 1742 144 52 grand
442 1741 155 41 devoir
621 1741 25 41 à
675 1742 200 54 remplir,
900 1743 240 40 Monsieur.
1171 1741 235 42 D'ailleurs
1437 1742 30 40 il
1501 1742 73 54 n'y
1602 1754 25 28 a
1651 1742 99 54 plus
1777 1741 54 41 de
1867 1742 200 40 cheveux
2189 1740 113 40 mais

272 1809 147 54 quelle
446 1809 155 41 barbe!

1281 1877 19 17 ★

1249 1916 18 16 *
1321 1916 17 16 *

383 1968 63 40 Le
470 1967 122 42 Petit
614 1968 235 55 Messager
872 1967 150 42 donne
1042 1981 59 27 un
1127 1968 225 52 fragment
1378 1968 132 42 d'une
1531 1967 129 41 étude
1681 1968 53 40 de
1760 1969 56 39 M.
1851 1968 192 40 Maurice
2070 1968 138 40 Denis
2229 1979 77 29 sur

279 2036 43 40 la
341 2036 216 53 peinture.

387 2103 35 40 Il
442 2116 29 40 y
496 2106 69 38 est
585 2105 208 52 question
814 2104 54 40 de
900 2104 220 41 cubisme.
1152 2105 75 51 Or,
1250 2105 55 39 M.
1330 2104 197 41 Maurice
1554 2104 134 40 Denis
1719 2116 54 28 ne
1799 2116 98 28 sera
1928 2116 103 28 sans
2062 2102 132 42 doute
2225 2114 80 42 pas

274 2170 128 41 fâché
430 2170 311 54 d'apprendre,
775 2175 123 37 entre
927 2176 151 37 autres
1107 2171 156 41 choses
1294 2185 75 27 sur
1400 2171 40 40 le
1478 2171 213 53 cubisme,
1719 2184 86 41 que
1838 2173 175 52 Braque
2041 2171 75 54 qui
2141 2174 82 48 est,
2250 2169 56 41 de

275 2251 51 27 ce
358 2242 303 49 mouvement,
690 2252 60 27 un
785 2239 78 41 des
892 2240 194 53 peintres
1114 2239 66 42 les
1207 2239 99 54 plus
1333 2240 264 53 importants
1628 2251 54 28 en
1707 2243 65 36 est
1796 2239 120 40 resté
1942 2239 120 41 aussi
2087 2238 43 40 le
2160 2239 145 39 moins

274 2304 258 42 théoricien.

1722 2375 66 41 LE
1821 2375 340 41 STÉNOGRAPHE.

373 3535 337 33 Directeur-Gérant
727 3546 11 23 :
760 3537 152 32 PIERRE
930 3537 208 32 REVERDY.
1462 3537 102 32 Paris.
1650 3538 81 39 Imp.
1756 3529 118 49 LEVÉ,
1895 3547 57 23 rue
1971 3540 39 30 de
2025 3539 146 36 Rennes,
2191 3539 50 33 71.

373 586 73 41 La
481 585 177 42 Faune
687 583 63 41 de
771 581 171 43 Flore.

437 2619 513 152 GAItERIE
1046 2614 310 137 PAUIi
1453 2619 691 152 GUILLAUME

744 2845 98 69 16,
879 2864 241 38 avenue
1162 2843 79 59 de
1281 2841 252 60 Villiers
1690 2841 169 60 Paris

358 3119 391 79 Œuvres
1328 3119 247 87 d'ANDRE
1576 3119 235 82 DERAIN

955 3297 767 87 SCULPTURES
1783 3297 465 89 NEGRES
