3535 4473
1780 152 58 52 56

428 284 247 52 Heutzutage
710 286 131 40 macht
868 298 42 27 er
936 285 209 41 Hunderte
1184 286 70 40 mit
1282 285 120 41 Hülfe
1446 286 184 52 gewisser
1656 286 92 39 Jour-

228 346 89 38 nale
346 346 80 38 und
454 345 130 40 einem
613 346 180 40 Dutzend
820 346 311 41 Renommisten.

1320 408 51 40 A.
1399 407 292 41 Schindler.

404 551 239 56 Tages-
673 552 138 43 und
842 551 746 57 Unterhaltungs-Blatt.

307 638 179 38 Köln«
515 637 71 39 Die
614 636 137 40 zweite
780 636 314 53 Wiederholung
1121 638 68 39 des
1555 650 62 26 am
1646 636 102 39 Sonn-

229 703 64 46 tag
320 710 83 28 war
430 703 68 45 gut
524 696 175 40 besucht.
798 698 149 40 Unsere
976 698 411 50 Opern-Gesellschaft
1413 698 99 38 wird
1540 709 75 28 uns
1644 709 63 26 am
1738 698 35 39 1.

231 760 112 39 März
371 760 206 44 verlassen,
604 770 69 27 um
703 758 87 39 eine
809 759 123 38 Reihe
959 771 76 26 von
1053 759 304 50 Vorstellungen
1385 759 41 38 in
1454 759 317 49 Antwerpen

230 832 48 26 zu
306 820 137 50 geben,
470 830 61 27 wo
560 818 63 40 die
651 818 110 40 Stadt
788 819 81 39 und
899 819 63 39 die
990 818 285 52 Eigenthümer
1305 819 68 39 des
1402 818 369 51 Theatergebäudes

230 882 172 37 anderen
430 877 274 42 Grundsätzen
746 880 100 39 über
872 879 303 51 Unterstützung
1222 880 70 39 der
1320 880 130 39 Kunst
1491 892 48 27 zu
1583 879 188 50 huldigen

230 941 198 46 scheinen,
457 940 55 39 als
540 939 41 40 in
609 940 121 38 Köln.

307 1002 74 38 Die
430 1001 109 39 recht
595 1000 151 39 hübsch
802 1000 402 51 zusammengestellte
1258 999 203 41 kölnische
1502 999 269 51 Local-Oper:

230 1101 8 14 ?
242 1061 319 47 ,Richraodis
591 1073 91 27 von
711 1061 87 38 der
824 1060 208 38 Aducht
1058 1061 104 37 und
1192 1061 88 38 der
1307 1060 359 52 Sängerkrieg
1694 1060 78 40 auf

228 1126 115 38 dem
386 1123 291 46 Neumarkt,
718 1134 90 27 vom
844 1122 292 51 Componisten,
1165 1122 69 39 der
1262 1124 76 38 den
1368 1124 100 38 Text
1495 1124 170 45 erdacht,
1693 1124 81 37 und

230 1187 91 38 dem
352 1186 172 46 Dichter,
566 1185 71 38 der
665 1183 63 40 die
756 1183 133 40 Musik
1172 1184 50 39 ist
1248 1197 74 26 von
1352 1184 324 39 Dilettanten
1704 1195 68 28 aus

228 1247 78 38 den
336 1247 263 50 geachtetsten
626 1244 173 40 Ständen
837 1244 96 38 zwei
961 1244 81 39 Mal
1079 1244 69 38 auf
1170 1245 88 39 dem
1289 1246 260 39 Stadttheater
1575 1258 48 26 zu
1651 1245 97 39 wohl-

228 1308 178 51 thätigen
433 1307 191 40 Zwecken
651 1305 64 40 bei
741 1305 251 40 überfülltem
1020 1305 136 39 Hause
1193 1306 70 39 mit
1289 1318 175 39 grossem
1493 1306 137 39 Beifall
1658 1319 92 38 gege-

230 1371 78 38 ben
336 1369 174 38 worden.

308 1486 74 40 Die
409 1484 198 40 Pianisten
635 1482 288 40 Schulhoff
945 1484 80 38 und
1053 1482 313 40 Rubinstein
1396 1482 85 40 sind
1511 1482 41 40 in
1580 1482 193 40 Berlin.

229 1548 51 39 H.
310 1559 92 26 von
431 1545 176 40 Bülow
647 1545 66 38 hat
752 1545 88 38 dort
879 1545 137 39 seinen
1056 1545 239 40 bleibenden
1322 1544 228 39 Aufenthalt
1590 1544 181 51 gewählt,

228 1608 188 40 zunächst
442 1609 56 38 als
527 1606 284 40 Ciavierlehrer
837 1618 64 27 am
929 1606 381 40 Marx-Stern'schen
1337 1606 316 40 Musik-Institut.

305 1731 238 34 99essaii.
571 1726 79 39 Am
682 1726 59 38 16.
770 1723 114 52 April
912 1722 163 52 beginnt
1104 1722 63 39 ein
1196 1734 123 27 neuer
1347 1721 149 40 Cursus
1524 1721 70 39 der
1621 1721 126 40 Musik-

230 1789 135 39 schule
393 1788 68 39 des
488 1788 133 38 Herrn
648 1787 83 40 Th.
760 1785 298 45 Schneider,
1087 1784 277 50 herzoglichen
1393 1782 377 47 Kammermusicus,

230 1851 163 39 Cantors
421 1849 82 39 und
532 1847 319 41 Chor-Directors
880 1858 51 26 an
971 1845 70 39 der
1068 1844 306 40 Schlosskirche.
1428 1845 80 37 Der
1552 1844 99 38 nach
1694 1844 75 38 den

228 1912 237 39 Lehrsätzen
494 1908 272 41 Friedrich
795 1906 328 40 Schneider's
1152 1905 176 40 erthcilte
1356 1905 260 40 theoretische
1634 1905 115 39 Unter-

228 1975 103 38 richt
357 1973 162 38 umfasst
545 1971 42 38 in
615 1970 128 38 einem
772 1967 265 51 dreijährigen
1066 1967 168 39 Cursus:
1263 1966 339 46 Harmonielehre,
1631 1966 112 38 Modu-

227 2036 133 45 lation,
405 2034 235 49 Rhythmus,
683 2030 377 49 Stimmenführung,
1098 2028 280 50 Contrapunkt,
1422 2027 347 51 Melodiebildung,

228 2097 189 38 Formen-
458 2093 81 39 und
581 2089 411 52 Compositionslehre,
1029 2089 297 49 Nachahmung,
1370 2088 210 50 doppelten
1609 2088 138 38 Contra-

226 2156 138 52 punkt,
392 2155 229 50 Fugenbau,
649 2151 383 45 Partitur-Studium,
1063 2149 463 40 Directions-Kenntniss.
1619 2150 150 39 Ausser

227 2218 274 51 festgestellten
530 2213 247 52 praktischen
806 2213 219 49 Uebungen
1054 2211 55 39 im
1137 2211 631 50 Instrumental-Zusammenspiel

226 2279 83 38 und
338 2277 194 50 Gesänge,
570 2288 42 26 so
649 2274 75 39 wie
753 2274 69 38 der
851 2272 258 51 Gelegenheit
1136 2285 69 25 zur
1232 2272 256 50 Mitwirkung
1515 2272 40 38 in
1583 2273 71 39 der
1682 2274 65 38 her-

228 2340 203 51 zoglichen
459 2337 242 50 Hofcapelle,
738 2335 131 38 bieten
897 2333 83 40 sich
1010 2333 89 39 dem
1127 2334 178 39 Musiker
1333 2333 187 40 vielfache
1547 2334 124 40 Mittel
1700 2347 69 25 zur

228 2401 266 49 Ausbildung.
602 2398 77 39 Das
706 2396 185 38 Honorar
919 2396 153 49 beträgt
1103 2395 168 51 jährlich
1300 2395 50 39 48
1380 2396 144 38 Thaler
1551 2395 40 38 in
1619 2396 133 38 viertel-

225 2463 221 51 jährlichen
475 2458 442 49 Vorausbezahlungen.
951 2456 77 39 Ein
1056 2455 284 40 ausführlicher
1367 2456 188 49 Prospect
1582 2457 98 38 über
1708 2456 62 39 die

228 2523 261 49 Einrichtung
518 2521 69 38 der
614 2519 266 40 Musikschule
908 2517 49 40 ist
983 2530 75 26 von
1087 2517 133 40 Herrn
1248 2517 74 39 Th.
1345 2517 217 39 Schneider
1588 2519 81 37 und
1695 2531 74 26 von

228 2587 71 37 der
327 2581 503 53 Verlags-Buchhandlung
868 2580 70 39 der
965 2579 156 39 Herren
1152 2578 209 40 Gebrüder
1388 2580 127 38 Katz
1551 2579 41 39 in
1620 2580 149 40 Dessau

228 2646 124 39 durch
381 2645 75 39 alle
484 2643 128 39 Buch-
640 2641 80 38 und
749 2639 490 51 Musicalienhandlungen
1268 2640 118 50 gratis
1415 2651 45 26 zu
1491 2639 201 41 beziehen.

309 2765 166 34 CJera.
505 2759 79 40 Das
613 2757 168 40 Concert
808 2757 67 37 des
912 2755 405 40 musicalischen
1357 2756 220 40 Vereins
1615 2768 62 27 am
1705 2756 64 40 24.

227 2824 148 40 Januar
393 2820 145 41 bewies
552 2818 249 51 neuerdings,
831 2817 73 39 wie
933 2817 128 38 dieser
1089 2817 146 38 Verein
1263 2817 188 47 fortfährt,
1479 2818 107 39 seine
1613 2819 133 38 lobens-

227 2883 176 40 werthen
447 2880 235 50 Principien,
722 2879 63 39 die
826 2879 41 38 in
908 2878 210 51 folgenden
1164 2878 482 51 anerkennungswerthen
1684 2879 83 39 drei

226 2945 183 40 Punkten
440 2942 184 44 wurzeln,
653 2952 47 26 zu
728 2940 210 51 verfolgen.

304 3006 173 39 Erstens.
520 3001 131 39 Durch
680 2999 280 40 classische
996 2999 172 40 Musik
1196 2999 64 40 die
1289 2999 479 53 Geschmacks-Richtung

228 3070 67 37 des
324 3065 230 40 Publicums
583 3075 45 26 zu
656 3062 129 38 heben
814 3062 81 38 und
924 3062 68 39 der
1014 3062 265 50 Verflachung
1308 3067 191 46 entgegen
1528 3075 47 26 zu
1606 3062 161 47 wirken,

228 3129 74 38 wie
329 3127 86 38 hier
443 3125 124 39 durch
597 3125 64 38 die
689 3123 258 50 Vorführung
975 3124 70 38 der
1074 3123 221 40 herrlichen
1325 3124 339 39 C-moZZ-Sinfonie
1693 3137 75 26 von

228 3188 310 44 Beethoven,
566 3190 113 34 unter
707 3185 70 38 der
806 3184 215 40 anerkannt
1049 3184 198 50 tüchtigen
1277 3184 167 50 Leitung
1474 3197 159 27 unseres
1662 3189 79 36 wür-

229 3250 114 50 digen
362 3247 311 51 Capeilmeisters
705 3246 63 39 W.
799 3245 247 40 Tschirch
1075 3245 81 39 und
1184 3246 307 39 lobenswerther
1510 3246 258 52 Ausführung

230 3311 123 38 durch
382 3310 68 38 das
478 3309 239 50 gutbesetzte
746 3307 211 40 Orchester
985 3307 179 39 bewährt
1192 3308 143 37 wurde.

306 3372 206 38 Zweitens.
560 3370 70 38 Die
660 3369 514 51 hervorragendsten
1202 3369 184 38 Werke
1431 3369 91 39 der
1550 3370 219 39 Neuzeit

231 3445 47 27 zu
308 3432 133 38 Gehör
468 3443 46 26 zu
544 3430 178 49 bringen.
768 3429 51 38 So
849 3429 135 38 wurde
1013 3429 97 45 „Die
1138 3429 139 38 Flucht
1304 3429 99 38 nach
1693 3442 73 26 von

228 3493 207 42 Berlioz
464 3504 87 27 zum
580 3496 128 36 ersten
739 3492 103 40 Male
870 3492 110 38 recht
1006 3492 194 49 gelungen
1229 3492 236 49 vorgeführt,
1502 3492 146 38 konnte
1676 3493 93 38 aber

229 3556 142 38 dessen
401 3553 230 51 ungeachtet
660 3553 141 39 keinen
830 3552 246 39 besonderen
1104 3552 135 39 Beifall
1269 3554 186 37 erhalten.
1507 3553 119 39 Diese
1655 3553 114 38 Com-

228 3615 171 51 Position
427 3615 68 37 soll
526 3613 61 39 die
614 3613 173 50 Sprache
814 3613 109 38 einer
951 3613 127 49 längst
1105 3624 270 39 vergangenen
1395 3613 85 39 Zeit
1506 3614 141 45 reden;
1677 3615 93 37 aber

231 3690 40 26 es
311 3677 95 38 fehlt
445 3675 62 39 ihr
549 3674 69 38 der
656 3674 266 39 erwärmende
951 3674 140 46 Strahl,
1138 3674 81 37 und
1260 3674 212 39 besonders
1512 3674 63 39 die
1613 3674 157 51 frostige

232 3739 220 39 Ouvertüre
490 3735 152 39 machte
679 3735 113 38 einen
836 3735 91 38 sehr
954 3734 264 51 ungünstigen
1247 3734 213 39 Eindruck.
1514 3735 80 38 Der
1635 3735 140 39 darauf

231 3799 180 50 folgende
440 3795 202 41 Abschied
673 3796 68 38 der
769 3794 153 47 Hirten,
965 3807 42 26 so
1045 3794 74 39 wie
1161 3794 64 39 die
1254 3794 114 39 Ruhe
1406 3795 70 39 der
1505 3794 167 51 heiligen
1700 3795 47 39 Fa-

232 3860 106 39 milie
365 3860 126 37 lassen
520 3856 191 39 zuweilen
739 3855 357 39 charakteristische
1117 3855 202 40 Momente
1346 3855 71 40 mit
1437 3855 221 52 poetischer
1679 3856 69 39 Fär-

231 3921 108 49 bung
368 3920 140 44 ahnen,
535 3918 104 39 ohne
662 3916 144 52 jedoch
834 3916 175 39 wirklich
1038 3929 48 26 zu
1114 3919 231 37 erwärmen.

311 3980 183 38 Drittens.
535 3979 135 38 Durch
698 3977 426 52 Herbeiziehung
1161 3977 225 40 fremder
1413 3978 249 39 Künstler
1702 3979 67 39 das

232 4041 208 40 Publicum
486 4040 238 39 anzuziehen
768 4039 83 38 und
891 4050 47 26 zu
978 4038 153 39 fesseln.
1186 4040 56 37 Zu
1283 4038 149 40 diesem
1461 4038 191 40 Concerte
1688 4052 81 26 war

233 4103 105 40 Herr
365 4101 361 41 Kammermusicus
752 4099 188 42 Belcke
968 4099 242 51 eingeladen,
1238 4100 70 39 der
1323 4100 124 40 durch
1465 4100 107 41 seine
1589 4100 154 41 Meister-

1862 284 124 40 schaft
2009 286 81 39 und
2118 287 302 43 bezaubernden
2448 291 207 41 Flötenton
2697 294 156 42 hinriss.
2906 297 114 42 Eben
3049 312 43 27 so
3121 302 148 40 ärntete
3297 302 106 41 Herr

1862 346 177 42 Toller
2081 360 68 28 aus
2177 350 222 54 Altenburg
2443 354 123 39 durch
2607 356 134 39 seinen
2770 359 188 48 weichen,
2996 362 247 52 klangvollen
3271 365 133 40 Tenor

1861 409 404 41 ausserordentlichen
2295 412 149 42 Beifall.
2498 414 117 52 Möge
2643 417 70 39 der
2740 418 150 41 Verein
2919 422 223 49 fortfahren,
3181 425 107 40 seine
3315 426 88 41 edle

1859 468 201 52 Richtung
2089 482 46 27 zu
2164 473 220 51 verfolgen;
2425 476 96 39 aller
2549 477 294 42 Kunstfreunde
2871 482 206 42 dankende
3104 485 300 53 Anerkennung

1860 529 99 40 wird
1988 529 81 40 ihm
2099 531 108 40 nicht
2235 533 142 41 fehlen.

1938 616 74 40 Die
2040 616 189 41 Pianistin
2258 620 97 40 Miss
2391 623 244 42 Arabella
2676 626 242 44 Goddard
2958 642 69 27 aus
3055 632 181 47 London,
3281 634 122 40 deren

1860 677 139 39 Talent
2025 678 73 39 wir
2125 679 142 40 bereits
2296 681 40 39 in
2365 695 168 29 unseren
2561 687 191 41 londoner
2771 690 207 40 Berichten
3008 692 99 39 über
3134 693 63 39 die
3213 693 190 42 Concerte

1860 738 68 38 des
1956 738 137 41 kölner
2119 740 501 55 Männergesang-Vereins
2657 749 40 39 in
2724 750 182 51 England
2949 752 194 40 rühmend
3187 755 217 39 anerkannt

1860 799 141 46 haben,
2044 803 126 37 ärntet
2211 804 70 38 auf
2316 805 106 40 ihrer
2457 811 315 52 gegenwärtigen
2802 814 230 39 Kunstreise
3060 815 124 39 durch
3214 816 167 38 Deutsch-

1860 857 90 40 land
1980 861 150 40 überall
2160 865 347 50 ausgezeichneten
2536 870 148 48 Beifall,
2726 886 32 25 z.
2787 873 44 40 B.
2867 873 42 40 in
2944 875 198 52 Stuttgart,
3182 876 222 51 Hamburg,

1860 919 159 54 Leipzig
2048 935 35 27 u.
2112 936 29 27 s.
2170 937 48 27 w.

1938 1012 74 39 Die
2055 1013 291 43 Ouvertüre
2387 1031 47 27 zu
2476 1020 185 39 Macbeth
2703 1034 74 27 von
2819 1022 42 40 C.
2904 1023 194 42 Müller
3142 1026 42 39 in
3224 1026 180 40 Münster

1861 1073 269 53 (Manuscript)
2167 1077 48 39 ist
2255 1078 40 39 in
2333 1080 89 39 dem
2451 1082 178 38 zwölften
2661 1082 486 45 Gewandhaus-Concerte
3176 1088 40 39 in
3243 1089 160 51 Leipzig

1861 1133 70 39 mit
1959 1134 136 41 Beifall
2125 1138 222 50 aufgeführt
2374 1142 174 39 worden.

1938 1239 302 54 Mcyerbeer
2274 1244 48 40 ist
2363 1246 40 39 in
2431 1248 243 47 Dresden,
2719 1263 66 28 um
2812 1251 64 40 die
2904 1252 158 41 Proben
3091 1254 128 40 seines
3248 1256 124 40 Nord-

1862 1305 179 44 sterns,
2070 1304 169 40 welcher
2265 1306 89 40 dort
2382 1310 193 49 aufgehen
2603 1312 85 46 soll,
2715 1326 47 25 zu
2790 1313 131 41 leiten.

1941 1408 295 51 Capellmeister
2263 1411 303 50 Kalliwoda,
2611 1416 70 39 der
2709 1418 81 38 sich
2815 1419 94 51 jetzt
2935 1420 39 38 in
3005 1421 286 41 Karlsruhe
3320 1426 61 37 auf-

1863 1468 92 49 hält,
1982 1469 67 39 hat
2075 1481 88 28 vom
2192 1471 182 53 Herzoge
2403 1487 75 27 von
2505 1475 192 41 Dessau
2735 1479 76 38 den
2841 1480 326 42 Anhaltinischen
3196 1483 180 41 Haus-Or-

1863 1529 75 40 den
1966 1531 221 40 Albrecht's
2215 1534 68 39 des
2311 1536 128 39 Bären
2470 1538 187 39 erhalten.

1940 1652 183 37 3*AFfig»
2157 1652 73 40 Die
2258 1653 71 39 mit
2356 1666 43 27 so
2426 1654 139 40 vielem
2595 1656 126 51 Pomp
2751 1658 317 53 angekündigten
3095 1661 306 54 Aufführungen

1862 1721 75 28 von
1966 1711 52 39 H.
2046 1711 218 41 Berlioz'
2305 1715 173 47 Enfance
2504 1718 50 36 du
2583 1719 124 36 Christ
2747 1719 52 40 im
2830 1720 168 41 Theater
3036 1722 70 39 der
3133 1723 269 41 italiänischen

1863 1770 108 52 Oper
1999 1774 157 39 werden
2185 1775 106 38 nicht
2319 1776 96 39 Statt
2442 1778 145 39 finden.
2615 1779 45 38 In
2690 1779 127 41 einem
2848 1781 553 53 Wohlthätigkeits-Concerte

1861 1832 49 39 ist
1934 1833 142 51 jedoch
2106 1835 107 39 diese
2490 1851 88 27 zum
2608 1840 141 40 dritten
2778 1842 103 40 Male
2910 1844 220 51 aufgeführt
3158 1846 174 39 worden.

1940 1953 334 44 Stpassfturg-,
2315 1951 74 41 Die
2416 1952 137 39 innere
2580 1954 257 52 Ausstattung
2864 1968 162 29 unseres
3055 1958 322 42 Theater-Gebäu-

1863 2009 68 39 des
1959 2010 49 39 ist
2036 2022 81 27 nun
2147 2012 214 46 vollendet;
2405 2013 76 38 den
2510 2013 257 40 Schlussstein
2796 2016 205 41 derselben
3029 2019 146 39 bildete
3202 2020 87 40 eine
3318 2021 56 40 Or-

1861 2071 91 50 gel,
1981 2070 230 40 Grundbass
2239 2072 53 39 im
2321 2074 120 38 Pedal
2471 2075 347 51 sechszehnfüssig,
2846 2077 53 39 im
2916 2078 160 40 Ganzen
3104 2092 76 27 von
3210 2079 49 42 16
3286 2082 92 39 Stim-

1860 2142 104 28 men.
1992 2133 78 39 Das
2099 2131 210 41 Orchester
2336 2133 48 40 ist
2411 2140 79 45 gut,
2531 2136 95 38 aber
2665 2136 70 39 mit
2762 2138 90 38 dem
2881 2138 341 51 Opern-Personal
3252 2142 80 40 will
3360 2156 41 27 es

1860 2192 108 40 nicht
1996 2193 109 39 recht
2131 2194 196 50 gelingen.
2382 2196 80 38 Für
2501 2197 64 39 die
2594 2197 357 42 Sommer-Monate
2992 2203 160 38 werden
3195 2203 72 40 wir
3309 2204 91 40 dem

1860 2253 254 40 Vernehmen
2140 2255 99 39 nach
2269 2255 62 39 die
2361 2256 184 40 deutsche
2568 2257 107 51 Oper
2693 2259 68 39 des
2787 2260 133 40 Herrn
2936 2262 197 40 Direktors
3162 2264 42 39 F.
3233 2265 168 40 Röder

1860 2325 70 27 aus
1958 2315 132 39 Köln
2118 2315 86 39 hier
2231 2316 142 46 haben,
2401 2319 153 37 worauf
2576 2319 81 39 sich
2679 2321 62 38 die
2763 2321 248 40 zahlreichen
3032 2324 194 46 Freunde,
3253 2326 148 38 welche

1862 2376 64 39 die
1954 2376 185 39 deutsche
2168 2376 132 40 Musik
2330 2378 84 39 hier
2442 2379 113 45 zählt,
2583 2380 91 39 sehr
2700 2382 149 40 freuen.

2049 3565 51 33 1»
2107 3566 50 32 ie
2189 3565 522 36 JWiedearrlieinisclie
2739 3567 452 46 Müsllt-Zeitung*

1858 3615 196 35 erscheint
2075 3615 116 45 jeden
2220 3615 179 47 Samstag
2426 3617 41 33 in
2504 3618 236 34 mindestens
2778 3619 125 33 einem
2937 3631 151 34 ganzen
3125 3621 151 47 Bogen;
3327 3623 54 35 all-

1862 3667 212 35 monatlich
2101 3667 96 35 wird
2222 3667 62 35 ihr
2312 3668 61 34 ein
2399 3669 326 35 Literatur-Blatt
2752 3669 250 47 beigegeben.
3109 3673 80 35 Der
3215 3674 156 35 Abonne-

1860 3720 229 45 mentspreis
2116 3719 157 47 beträgt
2288 3721 62 33 für
2372 3720 67 35 das
2455 3721 195 44 Halbjahr
2681 3724 18 30 2
2719 3721 119 44 Thlr.,
2865 3722 64 36 bei
2953 3723 73 35 den
3052 3725 47 34 K.
3119 3737 149 33 preuss.
3285 3726 113 35 Post-

1862 3772 207 34 Anstalten
2098 3775 18 31 2
2135 3771 105 34 Thlr.
2270 3773 22 33 5
2314 3770 86 49 Sgr.
2426 3773 97 35 Eine
2551 3772 177 35 einzelne
2742 3773 184 37 Nummer
2947 3779 23 31 4
2989 3775 84 48 Sgr.
3102 3777 296 48 Einrückungs-

1861 3823 209 36 Gebühren
2098 3835 68 34 per
2192 3824 204 35 Petitzeile
2426 3828 19 32 2
2478 3825 84 46 Sgr.

1910 3876 126 35 Briefe
2062 3875 80 35 und
2170 3876 284 48 Zusendungen
2484 3878 96 34 aller
2615 3876 74 35 Art
2716 3878 154 35 werden
2893 3883 115 31 unter
3042 3880 68 36 der
3135 3881 169 36 Adresse
3332 3881 66 37 der

1859 3927 53 36 M.
1939 3927 557 48 DuMont-Schauberg'schen
2523 3928 316 49 Buchhandlung
2872 3932 42 33 in
2940 3932 103 34 Köln
3072 3932 169 36 erbeten.

1869 3978 134 16 ymiiiüiwa——awuw
2007 3978 60 8 imawiM
2338 3981 13 7 w
2584 3979 494 12 iTüwrrn——r«iin—■—mMMj——Jl—um—

1976 3997 368 39 u
2370 3998 299 49 Herausgeber:
2704 3999 103 39 Prof.
2835 4001 44 38 L.
2905 3995 243 45 Bischöffln
3175 4002 118 39 Köln.

1926 4048 210 53 Verleger:
2163 4049 54 39 M.
2246 4050 525 50 DuMont-Schauberg'sche
2799 4052 315 51 Buchhandlung
3142 4052 42 40 in
3210 4054 119 40 Köln.

1902 4101 197 41 Drucker:
2126 4102 55 40 M.
2210 4102 424 50 DuMont-Schauberg
2661 4102 41 40 in
2730 4103 118 49 Köln,
2876 4104 251 41 Breitstrasse
3157 4106 48 39 76
3234 4118 38 28 u.
3301 4107 62 40 78.

2327 2523 580 59 liikitndigungen

1941 2655 48 35 So
2019 2655 84 35 eben
2133 2656 162 36 erschien
2321 2658 51 33 im
2408 2657 149 49 Verlage
2583 2672 70 24 von
2689 2660 53 38 W.
2771 2661 293 37 Damköhler
3090 2665 40 35 in
3158 2665 151 37 Berlin:

1862 2707 174 45 Kirms,
2082 2709 133 35 Ferd.
2260 2709 181 47 (erblind.
2472 2712 162 47 Comp.),
2684 2713 324 49 Vierundzwanzig
3045 2717 154 36 Studien
3235 2720 69 44 für
3340 2721 59 35 die

2181 2761 149 36 Violine.
2359 2763 85 45 Heft
2544 2764 62 46 11.,
2637 2768 23 31 ä
2690 2765 103 45 121/%
2823 2766 81 47 Sgr.
2936 2768 205 47 QNachlass
3170 2771 66 35 Nr.
3266 2771 51 47 I.)

2096 2814 197 35 Reiterlied
2328 2816 68 44 für
2421 2815 24 33 2
2474 2817 114 36 Bässe
2624 2818 78 35 und
2729 2817 118 36 Piano
2847 2820 97 44 forte
2980 2820 203 47 (Nachlass
3211 2824 67 36 Nr.
3307 2824 90 46 II.).

2179 2866 105 35 Preis
2310 2869 22 32 5
2366 2869 78 45 Sgr.

2094 2918 95 36 Acht
2216 2919 129 35 Lieder
2369 2922 65 43 für
2461 2923 77 33 eine
2569 2923 88 45 Sing
2660 2924 138 34 stimme
2825 2924 65 34 mit
2917 2924 227 47 Pianoforte.
3182 2927 85 46 Heft
3295 2928 34 37 I.
3359 2930 39 34 2.

2174 2973 23 33 ä
2224 2971 52 35 20
2305 2973 79 45 Sgr.

2095 3023 311 37 Beatrice-Polka
2430 3027 67 44 für
2526 3026 65 35 das
2620 3027 230 45 Pianoforte.

2099 3076 318 36 Eudoxia-Polka
2439 3079 66 44 für
2532 3079 67 34 das
2627 3079 224 46 Pianoforte.

2093 3128 331 37 Ludmilla-Polka
2448 3131 68 44 für
2542 3132 66 34 das
2636 3131 229 46 Pianoforte.

2172 3180 203 47 (Nachlass
2403 3182 65 38 Nr.
2497 3182 67 37 IV.
2607 3184 34 35 V.
2681 3184 82 46 VI.)
2794 3188 24 32 ä
2845 3187 22 33 5
2899 3185 79 46 Sgr.

2031 3235 22 44 (
2055 3234 7 11 r
2063 3233 46 34 Lu
2137 3234 164 35 beziehen
2330 3234 116 35 durch
2474 3236 70 35 alle
2575 3236 125 35 Buch-
2727 3238 78 34 und
2831 3238 403 48 Musikhandlungen.)

1909 3323 83 35 Alle
2015 3325 42 33 in
2085 3324 118 34 dieser
2229 3325 306 47 M-usih-Zeitung
2574 3327 269 48 besprochenen
2879 3330 79 33 und
2992 3331 292 47 angekündigten
3311 3335 88 35 Mu~

1856 3376 157 35 sicalien
2037 3383 66 27 etc.
2131 3377 87 34 sind
2244 3390 46 22 zu
2316 3379 165 34 erhalten
2507 3381 40 32 in
2575 3379 64 35 der
2665 3387 86 29 stets
2775 3382 222 46 vollständig
3033 3385 217 34 assortirten
3277 3386 122 37 Musi-

1857 3429 347 46 caUen-Handlung
2238 3431 100 35 nebst
2375 3431 231 36 Leihanstalt
2644 3445 72 23 von
2758 3433 292 36 BERNHARD
3095 3436 217 37 BREUER
3358 3441 40 34 in

1860 3482 138 36 Köln,
2027 3482 242 35 Hochstrasse
2295 3484 66 34 Nr.
2390 3483 62 35 97.
