3078 4036
127 3953 45 23 110

360 87 38 28 ist
426 84 199 33 naturgemäß
665 84 76 28 auch
781 83 220 29 umzudrehen:

118 139 82 34 „Alle
217 136 164 30 räumliche
398 134 194 33 Vorstellung
610 134 79 28 kann
708 141 55 21 uns
782 134 62 27 erst
863 132 43 28 als
925 131 58 29 Aus-

120 186 172 30 drucksbild
315 194 53 20 zur
391 185 207 31 Erscheinung
797 183 106 28 womit
925 181 78 28 denn

120 238 52 27 der
193 236 123 32 Vorzug
338 235 53 28 der
412 234 186 29 räumlichen
618 232 194 32 Vorstellung
833 240 56 20 vor
912 230 74 28 ande-

118 294 54 21 ren
195 285 202 32 psychischen
419 284 231 31 Komponenten
670 284 42 26 im
734 281 185 32 Kunstwerk
942 280 62 28 hin*

118 336 81 31 fällig
223 334 85 29 wird.
351 334 84 29 Auch
460 334 47 28 die
531 334 40 27 im
593 332 107 30 Kreise
724 330 203 30 Hildebrands
951 329 36 30 be-

118 386 90 28 liebte
231 384 264 31 Unterscheidung
518 391 61 20 von
604 382 113 33 Raum-
740 382 60 29 und
824 381 162 28 Funktions-

118 438 118 26 werten
256 435 76 28 wird
352 434 64 29 sich
436 433 135 28 dadurch
592 433 69 28 bald
680 432 203 33 verwischen,
903 430 101 29 indem

120 486 52 28 der
197 485 96 32 Raum
317 484 46 28 für
387 484 47 28 die
458 482 190 30 einfühlende
672 482 203 32 Empfindung
899 480 88 34 „funk-

259 543 37 19 zu
319 533 149 32 sprechen
491 533 124 31 anfängt
638 533 60 27 und
721 531 51 29 auf
794 531 83 28 diese
900 529 104 29 Weise

120 587 61 26 erst
202 585 64 28 sein
287 583 237 30 künstlerisches
543 583 104 29 Leben
670 583 103 33 erhält,
797 581 54 28 das
873 581 61 28 ihm
957 580 47 29 die

118 634 266 29 stereometrische
411 633 210 29 Abstraktheit
648 634 47 27 nie
722 631 166 33 gewähren
915 630 88 28 kann.

174 701 61 28 Der
257 700 97 33 Raum
376 701 38 28 ist
437 700 63 29 also
523 701 97 28 nichts
643 700 129 27 anderes
795 698 43 28 als
860 698 53 28 der
936 696 68 29 bloß

119 750 165 29 materielle
311 749 117 33 Träger
458 750 52 29 der
541 749 200 32 Architektur,
770 748 74 28 über
874 747 58 28 den
960 747 45 28 sie

119 801 64 28 sich
205 801 163 31 psychisch
393 801 174 32 ausbreitet,
592 807 98 25 genau
715 806 44 26 so,
783 797 60 29 wie
868 797 48 28 die
941 796 65 29 Zeit

120 851 57 28 den
204 851 184 31 physischen
415 850 116 32 Träger
558 850 46 27 für
633 849 47 28 die
706 848 101 28 Musik
836 847 112 33 abgibt,
976 848 30 26 in

120 901 68 28 dem
207 901 43 28 sie
269 900 84 29 ihren
370 900 240 29 künstlerischen
628 897 126 30 Verlauf
772 898 114 28 nimmt.
924 896 81 30 Aber

118 952 59 27 wie
197 959 32 20 es
246 952 81 27 einer
344 950 180 29 Bachschen
540 949 83 32 Fuge
642 949 47 27 die
707 948 196 31 Kunstwerte
923 948 81 27 einer

119 1001 124 28 solchen
261 1000 101 29 Musik
382 1000 194 33 herzuleiten,
598 999 218 31 ebensowenig
836 999 171 30 vermögen

120 1051 47 29 die
195 1050 308 34 „raumästhetischen
734 1048 53 28 der
816 1048 171 32 experimen-

120 1101 89 28 tellen
231 1100 202 32 Psychologie
458 1100 57 28 den
538 1099 73 29 Sinn
634 1099 53 29 des
711 1098 161 29 bildenden
895 1096 93 32 Kunst-

120 1150 121 29 werkes
263 1159 47 19 am
330 1150 169 32 wenigsten
518 1158 37 19 zu
577 1149 119 29 treffen.
735 1149 63 28 Das
821 1148 136 32 Geistige
978 1148 29 27 in

120 1201 53 28 der
195 1200 96 30 Kunst
312 1200 78 28 wird
413 1199 94 29 durch
531 1200 136 31 einseitig
689 1198 235 29 formalistische
946 1197 40 28 Na-

120 1249 264 30 turwissenschaft
416 1249 251 32 unterschlagen.-
729 1248 85 29 Auch
832 1248 88 41 fliegt
951 1256 55 24 gar

119 1300 87 29 keine
224 1302 103 28 innere
346 1300 152 33 Nötigung
517 1308 66 25 vor,
604 1300 58 28 den
682 1299 187 29 materiellen
889 1298 117 33 Träger

119 1350 53 29 des
197 1350 210 33 Kunstwerks,
434 1350 57 28 den
517 1349 97 33 Raum
640 1357 69 20 zum
733 1349 132 32 Beispiel
891 1349 28 27 in
944 1348 47 28 die-

119 1408 65 20 sem
207 1399 90 30 Maße
322 1400 160 32 empirisch
506 1408 37 20 zu
567 1399 165 34 begreifen,
757 1408 49 19 um
830 1401 64 27 sein
919 1399 74 28 seeli-

119 1450 89 29 sches
228 1449 136 30 Erlebnis
383 1450 171 32 persönlich
575 1449 233 30 mitzumachen.
847 1449 73 34 Das,
940 1456 67 21 was

119 1509 61 19 von
209 1500 57 29 den
296 1500 295 34 Raumätshetikern,
618 1500 250 33 verhängnisvoll
897 1508 109 25 genug,

118 1550 206 29 verwechselt
346 1550 86 34 wird,
454 1552 38 28 ist
513 1550 47 29 die
581 1550 222 30 künstlerische
826 1550 181 29 Erkenntnis

120 1601 59 28 und
205 1601 54 28 das
285 1601 180 32 empirische
491 1601 278 33 Rekognoszieren,
796 1601 131 29 Zwecke
954 1601 53 29 der

120 1652 157 27 intuitiven
294 1651 205 33 Anschauung
515 1652 61 28 und
593 1651 131 30 Zwecke
741 1652 54 29 des
812 1651 196 33 praktischen

120 1700 327 30 Sichzurechtfindens.
463 1702 40 28 Es
518 1703 39 28 ist
572 1702 47 28 für
636 1702 58 28 den
711 1702 297 29 architektonischen

122 1750 104 30 Genuß
248 1751 197 33 letzterdings
468 1752 130 34 einerlei,
619 1752 39 28 ob
680 1760 70 20 man
772 1752 64 29 sich
858 1753 29 27 in
910 1754 96 26 einem

120 1801 181 28 Innenraum
325 1801 54 29 des
403 1803 213 28 romanischen
640 1803 201 31 gebundenen
866 1801 142 33 Systems

122 1851 53 29 des
198 1851 322 32 Hauptverhältnisses
544 1861 62 20 von
633 1853 66 28 1:2
722 1853 138 29 wirklich
884 1853 125 28 bewußt

121 1902 86 33 wird,
237 1910 90 20 wenn
355 1903 97 28 einem
480 1911 56 20 nur
566 1903 47 28 die
644 1903 212 32 eigentümlich
885 1905 124 30 strenge

120 1951 188 30 Einfachheit
338 1952 99 29 dieser
466 1954 60 27 wie
565 1952 246 30 nebeneinander
850 1954 160 31 gesetzten

122 2001 165 33 Orgeltöne
304 2003 180 29 wirkenden
503 2003 293 33 Gesamtstimmung
815 2003 195 29 anschaulich

122 2051 212 33 aufgegangen
357 2053 47 28 ist.
446 2052 68 29 Und
539 2053 113 28 ebenso
677 2055 38 27 ist
739 2053 54 28 der
818 2052 191 32 Kunstinhalt

122 2102 53 29 des
194 2102 210 32 griechischen
423 2103 141 32 Tempels
583 2104 83 28 nicht
683 2105 30 26 in
733 2104 53 28 der
807 2103 202 32 empirischen

121 2151 352 34 Zusammenbeziehung
499 2153 72 29 aller
598 2153 245 32 geometrischen
868 2154 141 28 Gesamt-

120 2202 60 28 und
201 2201 200 35 Einzelmaße,
423 2203 69 29 dem
513 2203 223 33 Steckenpferd
758 2204 53 28 der
833 2203 157 29 Bauarchä-

121 2252 107 34 ologie,
247 2262 38 19 zu
304 2253 124 33 suchen,
449 2253 43 29 als
511 2254 147 29 vielmehr
679 2255 29 28 in
726 2254 53 29 der
801 2255 208 31 eigenartigen

120 2302 94 31 Kühle
235 2303 60 28 und
317 2303 173 29 erhabenen
512 2304 110 33 Größe,
644 2304 48 29 die
714 2304 83 29 diese
819 2303 190 30 weißdurch*

119 2352 180 30 leuchtende
322 2352 108 30 Antike
452 2356 160 27 ausatmet.

175 2417 124 31 Endlich
326 2420 78 28 wird
431 2420 64 30 sich
533 2422 66 28 eine
635 2421 235 29 verinnerlichte
898 2421 93 32 Kunst-

120 2467 202 35 betrachtung
344 2471 78 28 auch
444 2471 71 29 bald
539 2471 101 29 davon
663 2472 205 34 überzeugen,
891 2472 118 29 welche

120 2518 223 31 interessanten
369 2519 93 34 Reize
488 2521 62 29 und
576 2522 202 29 künstlerisch
805 2522 100 29 feinen
933 2522 57 29 Sen-

120 2570 139 28 sationen
275 2570 114 32 gerade
407 2571 73 30 das
498 2572 346 30 räumlichnicht
863 2572 122 30 durch-

121 2619 201 32 geklärte
347 2621 60 29 und
433 2622 29 28 in
487 2624 105 28 seinen
619 2623 141 29 Grenzen
785 2622 224 30 Unbestimmte

121 2669 61 29 und
209 2669 291 32 Verschwommene
527 2681 37 20 zu
593 2673 137 29 schaffen
768 2673 151 29 imstande
956 2674 51 28 ist:

121 2719 113 30 hierfür
255 2721 102 29 lassen
378 2722 64 29 sich
465 2731 53 20 aus
541 2723 69 29 dem
633 2723 202 30 achtzehnten
858 2723 133 29 Jahrhun-

122 2770 67 30 dert
215 2771 48 29 die
288 2770 150 33 Beispiele
463 2772 111 34 finden,
600 2773 124 34 Werke,
752 2773 47 29 die
826 2773 77 29 auch
931 2773 78 29 ohne

122 2820 47 29 die
192 2821 214 29 mechanische
430 2822 228 33 Erleichterung
679 2824 47 28 für
752 2824 66 34 „die
844 2824 165 29 räumliche

122 2870 186 34 Auffassung
336 2872 95 28 durch
461 2873 56 29 das
679 2874 77 28 doch
785 2874 85 29 ihren
901 2875 108 28 echten

120 2920 201 33 Kunstgehalt
344 2922 61 28 und
430 2923 63 28 ihre
518 2923 104 30 innere
645 2923 86 30 Tiefe
754 2924 147 29 besitzen.
945 2924 64 30 Das

121 2970 124 30 Brutale
264 2972 54 28 der
336 2972 232 33 Raumästhetik
587 2973 121 30 besteht
726 2975 29 31 ja
772 2975 94 34 darin,
887 2975 58 28 daß
966 2977 43 27 sie

123 3021 55 28 alle
206 3021 231 33 maßgebenden
464 3022 232 33 Komponenten
724 3024 54 30 des
807 3024 202 32 Kunstwerks

122 3071 111 29 mittels
265 3073 81 28 eines
378 3073 69 29 sehr
487 3073 256 29 oberflächlichen
784 3074 225 30 Sensualismus

122 3122 28 26 in
165 3122 47 27 ein
228 3121 165 33 bequemes
410 3123 132 29 Schema
558 3133 37 19 zu
612 3126 141 30 zwingen
771 3125 95 33 sucht,
885 3125 54 29 das
957 3134 35 19 ex-

122 3171 73 31 preß
217 3171 77 29 dazu
317 3172 146 29 erfunden
484 3182 38 19 zu
543 3175 65 28 sein
630 3174 125 34 scheint,
778 3174 57 29 den
856 3174 75 29 über
955 3175 54 28 das

122 3221 125 29 sinnlich
263 3222 137 29 Faßbare
417 3223 53 29 der
486 3223 98 31 Kunst
599 3224 281 32 hinausfliegenden
896 3224 114 30 Genius

122 3279 38 19 zu
176 3271 192 30 eliminieren.
403 3273 95 29 Allein
514 3274 126 29 niemals
656 3274 172 32 begründet
844 3274 64 30 sich
922 3274 88 30 Wert

124 3321 73 28 oder
216 3321 127 30 Unwert
363 3324 82 28 eines
462 3323 201 31 Kunstwerks
682 3327 29 27 in
732 3327 99 27 seiner
852 3325 157 29 einfachen

123 3371 164 29 sinnlichen
310 3371 283 32 Verständlichkeit.

179 3428 84 29 Auch
292 3429 29 28 in
351 3429 53 29 der
435 3429 158 32 Baukunst
621 3432 70 28 muß
723 3433 63 28 sich
817 3434 106 27 immer
955 3432 54 29 das

123 3479 147 28 materiell
298 3479 163 32 Gegebene
491 3480 53 29 des
572 3483 181 30 quantitativ
781 3481 228 33 ausgedehnten

124 3526 132 34 Raumes
284 3528 43 29 als
355 3529 220 30 künstlerische
601 3531 150 32 Wirkung
778 3534 29 26 in
835 3534 47 27 ein
910 3532 84 32 Allge-

124 3577 158 35 meineres,
310 3578 294 35 Ueberräumliches,
642 3582 181 30 quantitativ
859 3581 130 29 Unräum-

124 3626 93 29 liches
245 3629 216 32 vergeistigen.
510 3629 62 28 Der
602 3629 106 35 Raum,
738 3633 61 27 wie
828 3631 49 28 ihn
907 3631 86 28 Hilde-

124 3675 96 29 brand
243 3680 100 31 meint,
367 3679 79 29 stellt
468 3687 55 20 nur
548 3679 55 29 das
626 3681 223 29 rohmaterielle
871 3681 138 29 Stadium

125 3725 53 29 der
195 3726 230 36 Vorbereitung,
444 3729 73 29 aber
534 3730 87 28 keine
639 3729 189 34 Vollendung
847 3732 63 28 dar.
946 3732 64 29 Das

126 3775 204 35 absichtliche,
369 3779 176 28 technische
574 3778 98 29 Mittel
712 3781 53 28 der
796 3780 194 33 Raumgestal-

125 3827 73 31 tung
214 3826 117 32 schlägt
346 3828 170 29 schließlich
533 3830 29 26 in
580 3830 46 27 ein
643 3829 254 30 unabsichtliches
915 3830 80 30 Seeli-

125 3875 73 29 sche
228 3884 58 25 um,
318 3876 54 29 das
403 3878 53 28 der
487 3878 178 29 rationellen
694 3878 135 33 Analyse
861 3881 147 31 entrückt,

1079 82 101 30 bleibt.
1228 81 92 29 Diese
1350 81 167 29 ästhetisch
1547 80 227 30 durchlebende
1804 80 151 33 Vergeisti-

1079 141 82 23 gung
1189 131 131 29 beraubt
1348 132 47 28 die
1423 131 160 29 Baukunst
1611 131 117 29 freilich
1757 131 81 29 ihres
1867 131 104 29 realen

1079 181 370 32 Erfahrungscharakters
1474 181 60 28 und
1560 181 106 29 erhebt
1689 181 65 30 sich
1778 182 29 27 in
1833 181 54 29 das
1912 180 40 29 Be-

1080 233 84 28 reich
1193 232 56 28 der
1281 232 200 31 allgemeinen
1511 231 244 29 künstlerischen
1796 231 175 29 Harmonie.

1080 282 80 28 Aber
1183 284 40 26 im
1244 282 112 28 letzten
1379 280 93 30 Sinne
1496 282 92 31 einigt
1611 281 64 29 sich
1699 283 29 30 ja
1751 282 47 29 die
1822 281 150 32 Wirkung

1080 332 173 29 sämtlicher
1284 331 115 31 Künste
1429 332 29 27 in
1488 331 100 28 dieser
1629 331 189 29 unfaßbaren
1849 331 106 32 psychi-

1079 383 94 28 schen
1195 381 172 33 Erhebung,
1390 381 123 29 einerlei
1534 381 135 28 welcher
1693 381 189 29 materiellen
1904 381 51 29 Mit-

1079 432 49 34 tel,
1149 432 38 28 ob
1207 432 301 33 zeitlich-akustisch,
1530 432 74 28 oder
1627 431 346 34 gedanklich-poetisch,

1080 482 117 32 optisch
1214 482 75 28 oder
1306 482 147 28 räumlich
1470 481 193 34 definierbar,
1681 482 44 28 sie
1743 490 38 19 zu
1799 482 80 28 ihrer
1896 480 58 30 Ver-

1079 531 201 33 wirklichung
1300 532 157 28 bedürfen.
1498 531 70 29 Erst
1588 533 28 26 in
1638 531 58 28 den
1716 531 145 29 niederen
1882 531 74 33 Regi-

1080 590 78 21 onen
1187 581 53 29 der
1269 582 166 29 sinnlichen
1463 581 197 32 Ausführung
1688 581 212 32 spezifizieren
1929 582 44 29 sie

1080 632 64 29 sich
1171 632 79 28 dann
1277 634 28 26 in
1333 632 53 28 der
1412 632 140 28 üblichen
1579 631 192 34 Sonderung,
1799 631 61 28 und
1887 639 86 21 zwar

1080 682 98 32 gleich
1202 691 35 20 so
1262 682 94 34 stark,
1383 682 66 33 daß,
1475 683 60 28 wie
1561 681 144 34 gesehen,
1733 689 92 25 sogar
1851 681 47 28 für
1925 681 48 29 die

1080 732 233 32 Einzelgattung
1343 733 66 28 eine
1440 733 129 31 geistige
1600 731 169 30 Stileinheit
1799 731 160 29 festzustel-

1079 783 57 33 len,
1158 783 114 28 bereits
1292 782 122 29 schwer
1433 781 73 30 fällt.

1136 832 32 28 In
1192 832 54 29 der
1270 832 98 30 Kunst
1393 832 152 29 erscheint
1569 832 73 28 alles
1668 830 154 30 Sinnliche
1847 839 56 20 nur
1930 830 44 30 als

1081 884 47 28 ein
1153 883 162 29 Gleichnis.
1358 882 41 30 So
1423 882 71 29 muß
1519 882 79 29 denn
1623 882 77 28 auch
1723 881 47 29 für
1796 881 48 29 die
1868 881 89 29 Archi-

1080 933 101 28 tektur
1212 933 55 29 das
1297 933 121 29 absolut
1446 931 440 30 Musikalisch-Harmonische
1926 931 48 29 die

1080 983 127 29 höchste
1233 983 169 29 Stileinheit
1427 983 109 29 bilden.

1082 1273 122 57 Die
1251 1272 441 58 Schwermut
1738 1272 118 57 des

1085 1381 373 57 Geniebers

1081 1487 117 31 Roman

1081 1562 67 30 Von
1169 1563 93 29 Artur
1287 1563 163 29 Babillotte

1879 1616 96 25 Schluß

1137 1669 56 30 Mit
1223 1670 226 33 ungeduldigen
1480 1670 155 30 Schritten
1665 1671 120 29 hastete
1818 1679 31 21 er
1881 1671 96 29 durch

1082 1721 48 29 die
1150 1720 145 34 Straßen;
1317 1721 84 29 diese
1421 1721 91 29 Stadt
1531 1721 122 32 begann
1672 1721 50 28 ihn
1740 1730 38 20 zu
1799 1721 178 29 bedrücken

1081 1771 60 28 wie
1159 1771 47 27 ein
1227 1770 92 29 böser
1338 1770 124 34 Traum,
1482 1771 124 28 obwohl
1626 1780 32 20 er
1677 1773 45 28 sie
1743 1773 63 28 erst
1826 1773 58 27 seit
1905 1772 57 28 eini-

1082 1828 59 23 gen
1162 1820 139 30 Stunden
1322 1822 123 28 kannte.
1486 1820 84 30 Neue
1590 1821 95 29 Pläne
1705 1821 134 29 formten
1861 1822 65 29 sich
1947 1823 30 27 in

1082 1871 117 27 seinem
1235 1870 122 35 Gehirn,
1396 1870 53 29 der
1487 1870 94 30 Trotz
1618 1872 61 28 und
1717 1871 48 29 die
1803 1872 174 31 unbändige

1081 1919 120 29 Freude
1218 1920 120 34 dessen,
1355 1920 54 29 der
1427 1923 85 28 seine
1527 1921 111 29 Stärke
1655 1921 102 35 kennt,
1774 1921 112 29 kamen
1901 1921 75 29 über

1082 1970 58 28 ihn.
1176 1969 115 35 Denen,
1312 1971 47 28 die
1380 1971 55 29 das
1454 1973 152 30 wenigste
1623 1971 175 33 Verlangen
1816 1971 78 29 nach
1914 1971 48 29 die-

1082 2028 50 20 ser
1152 2019 112 29 Stärke
1284 2020 113 34 hatten,
1418 2020 115 32 gerade
1553 2021 99 29 denen
1670 2021 105 29 wollte
1795 2030 32 20 er
1849 2022 44 28 sie
1912 2020 49 29 auf-

1081 2071 151 30 zwingen.
1275 2069 58 29 Die
1356 2069 95 29 Pläne
1475 2071 61 27 und
1560 2070 184 30 Aussichten
1766 2070 211 32 verdrängten

1084 2119 144 29 einander
1257 2121 41 27 im
1329 2119 114 30 Gehirn
1474 2120 55 29 des
1559 2119 170 35 Künstlers,
1759 2128 34 21 so
1822 2119 155 30 zahlreich

1082 2169 111 29 kamen
1213 2171 44 27 sie
1277 2170 61 28 und
1357 2178 35 20 so
1411 2170 130 33 unruhig
1561 2170 191 32 gebärdeten
1773 2172 43 27 sie
1838 2170 74 34 sich,
1933 2170 43 29 als

1082 2218 83 30 hätte
1186 2219 100 29 dieser
1307 2219 107 29 Abend
1435 2228 55 20 aus
1512 2220 70 28 dem
1599 2228 217 21 versonnenen
1834 2220 142 31 Künstler

1083 2271 87 26 einen
1194 2269 130 34 kühnen,
1349 2269 199 33 klaräugigen
1573 2269 228 30 Tatmenschen
1825 2271 152 31 gemacht.

1138 2318 69 29 Und
1225 2319 143 32 plötzlich
1387 2319 143 33 empfand
1550 2329 31 20 er
1602 2320 48 29 die
1668 2319 85 33 Enge
1772 2321 53 28 der
1846 2320 131 29 Straßen

1082 2368 82 30 nicht
1181 2369 86 29 mehr
1284 2370 43 29 als
1345 2372 108 32 etwas,
1472 2370 70 29 dem
1561 2379 31 20 er
1611 2370 164 29 entfliehen
1792 2370 112 35 mußte,
1922 2370 55 30 sah

1082 2419 81 28 nicht
1180 2419 85 29 mehr
1284 2420 47 28 die
1348 2420 207 32 gestorbenen
1571 2419 150 30 Stimmen
1737 2420 54 30 der
1807 2420 170 30 lachenden

1082 2469 61 28 und
1164 2469 241 30 schwatzenden
1426 2469 129 35 Frauen,
1576 2488 38 4 —
1635 2470 56 29 alle
1713 2470 264 29 Beklommenheit

1081 2526 67 21 war
1168 2527 63 20 von
1252 2519 60 28 ihm
1334 2528 192 23 genommen.

1272 2584 40 29 Er
1331 2586 90 27 stand
1441 2586 80 29 oben
1541 2586 51 28 auf
1613 2587 54 28 der
1689 2588 157 28 einsamen
1866 2587 110 29 Straße

1083 2633 60 29 und
1162 2633 111 31 blickte
1290 2636 30 27 in
1336 2634 56 30 das
1412 2635 63 34 Tal,
1495 2636 130 34 dorthin,
1643 2645 51 20 wo
1714 2637 48 29 die
1779 2636 123 30 Lichter
1922 2637 54 29 der

1082 2682 90 31 Stadt
1191 2684 129 33 unruhig
1339 2685 192 35 flimmerten,
1550 2687 61 27 wie
1630 2686 47 29 die
1698 2686 174 30 Sehnsucht
1893 2688 83 28 eines

1082 2732 218 36 Unwürdigen,
1329 2735 48 28 die
1404 2737 48 28 nie
1479 2736 64 29 ihre
1573 2735 155 33 Erfüllung
1755 2736 103 29 finden
1886 2737 90 29 kann.

1082 2782 82 30 Weit
1182 2792 87 26 vorn,
1290 2793 49 20 am
1360 2784 147 35 Ausgang
1525 2786 54 29 des
1597 2786 100 34 Tales,
1718 2789 105 27 sauste
1844 2788 48 27 ein
1913 2786 63 33 Zug

1082 2833 96 29 durch
1202 2834 47 29 die
1273 2834 111 33 Nacht;
1411 2838 84 26 seine
1520 2836 121 29 Lichter
1667 2836 131 29 zuckten
1832 2840 60 26 wie
1929 2838 47 28 ein

1082 2883 150 30 schneller
1253 2885 147 29 Gedanke
1420 2886 144 28 vorüber.
1604 2885 83 30 Jetzt
1708 2886 90 29 stand
1820 2886 156 30 Johannes

1082 2932 79 29 oben
1187 2934 50 28 auf
1260 2934 53 29 der
1337 2936 156 28 einsamen
1519 2935 109 30 Straße
1654 2936 60 28 und
1740 2936 71 29 hielt
1837 2937 139 32 zugleich

1082 2982 145 30 Ausblick
1253 2984 78 29 nach
1360 2984 69 29 dem
1456 2985 226 33 Vergangenen
1710 2986 61 28 und
1799 2986 79 29 nach
1907 2987 69 28 dem

1082 3033 211 34 Zukünftigen,
1320 3034 54 29 das
1401 3035 50 29 ihn
1476 3036 82 28 nicht
1583 3036 85 28 mehr
1693 3044 55 20 nur
1776 3036 45 30 als
1849 3036 127 29 Gebilde

1082 3084 100 27 seiner
1207 3083 203 30 farbentiefen
1435 3085 174 33 Phantasie,
1637 3085 55 29 das
1721 3086 60 28 ihm
1818 3087 73 31 jetzt
1929 3095 32 19 er-

1082 3132 105 29 schien
1213 3134 43 28 als
1283 3134 95 34 mehr,
1404 3135 61 28 wie
1492 3144 32 19 er
1549 3135 125 28 meinte:
1703 3135 52 29 Als
1783 3135 108 35 Mittel,
1918 3136 58 29 den

1082 3182 188 30 Schmerzen
1288 3184 72 29 aller
1380 3193 97 24 engen
1495 3185 61 28 und
1574 3193 106 20 armen
1696 3186 60 28 und
1775 3186 183 29 unterdrück-

1082 3234 51 27 ten
1146 3232 170 30 Menschen
1332 3234 118 28 Gestalt
1468 3243 37 19 zu
1522 3234 108 32 geben.
1665 3234 45 34 Ja,
1729 3244 32 20 er
1777 3235 123 32 glaubte
1916 3235 60 29 fest

1083 3290 39 21 an
1140 3283 47 28 die
1204 3282 137 35 Mission,
1359 3292 38 20 zu
1414 3284 94 29 deren
1526 3283 155 33 Erfüllung
1698 3285 60 28 ihm
1777 3287 84 27 seine
1879 3285 97 31 Kunst

1082 3332 140 31 gegeben
1240 3341 80 20 war:
1341 3334 50 28 die
1406 3334 169 29 Menschen
1594 3334 81 29 nicht
1694 3343 55 20 nur
1768 3344 37 19 zu
1824 3336 151 33 zwingen,

1084 3381 47 29 die
1151 3381 74 32 Knie
1243 3391 37 19 zu
1298 3383 120 32 beugen
1438 3393 56 19 vor
1517 3384 52 28 der
1590 3384 121 28 Gewalt
1731 3386 100 28 seines
1853 3385 122 33 Genius,

1083 3432 77 33 nein,
1180 3433 44 27 sie
1244 3432 78 29 stolz
1341 3433 61 28 und
1421 3433 234 33 hoffnungsfroh
1674 3443 37 19 zu
1731 3435 139 33 machen,
1890 3435 64 27 wäh-

1082 3481 76 28 rend
1173 3483 44 27 sie
1234 3482 47 29 die
1298 3481 75 33 Knie
1388 3483 143 33 beugten,
1548 3483 44 28 sie
1608 3492 38 19 zu
1662 3483 114 34 lehren,
1795 3484 57 28 daß
1868 3486 29 25 in
1912 3483 48 30 die-

1084 3538 64 20 sem
1176 3530 131 30 Zeichen
1333 3532 81 29 ihrer
1439 3533 207 32 Demütigung
1682 3534 46 28 ihr
1766 3534 210 29 kraftvollster

1083 3579 84 29 Stolz
1185 3582 61 28 und
1264 3582 48 28 die
1330 3582 133 33 Rettung
1479 3591 57 20 vor
1553 3583 79 28 ihrer
1651 3582 59 30 Not
1729 3584 60 28 und
1806 3583 152 29 Verzweif-

1083 3629 71 32 lung
1174 3630 87 32 liege.
1300 3631 73 30 Dies
1394 3641 67 20 war
1482 3633 84 29 seine
1585 3631 137 36 Mission,
1745 3634 60 27 und
1826 3635 43 27 sie
1891 3634 84 28 hatte

1084 3687 32 20 er
1137 3682 62 26 erst
1220 3689 38 19 an
1277 3681 115 29 diesem
1413 3682 243 29 Sommerabend
1679 3683 140 29 erkannt:
1841 3685 134 32 seltsam,

1083 3729 150 28 nachdem
1256 3739 32 19 er
1314 3732 46 26 ein
1385 3731 96 29 Werk
1505 3731 179 33 geschaffen
1709 3732 93 34 hatte,
1827 3733 55 29 das
1909 3734 66 27 eine

1082 3787 78 20 neue
1184 3779 97 30 Kunst
1307 3781 139 29 einleiten
1472 3782 97 32 sollte,
1594 3782 29 27 in
1649 3781 86 29 Stolz
1759 3782 60 28 und
1846 3782 128 34 Freude,

1083 3836 79 24 ganz
1187 3829 200 30 durchtränkt
1409 3839 62 20 von
1507 3831 52 28 der
1595 3829 195 32 Schwermut
1826 3831 53 30 des
1915 3831 40 29 Ge-

1083 3878 129 35 nießers,
1236 3879 138 29 erschloß
1396 3880 64 29 sich
1483 3880 60 28 ihm
1566 3882 63 27 erst
1650 3881 55 28 das
1728 3881 81 32 Feld,
1832 3881 50 28 auf
1905 3880 69 29 dem

2047 88 32 20 er
2107 79 120 28 wirken
2255 79 87 29 sollte
2381 79 77 28 nach
2496 80 53 28 der
2587 79 213 32 Bestimmung
2839 79 101 29 seines

2046 128 185 29 Schicksals.
2274 128 38 28 Er
2334 127 102 30 mußte
2460 129 63 29 sich
2546 129 145 30 innerlich
2712 129 144 31 lossagen
2879 136 62 20 von

2047 178 70 28 dem
2131 178 106 33 Werk,
2255 178 56 28 das
2330 185 36 21 eri
2378 178 131 28 vordem
2525 178 47 29 für
2590 179 47 28 die
2657 178 115 29 Glocke
2789 177 151 34 gehalten,

2047 228 48 28 die
2115 227 47 29 die
2183 235 78 21 neue
2281 226 97 31 Kunst
2399 227 151 29 einläuten
2571 229 95 28 sollte.
2686 228 73 28 Dies
2780 227 161 31 verlangte

2048 278 85 28 seine
2151 276 184 30 Ehrlichkeit
2351 285 62 20 von
2434 277 68 28 ihm.

2103 350 58 30 Mit
2186 352 98 27 einem
2311 350 109 29 Gefühl
2444 350 87 29 tiefer
2558 351 144 30 Wehmut
2728 351 153 33 gedachte
2909 359 32 20 er

2048 400 55 29 des
2121 399 129 35 Briefes,
2269 400 59 28 den
2347 409 32 19 er
2399 409 49 19 am
2466 400 131 32 Morgen
2617 409 37 20 an
2674 402 59 28 den
2749 401 122 29 Freund
2889 409 36 24 ge-

2048 449 162 30 schrieben
2234 450 92 34 hatte,
2353 450 101 29 dieses
2480 449 289 36 freudeträchtigen,
2796 460 62 20 von
2884 451 45 29 sei-

2049 508 70 19 nem
2156 500 127 33 stolzen,
2319 500 252 31 genießerischen
2610 500 50 28 Ich
2698 501 247 29 durchstrahlten

2048 548 129 35 Briefes,
2201 550 29 28 in
2254 550 70 28 dem
2349 550 48 28 die
2423 550 100 28 hohen
2549 549 84 29 Töne
2659 550 100 29 seines
2785 550 141 30 Selbstbe-

2048 599 177 34 wußtseins,
2253 600 100 28 seiner
2380 599 183 33 Sonderung
2589 607 35 21 so
2651 599 65 29 klar
2744 600 60 28 und
2831 600 111 32 trotzig

2049 648 141 33 klangen.
2225 648 56 30 Mit
2300 648 88 30 tiefer
2406 645 147 34 Wehmut
2570 649 151 32 gedachte
2742 658 31 19 er
2793 650 77 28 auch
2890 649 54 28 der

2048 698 205 33 Verzückung
2272 699 54 28 der
2345 698 236 29 verwandelten
2599 697 197 30 Landschaft.
2834 698 38 29 Er
2891 707 36 24 ge-

2049 748 111 28 dachte
2182 748 54 29 der
2258 748 110 29 Wüste
2391 748 87 29 Oede
2500 771 93 7 ....
2615 748 61 28 und
2699 748 80 28 dann
2799 757 66 19 war
2888 748 57 29 das

2049 797 104 30 Leben
2169 798 75 29 über
2258 800 45 28 sie
2317 799 193 33 gekommen,
2528 799 47 27 ein
2591 800 208 32 ungestümes,
2817 798 127 34 reiches,

2049 849 30 27 in
2106 848 78 28 allen
2210 848 106 29 Tönen
2340 848 180 33 klingendes
2548 848 60 28 und
2636 848 168 32 klagendes
2832 848 113 29 Leben.

2051 897 82 29 Jetzt
2154 899 112 28 meinte
2289 907 32 20 er
2342 898 59 28 den
2423 898 75 29 Sinn
2521 898 99 29 dieser
2643 899 107 27 innern
2772 897 175 29 Erlebnisse

2052 947 130 29 erkannt
2207 955 38 21 zu
2270 947 113 29 haben:
2411 948 67 29 eine
2502 947 159 33 Mahnung
2687 956 108 20 waren
2822 950 44 27 sie
2894 955 36 25 ge-

2051 1005 121 21 wesen:
2190 998 78 32 gehe
2281 998 82 29 nicht
2379 1006 38 20 an
2432 998 59 29 den
2507 997 170 30 Menschen
2693 997 148 29 vorüber!
2862 997 86 29 Gehe

2051 1055 38 20 zu
2109 1047 90 28 ihnen
2216 1047 59 34 hin,
2295 1048 94 29 suche
2408 1049 53 33 sie,
2481 1048 103 29 reiche
2603 1048 90 28 ihnen
2714 1048 47 28 die
2779 1047 89 28 Hand
2886 1046 61 29 und

2049 1096 88 33 frage
2156 1098 43 28 sie
2220 1097 78 29 nach
2318 1097 86 29 ihren
2424 1098 98 28 Taten
2542 1098 61 28 und
2623 1097 213 29 Schicksalen!
2858 1097 88 28 Denn

2051 1147 39 28 du
2109 1147 59 29 bist
2188 1147 223 32 ihresgleichen
2430 1147 61 29 und
2509 1147 137 35 berufen,
2667 1147 90 29 ihnen
2778 1155 39 21 zu
2837 1146 109 30 helfen.

2107 1229 68 28 Und
2197 1230 28 27 in
2246 1230 100 28 dieser
2367 1238 217 20 versonnenen
2606 1229 237 30 Sommernacht
2864 1230 83 29 hatte

2051 1278 156 30 Johannes
2234 1288 69 19 zum
2332 1280 165 29 erstenmal
2527 1281 47 27 ein
2603 1280 197 32 beengendes
2829 1279 118 30 Gefühl.

2051 1328 88 29 Hohe
2165 1329 169 28 Gedanken
2356 1331 107 27 tönten
2488 1329 82 29 wohl
2594 1330 29 27 in
2648 1330 69 34 ihm,
2744 1330 73 29 aber
2841 1338 108 21 waren

2051 1380 44 28 sie
2122 1379 86 29 stark
2234 1387 111 25 genug,
2372 1379 57 29 alle
2454 1379 166 34 Wünsche,
2648 1380 48 29 die
2722 1388 63 20 von
2811 1379 137 29 draußen

2051 1429 120 34 kamen,
2195 1437 38 20 zu
2255 1429 192 29 übertönen?
2472 1429 38 29 Er
2531 1429 105 29 wollte
2657 1431 47 27 ein
2726 1429 78 29 Held
2827 1432 65 26 sein
2912 1448 37 3 —

2052 1479 60 28 und
2140 1479 83 29 hatte
2249 1479 79 29 noch
2355 1479 88 29 keine
2470 1479 144 30 Schlacht
2642 1479 196 33 geschlagen.
2909 1479 39 29 Er

2051 1529 104 29 wollte
2176 1530 47 27 ein
2243 1529 169 29 Verächter
2432 1530 66 29 sein
2517 1538 54 21 aus
2592 1530 111 32 großer
2723 1530 93 28 Liebe
2833 1548 38 2 —
2888 1529 60 28 und

2052 1579 84 29 hatte
2159 1578 108 35 nichts,
2291 1578 54 30 das
2371 1588 32 21 er
2425 1579 170 29 verachten
2618 1580 123 29 konnte.
2784 1578 38 30 Er
2845 1579 104 29 wollte

2052 1629 76 31 groß
2154 1630 65 27 sein
2241 1648 38 3 —
2304 1629 60 28 und
2389 1629 127 34 vergaß,
2541 1629 58 29 daß
2626 1630 56 28 alle
2710 1629 102 29 Größe
2839 1630 28 28 in
2895 1629 53 29 der

2052 1677 80 30 Erde
2161 1679 139 29 wurzeln
2328 1679 79 29 muß.
2481 1679 57 29 Mit
2568 1681 82 28 einer
2681 1679 55 29 Art
2763 1679 186 29 verzückter

2053 1728 131 29 Wollust
2206 1730 133 31 peinigte
2362 1738 31 20 er
2416 1730 65 28 sich
2502 1730 104 33 selbst,
2629 1730 101 28 indem
2753 1738 31 19 er
2806 1729 64 29 sich
2890 1729 45 28 sei-

2052 1787 54 20 ner
2133 1781 103 27 ersten
2260 1779 241 33 Großstadttage
2528 1780 165 28 erinnerte:
2721 1779 117 29 damals
2864 1779 85 29 hatte

2053 1837 32 20 er
2111 1829 55 28 das
2192 1830 155 28 steinerne
2371 1829 185 32 Ungeheuer
2581 1838 38 19 zu
2646 1831 99 27 einem
2769 1829 180 29 Herrlichen

2053 1879 272 33 emporgedichtet,
2346 1879 178 32 ausgehend
2545 1888 63 19 von
2630 1879 53 29 der
2705 1879 89 33 Erde,
2817 1898 37 2 —
2875 1879 74 28 aber

2052 1929 109 28 immer
2178 1937 67 20 war
2265 1930 84 27 seine
2366 1928 167 30 Phantasie
2552 1930 55 28 das
2625 1929 147 29 Stärkere
2792 1937 156 26 gewesen,

2051 1980 49 26 nie
2116 1978 83 29 hatte
2219 1988 31 20 er
2269 1979 47 28 die
2333 1978 98 33 Dinge
2450 1979 136 32 gesehen
2603 1981 63 27 wie
2682 1980 44 28 sie
2744 1987 116 26 waren,
2878 1987 53 21 son-

2053 2028 75 28 dern
2145 2030 77 27 stets
2239 2029 91 28 ihnen
2345 2031 84 26 seine
2447 2029 85 28 Töne
2547 2029 167 29 verliehen.
2731 2029 117 28 Darum
2865 2030 84 28 hatte

2053 2086 32 19 er
2106 2078 48 28 die
2173 2077 171 30 Menschen
2363 2078 81 29 nicht
2464 2079 121 28 kennen
2604 2079 128 32 gelernt.
2771 2079 82 29 Jetzt
2875 2080 73 28 aber

2052 2127 104 29 wollte
2187 2136 31 20 er
2258 2127 129 30 Mensch
2428 2130 88 27 unter
2555 2128 170 30 Menschen
2764 2130 79 32 sein;
2886 2131 63 27 erst

2051 2176 139 35 Mensch,
2206 2178 61 28 und
2282 2178 81 28 dann
2380 2180 63 27 erst
2458 2178 141 32 Künstler
2617 2198 37 3 —
2669 2187 35 21 so
2721 2179 87 29 sollte
2826 2187 32 21 es
2875 2180 74 28 sein.

2052 2226 68 29 Und
2149 2236 34 20 so
2213 2227 71 33 griff
2310 2227 155 30 Johannes
2495 2231 53 26 mit
2575 2229 217 32 begehrlichen
2820 2229 129 29 Händen

2052 2277 78 29 nach
2157 2278 70 28 dem
2253 2278 230 33 Unmöglichen.
2528 2278 39 29 Er
2593 2279 152 28 bedachte
2772 2278 92 35 nicht,
2891 2278 58 29 daß

2053 2336 32 20 er
2110 2327 51 29 auf
2185 2328 54 29 der
2263 2328 87 29 Höhe
2375 2329 89 29 stand
2487 2329 60 29 und
2573 2328 57 29 daß
2655 2338 32 20 es
2712 2329 70 29 dem
2806 2328 142 32 Künstler

2051 2378 49 27 nie
2117 2377 142 33 gelingen
2279 2378 117 34 würde,
2417 2380 29 26 in
2467 2378 55 29 das
2541 2378 56 30 Tal
2616 2378 262 34 hinabzusteigen,
2898 2387 51 20 um

2052 2428 54 28 mit
2123 2427 59 28 den
2199 2427 170 30 Menschen
2385 2437 39 20 zu
2439 2428 109 33 gehen.
2565 2428 39 30 Er
2623 2429 90 29 ahnte
2729 2429 91 34 nicht,
2839 2429 58 28 daß
2916 2437 33 20 er

2051 2478 30 27 in
2110 2477 71 28 dem
2209 2477 200 35 Augenblick,
2437 2478 40 29 da
2507 2487 31 20 er
2569 2478 48 29 die
2646 2478 219 30 Nüchternheit
2895 2478 36 29 be-

2051 2526 117 35 gehrte,
2194 2536 62 20 von
2281 2528 53 29 der
2362 2528 101 30 Größe
2498 2529 102 29 seines
2633 2528 225 32 Künstlertums
2895 2528 36 29 be-

2051 2577 161 29 rauschter
2230 2586 77 26 war,
2326 2578 44 29 als
2390 2579 27 31 je
2437 2587 106 21 zuvor.
2583 2578 74 29 Zum
2679 2579 164 29 erstenmal
2863 2578 85 29 hatte

2053 2636 31 19 er
2107 2627 47 29 die
2173 2627 87 31 Kraft
2277 2627 153 35 verloren,
2452 2629 59 28 den
2532 2629 89 28 Wert
2642 2630 82 27 einer
2743 2627 204 33 Verzückung

2051 2685 39 20 zu
2113 2678 155 28 erkennen
2291 2678 61 28 und
2373 2678 64 29 sich
2461 2680 100 27 seiner
2585 2687 38 19 zu
2646 2678 116 34 freuen,
2785 2678 72 29 weil
2879 2678 70 32 jede

2051 2726 205 34 Verzückung
2276 2729 66 28 eine
2362 2728 107 28 Gnade
2487 2737 76 21 war.
2582 2728 75 28 Zum
2677 2728 166 30 erstenmal
2864 2728 84 30 hatte

2053 2786 32 19 er
2104 2777 48 29 die
2170 2777 121 29 Gewalt
2308 2777 75 29 über
2403 2778 47 29 die
2469 2777 103 29 Bilder
2590 2778 159 33 verloren;
2770 2786 61 20 nun
2849 2779 100 28 rissen

2051 2828 44 29 sie
2119 2827 50 28 ihn
2190 2829 53 27 mit
2267 2827 73 30 sich.
2383 2827 39 29 Er
2446 2828 104 29 mußte
2574 2828 91 29 ihnen
2686 2827 111 35 folgen,
2820 2829 71 28 weil
2916 2836 32 21 er

2051 2878 127 28 niemals
2204 2885 101 24 gegen
2330 2879 84 27 seine
2441 2878 162 32 impulsive
2629 2878 95 29 Natur
2752 2887 38 19 zu
2817 2878 132 28 handeln

2051 2927 190 29 vermochte.
2279 2927 82 29 Alles
2380 2930 130 27 strömte
2531 2928 51 28 auf
2601 2928 50 28 ihn
2670 2929 48 28 ein
2737 2928 60 29 und
2818 2930 129 27 strömte

2051 2977 117 29 wieder
2190 2986 63 20 von
2274 2977 61 29 ihm
2357 2986 64 26 aus,
2441 2978 178 29 beschwert
2641 2978 61 29 und
2724 2980 149 30 gesegnet
2895 2978 54 28 mit

2053 3027 69 29 dem
2144 3027 161 33 Reichtum
2327 3029 101 28 seiner
2451 3027 98 30 Seele.
2589 3028 69 28 Und
2682 3028 95 29 selbst
2797 3029 29 27 in
2847 3029 101 27 dieser

2052 3077 167 29 seltsamen
2239 3077 118 30 Stunde
2378 3078 38 28 da
2439 3087 31 20 er
2491 3078 98 29 bereit
2610 3087 76 25 war,
2709 3087 54 20 aus
2786 3078 53 29 der
2861 3078 87 29 Höhe

2053 3128 265 34 herabzusteigen,
2350 3129 47 29 die
2427 3129 191 29 vornehmen
2651 3128 164 29 Gebärden
2847 3129 100 28 seiner

2054 3178 159 29 erlesenen
2240 3178 307 33 Künstlergedanken
2588 3179 58 28 den
2688 3178 163 29 Gebärden
2893 3177 54 30 der

2052 3228 169 29 Menschen
2247 3237 202 26 anzupassen,
2475 3229 96 29 selbst
2596 3230 72 30 jetzt
2693 3228 144 29 verloren
2864 3229 84 27 seine

2053 3279 169 29 Gedanken
2248 3280 64 28 ihre
2339 3280 112 29 Hoheit
2477 3280 90 28 nicht.
2613 3278 63 30 Aus
2705 3278 110 30 Hoheit
2840 3287 107 21 waren

2052 3331 43 27 sie
2120 3330 145 33 geboren,
2293 3339 54 19 aus
2375 3330 53 29 der
2455 3329 110 29 Hoheit
2592 3330 84 30 jenes
2705 3329 88 29 edlen
2818 3328 111 29 Verlan-

2053 3388 85 25 gens,
2159 3380 59 28 den
2236 3379 168 29 Menschen
2426 3379 134 33 Rettung
2580 3388 38 19 zu
2640 3379 137 32 bringen.
2817 3379 38 28 Er
2876 3381 72 30 ging

2053 3431 87 27 einen
2160 3430 125 34 Irrweg,
2305 3430 73 28 aber
2399 3438 31 20 er
2450 3430 72 31 ging
2540 3429 50 28 ihn
2609 3431 29 26 in
2658 3429 82 29 edler
2759 3429 186 32 Sehnsucht;

2054 3489 32 19 er
2106 3488 67 20 war
2191 3481 48 28 nie
2260 3480 85 29 mehr
2366 3480 59 28 und
2446 3488 38 20 zu
2504 3480 134 31 gleicher
2657 3479 64 29 Zeit
2741 3481 48 27 nie
2810 3481 137 30 weniger

2052 3530 105 33 Egoist
2183 3539 155 24 gewesen.
2383 3529 39 29 Er
2450 3530 99 28 zerriß
2576 3532 84 27 seine
2687 3530 100 28 hohen
2813 3529 133 29 Träume

2051 3589 50 20 um
2127 3581 53 29 der
2207 3580 206 32 egoistischen
2437 3579 120 29 Freude
2584 3589 38 19 an
2657 3580 59 28 den
2748 3579 99 29 Nöten
2884 3579 60 28 und

2051 3630 221 33 Kleinigkeiten
2298 3630 53 28 der
2378 3629 178 30 Menschen.
2620 3630 91 34 Alles,
2738 3638 67 20 was
2834 3638 32 19 er
2893 3631 52 31 tat,

2054 3683 166 30 entsprang
2238 3682 98 27 einem
2354 3680 87 29 edlen
2458 3680 171 34 Egoismus,
2648 3680 69 29 dem
2735 3689 31 20 er
2784 3680 81 28 nicht
2883 3681 48 27 ent-

2052 3732 106 28 rinnen
2176 3732 122 31 konnte,
2316 3730 70 28 weil
2405 3739 32 20 er
2458 3731 52 29 der
2530 3732 87 28 beste
2636 3730 64 29 Teil
2718 3732 100 28 seiner
2835 3729 93 31 Künst-

2051 3781 146 29 lerschaft
2215 3789 80 24 war;
2314 3781 61 28 und
2392 3781 86 34 auch,
2497 3789 51 20 wo
2566 3789 31 20 er
2614 3780 116 29 falsche
2747 3779 98 32 Wege
2864 3780 80 32 ging,

2053 3831 167 31 gehorchte
2244 3839 31 20 er
2299 3838 55 21 nur
2379 3831 69 28 dem
2472 3831 161 32 Egoismus
2658 3831 99 28 seiner
2782 3829 164 29 aristokra*

2053 3881 118 28 tischen
2201 3880 97 32 Seele,
2330 3881 78 28 ohne
2440 3882 73 27 aber
2545 3881 58 28 den
2644 3879 302 30 erkenntnisreichen
