4112 5461
349 5134 84 59 92

333 435 362 135 Acht
769 431 840 170 Seligkeiten
1687 425 295 135 und

333 614 1066 139 Mandelblüten

337 898 396 81 Edmund
799 894 553 100 Palasowsky

345 1146 81 59 Es
485 1148 78 57 ist
617 1142 163 60 auch
831 1144 61 56 in
947 1142 246 58 diesem
1247 1136 513 67 denkwürdigen
1816 1133 252 59 Winter

341 1244 391 69 geschehen,
805 1241 90 59 als
963 1241 101 57 ein
1125 1236 439 62 verworfener
1628 1231 439 62 Obsthändler

341 1347 61 56 in
448 1344 112 59 der
600 1342 183 61 Stadt
815 1342 139 58 sein
998 1339 332 57 Unwesen
1366 1334 183 61 trieb.
1618 1334 78 56 Er
1737 1329 330 61 verkaufte

341 1440 339 70 vergiftete
737 1439 349 62 Kastanien
1140 1435 133 60 und
1322 1435 110 61 hat
1481 1430 377 70 ungeheuer
1908 1427 157 59 viele

341 1540 359 61 Menschen
765 1537 398 68 verzaubert,
1222 1534 98 59 bis
1379 1552 66 39 er
1501 1532 180 57 seine
1740 1527 327 61 verdiente

341 1640 205 63 Strafe
609 1637 308 71 empfing.

346 1777 115 60 Ein
522 1776 273 61 Priester
849 1772 220 61 kaufte
1122 1771 181 59 auch.
1384 1767 187 60 Pater
1623 1766 120 59 Gä.
1823 1766 81 57 Es
1960 1781 74 51 ge-

340 1876 203 61 schah
594 1874 138 59 also
785 1874 115 59 das
944 1871 308 69 folgende
1306 1871 112 59 mit
1466 1867 149 59 ihm.

346 2015 82 57 Er
487 2011 154 71 geht
700 2013 58 57 in
814 2009 128 60 den
1003 2006 268 69 Tempel
1330 2004 217 60 hinein
1606 2001 134 61 und
1798 2001 274 66 beginnt

343 2114 178 58 seine
568 2109 264 68 Predigt
875 2108 157 59 über
1071 2106 103 59 die
1220 2104 147 60 acht
1403 2101 411 69 Seligkeiten.
1865 2097 171 61 Plötz-

343 2211 142 69 lich,
529 2211 122 59 wie
697 2226 152 41 vom
890 2206 223 59 Teufel
1157 2204 334 65 besessen,
1535 2202 180 67 spürt
1755 2216 68 41 er
1864 2202 204 55 etwas

343 2313 300 57 Warmes
695 2311 61 57 in
807 2309 112 58 der
968 2306 184 61 Brust
1201 2302 134 61 und
1384 2321 65 41 er
1499 2299 188 61 dreht
1735 2297 151 60 alles
1938 2294 99 61 völ-

343 2409 90 69 lig
475 2407 371 61 rückwärts.
914 2406 110 57 Als
1068 2402 83 61 ob
1198 2401 374 69 irgendeine
1615 2394 453 71 unglaubliche

343 2511 200 59 Leere
588 2509 270 58 drinnen
907 2507 191 66 wäre,
1142 2521 107 40 wo
1296 2501 115 59 das
1461 2501 174 57 Herz
1677 2495 214 72 pocht,
1936 2494 132 59 und

341 2607 329 61 blühende
709 2602 606 73 Aprikosenbäume
1354 2599 144 62 dort
1530 2597 107 61 auf
1671 2597 133 59 und
1838 2594 201 59 abstei-

343 2727 147 50 gen.
583 2704 356 62 Tick-tack!
1029 2702 211 68 Liebe,
1308 2700 183 66 Auge
1562 2695 131 60 und
1760 2690 273 70 Schimpf-

343 2812 223 64 worte,
643 2804 271 59 Periode
981 2821 131 40 von
1176 2802 254 59 Küssen
1498 2795 132 61 und
1696 2793 191 68 Jahre
1953 2792 117 59 des

343 2904 577 72 Treppenlaufens,
988 2904 100 57 die
1154 2919 147 39 man
1361 2900 100 56 nie
1521 2895 244 61 wieder
1823 2898 210 63 gutma-

346 3009 159 57 chen
566 3005 173 59 kann
798 3039 77 7 —
927 3039 76 5 —
1064 3002 100 57 die
1223 2998 119 60 alle
1405 2995 271 64 tauchen
1737 2995 57 56 in
1860 2992 210 59 einem

341 3107 324 66 winzigen
712 3103 327 61 Zeitraum
1086 3098 124 60 auf.
1278 3098 489 63 Erinnerungen
1809 3127 78 5 —
1930 3090 140 57 eine

345 3205 213 59 lahme
616 3202 240 59 Sahara
912 3200 190 68 oben,
1156 3196 103 60 die
1315 3193 152 61 alles
1521 3190 295 67 bedeckt,
1869 3224 79 6 •—
2001 3205 69 41 es

343 3303 320 61 schmerzt
739 3318 68 41 es
880 3298 321 61 schmerzt
1264 3330 78 5 —
1417 3293 150 59 aber
1635 3291 181 58 diese
1894 3286 144 68 Apri-

343 3401 447 61 kosenbäume
868 3403 186 56 unter
1125 3395 112 59 der
1305 3388 513 71 Sahara-Decke,
1892 3386 178 59 diese

343 3500 376 61 blühenden
788 3494 627 72 Aprikosenbäume,
1483 3491 93 59 sie
1635 3489 252 66 steigen
1957 3501 117 43 nur

346 3605 229 55 immer
626 3598 106 61 auf
782 3596 130 59 und
963 3596 98 59 ab.
1139 3593 357 69 Regionen,
1550 3589 337 68 Regionen
1940 3583 132 61 und

346 3698 368 64 Schwindel
783 3696 134 61 und
983 3693 381 61 Schluchten
1428 3726 77 6 —
1574 3706 130 41 nun
1770 3684 110 63 auf
1945 3684 127 59 den

346 3799 281 70 Stiegen,
709 3794 240 70 hinauf,
1027 3813 117 39 nur
1213 3789 242 68 hinauf,
1533 3787 351 68 schleppen
1955 3801 119 41 nur

345 3898 352 69 schleppen
770 3896 177 57 diese
1052 3889 378 71 ungeheuer
1493 3887 286 60 schwere
1852 3881 218 59 Habe!

343 4001 146 64 .Wie
534 4016 148 39 man
724 3994 352 71 gebunden
1113 3992 78 60 ist
1229 4026 77 5 —
1342 3987 132 61 und
1515 3987 122 60 wie
1679 4002 147 41 man
1865 3980 175 61 fürch-

350 4102 106 61 tet,
521 4097 122 58 wie
705 4092 180 61 sehr!
944 4111 37 39 o
1046 4091 215 57 dieses
1320 4085 383 68 Gedränge!
1765 4118 78 5 —
1904 4079 173 59 Aber

346 4197 109 59 die
512 4192 606 71 Aprikosenbäume
1178 4189 252 66 steigen
1484 4184 171 59 ohne
1718 4180 173 71 Rast,
1947 4197 87 43 wa-

350 4314 140 41 rum
568 4294 109 61 hat
749 4292 144 58 also*
958 4287 301 61 niemand
1335 4285 102 58 nie
1510 4284 100 59 ein
1686 4282 189 57 Wort
1945 4295 130 41 von

345 4387 232 64 diesen
612 4382 307 66 erzählt?
959 4380 280 64 Warum
1278 4394 211 66 sagen
1527 4375 123 63 wir
1677 4373 144 65 also
1843 4372 237 62 immer

351 4495 295 68 anderes,
705 4492 92 59 als
849 4507 137 42 was
1039 4483 543 73 Aprikosenblüte
1640 4483 98 65 ist,
1794 4478 90 60 als
1938 4495 137 41 was

348 4593 183 68 fliegt
578 4590 134 61 und
759 4587 209 71 klopft
1012 4622 76 5 —
1137 4587 61 66 ja
1245 4583 178 60 diese
1476 4582 211 57 lassen
1740 4578 103 59 die
1894 4577 138 57 Men-

350 4690 438 63 schenherzen
853 4685 262 69 klopfen
1163 4732 10 10 .
1220 4731 14 11 .
1279 4683 58 59 .?

353 4829 151 61 Und
570 4825 90 61 als
722 4825 85 60 ob
866 4842 63 41 er
990 4820 377 63 schwimme
1425 4853 78 6 —
1564 4820 98 56 rot
1723 4820 117 55 rot.
1930 4810 144 59 Und

350 4947 78 43 so
473 4927 185 66 fängt
707 4942 64 41 er
817 4941 78 40 an
947 4922 116 59 mit
1102 4936 287 42 warmen
1442 4915 261 68 Augen:

2194 423 213 71 „Selig
2461 421 163 66 sind,
2680 421 100 58 die
2832 421 78 58 da
2966 416 169 61 reich
3188 414 164 66 sind,
3408 413 169 59 denn
3631 411 90 58 sie
3775 408 102 59 fah-

2194 541 106 41 ren
2373 523 170 57 ohne
2614 519 282 68 Bagage,
2957 518 163 66 selig
3188 514 164 65 sind,
3418 513 102 57 die
3591 509 122 59 voll
3782 526 129 41 von

2195 621 315 69 Kämpfen
2585 619 129 59 und
2788 634 151 43 vom
3012 612 328 65 Reichtum
3433 612 114 56 der
3620 606 289 64 Räusche

2192 721 164 59 sind.
2444 717 271 68 Unselig
2778 716 144 59 sind
2981 731 117 42 nur
3159 712 103 60 die

2195 856 153 58 Eine
2414 855 112 59 der
2587 853 369 68 Gläubigen
3012 848 277 69 wankte,
3354 846 89 58 als
3504 861 192 41 wenn
3763 860 144 39 man

2192 956 90 58 sie
2338 973 79 39 an
2471 953 102 57 die
2624 951 205 61 Stirne
2883 946 393 71 geschlagen
3328 943 195 71 hätte,
3581 941 171 59 dann
3802 939 73 58 be-

2190 1073 175 49 gann
2419 1054 88 58 sie
2560 1070 101 40 am
2707 1068 250 51 ganzen
3010 1046 190 59 Leibe
3250 1063 73 41 zu
3376 1044 242 61 zittern.
3692 1037 219 61 Außer

2192 1153 95 57 ihr
2361 1151 153 59 aber
2582 1148 230 60 wurde:
2874 1144 307 61 niemand
3254 1142 430 70 irgendetwas
3753 1136 127 61 Selt-

2190 1269 214 43 sames
2460 1249 282 70 gewahr.
2820 1246 127 59 Der
3000 1244 142 63 Kerl
3196 1242 127 61 hält
3374 1259 66 41 es
3496 1239 159 61 auch
3706 1236 203 61 schon

2194 1352 112 60 mit
2380 1349 124 59 den
2582 1346 309 64 Reichen!
2961 1344 320 59 brummte
3359 1341 98 59 ein
3528 1335 381 61 Steinhauer

2194 1452 108 60 mit
2358 1456 205 54 rotem
2619 1444 440 63 Schnurrbart.
3134 1442 116 58 Die
3308 1435 599 73 Aprikosenbäume

2192 1549 152 59 aber
2400 1547 283 59 winkten
2742 1544 170 59 ohne
2969 1540 210 65 Ruhe:

2194 1684 213 70 „Selig
2482 1683 162 64 sind,
2719 1681 110 58 diel
2885 1681 86 58 da
3044 1678 244 66 lachen,
3360 1672 170 60 denn
3604 1688 136 42 was
3809 1667 103 60 für

2192 1786 100 57 ein
2339 1779 429 64 Unterschied
2815 1781 80 59 ist
2932 1776 317 61 zwischen
3294 1774 124 59 den
3460 1772 253 58 Tränen
3758 1786 151 41 vom

2192 1884 273 58 Weinen
2524 1881 130 59 und
2710 1879 212 59 denen
2974 1894 151 41 vom
3183 1872 296 61 Lachen?
3552 1871 157 55 Man
3769 1867 143 61 hört

2190 1982 100 60 bei
2360 1981 111 59 der
2532 1981 422 66 Morgenröte
3013 1976 115 57 das
3191 1974 359 56 Wimmern
3611 1969 112 59 der
3785 1965 88 58 Ge-

2194 2082 252 68 liebten,
2505 2077 168 61 doch
2725 2096 133 40 wer
2908 2075 110 60 hat
3069 2091 103 40 am
3225 2067 522 63 Scheiterhaufen
3802 2084 74 49 ge-

2190 2180 239 61 weint?
2500 2177 171 68 Selig
2720 2175 143 60 sind
2910 2175 102 56 die
3064 2170 401 68 Lachenden,
3515 2167 101 57 die
3669 2167 59 56 in
3780 2164 101 57 vol-

2192 2279 88 59 ler
2343 2279 150 59 Lust
2553 2275 421 65 verbrennen,
3034 2272 171 57 denn
3266 2269 101 57 die
3426 2263 309 61 Wehmut
3794 2263 113 58 des

2192 2375 334 61 Schaffens
2580 2374 232 69 gehört

2194 2494 215 71 „Selig
2471 2492 165 68 sind,
2698 2490 104 58 die
2861 2487 169 61 nicht
3093 2484 234 62 einmal
3391 2482 157 59 nach
3613 2480 112 59 der
3784 2477 84 59 Ge-

2194 2592 377 69 rechtigkeit
2631 2592 286 66 dürsten,
2979 2605 68 41 es
3105 2587 81 61 ist
3244 2583 103 60 die
3404 2578 334 61 Wahrheit
3801 2580 72 56 im-

2194 2714 134 39 mer
2382 2692 252 69 anders,
2690 2690 115 58 das
2856 2685 266 61 Gesicht
3174 2685 112 58 der
3335 2680 337 59 Wahrheit
3723 2675 189 71 gährt

2194 2790 166 61 doch
2436 2793 223 56 immer
2729 2822 76 5 —
2868 2787 164 66 selig
3103 2780 146 61 sind
3315 2782 103 57 die
3493 2775 414 69 Gährenden,

2192 2890 317 69 übergebt
2563 2888 161 60 euch
2776 2885 144 59 dem
2978 2885 374 61 Hämmern,
3408 2880 91 57 ihr
3548 2876 148 60 sollt
3750 2875 156 57 nach

2197 2992 252 61 Küssen
2497 2988 283 66 dürsten,
2829 2983 161 59 nach
3030 2980 178 59 Tiefe
3252 2978 132 59 und
3426 2975 160 61 nach

2192 3124 356 61 Wahrlich!
2610 3124 175 57 diese
2842 3120 332 60 schweren
3228 3113 249 61 Schuhe
3535 3110 218 61 reiben
3807 3107 102 59 die

2197 3222 286 64 Knöchel
2529 3220 107 61 auf
2676 3218 132 61 und
2849 3237 66 41 es
2961 3215 279 61 drücken
3283 3213 157 58 auch
3486 3212 101 57 die
3636 3207 271 62 Kleider.

2199 3323 108 60 Bei
2372 3320 208 61 Nacht
2641 3318 105 60 auf
2802 3318 101 58 die
2968 3312 396 62 Landstraße
3425 3308 230 70 laufen,
3718 3323 196 43 wenn

2195 3442 66 41 es
2319 3423 136 58 sein
2509 3420 191 69 kann,
2754 3415 126 61 daß
2937 3415 124 59 den
3115 3412 262 59 Graben
3435 3408 259 66 entlang
3747 3406 162 58 Tote

2194 3523 211 68 liegen
2470 3555 76 7 —
2609 3520 247 57 einsam
2918 3517 83 55 im
3064 3513 310 61 finsteren
3437 3510 279 56 Zimmer
3779 3503 130 59 und

2195 3625 83 56 im
2361 3620 249 69 Walde,
2709 3618 209 66 Angst
2991 3632 115 40 vor
3184 3611 310 58 Visionen
3591 3605 128 59 und
3799 3620 113 40 vor

2195 3718 471 61 schrecklichen
2722 3715 310 61 Stimmen
3088 3711 113 58 des
3250 3708 270 57 Windes
3577 3703 210 59 haben

2199 3821 144 58 nein
2412 3820 148 55 nein
2622 3852 76 5 —
2759 3833 73 41 so
2900 3808 445 71 eingekerkert
3408 3806 164 59 sein!
3642 3801 130 61 und
3835 3818 76 41 so

2195 3918 256 62 stehen!
2502 3933 115 41 nur
2661 3911 257 63 stehen!
2963 3904 392 65 vereinsamt
3398 3903 130 59 und
3570 3899 175 63 nicht
3784 3899 101 59 ein-

2201 4016 123 59 mal
2368 4016 125 58 den
2534 4014 146 60 Mut
2717 4009 230 70 haben,
2993 4006 366 71 jemandem
3399 4004 109 58 die
3548 4001 190 57 Arme
3780 4004 102 54 ent-

2192 4102 628 88 gegenzustrecken
2839 4099 8 66 !
2890 4150 15 15 .
2944 4152 12 13 ,
2995 4148 15 14 .
3047 4097 195 63 Doch
3276 4096 98 64 sie
3411 4113 146 61 nur,
3582 4091 105 64 die
3714 4089 164 78 Apri-

2190 4206 466 66 kosenbäume
2724 4202 349 82 begegnen
3144 4197 125 63 den
3330 4196 213 62 Toten
3601 4189 134 66 und
3792 4187 126 64 wie

2199 4314 203 61 schön
2455 4312 101 60 die
2607 4311 208 61 Toten
2861 4306 146 61 sind
3052 4355 12 10 .
3113 4355 12 8 .
3171 4353 10 10 .
3235 4299 352 64 Tick-tack!
3647 4295 264 60 Flächen

2201 4414 284 59 öffneten
2541 4411 134 59 sich
2729 4426 149 51 nun,
2929 4406 103 59 die
3084 4402 293 61 scharfen
3433 4397 212 61 Kiesel
3696 4412 186 51 spran-

2199 4531 125 51 gen
2404 4509 106 61 auf
2580 4509 127 59 wie
2775 4505 369 66 Kastanien,
3222 4500 128 60 und
3423 4517 66 41 es
3567 4497 347 59 zerstreute

2201 4610 133 61 sich
2404 4610 115 58 das
2587 4607 160 59 liebe
2810 4607 205 66 grüne
3084 4600 175 61 Licht
3316 4634 73 5 —
3462 4615 68 41 es
3598 4597 79 57 ist
3741 4592 175 59 dann

2201 4710 165 60 doch
2424 4710 139 58 eine
2620 4704 266 71 Freude,
2934 4704 86 59 da
3071 4702 142 57 drin
3266 4717 76 41 zu
3394 4695 234 71 gehen.
3703 4693 213 58 Grün!

2201 4810 194 68 grün!
2500 4807 166 57 Aha!
2761 4805 230 58 darum
3095 4798 135 61 also
3306 4797 225 62 strahlt
3601 4793 129 70 der,
3806 4792 118 59 der

2202 4907 271 71 predigt.
