4112 5461
369 5142 83 59 96

380 441 406 62 strahlender
842 446 491 74 Mandelbaum,
1389 451 127 59 den
1570 451 117 59 das
1746 452 366 63 Karmoisin

380 539 455 76 überströmte,
888 544 173 61 dann
1106 546 109 60 fiel
1259 568 68 40 er
1371 549 99 69 ab,
1520 552 115 58 mit
1679 552 247 60 seinem
1977 557 102 56 när-

382 640 252 61 rischen
712 642 327 64 Tick-tack
1111 647 133 59 und
1315 649 228 59 seinen
1618 651 453 71 herumbalgen-

380 739 129 61 den
568 740 376 63 blühenden
1001 744 305 62 Stauden.

383 857 132 61 Der
565 860 612 77 Kastanienbäcker,
1228 866 92 59 als
1369 886 66 39 er
1481 867 247 61 abends
1774 872 147 66 spät
1967 871 147 59 dort

382 957 462 73 vorüberging,
956 962 308 63 erkannte
1367 964 303 64 verblüfft
1768 969 60 57 in
1901 971 210 57 einem

378 1055 635 71 schneegefrorenen
1062 1062 383 63 Leichname
1487 1065 129 60 den
1660 1065 293 73 Priester,
1997 1069 115 59 der

378 1155 156 61 kurz
578 1157 234 62 vorher
854 1179 130 42 von
1028 1162 131 59 ihm
1208 1164 349 62 Kastanien
1599 1165 269 70 gekauft
1914 1169 193 62 hatte.

380 1255 208 71 „Dich
656 1258 142 60 also
866 1258 108 65 hat
1039 1280 147 41 man
1254 1264 203 59 schön
1520 1264 411 71 abgefertigt.
2024 1269 88 61 Ist

377 1355 174 61 noch
622 1358 102 60 ein
791 1358 276 61 bißchen
1137 1362 174 62 Platz
1379 1363 212 61 neben
1657 1365 98 59 dir
1823 1365 135 61 hier
2022 1368 85 58 im

382 1455 294 61 Schnee?
759 1458 102 60 Ich
923 1460 151 59 muß
1133 1462 165 59 mich
1360 1463 165 60 noch
1579 1465 250 69 einiger
1890 1467 185 61 Kasta-

380 1555 152 61 nien
585 1556 391 73 entledigen,
1030 1560 175 59 dann
1254 1563 220 59 werde
1528 1563 98 59 ich
1677 1565 166 59 mich
1899 1565 208 59 neben

378 1653 148 61 dich
575 1655 210 69 legen.
856 1656 135 61 Gar
1035 1658 149 61 kein
1235 1661 517 68 angenehmeres
1804 1663 158 71 Bett,
2016 1665 89 59 als

377 1751 215 63 dieser
632 1755 266 72 weiche,
944 1756 210 61 weiße
1193 1758 277 63 Schnee!
1538 1761 151 60 Und
1724 1763 170 59 doch
1934 1763 171 59 kann

378 1851 100 63 ich
529 1854 178 60 diese
759 1856 427 61 schreckliche
1237 1860 471 62 Nüchternheit
1757 1863 172 59 nicht
1973 1863 102 59 dul-

377 1951 157 63 den!
619 1954 81 60 Es
758 1954 152 60 muß
964 1959 158 68 sein,
1177 1956 129 61 daß
1365 1959 97 60 ich
1521 1961 110 61 mit
1687 1961 256 70 einigen
2000 1963 72 59 be-

378 2053 449 61 rauschenden
888 2056 313 63 Früchten
1257 2059 374 65 irgendeine
1682 2059 208 61 kleine
1948 2063 159 57 Zau-

2234 457 175 63 berei
2459 463 244 61 mache.
2778 466 78 58 Es
2903 464 261 66 handelt
3208 469 134 58 sich
3386 488 105 41 um
3541 471 202 63 nichts
3795 473 129 61 Klei-

2239 576 203 53 neres,
2498 559 93 61 als
2641 561 130 59 daß
2820 566 119 57 wir
2983 564 157 61 alles
3193 586 128 41 von
3374 568 227 61 Grund
3655 588 113 41 aus
3821 590 90 39 um-

2236 657 264 61 wälzen.
2568 661 215 62 Weißt
2827 662 103 71 du,
2976 662 189 63 Pater
3203 664 120 71 Qä,
3364 669 116 56 wir
3518 667 205 61 sollen
3768 671 187 57 einen

2238 776 208 40 neuen
2503 757 185 61 Bund
2740 762 320 60 zwischen
3111 764 200 59 Mann
3367 766 130 57 und
3550 767 206 70 Weib,
3812 769 108 58 zwi-

2236 855 196 60 schen
2505 859 254 68 Jungen
2828 862 134 58 und
3023 862 188 61 Alten

2239 974 80 58 Es
2361 976 190 61 stand
2591 977 114 60 der
2739 979 591 63 Kastanienbäcker
3370 982 161 60 noch
3565 986 144 57 eine
3748 986 205 59 Weile

2236 1072 162 71 dort,
2470 1076 133 59 und
2669 1076 286 71 schaute,
3022 1081 120 57 wie
3211 1082 103 58 die
3381 1081 369 71 Gläubigen
3819 1084 132 59 sich

2234 1179 413 64 zerstreuten,
2703 1175 131 58 und
2884 1179 122 57 wie
3054 1179 93 57 sie
3196 1179 127 59 den
3370 1177 336 66 schweren
3762 1182 189 59 Fluch

2236 1270 112 60 der
2388 1270 176 65 Rede
2603 1275 114 58 des
2757 1274 307 64 Priesters
3105 1277 282 61 ächzend
3421 1280 132 58 und
3592 1280 100 60 die
3733 1282 218 59 Zähne

2227 1368 364 63 fletschend
2639 1372 481 74 herumtrugen,
3171 1377 91 59 als
3304 1397 192 39 wenn
3541 1380 92 58 sie
3679 1380 79 58 im
3809 1382 108 66 Jän-

2236 1489 112 39 ner
2410 1470 102 59 die
2576 1470 232 61 heißen
2867 1473 236 60 Samen
3169 1477 174 59 einer
3404 1479 364 67 tropischen
3834 1480 81 58 Ve-

2232 1572 290 64 getation
2580 1560 487 81 herumtrügen.
3150 1575 188 59 Dann
3396 1577 239 69 beugte
3697 1597 66 41 er
3817 1580 134 59 sich

2236 1668 220 59 nieder
2503 1687 75 40 zu
2629 1670 147 59 dem
2825 1672 205 62 Toten
3081 1675 130 58 und
3259 1675 360 59 streichelte
3672 1677 128 59 ihm
3846 1677 105 59 die

2229 1765 207 62 Stirne
2473 1768 146 61 lieb.
2678 1768 316 71 „Richtig,
3035 1770 188 61 Pater
3470 1783 185 60 sagte
3695 1795 68 39 er
3794 1777 152 71 ihm,

2232 1885 109 51 „es
2398 1868 80 61 ist
2530 1868 204 59 schön
2786 1888 127 39 von
2971 1871 111 66 dir,
3138 1870 126 61 daß
3323 1873 85 58 du
3460 1890 75 41 so
3589 1875 201 57 schön
3843 1893 71 50 ge-

2232 1966 177 61 redet
2778 1968 150 59 Und
2988 1971 206 58 damit
3260 1971 109 63 hat
3426 1992 73 40 er
3565 1973 127 59 ihm
3760 1975 188 59 einen

2231 2064 369 61 blühenden
2668 2068 223 68 Zweig
2950 2070 95 57 ins
3110 2070 167 59 Herz
3338 2071 339 67 gestoßen.
