5143 7038
4883 6779 52 36 59

173 181 94 50 das
298 182 224 62 Messer,
555 185 258 50 betastete
845 185 89 50 die
962 185 206 53 scharfe
1199 186 178 65 Klinge
1413 189 100 49 und
1545 189 138 54 legte

175 279 56 37 es
270 271 85 48 auf
390 268 101 50 den
524 268 368 53 Strohhocker.

266 350 68 51 Er
376 354 215 52 schaute
632 353 284 58 nochmals,
965 355 64 49 ob
1075 356 80 50 die
1215 356 139 51 Türe
1414 358 270 54 versperrt

171 438 92 47 sei.
293 433 254 54 Niemand
579 435 188 51 befand
800 439 113 48 sich
949 441 68 47 im
1051 439 262 55 Korridor.
1345 441 104 49 Der
1483 440 168 54 Augen-

170 516 137 54 blick
342 522 177 48 schien
555 522 255 55 geeignet.
847 522 127 52 Drei
1005 524 136 51 feste
1179 530 103 47 und
1319 523 363 51 entschiedene

171 601 226 53 Schritte
433 608 78 46 tat
550 619 54 35 er
637 618 172 42 gegen
850 607 100 50 den
986 608 176 51 Sessel
1199 610 99 57 hin,
1335 609 230 49 runzelte
1601 608 81 48 die

170 686 382 57 Augenbrauen
595 690 104 48 und
742 692 177 50 wollte
963 693 135 50 nach
1140 694 115 49 dem
1297 693 385 55 Rasiermesser

168 770 204 55 langen.

266 854 174 60 „Nein,
481 860 108 46 erst
875 894 63 5 —
977 860 116 49 fuhr
1137 875 54 34 es
1236 860 100 48 ihm
1380 859 161 49 durch
1583 859 99 49 den

172 937 125 50 Sinn
329 973 63 4 —
430 941 110 56 „ich
580 941 87 50 bin
705 944 288 56 schmutzig
1027 946 102 47 und
1164 944 118 48 muß
1321 948 106 45 erst

264 1022 55 49 In
351 1024 91 48 der
477 1022 163 53 Stube
678 1034 221 45 summte
935 1029 318 54 angenehme
1290 1027 229 49 Wärme.
1556 1028 124 49 Dies

167 1107 274 50 verleitete
490 1109 84 48 ihn
629 1113 107 48 sich
788 1128 63 33 zu
902 1113 303 49 entkleiden.
1286 1110 393 51 Nacheinander

166 1189 138 48 warf
372 1206 53 36 er
496 1208 91 35 zur
655 1195 134 50 Erde
857 1196 98 49 den
1022 1195 269 59 fleckigen,
1366 1196 314 62 spiegeligen

168 1273 308 55 schwarzen
515 1277 348 58 Kellnerrock,
902 1279 79 50 die
1020 1278 194 50 braune
1253 1283 193 52 zottige
1481 1280 198 59 Weste,

168 1356 82 49 die
279 1360 362 55 ausgefranste
668 1362 157 59 Hose,
852 1362 192 53 öffnete
1072 1363 98 49 den
1196 1363 150 49 Hahn
1374 1364 93 49 des
1497 1366 182 48 heißen

189 1439 251 54 Wassers
491 1447 103 47 und
651 1449 108 46 sein
811 1447 193 48 kleiner
1053 1447 415 50 verkümmerter
1521 1449 128 53 abge-

161 1531 268 50 magerter
461 1527 200 56 Körper
695 1531 189 47 konnte
923 1531 154 46 kaum
1117 1534 279 54 erwarten,
1434 1532 97 48 daß
1568 1532 110 49 sich

169 1608 80 51 die
302 1610 203 51 Wanne
554 1612 136 50 fülle.
739 1614 271 55 Unbändig
1057 1616 267 54 purzelten
1389 1616 147 49 darin
1598 1617 81 48 die

166 1691 217 52 Wellen.
428 1694 479 58 Vornübergeneigt
953 1698 326 51 betrachtete
1327 1715 54 34 er
1428 1700 91 51 das
1568 1714 75 34 wo-

166 1779 170 52 gende
385 1779 216 50 Wasser
646 1781 101 47 und
793 1796 92 34 aus
932 1785 197 46 seinem
1175 1794 247 52 mageren
1466 1785 214 56 Rücken

166 1873 196 44 sprang
394 1863 174 50 scharf
598 1864 191 49 hervor
822 1865 92 48 das
947 1869 422 55 treppengleiche
1398 1869 280 59 Rückgrat,

168 1944 93 49 das
292 1948 139 48 einer
463 1946 182 50 harten
673 1948 279 56 knorrigen
982 1950 260 51 Holzader
1269 1967 93 35 aus
1391 1955 165 47 einem
1588 1966 60 36 un-

163 2028 312 54 gehobelten
520 2029 147 51 Brett
714 2033 202 49 ähnlich
963 2049 129 37 war.
1186 2035 50 48 In
1285 2037 91 49 der
1428 2037 251 49 nächsten

162 2110 202 52 Minute
401 2113 314 54 plätscherte
755 2132 55 34 er
846 2118 214 50 betäubt
1100 2121 76 46 ins
1217 2119 234 50 Wasser.

259 2195 65 49 Er
358 2198 231 49 streckte
628 2198 79 52 die
745 2200 138 50 Füße
922 2216 108 42 aus,
1066 2202 135 48 warf
1237 2204 98 47 den
1374 2203 135 55 Kopf
1544 2205 133 48 nach

167 2278 173 50 hinten
375 2281 127 48 über
540 2286 97 48 den
671 2283 149 56 Rand
855 2285 89 49 der
978 2286 203 50 Wanne
1218 2288 101 48 und
1355 2289 184 49 wurde
1573 2301 107 35 von

166 2366 352 49 ermattender
556 2366 150 50 Hitze
742 2368 235 50 liebkost.
1047 2369 67 50 Es
1152 2385 112 35 war
1302 2372 103 48 ihm
1449 2372 74 49 als
1563 2373 115 52 läge

168 2460 55 37 er
265 2449 67 47 im
376 2447 121 52 Bett
540 2450 87 49 auf
662 2453 380 49 Wellenkissen
1083 2455 103 48 und
1243 2458 177 46 seinen
1476 2454 200 56 Körper

166 2530 133 51 hülle
329 2532 79 50 die
438 2532 124 51 süße
591 2534 177 50 Decke
801 2537 91 49 des
922 2537 244 50 Wassers
1199 2540 92 56 ein,
1326 2542 141 47 seine
1496 2539 182 55 Augen

166 2615 227 60 glühten,
425 2620 142 46 seine
596 2617 172 53 Haare
799 2620 220 49 wurden
1047 2621 244 57 zerrauft,
1324 2626 110 46 sein
1469 2623 211 49 Gesicht

170 2699 310 51 entbrannte
524 2705 49 45 in
614 2702 147 56 Röte.
805 2703 78 48 An
931 2704 165 50 nichts
1148 2706 184 49 dachte
1380 2720 70 38 er.
1500 2707 180 49 Fühlte

170 2783 111 49 sich
321 2786 308 52 grenzenlos
673 2786 110 52 frei.
863 2786 125 50 Sein
1024 2788 179 50 Leben
1242 2790 82 62 lag
1368 2791 102 47 ihm
1513 2791 165 49 hinter

169 2865 117 50 dem
321 2867 228 56 Rücken.
614 2868 66 50 Er
715 2871 181 53 spielte
932 2874 91 47 mit
1064 2873 116 48 dem
1213 2873 236 58 Wasser,
1487 2874 192 49 öffnete

168 2949 80 51 die
287 2951 196 57 Hähne,
520 2953 208 50 tauchte
762 2958 165 58 unter,
965 2957 181 55 schlug
1184 2957 207 50 dichten
1427 2959 222 55 regenbo-

163 3034 354 55 genfarbenen
562 3035 409 63 Seifenschaum,
1015 3040 109 49 rieb
1169 3041 109 49 sich
1326 3046 98 47 den
1470 3041 209 59 Schopf,

159 3117 149 50 seifte
347 3117 147 63 Kopf,
533 3119 192 60 Ohren,
767 3121 174 57 Brust,
983 3123 135 49 dann
1154 3158 64 4 —
1258 3125 196 48 einzeln
1490 3159 64 5 —
1589 3124 83 50 die

162 3200 141 51 Füße
339 3205 79 48 ein
454 3205 104 47 und
592 3205 285 52 schnaubte
908 3206 184 50 frohen
1127 3206 174 52 Mutes
1340 3212 67 46 im
1445 3209 233 49 Wasser.

164 3283 264 52 Zuweilen
469 3288 190 50 blickte
705 3305 54 36 er
802 3290 115 49 aufs
960 3290 405 61 Rasiermesser,
1407 3293 135 50 doch
1587 3296 61 46 nö-

163 3371 130 53 tigte
324 3371 86 48 ihn
442 3371 94 50 das
572 3371 218 52 Wasser
823 3388 119 34 zum
977 3374 228 51 Bleiben.

259 3454 118 58 „Ich
406 3455 133 49 habe
573 3457 132 48 noch
741 3460 165 53 einige
1235 3489 67 12 —«
1328 3464 151 52 sagte
1512 3476 70 34 er.

259 3537 105 50 Der
412 3537 220 60 Kellner,
683 3541 89 49 der
821 3541 176 51 früher
1048 3544 214 50 niemals
1319 3559 117 34 zum
1491 3543 187 51 Gaffen

162 3619 157 50 Muße
368 3622 258 54 gefunden
678 3626 156 58 hatte,
882 3640 113 35 war
1048 3629 126 51 jetzt
1218 3659 64 5 —
1326 3628 132 49 nach
1505 3629 172 51 vielen

160 3703 194 50 Jahren
399 3703 65 59 —>
507 3721 118 34 zum
675 3709 282 49 erstenmal
1004 3710 149 50 allein
1201 3712 104 48 und
1347 3712 325 50 betrachtete

164 3788 150 55 lange
346 3790 104 48 und
479 3790 237 56 leutselig
748 3792 92 50 das
869 3796 53 45 in
951 3797 89 48 der
1066 3793 154 51 Mitte
1247 3795 90 51 der
1367 3795 161 50 Stube
1557 3796 93 49 flat-

160 3873 183 50 ternde
379 3873 121 56 Gas,
536 3874 80 49 die
649 3874 219 60 Wände,
900 3876 86 50 die
1021 3877 87 48 auf
1140 3877 100 49 den
1270 3878 281 51 Fußboden
1584 3893 60 41 ge-

159 3955 365 51 schleuderten
550 3956 222 59 Kleider,
803 3961 80 50 die
916 3974 54 34 er
998 3962 91 47 mit
1115 3963 138 48 einer
1280 3961 391 50 verzweifelten

162 4039 159 50 Geste
354 4040 338 55 abgeworfen
724 4043 158 58 hatte,
916 4044 80 49 für
1031 4046 150 54 ewig.
1248 4045 66 49 Er
1347 4045 325 49 betrachtete

163 4124 133 48 auch
338 4125 108 48 sich
490 4126 176 50 selbst.
710 4126 293 59 Bemerkte,
1049 4128 98 49 daß
1190 4129 83 48 ihn
1319 4133 109 47 sein
1472 4128 200 57 Körper

158 4209 351 48 interessiere.
551 4209 67 51 Er
662 4210 121 50 hielt
829 4214 78 48 die
949 4211 151 49 Hand
1143 4227 170 41 gegen
1354 4214 81 48 die
1475 4214 170 49 Falter-

155 4288 227 59 flamme,
422 4306 84 35 um
543 4293 79 49 die
660 4294 234 50 rotblaue
930 4294 295 52 Landkarte
1258 4312 64 33 zu
1358 4297 313 57 beschauen,

160 4375 93 49 das
302 4376 543 51 durchschimmernde
890 4378 120 51 Blut
1054 4380 103 49 und
1204 4381 79 50 die
1342 4381 181 48 Linien
1580 4381 92 49 der

159 4457 185 51 blauen
378 4459 173 50 Adern
588 4475 65 34 an
687 4463 90 48 der
813 4462 164 52 Hand.
1046 4464 66 49 Er
1148 4465 219 49 richtete
1404 4465 99 49 den
1538 4464 134 56 Kopf

160 4546 130 47 nach
333 4548 172 54 unten,
550 4549 191 46 starrte
791 4547 86 48 auf
921 4547 80 49 die
1050 4547 173 58 Brust,
1268 4549 81 49 die
1395 4564 53 34 er
1495 4549 173 49 bisher

156 4627 132 49 noch
331 4630 213 49 niemals
585 4630 91 49 mit
717 4630 320 51 besonderer
1080 4631 227 55 Sorgfalt
1351 4632 320 55 angeschaut

158 4709 157 51 hatte.
355 4711 65 50 Er
459 4712 124 49 fand
622 4716 140 46 seine
802 4714 139 49 Haut
975 4714 119 57 fahl,
1131 4716 309 60 buttergelb,
1483 4730 155 41 ausge-

157 4791 237 60 hungert,
435 4796 123 49 aber
600 4798 258 48 trotzdem
905 4801 49 45 in
996 4812 134 41 ganz
1175 4804 176 50 gutem
1394 4800 274 49 Zustande.

161 4877 375 51 Insbesondere
570 4879 168 51 freute
779 4897 53 33 er
872 4883 110 49 sich
1021 4883 237 57 darüber,
1299 4884 94 50 daß
1434 4897 54 35 er
1526 4885 141 48 seine

158 4961 163 55 große
368 4961 134 50 Zehe
551 4965 130 47 nach
731 4964 247 51 Belieben
1042 4967 131 48 nach
1242 4967 173 49 hinten
1483 4968 189 54 biegen

157 5046 208 48 konnte.
402 5046 130 48 Fünf
567 5081 64 4 —
666 5050 150 48 sechs
857 5048 106 50 Mal
998 5050 281 49 versuchte
1318 5066 52 34 er
1412 5066 69 34 es.
1552 5050 116 49 Und

159 5143 55 35 es
246 5130 189 54 gelang
466 5133 145 46 stets.
678 5131 79 48 Ob
786 5146 119 35 man
938 5133 138 49 wohl
1111 5134 156 49 damit
1302 5134 128 50 Geld
1462 5135 178 48 verdie-

155 5215 102 47 nen
291 5214 231 48 könnte?
562 5214 65 48 Er
664 5215 172 48 müßte
873 5218 89 47 mit
1001 5217 116 48 dem
1153 5217 105 48 Fuß
1294 5217 197 52 Violine
1534 5221 108 53 spie-

156 5297 83 49 len
282 5298 177 49 lernen
504 5330 64 4 —
610 5299 90 48 mit
747 5298 96 50 den
889 5298 219 51 Händen
1156 5302 204 48 können
1409 5317 53 34 es
1507 5303 161 50 schon

158 5382 118 49 sehr
306 5382 135 49 viele
469 5416 65 4 —
562 5381 102 49 und
694 5382 194 49 könnte
919 5386 132 47 dann
1080 5387 70 46 im
1179 5385 265 55 Orpheum
1476 5386 166 50 auftre-

156 5467 111 54 ten;
316 5480 53 37 er
415 5465 172 53 müßte
632 5466 118 48 bloß
794 5469 146 45 einen
990 5469 204 50 reichen
1244 5469 188 49 Mäzen
1479 5470 188 54 finden,

161 5548 89 48 der
281 5551 84 47 ihn
396 5550 353 49 unterrichten
781 5549 118 50 läßt.
955 5550 80 49 Ob
1070 5566 54 34 es
1153 5554 138 48 wohl
1319 5556 49 45 in
1401 5552 266 56 Budapest

157 5630 350 53 Fuß-Mäzene
551 5634 145 55 gibt?
743 5634 152 49 Wohl
940 5635 120 48 hielt
1105 5649 53 35 er
1203 5651 58 34 es
1306 5635 79 50 für
1427 5637 207 48 unwahr-

159 5715 291 58 scheinlich,
491 5718 185 49 dachte
717 5718 125 50 afoer
882 5718 234 49 dennoch
1161 5734 57 33 so
1256 5720 149 54 lange
1446 5721 221 47 darüber

159 5800 147 55 nach,
344 5800 96 47 daß
472 5801 103 48 ihm
607 5802 194 49 bereits
838 5803 114 48 sein
984 5801 163 49 Name
1181 5805 50 45 in
1264 5801 281 56 Zeitungen
1584 5803 86 49 auf

160 5881 512 57 Orpheumplakaten
722 5887 102 48 und
870 5889 53 46 in
971 5885 98 50 den
1116 5885 413 50 Lichtreklamen
1577 5890 92 47 der

162 5962 185 53 Straße
399 5967 248 52 erschien.
742 5967 351 53 Heinrich
1149 5969 61 49 H.
1260 5968 408 58 Krakauer,

159 6049 122 51 der
330 6049 568 55 weltberühmte
949 6052 513 51 Fußkünstler.
1542 6053 125 48 810
1676 6049 8 55 ß

159 6133 90 49 der
283 6132 161 50 Name
475 6148 112 34 war
622 6137 138 49 nicht
790 6137 395 56 entsprechend.
1218 6136 71 50 Zu
1322 6137 212 49 solchen
1566 6137 68 48 Ge-

152 6216 329 56 legenheiten
510 6217 118 48 muß
657 6232 119 35 man
806 6225 147 45 einen
981 6220 431 55 Künstlernamen
1443 6220 219 55 wählen,

154 6303 150 47 einen
349 6300 294 56 englischen
682 6303 124 50 oder
844 6305 405 51 französischen.

252 6385 222 51 Oftmals
508 6385 413 51 hintereinander
954 6392 188 51 sprach
1175 6405 54 34 er
1261 6391 175 47 seinen
1468 6387 197 49 Namen

159 6483 107 46 aus,
306 6469 124 49 leise
477 6469 90 48 der
607 6464 171 53 Wand
819 6475 343 51 zugewendet
1200 6474 236 48 flüsterte
1485 6487 53 35 er
1579 6471 87 47 ihn

159 6553 75 48 ins
277 6552 233 57 Wasser,
552 6556 49 46 in
642 6552 81 49 die
762 6552 198 59 Hähne,
1001 6557 200 50 erfüllte
1242 6557 79 51 die
1370 6556 161 50 Stube
1574 6557 90 46 mit

159 6634 114 55 ihm.
311 6635 65 51 Er
414 6637 272 51 wunderte
725 6639 108 48 sich
873 6639 133 56 sehr,
1048 6640 100 48 daß
1187 6656 53 34 er
1281 6643 145 47 einen
1466 6638 198 49 Namen

1807 188 158 58 hatte,
1998 189 104 50 und
2136 190 194 55 gerade
2365 191 175 50 diesen
2572 190 213 52 Namen.
2822 191 242 52 Heinrich
3096 193 62 50 H.
3189 191 97 57 Kra-

1808 272 176 49 kauer.
2020 272 127 55 Kein
2179 276 316 48 vornehmer
2533 274 163 53 Name
2736 291 160 44 zwar,
2937 278 132 50 doch
3107 280 65 48 ist
3213 278 105 49 ihm

1809 359 112 47 eine
1954 360 229 51 gewisse
2215 362 230 53 traurige
2475 359 174 50 Musik
2684 362 162 55 eigen.
2880 362 73 48 Im
2986 361 209 50 Grunde
3227 367 60 50 ge-

1809 454 242 35 nommen
2097 443 176 50 schien
2318 458 55 34 es
2418 444 101 48 ihm
2567 444 118 52 sehr
2730 446 229 56 seltsam,
3009 444 96 50 daß
3152 447 164 53 einige

1805 522 333 54 Buchstaben
2172 531 148 46 einen
2350 541 202 42 ganzen
2578 527 287 53 Menschen
2893 528 274 51 bedeuten.
3196 529 91 48 Die-

1807 622 85 35 ser
1933 608 162 52 Name
2137 610 277 50 bedeutete
2458 611 100 57 ihn,
2604 616 179 45 seinen
2826 613 265 58 Schmerz,
3138 615 180 47 seinen

1806 692 228 62 Hunger,
2078 698 178 46 seinen
2295 693 215 59 Körper,
2559 695 98 52 den
2701 712 54 34 er
2804 698 196 49 wieder
3040 695 276 57 eingeseift

1806 776 159 58 hatte,
2001 780 215 50 zärtlich
2258 779 102 48 und
2395 779 283 57 sorgfältig.
2714 780 128 57 Rein
2879 782 178 49 wollte
3095 797 54 34 er
3189 784 125 56 sein,

1806 860 345 61 schneeweiß,
2196 863 265 50 makellos.
2544 864 53 48 In
2639 864 239 50 leichtem
2921 865 394 50 Seifenschaum

1809 943 189 52 badete
2042 960 70 37 er.
2195 947 146 49 Auch
2389 947 92 50 das
2525 949 51 48 in
2622 947 92 51 der
2756 948 202 54 Wanne
3007 949 307 56 dampfende

1806 1027 220 52 Wasser
2065 1045 113 34 war
2219 1044 107 35 von
2365 1033 139 47 einer
2545 1030 185 49 dicken
2777 1032 408 53 Seifenschichte
3225 1035 61 48 be-

1806 1112 168 59 deckt,
2017 1118 103 45 wie
2164 1114 181 52 Kaffee
2403 1129 107 34 von
2571 1115 294 55 doppeltem
2927 1117 242 50 Schaum.
3246 1117 66 48 Er

1804 1197 211 49 tünchte
2061 1199 108 48 sich
2223 1199 266 48 nochmals
2534 1199 137 48 weiß
2743 1213 78 43 an,
2886 1206 184 45 wusch
3137 1204 175 46 seinen

1807 1279 208 62 Schopf,
2050 1284 141 48 seine
2227 1283 188 56 Haare,
2456 1285 142 47 seine
2634 1282 191 58 Ohren,
2860 1284 82 49 die
2978 1284 172 61 Brust,
3190 1285 123 50 alles

1805 1365 193 50 ebenso
2025 1369 101 47 wie
2151 1367 200 57 vorhin,
2379 1367 122 49 aber
2526 1367 133 50 noch
2687 1367 221 58 eifriger,
2936 1368 158 50 damit
3123 1384 52 37 er
3203 1369 110 48 sich

1805 1449 124 49 alles
1966 1449 310 51 Schmutzes
2307 1451 162 54 völlig
2506 1450 270 56 entledige.

1899 1532 66 49 Er
2001 1533 193 51 öffnete
2238 1537 79 49 die
2352 1533 195 59 Hähne,
2583 1534 97 49 ließ
2716 1535 219 50 frisches
2974 1535 102 49 und
3114 1535 198 50 wieder

1804 1615 219 54 frisches
2072 1617 219 53 Wasser
2341 1618 87 47 auf
2475 1621 109 48 sich
2637 1619 391 50 niederstürzen
3078 1619 102 48 und
3231 1620 80 47 die

1804 1699 139 53 Seife
1976 1702 184 50 wurde
2191 1717 64 34 zu
2291 1705 137 46 einer
2463 1703 181 48 immer
2679 1702 263 51 dünneren
2980 1703 307 49 durchsichti-

1803 1799 159 40 geren
1999 1785 241 51 Schichte
2280 1789 84 48 auf
2396 1786 121 49 ihm.

1898 1869 177 57 „Auch
2100 1872 124 52 jetzt
2249 1869 86 49 bin
2359 1870 80 49 ich
2464 1870 135 49 noch
2622 1870 139 50 nicht
2953 1905 63 4 —
3041 1873 269 51 jammerte

1806 1967 70 35 er.
1911 1986 64 5 —
2011 1954 125 59 „Die
2175 1952 138 50 Seife
2346 1957 69 47 ist

1896 2036 115 48 Von
2048 2051 183 35 neuem
2270 2040 121 53 ging
2433 2052 54 34 er
2528 2052 91 36 ans
2661 2037 544 56 Sich-Reinwaschen.
3245 2037 66 49 Er

1805 2120 107 48 rieb
1955 2122 80 47 die
2077 2121 171 49 Stirne
2295 2125 94 47 ein.
2432 2122 115 48 Und
2590 2123 65 47 da
2695 2122 84 49 fiel
2821 2123 103 48 ihm
2971 2123 242 55 plötzlich
3250 2156 62 5 —

1804 2203 131 50 ohne
1961 2206 151 52 jeden
2142 2205 176 48 Grund
2347 2237 64 5 —
2439 2208 81 46 ein
2547 2205 395 56 Berufskollege
2974 2209 94 52 ein,
3099 2221 64 34 an
3196 2206 87 49 des-

1804 2301 91 34 sen
1930 2287 162 50 Name
2131 2303 54 34 er
2220 2289 109 49 sich
2369 2289 137 49 nicht
2542 2289 145 50 mehr
2723 2293 272 48 erinnerte.
3032 2289 65 51 Er
3136 2289 175 49 wußte

1804 2370 132 57 bloß,
1976 2372 96 48 daß
2109 2386 54 35 er
2198 2387 97 34 vor
2333 2375 134 47 zwei
2503 2372 193 51 Jahren
2734 2376 91 47 mit
2864 2376 165 47 einem
3063 2372 249 50 Markeur

1803 2457 50 46 in
1900 2458 165 46 einem
2112 2456 368 50 Franzstädter
2524 2456 313 53 Kaffeehaus
2887 2457 288 50 bedienstet
3224 2471 59 41 ge-

1804 2552 178 37 wesen
2010 2554 112 34 war
2154 2541 103 47 und
2290 2540 195 49 diesem
2517 2544 139 47 eines
2687 2540 209 59 Nachts,
2926 2544 51 47 in
3007 2541 305 49 trunkenem

1804 2620 276 61 Zustande,
2119 2631 134 44 zwei
2296 2625 201 48 Gulden
2537 2639 91 36 aus
2673 2626 89 48 der
2802 2625 205 50 Tasche
3043 2625 269 55 gestohlen

1804 2706 157 50 hatte.
1996 2707 65 48 Er
2095 2708 175 56 hoffte,
2306 2708 101 48 ihm
2440 2708 99 50 den
2572 2708 194 56 Betrag
2802 2723 82 34 am
2918 2709 248 49 nächsten
3199 2708 114 54 Tag

1807 2791 368 55 zurückgeben
2226 2807 64 34 zu
2340 2793 220 50 können.
2618 2791 159 50 Einen
2828 2791 183 50 Monat
3060 2792 250 49 hindurfch

1805 2875 181 49 wurde
2023 2890 53 34 er
2113 2879 133 46 noch
2282 2891 106 33 von
2424 2876 117 48 dem
2582 2876 283 48 Gedanken
2902 2876 223 55 geplagt.
3163 2875 149 48 Dann

1802 2958 197 54 vergaß
2039 2973 53 34 er
2130 2959 92 50 das
2260 2959 191 50 Ganze.
2487 2960 241 60 Seltsam,
2766 2959 97 49 daß
2899 2960 104 48 ihm
3039 2960 109 48 dies
3187 2961 123 52 jetzt

1806 3041 304 56 eingefallen
2142 3057 129 35 war.
2307 3042 130 50 Was
2469 3043 106 50 will
2608 3045 125 53 jetzt
2763 3057 108 36 von
2902 3044 105 48 ihm
3046 3043 90 51 der
3169 3042 108 49 Mar-

1806 3126 164 49 keur?
2014 3126 106 49 Der
2155 3126 248 51 Markeur
2441 3141 112 36 war
2594 3128 81 49 ein
2716 3141 168 36 armer
2923 3126 175 50 Mann.
3172 3126 139 50 Jetzt

1808 3212 224 48 erinnert
2077 3225 54 35 er
2175 3210 110 50 sich
2327 3211 161 50 schon
2533 3226 66 34 an
2643 3211 100 50 ihn.
2818 3210 65 51 Er
2928 3214 243 48 stammte
3218 3223 93 37 aus

1804 3293 249 57 Böhmen,
2103 3294 191 55 sprach
2347 3294 317 57 mangelhaft
2716 3295 276 56 ungarisch
3044 3295 103 48 und
3197 3293 114 50 hieß

1802 3376 232 50 Wenzel.
2110 3377 153 50 Seine
2312 3377 233 51 braunen
2586 3378 184 57 Augen
2812 3379 223 49 blickten
3080 3381 92 47 mit
3220 3391 62 36 un-

1800 3461 345 56 schlüssigem
2189 3461 301 51 Schrecken
2529 3465 54 47 in
2628 3463 79 49 die
2756 3462 153 61 Welt,
2954 3476 185 34 waren
3181 3465 130 48 stets

1799 3548 224 56 gerötet,
2070 3547 73 49 als
2187 3548 186 48 würde
2412 3561 59 35 er
2511 3548 185 49 vorhin
2740 3547 230 55 geweint
3017 3546 190 56 haben;
3256 3559 56 38 en

1801 3632 120 52 trug
1955 3631 148 48 einen
2133 3631 201 54 spitzen
2364 3630 426 56 gabelähnlichen
2819 3629 363 58 Schnurrbart,
3219 3630 91 48 der

1800 3713 110 49 sich
1939 3713 336 58 kriegerisch,
2308 3716 102 47 wie
2447 3714 82 49 die
2563 3713 186 50 Fühler
2786 3715 140 48 eines
2962 3713 349 49 riesenhaften

1799 3795 338 58 Bockkäfers,
2176 3796 132 50 nach
2342 3799 137 47 zwei
2518 3796 179 50 Seiten
2732 3797 292 49 wendeten.
3060 3795 249 50 Schmerz

1802 3879 349 51 durchzuckte
2190 3884 110 45 sein
2335 3879 154 60 Herz,
2527 3880 67 49 da
2633 3896 55 34 er
2721 3882 124 52 jetzt
2882 3894 66 35 an
2981 3880 84 49 ihn
3106 3879 202 50 dachte.

1801 3962 67 50 Es
1908 3966 65 49 ist
2015 3966 110 49 eine
2167 3962 273 58 Schmach,
2483 3964 95 49 daß
2622 3967 77 48 ein
2741 3978 169 34 armer
2948 3962 218 50 Mensch
3209 3963 99 48 den

2613 4020 4 16 $

1800 4047 226 51 anderen
2071 4048 254 48 bestiehlt.
2365 4047 356 56 Wochenlang
2766 4048 226 49 erzählte
3036 4047 92 49 der
3170 4045 103 49 Mar-

1800 4131 128 48 keur
1961 4131 184 62 jedem,
2181 4131 89 49 der
2310 4131 102 52 ihm
2448 4133 51 46 in
2535 4132 99 47 den
2669 4130 135 56 Weg
2838 4131 100 58 lief,
2973 4131 81 49 die
3091 4130 186 50 sonder-

1798 4216 124 50 bare
1954 4215 325 51 Geschichte.
2309 4215 146 49 Doch
2487 4215 90 49 hat
2607 4230 53 35 er
2691 4214 213 50 niemals
2934 4215 86 49 ihn
3049 4213 225 53 verdäch-

1799 4301 109 53 tigt.
1946 4298 146 50 Auch
2129 4299 211 49 deshalb
2383 4299 173 49 müßte
2595 4314 54 34 er
2688 4299 78 49 die
2805 4301 134 47 zwei
2979 4298 200 49 Gulden
3217 4312 60 34 zu-

1795 4382 311 55 rückgeben.
2143 4382 124 49 Dies
2310 4381 118 50 muß
2468 4385 125 51 jetzt
2631 4382 232 55 geregelt
2902 4381 230 58 werden,
3171 4379 134 50 noch

1799 4466 153 49 heute
1996 4481 239 42 morgen;
2284 4481 54 35 er
2386 4466 134 49 wird
2563 4467 86 48 ihn
2688 4468 71 46 im
2819 4464 313 55 Kaffeehaus
3196 4464 83 49 auf-

1796 4550 196 49 suchen
2024 4550 102 49 und
2153 4551 353 56 eingestehen,
2542 4551 97 48 daß
2678 4565 54 37 er
2767 4549 90 50 der
2893 4549 129 49 Dieb
3054 4561 253 42 gewesen

1798 4637 89 46 sei.
1927 4634 196 49 Früher
2160 4635 169 49 könne
2368 4649 54 35 er
2463 4634 141 49 nicht
2639 4634 228 49 sterben.
2905 4632 121 52 Will
3065 4646 122 35 man
3223 4634 78 47 für

1798 4720 137 52 ewig
1971 4717 288 59 fortgehen,
2306 4732 57 36 so
2406 4718 118 48 muß
2567 4732 118 34 man
2727 4718 215 54 ruhigen
2983 4715 106 50 und
3128 4719 178 47 reinen

1797 4801 302 49 Gewissens
2144 4803 125 48 sein.

1889 4884 123 50 Dies
2059 4884 170 50 stellte
2280 4900 52 34 er
2382 4884 115 58 fest,
2545 4884 132 50 doch
2723 4886 182 48 wurde
2956 4898 106 36 von
3108 4884 196 50 diesem

1799 4967 286 49 Gedanken
2117 4970 111 47 sein
2258 4967 130 49 Plan
2423 4971 80 46 ein
2535 4970 173 53 wenig
2744 4971 240 45 zerstört.
3020 4966 284 56 Aufgeregt

1797 5050 91 50 saß
1932 5066 54 37 er
2026 5055 67 45 im
2132 5051 218 53 Wasser
2390 5052 102 48 und
2534 5054 218 53 reinigte
2797 5051 107 49 sich
2943 5053 199 46 weiter.
3188 5049 117 49 Und

1794 5135 102 49 viel
1926 5135 264 49 schwerer
2219 5136 132 49 noch
2385 5136 72 49 als
2490 5138 110 47 sein
2629 5135 233 50 Erlebnis
2893 5138 91 46 mit
3016 5135 116 48 dem
3163 5133 106 49 Mar-

1795 5219 131 48 keur
1961 5218 255 51 bedrückt
2252 5219 83 49 ihn
2375 5220 85 49 die
2498 5219 322 56 Erinnerung
2859 5233 61 34 an
2967 5219 97 49 den
3102 5218 204 48 kleinen

1790 5291 235 62 'Pikkolo.
2058 5302 147 49 Denn
2242 5304 81 49 die
2358 5304 405 55 Angelegenheit
2799 5304 133 49 blieb
2972 5303 136 49 nicht
3149 5315 124 41 unge-

1795 5386 205 55 ordnet;
2037 5389 174 52 später
2246 5387 176 49 mußte
2454 5388 118 48 dem
2606 5386 229 50 Cafetier
2867 5388 266 48 bewiesen
3166 5399 102 34 wer-

1797 5469 114 58 den,
1937 5469 101 49 daß
2071 5470 90 49 der
2188 5469 216 50 Pikkolo
2433 5471 94 50 der
2557 5470 129 49 Dieb
2714 5474 92 57 sei,
2837 5470 90 49 der
2959 5503 63 6 —
3049 5469 255 50 nachdem

1799 5569 55 33 er
1893 5568 105 34 von
2036 5553 104 49 ihm
2180 5558 50 44 in
2269 5554 89 50 der
2398 5554 395 55 Telephonzelle
2835 5555 238 47 zweimal
3115 5558 51 44 in
3207 5553 96 49 das

1797 5637 211 50 Gesicht
2044 5638 314 55 geschlagen
2393 5639 219 48 worden
2646 5652 113 34 war
2797 5670 76 26 —■,
2912 5637 123 49 alles
3072 5636 87 49 auf
3195 5635 110 50 sich

1796 5735 309 42 genommen
2136 5722 158 49 hatte.
2324 5722 105 50 Der
2468 5736 142 36 arme
2642 5723 165 48 kleine
2841 5720 185 57 Knirps
3063 5722 152 47 stand
3244 5751 62 5 —

1797 5808 111 48 eine
1944 5805 216 56 Zeitung
2188 5809 54 46 in
2277 5806 92 49 der
2402 5806 154 49 Hand
2589 5806 210 48 haltend
2830 5826 68 17 —*
2929 5804 270 49 beschämt
3235 5805 69 46 im

1794 5889 362 56 Kaffeehause,
2212 5889 214 50 schaute
2476 5892 91 47 mit
2620 5891 175 48 seinen
2848 5888 209 57 großen,
3108 5887 198 55 großen

1794 5973 182 55 Augen
2011 5974 50 47 in
2095 5972 80 49 die
2206 5972 120 50 Luft
2363 5974 104 48 und
2497 5973 181 50 schritt
2717 5973 134 48 dann
2884 5972 251 55 langsam,
3170 5972 131 48 ohne

1796 6058 77 46 ein
1914 6055 153 49 Wort
2106 6071 66 33 zu
2215 6070 176 42 sagen,
2435 6059 415 51 ausgangwärts.
2892 6055 82 59 Er,
3017 6053 282 57 Krakauer,

1794 6141 140 49 hatte
1975 6143 107 47 sich
2125 6140 197 49 damals
2365 6140 361 58 abgewendet,
2765 6154 89 33 um
2898 6139 137 48 nicht
3077 6138 80 49 die
3200 6137 68 48 Au-

1794 6237 99 40 gen
1944 6227 90 47 des
2077 6222 216 51 Pikkolo
2345 6223 160 49 sehen
2549 6237 64 35 zu
2660 6226 225 45 müssen.
2935 6221 367 54 Seinetwegen

1791 6320 113 40 war
1943 6309 89 48 der
2067 6308 167 49 kleine
2270 6306 169 57 Junge
2473 6306 282 56 fortgejagt
2792 6305 217 49 worden
3047 6305 104 48 und
3191 6307 109 46 sein

1794 6390 275 51 Gewissen
2113 6391 288 50 bedrückte
2456 6406 69 42 es,
2577 6391 97 48 daß
2726 6391 167 50 dieser
2946 6389 131 51 ohne
3126 6388 172 50 Heller

1791 6474 273 58 heimging,
2096 6476 239 49 weinend
2368 6476 105 48 und
2501 6490 66 34 zu
2599 6474 121 59 Fuß,
2752 6474 103 49 und
2887 6472 260 50 vielleicht
3175 6474 98 48 seit-

1791 6556 90 49 her
1911 6557 236 56 hungert.
2179 6558 94 49 Mit
2305 6563 140 45 einer
2474 6558 187 49 halben
2688 6558 178 49 Arbeit
2895 6560 144 47 wäre
3072 6572 55 35 es
3159 6555 141 52 nicht

1790 6644 169 49 getan.
2022 6641 65 49 Er
2120 6646 132 47 wird
2287 6643 129 48 auch
2449 6643 98 48 den
2578 6642 215 49 Pikkolo
2829 6641 296 50 aufsuchen.
3157 6640 105 49 Mor-

3443 212 100 40 gen
3591 197 125 49 oder
3760 198 133 49 noch
3936 198 169 59 heute,
4152 200 122 50 oder
4321 204 178 63 sofort,
4556 212 131 48 noch
4743 211 53 47 in
4853 208 90 50 der

3440 281 182 49 Frühe.
3657 281 217 52 Vorerst
3908 283 106 49 will
4049 297 54 35 er
4141 283 143 50 diese
4316 286 187 52 beiden
4538 291 375 57 Angelegenhei-

3440 368 87 47 ten
3564 366 196 50 ordnen
3794 367 104 49 und
3937 367 137 49 dann
4110 367 202 50 hierher
4350 372 76 48 ins
4460 372 111 50 Bad
4607 377 306 49 zurückkom-

3442 461 132 37 men.
3636 450 66 50 Es
3735 453 65 47 ist
3834 451 133 49 auch
3997 451 227 49 nachher
4256 453 130 48 noch
4423 456 137 49 nicht
4590 472 63 34 zu
4683 463 131 51 spät.
4876 460 65 49 Er

3443 533 109 48 rieb
3592 534 107 49 sich
3743 534 80 49 die
3861 535 137 50 Füße
4038 536 103 48 und
4179 536 98 48 ließ
4319 550 159 36 neues
4518 538 213 52 Wasser
4770 547 52 46 in
4860 544 81 50 die

3441 615 218 54 Wanne.
3698 616 97 51 Mit
3836 618 184 51 beiden
4059 619 218 50 Händen
4319 620 181 56 schlug
4538 637 59 34 er
4641 623 85 50 auf
4767 628 175 48 seinen

3439 698 199 56 Körper
3676 703 90 47 los.
3808 701 134 50 Aller
3986 703 247 49 Schmutz
4271 704 146 49 sollte
4455 704 249 51 hinunter.
4744 707 198 58 Zornig,

3439 782 270 60 fanatisch,
3760 786 325 50 verzweifelt
4134 790 183 47 wusch
4367 803 53 35 er
4471 787 122 50 sich.
4677 788 65 49 Er
4794 792 150 49 stand

3441 866 102 51 auf.
3619 867 122 50 Sein
3781 869 139 50 Haar
3960 884 111 34 war
4110 870 619 58 seifenschaumgealtert,
4770 875 174 50 seinen

3439 951 199 56 Körper
3672 952 254 50 bedeckte
3964 954 139 48 dicht
4140 958 78 46 die
4252 955 201 48 weiche
4494 954 310 56 schlüpfrige
4843 957 76 48 far-

3440 1036 88 55 big
3566 1036 307 50 schillernde
3918 1035 423 63 Seifenschichte,
4391 1053 53 34 er
4486 1052 113 36 war
4641 1038 149 59 weiß,
4834 1055 110 33 war

3439 1135 123 33 vom
3617 1119 226 51 Scheitel
3893 1120 78 49 bis
4020 1136 91 33 zur
4181 1122 154 50 Sohle
4402 1122 136 48 weiß
4607 1122 102 48 und
4781 1125 164 47 einem

3439 1203 361 51 Schneemann
3844 1205 181 55 gleich.
4103 1204 65 49 Er
4206 1206 110 48 rieb
4358 1209 141 46 seine
4538 1205 173 57 Brust,
4753 1206 194 56 schlug,

3440 1289 209 49 knetete
3687 1292 88 54 sie,
3814 1289 106 50 rieb
3964 1292 106 46 sein
4109 1289 153 50 Herz.
4301 1288 112 49 Nun
4452 1292 64 53 ja,
4555 1304 113 34 was
4709 1290 65 49 ist
4814 1289 133 49 denn

3439 1375 92 46 mit
3561 1372 116 49 dem
3709 1372 189 50 Weib?
3938 1372 108 50 Seit
4083 1373 108 49 drei
4223 1372 249 49 Monaten
4505 1374 88 48 hat
4627 1388 55 34 er
4718 1387 55 35 es
4810 1372 137 49 nicht

3438 1456 244 55 gesehen.
3727 1456 204 51 Seither
3969 1472 113 33 war
4124 1472 55 34 er
4219 1456 117 49 bloß
4376 1460 49 45 in
4462 1456 355 50 Wirtshäuser
4858 1470 60 41 ge-

3438 1554 219 45 gangen,
3691 1540 408 54 Klavierwerkel
4129 1541 177 58 hören,
4337 1539 179 50 Durak
4551 1541 101 48 und
4684 1538 262 56 Marriage

3440 1625 209 53 spielen.
3685 1625 144 49 Auch
3867 1625 108 48 hier
4011 1628 65 47 ist
4116 1639 53 35 er
4211 1639 71 41 es,
4321 1625 89 48 der
4449 1626 78 48 die
4566 1623 190 50 Schuld
4792 1627 155 50 trägt

3440 1706 94 51 Die
3572 1708 133 48 Frau
3743 1708 86 49 lief
3865 1709 103 48 ihm
4003 1711 103 46 wie
4152 1711 79 47 ein
4268 1708 154 48 Hund
4463 1708 147 57 nach,
4647 1707 159 54 folgte
4842 1706 105 49 ihm

3439 1790 160 51 durch
3635 1791 110 49 fünf
3772 1826 64 5 —
3869 1792 150 50 sechs
4055 1793 218 55 Gassen,
4309 1792 123 50 aber
4472 1806 54 35 er
4560 1790 243 51 wendete
4839 1789 110 51 sich

3438 1875 138 48 nicht
3612 1875 130 48 nach
3778 1877 75 47 ihr
3891 1890 99 34 um.
4026 1875 139 51 Jetzt
4202 1877 92 47 sah
4334 1891 54 33 er
4429 1875 131 49 auch
4604 1875 91 49 das
4731 1873 182 50 blaube-

3439 1957 191 50 blümte
3675 1958 359 51 Taschentuch
4081 1962 167 47 seiner
4293 1960 150 57 Frau,
4490 1959 98 48 daß
4637 1960 74 47 sie
4758 1973 65 34 an
4865 1957 81 49 die

3439 2041 181 55 Augen
3654 2042 250 54 gedrückt
3932 2043 138 50 hielt.
4136 2044 148 48 Dann
4319 2044 203 49 steckte
4558 2058 54 35 es
4647 2044 80 47 die
4763 2040 184 50 Närrin

3439 2128 50 45 in
3530 2126 99 48 den
3665 2125 177 62 Mund,
3885 2126 158 50 damit
4084 2141 120 34 man
4240 2128 76 48 ihr
4357 2127 219 51 Weinen
4619 2126 140 51 nicht
4802 2126 142 48 höre.

3438 2209 171 59 Arme,
3651 2223 142 36 arme
3835 2210 150 57 Frau,
4027 2215 122 50 gute
4193 2211 151 56 Frau,
4383 2211 133 48 liebe
4563 2211 150 56 Frau,
4754 2209 188 49 dachte

3440 2293 91 48 der
3562 2292 220 54 Kellner.
3848 2292 105 49 Vor
3984 2295 191 53 einiger
4209 2293 109 50 Zeit
4351 2293 171 50 erfuhr
4560 2309 52 34 er
4643 2307 102 36 von
4779 2294 166 46 einem

3436 2375 295 50 bekannten
3766 2377 452 55 Dienstmädchen,
4258 2380 72 46 sie
4372 2377 131 50 habe
4539 2377 107 49 sich
4685 2377 74 48 als
4795 2376 121 48 Vice-

3438 2458 396 51 hausmeisterin
3895 2460 328 55 verdungen;
4291 2475 52 33 er
4411 2460 172 49 wußte
4652 2460 130 48 auch
4842 2471 102 34 wo.

3438 2543 172 56 Arme,
3652 2543 146 60 liebe,
3841 2543 204 48 dumme
4090 2543 150 49 Frau.
4322 2542 171 49 Schon
4536 2543 255 49 dämmert
4829 2556 118 34 zum

3438 2626 217 49 Fenster
3699 2626 89 48 der
3830 2625 218 56 Morgen
4091 2626 191 51 herein.
4323 2625 201 53 Kleidet
4572 2640 53 35 er
4671 2626 107 48 sich
4821 2626 125 53 jetzt

3442 2709 154 49 rasch
3634 2724 77 41 an,
3753 2710 189 48 könnte
3986 2725 52 35 er
4075 2713 88 45 mit
4204 2712 73 47 ihr
4314 2708 277 57 sprechen:
4666 2707 98 50 Um
4804 2707 142 50 diese

3437 2791 110 50 Zeit
3565 2792 161 49 öffnet
3747 2797 72 45 sie
3841 2794 91 47 das
3953 2793 118 57 Tor,
4092 2793 148 49 kehrt
4265 2792 91 49 das
4378 2791 359 57 Stiegenhaus,
4759 2791 154 48 scheu-

3439 2884 80 45 ert
3549 2877 78 48 die
3657 2876 255 55 Treppen.
3942 2877 143 49 Auch
4115 2876 79 48 für
4223 2877 83 47 ihn
4333 2875 183 50 würde
4548 2891 55 34 es
4633 2876 109 49 sich
4774 2876 144 54 gezie-

3440 2975 132 43 men,
3627 2961 199 49 endlich
3875 2961 187 49 einmal
4106 2962 84 49 ein
4236 2963 151 52 gutes
4441 2959 153 49 Wort
4642 2973 63 34 zu
4755 2958 76 51 ihr
4881 2971 66 35 zu

3439 3057 176 42 sagen.
3678 3043 115 50 Und
3832 3059 54 35 er
3919 3042 158 53 fühlte
4113 3044 110 49 dies
4256 3057 57 35 so
4347 3045 187 56 innnig,
4571 3041 97 50 daß
4702 3041 104 49 ihm
4839 3054 108 35 von

3439 3128 90 49 der
3561 3127 149 50 Hitze
3744 3142 133 41 ganz
3911 3127 337 56 schwindelig
4281 3126 207 57 wurde;
4530 3141 54 35 er
4618 3125 204 49 machte
4856 3138 61 41 ge-

3437 3226 99 41 gen
3566 3214 79 49 die
3672 3212 173 49 Wand
3875 3213 111 48 eine
4012 3211 449 55 Handbewegung
4488 3210 105 50 und
4621 3208 211 57 erfaßte,
4856 3221 89 35 um

3434 3294 139 50 nicht
3604 3295 473 57 niederzustürzen,
4111 3298 79 49 die
4222 3294 225 49 Dusche.

3532 3377 194 51 Eiskalt
3766 3381 196 47 stürzte
4002 3378 86 49 auf
4123 3378 83 49 ihn
4244 3378 95 50 das
4372 3377 216 50 Wasser
4624 3376 191 56 nieder,
4853 3375 91 49 der

3438 3461 226 50 Schaum
3710 3466 215 51 spritzte
3970 3462 135 50 weiß
4151 3465 52 46 in
4246 3462 86 49 -die
4378 3461 320 54 schmutzige
4741 3459 203 48 Wanne

3438 3546 102 49 und
3574 3548 69 47 im
3676 3547 249 49 nächsten
3962 3545 319 56 Augenblick
4319 3544 153 50 stand
4507 3559 54 35 er
4596 3543 268 50 blankrein
4895 3546 52 46 in

3439 3630 90 50 der
3560 3629 150 52 Mitte
3748 3630 92 50 der
3875 3628 177 51 Stube.

3533 3713 117 57 „Ich
3674 3713 87 48 bin
3960 3744 65 6 —
4052 3714 149 54 sagte
4233 3726 69 36 er.
4925 3715 21 45 %

3530 3795 116 51 Und
3685 3796 215 50 schaute
3934 3796 240 50 lächlend
4212 3795 88 49 auf
4334 3796 94 49 das
4472 3795 403 56 Rasiermesser.

3891 3912 64 6 —
3988 3883 219 51 entrang
4239 3880 179 49 seinen
4445 3879 198 54 Lippen
4681 3879 81 48 ein
4793 3875 122 52 Seuf-

3436 3977 103 43 zer,
3582 3962 133 49 denn
3754 3977 54 34 er
3848 3966 190 46 nannte
4079 3962 109 50 sich
4230 3965 129 47 stets
4402 3962 136 50 beim
4579 3960 262 49 Zunamen
4880 3992 65 6 —

3435 4045 113 59 „Du
3586 4045 100 50 bist
3721 4049 81 47 ein
3837 4046 232 48 dummer
4105 4045 132 49 Esel.
4307 4045 177 52 Kleide
4519 4044 130 50 Dich
4688 4044 154 49 rasch
4878 4058 63 33 an

3432 4128 102 50 und
3574 4129 223 55 erledige
3839 4129 80 49 die
3961 4129 109 49 drei
4107 4127 494 57 Angelegenheiten:
4648 4127 113 48 Den
4802 4125 104 49 Mar-

3429 4212 143 57 keur,
3604 4212 96 49 den
3730 4212 214 49 Pikkolo
3974 4213 101 48 und
4104 4212 132 49 Dein
4260 4211 167 52 Weib.
4458 4210 237 50 Nachher
4724 4209 104 50 will
4858 4211 79 47 ich

3431 4299 91 47 mit
3561 4296 91 49 Dir
3689 4298 49 47 in
3777 4296 181 54 kluges
3997 4295 285 49 Wörtchen
4328 4295 174 48 reden.
4581 4294 137 48 Aber
4759 4292 176 50 früher

3522 4464 273 50 Fröstelnd
3838 4463 240 51 wickelte
4125 4478 53 33 er
4225 4463 92 48 das
4363 4461 142 50 Tuch
4550 4475 84 34 um
4679 4460 108 49 sich
4833 4458 104 50 und

3429 4551 165 47 setzte
3631 4547 110 50 sich
3782 4547 85 49 auf
3906 4547 100 50 den
4044 4546 368 51 Strohhocker.
4451 4546 65 48 Er
4560 4558 113 35 war
4714 4543 86 49 auf
4840 4544 97 48 den

3428 4630 111 50 Tod
3572 4631 322 49 vorbereitet
3927 4630 103 49 und
4057 4630 144 50 hätte
4234 4630 230 49 mühelos
4503 4628 280 50 ausführen
4814 4628 93 47 kön-

3429 4729 114 42 nen,
3582 4729 113 35 was
3735 4729 53 35 er
3826 4715 308 55 vorgehabt.
4171 4714 146 49 Doch
4354 4713 184 50 wurde
4578 4728 54 34 er
4671 4714 125 52 jetzt
4830 4724 107 35 von

3428 4802 116 48 dem
3585 4799 183 49 Gefühl
3805 4799 319 56 beherrscht,
4168 4812 56 35 es
4264 4800 76 46 sei
4380 4796 271 55 eigentlich
4689 4794 109 50 fürs
4837 4795 66 46 Le-

3427 4883 100 49 ben
3555 4883 180 56 bereit,
3766 4897 111 34 wer
3911 4881 86 49 auf
4027 4885 97 48 den
4150 4880 114 49 Tod
4295 4881 322 49 vorbereitet
4646 4883 65 45 ist
4744 4878 103 49 und
4880 4891 55 35 es

3427 4967 169 48 könne
3639 4967 120 49 bloß
3807 4970 87 46 der
3939 4966 163 56 leben,
4146 4965 88 49 der
4279 4966 148 58 ruhig
4472 4964 207 50 sterben
4724 4963 211 48 könnte.

3428 5050 147 49 Doch
3601 5050 145 49 hatte
3778 5066 53 34 er
3861 5052 123 52 jetzt
4016 5050 148 51 keine
4194 5048 112 50 Zeit
4330 5063 119 34 zum
4479 5047 243 50 Sterben:
4756 5044 178 50 Mußte

3428 5148 117 34 zum
3582 5132 262 59 Markeur,
3882 5148 119 34 zum
4034 5133 208 49 Piccolo
4279 5133 104 49 und
4418 5147 65 33 zu
4522 5134 194 47 seinem
4750 5127 185 50 Weibe

3429 5217 144 52 eilen.
3608 5217 128 51 Jede
3775 5221 167 47 seiner
3976 5217 194 52 Fasern
4207 5217 214 54 gehörte
4458 5215 116 49 dem
4609 5213 189 49 Leben.
4869 5211 64 48 Er

3428 5301 160 51 schob
3625 5302 92 47 das
3748 5301 385 56 Rasiermesser
4164 5301 231 58 beiseite,
4429 5298 136 50 warf
4595 5313 57 34 es
4683 5298 169 54 hastig
4885 5298 49 47 in

3431 5386 79 48 die
3543 5384 203 51 Tasche
3785 5387 170 47 seines
3997 5385 389 49 Winterrockes
4425 5386 102 46 und
4562 5381 220 50 kleidete
4825 5380 111 48 sich

3434 5469 193 49 eilends
3680 5483 78 34 an.
3859 5460 245 58 Taulsend
4150 5466 164 51 'Pläne
4367 5466 219 55 gährten
4632 5468 55 45 in
4737 5465 195 48 seinem

3427 5552 178 55 Kopfe.
3638 5552 254 49 Elastisch
3924 5552 182 50 schritt
4141 5568 54 34 er
4232 5564 106 36 aus.
4372 5549 245 49 Draußen
4653 5548 162 57 drang
4851 5548 85 49 auf

3430 5637 116 48 dem
3585 5635 221 50 Himmel
3847 5636 79 49 die
3969 5635 174 50 Sonne
4182 5635 115 55 gelb
4338 5634 101 49 und
4483 5633 307 55 regungslos
4832 5635 103 45 wie

3431 5723 80 47 ein
3539 5719 187 55 großes
3753 5718 358 57 Katzenauge;
4136 5719 86 49 die
4251 5717 178 55 reifige
4455 5717 135 58 Luft,
4622 5718 79 48 die
4733 5716 202 51 weißen

3428 5804 205 49 Dächer
3668 5806 105 49 und
3812 5803 378 51 ausfahrenden
4226 5802 311 54 Tramways
4578 5806 225 45 atmeten
4842 5801 63 47 Le-

3428 5888 248 51 benslust.
3723 5887 66 52 Er
3837 5892 189 45 tastete
4069 5890 52 45 in
4164 5888 172 47 seiner
4388 5885 203 50 Tasche
4637 5886 133 48 nach
4817 5884 117 49 dem

3427 5971 400 58 Rasiermesser,
3865 5971 103 49 und
4003 5969 184 51 dachte
4224 5972 176 55 daran,
4439 5985 55 34 er
4527 5970 181 47 werde
4742 5972 50 44 in
4826 5966 109 48 fünf

3427 6054 233 50 Minuten
3702 6058 47 45 in
3793 6055 88 48 der
3922 6053 241 54 Kammer
4208 6057 170 47 seines
4421 6054 212 48 Weibes
4681 6054 106 45 sein
4830 6050 106 49 und

3428 6141 109 48 sich
3572 6138 116 49 dort
3717 6140 245 47 rasieren.
3994 6137 150 49 Denn
4178 6139 112 48 sein
4321 6137 131 54 Kinn
4481 6151 112 34 war
4627 6135 131 48 noch
4792 6133 112 49 bart-

3427 6222 382 49 überwuchert.
3857 6220 289 56 Uebrigens
4196 6222 123 49 aber
4371 6222 117 48 kam
4539 6234 54 35 es
4643 6218 101 47 ihm
4794 6218 140 49 nicht

3429 6306 184 49 einmal
3647 6305 78 48 für
3760 6308 148 45 einen
3942 6305 318 56 Augenblick
4293 6309 49 45 in
4378 6305 99 48 den
4507 6303 138 56 Sinn,
4681 6301 96 48 daß
4812 6316 119 34 man

3429 6392 82 46 ein
3557 6388 386 56 Rasiermesser
3993 6391 132 48 auch
4171 6405 65 33 zu
4301 6389 244 47 anderem
4614 6387 322 49 verwenden

3426 6473 190 48 könnte
3650 6473 74 48 als
3757 6487 118 34 zum
3911 6472 265 57 Rasieren.

3426 6602 151 55 Einzig
3616 6606 271 42 autorisierte
3909 6597 301 62 Übertragung
4245 6617 78 29 aus
4354 6604 97 41 dem
4474 6604 333 55 Magyarischen
4847 6618 89 31 von

3426 6659 150 44 Stefan
3608 6662 30 41 I.
3661 6662 135 41 Klein.
