<?xml version="1.0" encoding="UTF-8"?>
<alto xmlns:xsi="http://www.w3.org/2001/XMLSchema-instance" xmlns="http://www.loc.gov/standards/alto/ns-v2#" xsi:schemaLocation="http://www.loc.gov/standards/alto/ns-v2# http://www.loc.gov/standards/alto/alto-v2.0.xsd" xmlns:xlink="http://www.w3.org/1999/xlink">
	<Description>
		<MeasurementUnit>mm10</MeasurementUnit>
		<sourceImageInformation>
			<fileName>//fileserver7/IN2/Princeton/Batch5/bmtnabi/1857/12/12_01/00000401.tif</fileName>
		</sourceImageInformation>
		<OCRProcessing ID="OCRPROCESSING_1">
			<preProcessingStep>
				<processingSoftware>
					<softwareCreator>CCS Content Conversion Specialists GmbH, Germany</softwareCreator>
					<softwareName>CCS docWORKS</softwareName>
					<softwareVersion>6.6-1.18</softwareVersion>
				</processingSoftware>
			</preProcessingStep>
			<ocrProcessingStep>
				<processingSoftware>
					<softwareCreator>ABBYY (BIT Software), Russia</softwareCreator>
					<softwareName>FineReader</softwareName>
					<softwareVersion>10.0</softwareVersion>
				</processingSoftware>
			</ocrProcessingStep>
		</OCRProcessing>
	</Description>
	<Styles>
		<TextStyle ID="TXT_0" FONTSIZE="16" FONTFAMILY="Arial"/>
		<TextStyle ID="TXT_1" FONTSIZE="4" FONTFAMILY="Arial" FONTSTYLE="bold"/>
		<ParagraphStyle ID="PAR_LEFT" ALIGN="Left"/>
		<ParagraphStyle ID="PAR_BLOCK" ALIGN="Block"/>
	</Styles>
	<Layout>
		<Page ID="P3" PHYSICAL_IMG_NR="3" HEIGHT="4442" WIDTH="3474" PRINTED_IMG_NR="395" PC="0.928">
			<TopMargin ID="P3_TM00001" HPOS="0" VPOS="0" WIDTH="3474" HEIGHT="256">
				<TextBlock ID="P3_TB00001" HPOS="1646" VPOS="198" WIDTH="98" HEIGHT="55" STYLEREFS="TXT_0 PAR_LEFT">
					<TextLine ID="P3_TL00001" HPOS="1647" VPOS="199" WIDTH="97" HEIGHT="54">
						<String ID="P3_ST00001" HPOS="1647" VPOS="199" WIDTH="97" HEIGHT="54" CONTENT="395" WC="0.40" CC="754"/>
					</TextLine>
				</TextBlock>
			</TopMargin>
			<LeftMargin ID="P3_LM00001" HPOS="0" VPOS="256" WIDTH="76" HEIGHT="4005"/>
			<RightMargin ID="P3_RM00001" HPOS="3313" VPOS="256" WIDTH="161" HEIGHT="4005"/>
			<BottomMargin ID="P3_BM00001" HPOS="0" VPOS="4261" WIDTH="3474" HEIGHT="181"/>
			<PrintSpace ID="P3_PS00001" HPOS="76" VPOS="256" WIDTH="3237" HEIGHT="4005">
				<TextBlock ID="P3_TB00002" HPOS="76" VPOS="337" WIDTH="1565" HEIGHT="3918" STYLEREFS="TXT_0 PAR_BLOCK">
					<TextLine ID="P3_TL00002" HPOS="78" VPOS="338" WIDTH="1557" HEIGHT="61">
						<String ID="P3_ST00002" HPOS="78" VPOS="342" WIDTH="69" HEIGHT="52" CONTENT="ich" WC="0.94" CC="536"/>
						<SP ID="P3_SP00001" HPOS="147" VPOS="394" WIDTH="33"/>
						<String ID="P3_ST00003" HPOS="180" VPOS="351" WIDTH="128" HEIGHT="44" CONTENT="sonst" WC="0.98" CC="00543"/>
						<SP ID="P3_SP00002" HPOS="308" VPOS="395" WIDTH="33"/>
						<String ID="P3_ST00004" HPOS="341" VPOS="345" WIDTH="158" HEIGHT="50" CONTENT="hatte?" WC="0.98" CC="202703"/>
						<SP ID="P3_SP00003" HPOS="499" VPOS="395" WIDTH="43"/>
						<String ID="P3_ST00005" HPOS="542" VPOS="343" WIDTH="190" HEIGHT="52" CONTENT="Freilich" WC="1.00" CC="10005300"/>
						<SP ID="P3_SP00004" HPOS="732" VPOS="395" WIDTH="34"/>
						<String ID="P3_ST00006" HPOS="766" VPOS="345" WIDTH="115" HEIGHT="49" CONTENT="kann" WC="0.96" CC="5644"/>
						<SP ID="P3_SP00005" HPOS="881" VPOS="395" WIDTH="31"/>
						<String ID="P3_ST00007" HPOS="912" VPOS="343" WIDTH="67" HEIGHT="51" CONTENT="ich" WC="0.97" CC="205"/>
						<SP ID="P3_SP00006" HPOS="979" VPOS="395" WIDTH="34"/>
						<String ID="P3_ST00008" HPOS="1013" VPOS="341" WIDTH="146" HEIGHT="51" CONTENT="nichts" WC="0.97" CC="609064"/>
						<SP ID="P3_SP00007" HPOS="1159" VPOS="395" WIDTH="33"/>
						<String ID="P3_ST00009" HPOS="1192" VPOS="338" WIDTH="154" HEIGHT="61" CONTENT="dafür;" WC="0.98" CC="606042"/>
						<SP ID="P3_SP00008" HPOS="1346" VPOS="399" WIDTH="30"/>
						<String ID="P3_ST00010" HPOS="1376" VPOS="357" WIDTH="47" HEIGHT="33" CONTENT="es" WC="1.00" CC="00"/>
						<SP ID="P3_SP00009" HPOS="1423" VPOS="399" WIDTH="32"/>
						<String ID="P3_ST00011" HPOS="1455" VPOS="339" WIDTH="56" HEIGHT="53" CONTENT="ist" WC="0.99" CC="003"/>
						<SP ID="P3_SP00010" HPOS="1511" VPOS="399" WIDTH="30"/>
						<String ID="P3_ST00012" HPOS="1541" VPOS="342" WIDTH="94" HEIGHT="51" CONTENT="rein" WC="0.98" CC="1006"/>
					</TextLine>
					<TextLine ID="P3_TL00003" HPOS="78" VPOS="423" WIDTH="1561" HEIGHT="74">
						<String ID="P3_ST00013" HPOS="78" VPOS="427" WIDTH="276" HEIGHT="70" CONTENT="körperlich," WC="0.99" CC="30060050750"/>
						<SP ID="P3_SP00011" HPOS="354" VPOS="497" WIDTH="33"/>
						<String ID="P3_ST00014" HPOS="387" VPOS="428" WIDTH="90" HEIGHT="51" CONTENT="und" WC="0.99" CC="003"/>
						<SP ID="P3_SP00012" HPOS="477" VPOS="497" WIDTH="33"/>
						<String ID="P3_ST00015" HPOS="510" VPOS="447" WIDTH="51" HEIGHT="32" CONTENT="so" WC="1.00" CC="00"/>
						<SP ID="P3_SP00013" HPOS="561" VPOS="497" WIDTH="33"/>
						<String ID="P3_ST00016" HPOS="594" VPOS="431" WIDTH="131" HEIGHT="63" CONTENT="lange" WC="0.96" CC="47663"/>
						<SP ID="P3_SP00014" HPOS="725" VPOS="497" WIDTH="27"/>
						<String ID="P3_ST00017" HPOS="752" VPOS="428" WIDTH="67" HEIGHT="51" CONTENT="ich" WC="0.99" CC="100"/>
						<SP ID="P3_SP00015" HPOS="819" VPOS="497" WIDTH="34"/>
						<String ID="P3_ST00018" HPOS="853" VPOS="427" WIDTH="116" HEIGHT="50" CONTENT="mich" WC="0.98" CC="9000"/>
						<SP ID="P3_SP00016" HPOS="969" VPOS="497" WIDTH="33"/>
						<String ID="P3_ST00019" HPOS="1002" VPOS="425" WIDTH="123" HEIGHT="50" CONTENT="nicht" WC="1.00" CC="00000"/>
						<SP ID="P3_SP00017" HPOS="1125" VPOS="497" WIDTH="32"/>
						<String ID="P3_ST00020" HPOS="1157" VPOS="423" WIDTH="167" HEIGHT="52" CONTENT="wieder" WC="0.98" CC="330905"/>
						<SP ID="P3_SP00018" HPOS="1324" VPOS="497" WIDTH="32"/>
						<String ID="P3_ST00021" HPOS="1356" VPOS="425" WIDTH="122" HEIGHT="50" CONTENT="eines" WC="0.99" CC="00009"/>
						<SP ID="P3_SP00019" HPOS="1478" VPOS="497" WIDTH="33"/>
						<String ID="P3_ST00022" HPOS="1511" VPOS="427" WIDTH="128" HEIGHT="50" CONTENT="recht" WC="0.99" CC="00006"/>
					</TextLine>
					<TextLine ID="P3_TL00004" HPOS="80" VPOS="508" WIDTH="1559" HEIGHT="71">
						<String ID="P3_ST00023" HPOS="80" VPOS="512" WIDTH="138" HEIGHT="50" CONTENT="freien" WC="0.99" CC="700003"/>
						<SP ID="P3_SP00020" HPOS="218" VPOS="562" WIDTH="29"/>
						<String ID="P3_ST00024" HPOS="247" VPOS="512" WIDTH="488" HEIGHT="67" CONTENT="Gesundheitsgelühls" WC="0.78" CC="000500900754050000"/>
						<SP ID="P3_SP00021" HPOS="735" VPOS="579" WIDTH="31"/>
						<String ID="P3_ST00025" HPOS="766" VPOS="512" WIDTH="209" HEIGHT="48" CONTENT="erfreuen" WC="0.98" CC="63740804"/>
						<SP ID="P3_SP00022" HPOS="975" VPOS="579" WIDTH="33"/>
						<String ID="P3_ST00026" HPOS="1008" VPOS="510" WIDTH="133" HEIGHT="57" CONTENT="kann," WC="0.97" CC="05557"/>
						<SP ID="P3_SP00023" HPOS="1141" VPOS="579" WIDTH="47"/>
						<String ID="P3_ST00027" HPOS="1188" VPOS="526" WIDTH="51" HEIGHT="33" CONTENT="so" WC="0.54" CC="62"/>
						<SP ID="P3_SP00024" HPOS="1239" VPOS="579" WIDTH="42"/>
						<String ID="P3_ST00028" HPOS="1281" VPOS="508" WIDTH="131" HEIGHT="68" CONTENT="lange" WC="0.98" CC="06550"/>
						<SP ID="P3_SP00025" HPOS="1412" VPOS="579" WIDTH="42"/>
						<String ID="P3_ST00029" HPOS="1454" VPOS="510" WIDTH="96" HEIGHT="67" CONTENT="gibt" WC="0.97" CC="8006"/>
						<SP ID="P3_SP00026" HPOS="1550" VPOS="579" WIDTH="41"/>
						<String ID="P3_ST00030" HPOS="1591" VPOS="527" WIDTH="48" HEIGHT="33" CONTENT="es" WC="1.00" CC="00"/>
					</TextLine>
					<TextLine ID="P3_TL00005" HPOS="78" VPOS="592" WIDTH="1563" HEIGHT="67">
						<String ID="P3_ST00031" HPOS="78" VPOS="596" WIDTH="115" HEIGHT="50" CONTENT="auch" WC="1.00" CC="0000"/>
						<SP ID="P3_SP00027" HPOS="193" VPOS="646" WIDTH="33"/>
						<String ID="P3_ST00032" HPOS="226" VPOS="595" WIDTH="131" HEIGHT="51" CONTENT="keine" WC="0.99" CC="00370"/>
						<SP ID="P3_SP00028" HPOS="357" VPOS="646" WIDTH="31"/>
						<String ID="P3_ST00033" HPOS="388" VPOS="596" WIDTH="155" HEIGHT="50" CONTENT="wahre" WC="0.99" CC="12005"/>
						<SP ID="P3_SP00029" HPOS="543" VPOS="646" WIDTH="31"/>
						<String ID="P3_ST00034" HPOS="574" VPOS="596" WIDTH="185" HEIGHT="50" CONTENT="Freude" WC="0.98" CC="020096"/>
						<SP ID="P3_SP00030" HPOS="759" VPOS="646" WIDTH="31"/>
						<String ID="P3_ST00035" HPOS="790" VPOS="593" WIDTH="71" HEIGHT="49" CONTENT="für" WC="0.97" CC="700"/>
						<SP ID="P3_SP00031" HPOS="861" VPOS="646" WIDTH="32"/>
						<String ID="P3_ST00036" HPOS="893" VPOS="592" WIDTH="129" HEIGHT="50" CONTENT="mich." WC="0.99" CC="40020"/>
						<SP ID="P3_SP00032" HPOS="1022" VPOS="646" WIDTH="33"/>
						<String ID="P3_ST00037" HPOS="1055" VPOS="593" WIDTH="156" HEIGHT="50" CONTENT="Dieses" WC="0.99" CC="200044"/>
						<SP ID="P3_SP00033" HPOS="1211" VPOS="646" WIDTH="32"/>
						<String ID="P3_ST00038" HPOS="1243" VPOS="592" WIDTH="119" HEIGHT="67" CONTENT="ewig" WC="0.98" CC="0009"/>
						<SP ID="P3_SP00034" HPOS="1362" VPOS="659" WIDTH="26"/>
						<String ID="P3_ST00039" HPOS="1388" VPOS="592" WIDTH="253" HEIGHT="67" CONTENT="ängstliche" WC="0.99" CC="4000540002"/>
					</TextLine>
					<TextLine ID="P3_TL00006" HPOS="80" VPOS="677" WIDTH="1559" HEIGHT="66">
						<String ID="P3_ST00040" HPOS="80" VPOS="677" WIDTH="293" HEIGHT="52" CONTENT="Beobachten" WC="0.99" CC="6004000506"/>
						<SP ID="P3_SP00035" HPOS="373" VPOS="729" WIDTH="45"/>
						<String ID="P3_ST00041" HPOS="418" VPOS="681" WIDTH="170" HEIGHT="48" CONTENT="meiner" WC="0.98" CC="902134"/>
						<SP ID="P3_SP00036" HPOS="588" VPOS="729" WIDTH="30"/>
						<String ID="P3_ST00042" HPOS="618" VPOS="679" WIDTH="159" HEIGHT="55" CONTENT="selbst," WC="0.98" CC="0605740"/>
						<SP ID="P3_SP00037" HPOS="777" VPOS="734" WIDTH="48"/>
						<String ID="P3_ST00043" HPOS="825" VPOS="677" WIDTH="273" HEIGHT="50" CONTENT="Vermeiden" WC="1.00" CC="000000030"/>
						<SP ID="P3_SP00038" HPOS="1098" VPOS="734" WIDTH="33"/>
						<String ID="P3_ST00044" HPOS="1131" VPOS="696" WIDTH="41" HEIGHT="32" CONTENT="u." WC="0.86" CC="20"/>
						<SP ID="P3_SP00039" HPOS="1172" VPOS="734" WIDTH="35"/>
						<String ID="P3_ST00045" HPOS="1207" VPOS="695" WIDTH="35" HEIGHT="32" CONTENT="s." WC="0.14" CC="97"/>
						<SP ID="P3_SP00040" HPOS="1242" VPOS="734" WIDTH="33"/>
						<String ID="P3_ST00046" HPOS="1275" VPOS="677" WIDTH="155" HEIGHT="50" CONTENT="W.ist" WC="0.91" CC="03010"/>
						<SP ID="P3_SP00041" HPOS="1430" VPOS="734" WIDTH="44"/>
						<String ID="P3_ST00047" HPOS="1474" VPOS="695" WIDTH="81" HEIGHT="48" CONTENT="gar" WC="0.98" CC="040"/>
						<SP ID="P3_SP00042" HPOS="1555" VPOS="743" WIDTH="28"/>
						<String ID="P3_ST00048" HPOS="1583" VPOS="696" WIDTH="56" HEIGHT="32" CONTENT="zu" WC="0.53" CC="62"/>
					</TextLine>
					<TextLine ID="P3_TL00007" HPOS="80" VPOS="760" WIDTH="1558" HEIGHT="67">
						<String ID="P3_ST00049" HPOS="80" VPOS="762" WIDTH="203" HEIGHT="57" CONTENT="störend," WC="0.99" CC="70500000"/>
						<SP ID="P3_SP00043" HPOS="283" VPOS="819" WIDTH="33"/>
						<String ID="P3_ST00050" HPOS="316" VPOS="762" WIDTH="91" HEIGHT="51" CONTENT="und" WC="0.98" CC="006"/>
						<SP ID="P3_SP00044" HPOS="407" VPOS="819" WIDTH="31"/>
						<String ID="P3_ST00051" HPOS="438" VPOS="762" WIDTH="128" HEIGHT="50" CONTENT="dabei" WC="0.97" CC="90404"/>
						<SP ID="P3_SP00045" HPOS="566" VPOS="819" WIDTH="27"/>
						<String ID="P3_ST00052" HPOS="593" VPOS="761" WIDTH="77" HEIGHT="50" CONTENT="das" WC="0.95" CC="058"/>
						<SP ID="P3_SP00046" HPOS="670" VPOS="819" WIDTH="22"/>
						<String ID="P3_ST00053" HPOS="692" VPOS="761" WIDTH="345" HEIGHT="60" CONTENT="Wunderliche," WC="1.00" CC="051071000700"/>
						<SP ID="P3_SP00047" HPOS="1037" VPOS="821" WIDTH="17"/>
						<String ID="P3_ST00054" HPOS="1054" VPOS="761" WIDTH="101" HEIGHT="51" CONTENT="dass" WC="0.75" CC="0072"/>
						<SP ID="P3_SP00048" HPOS="1155" VPOS="821" WIDTH="26"/>
						<String ID="P3_ST00055" HPOS="1181" VPOS="761" WIDTH="67" HEIGHT="50" CONTENT="ich" WC="0.95" CC="084"/>
						<SP ID="P3_SP00049" HPOS="1248" VPOS="821" WIDTH="27"/>
						<String ID="P3_ST00056" HPOS="1275" VPOS="760" WIDTH="237" HEIGHT="67" CONTENT="eigentlich" WC="0.98" CC="4193874600"/>
						<SP ID="P3_SP00050" HPOS="1512" VPOS="827" WIDTH="21"/>
						<String ID="P3_ST00057" HPOS="1533" VPOS="762" WIDTH="79" HEIGHT="49" CONTENT="wie" SUBS_TYPE="HypPart1" SUBS_CONTENT="wieder" WC="0.99" CC="000"/>
						<HYP HPOS="1612" VPOS="762" WIDTH="26" CONTENT="-"/>
					</TextLine>
					<TextLine ID="P3_TL00008" HPOS="80" VPOS="845" WIDTH="1558" HEIGHT="67">
						<String ID="P3_ST00058" HPOS="80" VPOS="845" WIDTH="82" HEIGHT="52" CONTENT="der" SUBS_TYPE="HypPart2" SUBS_CONTENT="wieder" WC="0.96" CC="900"/>
						<SP ID="P3_SP00051" HPOS="162" VPOS="897" WIDTH="29"/>
						<String ID="P3_ST00059" HPOS="191" VPOS="846" WIDTH="110" HEIGHT="50" CONTENT="alles" WC="0.98" CC="02209"/>
						<SP ID="P3_SP00052" HPOS="301" VPOS="897" WIDTH="30"/>
						<String ID="P3_ST00060" HPOS="331" VPOS="846" WIDTH="188" HEIGHT="51" CONTENT="besitze," WC="0.98" CC="71106607"/>
						<SP ID="P3_SP00053" HPOS="519" VPOS="897" WIDTH="45"/>
						<String ID="P3_ST00061" HPOS="564" VPOS="861" WIDTH="94" HEIGHT="32" CONTENT="was" WC="0.97" CC="016"/>
						<SP ID="P3_SP00054" HPOS="658" VPOS="897" WIDTH="34"/>
						<String ID="P3_ST00062" HPOS="692" VPOS="863" WIDTH="79" HEIGHT="31" CONTENT="zur" WC="0.96" CC="701"/>
						<SP ID="P3_SP00055" HPOS="771" VPOS="897" WIDTH="31"/>
						<String ID="P3_ST00063" HPOS="802" VPOS="846" WIDTH="282" HEIGHT="50" CONTENT="Gesundheit" WC="0.99" CC="5205605005"/>
						<SP ID="P3_SP00056" HPOS="1084" VPOS="897" WIDTH="31"/>
						<String ID="P3_ST00064" HPOS="1115" VPOS="845" WIDTH="179" HEIGHT="67" CONTENT="gehört." WC="0.98" CC="9242404"/>
						<SP ID="P3_SP00057" HPOS="1294" VPOS="912" WIDTH="54"/>
						<String ID="P3_ST00065" HPOS="1348" VPOS="845" WIDTH="78" HEIGHT="49" CONTENT="Ich" WC="0.94" CC="870"/>
						<SP ID="P3_SP00058" HPOS="1426" VPOS="912" WIDTH="47"/>
						<String ID="P3_ST00066" HPOS="1473" VPOS="845" WIDTH="165" HEIGHT="49" CONTENT="schlafe" WC="0.99" CC="0014740"/>
					</TextLine>
					<TextLine ID="P3_TL00009" HPOS="80" VPOS="927" WIDTH="1558" HEIGHT="70">
						<String ID="P3_ST00067" HPOS="80" VPOS="938" WIDTH="84" HEIGHT="58" CONTENT="gut" WC="0.94" CC="904"/>
						<SP ID="P3_SP00059" HPOS="164" VPOS="996" WIDTH="30"/>
						<String ID="P3_ST00068" HPOS="194" VPOS="930" WIDTH="93" HEIGHT="50" CONTENT="und" WC="0.97" CC="007"/>
						<SP ID="P3_SP00060" HPOS="287" VPOS="996" WIDTH="29"/>
						<String ID="P3_ST00069" HPOS="316" VPOS="946" WIDTH="100" HEIGHT="34" CONTENT="esse" WC="0.98" CC="0250"/>
						<SP ID="P3_SP00061" HPOS="416" VPOS="996" WIDTH="33"/>
						<String ID="P3_ST00070" HPOS="449" VPOS="927" WIDTH="92" HEIGHT="51" CONTENT="und" WC="0.98" CC="040"/>
						<SP ID="P3_SP00062" HPOS="541" VPOS="996" WIDTH="33"/>
						<String ID="P3_ST00071" HPOS="574" VPOS="929" WIDTH="147" HEIGHT="48" CONTENT="trinke" WC="0.98" CC="060293"/>
						<SP ID="P3_SP00063" HPOS="721" VPOS="996" WIDTH="32"/>
						<String ID="P3_ST00072" HPOS="753" VPOS="929" WIDTH="79" HEIGHT="49" CONTENT="mit" WC="0.98" CC="006"/>
						<SP ID="P3_SP00064" HPOS="832" VPOS="996" WIDTH="33"/>
						<String ID="P3_ST00073" HPOS="865" VPOS="930" WIDTH="276" HEIGHT="50" CONTENT="wirklichem" WC="0.99" CC="0047430600"/>
						<SP ID="P3_SP00065" HPOS="1141" VPOS="996" WIDTH="33"/>
						<String ID="P3_ST00074" HPOS="1174" VPOS="929" WIDTH="205" HEIGHT="68" CONTENT="Appetit." WC="0.98" CC="07708063"/>
						<SP ID="P3_SP00066" HPOS="1379" VPOS="997" WIDTH="47"/>
						<String ID="P3_ST00075" HPOS="1426" VPOS="929" WIDTH="124" HEIGHT="49" CONTENT="Alles" WC="0.98" CC="04620"/>
						<SP ID="P3_SP00067" HPOS="1550" VPOS="997" WIDTH="32"/>
						<String ID="P3_ST00076" HPOS="1582" VPOS="930" WIDTH="56" HEIGHT="48" CONTENT="ist" WC="0.98" CC="004"/>
					</TextLine>
					<TextLine ID="P3_TL00010" HPOS="78" VPOS="1011" WIDTH="1559" HEIGHT="68">
						<String ID="P3_ST00077" HPOS="78" VPOS="1014" WIDTH="44" HEIGHT="49" CONTENT="in" WC="0.68" CC="23"/>
						<SP ID="P3_SP00068" HPOS="122" VPOS="1063" WIDTH="17"/>
						<String ID="P3_ST00078" HPOS="139" VPOS="1013" WIDTH="244" HEIGHT="66" CONTENT="Ordnung." WC="0.99" CC="20005693"/>
						<SP ID="P3_SP00069" HPOS="383" VPOS="1079" WIDTH="35"/>
						<String ID="P3_ST00079" HPOS="418" VPOS="1011" WIDTH="128" HEIGHT="50" CONTENT="Aber" WC="0.98" CC="4051"/>
						<SP ID="P3_SP00070" HPOS="546" VPOS="1079" WIDTH="32"/>
						<String ID="P3_ST00080" HPOS="578" VPOS="1011" WIDTH="53" HEIGHT="50" CONTENT="da" WC="0.80" CC="04"/>
						<SP ID="P3_SP00071" HPOS="631" VPOS="1079" WIDTH="33"/>
						<String ID="P3_ST00081" HPOS="664" VPOS="1013" WIDTH="55" HEIGHT="49" CONTENT="ist" WC="0.97" CC="006"/>
						<SP ID="P3_SP00072" HPOS="719" VPOS="1079" WIDTH="20"/>
						<String ID="P3_ST00082" HPOS="739" VPOS="1013" WIDTH="122" HEIGHT="49" CONTENT="diese" WC="0.98" CC="03237"/>
						<SP ID="P3_SP00073" HPOS="861" VPOS="1079" WIDTH="28"/>
						<String ID="P3_ST00083" HPOS="889" VPOS="1013" WIDTH="316" HEIGHT="50" CONTENT="abscheuliche" WC="0.99" CC="956650631550"/>
						<SP ID="P3_SP00074" HPOS="1205" VPOS="1079" WIDTH="20"/>
						<String ID="P3_ST00084" HPOS="1225" VPOS="1013" WIDTH="412" HEIGHT="66" CONTENT="Kurzathmigkeit," WC="0.77" CC="430822211000033"/>
					</TextLine>
					<TextLine ID="P3_TL00011" HPOS="78" VPOS="1096" WIDTH="1557" HEIGHT="68">
						<String ID="P3_ST00085" HPOS="78" VPOS="1096" WIDTH="148" HEIGHT="51" CONTENT="dieses" WC="1.00" CC="000001"/>
						<SP ID="P3_SP00075" HPOS="226" VPOS="1147" WIDTH="33"/>
						<String ID="P3_ST00086" HPOS="259" VPOS="1096" WIDTH="317" HEIGHT="68" CONTENT="krampfhafte," WC="0.99" CC="020504704600"/>
						<SP ID="P3_SP00076" HPOS="576" VPOS="1164" WIDTH="31"/>
						<String ID="P3_ST00087" HPOS="607" VPOS="1098" WIDTH="307" HEIGHT="64" CONTENT="angegriffene" WC="0.99" CC="470002207070"/>
						<SP ID="P3_SP00077" HPOS="914" VPOS="1164" WIDTH="29"/>
						<String ID="P3_ST00088" HPOS="943" VPOS="1099" WIDTH="178" HEIGHT="49" CONTENT="Wesen" WC="0.99" CC="00410"/>
						<SP ID="P3_SP00078" HPOS="1121" VPOS="1164" WIDTH="39"/>
						<String ID="P3_ST00089" HPOS="1160" VPOS="1098" WIDTH="70" HEIGHT="49" CONTENT="bei" WC="0.94" CC="690"/>
						<SP ID="P3_SP00079" HPOS="1230" VPOS="1164" WIDTH="32"/>
						<String ID="P3_ST00090" HPOS="1262" VPOS="1098" WIDTH="80" HEIGHT="49" CONTENT="der" WC="0.95" CC="065"/>
						<SP ID="P3_SP00080" HPOS="1342" VPOS="1164" WIDTH="32"/>
						<String ID="P3_ST00091" HPOS="1374" VPOS="1096" WIDTH="261" HEIGHT="68" CONTENT="geringsten" WC="0.98" CC="0526796800"/>
					</TextLine>
					<TextLine ID="P3_TL00012" HPOS="80" VPOS="1179" WIDTH="1557" HEIGHT="70">
						<String ID="P3_ST00092" HPOS="80" VPOS="1179" WIDTH="341" HEIGHT="66" CONTENT="Veranlassung" WC="1.00" CC="002564100000"/>
						<SP ID="P3_SP00081" HPOS="421" VPOS="1245" WIDTH="32"/>
						<String ID="P3_ST00093" HPOS="453" VPOS="1179" WIDTH="141" HEIGHT="49" CONTENT="durch" WC="0.98" CC="00246"/>
						<SP ID="P3_SP00082" HPOS="594" VPOS="1245" WIDTH="33"/>
						<String ID="P3_ST00094" HPOS="627" VPOS="1180" WIDTH="88" HEIGHT="50" CONTENT="den" WC="0.98" CC="005"/>
						<SP ID="P3_SP00083" HPOS="715" VPOS="1245" WIDTH="31"/>
						<String ID="P3_ST00095" HPOS="746" VPOS="1198" WIDTH="174" HEIGHT="49" CONTENT="ganzen" WC="0.97" CC="057707"/>
						<SP ID="P3_SP00084" HPOS="920" VPOS="1247" WIDTH="33"/>
						<String ID="P3_ST00096" HPOS="953" VPOS="1183" WIDTH="197" HEIGHT="66" CONTENT="Körper," WC="0.99" CC="0600641"/>
						<SP ID="P3_SP00085" HPOS="1150" VPOS="1249" WIDTH="32"/>
						<String ID="P3_ST00097" HPOS="1182" VPOS="1181" WIDTH="90" HEIGHT="50" CONTENT="und" WC="0.98" CC="050"/>
						<SP ID="P3_SP00086" HPOS="1272" VPOS="1249" WIDTH="33"/>
						<String ID="P3_ST00098" HPOS="1305" VPOS="1179" WIDTH="130" HEIGHT="51" CONTENT="dabei" WC="0.98" CC="01703"/>
						<SP ID="P3_SP00087" HPOS="1435" VPOS="1249" WIDTH="34"/>
						<String ID="P3_ST00099" HPOS="1469" VPOS="1180" WIDTH="168" HEIGHT="50" CONTENT="wieder" WC="0.99" CC="000044"/>
					</TextLine>
					<TextLine ID="P3_TL00013" HPOS="77" VPOS="1263" WIDTH="1560" HEIGHT="68">
						<String ID="P3_ST00100" HPOS="77" VPOS="1263" WIDTH="80" HEIGHT="51" CONTENT="das" WC="0.98" CC="400"/>
						<SP ID="P3_SP00088" HPOS="157" VPOS="1314" WIDTH="24"/>
						<String ID="P3_ST00101" HPOS="181" VPOS="1263" WIDTH="164" HEIGHT="49" CONTENT="höchst" WC="0.99" CC="000510"/>
						<SP ID="P3_SP00089" HPOS="345" VPOS="1314" WIDTH="17"/>
						<String ID="P3_ST00102" HPOS="362" VPOS="1263" WIDTH="304" HEIGHT="61" CONTENT="Sonderbare," WC="0.99" CC="42000561243"/>
						<SP ID="P3_SP00090" HPOS="666" VPOS="1324" WIDTH="32"/>
						<String ID="P3_ST00103" HPOS="698" VPOS="1264" WIDTH="104" HEIGHT="51" CONTENT="dass" WC="0.76" CC="0530"/>
						<SP ID="P3_SP00091" HPOS="802" VPOS="1324" WIDTH="26"/>
						<String ID="P3_ST00104" HPOS="828" VPOS="1283" WIDTH="158" HEIGHT="48" CONTENT="grosse" WC="0.99" CC="032300"/>
						<SP ID="P3_SP00092" HPOS="986" VPOS="1331" WIDTH="28"/>
						<String ID="P3_ST00105" HPOS="1014" VPOS="1267" WIDTH="225" HEIGHT="64" CONTENT="Fatiguen" WC="0.55" CC="64409171"/>
						<SP ID="P3_SP00093" HPOS="1239" VPOS="1331" WIDTH="28"/>
						<String ID="P3_ST00106" HPOS="1267" VPOS="1265" WIDTH="90" HEIGHT="50" CONTENT="und" WC="0.95" CC="660"/>
						<SP ID="P3_SP00094" HPOS="1357" VPOS="1331" WIDTH="22"/>
						<String ID="P3_ST00107" HPOS="1379" VPOS="1264" WIDTH="258" HEIGHT="50" CONTENT="Eindrücke" WC="0.99" CC="108058008"/>
					</TextLine>
					<TextLine ID="P3_TL00014" HPOS="77" VPOS="1345" WIDTH="1557" HEIGHT="71">
						<String ID="P3_ST00108" HPOS="77" VPOS="1345" WIDTH="116" HEIGHT="51" CONTENT="eben" WC="0.99" CC="0700"/>
						<SP ID="P3_SP00095" HPOS="193" VPOS="1396" WIDTH="31"/>
						<String ID="P3_ST00109" HPOS="224" VPOS="1347" WIDTH="116" HEIGHT="49" CONTENT="auch" WC="0.98" CC="0206"/>
						<SP ID="P3_SP00096" HPOS="340" VPOS="1396" WIDTH="36"/>
						<String ID="P3_ST00110" HPOS="376" VPOS="1348" WIDTH="122" HEIGHT="49" CONTENT="nicht" WC="0.98" CC="01364"/>
						<SP ID="P3_SP00097" HPOS="498" VPOS="1397" WIDTH="41"/>
						<String ID="P3_ST00111" HPOS="539" VPOS="1348" WIDTH="80" HEIGHT="49" CONTENT="viel" WC="0.99" CC="2002"/>
						<SP ID="P3_SP00098" HPOS="619" VPOS="1397" WIDTH="44"/>
						<String ID="P3_ST00112" HPOS="663" VPOS="1349" WIDTH="163" HEIGHT="50" CONTENT="anders" WC="0.98" CC="730622"/>
						<SP ID="P3_SP00099" HPOS="826" VPOS="1399" WIDTH="41"/>
						<String ID="P3_ST00113" HPOS="867" VPOS="1349" WIDTH="111" HEIGHT="51" CONTENT="oder" WC="0.98" CC="0900"/>
						<SP ID="P3_SP00100" HPOS="978" VPOS="1400" WIDTH="47"/>
						<String ID="P3_ST00114" HPOS="1025" VPOS="1350" WIDTH="191" HEIGHT="66" CONTENT="heftiger" WC="0.99" CC="70080002"/>
						<SP ID="P3_SP00101" HPOS="1216" VPOS="1416" WIDTH="45"/>
						<String ID="P3_ST00115" HPOS="1261" VPOS="1348" WIDTH="263" HEIGHT="58" CONTENT="einwirken," WC="1.00" CC="0300300342"/>
						<SP ID="P3_SP00102" HPOS="1524" VPOS="1416" WIDTH="45"/>
						<String ID="P3_ST00116" HPOS="1569" VPOS="1349" WIDTH="65" HEIGHT="48" CONTENT="als" WC="0.96" CC="362"/>
					</TextLine>
					<TextLine ID="P3_TL00015" HPOS="78" VPOS="1430" WIDTH="1556" HEIGHT="70">
						<String ID="P3_ST00117" HPOS="78" VPOS="1447" WIDTH="136" HEIGHT="33" CONTENT="wenn" WC="1.00" CC="0020"/>
						<SP ID="P3_SP00103" HPOS="214" VPOS="1480" WIDTH="42"/>
						<String ID="P3_ST00118" HPOS="256" VPOS="1430" WIDTH="70" HEIGHT="50" CONTENT="ich" WC="0.96" CC="172"/>
						<SP ID="P3_SP00104" HPOS="326" VPOS="1480" WIDTH="33"/>
						<String ID="P3_ST00119" HPOS="359" VPOS="1449" WIDTH="34" HEIGHT="32" CONTENT="z." WC="0.61" CC="70"/>
						<SP ID="P3_SP00105" HPOS="393" VPOS="1481" WIDTH="35"/>
						<String ID="P3_ST00120" HPOS="428" VPOS="1432" WIDTH="50" HEIGHT="49" CONTENT="B." WC="0.44" CC="73"/>
						<SP ID="P3_SP00106" HPOS="478" VPOS="1481" WIDTH="32"/>
						<String ID="P3_ST00121" HPOS="510" VPOS="1432" WIDTH="169" HEIGHT="49" CONTENT="schnell" WC="0.99" CC="4050540"/>
						<SP ID="P3_SP00107" HPOS="679" VPOS="1481" WIDTH="32"/>
						<String ID="P3_ST00122" HPOS="711" VPOS="1433" WIDTH="98" HEIGHT="48" CONTENT="eine" WC="1.00" CC="0000"/>
						<SP ID="P3_SP00108" HPOS="809" VPOS="1481" WIDTH="31"/>
						<String ID="P3_ST00123" HPOS="840" VPOS="1434" WIDTH="183" HEIGHT="66" CONTENT="Treppe" WC="0.97" CC="640790"/>
						<SP ID="P3_SP00109" HPOS="1023" VPOS="1500" WIDTH="43"/>
						<String ID="P3_ST00124" HPOS="1066" VPOS="1433" WIDTH="286" HEIGHT="67" CONTENT="hinaufgehe." WC="0.99" CC="41424402704"/>
						<SP ID="P3_SP00110" HPOS="1352" VPOS="1500" WIDTH="60"/>
						<String ID="P3_ST00125" HPOS="1412" VPOS="1433" WIDTH="222" HEIGHT="56" CONTENT="Kurzum," WC="0.99" CC="2526002"/>
					</TextLine>
					<TextLine ID="P3_TL00016" HPOS="77" VPOS="1513" WIDTH="1558" HEIGHT="61">
						<String ID="P3_ST00126" HPOS="77" VPOS="1513" WIDTH="42" HEIGHT="51" CONTENT="in" WC="0.68" CC="06"/>
						<SP ID="P3_SP00111" HPOS="119" VPOS="1564" WIDTH="31"/>
						<String ID="P3_ST00127" HPOS="150" VPOS="1514" WIDTH="81" HEIGHT="48" CONTENT="der" WC="1.00" CC="000"/>
						<SP ID="P3_SP00112" HPOS="231" VPOS="1564" WIDTH="23"/>
						<String ID="P3_ST00128" HPOS="254" VPOS="1514" WIDTH="129" HEIGHT="51" CONTENT="Welt" WC="0.97" CC="0266"/>
						<SP ID="P3_SP00113" HPOS="383" VPOS="1565" WIDTH="32"/>
						<String ID="P3_ST00129" HPOS="415" VPOS="1514" WIDTH="84" HEIGHT="51" CONTENT="soll" WC="0.97" CC="0353"/>
						<SP ID="P3_SP00114" HPOS="499" VPOS="1565" WIDTH="30"/>
						<String ID="P3_ST00130" HPOS="529" VPOS="1515" WIDTH="146" HEIGHT="51" CONTENT="nichts" WC="0.99" CC="100042"/>
						<SP ID="P3_SP00115" HPOS="675" VPOS="1566" WIDTH="30"/>
						<String ID="P3_ST00131" HPOS="705" VPOS="1515" WIDTH="303" HEIGHT="50" CONTENT="vollkommen" WC="1.00" CC="2600000006"/>
						<SP ID="P3_SP00116" HPOS="1008" VPOS="1566" WIDTH="25"/>
						<String ID="P3_ST00132" HPOS="1033" VPOS="1517" WIDTH="110" HEIGHT="57" CONTENT="sein," WC="0.98" CC="50070"/>
						<SP ID="P3_SP00117" HPOS="1143" VPOS="1574" WIDTH="33"/>
						<String ID="P3_ST00133" HPOS="1176" VPOS="1518" WIDTH="89" HEIGHT="50" CONTENT="und" WC="0.97" CC="440"/>
						<SP ID="P3_SP00118" HPOS="1265" VPOS="1574" WIDTH="31"/>
						<String ID="P3_ST00134" HPOS="1296" VPOS="1515" WIDTH="68" HEIGHT="50" CONTENT="bei" WC="0.97" CC="600"/>
						<SP ID="P3_SP00119" HPOS="1364" VPOS="1574" WIDTH="31"/>
						<String ID="P3_ST00135" HPOS="1395" VPOS="1515" WIDTH="82" HEIGHT="53" CONTENT="viel" WC="0.98" CC="3004"/>
						<SP ID="P3_SP00120" HPOS="1477" VPOS="1574" WIDTH="25"/>
						<String ID="P3_ST00136" HPOS="1502" VPOS="1515" WIDTH="133" HEIGHT="50" CONTENT="Licht" WC="0.98" CC="00076"/>
					</TextLine>
					<TextLine ID="P3_TL00017" HPOS="77" VPOS="1597" WIDTH="1557" HEIGHT="71">
						<String ID="P3_ST00137" HPOS="77" VPOS="1598" WIDTH="60" HEIGHT="50" CONTENT="ist" WC="0.95" CC="436"/>
						<SP ID="P3_SP00121" HPOS="137" VPOS="1648" WIDTH="32"/>
						<String ID="P3_ST00138" HPOS="169" VPOS="1597" WIDTH="80" HEIGHT="49" CONTENT="viel" WC="0.99" CC="0120"/>
						<SP ID="P3_SP00122" HPOS="249" VPOS="1648" WIDTH="35"/>
						<String ID="P3_ST00139" HPOS="284" VPOS="1599" WIDTH="231" HEIGHT="50" CONTENT="Schatten." WC="0.99" CC="007055060"/>
						<SP ID="P3_SP00123" HPOS="515" VPOS="1649" WIDTH="64"/>
						<String ID="P3_ST00140" HPOS="579" VPOS="1599" WIDTH="225" HEIGHT="50" CONTENT="Desshalb" WC="0.62" CC="07310836"/>
						<SP ID="P3_SP00124" HPOS="804" VPOS="1649" WIDTH="33"/>
						<String ID="P3_ST00141" HPOS="837" VPOS="1601" WIDTH="214" HEIGHT="66" CONTENT="geduldig" WC="0.99" CC="01951060"/>
						<SP ID="P3_SP00125" HPOS="1051" VPOS="1667" WIDTH="31"/>
						<String ID="P3_ST00142" HPOS="1082" VPOS="1618" WIDTH="54" HEIGHT="33" CONTENT="an" WC="0.32" CC="67"/>
						<SP ID="P3_SP00126" HPOS="1136" VPOS="1667" WIDTH="44"/>
						<String ID="P3_ST00143" HPOS="1180" VPOS="1602" WIDTH="86" HEIGHT="49" CONTENT="den" WC="0.96" CC="063"/>
						<SP ID="P3_SP00127" HPOS="1266" VPOS="1667" WIDTH="34"/>
						<String ID="P3_ST00144" HPOS="1300" VPOS="1599" WIDTH="120" HEIGHT="50" CONTENT="alten" WC="0.97" CC="22561"/>
						<SP ID="P3_SP00128" HPOS="1420" VPOS="1667" WIDTH="33"/>
						<String ID="P3_ST00145" HPOS="1453" VPOS="1599" WIDTH="181" HEIGHT="69" CONTENT="Spruch" WC="0.99" CC="303400"/>
					</TextLine>
					<TextLine ID="P3_TL00018" HPOS="81" VPOS="1682" WIDTH="701" HEIGHT="67">
						<String ID="P3_ST00146" HPOS="81" VPOS="1682" WIDTH="236" HEIGHT="67" CONTENT="gehalten:" WC="0.99" CC="002052030"/>
						<SP ID="P3_SP00129" HPOS="317" VPOS="1749" WIDTH="34"/>
						<String ID="P3_ST00147" HPOS="351" VPOS="1683" WIDTH="108" HEIGHT="51" CONTENT="Wie" WC="0.96" CC="064"/>
						<SP ID="P3_SP00130" HPOS="459" VPOS="1749" WIDTH="32"/>
						<String ID="P3_ST00148" HPOS="491" VPOS="1683" WIDTH="112" HEIGHT="50" CONTENT="Gott" WC="0.96" CC="6066"/>
						<SP ID="P3_SP00131" HPOS="603" VPOS="1749" WIDTH="33"/>
						<String ID="P3_ST00149" HPOS="636" VPOS="1683" WIDTH="146" HEIGHT="50" CONTENT='will!"' WC="0.98" CC="006727"/>
					</TextLine>
					<TextLine ID="P3_TL00019" HPOS="203" VPOS="1766" WIDTH="1436" HEIGHT="68">
						<String ID="P3_ST00150" HPOS="203" VPOS="1766" WIDTH="160" HEIGHT="66" CONTENT="Einige" WC="0.99" CC="520005"/>
						<SP ID="P3_SP00132" HPOS="363" VPOS="1832" WIDTH="33"/>
						<String ID="P3_ST00151" HPOS="396" VPOS="1767" WIDTH="215" HEIGHT="51" CONTENT="Wochen" WC="0.99" CC="000008"/>
						<SP ID="P3_SP00133" HPOS="611" VPOS="1832" WIDTH="31"/>
						<String ID="P3_ST00152" HPOS="642" VPOS="1771" WIDTH="170" HEIGHT="63" CONTENT="später," WC="0.99" CC="6046020"/>
						<SP ID="P3_SP00134" HPOS="812" VPOS="1834" WIDTH="32"/>
						<String ID="P3_ST00153" HPOS="844" VPOS="1767" WIDTH="87" HEIGHT="49" CONTENT="den" WC="0.95" CC="057"/>
						<SP ID="P3_SP00135" HPOS="931" VPOS="1834" WIDTH="35"/>
						<String ID="P3_ST00154" HPOS="966" VPOS="1767" WIDTH="90" HEIGHT="51" CONTENT="29." WC="0.55" CC="660"/>
						<SP ID="P3_SP00136" HPOS="1056" VPOS="1834" WIDTH="36"/>
						<String ID="P3_ST00155" HPOS="1092" VPOS="1768" WIDTH="124" HEIGHT="48" CONTENT="März" WC="0.97" CC="5016"/>
						<SP ID="P3_SP00137" HPOS="1216" VPOS="1834" WIDTH="40"/>
						<String ID="P3_ST00156" HPOS="1256" VPOS="1767" WIDTH="175" HEIGHT="60" CONTENT="1826," WC="0.57" CC="23661"/>
						<SP ID="P3_SP00138" HPOS="1431" VPOS="1834" WIDTH="30"/>
						<String ID="P3_ST00157" HPOS="1461" VPOS="1766" WIDTH="178" HEIGHT="50" CONTENT="schrieb" WC="0.99" CC="0073006"/>
					</TextLine>
					<TextLine ID="P3_TL00020" HPOS="82" VPOS="1847" WIDTH="1553" HEIGHT="62">
						<String ID="P3_ST00158" HPOS="82" VPOS="1847" WIDTH="181" HEIGHT="53" CONTENT="Weber" WC="0.99" CC="00630"/>
						<SP ID="P3_SP00139" HPOS="263" VPOS="1900" WIDTH="30"/>
						<String ID="P3_ST00159" HPOS="293" VPOS="1849" WIDTH="150" HEIGHT="51" CONTENT="seiner" WC="0.98" CC="104870"/>
						<SP ID="P3_SP00140" HPOS="443" VPOS="1900" WIDTH="32"/>
						<String ID="P3_ST00160" HPOS="475" VPOS="1849" WIDTH="181" HEIGHT="50" CONTENT="Gattin:" WC="0.99" CC="0550060"/>
						<SP ID="P3_SP00141" HPOS="656" VPOS="1900" WIDTH="43"/>
						<String ID="P3_ST00161" HPOS="699" VPOS="1851" WIDTH="145" HEIGHT="58" CONTENT="„Eine" WC="0.98" CC="60306"/>
						<SP ID="P3_SP00142" HPOS="844" VPOS="1909" WIDTH="31"/>
						<String ID="P3_ST00162" HPOS="875" VPOS="1851" WIDTH="203" HEIGHT="49" CONTENT="Historie" WC="1.00" CC="60000000"/>
						<SP ID="P3_SP00143" HPOS="1078" VPOS="1909" WIDTH="30"/>
						<String ID="P3_ST00163" HPOS="1108" VPOS="1867" WIDTH="126" HEIGHT="32" CONTENT="muss" WC="0.73" CC="0820"/>
						<SP ID="P3_SP00144" HPOS="1234" VPOS="1909" WIDTH="31"/>
						<String ID="P3_ST00164" HPOS="1265" VPOS="1851" WIDTH="68" HEIGHT="48" CONTENT="ich" WC="0.98" CC="006"/>
						<SP ID="P3_SP00145" HPOS="1333" VPOS="1909" WIDTH="36"/>
						<String ID="P3_ST00165" HPOS="1369" VPOS="1851" WIDTH="78" HEIGHT="48" CONTENT="Dir" WC="0.97" CC="701"/>
						<SP ID="P3_SP00146" HPOS="1447" VPOS="1909" WIDTH="31"/>
						<String ID="P3_ST00166" HPOS="1478" VPOS="1851" WIDTH="131" HEIGHT="48" CONTENT="erzäh" SUBS_TYPE="HypPart1" SUBS_CONTENT="erzählen," WC="0.97" CC="54692"/>
						<HYP HPOS="1609" VPOS="1851" WIDTH="26" CONTENT="-"/>
					</TextLine>
					<TextLine ID="P3_TL00021" HPOS="78" VPOS="1931" WIDTH="1563" HEIGHT="59">
						<String ID="P3_ST00167" HPOS="78" VPOS="1931" WIDTH="88" HEIGHT="59" CONTENT="len," SUBS_TYPE="HypPart2" SUBS_CONTENT="erzählen," WC="1.00" CC="0000"/>
						<SP ID="P3_SP00147" HPOS="166" VPOS="1990" WIDTH="47"/>
						<String ID="P3_ST00168" HPOS="213" VPOS="1932" WIDTH="70" HEIGHT="50" CONTENT="die" WC="0.98" CC="004"/>
						<SP ID="P3_SP00148" HPOS="283" VPOS="1990" WIDTH="43"/>
						<String ID="P3_ST00169" HPOS="326" VPOS="1933" WIDTH="86" HEIGHT="49" CONTENT="mir" WC="1.00" CC="000"/>
						<SP ID="P3_SP00149" HPOS="412" VPOS="1990" WIDTH="42"/>
						<String ID="P3_ST00170" HPOS="454" VPOS="1951" WIDTH="92" HEIGHT="32" CONTENT="nun" WC="0.95" CC="336"/>
						<SP ID="P3_SP00150" HPOS="546" VPOS="1990" WIDTH="37"/>
						<String ID="P3_ST00171" HPOS="583" VPOS="1933" WIDTH="116" HEIGHT="50" CONTENT="noch" WC="0.98" CC="5002"/>
						<SP ID="P3_SP00151" HPOS="699" VPOS="1990" WIDTH="44"/>
						<String ID="P3_ST00172" HPOS="743" VPOS="1933" WIDTH="129" HEIGHT="50" CONTENT="mehr" WC="0.98" CC="0070"/>
						<SP ID="P3_SP00152" HPOS="872" VPOS="1990" WIDTH="28"/>
						<String ID="P3_ST00173" HPOS="900" VPOS="1933" WIDTH="161" HEIGHT="50" CONTENT="Arbeit" WC="0.98" CC="406005"/>
						<SP ID="P3_SP00153" HPOS="1061" VPOS="1990" WIDTH="31"/>
						<String ID="P3_ST00174" HPOS="1092" VPOS="1935" WIDTH="281" HEIGHT="55" CONTENT="verursacht," WC="0.99" CC="07202550550"/>
						<SP ID="P3_SP00154" HPOS="1373" VPOS="1990" WIDTH="43"/>
						<String ID="P3_ST00175" HPOS="1416" VPOS="1935" WIDTH="66" HEIGHT="48" CONTENT="als" WC="0.97" CC="142"/>
						<SP ID="P3_SP00155" HPOS="1482" VPOS="1990" WIDTH="32"/>
						<String ID="P3_ST00176" HPOS="1514" VPOS="1942" WIDTH="127" HEIGHT="41" CONTENT="sonst" WC="0.99" CC="00025"/>
					</TextLine>
					<TextLine ID="P3_TL00022" HPOS="78" VPOS="2016" WIDTH="1561" HEIGHT="66">
						<String ID="P3_ST00177" HPOS="78" VPOS="2016" WIDTH="83" HEIGHT="51" CONTENT="der" WC="1.00" CC="000"/>
						<SP ID="P3_SP00156" HPOS="161" VPOS="2067" WIDTH="39"/>
						<String ID="P3_ST00178" HPOS="200" VPOS="2016" WIDTH="96" HEIGHT="49" CONTENT="Fall" WC="0.97" CC="3072"/>
						<SP ID="P3_SP00157" HPOS="296" VPOS="2067" WIDTH="44"/>
						<String ID="P3_ST00179" HPOS="340" VPOS="2034" WIDTH="215" HEIGHT="48" CONTENT="gewesen" WC="0.99" CC="0000652"/>
						<SP ID="P3_SP00158" HPOS="555" VPOS="2082" WIDTH="45"/>
						<String ID="P3_ST00180" HPOS="600" VPOS="2021" WIDTH="139" HEIGHT="46" CONTENT="wäre." WC="0.99" CC="00404"/>
						<SP ID="P3_SP00159" HPOS="739" VPOS="2082" WIDTH="58"/>
						<String ID="P3_ST00181" HPOS="797" VPOS="2017" WIDTH="158" HEIGHT="50" CONTENT="Durch" WC="0.99" CC="03304"/>
						<SP ID="P3_SP00160" HPOS="955" VPOS="2082" WIDTH="43"/>
						<String ID="P3_ST00182" HPOS="998" VPOS="2017" WIDTH="68" HEIGHT="51" CONTENT="die" WC="1.00" CC="000"/>
						<SP ID="P3_SP00161" HPOS="1066" VPOS="2082" WIDTH="32"/>
						<String ID="P3_ST00183" HPOS="1098" VPOS="2018" WIDTH="146" HEIGHT="49" CONTENT="Scene" WC="0.89" CC="20110"/>
						<SP ID="P3_SP00162" HPOS="1244" VPOS="2082" WIDTH="42"/>
						<String ID="P3_ST00184" HPOS="1286" VPOS="2018" WIDTH="59" HEIGHT="49" CONTENT="im" WC="0.51" CC="09"/>
						<SP ID="P3_SP00163" HPOS="1345" VPOS="2082" WIDTH="31"/>
						<String ID="P3_ST00185" HPOS="1376" VPOS="2016" WIDTH="263" HEIGHT="51" CONTENT="Freischütz" WC="1.00" CC="0240000042"/>
					</TextLine>
					<TextLine ID="P3_TL00023" HPOS="81" VPOS="2098" WIDTH="1558" HEIGHT="70">
						<String ID="P3_ST00186" HPOS="81" VPOS="2098" WIDTH="98" HEIGHT="52" CONTENT="sind" WC="0.97" CC="3048"/>
						<SP ID="P3_SP00164" HPOS="179" VPOS="2150" WIDTH="32"/>
						<String ID="P3_ST00187" HPOS="211" VPOS="2098" WIDTH="69" HEIGHT="51" CONTENT="die" WC="0.97" CC="900"/>
						<SP ID="P3_SP00165" HPOS="280" VPOS="2150" WIDTH="32"/>
						<String ID="P3_ST00188" HPOS="312" VPOS="2102" WIDTH="147" HEIGHT="48" CONTENT="Leute" WC="0.98" CC="00670"/>
						<SP ID="P3_SP00166" HPOS="459" VPOS="2150" WIDTH="31"/>
						<String ID="P3_ST00189" HPOS="490" VPOS="2119" WIDTH="114" HEIGHT="48" CONTENT="ganz" WC="0.97" CC="0047"/>
						<SP ID="P3_SP00167" HPOS="604" VPOS="2167" WIDTH="32"/>
						<String ID="P3_ST00190" HPOS="636" VPOS="2101" WIDTH="80" HEIGHT="49" CONTENT="toll" WC="0.98" CC="6000"/>
						<SP ID="P3_SP00168" HPOS="716" VPOS="2167" WIDTH="32"/>
						<String ID="P3_ST00191" HPOS="748" VPOS="2101" WIDTH="266" HEIGHT="66" CONTENT="geworden," WC="1.00" CC="020000040"/>
						<SP ID="P3_SP00169" HPOS="1014" VPOS="2167" WIDTH="50"/>
						<String ID="P3_ST00192" HPOS="1064" VPOS="2101" WIDTH="91" HEIGHT="51" CONTENT="und" WC="0.96" CC="360"/>
						<SP ID="P3_SP00170" HPOS="1155" VPOS="2167" WIDTH="32"/>
						<String ID="P3_ST00193" HPOS="1187" VPOS="2101" WIDTH="71" HEIGHT="49" CONTENT="die" WC="1.00" CC="000"/>
						<SP ID="P3_SP00171" HPOS="1258" VPOS="2167" WIDTH="32"/>
						<String ID="P3_ST00194" HPOS="1290" VPOS="2103" WIDTH="180" HEIGHT="65" CONTENT="Sänger" WC="1.00" CC="000001"/>
						<SP ID="P3_SP00172" HPOS="1470" VPOS="2168" WIDTH="31"/>
						<String ID="P3_ST00195" HPOS="1501" VPOS="2102" WIDTH="138" HEIGHT="50" CONTENT="faseln" WC="0.98" CC="700770"/>
					</TextLine>
					<TextLine ID="P3_TL00024" HPOS="78" VPOS="2182" WIDTH="1563" HEIGHT="62">
						<String ID="P3_ST00196" HPOS="78" VPOS="2200" WIDTH="88" HEIGHT="33" CONTENT="von" WC="0.98" CC="500"/>
						<SP ID="P3_SP00173" HPOS="166" VPOS="2233" WIDTH="42"/>
						<String ID="P3_ST00197" HPOS="208" VPOS="2182" WIDTH="147" HEIGHT="51" CONTENT="nichts" WC="0.99" CC="400500"/>
						<SP ID="P3_SP00174" HPOS="355" VPOS="2233" WIDTH="40"/>
						<String ID="P3_ST00198" HPOS="395" VPOS="2183" WIDTH="249" HEIGHT="60" CONTENT="Anderem," WC="1.00" CC="00000503"/>
						<SP ID="P3_SP00175" HPOS="644" VPOS="2243" WIDTH="36"/>
						<String ID="P3_ST00199" HPOS="680" VPOS="2185" WIDTH="65" HEIGHT="49" CONTENT="als" WC="0.98" CC="050"/>
						<SP ID="P3_SP00176" HPOS="745" VPOS="2243" WIDTH="40"/>
						<String ID="P3_ST00200" HPOS="785" VPOS="2203" WIDTH="86" HEIGHT="31" CONTENT="von" WC="0.98" CC="006"/>
						<SP ID="P3_SP00177" HPOS="871" VPOS="2243" WIDTH="27"/>
						<String ID="P3_ST00201" HPOS="898" VPOS="2185" WIDTH="294" HEIGHT="58" CONTENT="Becitativen," WC="0.64" CC="700040627760"/>
						<SP ID="P3_SP00178" HPOS="1192" VPOS="2243" WIDTH="32"/>
						<String ID="P3_ST00202" HPOS="1224" VPOS="2185" WIDTH="265" HEIGHT="59" CONTENT="Andante's," WC="0.69" CC="7600050072"/>
						<SP ID="P3_SP00179" HPOS="1489" VPOS="2244" WIDTH="30"/>
						<String ID="P3_ST00203" HPOS="1519" VPOS="2185" WIDTH="98" HEIGHT="51" CONTENT="Alle" SUBS_TYPE="HypPart1" SUBS_CONTENT="Allegro's" WC="0.72" CC="5430"/>
						<HYP HPOS="1617" VPOS="2185" WIDTH="24" CONTENT="-"/>
					</TextLine>
					<TextLine ID="P3_TL00025" HPOS="80" VPOS="2267" WIDTH="1558" HEIGHT="69">
						<String ID="P3_ST00204" HPOS="80" VPOS="2270" WIDTH="122" HEIGHT="65" CONTENT="gro's" SUBS_TYPE="HypPart2" SUBS_CONTENT="Allegro's" WC="0.62" CC="93320"/>
						<SP ID="P3_SP00180" HPOS="202" VPOS="2335" WIDTH="33"/>
						<String ID="P3_ST00205" HPOS="235" VPOS="2285" WIDTH="40" HEIGHT="32" CONTENT="u." WC="0.41" CC="83"/>
						<SP ID="P3_SP00181" HPOS="275" VPOS="2335" WIDTH="35"/>
						<String ID="P3_ST00206" HPOS="310" VPOS="2285" WIDTH="34" HEIGHT="32" CONTENT="s." WC="0.70" CC="23"/>
						<SP ID="P3_SP00182" HPOS="344" VPOS="2335" WIDTH="33"/>
						<String ID="P3_ST00207" HPOS="377" VPOS="2285" WIDTH="57" HEIGHT="33" CONTENT="w." WC="0.36" CC="84"/>
						<SP ID="P3_SP00183" HPOS="434" VPOS="2335" WIDTH="32"/>
						<String ID="P3_ST00208" HPOS="466" VPOS="2269" WIDTH="108" HEIGHT="48" CONTENT="Dies" WC="1.00" CC="0001"/>
						<SP ID="P3_SP00184" HPOS="574" VPOS="2335" WIDTH="31"/>
						<String ID="P3_ST00209" HPOS="605" VPOS="2267" WIDTH="56" HEIGHT="51" CONTENT="ist" WC="0.96" CC="055"/>
						<SP ID="P3_SP00185" HPOS="661" VPOS="2335" WIDTH="31"/>
						<String ID="P3_ST00210" HPOS="692" VPOS="2269" WIDTH="119" HEIGHT="49" CONTENT="denn" WC="0.99" CC="0300"/>
						<SP ID="P3_SP00186" HPOS="811" VPOS="2335" WIDTH="31"/>
						<String ID="P3_ST00211" HPOS="842" VPOS="2286" WIDTH="92" HEIGHT="32" CONTENT="nun" WC="0.97" CC="304"/>
						<SP ID="P3_SP00187" HPOS="934" VPOS="2335" WIDTH="33"/>
						<String ID="P3_ST00212" HPOS="967" VPOS="2269" WIDTH="116" HEIGHT="49" CONTENT="auch" WC="0.99" CC="0103"/>
						<SP ID="P3_SP00188" HPOS="1083" VPOS="2335" WIDTH="32"/>
						<String ID="P3_ST00213" HPOS="1115" VPOS="2269" WIDTH="101" HEIGHT="49" CONTENT="dem" WC="0.99" CC="001"/>
						<SP ID="P3_SP00189" HPOS="1216" VPOS="2335" WIDTH="26"/>
						<String ID="P3_ST00214" HPOS="1242" VPOS="2270" WIDTH="179" HEIGHT="66" CONTENT="Sänger" WC="0.99" CC="000905"/>
						<SP ID="P3_SP00190" HPOS="1421" VPOS="2336" WIDTH="25"/>
						<String ID="P3_ST00215" HPOS="1446" VPOS="2270" WIDTH="192" HEIGHT="49" CONTENT="Braham" WC="0.68" CC="801106"/>
					</TextLine>
					<TextLine ID="P3_TL00026" HPOS="80" VPOS="2350" WIDTH="1559" HEIGHT="70">
						<String ID="P3_ST00216" HPOS="80" VPOS="2351" WIDTH="42" HEIGHT="50" CONTENT="in" WC="0.46" CC="46"/>
						<SP ID="P3_SP00191" HPOS="122" VPOS="2401" WIDTH="31"/>
						<String ID="P3_ST00217" HPOS="153" VPOS="2350" WIDTH="88" HEIGHT="49" CONTENT="den" WC="0.98" CC="022"/>
						<SP ID="P3_SP00192" HPOS="241" VPOS="2401" WIDTH="32"/>
						<String ID="P3_ST00218" HPOS="273" VPOS="2351" WIDTH="128" HEIGHT="67" CONTENT="Kopf" WC="0.98" CC="0009"/>
						<SP ID="P3_SP00193" HPOS="401" VPOS="2418" WIDTH="22"/>
						<String ID="P3_ST00219" HPOS="423" VPOS="2351" WIDTH="232" HEIGHT="66" CONTENT="gefahren," WC="0.99" CC="909300730"/>
						<SP ID="P3_SP00194" HPOS="655" VPOS="2418" WIDTH="30"/>
						<String ID="P3_ST00220" HPOS="685" VPOS="2352" WIDTH="94" HEIGHT="50" CONTENT="und" WC="0.98" CC="500"/>
						<SP ID="P3_SP00195" HPOS="779" VPOS="2418" WIDTH="27"/>
						<String ID="P3_ST00221" HPOS="806" VPOS="2369" WIDTH="50" HEIGHT="33" CONTENT="er" WC="0.82" CC="03"/>
						<SP ID="P3_SP00196" HPOS="856" VPOS="2418" WIDTH="29"/>
						<String ID="P3_ST00222" HPOS="885" VPOS="2351" WIDTH="161" HEIGHT="51" CONTENT="bettelt" WC="0.97" CC="7676066"/>
						<SP ID="P3_SP00197" HPOS="1046" VPOS="2418" WIDTH="27"/>
						<String ID="P3_ST00223" HPOS="1073" VPOS="2370" WIDTH="74" HEIGHT="32" CONTENT="um" WC="0.64" CC="70"/>
						<SP ID="P3_SP00198" HPOS="1147" VPOS="2418" WIDTH="25"/>
						<String ID="P3_ST00224" HPOS="1172" VPOS="2351" WIDTH="99" HEIGHT="51" CONTENT="eine" WC="0.98" CC="0160"/>
						<SP ID="P3_SP00199" HPOS="1271" VPOS="2418" WIDTH="28"/>
						<String ID="P3_ST00225" HPOS="1299" VPOS="2370" WIDTH="159" HEIGHT="50" CONTENT="grosse" WC="0.99" CC="900000"/>
						<SP ID="P3_SP00200" HPOS="1458" VPOS="2420" WIDTH="20"/>
						<String ID="P3_ST00226" HPOS="1478" VPOS="2355" WIDTH="161" HEIGHT="57" CONTENT="Scene," WC="0.75" CC="001804"/>
					</TextLine>
					<TextLine ID="P3_TL00027" HPOS="80" VPOS="2434" WIDTH="1557" HEIGHT="68">
						<String ID="P3_ST00227" HPOS="80" VPOS="2441" WIDTH="110" HEIGHT="42" CONTENT="statt" WC="0.97" CC="58006"/>
						<SP ID="P3_SP00201" HPOS="190" VPOS="2483" WIDTH="31"/>
						<String ID="P3_ST00228" HPOS="221" VPOS="2434" WIDTH="148" HEIGHT="49" CONTENT="seiner" WC="1.00" CC="000001"/>
						<SP ID="P3_SP00202" HPOS="369" VPOS="2483" WIDTH="31"/>
						<String ID="P3_ST00229" HPOS="400" VPOS="2441" WIDTH="151" HEIGHT="42" CONTENT="ersten" WC="0.98" CC="038507"/>
						<SP ID="P3_SP00203" HPOS="551" VPOS="2483" WIDTH="33"/>
						<String ID="P3_ST00230" HPOS="584" VPOS="2435" WIDTH="124" HEIGHT="60" CONTENT="Arie," WC="0.99" CC="40002"/>
						<SP ID="P3_SP00204" HPOS="708" VPOS="2495" WIDTH="49"/>
						<String ID="P3_ST00231" HPOS="757" VPOS="2436" WIDTH="69" HEIGHT="48" CONTENT="die" WC="0.98" CC="500"/>
						<SP ID="P3_SP00205" HPOS="826" VPOS="2495" WIDTH="41"/>
						<String ID="P3_ST00232" HPOS="867" VPOS="2435" WIDTH="241" HEIGHT="67" CONTENT="allerdings" WC="1.00" CC="5030100200"/>
						<SP ID="P3_SP00206" HPOS="1108" VPOS="2502" WIDTH="42"/>
						<String ID="P3_ST00233" HPOS="1150" VPOS="2435" WIDTH="116" HEIGHT="49" CONTENT="auch" WC="0.98" CC="5300"/>
						<SP ID="P3_SP00207" HPOS="1266" VPOS="2502" WIDTH="42"/>
						<String ID="P3_ST00234" HPOS="1308" VPOS="2435" WIDTH="124" HEIGHT="51" CONTENT="nicht" WC="0.98" CC="20036"/>
						<SP ID="P3_SP00208" HPOS="1432" VPOS="2502" WIDTH="32"/>
						<String ID="P3_ST00235" HPOS="1464" VPOS="2436" WIDTH="69" HEIGHT="48" CONTENT="für" WC="1.00" CC="000"/>
						<SP ID="P3_SP00209" HPOS="1533" VPOS="2502" WIDTH="30"/>
						<String ID="P3_ST00236" HPOS="1563" VPOS="2436" WIDTH="74" HEIGHT="50" CONTENT="ihn" WC="0.97" CC="070"/>
					</TextLine>
					<TextLine ID="P3_TL00028" HPOS="81" VPOS="2516" WIDTH="1558" HEIGHT="68">
						<String ID="P3_ST00237" HPOS="81" VPOS="2516" WIDTH="297" HEIGHT="68" CONTENT="geschrieben" WC="0.99" CC="90000510500"/>
						<SP ID="P3_SP00210" HPOS="378" VPOS="2584" WIDTH="31"/>
						<String ID="P3_ST00238" HPOS="409" VPOS="2519" WIDTH="89" HEIGHT="48" CONTENT="und" WC="0.97" CC="340"/>
						<SP ID="P3_SP00211" HPOS="498" VPOS="2584" WIDTH="24"/>
						<String ID="P3_ST00239" HPOS="522" VPOS="2526" WIDTH="142" HEIGHT="42" CONTENT="etwas" WC="0.98" CC="37006"/>
						<SP ID="P3_SP00212" HPOS="664" VPOS="2584" WIDTH="29"/>
						<String ID="P3_ST00240" HPOS="693" VPOS="2519" WIDTH="114" HEIGHT="49" CONTENT="hoch" WC="0.98" CC="6104"/>
						<SP ID="P3_SP00213" HPOS="807" VPOS="2584" WIDTH="28"/>
						<String ID="P3_ST00241" HPOS="835" VPOS="2519" WIDTH="70" HEIGHT="49" CONTENT="ist." WC="0.99" CC="0003"/>
						<SP ID="P3_SP00214" HPOS="905" VPOS="2584" WIDTH="33"/>
						<String ID="P3_ST00242" HPOS="938" VPOS="2521" WIDTH="108" HEIGHT="47" CONTENT="Erst" WC="0.98" CC="6003"/>
						<SP ID="P3_SP00215" HPOS="1046" VPOS="2584" WIDTH="24"/>
						<String ID="P3_ST00243" HPOS="1070" VPOS="2537" WIDTH="96" HEIGHT="33" CONTENT="war" WC="0.98" CC="050"/>
						<SP ID="P3_SP00216" HPOS="1166" VPOS="2584" WIDTH="30"/>
						<String ID="P3_ST00244" HPOS="1196" VPOS="2519" WIDTH="84" HEIGHT="51" CONTENT="mir" WC="0.99" CC="002"/>
						<SP ID="P3_SP00217" HPOS="1280" VPOS="2584" WIDTH="29"/>
						<String ID="P3_ST00245" HPOS="1309" VPOS="2519" WIDTH="83" HEIGHT="49" CONTENT="der" WC="0.95" CC="830"/>
						<SP ID="P3_SP00218" HPOS="1392" VPOS="2584" WIDTH="29"/>
						<String ID="P3_ST00246" HPOS="1421" VPOS="2519" WIDTH="218" HEIGHT="49" CONTENT="Gedanke" WC="0.99" CC="0300800"/>
					</TextLine>
					<TextLine ID="P3_TL00029" HPOS="81" VPOS="2601" WIDTH="1554" HEIGHT="66">
						<String ID="P3_ST00247" HPOS="81" VPOS="2618" WIDTH="113" HEIGHT="49" CONTENT="ganz" WC="0.96" CC="8052"/>
						<SP ID="P3_SP00219" HPOS="194" VPOS="2667" WIDTH="32"/>
						<String ID="P3_ST00248" HPOS="226" VPOS="2601" WIDTH="118" HEIGHT="57" CONTENT="fatal," WC="0.97" CC="457531"/>
						<SP ID="P3_SP00220" HPOS="344" VPOS="2667" WIDTH="30"/>
						<String ID="P3_ST00249" HPOS="374" VPOS="2603" WIDTH="93" HEIGHT="49" CONTENT="und" WC="0.97" CC="070"/>
						<SP ID="P3_SP00221" HPOS="467" VPOS="2667" WIDTH="32"/>
						<String ID="P3_ST00250" HPOS="499" VPOS="2601" WIDTH="67" HEIGHT="50" CONTENT="ich" WC="0.98" CC="005"/>
						<SP ID="P3_SP00222" HPOS="566" VPOS="2667" WIDTH="34"/>
						<String ID="P3_ST00251" HPOS="600" VPOS="2603" WIDTH="154" HEIGHT="49" CONTENT="wollte" WC="0.99" CC="000060"/>
						<SP ID="P3_SP00223" HPOS="754" VPOS="2667" WIDTH="32"/>
						<String ID="P3_ST00252" HPOS="786" VPOS="2603" WIDTH="145" HEIGHT="49" CONTENT="nichts" WC="0.97" CC="740576"/>
						<SP ID="P3_SP00224" HPOS="931" VPOS="2667" WIDTH="25"/>
						<String ID="P3_ST00253" HPOS="956" VPOS="2604" WIDTH="146" HEIGHT="49" CONTENT="davon" WC="0.98" CC="05070"/>
						<SP ID="P3_SP00225" HPOS="1102" VPOS="2667" WIDTH="27"/>
						<String ID="P3_ST00254" HPOS="1129" VPOS="2603" WIDTH="157" HEIGHT="50" CONTENT="hören." WC="0.99" CC="040003"/>
						<SP ID="P3_SP00226" HPOS="1286" VPOS="2667" WIDTH="33"/>
						<String ID="P3_ST00255" HPOS="1319" VPOS="2603" WIDTH="191" HEIGHT="50" CONTENT="Endlich" WC="0.99" CC="0165106"/>
						<SP ID="P3_SP00227" HPOS="1510" VPOS="2667" WIDTH="29"/>
						<String ID="P3_ST00256" HPOS="1539" VPOS="2619" WIDTH="72" HEIGHT="34" CONTENT="ver" SUBS_TYPE="HypPart1" SUBS_CONTENT="versprach" WC="0.99" CC="003"/>
						<HYP HPOS="1611" VPOS="2619" WIDTH="24" CONTENT="-"/>
					</TextLine>
					<TextLine ID="P3_TL00030" HPOS="82" VPOS="2685" WIDTH="1555" HEIGHT="70">
						<String ID="P3_ST00257" HPOS="82" VPOS="2686" WIDTH="164" HEIGHT="66" CONTENT="sprach" SUBS_TYPE="HypPart2" SUBS_CONTENT="versprach" WC="0.99" CC="003500"/>
						<SP ID="P3_SP00228" HPOS="246" VPOS="2752" WIDTH="36"/>
						<String ID="P3_ST00258" HPOS="282" VPOS="2685" WIDTH="85" HEIGHT="56" CONTENT="ich," WC="0.98" CC="3030"/>
						<SP ID="P3_SP00229" HPOS="367" VPOS="2752" WIDTH="33"/>
						<String ID="P3_ST00259" HPOS="400" VPOS="2704" WIDTH="134" HEIGHT="31" CONTENT="wenn" WC="1.00" CC="0001"/>
						<SP ID="P3_SP00230" HPOS="534" VPOS="2752" WIDTH="33"/>
						<String ID="P3_ST00260" HPOS="567" VPOS="2686" WIDTH="69" HEIGHT="50" CONTENT="die" WC="0.97" CC="062"/>
						<SP ID="P3_SP00231" HPOS="636" VPOS="2752" WIDTH="32"/>
						<String ID="P3_ST00261" HPOS="668" VPOS="2688" WIDTH="129" HEIGHT="67" CONTENT="Oper" WC="0.98" CC="5004"/>
						<SP ID="P3_SP00232" HPOS="797" VPOS="2755" WIDTH="32"/>
						<String ID="P3_ST00262" HPOS="829" VPOS="2688" WIDTH="132" HEIGHT="66" CONTENT="fertig" WC="0.98" CC="026039"/>
						<SP ID="P3_SP00233" HPOS="961" VPOS="2755" WIDTH="31"/>
						<String ID="P3_ST00263" HPOS="992" VPOS="2689" WIDTH="62" HEIGHT="48" CONTENT="sei" WC="1.00" CC="000"/>
						<SP ID="P3_SP00234" HPOS="1054" VPOS="2755" WIDTH="34"/>
						<String ID="P3_ST00264" HPOS="1088" VPOS="2688" WIDTH="90" HEIGHT="49" CONTENT="und" WC="0.98" CC="400"/>
						<SP ID="P3_SP00235" HPOS="1178" VPOS="2755" WIDTH="33"/>
						<String ID="P3_ST00265" HPOS="1211" VPOS="2689" WIDTH="83" HEIGHT="48" CONTENT="mir" WC="0.94" CC="904"/>
						<SP ID="P3_SP00236" HPOS="1294" VPOS="2755" WIDTH="32"/>
						<String ID="P3_ST00266" HPOS="1326" VPOS="2688" WIDTH="115" HEIGHT="48" CONTENT="noch" WC="0.96" CC="9007"/>
						<SP ID="P3_SP00237" HPOS="1441" VPOS="2755" WIDTH="32"/>
						<String ID="P3_ST00267" HPOS="1473" VPOS="2705" WIDTH="52" HEIGHT="32" CONTENT="so" WC="0.70" CC="05"/>
						<SP ID="P3_SP00238" HPOS="1525" VPOS="2755" WIDTH="30"/>
						<String ID="P3_ST00268" HPOS="1555" VPOS="2688" WIDTH="82" HEIGHT="48" CONTENT="viel" WC="1.00" CC="0000"/>
					</TextLine>
					<TextLine ID="P3_TL00031" HPOS="80" VPOS="2769" WIDTH="1557" HEIGHT="66">
						<String ID="P3_ST00269" HPOS="80" VPOS="2769" WIDTH="100" HEIGHT="49" CONTENT="Zeit" WC="0.99" CC="0003"/>
						<SP ID="P3_SP00239" HPOS="180" VPOS="2818" WIDTH="29"/>
						<String ID="P3_ST00270" HPOS="209" VPOS="2769" WIDTH="134" HEIGHT="66" CONTENT="übrig" WC="0.98" CC="80500"/>
						<SP ID="P3_SP00240" HPOS="343" VPOS="2835" WIDTH="33"/>
						<String ID="P3_ST00271" HPOS="376" VPOS="2769" WIDTH="160" HEIGHT="58" CONTENT="bliebe," WC="0.98" CC="5034663"/>
						<SP ID="P3_SP00241" HPOS="536" VPOS="2835" WIDTH="31"/>
						<String ID="P3_ST00272" HPOS="567" VPOS="2787" WIDTH="51" HEIGHT="33" CONTENT="so" WC="0.54" CC="71"/>
						<SP ID="P3_SP00242" HPOS="618" VPOS="2835" WIDTH="34"/>
						<String ID="P3_ST00273" HPOS="652" VPOS="2771" WIDTH="152" HEIGHT="49" CONTENT="wollte" WC="0.98" CC="015250"/>
						<SP ID="P3_SP00243" HPOS="804" VPOS="2835" WIDTH="31"/>
						<String ID="P3_ST00274" HPOS="835" VPOS="2770" WIDTH="68" HEIGHT="51" CONTENT="ich" WC="0.97" CC="105"/>
						<SP ID="P3_SP00244" HPOS="903" VPOS="2835" WIDTH="30"/>
						<String ID="P3_ST00275" HPOS="933" VPOS="2788" WIDTH="46" HEIGHT="32" CONTENT="es" WC="0.75" CC="04"/>
						<SP ID="P3_SP00245" HPOS="979" VPOS="2835" WIDTH="24"/>
						<String ID="P3_ST00276" HPOS="1003" VPOS="2771" WIDTH="127" HEIGHT="49" CONTENT="thun." WC="0.61" CC="07434"/>
						<SP ID="P3_SP00246" HPOS="1130" VPOS="2835" WIDTH="30"/>
						<String ID="P3_ST00277" HPOS="1160" VPOS="2771" WIDTH="105" HEIGHT="50" CONTENT="Nun" WC="0.97" CC="520"/>
						<SP ID="P3_SP00247" HPOS="1265" VPOS="2835" WIDTH="33"/>
						<String ID="P3_ST00278" HPOS="1298" VPOS="2770" WIDTH="115" HEIGHT="50" CONTENT="habe" WC="1.00" CC="0100"/>
						<SP ID="P3_SP00248" HPOS="1413" VPOS="2835" WIDTH="29"/>
						<String ID="P3_ST00279" HPOS="1442" VPOS="2770" WIDTH="68" HEIGHT="50" CONTENT="ich" WC="0.98" CC="005"/>
						<SP ID="P3_SP00249" HPOS="1510" VPOS="2835" WIDTH="33"/>
						<String ID="P3_ST00280" HPOS="1543" VPOS="2770" WIDTH="94" HEIGHT="51" CONTENT="also" WC="0.96" CC="5074"/>
					</TextLine>
					<TextLine ID="P3_TL00032" HPOS="81" VPOS="2851" WIDTH="1557" HEIGHT="70">
						<String ID="P3_ST00281" HPOS="81" VPOS="2851" WIDTH="123" HEIGHT="51" CONTENT="diese" WC="0.99" CC="01040"/>
						<SP ID="P3_SP00250" HPOS="204" VPOS="2902" WIDTH="32"/>
						<String ID="P3_ST00282" HPOS="236" VPOS="2871" WIDTH="161" HEIGHT="49" CONTENT="grosse" WC="0.98" CC="090173"/>
						<SP ID="P3_SP00251" HPOS="397" VPOS="2920" WIDTH="29"/>
						<String ID="P3_ST00283" HPOS="426" VPOS="2855" WIDTH="162" HEIGHT="56" CONTENT="Scene," WC="0.65" CC="306703"/>
						<SP ID="P3_SP00252" HPOS="588" VPOS="2920" WIDTH="31"/>
						<String ID="P3_ST00284" HPOS="619" VPOS="2854" WIDTH="72" HEIGHT="48" CONTENT="ein" WC="0.97" CC="007"/>
						<SP ID="P3_SP00253" HPOS="691" VPOS="2920" WIDTH="33"/>
						<String ID="P3_ST00285" HPOS="724" VPOS="2854" WIDTH="499" HEIGHT="67" CONTENT="Schlachtengemälde," WC="1.00" CC="407440760700304000"/>
						<SP ID="P3_SP00254" HPOS="1223" VPOS="2921" WIDTH="31"/>
						<String ID="P3_ST00286" HPOS="1254" VPOS="2854" WIDTH="92" HEIGHT="50" CONTENT="und" WC="0.95" CC="049"/>
						<SP ID="P3_SP00255" HPOS="1346" VPOS="2921" WIDTH="35"/>
						<String ID="P3_ST00287" HPOS="1381" VPOS="2872" WIDTH="92" HEIGHT="32" CONTENT="was" WC="0.97" CC="070"/>
						<SP ID="P3_SP00256" HPOS="1473" VPOS="2921" WIDTH="33"/>
						<String ID="P3_ST00288" HPOS="1506" VPOS="2854" WIDTH="132" HEIGHT="50" CONTENT="weiss" WC="0.98" CC="04054"/>
					</TextLine>
					<TextLine ID="P3_TL00033" HPOS="80" VPOS="2935" WIDTH="1555" HEIGHT="70">
						<String ID="P3_ST00289" HPOS="80" VPOS="2935" WIDTH="70" HEIGHT="50" CONTENT="ich" WC="1.00" CC="100"/>
						<SP ID="P3_SP00257" HPOS="150" VPOS="2985" WIDTH="27"/>
						<String ID="P3_ST00290" HPOS="177" VPOS="2937" WIDTH="135" HEIGHT="49" CONTENT="alles!" WC="0.98" CC="236004"/>
						<SP ID="P3_SP00258" HPOS="312" VPOS="2986" WIDTH="33"/>
						<String ID="P3_ST00291" HPOS="345" VPOS="2954" WIDTH="79" HEIGHT="32" CONTENT="vor" WC="1.00" CC="000"/>
						<SP ID="P3_SP00259" HPOS="424" VPOS="2986" WIDTH="33"/>
						<String ID="P3_ST00292" HPOS="457" VPOS="2938" WIDTH="81" HEIGHT="48" CONTENT="mir" WC="0.98" CC="050"/>
						<SP ID="P3_SP00260" HPOS="538" VPOS="2986" WIDTH="32"/>
						<String ID="P3_ST00293" HPOS="570" VPOS="2937" WIDTH="146" HEIGHT="67" CONTENT="liegen" WC="0.99" CC="640010"/>
						<SP ID="P3_SP00261" HPOS="716" VPOS="3004" WIDTH="46"/>
						<String ID="P3_ST00294" HPOS="762" VPOS="2939" WIDTH="91" HEIGHT="48" CONTENT="und" WC="0.94" CC="870"/>
						<SP ID="P3_SP00262" HPOS="853" VPOS="3004" WIDTH="36"/>
						<String ID="P3_ST00295" HPOS="889" VPOS="2939" WIDTH="115" HEIGHT="65" CONTENT="gehe" WC="0.96" CC="9060"/>
						<SP ID="P3_SP00263" HPOS="1004" VPOS="3004" WIDTH="35"/>
						<String ID="P3_ST00296" HPOS="1039" VPOS="2939" WIDTH="78" HEIGHT="50" CONTENT="mit" WC="0.95" CC="516"/>
						<SP ID="P3_SP00264" HPOS="1117" VPOS="3004" WIDTH="32"/>
						<String ID="P3_ST00297" HPOS="1149" VPOS="2939" WIDTH="102" HEIGHT="48" CONTENT="dem" WC="1.00" CC="000"/>
						<SP ID="P3_SP00265" HPOS="1251" VPOS="3004" WIDTH="33"/>
						<String ID="P3_ST00298" HPOS="1284" VPOS="2942" WIDTH="212" HEIGHT="63" CONTENT="grössten" WC="0.72" CC="05012705"/>
						<SP ID="P3_SP00266" HPOS="1496" VPOS="3005" WIDTH="29"/>
						<String ID="P3_ST00299" HPOS="1525" VPOS="2938" WIDTH="83" HEIGHT="54" CONTENT=".Wi" SUBS_TYPE="HypPart1" SUBS_CONTENT=".Widerwillen" WC="0.98" CC="700"/>
						<HYP HPOS="1608" VPOS="2938" WIDTH="27" CONTENT="-"/>
					</TextLine>
					<TextLine ID="P3_TL00034" HPOS="81" VPOS="3018" WIDTH="1554" HEIGHT="53">
						<String ID="P3_ST00300" HPOS="81" VPOS="3018" WIDTH="232" HEIGHT="51" CONTENT="derwillen" SUBS_TYPE="HypPart2" SUBS_CONTENT=".Widerwillen" WC="0.99" CC="035002016"/>
						<SP ID="P3_SP00267" HPOS="313" VPOS="3069" WIDTH="19"/>
						<String ID="P3_ST00301" HPOS="332" VPOS="3020" WIDTH="153" HEIGHT="50" CONTENT="daran." WC="0.98" CC="990500"/>
						<SP ID="P3_SP00268" HPOS="485" VPOS="3070" WIDTH="34"/>
						<String ID="P3_ST00302" HPOS="519" VPOS="3022" WIDTH="116" HEIGHT="49" CONTENT="Was" WC="0.96" CC="550"/>
						<SP ID="P3_SP00269" HPOS="635" VPOS="3071" WIDTH="33"/>
						<String ID="P3_ST00303" HPOS="668" VPOS="3022" WIDTH="54" HEIGHT="48" CONTENT="ist" WC="0.93" CC="476"/>
						<SP ID="P3_SP00270" HPOS="722" VPOS="3071" WIDTH="31"/>
						<String ID="P3_ST00304" HPOS="753" VPOS="3020" WIDTH="109" HEIGHT="50" CONTENT="aber" WC="0.96" CC="3462"/>
						<SP ID="P3_SP00271" HPOS="862" VPOS="3071" WIDTH="32"/>
						<String ID="P3_ST00305" HPOS="894" VPOS="3039" WIDTH="52" HEIGHT="31" CONTENT="zu" WC="0.26" CC="77"/>
						<SP ID="P3_SP00272" HPOS="946" VPOS="3071" WIDTH="33"/>
						<String ID="P3_ST00306" HPOS="979" VPOS="3022" WIDTH="147" HEIGHT="49" CONTENT="thun?" WC="0.46" CC="67560"/>
						<SP ID="P3_SP00273" HPOS="1126" VPOS="3071" WIDTH="29"/>
						<String ID="P3_ST00307" HPOS="1155" VPOS="3022" WIDTH="196" HEIGHT="49" CONTENT="Braham" WC="0.63" CC="741350"/>
						<SP ID="P3_SP00274" HPOS="1351" VPOS="3071" WIDTH="28"/>
						<String ID="P3_ST00308" HPOS="1379" VPOS="3022" WIDTH="140" HEIGHT="49" CONTENT="kennt" WC="0.97" CC="05864"/>
						<SP ID="P3_SP00275" HPOS="1519" VPOS="3071" WIDTH="25"/>
						<String ID="P3_ST00309" HPOS="1544" VPOS="3022" WIDTH="91" HEIGHT="48" CONTENT="sein" WC="0.99" CC="5000"/>
					</TextLine>
					<TextLine ID="P3_TL00035" HPOS="81" VPOS="3100" WIDTH="1558" HEIGHT="70">
						<String ID="P3_ST00310" HPOS="81" VPOS="3100" WIDTH="254" HEIGHT="59" CONTENT="Publicum," WC="0.99" CC="567300070"/>
						<SP ID="P3_SP00276" HPOS="335" VPOS="3159" WIDTH="32"/>
						<String ID="P3_ST00311" HPOS="367" VPOS="3103" WIDTH="54" HEIGHT="48" CONTENT="ist" WC="0.96" CC="226"/>
						<SP ID="P3_SP00277" HPOS="421" VPOS="3159" WIDTH="33"/>
						<String ID="P3_ST00312" HPOS="454" VPOS="3103" WIDTH="80" HEIGHT="49" CONTENT="der" WC="0.98" CC="005"/>
						<SP ID="P3_SP00278" HPOS="534" VPOS="3159" WIDTH="31"/>
						<String ID="P3_ST00313" HPOS="565" VPOS="3103" WIDTH="180" HEIGHT="66" CONTENT="Abgott" WC="0.98" CC="479300"/>
						<SP ID="P3_SP00279" HPOS="745" VPOS="3169" WIDTH="31"/>
						<String ID="P3_ST00314" HPOS="776" VPOS="3104" WIDTH="254" HEIGHT="52" CONTENT="desselben." WC="0.99" CC="0466000052"/>
						<SP ID="P3_SP00280" HPOS="1030" VPOS="3169" WIDTH="53"/>
						<String ID="P3_ST00315" HPOS="1083" VPOS="3107" WIDTH="76" HEIGHT="48" CONTENT="Ich" WC="0.96" CC="505"/>
						<SP ID="P3_SP00281" HPOS="1159" VPOS="3169" WIDTH="33"/>
						<String ID="P3_ST00316" HPOS="1192" VPOS="3123" WIDTH="125" HEIGHT="32" CONTENT="muss" WC="0.73" CC="0090"/>
						<SP ID="P3_SP00282" HPOS="1317" VPOS="3169" WIDTH="31"/>
						<String ID="P3_ST00317" HPOS="1348" VPOS="3105" WIDTH="99" HEIGHT="50" CONTENT="dem" WC="1.00" CC="000"/>
						<SP ID="P3_SP00283" HPOS="1447" VPOS="3169" WIDTH="36"/>
						<String ID="P3_ST00318" HPOS="1483" VPOS="3104" WIDTH="156" HEIGHT="66" CONTENT="Erfolg" WC="0.98" CC="604060"/>
					</TextLine>
					<TextLine ID="P3_TL00036" HPOS="81" VPOS="3184" WIDTH="1554" HEIGHT="55">
						<String ID="P3_ST00319" HPOS="81" VPOS="3203" WIDTH="53" HEIGHT="31" CONTENT="zu" WC="0.70" CC="50"/>
						<SP ID="P3_SP00284" HPOS="134" VPOS="3234" WIDTH="27"/>
						<String ID="P3_ST00320" HPOS="161" VPOS="3184" WIDTH="138" HEIGHT="50" CONTENT="Liebe" WC="0.99" CC="50040"/>
						<SP ID="P3_SP00285" HPOS="299" VPOS="3234" WIDTH="33"/>
						<String ID="P3_ST00321" HPOS="332" VPOS="3186" WIDTH="68" HEIGHT="48" CONTENT="ein" WC="0.97" CC="035"/>
						<SP ID="P3_SP00286" HPOS="400" VPOS="3234" WIDTH="23"/>
						<String ID="P3_ST00322" HPOS="423" VPOS="3187" WIDTH="141" HEIGHT="47" CONTENT="Stück" WC="0.96" CC="64907"/>
						<SP ID="P3_SP00287" HPOS="564" VPOS="3234" WIDTH="22"/>
						<String ID="P3_ST00323" HPOS="586" VPOS="3187" WIDTH="162" HEIGHT="51" CONTENT="Arbeit" WC="0.99" CC="613000"/>
						<SP ID="P3_SP00288" HPOS="748" VPOS="3238" WIDTH="31"/>
						<String ID="P3_ST00324" HPOS="779" VPOS="3189" WIDTH="129" HEIGHT="47" CONTENT="mehr" WC="0.96" CC="0446"/>
						<SP ID="P3_SP00289" HPOS="908" VPOS="3238" WIDTH="33"/>
						<String ID="P3_ST00325" HPOS="941" VPOS="3188" WIDTH="120" HEIGHT="50" CONTENT="nicht" WC="0.98" CC="00077"/>
						<SP ID="P3_SP00290" HPOS="1061" VPOS="3238" WIDTH="32"/>
						<String ID="P3_ST00326" HPOS="1093" VPOS="3189" WIDTH="200" HEIGHT="50" CONTENT="scheuen" WC="0.98" CC="2370800"/>
						<SP ID="P3_SP00291" HPOS="1293" VPOS="3239" WIDTH="88"/>
						<String ID="P3_ST00327" HPOS="1381" VPOS="3188" WIDTH="94" HEIGHT="50" CONTENT="also" WC="0.96" CC="6670"/>
						<SP ID="P3_SP00292" HPOS="1475" VPOS="3239" WIDTH="32"/>
						<String ID="P3_ST00328" HPOS="1507" VPOS="3188" WIDTH="128" HEIGHT="50" CONTENT="frisch" WC="0.99" CC="430001"/>
					</TextLine>
					<TextLine ID="P3_TL00037" HPOS="80" VPOS="3268" WIDTH="1558" HEIGHT="72">
						<String ID="P3_ST00329" HPOS="80" VPOS="3268" WIDTH="362" HEIGHT="67" CONTENT="hineingebissen" WC="0.99" CC="60370603749657"/>
						<SP ID="P3_SP00293" HPOS="442" VPOS="3335" WIDTH="47"/>
						<String ID="P3_ST00330" HPOS="489" VPOS="3269" WIDTH="40" HEIGHT="49" CONTENT="in" WC="0.28" CC="58"/>
						<SP ID="P3_SP00294" HPOS="529" VPOS="3335" WIDTH="46"/>
						<String ID="P3_ST00331" HPOS="575" VPOS="3272" WIDTH="86" HEIGHT="48" CONTENT="den" WC="0.97" CC="008"/>
						<SP ID="P3_SP00295" HPOS="661" VPOS="3335" WIDTH="45"/>
						<String ID="P3_ST00332" HPOS="706" VPOS="3288" WIDTH="164" HEIGHT="33" CONTENT="sauren" WC="0.97" CC="418608"/>
						<SP ID="P3_SP00296" HPOS="870" VPOS="3335" WIDTH="34"/>
						<String ID="P3_ST00333" HPOS="904" VPOS="3272" WIDTH="156" HEIGHT="68" CONTENT="Apfel!" WC="0.99" CC="000361"/>
						<SP ID="P3_SP00297" HPOS="1060" VPOS="3340" WIDTH="62"/>
						<String ID="P3_ST00334" HPOS="1122" VPOS="3272" WIDTH="99" HEIGHT="51" CONTENT="Und" WC="0.96" CC="470"/>
						<SP ID="P3_SP00298" HPOS="1221" VPOS="3340" WIDTH="45"/>
						<String ID="P3_ST00335" HPOS="1266" VPOS="3273" WIDTH="68" HEIGHT="50" CONTENT="die" WC="1.00" CC="000"/>
						<SP ID="P3_SP00299" HPOS="1334" VPOS="3340" WIDTH="42"/>
						<String ID="P3_ST00336" HPOS="1376" VPOS="3279" WIDTH="121" HEIGHT="42" CONTENT="erste" WC="0.98" CC="08160"/>
						<SP ID="P3_SP00300" HPOS="1497" VPOS="3340" WIDTH="33"/>
						<String ID="P3_ST00337" HPOS="1530" VPOS="3272" WIDTH="108" HEIGHT="48" CONTENT="Arie" WC="0.98" CC="4400"/>
					</TextLine>
					<TextLine ID="P3_TL00038" HPOS="81" VPOS="3351" WIDTH="1556" HEIGHT="59">
						<String ID="P3_ST00338" HPOS="81" VPOS="3351" WIDTH="117" HEIGHT="50" CONTENT="habe" WC="0.96" CC="6270"/>
						<SP ID="P3_SP00301" HPOS="198" VPOS="3401" WIDTH="32"/>
						<String ID="P3_ST00339" HPOS="230" VPOS="3352" WIDTH="68" HEIGHT="48" CONTENT="ich" WC="1.00" CC="000"/>
						<SP ID="P3_SP00302" HPOS="298" VPOS="3401" WIDTH="33"/>
						<String ID="P3_ST00340" HPOS="331" VPOS="3370" WIDTH="50" HEIGHT="31" CONTENT="so" WC="0.15" CC="96"/>
						<SP ID="P3_SP00303" HPOS="381" VPOS="3401" WIDTH="33"/>
						<String ID="P3_ST00341" HPOS="414" VPOS="3351" WIDTH="114" HEIGHT="49" CONTENT="lieb!" WC="0.97" CC="74250"/>
						<SP ID="P3_SP00304" HPOS="528" VPOS="3401" WIDTH="64"/>
						<String ID="P3_ST00342" HPOS="592" VPOS="3354" WIDTH="91" HEIGHT="47" CONTENT="Für" WC="0.97" CC="700"/>
						<SP ID="P3_SP00305" HPOS="683" VPOS="3401" WIDTH="29"/>
						<String ID="P3_ST00343" HPOS="712" VPOS="3354" WIDTH="313" HEIGHT="50" CONTENT="Deutschland" WC="0.99" CC="00485076560"/>
						<SP ID="P3_SP00306" HPOS="1025" VPOS="3404" WIDTH="34"/>
						<String ID="P3_ST00344" HPOS="1059" VPOS="3354" WIDTH="114" HEIGHT="50" CONTENT="lasse" WC="0.98" CC="70700"/>
						<SP ID="P3_SP00307" HPOS="1173" VPOS="3404" WIDTH="33"/>
						<String ID="P3_ST00345" HPOS="1206" VPOS="3356" WIDTH="66" HEIGHT="49" CONTENT="ich" WC="0.94" CC="447"/>
						<SP ID="P3_SP00308" HPOS="1272" VPOS="3405" WIDTH="33"/>
						<String ID="P3_ST00346" HPOS="1305" VPOS="3356" WIDTH="141" HEIGHT="54" CONTENT="Alles," WC="0.98" CC="354030"/>
						<SP ID="P3_SP00309" HPOS="1446" VPOS="3410" WIDTH="28"/>
						<String ID="P3_ST00347" HPOS="1474" VPOS="3354" WIDTH="85" HEIGHT="49" CONTENT="wie" WC="1.00" CC="000"/>
						<SP ID="P3_SP00310" HPOS="1559" VPOS="3410" WIDTH="32"/>
						<String ID="P3_ST00348" HPOS="1591" VPOS="3372" WIDTH="46" HEIGHT="32" CONTENT="es" WC="0.81" CC="03"/>
					</TextLine>
					<TextLine ID="P3_TL00039" HPOS="81" VPOS="3434" WIDTH="1556" HEIGHT="61">
						<String ID="P3_ST00349" HPOS="81" VPOS="3436" WIDTH="71" HEIGHT="49" CONTENT="ist." WC="0.97" CC="0264"/>
						<SP ID="P3_SP00311" HPOS="152" VPOS="3485" WIDTH="38"/>
						<String ID="P3_ST00350" HPOS="190" VPOS="3436" WIDTH="134" HEIGHT="48" CONTENT="Denn" WC="0.97" CC="0078"/>
						<SP ID="P3_SP00312" HPOS="324" VPOS="3485" WIDTH="31"/>
						<String ID="P3_ST00351" HPOS="355" VPOS="3434" WIDTH="68" HEIGHT="50" CONTENT="ich" WC="0.96" CC="046"/>
						<SP ID="P3_SP00313" HPOS="423" VPOS="3485" WIDTH="33"/>
						<String ID="P3_ST00352" HPOS="456" VPOS="3434" WIDTH="134" HEIGHT="50" CONTENT="hasse" WC="0.98" CC="60352"/>
						<SP ID="P3_SP00314" HPOS="590" VPOS="3485" WIDTH="32"/>
						<String ID="P3_ST00353" HPOS="622" VPOS="3436" WIDTH="70" HEIGHT="48" CONTENT="die" WC="0.96" CC="083"/>
						<SP ID="P3_SP00315" HPOS="692" VPOS="3485" WIDTH="30"/>
						<String ID="P3_ST00354" HPOS="722" VPOS="3437" WIDTH="110" HEIGHT="48" CONTENT="Arie" WC="0.96" CC="4920"/>
						<SP ID="P3_SP00316" HPOS="832" VPOS="3485" WIDTH="33"/>
						<String ID="P3_ST00355" HPOS="865" VPOS="3437" WIDTH="57" HEIGHT="48" CONTENT="im" WC="0.54" CC="17"/>
						<SP ID="P3_SP00317" HPOS="922" VPOS="3485" WIDTH="35"/>
						<String ID="P3_ST00356" HPOS="957" VPOS="3440" WIDTH="196" HEIGHT="55" CONTENT="Voraus," WC="0.98" CC="4396244"/>
						<SP ID="P3_SP00318" HPOS="1153" VPOS="3495" WIDTH="32"/>
						<String ID="P3_ST00357" HPOS="1185" VPOS="3440" WIDTH="71" HEIGHT="48" CONTENT="die" WC="1.00" CC="000"/>
						<SP ID="P3_SP00319" HPOS="1256" VPOS="3495" WIDTH="31"/>
						<String ID="P3_ST00358" HPOS="1287" VPOS="3440" WIDTH="68" HEIGHT="48" CONTENT="ich" WC="0.97" CC="006"/>
						<SP ID="P3_SP00320" HPOS="1355" VPOS="3495" WIDTH="90"/>
						<String ID="P3_ST00359" HPOS="1445" VPOS="3437" WIDTH="168" HEIGHT="51" CONTENT="hoffent" SUBS_TYPE="HypPart1" SUBS_CONTENT="hoffentlich" WC="0.98" CC="5844674"/>
						<HYP HPOS="1613" VPOS="3437" WIDTH="24" CONTENT="-"/>
					</TextLine>
					<TextLine ID="P3_TL00040" HPOS="80" VPOS="3518" WIDTH="1561" HEIGHT="55">
						<String ID="P3_ST00360" HPOS="80" VPOS="3518" WIDTH="84" HEIGHT="50" CONTENT="lich" SUBS_TYPE="HypPart2" SUBS_CONTENT="hoffentlich" WC="0.98" CC="4005"/>
						<SP ID="P3_SP00321" HPOS="164" VPOS="3568" WIDTH="31"/>
						<String ID="P3_ST00361" HPOS="195" VPOS="3518" WIDTH="139" HEIGHT="50" CONTENT="heute" WC="0.98" CC="50460"/>
						<SP ID="P3_SP00322" HPOS="334" VPOS="3568" WIDTH="30"/>
						<String ID="P3_ST00362" HPOS="364" VPOS="3518" WIDTH="114" HEIGHT="50" CONTENT="noch" WC="0.95" CC="8237"/>
						<SP ID="P3_SP00323" HPOS="478" VPOS="3568" WIDTH="147"/>
						<String ID="P3_ST00363" HPOS="625" VPOS="3520" WIDTH="186" HEIGHT="48" CONTENT="machen" WC="0.97" CC="867707"/>
						<SP ID="P3_SP00324" HPOS="811" VPOS="3568" WIDTH="33"/>
						<String ID="P3_ST00364" HPOS="844" VPOS="3521" WIDTH="169" HEIGHT="49" CONTENT="werde." WC="1.00" CC="300010"/>
						<SP ID="P3_SP00325" HPOS="1013" VPOS="3570" WIDTH="61"/>
						<String ID="P3_ST00365" HPOS="1074" VPOS="3522" WIDTH="89" HEIGHT="50" CONTENT="So!" WC="0.97" CC="330"/>
						<SP ID="P3_SP00326" HPOS="1163" VPOS="3572" WIDTH="39"/>
						<String ID="P3_ST00366" HPOS="1202" VPOS="3541" WIDTH="93" HEIGHT="32" CONTENT="nun" WC="0.91" CC="958"/>
						<SP ID="P3_SP00327" HPOS="1295" VPOS="3573" WIDTH="33"/>
						<String ID="P3_ST00367" HPOS="1328" VPOS="3521" WIDTH="102" HEIGHT="51" CONTENT="hab'" WC="0.42" CC="7662"/>
						<SP ID="P3_SP00328" HPOS="1430" VPOS="3573" WIDTH="30"/>
						<String ID="P3_ST00368" HPOS="1460" VPOS="3521" WIDTH="68" HEIGHT="51" CONTENT="ich" WC="0.98" CC="005"/>
						<SP ID="P3_SP00329" HPOS="1528" VPOS="3573" WIDTH="33"/>
						<String ID="P3_ST00369" HPOS="1561" VPOS="3522" WIDTH="80" HEIGHT="48" CONTENT="Dir" WC="0.97" CC="042"/>
					</TextLine>
					<TextLine ID="P3_TL00041" HPOS="81" VPOS="3602" WIDTH="1560" HEIGHT="66">
						<String ID="P3_ST00370" HPOS="81" VPOS="3602" WIDTH="117" HEIGHT="50" CONTENT="auch" WC="0.97" CC="6006"/>
						<SP ID="P3_SP00330" HPOS="198" VPOS="3652" WIDTH="29"/>
						<String ID="P3_ST00371" HPOS="227" VPOS="3602" WIDTH="146" HEIGHT="48" CONTENT="meine" WC="0.97" CC="77135"/>
						<SP ID="P3_SP00331" HPOS="373" VPOS="3652" WIDTH="33"/>
						<String ID="P3_ST00372" HPOS="406" VPOS="3602" WIDTH="166" HEIGHT="50" CONTENT="Leiden" WC="0.97" CC="490940"/>
						<SP ID="P3_SP00332" HPOS="572" VPOS="3652" WIDTH="33"/>
						<String ID="P3_ST00373" HPOS="605" VPOS="3602" WIDTH="196" HEIGHT="66" CONTENT="geklagt." WC="0.99" CC="05063900"/>
						<SP ID="P3_SP00333" HPOS="801" VPOS="3668" WIDTH="37"/>
						<String ID="P3_ST00374" HPOS="838" VPOS="3603" WIDTH="110" HEIGHT="50" CONTENT="Will" WC="0.98" CC="0420"/>
						<SP ID="P3_SP00334" HPOS="948" VPOS="3668" WIDTH="33"/>
						<String ID="P3_ST00375" HPOS="981" VPOS="3603" WIDTH="84" HEIGHT="50" CONTENT="mir" WC="0.96" CC="029"/>
						<SP ID="P3_SP00335" HPOS="1065" VPOS="3668" WIDTH="31"/>
						<String ID="P3_ST00376" HPOS="1096" VPOS="3605" WIDTH="110" HEIGHT="49" CONTENT="aber" WC="0.98" CC="1600"/>
						<SP ID="P3_SP00336" HPOS="1206" VPOS="3668" WIDTH="29"/>
						<String ID="P3_ST00377" HPOS="1235" VPOS="3606" WIDTH="72" HEIGHT="49" CONTENT="ein" WC="0.96" CC="037"/>
						<SP ID="P3_SP00337" HPOS="1307" VPOS="3668" WIDTH="34"/>
						<String ID="P3_ST00378" HPOS="1341" VPOS="3607" WIDTH="119" HEIGHT="47" CONTENT="Herz" WC="0.98" CC="2006"/>
						<SP ID="P3_SP00338" HPOS="1460" VPOS="3668" WIDTH="33"/>
						<String ID="P3_ST00379" HPOS="1493" VPOS="3606" WIDTH="148" HEIGHT="48" CONTENT="fassen" WC="0.98" CC="040552"/>
					</TextLine>
					<TextLine ID="P3_TL00042" HPOS="82" VPOS="3685" WIDTH="1557" HEIGHT="69">
						<String ID="P3_ST00380" HPOS="82" VPOS="3686" WIDTH="93" HEIGHT="49" CONTENT="und" WC="0.99" CC="020"/>
						<SP ID="P3_SP00339" HPOS="175" VPOS="3735" WIDTH="32"/>
						<String ID="P3_ST00381" HPOS="207" VPOS="3685" WIDTH="142" HEIGHT="67" CONTENT="gleich" WC="0.99" CC="010006"/>
						<SP ID="P3_SP00340" HPOS="349" VPOS="3752" WIDTH="34"/>
						<String ID="P3_ST00382" HPOS="383" VPOS="3685" WIDTH="139" HEIGHT="49" CONTENT="daran" WC="0.98" CC="05050"/>
						<SP ID="P3_SP00341" HPOS="522" VPOS="3752" WIDTH="33"/>
						<String ID="P3_ST00383" HPOS="555" VPOS="3686" WIDTH="161" HEIGHT="65" CONTENT="gehen." WC="1.00" CC="000000"/>
						<SP ID="P3_SP00342" HPOS="716" VPOS="3752" WIDTH="62"/>
						<String ID="P3_ST00384" HPOS="778" VPOS="3686" WIDTH="111" HEIGHT="49" CONTENT="Also" WC="0.98" CC="3500"/>
						<SP ID="P3_SP00343" HPOS="889" VPOS="3752" WIDTH="33"/>
						<String ID="P3_ST00385" HPOS="922" VPOS="3686" WIDTH="101" HEIGHT="49" CONTENT="Ade" WC="0.98" CC="600"/>
						<SP ID="P3_SP00344" HPOS="1023" VPOS="3752" WIDTH="32"/>
						<String ID="P3_ST00386" HPOS="1055" VPOS="3688" WIDTH="69" HEIGHT="47" CONTENT="für" WC="0.96" CC="405"/>
						<SP ID="P3_SP00345" HPOS="1124" VPOS="3752" WIDTH="23"/>
						<String ID="P3_ST00387" HPOS="1147" VPOS="3687" WIDTH="139" HEIGHT="66" CONTENT="jetzt!" WC="0.98" CC="005640"/>
						<SP ID="P3_SP00346" HPOS="1286" VPOS="3753" WIDTH="55"/>
						<String ID="P3_ST00388" HPOS="1341" VPOS="3688" WIDTH="80" HEIGHT="51" CONTENT="Ich" WC="0.95" CC="507"/>
						<SP ID="P3_SP00347" HPOS="1421" VPOS="3753" WIDTH="32"/>
						<String ID="P3_ST00389" HPOS="1453" VPOS="3690" WIDTH="115" HEIGHT="64" CONTENT="gehe" WC="0.97" CC="8070"/>
						<SP ID="P3_SP00348" HPOS="1568" VPOS="3754" WIDTH="28"/>
						<String ID="P3_ST00390" HPOS="1596" VPOS="3688" WIDTH="43" HEIGHT="50" CONTENT="in" WC="1.00" CC="00"/>
					</TextLine>
					<TextLine ID="P3_TL00043" HPOS="84" VPOS="3770" WIDTH="1557" HEIGHT="59">
						<String ID="P3_ST00391" HPOS="84" VPOS="3770" WIDTH="69" HEIGHT="49" CONTENT="die" WC="0.97" CC="006"/>
						<SP ID="P3_SP00349" HPOS="153" VPOS="3819" WIDTH="31"/>
						<String ID="P3_ST00392" HPOS="184" VPOS="3770" WIDTH="226" HEIGHT="49" CONTENT="Schlacht." WC="0.99" CC="003080780"/>
						<String ID="P3_ST00393" HPOS="425" VPOS="3799" WIDTH="56" HEIGHT="6" CONTENT="—" WC="0.20" CC="8"/>
						<SP ID="P3_SP00350" HPOS="481" VPOS="3819" WIDTH="27"/>
						<String ID="P3_ST00394" HPOS="508" VPOS="3771" WIDTH="119" HEIGHT="55" CONTENT="Nun," WC="0.97" CC="7040"/>
						<SP ID="P3_SP00351" HPOS="627" VPOS="3826" WIDTH="33"/>
						<String ID="P3_ST00395" HPOS="660" VPOS="3771" WIDTH="70" HEIGHT="48" CONTENT="die" WC="0.98" CC="004"/>
						<SP ID="P3_SP00352" HPOS="730" VPOS="3826" WIDTH="33"/>
						<String ID="P3_ST00396" HPOS="763" VPOS="3770" WIDTH="212" HEIGHT="49" CONTENT="Schlacht" WC="0.99" CC="13456020"/>
						<SP ID="P3_SP00353" HPOS="975" VPOS="3826" WIDTH="32"/>
						<String ID="P3_ST00397" HPOS="1007" VPOS="3771" WIDTH="56" HEIGHT="48" CONTENT="ist" WC="0.99" CC="003"/>
						<SP ID="P3_SP00354" HPOS="1063" VPOS="3826" WIDTH="33"/>
						<String ID="P3_ST00398" HPOS="1096" VPOS="3790" WIDTH="54" HEIGHT="31" CONTENT="zu" WC="0.38" CC="75"/>
						<SP ID="P3_SP00355" HPOS="1150" VPOS="3826" WIDTH="35"/>
						<String ID="P3_ST00399" HPOS="1185" VPOS="3772" WIDTH="155" HEIGHT="51" CONTENT="Ende:" WC="0.99" CC="40002"/>
						<SP ID="P3_SP00356" HPOS="1340" VPOS="3826" WIDTH="34"/>
						<String ID="P3_ST00400" HPOS="1374" VPOS="3772" WIDTH="79" HEIGHT="50" CONTENT="das" WC="0.99" CC="020"/>
						<SP ID="P3_SP00357" HPOS="1453" VPOS="3826" WIDTH="33"/>
						<String ID="P3_ST00401" HPOS="1486" VPOS="3772" WIDTH="155" HEIGHT="57" CONTENT="heisst," WC="0.73" CC="7007003"/>
					</TextLine>
					<TextLine ID="P3_TL00044" HPOS="82" VPOS="3852" WIDTH="1557" HEIGHT="66">
						<String ID="P3_ST00402" HPOS="82" VPOS="3852" WIDTH="70" HEIGHT="50" CONTENT="die" WC="1.00" CC="000"/>
						<SP ID="P3_SP00358" HPOS="152" VPOS="3902" WIDTH="33"/>
						<String ID="P3_ST00403" HPOS="185" VPOS="3852" WIDTH="154" HEIGHT="50" CONTENT="Hälfte" WC="0.98" CC="600960"/>
						<SP ID="P3_SP00359" HPOS="339" VPOS="3902" WIDTH="32"/>
						<String ID="P3_ST00404" HPOS="371" VPOS="3854" WIDTH="80" HEIGHT="48" CONTENT="der" WC="0.97" CC="061"/>
						<SP ID="P3_SP00360" HPOS="451" VPOS="3902" WIDTH="31"/>
						<String ID="P3_ST00405" HPOS="482" VPOS="3854" WIDTH="159" HEIGHT="48" CONTENT="Scene." WC="0.77" CC="300603"/>
						<SP ID="P3_SP00361" HPOS="641" VPOS="3902" WIDTH="66"/>
						<String ID="P3_ST00406" HPOS="707" VPOS="3854" WIDTH="288" HEIGHT="64" CONTENT="Nachmittag" WC="0.99" CC="9606020670"/>
						<SP ID="P3_SP00362" HPOS="995" VPOS="3918" WIDTH="32"/>
						<String ID="P3_ST00407" HPOS="1027" VPOS="3854" WIDTH="118" HEIGHT="49" CONTENT="hoffe" WC="0.98" CC="40004"/>
						<SP ID="P3_SP00363" HPOS="1145" VPOS="3918" WIDTH="32"/>
						<String ID="P3_ST00408" HPOS="1177" VPOS="3854" WIDTH="67" HEIGHT="49" CONTENT="ich" WC="0.99" CC="003"/>
						<SP ID="P3_SP00364" HPOS="1244" VPOS="3918" WIDTH="31"/>
						<String ID="P3_ST00409" HPOS="1275" VPOS="3856" WIDTH="118" HEIGHT="50" CONTENT="noch" WC="0.97" CC="3074"/>
						<SP ID="P3_SP00365" HPOS="1393" VPOS="3918" WIDTH="32"/>
						<String ID="P3_ST00410" HPOS="1425" VPOS="3855" WIDTH="69" HEIGHT="49" CONTENT="die" WC="1.00" CC="000"/>
						<SP ID="P3_SP00366" HPOS="1494" VPOS="3918" WIDTH="30"/>
						<String ID="P3_ST00411" HPOS="1524" VPOS="3856" WIDTH="87" HEIGHT="48" CONTENT="Tür" SUBS_TYPE="HypPart1" SUBS_CONTENT="Türkinnen" WC="0.98" CC="300"/>
						<HYP HPOS="1611" VPOS="3856" WIDTH="28" CONTENT="-"/>
					</TextLine>
					<TextLine ID="P3_TL00045" HPOS="84" VPOS="3935" WIDTH="1557" HEIGHT="71">
						<String ID="P3_ST00412" HPOS="84" VPOS="3935" WIDTH="165" HEIGHT="51" CONTENT="kinnen" SUBS_TYPE="HypPart2" SUBS_CONTENT="Türkinnen" WC="0.99" CC="017600"/>
						<SP ID="P3_SP00367" HPOS="249" VPOS="3986" WIDTH="25"/>
						<String ID="P3_ST00413" HPOS="274" VPOS="3936" WIDTH="244" HEIGHT="66" CONTENT="jammern," WC="0.98" CC="59074480"/>
						<SP ID="P3_SP00368" HPOS="518" VPOS="4002" WIDTH="47"/>
						<String ID="P3_ST00414" HPOS="565" VPOS="3935" WIDTH="70" HEIGHT="48" CONTENT="die" WC="1.00" CC="000"/>
						<SP ID="P3_SP00369" HPOS="635" VPOS="4002" WIDTH="33"/>
						<String ID="P3_ST00415" HPOS="668" VPOS="3936" WIDTH="336" HEIGHT="51" CONTENT="Französinnen" WC="0.99" CC="529659006609"/>
						<SP ID="P3_SP00370" HPOS="1004" VPOS="4002" WIDTH="27"/>
						<String ID="P3_ST00416" HPOS="1031" VPOS="3936" WIDTH="157" HEIGHT="66" CONTENT="jubeln" WC="0.97" CC="375027"/>
						<SP ID="P3_SP00371" HPOS="1188" VPOS="4002" WIDTH="33"/>
						<String ID="P3_ST00417" HPOS="1221" VPOS="3939" WIDTH="94" HEIGHT="48" CONTENT="und" WC="0.97" CC="008"/>
						<SP ID="P3_SP00372" HPOS="1315" VPOS="4002" WIDTH="32"/>
						<String ID="P3_ST00418" HPOS="1347" VPOS="3939" WIDTH="70" HEIGHT="48" CONTENT="die" WC="1.00" CC="000"/>
						<SP ID="P3_SP00373" HPOS="1417" VPOS="4002" WIDTH="30"/>
						<String ID="P3_ST00419" HPOS="1447" VPOS="3939" WIDTH="194" HEIGHT="67" CONTENT="Krieger" WC="0.99" CC="0500004"/>
					</TextLine>
					<TextLine ID="P3_TL00046" HPOS="84" VPOS="4019" WIDTH="1555" HEIGHT="69">
						<String ID="P3_ST00420" HPOS="84" VPOS="4019" WIDTH="198" HEIGHT="50" CONTENT="Victoria" WC="0.99" CC="00060203"/>
						<SP ID="P3_SP00374" HPOS="282" VPOS="4069" WIDTH="34"/>
						<String ID="P3_ST00421" HPOS="316" VPOS="4021" WIDTH="126" HEIGHT="48" CONTENT="rufen" WC="0.98" CC="28024"/>
						<SP ID="P3_SP00375" HPOS="442" VPOS="4069" WIDTH="34"/>
						<String ID="P3_ST00422" HPOS="476" VPOS="4038" WIDTH="55" HEIGHT="30" CONTENT="zu" WC="0.61" CC="70"/>
						<SP ID="P3_SP00376" HPOS="531" VPOS="4069" WIDTH="33"/>
						<String ID="P3_ST00423" HPOS="564" VPOS="4020" WIDTH="193" HEIGHT="49" CONTENT='lassen."' WC="0.98" CC="55450706"/>
						<SP ID="P3_SP00377" HPOS="757" VPOS="4069" WIDTH="77"/>
						<String ID="P3_ST00424" HPOS="834" VPOS="4020" WIDTH="151" HEIGHT="49" CONTENT="Ueber" WC="0.56" CC="75701"/>
						<SP ID="P3_SP00378" HPOS="985" VPOS="4069" WIDTH="32"/>
						<String ID="P3_ST00425" HPOS="1017" VPOS="4021" WIDTH="152" HEIGHT="50" CONTENT="seinen" WC="0.98" CC="003814"/>
						<SP ID="P3_SP00379" HPOS="1169" VPOS="4071" WIDTH="35"/>
						<String ID="P3_ST00426" HPOS="1204" VPOS="4021" WIDTH="313" HEIGHT="67" CONTENT="körperlichen" WC="0.99" CC="004070660406"/>
						<SP ID="P3_SP00380" HPOS="1517" VPOS="4088" WIDTH="32"/>
						<String ID="P3_ST00427" HPOS="1549" VPOS="4024" WIDTH="60" HEIGHT="48" CONTENT="Zu" SUBS_TYPE="HypPart1" SUBS_CONTENT="Zustand" WC="0.94" CC="16"/>
						<HYP HPOS="1609" VPOS="4024" WIDTH="30" CONTENT="-"/>
					</TextLine>
					<TextLine ID="P3_TL00047" HPOS="82" VPOS="4102" WIDTH="1556" HEIGHT="70">
						<String ID="P3_ST00428" HPOS="82" VPOS="4102" WIDTH="132" HEIGHT="50" CONTENT="stand" SUBS_TYPE="HypPart2" SUBS_CONTENT="Zustand" WC="0.99" CC="35000"/>
						<SP ID="P3_SP00381" HPOS="214" VPOS="4152" WIDTH="46"/>
						<String ID="P3_ST00429" HPOS="260" VPOS="4104" WIDTH="188" HEIGHT="49" CONTENT="enthielt" WC="0.98" CC="07722076"/>
						<SP ID="P3_SP00382" HPOS="448" VPOS="4153" WIDTH="44"/>
						<String ID="P3_ST00430" HPOS="492" VPOS="4104" WIDTH="148" HEIGHT="49" CONTENT="dieser" WC="0.99" CC="000070"/>
						<SP ID="P3_SP00383" HPOS="640" VPOS="4153" WIDTH="45"/>
						<String ID="P3_ST00431" HPOS="685" VPOS="4104" WIDTH="126" HEIGHT="48" CONTENT="Brief" WC="0.98" CC="04009"/>
						<SP ID="P3_SP00384" HPOS="811" VPOS="4153" WIDTH="55"/>
						<String ID="P3_ST00432" HPOS="866" VPOS="4104" WIDTH="71" HEIGHT="49" CONTENT="die" WC="0.99" CC="030"/>
						<SP ID="P3_SP00385" HPOS="937" VPOS="4153" WIDTH="44"/>
						<String ID="P3_ST00433" HPOS="981" VPOS="4105" WIDTH="284" HEIGHT="50" CONTENT="scherzhafte" WC="0.99" CC="00201766000"/>
						<SP ID="P3_SP00386" HPOS="1265" VPOS="4155" WIDTH="44"/>
						<String ID="P3_ST00434" HPOS="1309" VPOS="4106" WIDTH="329" HEIGHT="66" CONTENT="Aeusscrung:" WC="0.70" CC="00064045703"/>
					</TextLine>
					<TextLine ID="P3_TL00048" HPOS="92" VPOS="4185" WIDTH="1549" HEIGHT="70">
						<String ID="P3_ST00435" HPOS="92" VPOS="4185" WIDTH="191" HEIGHT="57" CONTENT="„Fetter" WC="0.99" CC="7000606"/>
						<SP ID="P3_SP00387" HPOS="283" VPOS="4242" WIDTH="33"/>
						<String ID="P3_ST00436" HPOS="316" VPOS="4185" WIDTH="74" HEIGHT="52" CONTENT="bin" WC="0.93" CC="774"/>
						<SP ID="P3_SP00388" HPOS="390" VPOS="4242" WIDTH="31"/>
						<String ID="P3_ST00437" HPOS="421" VPOS="4186" WIDTH="70" HEIGHT="50" CONTENT="ich" WC="0.97" CC="070"/>
						<SP ID="P3_SP00389" HPOS="491" VPOS="4242" WIDTH="33"/>
						<String ID="P3_ST00438" HPOS="524" VPOS="4188" WIDTH="115" HEIGHT="49" CONTENT="noch" WC="0.97" CC="4105"/>
						<SP ID="P3_SP00390" HPOS="639" VPOS="4242" WIDTH="33"/>
						<String ID="P3_ST00439" HPOS="672" VPOS="4186" WIDTH="123" HEIGHT="52" CONTENT="nicht" WC="0.97" CC="75071"/>
						<SP ID="P3_SP00391" HPOS="795" VPOS="4242" WIDTH="42"/>
						<String ID="P3_ST00440" HPOS="837" VPOS="4188" WIDTH="265" HEIGHT="66" CONTENT="geworden," WC="0.99" CC="900000403"/>
						<SP ID="P3_SP00392" HPOS="1102" VPOS="4254" WIDTH="51"/>
						<String ID="P3_ST00441" HPOS="1153" VPOS="4207" WIDTH="47" HEIGHT="33" CONTENT="es" WC="0.70" CC="05"/>
						<SP ID="P3_SP00393" HPOS="1200" VPOS="4254" WIDTH="33"/>
						<String ID="P3_ST00442" HPOS="1233" VPOS="4189" WIDTH="105" HEIGHT="66" CONTENT="geht" WC="0.97" CC="0075"/>
						<SP ID="P3_SP00394" HPOS="1338" VPOS="4255" WIDTH="32"/>
						<String ID="P3_ST00443" HPOS="1370" VPOS="4189" WIDTH="117" HEIGHT="51" CONTENT="noch" WC="0.97" CC="4035"/>
						<SP ID="P3_SP00395" HPOS="1487" VPOS="4255" WIDTH="32"/>
						<String ID="P3_ST00444" HPOS="1519" VPOS="4190" WIDTH="122" HEIGHT="52" CONTENT="nicht" WC="0.98" CC="40025"/>
					</TextLine>
				</TextBlock>
				<TextBlock ID="P3_TB00003" HPOS="1726" VPOS="340" WIDTH="1587" HEIGHT="3921" STYLEREFS="TXT_0 PAR_BLOCK">
					<TextLine ID="P3_TL00049" HPOS="1738" VPOS="341" WIDTH="1575" HEIGHT="67">
						<String ID="P3_ST00445" HPOS="1738" VPOS="342" WIDTH="254" HEIGHT="66" CONTENT="geradeaus" WC="0.99" CC="904000710"/>
						<SP ID="P3_SP00396" HPOS="1992" VPOS="408" WIDTH="32"/>
						<String ID="P3_ST00446" HPOS="2024" VPOS="341" WIDTH="114" HEIGHT="51" CONTENT="über" WC="0.99" CC="0050"/>
						<SP ID="P3_SP00397" HPOS="2138" VPOS="408" WIDTH="32"/>
						<String ID="P3_ST00447" HPOS="2170" VPOS="342" WIDTH="70" HEIGHT="50" CONTENT="die" WC="0.99" CC="030"/>
						<SP ID="P3_SP00398" HPOS="2240" VPOS="408" WIDTH="33"/>
						<String ID="P3_ST00448" HPOS="2273" VPOS="343" WIDTH="196" HEIGHT="60" CONTENT="Backen," WC="0.98" CC="7060463"/>
						<SP ID="P3_SP00399" HPOS="2469" VPOS="408" WIDTH="52"/>
						<String ID="P3_ST00449" HPOS="2521" VPOS="343" WIDTH="150" HEIGHT="51" CONTENT="wird's" WC="0.99" CC="000007"/>
						<SP ID="P3_SP00400" HPOS="2671" VPOS="408" WIDTH="43"/>
						<String ID="P3_ST00450" HPOS="2714" VPOS="343" WIDTH="115" HEIGHT="51" CONTENT="auch" WC="0.96" CC="9115"/>
						<SP ID="P3_SP00401" HPOS="2829" VPOS="408" WIDTH="46"/>
						<String ID="P3_ST00451" HPOS="2875" VPOS="343" WIDTH="121" HEIGHT="51" CONTENT="wohl" WC="0.97" CC="0634"/>
						<SP ID="P3_SP00402" HPOS="2996" VPOS="408" WIDTH="44"/>
						<String ID="P3_ST00452" HPOS="3040" VPOS="345" WIDTH="71" HEIGHT="50" CONTENT="nie" WC="0.95" CC="812"/>
						<SP ID="P3_SP00403" HPOS="3111" VPOS="408" WIDTH="42"/>
						<String ID="P3_ST00453" HPOS="3153" VPOS="347" WIDTH="160" HEIGHT="60" CONTENT="mehr;" WC="0.99" CC="07000"/>
					</TextLine>
					<TextLine ID="P3_TL00050" HPOS="1738" VPOS="426" WIDTH="1570" HEIGHT="57">
						<String ID="P3_ST00454" HPOS="1738" VPOS="426" WIDTH="118" HEIGHT="51" CONTENT="denn" WC="0.98" CC="0074"/>
						<SP ID="P3_SP00404" HPOS="1856" VPOS="477" WIDTH="33"/>
						<String ID="P3_ST00455" HPOS="1889" VPOS="427" WIDTH="69" HEIGHT="51" CONTENT="ich" WC="1.00" CC="000"/>
						<SP ID="P3_SP00405" HPOS="1958" VPOS="478" WIDTH="34"/>
						<String ID="P3_ST00456" HPOS="1992" VPOS="426" WIDTH="157" HEIGHT="51" CONTENT="werde" WC="0.99" CC="04006"/>
						<SP ID="P3_SP00406" HPOS="2149" VPOS="478" WIDTH="33"/>
						<String ID="P3_ST00457" HPOS="2182" VPOS="427" WIDTH="120" HEIGHT="50" CONTENT="wohl" WC="0.98" CC="0370"/>
						<SP ID="P3_SP00407" HPOS="2302" VPOS="478" WIDTH="32"/>
						<String ID="P3_ST00458" HPOS="2334" VPOS="445" WIDTH="51" HEIGHT="32" CONTENT="so" WC="0.84" CC="30"/>
						<SP ID="P3_SP00408" HPOS="2385" VPOS="478" WIDTH="33"/>
						<String ID="P3_ST00459" HPOS="2418" VPOS="428" WIDTH="85" HEIGHT="50" CONTENT="wie" WC="1.00" CC="000"/>
						<SP ID="P3_SP00409" HPOS="2503" VPOS="478" WIDTH="30"/>
						<String ID="P3_ST00460" HPOS="2533" VPOS="430" WIDTH="101" HEIGHT="49" CONTENT="eine" WC="0.97" CC="0660"/>
						<SP ID="P3_SP00410" HPOS="2634" VPOS="479" WIDTH="37"/>
						<String ID="P3_ST00461" HPOS="2671" VPOS="428" WIDTH="88" HEIGHT="50" CONTENT="alte" WC="0.98" CC="0070"/>
						<SP ID="P3_SP00411" HPOS="2759" VPOS="479" WIDTH="35"/>
						<String ID="P3_ST00462" HPOS="2794" VPOS="428" WIDTH="204" HEIGHT="51" CONTENT="Pflaume" WC="0.98" CC="6670190"/>
						<SP ID="P3_SP00412" HPOS="2998" VPOS="479" WIDTH="32"/>
						<String ID="P3_ST00463" HPOS="3030" VPOS="430" WIDTH="278" HEIGHT="53" CONTENT="einhutzeln." WC="0.49" CC="47576064354"/>
					</TextLine>
					<TextLine ID="P3_TL00051" HPOS="1738" VPOS="508" WIDTH="1569" HEIGHT="70">
						<String ID="P3_ST00464" HPOS="1738" VPOS="511" WIDTH="157" HEIGHT="51" CONTENT="Wenn" WC="0.99" CC="0004"/>
						<SP ID="P3_SP00413" HPOS="1895" VPOS="562" WIDTH="33"/>
						<String ID="P3_ST00465" HPOS="1928" VPOS="510" WIDTH="68" HEIGHT="49" CONTENT="ich" WC="1.00" CC="000"/>
						<SP ID="P3_SP00414" HPOS="1996" VPOS="562" WIDTH="33"/>
						<String ID="P3_ST00466" HPOS="2029" VPOS="508" WIDTH="131" HEIGHT="52" CONTENT="dabei" WC="0.99" CC="00500"/>
						<SP ID="P3_SP00415" HPOS="2160" VPOS="562" WIDTH="43"/>
						<String ID="P3_ST00467" HPOS="2203" VPOS="511" WIDTH="177" HEIGHT="67" CONTENT="gesund" WC="0.98" CC="909070"/>
						<SP ID="P3_SP00416" HPOS="2380" VPOS="578" WIDTH="43"/>
						<String ID="P3_ST00468" HPOS="2423" VPOS="510" WIDTH="87" HEIGHT="59" CONTENT="bin," WC="0.95" CC="7463"/>
						<SP ID="P3_SP00417" HPOS="2510" VPOS="578" WIDTH="47"/>
						<String ID="P3_ST00469" HPOS="2557" VPOS="512" WIDTH="92" HEIGHT="50" CONTENT="ist's" WC="0.99" CC="00405"/>
						<SP ID="P3_SP00418" HPOS="2649" VPOS="578" WIDTH="41"/>
						<String ID="P3_ST00470" HPOS="2690" VPOS="513" WIDTH="195" HEIGHT="58" CONTENT="einerlei," WC="0.99" CC="026006043"/>
						<SP ID="P3_SP00419" HPOS="2885" VPOS="578" WIDTH="48"/>
						<String ID="P3_ST00471" HPOS="2933" VPOS="513" WIDTH="92" HEIGHT="50" CONTENT="und" WC="0.96" CC="530"/>
						<SP ID="P3_SP00420" HPOS="3025" VPOS="578" WIDTH="42"/>
						<String ID="P3_ST00472" HPOS="3067" VPOS="513" WIDTH="70" HEIGHT="51" CONTENT="ich" WC="0.97" CC="007"/>
						<SP ID="P3_SP00421" HPOS="3137" VPOS="578" WIDTH="44"/>
						<String ID="P3_ST00473" HPOS="3181" VPOS="532" WIDTH="126" HEIGHT="33" CONTENT="muss" WC="0.44" CC="7806"/>
					</TextLine>
					<TextLine ID="P3_TL00052" HPOS="1729" VPOS="593" WIDTH="991" HEIGHT="68">
						<String ID="P3_ST00474" HPOS="1729" VPOS="593" WIDTH="116" HEIGHT="68" CONTENT="jetzt" WC="0.98" CC="00460"/>
						<SP ID="P3_SP00422" HPOS="1845" VPOS="661" WIDTH="33"/>
						<String ID="P3_ST00475" HPOS="1878" VPOS="595" WIDTH="199" HEIGHT="51" CONTENT="wirklich" WC="0.99" CC="90406060"/>
						<SP ID="P3_SP00423" HPOS="2077" VPOS="661" WIDTH="35"/>
						<String ID="P3_ST00476" HPOS="2112" VPOS="596" WIDTH="179" HEIGHT="50" CONTENT="meinen" WC="0.99" CC="001402"/>
						<SP ID="P3_SP00424" HPOS="2291" VPOS="661" WIDTH="33"/>
						<String ID="P3_ST00477" HPOS="2324" VPOS="596" WIDTH="184" HEIGHT="50" CONTENT="Husten" WC="0.97" CC="625706"/>
						<SP ID="P3_SP00425" HPOS="2508" VPOS="661" WIDTH="33"/>
						<String ID="P3_ST00478" HPOS="2541" VPOS="596" WIDTH="179" HEIGHT="51" CONTENT='loben."' WC="0.98" CC="5221327"/>
					</TextLine>
					<TextLine ID="P3_TL00053" HPOS="1859" VPOS="679" WIDTH="1439" HEIGHT="68">
						<String ID="P3_ST00479" HPOS="1859" VPOS="679" WIDTH="91" HEIGHT="49" CONTENT="Am" WC="0.76" CC="22"/>
						<SP ID="P3_SP00426" HPOS="1950" VPOS="728" WIDTH="42"/>
						<String ID="P3_ST00480" HPOS="1992" VPOS="680" WIDTH="87" HEIGHT="51" CONTENT="12." WC="0.39" CC="494"/>
						<SP ID="P3_SP00427" HPOS="2079" VPOS="731" WIDTH="30"/>
						<String ID="P3_ST00481" HPOS="2109" VPOS="681" WIDTH="128" HEIGHT="66" CONTENT="April" WC="1.00" CC="00010"/>
						<SP ID="P3_SP00428" HPOS="2237" VPOS="747" WIDTH="41"/>
						<String ID="P3_ST00482" HPOS="2278" VPOS="680" WIDTH="151" HEIGHT="49" CONTENT="1826" WC="0.32" CC="4696"/>
						<SP ID="P3_SP00429" HPOS="2429" VPOS="747" WIDTH="48"/>
						<String ID="P3_ST00483" HPOS="2477" VPOS="680" WIDTH="108" HEIGHT="67" CONTENT="ging" WC="0.99" CC="0060"/>
						<SP ID="P3_SP00430" HPOS="2585" VPOS="747" WIDTH="44"/>
						<String ID="P3_ST00484" HPOS="2629" VPOS="680" WIDTH="80" HEIGHT="48" CONTENT="der" WC="0.95" CC="903"/>
						<SP ID="P3_SP00431" HPOS="2709" VPOS="747" WIDTH="44"/>
						<String ID="P3_ST00485" HPOS="2753" VPOS="679" WIDTH="249" HEIGHT="52" CONTENT="Oberon" WC="0.69" CC="560006"/>
						<SP ID="P3_SP00432" HPOS="3002" VPOS="747" WIDTH="47"/>
						<String ID="P3_ST00486" HPOS="3049" VPOS="684" WIDTH="41" HEIGHT="48" CONTENT="in" WC="0.56" CC="08"/>
						<SP ID="P3_SP00433" HPOS="3090" VPOS="747" WIDTH="47"/>
						<String ID="P3_ST00487" HPOS="3137" VPOS="684" WIDTH="161" HEIGHT="52" CONTENT="Scene." WC="0.58" CC="800573"/>
					</TextLine>
					<TextLine ID="P3_TL00054" HPOS="1737" VPOS="761" WIDTH="1562" HEIGHT="61">
						<String ID="P3_ST00488" HPOS="1737" VPOS="761" WIDTH="179" HEIGHT="51" CONTENT="Weber" WC="0.97" CC="04563"/>
						<SP ID="P3_SP00434" HPOS="1916" VPOS="812" WIDTH="31"/>
						<String ID="P3_ST00489" HPOS="1947" VPOS="762" WIDTH="177" HEIGHT="51" CONTENT="schrieb" WC="0.99" CC="0060006"/>
						<SP ID="P3_SP00435" HPOS="2124" VPOS="813" WIDTH="33"/>
						<String ID="P3_ST00490" HPOS="2157" VPOS="781" WIDTH="55" HEIGHT="32" CONTENT="an" WC="0.58" CC="08"/>
						<SP ID="P3_SP00436" HPOS="2212" VPOS="813" WIDTH="32"/>
						<String ID="P3_ST00491" HPOS="2244" VPOS="764" WIDTH="122" HEIGHT="49" CONTENT="seine" WC="0.98" CC="10503"/>
						<SP ID="P3_SP00437" HPOS="2366" VPOS="813" WIDTH="33"/>
						<String ID="P3_ST00492" HPOS="2399" VPOS="764" WIDTH="181" HEIGHT="50" CONTENT="Gattin:" WC="0.99" CC="0077100"/>
						<SP ID="P3_SP00438" HPOS="2580" VPOS="814" WIDTH="44"/>
						<String ID="P3_ST00493" HPOS="2624" VPOS="765" WIDTH="187" HEIGHT="57" CONTENT="„Durch" WC="0.69" CC="308203"/>
						<SP ID="P3_SP00439" HPOS="2811" VPOS="822" WIDTH="22"/>
						<String ID="P3_ST00494" HPOS="2833" VPOS="764" WIDTH="163" HEIGHT="50" CONTENT="Gottes" WC="0.99" CC="205000"/>
						<SP ID="P3_SP00440" HPOS="2996" VPOS="822" WIDTH="20"/>
						<String ID="P3_ST00495" HPOS="3016" VPOS="766" WIDTH="157" HEIGHT="50" CONTENT="Gnade" WC="0.99" CC="30600"/>
						<SP ID="P3_SP00441" HPOS="3173" VPOS="822" WIDTH="33"/>
						<String ID="P3_ST00496" HPOS="3206" VPOS="769" WIDTH="93" HEIGHT="49" CONTENT="und" WC="0.92" CC="597"/>
					</TextLine>
					<TextLine ID="P3_TL00055" HPOS="1733" VPOS="846" WIDTH="1562" HEIGHT="56">
						<String ID="P3_ST00497" HPOS="1733" VPOS="846" WIDTH="215" HEIGHT="51" CONTENT="Beistand" WC="0.99" CC="70005000"/>
						<SP ID="P3_SP00442" HPOS="1948" VPOS="897" WIDTH="46"/>
						<String ID="P3_ST00498" HPOS="1994" VPOS="847" WIDTH="115" HEIGHT="50" CONTENT="habe" WC="0.97" CC="7060"/>
						<SP ID="P3_SP00443" HPOS="2109" VPOS="897" WIDTH="42"/>
						<String ID="P3_ST00499" HPOS="2151" VPOS="847" WIDTH="67" HEIGHT="50" CONTENT="ich" WC="0.95" CC="607"/>
						<SP ID="P3_SP00444" HPOS="2218" VPOS="897" WIDTH="46"/>
						<String ID="P3_ST00500" HPOS="2264" VPOS="847" WIDTH="140" HEIGHT="53" CONTENT="heute" WC="0.98" CC="70800"/>
						<SP ID="P3_SP00445" HPOS="2404" VPOS="900" WIDTH="33"/>
						<String ID="P3_ST00501" HPOS="2437" VPOS="847" WIDTH="189" HEIGHT="51" CONTENT="Abends" WC="0.99" CC="050000"/>
						<SP ID="P3_SP00446" HPOS="2626" VPOS="900" WIDTH="42"/>
						<String ID="P3_ST00502" HPOS="2668" VPOS="846" WIDTH="226" HEIGHT="52" CONTENT="abermals" WC="0.98" CC="56200437"/>
						<SP ID="P3_SP00447" HPOS="2894" VPOS="900" WIDTH="46"/>
						<String ID="P3_ST00503" HPOS="2940" VPOS="849" WIDTH="128" HEIGHT="49" CONTENT="einen" WC="0.99" CC="00008"/>
						<SP ID="P3_SP00448" HPOS="3068" VPOS="900" WIDTH="36"/>
						<String ID="P3_ST00504" HPOS="3104" VPOS="868" WIDTH="50" HEIGHT="32" CONTENT="so" WC="0.91" CC="10"/>
						<SP ID="P3_SP00449" HPOS="3154" VPOS="900" WIDTH="33"/>
						<String ID="P3_ST00505" HPOS="3187" VPOS="853" WIDTH="87" HEIGHT="49" CONTENT="voll" SUBS_TYPE="HypPart1" SUBS_CONTENT="vollständigen" WC="0.98" CC="0008"/>
						<HYP HPOS="3274" VPOS="853" WIDTH="21" CONTENT="-"/>
					</TextLine>
					<TextLine ID="P3_TL00056" HPOS="1735" VPOS="929" WIDTH="1558" HEIGHT="70">
						<String ID="P3_ST00506" HPOS="1735" VPOS="929" WIDTH="238" HEIGHT="67" CONTENT="ständigen" SUBS_TYPE="HypPart2" SUBS_CONTENT="vollständigen" WC="0.99" CC="030400060"/>
						<SP ID="P3_SP00450" HPOS="1973" VPOS="996" WIDTH="35"/>
						<String ID="P3_ST00507" HPOS="2008" VPOS="931" WIDTH="158" HEIGHT="68" CONTENT="Erfolg" WC="0.97" CC="029559"/>
						<SP ID="P3_SP00451" HPOS="2166" VPOS="999" WIDTH="30"/>
						<String ID="P3_ST00508" HPOS="2196" VPOS="931" WIDTH="185" HEIGHT="66" CONTENT="gehabt," WC="0.99" CC="0050762"/>
						<SP ID="P3_SP00452" HPOS="2381" VPOS="999" WIDTH="33"/>
						<String ID="P3_ST00509" HPOS="2414" VPOS="933" WIDTH="85" HEIGHT="49" CONTENT="wie" WC="0.98" CC="040"/>
						<SP ID="P3_SP00453" HPOS="2499" VPOS="999" WIDTH="32"/>
						<String ID="P3_ST00510" HPOS="2531" VPOS="931" WIDTH="223" HEIGHT="50" CONTENT="vielleicht" WC="0.99" CC="0657401076"/>
						<SP ID="P3_SP00454" HPOS="2754" VPOS="999" WIDTH="28"/>
						<String ID="P3_ST00511" HPOS="2782" VPOS="929" WIDTH="117" HEIGHT="52" CONTENT="noch" WC="0.96" CC="8046"/>
						<SP ID="P3_SP00455" HPOS="2899" VPOS="999" WIDTH="34"/>
						<String ID="P3_ST00512" HPOS="2933" VPOS="931" WIDTH="200" HEIGHT="52" CONTENT="niemals." WC="0.98" CC="70782613"/>
						<SP ID="P3_SP00456" HPOS="3133" VPOS="999" WIDTH="48"/>
						<String ID="P3_ST00513" HPOS="3181" VPOS="935" WIDTH="112" HEIGHT="51" CONTENT="Gott" WC="0.96" CC="1563"/>
					</TextLine>
					<TextLine ID="P3_TL00057" HPOS="1733" VPOS="1013" WIDTH="1564" HEIGHT="57">
						<String ID="P3_ST00514" HPOS="1733" VPOS="1013" WIDTH="130" HEIGHT="50" CONTENT="allein" WC="0.98" CC="406006"/>
						<SP ID="P3_SP00457" HPOS="1863" VPOS="1063" WIDTH="33"/>
						<String ID="P3_ST00515" HPOS="1896" VPOS="1015" WIDTH="68" HEIGHT="48" CONTENT="die" WC="0.98" CC="040"/>
						<SP ID="P3_SP00458" HPOS="1964" VPOS="1063" WIDTH="35"/>
						<String ID="P3_ST00516" HPOS="1999" VPOS="1015" WIDTH="142" HEIGHT="51" CONTENT="Ehre!" WC="0.98" CC="56300"/>
						<SP ID="P3_SP00459" HPOS="2141" VPOS="1066" WIDTH="132"/>
						<String ID="P3_ST00517" HPOS="2273" VPOS="1016" WIDTH="107" HEIGHT="51" CONTENT="Wie" WC="0.98" CC="050"/>
						<SP ID="P3_SP00460" HPOS="2380" VPOS="1067" WIDTH="28"/>
						<String ID="P3_ST00518" HPOS="2408" VPOS="1016" WIDTH="67" HEIGHT="50" CONTENT="ich" WC="0.97" CC="060"/>
						<SP ID="P3_SP00461" HPOS="2475" VPOS="1067" WIDTH="33"/>
						<String ID="P3_ST00519" HPOS="2508" VPOS="1018" WIDTH="66" HEIGHT="49" CONTENT="ins" WC="0.98" CC="004"/>
						<SP ID="P3_SP00462" HPOS="2574" VPOS="1067" WIDTH="33"/>
						<String ID="P3_ST00520" HPOS="2607" VPOS="1016" WIDTH="257" HEIGHT="50" CONTENT="Orchester" WC="0.99" CC="560710420"/>
						<SP ID="P3_SP00463" HPOS="2864" VPOS="1067" WIDTH="27"/>
						<String ID="P3_ST00521" HPOS="2891" VPOS="1021" WIDTH="106" HEIGHT="49" CONTENT="trat," WC="0.98" CC="32600"/>
						<SP ID="P3_SP00464" HPOS="2997" VPOS="1070" WIDTH="33"/>
						<String ID="P3_ST00522" HPOS="3030" VPOS="1018" WIDTH="140" HEIGHT="48" CONTENT="erhob" WC="0.99" CC="00207"/>
						<SP ID="P3_SP00465" HPOS="3170" VPOS="1070" WIDTH="33"/>
						<String ID="P3_ST00523" HPOS="3203" VPOS="1019" WIDTH="94" HEIGHT="51" CONTENT="sich" WC="0.99" CC="0006"/>
					</TextLine>
					<TextLine ID="P3_TL00058" HPOS="1733" VPOS="1095" WIDTH="1562" HEIGHT="70">
						<String ID="P3_ST00524" HPOS="1733" VPOS="1095" WIDTH="78" HEIGHT="50" CONTENT="das" WC="0.98" CC="041"/>
						<SP ID="P3_SP00466" HPOS="1811" VPOS="1145" WIDTH="48"/>
						<String ID="P3_ST00525" HPOS="1859" VPOS="1114" WIDTH="142" HEIGHT="48" CONTENT="ganze" WC="0.97" CC="06570"/>
						<SP ID="P3_SP00467" HPOS="2001" VPOS="1162" WIDTH="46"/>
						<String ID="P3_ST00526" HPOS="2047" VPOS="1099" WIDTH="241" HEIGHT="49" CONTENT="überfüllte" WC="0.99" CC="0009701480"/>
						<SP ID="P3_SP00468" HPOS="2288" VPOS="1162" WIDTH="38"/>
						<String ID="P3_ST00527" HPOS="2326" VPOS="1100" WIDTH="130" HEIGHT="50" CONTENT="Maus" WC="0.96" CC="8244"/>
						<SP ID="P3_SP00469" HPOS="2456" VPOS="1162" WIDTH="47"/>
						<String ID="P3_ST00528" HPOS="2503" VPOS="1100" WIDTH="93" HEIGHT="50" CONTENT="und" WC="0.99" CC="030"/>
						<SP ID="P3_SP00470" HPOS="2596" VPOS="1162" WIDTH="44"/>
						<String ID="P3_ST00529" HPOS="2640" VPOS="1100" WIDTH="69" HEIGHT="48" CONTENT="ein" WC="0.96" CC="215"/>
						<SP ID="P3_SP00471" HPOS="2709" VPOS="1162" WIDTH="35"/>
						<String ID="P3_ST00530" HPOS="2744" VPOS="1096" WIDTH="346" HEIGHT="69" CONTENT="unglaubliches" WC="0.99" CC="6795676410763"/>
						<SP ID="P3_SP00472" HPOS="3090" VPOS="1165" WIDTH="31"/>
						<String ID="P3_ST00531" HPOS="3121" VPOS="1100" WIDTH="174" HEIGHT="60" CONTENT="Jubel-," WC="0.98" CC="5551633"/>
					</TextLine>
					<TextLine ID="P3_TL00059" HPOS="1736" VPOS="1180" WIDTH="1561" HEIGHT="54">
						<String ID="P3_ST00532" HPOS="1736" VPOS="1180" WIDTH="147" HEIGHT="48" CONTENT="Vivat-" WC="0.67" CC="015443"/>
						<SP ID="P3_SP00473" HPOS="1883" VPOS="1228" WIDTH="36"/>
						<String ID="P3_ST00533" HPOS="1919" VPOS="1181" WIDTH="90" HEIGHT="50" CONTENT="und" WC="0.95" CC="570"/>
						<SP ID="P3_SP00474" HPOS="2009" VPOS="1231" WIDTH="35"/>
						<String ID="P3_ST00534" HPOS="2044" VPOS="1183" WIDTH="375" HEIGHT="49" CONTENT="Hurrah-Kufen." WC="0.99" CC="4802680660120"/>
						<SP ID="P3_SP00475" HPOS="2419" VPOS="1232" WIDTH="61"/>
						<String ID="P3_ST00535" HPOS="2480" VPOS="1184" WIDTH="84" HEIGHT="48" CONTENT="Die" WC="1.00" CC="000"/>
						<SP ID="P3_SP00476" HPOS="2564" VPOS="1232" WIDTH="32"/>
						<String ID="P3_ST00536" HPOS="2596" VPOS="1184" WIDTH="268" HEIGHT="50" CONTENT="Ouvertüre" WC="0.99" CC="660056054"/>
						<SP ID="P3_SP00477" HPOS="2864" VPOS="1234" WIDTH="31"/>
						<String ID="P3_ST00537" HPOS="2895" VPOS="1190" WIDTH="178" HEIGHT="41" CONTENT="musste" WC="0.65" CC="420770"/>
						<SP ID="P3_SP00478" HPOS="3073" VPOS="1234" WIDTH="33"/>
						<String ID="P3_ST00538" HPOS="3106" VPOS="1184" WIDTH="164" HEIGHT="50" CONTENT="wieder" SUBS_TYPE="HypPart1" SUBS_CONTENT="wiederholt" WC="0.99" CC="035007"/>
						<HYP HPOS="3270" VPOS="1184" WIDTH="27" CONTENT="-"/>
					</TextLine>
					<TextLine ID="P3_TL00060" HPOS="1732" VPOS="1263" WIDTH="1563" HEIGHT="70">
						<String ID="P3_ST00539" HPOS="1732" VPOS="1263" WIDTH="95" HEIGHT="49" CONTENT="holt" SUBS_TYPE="HypPart2" SUBS_CONTENT="wiederholt" WC="0.95" CC="7174"/>
						<SP ID="P3_SP00479" HPOS="1827" VPOS="1312" WIDTH="31"/>
						<String ID="P3_ST00540" HPOS="1858" VPOS="1265" WIDTH="209" HEIGHT="59" CONTENT="werden;" WC="1.00" CC="0030002"/>
						<SP ID="P3_SP00480" HPOS="2067" VPOS="1324" WIDTH="41"/>
						<String ID="P3_ST00541" HPOS="2108" VPOS="1267" WIDTH="129" HEIGHT="66" CONTENT="jedes" WC="0.98" CC="07044"/>
						<SP ID="P3_SP00481" HPOS="2237" VPOS="1333" WIDTH="45"/>
						<String ID="P3_ST00542" HPOS="2282" VPOS="1268" WIDTH="286" HEIGHT="49" CONTENT="Musikstück" WC="0.99" CC="5460035020"/>
						<SP ID="P3_SP00482" HPOS="2568" VPOS="1333" WIDTH="45"/>
						<String ID="P3_ST00543" HPOS="2613" VPOS="1268" WIDTH="125" HEIGHT="49" CONTENT="ward" WC="1.00" CC="0020"/>
						<SP ID="P3_SP00483" HPOS="2738" VPOS="1333" WIDTH="48"/>
						<String ID="P3_ST00544" HPOS="2786" VPOS="1267" WIDTH="94" HEIGHT="49" CONTENT="drei" WC="0.99" CC="0002"/>
						<SP ID="P3_SP00484" HPOS="2880" VPOS="1333" WIDTH="47"/>
						<String ID="P3_ST00545" HPOS="2927" VPOS="1265" WIDTH="89" HEIGHT="51" CONTENT="Mal" WC="0.94" CC="562"/>
						<SP ID="P3_SP00485" HPOS="3016" VPOS="1333" WIDTH="47"/>
						<String ID="P3_ST00546" HPOS="3063" VPOS="1267" WIDTH="81" HEIGHT="49" CONTENT="mit" WC="0.98" CC="005"/>
						<SP ID="P3_SP00486" HPOS="3144" VPOS="1333" WIDTH="47"/>
						<String ID="P3_ST00547" HPOS="3191" VPOS="1268" WIDTH="104" HEIGHT="51" CONTENT="dem" WC="0.96" CC="900"/>
					</TextLine>
					<TextLine ID="P3_TL00061" HPOS="1729" VPOS="1349" WIDTH="1565" HEIGHT="64">
						<String ID="P3_ST00548" HPOS="1729" VPOS="1350" WIDTH="213" HEIGHT="63" CONTENT="grössten" WC="0.88" CC="03000004"/>
						<SP ID="P3_SP00487" HPOS="1942" VPOS="1413" WIDTH="45"/>
						<String ID="P3_ST00549" HPOS="1987" VPOS="1349" WIDTH="353" HEIGHT="51" CONTENT="Enthusiasmus" WC="0.99" CC="037764050080"/>
						<SP ID="P3_SP00488" HPOS="2340" VPOS="1413" WIDTH="47"/>
						<String ID="P3_ST00550" HPOS="2387" VPOS="1352" WIDTH="341" HEIGHT="49" CONTENT="unterbrochen" WC="0.99" CC="160017400405"/>
						<SP ID="P3_SP00489" HPOS="2728" VPOS="1413" WIDTH="42"/>
						<String ID="P3_ST00551" HPOS="2770" VPOS="1369" WIDTH="43" HEIGHT="32" CONTENT="u." WC="0.56" CC="44"/>
						<SP ID="P3_SP00490" HPOS="2813" VPOS="1413" WIDTH="34"/>
						<String ID="P3_ST00552" HPOS="2847" VPOS="1368" WIDTH="34" HEIGHT="33" CONTENT="s." WC="0.53" CC="44"/>
						<SP ID="P3_SP00491" HPOS="2881" VPOS="1413" WIDTH="33"/>
						<String ID="P3_ST00553" HPOS="2914" VPOS="1367" WIDTH="56" HEIGHT="33" CONTENT="w." WC="0.86" CC="02"/>
						<SP ID="P3_SP00492" HPOS="2970" VPOS="1413" WIDTH="60"/>
						<String ID="P3_ST00554" HPOS="3030" VPOS="1350" WIDTH="89" HEIGHT="50" CONTENT="Am" WC="0.64" CC="07"/>
						<SP ID="P3_SP00493" HPOS="3119" VPOS="1413" WIDTH="42"/>
						<String ID="P3_ST00555" HPOS="3161" VPOS="1352" WIDTH="133" HEIGHT="50" CONTENT="Ende" WC="0.97" CC="6090"/>
					</TextLine>
					<TextLine ID="P3_TL00062" HPOS="1732" VPOS="1432" WIDTH="1560" HEIGHT="69">
						<String ID="P3_ST00556" HPOS="1732" VPOS="1432" WIDTH="124" HEIGHT="48" CONTENT="ward" WC="0.99" CC="0030"/>
						<SP ID="P3_SP00494" HPOS="1856" VPOS="1480" WIDTH="31"/>
						<String ID="P3_ST00557" HPOS="1887" VPOS="1432" WIDTH="70" HEIGHT="50" CONTENT="ich" WC="1.00" CC="000"/>
						<SP ID="P3_SP00495" HPOS="1957" VPOS="1482" WIDTH="34"/>
						<String ID="P3_ST00558" HPOS="1991" VPOS="1433" WIDTH="78" HEIGHT="49" CONTENT="mit" WC="0.97" CC="025"/>
						<SP ID="P3_SP00496" HPOS="2069" VPOS="1482" WIDTH="24"/>
						<String ID="P3_ST00559" HPOS="2093" VPOS="1435" WIDTH="383" HEIGHT="66" CONTENT="Sturmesgewalt" WC="0.99" CC="3655946930254"/>
						<SP ID="P3_SP00497" HPOS="2476" VPOS="1501" WIDTH="32"/>
						<String ID="P3_ST00560" HPOS="2508" VPOS="1435" WIDTH="373" HEIGHT="65" CONTENT="herausgerufen," WC="0.99" CC="70545304105052"/>
						<SP ID="P3_SP00498" HPOS="2881" VPOS="1501" WIDTH="32"/>
						<String ID="P3_ST00561" HPOS="2913" VPOS="1434" WIDTH="102" HEIGHT="50" CONTENT="eine" WC="0.99" CC="0030"/>
						<SP ID="P3_SP00499" HPOS="3015" VPOS="1501" WIDTH="34"/>
						<String ID="P3_ST00562" HPOS="3049" VPOS="1435" WIDTH="138" HEIGHT="59" CONTENT="Ehre," WC="0.97" CC="76043"/>
						<SP ID="P3_SP00500" HPOS="3187" VPOS="1501" WIDTH="33"/>
						<String ID="P3_ST00563" HPOS="3220" VPOS="1435" WIDTH="72" HEIGHT="50" CONTENT="die" WC="1.00" CC="000"/>
					</TextLine>
					<TextLine ID="P3_TL00063" HPOS="1732" VPOS="1514" WIDTH="1557" HEIGHT="71">
						<String ID="P3_ST00564" HPOS="1732" VPOS="1514" WIDTH="43" HEIGHT="50" CONTENT="in" WC="0.63" CC="07"/>
						<SP ID="P3_SP00501" HPOS="1775" VPOS="1564" WIDTH="33"/>
						<String ID="P3_ST00565" HPOS="1808" VPOS="1517" WIDTH="208" HEIGHT="64" CONTENT="England" WC="0.99" CC="3003050"/>
						<SP ID="P3_SP00502" HPOS="2016" VPOS="1581" WIDTH="41"/>
						<String ID="P3_ST00566" HPOS="2057" VPOS="1518" WIDTH="116" HEIGHT="50" CONTENT="noch" WC="0.97" CC="8007"/>
						<SP ID="P3_SP00503" HPOS="2173" VPOS="1581" WIDTH="43"/>
						<String ID="P3_ST00567" HPOS="2216" VPOS="1518" WIDTH="68" HEIGHT="48" CONTENT="nie" WC="0.97" CC="600"/>
						<SP ID="P3_SP00504" HPOS="2284" VPOS="1581" WIDTH="42"/>
						<String ID="P3_ST00568" HPOS="2326" VPOS="1519" WIDTH="146" HEIGHT="49" CONTENT="einem" WC="0.97" CC="05770"/>
						<SP ID="P3_SP00505" HPOS="2472" VPOS="1581" WIDTH="33"/>
						<String ID="P3_ST00569" HPOS="2505" VPOS="1518" WIDTH="332" HEIGHT="67" CONTENT="Componisten" WC="0.72" CC="70000020793"/>
						<SP ID="P3_SP00506" HPOS="2837" VPOS="1585" WIDTH="46"/>
						<String ID="P3_ST00570" HPOS="2883" VPOS="1517" WIDTH="302" HEIGHT="52" CONTENT="widerfahren" WC="0.99" CC="02100907002"/>
						<SP ID="P3_SP00507" HPOS="3185" VPOS="1585" WIDTH="32"/>
						<String ID="P3_ST00571" HPOS="3217" VPOS="1519" WIDTH="72" HEIGHT="51" CONTENT="ist." WC="0.96" CC="4464"/>
					</TextLine>
					<TextLine ID="P3_TL00064" HPOS="1729" VPOS="1598" WIDTH="1560" HEIGHT="71">
						<String ID="P3_ST00572" HPOS="1729" VPOS="1598" WIDTH="127" HEIGHT="50" CONTENT="Nach" WC="0.98" CC="4003"/>
						<SP ID="P3_SP00508" HPOS="1856" VPOS="1648" WIDTH="32"/>
						<String ID="P3_ST00573" HPOS="1888" VPOS="1599" WIDTH="201" HEIGHT="51" CONTENT="solchem" WC="0.98" CC="0467609"/>
						<SP ID="P3_SP00509" HPOS="2089" VPOS="1650" WIDTH="20"/>
						<String ID="P3_ST00574" HPOS="2109" VPOS="1601" WIDTH="250" HEIGHT="67" CONTENT="Triumphe" WC="0.98" CC="00789070"/>
						<SP ID="P3_SP00510" HPOS="2359" VPOS="1668" WIDTH="31"/>
						<String ID="P3_ST00575" HPOS="2390" VPOS="1602" WIDTH="98" HEIGHT="49" CONTENT="tritt" WC="0.98" CC="60062"/>
						<SP ID="P3_SP00511" HPOS="2488" VPOS="1668" WIDTH="29"/>
						<String ID="P3_ST00576" HPOS="2517" VPOS="1602" WIDTH="98" HEIGHT="49" CONTENT="eine" WC="0.99" CC="0070"/>
						<SP ID="P3_SP00512" HPOS="2615" VPOS="1668" WIDTH="31"/>
						<String ID="P3_ST00577" HPOS="2646" VPOS="1602" WIDTH="193" HEIGHT="66" CONTENT="gewisse" WC="0.98" CC="0080490"/>
						<SP ID="P3_SP00513" HPOS="2839" VPOS="1668" WIDTH="35"/>
						<String ID="P3_ST00578" HPOS="2874" VPOS="1601" WIDTH="298" HEIGHT="68" CONTENT="wohlthätige" WC="0.72" CC="00246307104"/>
						<SP ID="P3_SP00514" HPOS="3172" VPOS="1669" WIDTH="33"/>
						<String ID="P3_ST00579" HPOS="3205" VPOS="1603" WIDTH="56" HEIGHT="51" CONTENT="Be" SUBS_TYPE="HypPart1" SUBS_CONTENT="Beruhigung" WC="0.96" CC="60"/>
						<HYP HPOS="3261" VPOS="1603" WIDTH="28" CONTENT="-"/>
					</TextLine>
					<TextLine ID="P3_TL00065" HPOS="1732" VPOS="1682" WIDTH="1558" HEIGHT="70">
						<String ID="P3_ST00580" HPOS="1732" VPOS="1682" WIDTH="232" HEIGHT="68" CONTENT="ruhigung" SUBS_TYPE="HypPart2" SUBS_CONTENT="Beruhigung" WC="0.98" CC="05718050"/>
						<SP ID="P3_SP00515" HPOS="1964" VPOS="1750" WIDTH="31"/>
						<String ID="P3_ST00581" HPOS="1995" VPOS="1684" WIDTH="85" HEIGHT="58" CONTENT="ein," WC="0.98" CC="0062"/>
						<SP ID="P3_SP00516" HPOS="2080" VPOS="1750" WIDTH="44"/>
						<String ID="P3_ST00582" HPOS="2124" VPOS="1686" WIDTH="103" HEIGHT="48" CONTENT="dass" WC="0.62" CC="0572"/>
						<SP ID="P3_SP00517" HPOS="2227" VPOS="1750" WIDTH="42"/>
						<String ID="P3_ST00583" HPOS="2269" VPOS="1686" WIDTH="69" HEIGHT="48" CONTENT="ein" WC="0.97" CC="060"/>
						<SP ID="P3_SP00518" HPOS="2338" VPOS="1750" WIDTH="43"/>
						<String ID="P3_ST00584" HPOS="2381" VPOS="1702" WIDTH="189" HEIGHT="50" CONTENT="grosser" WC="0.98" CC="9500703"/>
						<SP ID="P3_SP00519" HPOS="2570" VPOS="1752" WIDTH="32"/>
						<String ID="P3_ST00585" HPOS="2602" VPOS="1686" WIDTH="173" HEIGHT="49" CONTENT="Schritt" WC="0.99" CC="3004045"/>
						<SP ID="P3_SP00520" HPOS="2775" VPOS="1752" WIDTH="33"/>
						<String ID="P3_ST00586" HPOS="2808" VPOS="1687" WIDTH="42" HEIGHT="47" CONTENT="in" WC="0.63" CC="07"/>
						<SP ID="P3_SP00521" HPOS="2850" VPOS="1752" WIDTH="33"/>
						<String ID="P3_ST00587" HPOS="2883" VPOS="1684" WIDTH="80" HEIGHT="50" CONTENT="der" WC="0.98" CC="004"/>
						<SP ID="P3_SP00522" HPOS="2963" VPOS="1752" WIDTH="34"/>
						<String ID="P3_ST00588" HPOS="2997" VPOS="1686" WIDTH="129" HEIGHT="49" CONTENT="Welt" WC="0.99" CC="0006"/>
						<SP ID="P3_SP00523" HPOS="3126" VPOS="1752" WIDTH="32"/>
						<String ID="P3_ST00589" HPOS="3158" VPOS="1686" WIDTH="106" HEIGHT="49" CONTENT="aber" SUBS_TYPE="HypPart1" SUBS_CONTENT="abermals" WC="0.99" CC="4500"/>
						<HYP HPOS="3264" VPOS="1686" WIDTH="26" CONTENT="-"/>
					</TextLine>
					<TextLine ID="P3_TL00066" HPOS="1735" VPOS="1767" WIDTH="1558" HEIGHT="67">
						<String ID="P3_ST00590" HPOS="1735" VPOS="1767" WIDTH="110" HEIGHT="49" CONTENT="mals" SUBS_TYPE="HypPart2" SUBS_CONTENT="abermals" WC="0.99" CC="0003"/>
						<SP ID="P3_SP00524" HPOS="1845" VPOS="1816" WIDTH="32"/>
						<String ID="P3_ST00591" HPOS="1877" VPOS="1768" WIDTH="166" HEIGHT="66" CONTENT="gethan" WC="0.48" CC="906553"/>
						<SP ID="P3_SP00525" HPOS="2043" VPOS="1834" WIDTH="33"/>
						<String ID="P3_ST00592" HPOS="2076" VPOS="1769" WIDTH="73" HEIGHT="50" CONTENT="ist." WC="0.98" CC="0064"/>
						<SP ID="P3_SP00526" HPOS="2149" VPOS="1834" WIDTH="31"/>
						<String ID="P3_ST00593" HPOS="2180" VPOS="1767" WIDTH="97" HEIGHT="51" CONTENT="Auf" WC="0.99" CC="003"/>
						<SP ID="P3_SP00527" HPOS="2277" VPOS="1834" WIDTH="20"/>
						<String ID="P3_ST00594" HPOS="2297" VPOS="1768" WIDTH="137" HEIGHT="66" CONTENT="jeden" WC="0.97" CC="40767"/>
						<SP ID="P3_SP00528" HPOS="2434" VPOS="1834" WIDTH="31"/>
						<String ID="P3_ST00595" HPOS="2465" VPOS="1769" WIDTH="95" HEIGHT="49" CONTENT="Fall" WC="0.98" CC="0052"/>
						<SP ID="P3_SP00529" HPOS="2560" VPOS="1834" WIDTH="34"/>
						<String ID="P3_ST00596" HPOS="2594" VPOS="1786" WIDTH="96" HEIGHT="32" CONTENT="war" WC="1.00" CC="000"/>
						<SP ID="P3_SP00530" HPOS="2690" VPOS="1834" WIDTH="30"/>
						<String ID="P3_ST00597" HPOS="2720" VPOS="1769" WIDTH="67" HEIGHT="50" CONTENT="ich" WC="0.96" CC="206"/>
						<SP ID="P3_SP00531" HPOS="2787" VPOS="1834" WIDTH="35"/>
						<String ID="P3_ST00598" HPOS="2822" VPOS="1768" WIDTH="96" HEIGHT="50" CONTENT="hier" WC="0.98" CC="7200"/>
						<SP ID="P3_SP00532" HPOS="2918" VPOS="1834" WIDTH="32"/>
						<String ID="P3_ST00599" HPOS="2950" VPOS="1767" WIDTH="117" HEIGHT="51" CONTENT="beim" WC="0.96" CC="5506"/>
						<SP ID="P3_SP00533" HPOS="3067" VPOS="1834" WIDTH="33"/>
						<String ID="P3_ST00600" HPOS="3100" VPOS="1768" WIDTH="193" HEIGHT="54" CONTENT="Oberon" WC="0.67" CC="541007"/>
					</TextLine>
					<TextLine ID="P3_TL00067" HPOS="1733" VPOS="1851" WIDTH="1560" HEIGHT="70">
						<String ID="P3_ST00601" HPOS="1733" VPOS="1851" WIDTH="80" HEIGHT="48" CONTENT="auf" WC="0.97" CC="620"/>
						<SP ID="P3_SP00534" HPOS="1813" VPOS="1899" WIDTH="26"/>
						<String ID="P3_ST00602" HPOS="1839" VPOS="1851" WIDTH="143" HEIGHT="51" CONTENT="einem" WC="1.00" CC="00200"/>
						<SP ID="P3_SP00535" HPOS="1982" VPOS="1902" WIDTH="20"/>
						<String ID="P3_ST00603" HPOS="2002" VPOS="1852" WIDTH="80" HEIGHT="50" CONTENT="viel" WC="0.96" CC="9035"/>
						<SP ID="P3_SP00536" HPOS="2082" VPOS="1902" WIDTH="22"/>
						<String ID="P3_ST00604" HPOS="2104" VPOS="1852" WIDTH="296" HEIGHT="50" CONTENT="unsicherem" WC="0.99" CC="6320070104"/>
						<SP ID="P3_SP00537" HPOS="2400" VPOS="1902" WIDTH="19"/>
						<String ID="P3_ST00605" HPOS="2419" VPOS="1852" WIDTH="337" HEIGHT="69" CONTENT="Standpunkte," WC="0.99" CC="055600289400"/>
						<SP ID="P3_SP00538" HPOS="2756" VPOS="1921" WIDTH="33"/>
						<String ID="P3_ST00606" HPOS="2789" VPOS="1852" WIDTH="62" HEIGHT="50" CONTENT="als" WC="0.93" CC="566"/>
						<SP ID="P3_SP00539" HPOS="2851" VPOS="1921" WIDTH="30"/>
						<String ID="P3_ST00607" HPOS="2881" VPOS="1851" WIDTH="74" HEIGHT="51" CONTENT="bei" WC="0.96" CC="703"/>
						<SP ID="P3_SP00540" HPOS="2955" VPOS="1921" WIDTH="33"/>
						<String ID="P3_ST00608" HPOS="2988" VPOS="1851" WIDTH="180" HEIGHT="51" CONTENT="meinen" WC="0.99" CC="903001"/>
						<SP ID="P3_SP00541" HPOS="3168" VPOS="1921" WIDTH="33"/>
						<String ID="P3_ST00609" HPOS="3201" VPOS="1853" WIDTH="69" HEIGHT="50" CONTENT="frü" SUBS_TYPE="HypPart1" SUBS_CONTENT="früheren" WC="0.98" CC="020"/>
						<HYP HPOS="3270" VPOS="1853" WIDTH="23" CONTENT="-"/>
					</TextLine>
					<TextLine ID="P3_TL00068" HPOS="1735" VPOS="1932" WIDTH="1558" HEIGHT="60">
						<String ID="P3_ST00610" HPOS="1735" VPOS="1932" WIDTH="138" HEIGHT="52" CONTENT="heren" SUBS_TYPE="HypPart2" SUBS_CONTENT="früheren" WC="0.99" CC="40000"/>
						<SP ID="P3_SP00542" HPOS="1873" VPOS="1984" WIDTH="33"/>
						<String ID="P3_ST00611" HPOS="1906" VPOS="1936" WIDTH="223" HEIGHT="51" CONTENT="Werken." WC="0.99" CC="0430040"/>
						<SP ID="P3_SP00543" HPOS="2129" VPOS="1987" WIDTH="60"/>
						<String ID="P3_ST00612" HPOS="2189" VPOS="1936" WIDTH="85" HEIGHT="49" CONTENT="Die" WC="0.95" CC="660"/>
						<SP ID="P3_SP00544" HPOS="2274" VPOS="1987" WIDTH="33"/>
						<String ID="P3_ST00613" HPOS="2307" VPOS="1936" WIDTH="259" HEIGHT="51" CONTENT="Eifersucht" WC="0.99" CC="1040015064"/>
						<SP ID="P3_SP00545" HPOS="2566" VPOS="1987" WIDTH="41"/>
						<String ID="P3_ST00614" HPOS="2607" VPOS="1936" WIDTH="79" HEIGHT="49" CONTENT="des" WC="1.00" CC="000"/>
						<SP ID="P3_SP00546" HPOS="2686" VPOS="1987" WIDTH="33"/>
						<String ID="P3_ST00615" HPOS="2719" VPOS="1936" WIDTH="237" HEIGHT="56" CONTENT="Theaters," WC="0.99" CC="062010300"/>
						<SP ID="P3_SP00547" HPOS="2956" VPOS="1992" WIDTH="46"/>
						<String ID="P3_ST00616" HPOS="3002" VPOS="1935" WIDTH="79" HEIGHT="49" CONTENT="das" WC="0.98" CC="005"/>
						<SP ID="P3_SP00548" HPOS="3081" VPOS="1992" WIDTH="45"/>
						<String ID="P3_ST00617" HPOS="3126" VPOS="1936" WIDTH="167" HEIGHT="52" CONTENT="höchst" WC="0.98" CC="600045"/>
					</TextLine>
					<TextLine ID="P3_TL00069" HPOS="1733" VPOS="2017" WIDTH="1562" HEIGHT="71">
						<String ID="P3_ST00618" HPOS="1733" VPOS="2017" WIDTH="248" HEIGHT="67" CONTENT="erregbare" WC="1.00" CC="000001400"/>
						<SP ID="P3_SP00549" HPOS="1981" VPOS="2084" WIDTH="32"/>
						<String ID="P3_ST00619" HPOS="2013" VPOS="2018" WIDTH="250" HEIGHT="58" CONTENT="Publicum," WC="0.99" CC="660100801"/>
						<SP ID="P3_SP00550" HPOS="2263" VPOS="2084" WIDTH="32"/>
						<String ID="P3_ST00620" HPOS="2295" VPOS="2020" WIDTH="77" HEIGHT="49" CONTENT="das" WC="0.97" CC="024"/>
						<SP ID="P3_SP00551" HPOS="2372" VPOS="2084" WIDTH="32"/>
						<String ID="P3_ST00621" HPOS="2404" VPOS="2020" WIDTH="160" HEIGHT="50" CONTENT="immer" WC="0.99" CC="06001"/>
						<SP ID="P3_SP00552" HPOS="2564" VPOS="2084" WIDTH="29"/>
						<String ID="P3_ST00622" HPOS="2593" VPOS="2037" WIDTH="55" HEIGHT="32" CONTENT="an" WC="0.42" CC="46"/>
						<SP ID="P3_SP00553" HPOS="2648" VPOS="2084" WIDTH="34"/>
						<String ID="P3_ST00623" HPOS="2682" VPOS="2020" WIDTH="273" HEIGHT="68" CONTENT="Opposition" WC="0.99" CC="0004307216"/>
						<SP ID="P3_SP00554" HPOS="2955" VPOS="2088" WIDTH="32"/>
						<String ID="P3_ST00624" HPOS="2987" VPOS="2018" WIDTH="219" HEIGHT="68" CONTENT="gewöhnt" WC="0.99" CC="0000606"/>
						<SP ID="P3_SP00555" HPOS="3206" VPOS="2088" WIDTH="31"/>
						<String ID="P3_ST00625" HPOS="3237" VPOS="2020" WIDTH="58" HEIGHT="50" CONTENT="ist" WC="0.94" CC="664"/>
					</TextLine>
					<TextLine ID="P3_TL00070" HPOS="1733" VPOS="2102" WIDTH="1564" HEIGHT="69">
						<String ID="P3_ST00626" HPOS="1733" VPOS="2102" WIDTH="94" HEIGHT="50" CONTENT="und" WC="1.00" CC="000"/>
						<SP ID="P3_SP00556" HPOS="1827" VPOS="2152" WIDTH="32"/>
						<String ID="P3_ST00627" HPOS="1859" VPOS="2102" WIDTH="94" HEIGHT="51" CONTENT="sich" WC="0.99" CC="0004"/>
						<SP ID="P3_SP00557" HPOS="1953" VPOS="2153" WIDTH="30"/>
						<String ID="P3_ST00628" HPOS="1983" VPOS="2103" WIDTH="124" HEIGHT="50" CONTENT="darin" WC="0.98" CC="06025"/>
						<SP ID="P3_SP00558" HPOS="2107" VPOS="2153" WIDTH="33"/>
						<String ID="P3_ST00629" HPOS="2140" VPOS="2102" WIDTH="167" HEIGHT="68" CONTENT="gefällt," WC="0.99" CC="01306061"/>
						<SP ID="P3_SP00559" HPOS="2307" VPOS="2170" WIDTH="33"/>
						<String ID="P3_ST00630" HPOS="2340" VPOS="2103" WIDTH="90" HEIGHT="50" CONTENT="und" WC="0.98" CC="060"/>
						<SP ID="P3_SP00560" HPOS="2430" VPOS="2170" WIDTH="33"/>
						<String ID="P3_ST00631" HPOS="2463" VPOS="2105" WIDTH="69" HEIGHT="48" CONTENT="die" WC="0.96" CC="009"/>
						<SP ID="P3_SP00561" HPOS="2532" VPOS="2170" WIDTH="25"/>
						<String ID="P3_ST00632" HPOS="2557" VPOS="2103" WIDTH="260" HEIGHT="68" CONTENT="Ereignisse" WC="0.98" CC="5706967202"/>
						<SP ID="P3_SP00562" HPOS="2817" VPOS="2171" WIDTH="27"/>
						<String ID="P3_ST00633" HPOS="2844" VPOS="2105" WIDTH="81" HEIGHT="48" CONTENT="der" WC="0.99" CC="002"/>
						<SP ID="P3_SP00563" HPOS="2925" VPOS="2171" WIDTH="27"/>
						<String ID="P3_ST00634" HPOS="2952" VPOS="2105" WIDTH="125" HEIGHT="63" CONTENT="Tage" WC="0.98" CC="0503"/>
						<SP ID="P3_SP00564" HPOS="3077" VPOS="2171" WIDTH="32"/>
						<String ID="P3_ST00635" HPOS="3109" VPOS="2103" WIDTH="188" HEIGHT="60" CONTENT="vorher," WC="0.99" CC="0104007"/>
					</TextLine>
					<TextLine ID="P3_TL00071" HPOS="1733" VPOS="2186" WIDTH="1559" HEIGHT="69">
						<String ID="P3_ST00636" HPOS="1733" VPOS="2186" WIDTH="71" HEIGHT="51" CONTENT="die" WC="0.99" CC="020"/>
						<SP ID="P3_SP00565" HPOS="1804" VPOS="2237" WIDTH="31"/>
						<String ID="P3_ST00637" HPOS="1835" VPOS="2187" WIDTH="115" HEIGHT="50" CONTENT="mich" WC="0.98" CC="0007"/>
						<SP ID="P3_SP00566" HPOS="1950" VPOS="2237" WIDTH="39"/>
						<String ID="P3_ST00638" HPOS="1989" VPOS="2187" WIDTH="124" HEIGHT="50" CONTENT="nicht" WC="0.98" CC="80045"/>
						<SP ID="P3_SP00567" HPOS="2113" VPOS="2237" WIDTH="30"/>
						<String ID="P3_ST00639" HPOS="2143" VPOS="2187" WIDTH="80" HEIGHT="50" CONTENT="mit" WC="0.95" CC="911"/>
						<SP ID="P3_SP00568" HPOS="2223" VPOS="2237" WIDTH="39"/>
						<String ID="P3_ST00640" HPOS="2262" VPOS="2187" WIDTH="274" HEIGHT="51" CONTENT="Gewissheit" WC="1.00" CC="0005114004"/>
						<SP ID="P3_SP00569" HPOS="2536" VPOS="2238" WIDTH="37"/>
						<String ID="P3_ST00641" HPOS="2573" VPOS="2189" WIDTH="82" HEIGHT="49" CONTENT="auf" WC="0.95" CC="066"/>
						<SP ID="P3_SP00570" HPOS="2655" VPOS="2238" WIDTH="36"/>
						<String ID="P3_ST00642" HPOS="2691" VPOS="2187" WIDTH="79" HEIGHT="50" CONTENT="das" WC="1.00" CC="001"/>
						<SP ID="P3_SP00571" HPOS="2770" VPOS="2238" WIDTH="33"/>
						<String ID="P3_ST00643" HPOS="2803" VPOS="2187" WIDTH="221" HEIGHT="68" CONTENT="Gelingen" WC="0.99" CC="30447004"/>
						<SP ID="P3_SP00572" HPOS="3024" VPOS="2255" WIDTH="31"/>
						<String ID="P3_ST00644" HPOS="3055" VPOS="2186" WIDTH="83" HEIGHT="50" CONTENT="der" WC="0.98" CC="004"/>
						<SP ID="P3_SP00573" HPOS="3138" VPOS="2255" WIDTH="32"/>
						<String ID="P3_ST00645" HPOS="3170" VPOS="2189" WIDTH="92" HEIGHT="49" CONTENT="Aus" SUBS_TYPE="HypPart1" SUBS_CONTENT="Ausführung" WC="0.98" CC="320"/>
						<HYP HPOS="3262" VPOS="2189" WIDTH="30" CONTENT="-"/>
					</TextLine>
					<TextLine ID="P3_TL00072" HPOS="1736" VPOS="2269" WIDTH="1550" HEIGHT="68">
						<String ID="P3_ST00646" HPOS="1736" VPOS="2269" WIDTH="198" HEIGHT="68" CONTENT="führung" SUBS_TYPE="HypPart2" SUBS_CONTENT="Ausführung" WC="1.00" CC="0000160"/>
						<SP ID="P3_SP00574" HPOS="1934" VPOS="2337" WIDTH="43"/>
						<String ID="P3_ST00647" HPOS="1977" VPOS="2270" WIDTH="198" HEIGHT="51" CONTENT="rechnen" WC="0.99" CC="0004604"/>
						<SP ID="P3_SP00575" HPOS="2175" VPOS="2337" WIDTH="33"/>
						<String ID="P3_ST00648" HPOS="2208" VPOS="2270" WIDTH="162" HEIGHT="51" CONTENT="liessen" WC="0.68" CC="5000906"/>
						<SP ID="P3_SP00576" HPOS="2370" VPOS="2337" WIDTH="144"/>
						<String ID="P3_ST00649" HPOS="2514" VPOS="2271" WIDTH="79" HEIGHT="50" CONTENT="das" WC="0.97" CC="053"/>
						<SP ID="P3_SP00577" HPOS="2593" VPOS="2337" WIDTH="41"/>
						<String ID="P3_ST00650" HPOS="2634" VPOS="2271" WIDTH="106" HEIGHT="50" CONTENT="alles" WC="0.98" CC="45701"/>
						<SP ID="P3_SP00578" HPOS="2740" VPOS="2337" WIDTH="46"/>
						<String ID="P3_ST00651" HPOS="2786" VPOS="2271" WIDTH="179" HEIGHT="48" CONTENT="machte" WC="0.98" CC="050740"/>
						<SP ID="P3_SP00579" HPOS="2965" VPOS="2337" WIDTH="42"/>
						<String ID="P3_ST00652" HPOS="3007" VPOS="2271" WIDTH="86" HEIGHT="50" CONTENT="den" WC="0.97" CC="006"/>
						<SP ID="P3_SP00580" HPOS="3093" VPOS="2337" WIDTH="32"/>
						<String ID="P3_ST00653" HPOS="3125" VPOS="2270" WIDTH="161" HEIGHT="67" CONTENT="Erfolg" WC="0.98" CC="030379"/>
					</TextLine>
					<TextLine ID="P3_TL00073" HPOS="1735" VPOS="2352" WIDTH="1036" HEIGHT="70">
						<String ID="P3_ST00654" HPOS="1735" VPOS="2352" WIDTH="186" HEIGHT="70" CONTENT="doppelt" WC="0.99" CC="9000055"/>
						<SP ID="P3_SP00581" HPOS="1921" VPOS="2422" WIDTH="33"/>
						<String ID="P3_ST00655" HPOS="1954" VPOS="2354" WIDTH="222" HEIGHT="67" CONTENT="glänzend" WC="0.98" CC="05936008"/>
						<SP ID="P3_SP00582" HPOS="2176" VPOS="2422" WIDTH="33"/>
						<String ID="P3_ST00656" HPOS="2209" VPOS="2354" WIDTH="91" HEIGHT="50" CONTENT="und" WC="0.98" CC="040"/>
						<SP ID="P3_SP00583" HPOS="2300" VPOS="2422" WIDTH="33"/>
						<String ID="P3_ST00657" HPOS="2333" VPOS="2354" WIDTH="438" HEIGHT="52" CONTENT='schätzenswerth."' WC="0.74" CC="4050040500037604"/>
					</TextLine>
					<TextLine ID="P3_TL00074" HPOS="1860" VPOS="2435" WIDTH="1437" HEIGHT="70">
						<String ID="P3_ST00658" HPOS="1860" VPOS="2436" WIDTH="219" HEIGHT="52" CONTENT="Wcber's" WC="0.58" CC="0777402"/>
						<SP ID="P3_SP00584" HPOS="2079" VPOS="2488" WIDTH="40"/>
						<String ID="P3_ST00659" HPOS="2119" VPOS="2437" WIDTH="173" HEIGHT="50" CONTENT="heitere" WC="0.99" CC="5006000"/>
						<SP ID="P3_SP00585" HPOS="2292" VPOS="2488" WIDTH="41"/>
						<String ID="P3_ST00660" HPOS="2333" VPOS="2436" WIDTH="261" HEIGHT="69" CONTENT="Stimmung" WC="0.98" CC="08705477"/>
						<SP ID="P3_SP00586" HPOS="2594" VPOS="2505" WIDTH="45"/>
						<String ID="P3_ST00661" HPOS="2639" VPOS="2437" WIDTH="125" HEIGHT="51" CONTENT="ward" WC="1.00" CC="0000"/>
						<SP ID="P3_SP00587" HPOS="2764" VPOS="2505" WIDTH="34"/>
						<String ID="P3_ST00662" HPOS="2798" VPOS="2435" WIDTH="168" HEIGHT="69" CONTENT="jedoch" WC="0.99" CC="040015"/>
						<SP ID="P3_SP00588" HPOS="2966" VPOS="2505" WIDTH="44"/>
						<String ID="P3_ST00663" HPOS="3010" VPOS="2436" WIDTH="66" HEIGHT="51" CONTENT="oft" WC="0.97" CC="205"/>
						<SP ID="P3_SP00589" HPOS="3076" VPOS="2505" WIDTH="30"/>
						<String ID="P3_ST00664" HPOS="3106" VPOS="2437" WIDTH="191" HEIGHT="68" CONTENT="getrübt" WC="0.98" CC="0360565"/>
					</TextLine>
					<TextLine ID="P3_TL00075" HPOS="1733" VPOS="2520" WIDTH="1564" HEIGHT="67">
						<String ID="P3_ST00665" HPOS="1733" VPOS="2520" WIDTH="144" HEIGHT="51" CONTENT="durch" WC="0.99" CC="00201"/>
						<SP ID="P3_SP00590" HPOS="1877" VPOS="2571" WIDTH="37"/>
						<String ID="P3_ST00666" HPOS="1914" VPOS="2521" WIDTH="87" HEIGHT="50" CONTENT="den" WC="1.00" CC="000"/>
						<SP ID="P3_SP00591" HPOS="2001" VPOS="2571" WIDTH="35"/>
						<String ID="P3_ST00667" HPOS="2036" VPOS="2520" WIDTH="331" HEIGHT="67" CONTENT="nachlheiligen" WC="0.80" CC="0004050046040"/>
						<SP ID="P3_SP00592" HPOS="2367" VPOS="2587" WIDTH="32"/>
						<String ID="P3_ST00668" HPOS="2399" VPOS="2521" WIDTH="197" HEIGHT="50" CONTENT="Einfluss" WC="0.71" CC="15442400"/>
						<SP ID="P3_SP00593" HPOS="2596" VPOS="2587" WIDTH="31"/>
						<String ID="P3_ST00669" HPOS="2627" VPOS="2521" WIDTH="79" HEIGHT="50" CONTENT="des" WC="0.99" CC="020"/>
						<SP ID="P3_SP00594" HPOS="2706" VPOS="2587" WIDTH="20"/>
						<String ID="P3_ST00670" HPOS="2726" VPOS="2521" WIDTH="185" HEIGHT="50" CONTENT="Klima's" WC="0.75" CC="0042009"/>
						<SP ID="P3_SP00595" HPOS="2911" VPOS="2587" WIDTH="30"/>
						<String ID="P3_ST00671" HPOS="2941" VPOS="2521" WIDTH="81" HEIGHT="49" CONTENT="auf" WC="0.96" CC="540"/>
						<SP ID="P3_SP00596" HPOS="3022" VPOS="2587" WIDTH="26"/>
						<String ID="P3_ST00672" HPOS="3048" VPOS="2521" WIDTH="127" HEIGHT="51" CONTENT="seine" WC="0.98" CC="27050"/>
						<SP ID="P3_SP00597" HPOS="3175" VPOS="2587" WIDTH="31"/>
						<String ID="P3_ST00673" HPOS="3206" VPOS="2523" WIDTH="61" HEIGHT="49" CONTENT="Ge" SUBS_TYPE="HypPart1" SUBS_CONTENT="Gesundheit." WC="1.00" CC="00"/>
						<HYP HPOS="3267" VPOS="2523" WIDTH="30" CONTENT="-"/>
					</TextLine>
					<TextLine ID="P3_TL00076" HPOS="1732" VPOS="2603" WIDTH="1565" HEIGHT="69">
						<String ID="P3_ST00674" HPOS="1732" VPOS="2605" WIDTH="227" HEIGHT="50" CONTENT="sundheit." SUBS_TYPE="HypPart2" SUBS_CONTENT="Gesundheit." WC="0.99" CC="305077054"/>
						<SP ID="P3_SP00598" HPOS="1959" VPOS="2655" WIDTH="32"/>
						<String ID="P3_ST00675" HPOS="1991" VPOS="2605" WIDTH="64" HEIGHT="48" CONTENT="Er" WC="1.00" CC="00"/>
						<SP ID="P3_SP00599" HPOS="2055" VPOS="2655" WIDTH="31"/>
						<String ID="P3_ST00676" HPOS="2086" VPOS="2604" WIDTH="178" HEIGHT="51" CONTENT="schrieb" WC="0.99" CC="0056006"/>
						<SP ID="P3_SP00600" HPOS="2264" VPOS="2655" WIDTH="19"/>
						<String ID="P3_ST00677" HPOS="2283" VPOS="2605" WIDTH="197" HEIGHT="50" CONTENT="darüber" WC="0.99" CC="0440660"/>
						<SP ID="P3_SP00601" HPOS="2480" VPOS="2655" WIDTH="22"/>
						<String ID="P3_ST00678" HPOS="2502" VPOS="2624" WIDTH="69" HEIGHT="31" CONTENT="am" WC="1.00" CC="00"/>
						<SP ID="P3_SP00602" HPOS="2571" VPOS="2655" WIDTH="36"/>
						<String ID="P3_ST00679" HPOS="2607" VPOS="2604" WIDTH="86" HEIGHT="53" CONTENT="17." WC="0.72" CC="080"/>
						<SP ID="P3_SP00603" HPOS="2693" VPOS="2657" WIDTH="30"/>
						<String ID="P3_ST00680" HPOS="2723" VPOS="2605" WIDTH="125" HEIGHT="67" CONTENT="April" WC="0.97" CC="80535"/>
						<SP ID="P3_SP00604" HPOS="2848" VPOS="2672" WIDTH="35"/>
						<String ID="P3_ST00681" HPOS="2883" VPOS="2603" WIDTH="184" HEIGHT="52" CONTENT="1826:" WC="0.50" CC="03965"/>
						<SP ID="P3_SP00605" HPOS="3067" VPOS="2672" WIDTH="43"/>
						<String ID="P3_ST00682" HPOS="3110" VPOS="2608" WIDTH="187" HEIGHT="56" CONTENT="„Heute" WC="0.98" CC="770270"/>
					</TextLine>
					<TextLine ID="P3_TL00077" HPOS="1733" VPOS="2688" WIDTH="1562" HEIGHT="68">
						<String ID="P3_ST00683" HPOS="1733" VPOS="2689" WIDTH="55" HEIGHT="49" CONTENT="ist" WC="1.00" CC="000"/>
						<SP ID="P3_SP00606" HPOS="1788" VPOS="2738" WIDTH="30"/>
						<String ID="P3_ST00684" HPOS="1818" VPOS="2689" WIDTH="71" HEIGHT="49" CONTENT="ein" WC="0.99" CC="001"/>
						<SP ID="P3_SP00607" HPOS="1889" VPOS="2738" WIDTH="27"/>
						<String ID="P3_ST00685" HPOS="1916" VPOS="2690" WIDTH="98" HEIGHT="65" CONTENT="Tag" WC="1.00" CC="000"/>
						<SP ID="P3_SP00608" HPOS="2014" VPOS="2755" WIDTH="38"/>
						<String ID="P3_ST00686" HPOS="2052" VPOS="2707" WIDTH="102" HEIGHT="31" CONTENT="zum" WC="0.96" CC="046"/>
						<SP ID="P3_SP00609" HPOS="2154" VPOS="2755" WIDTH="33"/>
						<String ID="P3_ST00687" HPOS="2187" VPOS="2689" WIDTH="369" HEIGHT="51" CONTENT="Todtschiessen." WC="0.88" CC="02060000040002"/>
						<SP ID="P3_SP00610" HPOS="2556" VPOS="2755" WIDTH="62"/>
						<String ID="P3_ST00688" HPOS="2618" VPOS="2690" WIDTH="86" HEIGHT="50" CONTENT="Ein" WC="0.99" CC="003"/>
						<SP ID="P3_SP00611" HPOS="2704" VPOS="2755" WIDTH="47"/>
						<String ID="P3_ST00689" HPOS="2751" VPOS="2688" WIDTH="181" HEIGHT="52" CONTENT="solcher" WC="0.99" CC="0000606"/>
						<SP ID="P3_SP00612" HPOS="2932" VPOS="2755" WIDTH="34"/>
						<String ID="P3_ST00690" HPOS="2966" VPOS="2688" WIDTH="329" HEIGHT="68" CONTENT="dunkelgelber" WC="0.99" CC="000806396700"/>
					</TextLine>
					<TextLine ID="P3_TL00078" HPOS="1731" VPOS="2770" WIDTH="1563" HEIGHT="60">
						<String ID="P3_ST00691" HPOS="1731" VPOS="2771" WIDTH="158" HEIGHT="59" CONTENT="Nebel," WC="0.99" CC="800000"/>
						<SP ID="P3_SP00613" HPOS="1889" VPOS="2830" WIDTH="47"/>
						<String ID="P3_ST00692" HPOS="1936" VPOS="2770" WIDTH="102" HEIGHT="51" CONTENT="dass" WC="0.78" CC="0305"/>
						<SP ID="P3_SP00614" HPOS="2038" VPOS="2830" WIDTH="43"/>
						<String ID="P3_ST00693" HPOS="2081" VPOS="2789" WIDTH="102" HEIGHT="32" CONTENT="man" WC="0.97" CC="016"/>
						<SP ID="P3_SP00615" HPOS="2183" VPOS="2830" WIDTH="43"/>
						<String ID="P3_ST00694" HPOS="2226" VPOS="2773" WIDTH="133" HEIGHT="48" CONTENT="kaum" WC="0.97" CC="0580"/>
						<SP ID="P3_SP00616" HPOS="2359" VPOS="2830" WIDTH="47"/>
						<String ID="P3_ST00695" HPOS="2406" VPOS="2771" WIDTH="41" HEIGHT="50" CONTENT="in" WC="0.57" CC="08"/>
						<SP ID="P3_SP00617" HPOS="2447" VPOS="2830" WIDTH="46"/>
						<String ID="P3_ST00696" HPOS="2493" VPOS="2771" WIDTH="85" HEIGHT="50" CONTENT="den" WC="0.96" CC="045"/>
						<SP ID="P3_SP00618" HPOS="2578" VPOS="2830" WIDTH="38"/>
						<String ID="P3_ST00697" HPOS="2616" VPOS="2773" WIDTH="230" HEIGHT="49" CONTENT="Zimmern" WC="0.99" CC="0000444"/>
						<SP ID="P3_SP00619" HPOS="2846" VPOS="2830" WIDTH="43"/>
						<String ID="P3_ST00698" HPOS="2889" VPOS="2771" WIDTH="118" HEIGHT="49" CONTENT="ohne" WC="0.97" CC="1760"/>
						<SP ID="P3_SP00620" HPOS="3007" VPOS="2830" WIDTH="32"/>
						<String ID="P3_ST00699" HPOS="3039" VPOS="2771" WIDTH="131" HEIGHT="50" CONTENT="Licht" WC="0.98" CC="43150"/>
						<SP ID="P3_SP00621" HPOS="3170" VPOS="2830" WIDTH="29"/>
						<String ID="P3_ST00700" HPOS="3199" VPOS="2773" WIDTH="95" HEIGHT="48" CONTENT="sein" WC="0.99" CC="0002"/>
					</TextLine>
					<TextLine ID="P3_TL00079" HPOS="1735" VPOS="2854" WIDTH="1560" HEIGHT="60">
						<String ID="P3_ST00701" HPOS="1735" VPOS="2857" WIDTH="132" HEIGHT="48" CONTENT="kann." WC="0.99" CC="00430"/>
						<SP ID="P3_SP00622" HPOS="1867" VPOS="2905" WIDTH="44"/>
						<String ID="P3_ST00702" HPOS="1911" VPOS="2857" WIDTH="83" HEIGHT="47" CONTENT="Die" WC="0.99" CC="030"/>
						<SP ID="P3_SP00623" HPOS="1994" VPOS="2905" WIDTH="31"/>
						<String ID="P3_ST00703" HPOS="2025" VPOS="2857" WIDTH="155" HEIGHT="48" CONTENT="Sonne" WC="0.98" CC="50352"/>
						<SP ID="P3_SP00624" HPOS="2180" VPOS="2905" WIDTH="31"/>
						<String ID="P3_ST00704" HPOS="2211" VPOS="2855" WIDTH="57" HEIGHT="50" CONTENT="ist" WC="0.98" CC="060"/>
						<SP ID="P3_SP00625" HPOS="2268" VPOS="2905" WIDTH="32"/>
						<String ID="P3_ST00705" HPOS="2300" VPOS="2855" WIDTH="119" HEIGHT="50" CONTENT="ohne" WC="0.97" CC="1704"/>
						<SP ID="P3_SP00626" HPOS="2419" VPOS="2905" WIDTH="32"/>
						<String ID="P3_ST00706" HPOS="2451" VPOS="2857" WIDTH="230" HEIGHT="57" CONTENT="Strahlen," WC="0.98" CC="365175060"/>
						<SP ID="P3_SP00627" HPOS="2681" VPOS="2914" WIDTH="33"/>
						<String ID="P3_ST00707" HPOS="2714" VPOS="2857" WIDTH="84" HEIGHT="48" CONTENT="wie" WC="0.96" CC="072"/>
						<SP ID="P3_SP00628" HPOS="2798" VPOS="2914" WIDTH="40"/>
						<String ID="P3_ST00708" HPOS="2838" VPOS="2854" WIDTH="69" HEIGHT="50" CONTENT="ein" WC="0.98" CC="042"/>
						<SP ID="P3_SP00629" HPOS="2907" VPOS="2914" WIDTH="45"/>
						<String ID="P3_ST00709" HPOS="2952" VPOS="2855" WIDTH="159" HEIGHT="49" CONTENT="rother" WC="0.98" CC="057514"/>
						<SP ID="P3_SP00630" HPOS="3111" VPOS="2914" WIDTH="32"/>
						<String ID="P3_ST00710" HPOS="3143" VPOS="2855" WIDTH="152" HEIGHT="50" CONTENT="Punkt" WC="0.98" CC="05009"/>
					</TextLine>
					<TextLine ID="P3_TL00080" HPOS="1735" VPOS="2939" WIDTH="1554" HEIGHT="57">
						<String ID="P3_ST00711" HPOS="1735" VPOS="2939" WIDTH="57" HEIGHT="50" CONTENT="im" WC="1.00" CC="00"/>
						<SP ID="P3_SP00631" HPOS="1792" VPOS="2989" WIDTH="30"/>
						<String ID="P3_ST00712" HPOS="1822" VPOS="2939" WIDTH="159" HEIGHT="51" CONTENT="Nebel." WC="0.98" CC="811044"/>
						<SP ID="P3_SP00632" HPOS="1981" VPOS="2990" WIDTH="58"/>
						<String ID="P3_ST00713" HPOS="2039" VPOS="2940" WIDTH="61" HEIGHT="49" CONTENT="Es" WC="0.93" CC="01"/>
						<SP ID="P3_SP00633" HPOS="2100" VPOS="2990" WIDTH="43"/>
						<String ID="P3_ST00714" HPOS="2143" VPOS="2939" WIDTH="56" HEIGHT="50" CONTENT="ist" WC="0.98" CC="004"/>
						<SP ID="P3_SP00634" HPOS="2199" VPOS="2990" WIDTH="31"/>
						<String ID="P3_ST00715" HPOS="2230" VPOS="2939" WIDTH="250" HEIGHT="51" CONTENT="ordentlich" WC="0.99" CC="1004767804"/>
						<SP ID="P3_SP00635" HPOS="2480" VPOS="2990" WIDTH="32"/>
						<String ID="P3_ST00716" HPOS="2512" VPOS="2939" WIDTH="294" HEIGHT="51" CONTENT="schauerlich." WC="0.99" CC="036620562720"/>
						<SP ID="P3_SP00636" HPOS="2806" VPOS="2990" WIDTH="58"/>
						<String ID="P3_ST00717" HPOS="2864" VPOS="2939" WIDTH="128" HEIGHT="57" CONTENT="Nein," WC="0.98" CC="04043"/>
						<SP ID="P3_SP00637" HPOS="2992" VPOS="2996" WIDTH="42"/>
						<String ID="P3_ST00718" HPOS="3034" VPOS="2939" WIDTH="40" HEIGHT="48" CONTENT="in" WC="0.52" CC="36"/>
						<SP ID="P3_SP00638" HPOS="3074" VPOS="2996" WIDTH="46"/>
						<String ID="P3_ST00719" HPOS="3120" VPOS="2940" WIDTH="169" HEIGHT="50" CONTENT="diesem" WC="0.99" CC="030700"/>
					</TextLine>
					<TextLine ID="P3_TL00081" HPOS="1736" VPOS="3020" WIDTH="1556" HEIGHT="68">
						<String ID="P3_ST00720" HPOS="1736" VPOS="3022" WIDTH="146" HEIGHT="49" CONTENT="Klima" WC="0.99" CC="00004"/>
						<SP ID="P3_SP00639" HPOS="1882" VPOS="3071" WIDTH="33"/>
						<String ID="P3_ST00721" HPOS="1915" VPOS="3023" WIDTH="181" HEIGHT="48" CONTENT="möchte" WC="0.99" CC="000750"/>
						<SP ID="P3_SP00640" HPOS="2096" VPOS="3071" WIDTH="33"/>
						<String ID="P3_ST00722" HPOS="2129" VPOS="3023" WIDTH="67" HEIGHT="48" CONTENT="ich" WC="0.97" CC="132"/>
						<SP ID="P3_SP00641" HPOS="2196" VPOS="3071" WIDTH="33"/>
						<String ID="P3_ST00723" HPOS="2229" VPOS="3022" WIDTH="120" HEIGHT="49" CONTENT="nicht" WC="0.96" CC="14678"/>
						<SP ID="P3_SP00642" HPOS="2349" VPOS="3071" WIDTH="32"/>
						<String ID="P3_ST00724" HPOS="2381" VPOS="3020" WIDTH="146" HEIGHT="51" CONTENT="leben." WC="0.97" CC="373683"/>
						<SP ID="P3_SP00643" HPOS="2527" VPOS="3071" WIDTH="44"/>
						<String ID="P3_ST00725" HPOS="2571" VPOS="3022" WIDTH="186" HEIGHT="49" CONTENT="Freilich" WC="0.98" CC="52615035"/>
						<SP ID="P3_SP00644" HPOS="2757" VPOS="3071" WIDTH="33"/>
						<String ID="P3_ST00726" HPOS="2790" VPOS="3032" WIDTH="101" HEIGHT="56" CONTENT="sagt" WC="0.99" CC="0500"/>
						<SP ID="P3_SP00645" HPOS="2891" VPOS="3088" WIDTH="32"/>
						<String ID="P3_ST00727" HPOS="2923" VPOS="3038" WIDTH="117" HEIGHT="41" CONTENT="man," WC="0.97" CC="0263"/>
						<SP ID="P3_SP00646" HPOS="3040" VPOS="3088" WIDTH="32"/>
						<String ID="P3_ST00728" HPOS="3072" VPOS="3022" WIDTH="103" HEIGHT="49" CONTENT="dass" WC="0.65" CC="0607"/>
						<SP ID="P3_SP00647" HPOS="3175" VPOS="3088" WIDTH="31"/>
						<String ID="P3_ST00729" HPOS="3206" VPOS="3023" WIDTH="86" HEIGHT="48" CONTENT="alle" WC="0.95" CC="3666"/>
					</TextLine>
					<TextLine ID="P3_TL00082" HPOS="1736" VPOS="3105" WIDTH="1557" HEIGHT="68">
						<String ID="P3_ST00730" HPOS="1736" VPOS="3107" WIDTH="122" HEIGHT="51" CONTENT="diese" WC="0.98" CC="71050"/>
						<SP ID="P3_SP00648" HPOS="1858" VPOS="3158" WIDTH="33"/>
						<String ID="P3_ST00731" HPOS="1891" VPOS="3105" WIDTH="306" HEIGHT="51" CONTENT="Schönheiten" WC="0.99" CC="40607004500"/>
						<SP ID="P3_SP00649" HPOS="2197" VPOS="3158" WIDTH="47"/>
						<String ID="P3_ST00732" HPOS="2244" VPOS="3105" WIDTH="123" HEIGHT="51" CONTENT="bloss" WC="0.97" CC="63065"/>
						<SP ID="P3_SP00650" HPOS="2367" VPOS="3158" WIDTH="39"/>
						<String ID="P3_ST00733" HPOS="2406" VPOS="3107" WIDTH="192" HEIGHT="49" CONTENT="London" WC="0.98" CC="006097"/>
						<SP ID="P3_SP00651" HPOS="2598" VPOS="3158" WIDTH="47"/>
						<String ID="P3_ST00734" HPOS="2645" VPOS="3108" WIDTH="132" HEIGHT="65" CONTENT="eigen" WC="0.98" CC="56000"/>
						<SP ID="P3_SP00652" HPOS="2777" VPOS="3173" WIDTH="47"/>
						<String ID="P3_ST00735" HPOS="2824" VPOS="3105" WIDTH="112" HEIGHT="56" CONTENT="sind," WC="0.98" CC="35600"/>
						<SP ID="P3_SP00653" HPOS="2936" VPOS="3173" WIDTH="47"/>
						<String ID="P3_ST00736" HPOS="2983" VPOS="3105" WIDTH="91" HEIGHT="49" CONTENT="und" WC="0.95" CC="740"/>
						<SP ID="P3_SP00654" HPOS="3074" VPOS="3173" WIDTH="47"/>
						<String ID="P3_ST00737" HPOS="3121" VPOS="3107" WIDTH="42" HEIGHT="49" CONTENT="in" WC="0.84" CC="03"/>
						<SP ID="P3_SP00655" HPOS="3163" VPOS="3173" WIDTH="49"/>
						<String ID="P3_ST00738" HPOS="3212" VPOS="3107" WIDTH="81" HEIGHT="49" CONTENT="der" WC="1.00" CC="000"/>
					</TextLine>
					<TextLine ID="P3_TL00083" HPOS="1737" VPOS="3188" WIDTH="1556" HEIGHT="67">
						<String ID="P3_ST00739" HPOS="1737" VPOS="3191" WIDTH="136" HEIGHT="49" CONTENT="freien" WC="0.98" CC="840005"/>
						<SP ID="P3_SP00656" HPOS="1873" VPOS="3240" WIDTH="33"/>
						<String ID="P3_ST00740" HPOS="1906" VPOS="3192" WIDTH="145" HEIGHT="47" CONTENT="Natur" WC="0.96" CC="95464"/>
						<SP ID="P3_SP00657" HPOS="2051" VPOS="3240" WIDTH="31"/>
						<String ID="P3_ST00741" HPOS="2082" VPOS="3189" WIDTH="70" HEIGHT="50" CONTENT="die" WC="0.99" CC="030"/>
						<SP ID="P3_SP00658" HPOS="2152" VPOS="3240" WIDTH="32"/>
						<String ID="P3_ST00742" HPOS="2184" VPOS="3189" WIDTH="146" HEIGHT="49" CONTENT="Sache" WC="0.98" CC="04070"/>
						<SP ID="P3_SP00659" HPOS="2330" VPOS="3240" WIDTH="32"/>
						<String ID="P3_ST00743" HPOS="2362" VPOS="3207" WIDTH="115" HEIGHT="48" CONTENT="ganz" WC="0.97" CC="0660"/>
						<SP ID="P3_SP00660" HPOS="2477" VPOS="3255" WIDTH="33"/>
						<String ID="P3_ST00744" HPOS="2510" VPOS="3191" WIDTH="163" HEIGHT="48" CONTENT="anders" WC="0.99" CC="700050"/>
						<SP ID="P3_SP00661" HPOS="2673" VPOS="3255" WIDTH="33"/>
						<String ID="P3_ST00745" HPOS="2706" VPOS="3191" WIDTH="212" HEIGHT="48" CONTENT="aussieht." WC="0.99" CC="057900730"/>
						<SP ID="P3_SP00662" HPOS="2918" VPOS="3255" WIDTH="66"/>
						<String ID="P3_ST00746" HPOS="2984" VPOS="3188" WIDTH="84" HEIGHT="50" CONTENT="Die" WC="0.99" CC="002"/>
						<SP ID="P3_SP00663" HPOS="3068" VPOS="3255" WIDTH="32"/>
						<String ID="P3_ST00747" HPOS="3100" VPOS="3191" WIDTH="193" HEIGHT="55" CONTENT="Bäume," WC="0.98" CC="097000"/>
					</TextLine>
					<TextLine ID="P3_TL00084" HPOS="1735" VPOS="3271" WIDTH="1560" HEIGHT="68">
						<String ID="P3_ST00748" HPOS="1735" VPOS="3276" WIDTH="69" HEIGHT="48" CONTENT="die" WC="0.98" CC="014"/>
						<SP ID="P3_SP00664" HPOS="1804" VPOS="3324" WIDTH="32"/>
						<String ID="P3_ST00749" HPOS="1836" VPOS="3273" WIDTH="69" HEIGHT="50" CONTENT="ich" WC="0.97" CC="106"/>
						<SP ID="P3_SP00665" HPOS="1905" VPOS="3324" WIDTH="28"/>
						<String ID="P3_ST00750" HPOS="1933" VPOS="3292" WIDTH="56" HEIGHT="31" CONTENT="zu" WC="0.30" CC="67"/>
						<SP ID="P3_SP00666" HPOS="1989" VPOS="3324" WIDTH="27"/>
						<String ID="P3_ST00751" HPOS="2016" VPOS="3272" WIDTH="138" HEIGHT="49" CONTENT="sehen" WC="0.98" CC="70500"/>
						<SP ID="P3_SP00667" HPOS="2154" VPOS="3324" WIDTH="24"/>
						<String ID="P3_ST00752" HPOS="2178" VPOS="3272" WIDTH="254" HEIGHT="57" CONTENT="bekomme," WC="0.99" CC="74800070"/>
						<SP ID="P3_SP00668" HPOS="2432" VPOS="3329" WIDTH="31"/>
						<String ID="P3_ST00753" HPOS="2463" VPOS="3271" WIDTH="97" HEIGHT="52" CONTENT="sind" WC="0.97" CC="3460"/>
						<SP ID="P3_SP00669" HPOS="2560" VPOS="3329" WIDTH="33"/>
						<String ID="P3_ST00754" HPOS="2593" VPOS="3274" WIDTH="84" HEIGHT="49" CONTENT="alle" WC="0.97" CC="6042"/>
						<SP ID="P3_SP00670" HPOS="2677" VPOS="3329" WIDTH="32"/>
						<String ID="P3_ST00755" HPOS="2709" VPOS="3274" WIDTH="302" HEIGHT="50" CONTENT="vollkommen" WC="0.99" CC="0048800606"/>
						<SP ID="P3_SP00671" HPOS="3011" VPOS="3329" WIDTH="27"/>
						<String ID="P3_ST00756" HPOS="3038" VPOS="3277" WIDTH="132" HEIGHT="62" CONTENT="grün," WC="0.98" CC="90061"/>
						<SP ID="P3_SP00672" HPOS="3170" VPOS="3339" WIDTH="33"/>
						<String ID="P3_ST00757" HPOS="3203" VPOS="3274" WIDTH="92" HEIGHT="50" CONTENT="und" WC="0.95" CC="651"/>
					</TextLine>
					<TextLine ID="P3_TL00085" HPOS="1738" VPOS="3356" WIDTH="1560" HEIGHT="68">
						<String ID="P3_ST00758" HPOS="1738" VPOS="3357" WIDTH="191" HEIGHT="49" CONTENT="London" WC="0.97" CC="707903"/>
						<SP ID="P3_SP00673" HPOS="1929" VPOS="3406" WIDTH="32"/>
						<String ID="P3_ST00759" HPOS="1961" VPOS="3358" WIDTH="76" HEIGHT="47" CONTENT="hat" WC="0.95" CC="075"/>
						<SP ID="P3_SP00674" HPOS="2037" VPOS="3406" WIDTH="42"/>
						<String ID="P3_ST00760" HPOS="2079" VPOS="3356" WIDTH="97" HEIGHT="49" CONTENT="eine" WC="0.97" CC="5135"/>
						<SP ID="P3_SP00675" HPOS="2176" VPOS="3406" WIDTH="42"/>
						<String ID="P3_ST00761" HPOS="2218" VPOS="3373" WIDTH="162" HEIGHT="49" CONTENT="grosse" WC="0.99" CC="006500"/>
						<SP ID="P3_SP00676" HPOS="2380" VPOS="3422" WIDTH="31"/>
						<String ID="P3_ST00762" HPOS="2411" VPOS="3357" WIDTH="167" HEIGHT="67" CONTENT="Menge" WC="0.96" CC="66809"/>
						<SP ID="P3_SP00677" HPOS="2578" VPOS="3424" WIDTH="46"/>
						<String ID="P3_ST00763" HPOS="2624" VPOS="3357" WIDTH="129" HEIGHT="49" CONTENT="freier" WC="0.98" CC="042380"/>
						<SP ID="P3_SP00678" HPOS="2753" VPOS="3424" WIDTH="32"/>
						<String ID="P3_ST00764" HPOS="2785" VPOS="3357" WIDTH="155" HEIGHT="49" CONTENT="Plätze" WC="0.98" CC="060670"/>
						<SP ID="P3_SP00679" HPOS="2940" VPOS="3424" WIDTH="43"/>
						<String ID="P3_ST00765" HPOS="2983" VPOS="3357" WIDTH="90" HEIGHT="48" CONTENT="und" WC="0.95" CC="670"/>
						<SP ID="P3_SP00680" HPOS="3073" VPOS="3424" WIDTH="34"/>
						<String ID="P3_ST00766" HPOS="3107" VPOS="3357" WIDTH="191" HEIGHT="52" CONTENT="Gärten." WC="0.98" CC="0056090"/>
					</TextLine>
					<TextLine ID="P3_TL00086" HPOS="1738" VPOS="3438" WIDTH="1557" HEIGHT="61">
						<String ID="P3_ST00767" HPOS="1738" VPOS="3441" WIDTH="127" HEIGHT="51" CONTENT="Aber" WC="0.98" CC="0600"/>
						<SP ID="P3_SP00681" HPOS="1865" VPOS="3492" WIDTH="32"/>
						<String ID="P3_ST00768" HPOS="1897" VPOS="3441" WIDTH="76" HEIGHT="48" CONTENT="das" WC="0.92" CC="856"/>
						<SP ID="P3_SP00682" HPOS="1973" VPOS="3492" WIDTH="32"/>
						<String ID="P3_ST00769" HPOS="2005" VPOS="3440" WIDTH="57" HEIGHT="49" CONTENT="ist" WC="0.97" CC="071"/>
						<SP ID="P3_SP00683" HPOS="2062" VPOS="3492" WIDTH="32"/>
						<String ID="P3_ST00770" HPOS="2094" VPOS="3438" WIDTH="115" HEIGHT="51" CONTENT="doch" WC="0.99" CC="0500"/>
						<SP ID="P3_SP00684" HPOS="2209" VPOS="3492" WIDTH="34"/>
						<String ID="P3_ST00771" HPOS="2243" VPOS="3440" WIDTH="106" HEIGHT="49" CONTENT="alles" WC="0.98" CC="20007"/>
						<SP ID="P3_SP00685" HPOS="2349" VPOS="3492" WIDTH="38"/>
						<String ID="P3_ST00772" HPOS="2387" VPOS="3441" WIDTH="131" HEIGHT="49" CONTENT="keine" WC="0.98" CC="80050"/>
						<SP ID="P3_SP00686" HPOS="2518" VPOS="3492" WIDTH="33"/>
						<String ID="P3_ST00773" HPOS="2551" VPOS="3441" WIDTH="107" HEIGHT="49" CONTENT="freie" WC="0.99" CC="04040"/>
						<SP ID="P3_SP00687" HPOS="2658" VPOS="3492" WIDTH="29"/>
						<String ID="P3_ST00774" HPOS="2687" VPOS="3441" WIDTH="136" HEIGHT="58" CONTENT="Luft;" WC="0.98" CC="06040"/>
						<SP ID="P3_SP00688" HPOS="2823" VPOS="3499" WIDTH="44"/>
						<String ID="P3_ST00775" HPOS="2867" VPOS="3441" WIDTH="118" HEIGHT="49" CONTENT="denn" WC="0.96" CC="0664"/>
						<SP ID="P3_SP00689" HPOS="2985" VPOS="3499" WIDTH="49"/>
						<String ID="P3_ST00776" HPOS="3034" VPOS="3440" WIDTH="143" HEIGHT="50" CONTENT="selbst" WC="0.98" CC="522406"/>
						<SP ID="P3_SP00690" HPOS="3177" VPOS="3499" WIDTH="45"/>
						<String ID="P3_ST00777" HPOS="3222" VPOS="3459" WIDTH="73" HEIGHT="33" CONTENT="am" WC="0.54" CC="26"/>
					</TextLine>
					<TextLine ID="P3_TL00087" HPOS="1737" VPOS="3523" WIDTH="1563" HEIGHT="68">
						<String ID="P3_ST00778" HPOS="1737" VPOS="3525" WIDTH="249" HEIGHT="49" CONTENT="heitersten" WC="0.99" CC="0006536708"/>
						<SP ID="P3_SP00691" HPOS="1986" VPOS="3574" WIDTH="24"/>
						<String ID="P3_ST00779" HPOS="2010" VPOS="3525" WIDTH="127" HEIGHT="64" CONTENT="Tage" WC="0.97" CC="0095"/>
						<SP ID="P3_SP00692" HPOS="2137" VPOS="3589" WIDTH="26"/>
						<String ID="P3_ST00780" HPOS="2163" VPOS="3523" WIDTH="115" HEIGHT="50" CONTENT="kann" WC="0.96" CC="0468"/>
						<SP ID="P3_SP00693" HPOS="2278" VPOS="3589" WIDTH="29"/>
						<String ID="P3_ST00781" HPOS="2307" VPOS="3541" WIDTH="102" HEIGHT="31" CONTENT="man" WC="0.95" CC="076"/>
						<SP ID="P3_SP00694" HPOS="2409" VPOS="3589" WIDTH="27"/>
						<String ID="P3_ST00782" HPOS="2436" VPOS="3525" WIDTH="115" HEIGHT="48" CONTENT="nicht" WC="0.96" CC="77376"/>
						<SP ID="P3_SP00695" HPOS="2551" VPOS="3589" WIDTH="31"/>
						<String ID="P3_ST00783" HPOS="2582" VPOS="3523" WIDTH="64" HEIGHT="50" CONTENT="bis" WC="0.95" CC="850"/>
						<SP ID="P3_SP00696" HPOS="2646" VPOS="3589" WIDTH="27"/>
						<String ID="P3_ST00784" HPOS="2673" VPOS="3541" WIDTH="55" HEIGHT="33" CONTENT="an" WC="0.28" CC="68"/>
						<SP ID="P3_SP00697" HPOS="2728" VPOS="3589" WIDTH="25"/>
						<String ID="P3_ST00785" HPOS="2753" VPOS="3523" WIDTH="79" HEIGHT="50" CONTENT="das" WC="0.96" CC="900"/>
						<SP ID="P3_SP00698" HPOS="2832" VPOS="3589" WIDTH="30"/>
						<String ID="P3_ST00786" HPOS="2862" VPOS="3525" WIDTH="127" HEIGHT="49" CONTENT="Ende" WC="0.97" CC="7800"/>
						<SP ID="P3_SP00699" HPOS="2989" VPOS="3589" WIDTH="29"/>
						<String ID="P3_ST00787" HPOS="3018" VPOS="3525" WIDTH="124" HEIGHT="49" CONTENT="eines" WC="0.98" CC="10505"/>
						<SP ID="P3_SP00700" HPOS="3142" VPOS="3589" WIDTH="28"/>
						<String ID="P3_ST00788" HPOS="3170" VPOS="3542" WIDTH="104" HEIGHT="49" CONTENT="gros" SUBS_TYPE="HypPart1" SUBS_CONTENT="grossen" WC="0.98" CC="9006"/>
						<HYP HPOS="3274" VPOS="3542" WIDTH="26" CONTENT="-"/>
					</TextLine>
					<TextLine ID="P3_TL00088" HPOS="1740" VPOS="3606" WIDTH="1562" HEIGHT="60">
						<String ID="P3_ST00789" HPOS="1740" VPOS="3625" WIDTH="80" HEIGHT="32" CONTENT="sen" SUBS_TYPE="HypPart2" SUBS_CONTENT="grossen" WC="0.97" CC="106"/>
						<SP ID="P3_SP00701" HPOS="1820" VPOS="3657" WIDTH="26"/>
						<String ID="P3_ST00790" HPOS="1846" VPOS="3607" WIDTH="177" HEIGHT="48" CONTENT="Platzes" WC="0.98" CC="9147501"/>
						<SP ID="P3_SP00702" HPOS="2023" VPOS="3657" WIDTH="33"/>
						<String ID="P3_ST00791" HPOS="2056" VPOS="3607" WIDTH="138" HEIGHT="48" CONTENT="sehen" WC="0.98" CC="00660"/>
						<SP ID="P3_SP00703" HPOS="2194" VPOS="3657" WIDTH="28"/>
						<String ID="P3_ST00792" HPOS="2222" VPOS="3606" WIDTH="117" HEIGHT="51" CONTENT="ohne" WC="0.95" CC="5773"/>
						<SP ID="P3_SP00704" HPOS="2339" VPOS="3657" WIDTH="28"/>
						<String ID="P3_ST00793" HPOS="2367" VPOS="3607" WIDTH="343" HEIGHT="59" CONTENT="Nebelwolken," WC="1.00" CC="762000020040"/>
						<SP ID="P3_SP00705" HPOS="2710" VPOS="3666" WIDTH="34"/>
						<String ID="P3_ST00794" HPOS="2744" VPOS="3607" WIDTH="70" HEIGHT="48" CONTENT="die" WC="0.97" CC="053"/>
						<SP ID="P3_SP00706" HPOS="2814" VPOS="3666" WIDTH="32"/>
						<String ID="P3_ST00795" HPOS="2846" VPOS="3607" WIDTH="87" HEIGHT="50" CONTENT="den" WC="0.95" CC="058"/>
						<SP ID="P3_SP00707" HPOS="2933" VPOS="3666" WIDTH="25"/>
						<String ID="P3_ST00796" HPOS="2958" VPOS="3607" WIDTH="229" HEIGHT="50" CONTENT="Horizont" WC="0.98" CC="60407066"/>
						<SP ID="P3_SP00708" HPOS="3187" VPOS="3666" WIDTH="36"/>
						<String ID="P3_ST00797" HPOS="3223" VPOS="3610" WIDTH="53" HEIGHT="48" CONTENT="be" SUBS_TYPE="HypPart1" SUBS_CONTENT="bedecken." WC="0.96" CC="70"/>
						<HYP HPOS="3276" VPOS="3610" WIDTH="26" CONTENT="-"/>
					</TextLine>
					<TextLine ID="P3_TL00089" HPOS="1740" VPOS="3690" WIDTH="1560" HEIGHT="53">
						<String ID="P3_ST00798" HPOS="1740" VPOS="3690" WIDTH="188" HEIGHT="50" CONTENT="decken." SUBS_TYPE="HypPart2" SUBS_CONTENT="bedecken." WC="0.99" CC="0600024"/>
						<SP ID="P3_SP00709" HPOS="1928" VPOS="3740" WIDTH="57"/>
						<String ID="P3_ST00799" HPOS="1985" VPOS="3691" WIDTH="115" HEIGHT="48" CONTENT="Was" WC="0.98" CC="004"/>
						<SP ID="P3_SP00710" HPOS="2100" VPOS="3740" WIDTH="43"/>
						<String ID="P3_ST00800" HPOS="2143" VPOS="3690" WIDTH="68" HEIGHT="49" CONTENT="ich" WC="0.97" CC="007"/>
						<SP ID="P3_SP00711" HPOS="2211" VPOS="3740" WIDTH="34"/>
						<String ID="P3_ST00801" HPOS="2245" VPOS="3691" WIDTH="53" HEIGHT="48" CONTENT="da" WC="0.77" CC="04"/>
						<SP ID="P3_SP00712" HPOS="2298" VPOS="3740" WIDTH="33"/>
						<String ID="P3_ST00802" HPOS="2331" VPOS="3691" WIDTH="69" HEIGHT="47" CONTENT="lür" WC="0.55" CC="706"/>
						<SP ID="P3_SP00713" HPOS="2400" VPOS="3740" WIDTH="44"/>
						<String ID="P3_ST00803" HPOS="2444" VPOS="3691" WIDTH="97" HEIGHT="48" CONTENT="eine" WC="0.98" CC="2060"/>
						<SP ID="P3_SP00714" HPOS="2541" VPOS="3740" WIDTH="32"/>
						<String ID="P3_ST00804" HPOS="2573" VPOS="3691" WIDTH="260" HEIGHT="49" CONTENT="Sehnsucht" WC="0.99" CC="036201056"/>
						<SP ID="P3_SP00715" HPOS="2833" VPOS="3740" WIDTH="32"/>
						<String ID="P3_ST00805" HPOS="2865" VPOS="3692" WIDTH="114" HEIGHT="48" CONTENT="nach" WC="0.97" CC="0507"/>
						<SP ID="P3_SP00716" HPOS="2979" VPOS="3740" WIDTH="36"/>
						<String ID="P3_ST00806" HPOS="3015" VPOS="3692" WIDTH="285" HEIGHT="51" CONTENT="Hosterwitz" WC="0.99" CC="6006030376"/>
					</TextLine>
					<TextLine ID="P3_TL00090" HPOS="3244" VPOS="3753" WIDTH="63" HEIGHT="11">
						<String ID="P3_ST00807" HPOS="3244" VPOS="3755" WIDTH="23" HEIGHT="9" CONTENT=".*" WC="0.59" CC="45" STYLEREFS="TXT_1"/>
						<SP ID="P3_SP00717" HPOS="3267" VPOS="3764" WIDTH="8"/>
						<String ID="P3_ST00808" HPOS="3275" VPOS="3757" WIDTH="5" HEIGHT="6" CONTENT="/" WC="0.25" CC="7" STYLEREFS="TXT_1"/>
						<SP ID="P3_SP00718" HPOS="3280" VPOS="3764" WIDTH="22"/>
						<String ID="P3_ST00809" HPOS="3302" VPOS="3753" WIDTH="5" HEIGHT="10" CONTENT="1" WC="0.16" CC="8" STYLEREFS="TXT_1"/>
					</TextLine>
					<TextLine ID="P3_TL00091" HPOS="1742" VPOS="3772" WIDTH="1560" HEIGHT="60">
						<String ID="P3_ST00810" HPOS="1742" VPOS="3774" WIDTH="90" HEIGHT="49" CONTENT="und" WC="0.98" CC="060"/>
						<SP ID="P3_SP00719" HPOS="1832" VPOS="3823" WIDTH="37"/>
						<String ID="P3_ST00811" HPOS="1869" VPOS="3774" WIDTH="102" HEIGHT="48" CONTENT="dem" WC="1.00" CC="000"/>
						<SP ID="P3_SP00720" HPOS="1971" VPOS="3823" WIDTH="33"/>
						<String ID="P3_ST00812" HPOS="2004" VPOS="3772" WIDTH="141" HEIGHT="51" CONTENT="freien" WC="0.98" CC="709021"/>
						<SP ID="P3_SP00721" HPOS="2145" VPOS="3823" WIDTH="28"/>
						<String ID="P3_ST00813" HPOS="2173" VPOS="3772" WIDTH="198" HEIGHT="51" CONTENT="Himmel" WC="0.99" CC="600520"/>
						<SP ID="P3_SP00722" HPOS="2371" VPOS="3823" WIDTH="26"/>
						<String ID="P3_ST00814" HPOS="2397" VPOS="3772" WIDTH="257" HEIGHT="60" CONTENT="bekomme," WC="0.98" CC="70815740"/>
						<SP ID="P3_SP00723" HPOS="2654" VPOS="3832" WIDTH="33"/>
						<String ID="P3_ST00815" HPOS="2687" VPOS="3774" WIDTH="56" HEIGHT="49" CONTENT="ist" WC="0.99" CC="003"/>
						<SP ID="P3_SP00724" HPOS="2743" VPOS="3832" WIDTH="24"/>
						<String ID="P3_ST00816" HPOS="2767" VPOS="3774" WIDTH="414" HEIGHT="53" CONTENT="unbeschreiblich." WC="1.00" CC="2831006003600042"/>
						<SP ID="P3_SP00725" HPOS="3181" VPOS="3832" WIDTH="33"/>
						<String ID="P3_ST00817" HPOS="3214" VPOS="3777" WIDTH="59" HEIGHT="49" CONTENT="Ge" SUBS_TYPE="HypPart1" SUBS_CONTENT="Geduld," WC="0.97" CC="50"/>
						<HYP HPOS="3273" VPOS="3777" WIDTH="29" CONTENT="-"/>
					</TextLine>
					<TextLine ID="P3_TL00092" HPOS="1741" VPOS="3857" WIDTH="1559" HEIGHT="66">
						<String ID="P3_ST00818" HPOS="1741" VPOS="3857" WIDTH="124" HEIGHT="57" CONTENT="duld," SUBS_TYPE="HypPart2" SUBS_CONTENT="Geduld," WC="0.98" CC="96000"/>
						<SP ID="P3_SP00726" HPOS="1865" VPOS="3914" WIDTH="33"/>
						<String ID="P3_ST00819" HPOS="1898" VPOS="3857" WIDTH="204" HEIGHT="50" CONTENT="Geduld!" WC="0.99" CC="1000700"/>
						<SP ID="P3_SP00727" HPOS="2102" VPOS="3914" WIDTH="44"/>
						<String ID="P3_ST00820" HPOS="2146" VPOS="3859" WIDTH="62" HEIGHT="47" CONTENT="Es" WC="0.81" CC="03"/>
						<SP ID="P3_SP00728" HPOS="2208" VPOS="3914" WIDTH="33"/>
						<String ID="P3_ST00821" HPOS="2241" VPOS="3857" WIDTH="177" HEIGHT="66" CONTENT="haspelt" WC="0.98" CC="7650466"/>
						<SP ID="P3_SP00729" HPOS="2418" VPOS="3923" WIDTH="30"/>
						<String ID="P3_ST00822" HPOS="2448" VPOS="3857" WIDTH="92" HEIGHT="49" CONTENT="sich" WC="0.99" CC="0050"/>
						<SP ID="P3_SP00730" HPOS="2540" VPOS="3923" WIDTH="33"/>
						<String ID="P3_ST00823" HPOS="2573" VPOS="3857" WIDTH="70" HEIGHT="50" CONTENT="ein" WC="0.97" CC="052"/>
						<SP ID="P3_SP00731" HPOS="2643" VPOS="3923" WIDTH="33"/>
						<String ID="P3_ST00824" HPOS="2676" VPOS="3860" WIDTH="100" HEIGHT="63" CONTENT="Tag" WC="0.95" CC="039"/>
						<SP ID="P3_SP00732" HPOS="2776" VPOS="3923" WIDTH="30"/>
						<String ID="P3_ST00825" HPOS="2806" VPOS="3860" WIDTH="115" HEIGHT="49" CONTENT="nach" WC="0.96" CC="8416"/>
						<SP ID="P3_SP00733" HPOS="2921" VPOS="3923" WIDTH="45"/>
						<String ID="P3_ST00826" HPOS="2966" VPOS="3861" WIDTH="103" HEIGHT="48" CONTENT="dem" WC="1.00" CC="010"/>
						<SP ID="P3_SP00734" HPOS="3069" VPOS="3923" WIDTH="36"/>
						<String ID="P3_ST00827" HPOS="3105" VPOS="3861" WIDTH="195" HEIGHT="48" CONTENT="anderen" WC="0.99" CC="1700007"/>
					</TextLine>
					<TextLine ID="P3_TL00093" HPOS="1741" VPOS="3939" WIDTH="1114" HEIGHT="61">
						<String ID="P3_ST00828" HPOS="1741" VPOS="3940" WIDTH="86" HEIGHT="60" CONTENT="ab;" WC="0.94" CC="671"/>
						<SP ID="P3_SP00735" HPOS="1827" VPOS="4000" WIDTH="32"/>
						<String ID="P3_ST00829" HPOS="1859" VPOS="3941" WIDTH="110" HEIGHT="48" CONTENT="zwei" WC="1.00" CC="1000"/>
						<SP ID="P3_SP00736" HPOS="1969" VPOS="4000" WIDTH="33"/>
						<String ID="P3_ST00830" HPOS="2002" VPOS="3941" WIDTH="185" HEIGHT="48" CONTENT="Monate" WC="0.98" CC="038670"/>
						<SP ID="P3_SP00737" HPOS="2187" VPOS="4000" WIDTH="31"/>
						<String ID="P3_ST00831" HPOS="2218" VPOS="3939" WIDTH="98" HEIGHT="49" CONTENT="sind" WC="0.98" CC="0070"/>
						<SP ID="P3_SP00738" HPOS="2316" VPOS="4000" WIDTH="34"/>
						<String ID="P3_ST00832" HPOS="2350" VPOS="3940" WIDTH="140" HEIGHT="49" CONTENT="schon" WC="0.97" CC="70705"/>
						<SP ID="P3_SP00739" HPOS="2490" VPOS="4000" WIDTH="33"/>
						<String ID="P3_ST00833" HPOS="2523" VPOS="3940" WIDTH="57" HEIGHT="49" CONTENT="im" WC="1.00" CC="00"/>
						<SP ID="P3_SP00740" HPOS="2580" VPOS="4000" WIDTH="33"/>
						<String ID="P3_ST00834" HPOS="2613" VPOS="3942" WIDTH="242" HEIGHT="51" CONTENT='Kücken."' WC="0.98" CC="70600637"/>
					</TextLine>
					<TextLine ID="P3_TL00094" HPOS="1868" VPOS="4022" WIDTH="1434" HEIGHT="70">
						<String ID="P3_ST00835" HPOS="1868" VPOS="4025" WIDTH="72" HEIGHT="48" CONTENT="An" WC="0.48" CC="46"/>
						<SP ID="P3_SP00741" HPOS="1940" VPOS="4073" WIDTH="29"/>
						<String ID="P3_ST00836" HPOS="1969" VPOS="4024" WIDTH="124" HEIGHT="48" CONTENT="einer" WC="0.98" CC="00706"/>
						<SP ID="P3_SP00742" HPOS="2093" VPOS="4073" WIDTH="31"/>
						<String ID="P3_ST00837" HPOS="2124" VPOS="4022" WIDTH="191" HEIGHT="66" CONTENT="völligen" WC="0.99" CC="00205907"/>
						<SP ID="P3_SP00743" HPOS="2315" VPOS="4088" WIDTH="16"/>
						<String ID="P3_ST00838" HPOS="2331" VPOS="4024" WIDTH="491" HEIGHT="68" CONTENT="Wiederherstellung" WC="0.99" CC="42007307585703076"/>
						<SP ID="P3_SP00744" HPOS="2822" VPOS="4092" WIDTH="30"/>
						<String ID="P3_ST00839" HPOS="2852" VPOS="4026" WIDTH="146" HEIGHT="50" CONTENT="seiner" WC="0.99" CC="001004"/>
						<SP ID="P3_SP00745" HPOS="2998" VPOS="4092" WIDTH="23"/>
						<String ID="P3_ST00840" HPOS="3021" VPOS="4025" WIDTH="281" HEIGHT="51" CONTENT="Gesundheit" WC="0.99" CC="5026607034"/>
					</TextLine>
					<TextLine ID="P3_TL00095" HPOS="1743" VPOS="4108" WIDTH="1301" HEIGHT="69">
						<String ID="P3_ST00841" HPOS="1743" VPOS="4109" WIDTH="154" HEIGHT="49" CONTENT="schien" WC="0.99" CC="301200"/>
						<SP ID="P3_SP00746" HPOS="1897" VPOS="4158" WIDTH="32"/>
						<String ID="P3_ST00842" HPOS="1929" VPOS="4108" WIDTH="176" HEIGHT="50" CONTENT="Weber" WC="0.99" CC="03610"/>
						<SP ID="P3_SP00747" HPOS="2105" VPOS="4158" WIDTH="26"/>
						<String ID="P3_ST00843" HPOS="2131" VPOS="4125" WIDTH="51" HEIGHT="31" CONTENT="zu" WC="0.49" CC="63"/>
						<SP ID="P3_SP00748" HPOS="2182" VPOS="4158" WIDTH="26"/>
						<String ID="P3_ST00844" HPOS="2208" VPOS="4108" WIDTH="301" HEIGHT="50" CONTENT="verzweifeln." WC="0.99" CC="002700066564"/>
						<SP ID="P3_SP00749" HPOS="2509" VPOS="4158" WIDTH="42"/>
						<String ID="P3_ST00845" HPOS="2551" VPOS="4110" WIDTH="182" HEIGHT="56" CONTENT="„Recht" WC="0.97" CC="663063"/>
						<SP ID="P3_SP00750" HPOS="2733" VPOS="4166" WIDTH="29"/>
						<String ID="P3_ST00846" HPOS="2762" VPOS="4111" WIDTH="282" HEIGHT="66" CONTENT="angenehme" WC="0.99" CC="509043610"/>
						<SP ID="P3_SP00751" HPOS="3044" VPOS="4177" WIDTH="0"/>
					</TextLine>
					<TextLine ID="P3_TL00096" HPOS="1743" VPOS="4189" WIDTH="1563" HEIGHT="71">
						<String ID="P3_ST00847" HPOS="1743" VPOS="4189" WIDTH="483" HEIGHT="53" CONTENT="schaftenschrieb" WC="0.73" CC="705086031250000"/>
						<SP ID="P3_SP00752" HPOS="2226" VPOS="4242" WIDTH="42"/>
						<String ID="P3_ST00848" HPOS="2268" VPOS="4208" WIDTH="63" HEIGHT="42" CONTENT="er," WC="0.98" CC="204"/>
						<SP ID="P3_SP00753" HPOS="2331" VPOS="4250" WIDTH="58"/>
						<String ID="P3_ST00849" HPOS="2389" VPOS="4190" WIDTH="148" HEIGHT="60" CONTENT="„habe" WC="0.97" CC="47460"/>
						<SP ID="P3_SP00754" HPOS="2537" VPOS="4250" WIDTH="40"/>
						<String ID="P3_ST00850" HPOS="2577" VPOS="4191" WIDTH="67" HEIGHT="52" CONTENT="ich" WC="0.98" CC="400"/>
						<SP ID="P3_SP00755" HPOS="2644" VPOS="4250" WIDTH="42"/>
						<String ID="P3_ST00851" HPOS="2686" VPOS="4194" WIDTH="209" HEIGHT="66" CONTENT="gemacht" WC="0.98" CC="0096075"/>
						<SP ID="P3_SP00756" HPOS="2895" VPOS="4260" WIDTH="31"/>
						<String ID="P3_ST00852" HPOS="2926" VPOS="4212" WIDTH="54" HEIGHT="31" CONTENT="an" WC="0.39" CC="65"/>
						<SP ID="P3_SP00757" HPOS="2980" VPOS="4260" WIDTH="33"/>
						<String ID="P3_ST00853" HPOS="3013" VPOS="4193" WIDTH="102" HEIGHT="50" CONTENT="dem" WC="0.97" CC="008"/>
						<SP ID="P3_SP00758" HPOS="3115" VPOS="4260" WIDTH="33"/>
						<String ID="P3_ST00854" HPOS="3148" VPOS="4193" WIDTH="158" HEIGHT="50" CONTENT="Sohne" WC="0.98" CC="00770"/>
					</TextLine>
				</TextBlock>
			</PrintSpace>
		</Page>
	</Layout>
</alto>
