3474 4442
1681 195 99 53 394

120 359 143 51 ganze
296 341 97 68 Tag
427 340 67 51 bis
524 339 103 51 fünf
654 336 96 52 Uhr
781 336 57 52 ist
868 335 144 61 mein;
1044 336 120 54 dann
1196 336 111 70 geht
1333 353 47 34 es
1413 354 56 32 zu
1502 336 181 62 Tische,

119 428 69 49 ins
221 426 200 49 Theater
453 423 112 52 oder
595 423 42 49 in
667 421 314 51 Gesellschaft.
1121 423 197 66 Morgen
1347 421 132 66 fange
1511 420 70 51 ich
1613 439 72 42 an,

119 528 55 32 zu
208 508 217 50 arbeiten.
458 508 155 48 Heute
644 506 221 66 Morgens
895 504 121 52 habe
1048 505 68 51 ich
1150 505 115 50 mich
1299 513 97 42 erst
1426 504 233 66 eingerich-

120 602 82 48 tet,
235 590 265 67 gestriegelt
528 590 92 50 und
653 597 205 60 geputzt.
1004 591 91 49 Das
1129 588 246 52 Alleinsein
1407 589 42 48 in
1477 589 209 67 England

123 678 76 48 hat
228 693 82 48 gar
341 675 148 50 nichts
524 674 322 66 Aengstliches
877 675 70 49 für
979 673 131 51 mich.
1159 674 89 50 Die
1280 690 145 49 ganze
1456 673 233 66 englische

120 759 167 52 Weise
319 758 54 51 ist
407 759 176 50 meiner
612 759 147 51 Natur
791 759 104 50 sehr
927 758 250 58 verwandt,
1210 758 92 49 und
1328 757 117 49 mein
1473 758 215 49 Bisschen

120 843 234 67 Englisch,
385 842 43 50 in
462 842 103 50 dem
597 843 70 49 ich
696 840 231 52 reissende
961 840 305 51 Fortschritte
1295 840 173 58 mache,
1515 840 56 51 ist
1604 840 86 51 mir

123 946 88 32 von
242 927 102 51 dem
377 927 399 67 unglaublichsten

254 1009 221 54 Weber's
507 1009 153 51 Gattin
702 1011 123 47 hatte
871 1008 42 50 in
955 1008 146 51 einem
1143 1007 122 51 ihrer
1307 1008 152 51 Briefe
1500 1009 72 51 die
1603 1011 58 49 Be-

126 1096 205 68 sorgniss
363 1098 254 62 geäussert,
663 1092 101 51 dass
809 1111 53 30 zu
900 1099 352 60 angestrengtes
1284 1091 223 53 Arbeiten
1540 1094 150 50 seiner

128 1177 285 55 Gesundheit
443 1177 194 49 schaden
673 1176 197 50 möchte.
909 1177 66 49 Er
1006 1176 161 50 suchte
1200 1176 62 49 sie
1295 1176 200 50 darüber
1525 1196 53 30 zu
1613 1177 52 51 be-

128 1265 207 64 ruhigen.
406 1262 221 66 „Wegen
659 1261 80 49 der
988 1261 178 51 schrieb
1195 1279 65 39 er,
1303 1262 240 66 „ängstige
1578 1263 113 50 Dich

129 1347 139 51 nicht.
324 1345 76 49 Ich
446 1345 114 48 habe
600 1345 202 48 wirklich
833 1345 100 48 Zeit
979 1345 93 49 und
1105 1343 133 51 Ruhe
1270 1345 119 57 hier;
1435 1346 118 48 denn
1586 1364 103 31 man

129 1431 102 48 ehrt
264 1428 145 50 meine
439 1428 115 50 Zeit.
599 1428 134 50 Auch
763 1428 56 50 ist
851 1428 80 50 der
964 1428 191 50 Oberon
1189 1428 118 50 nicht
1345 1430 349 67 Ostermontag,

131 1513 198 51 sondern
360 1512 144 66 einige
536 1513 99 49 Zeit
667 1516 168 63 später.
987 1512 81 50 Die
1101 1513 147 50 Leute
1280 1512 96 50 sind
1411 1531 52 32 zu
1498 1520 82 58 gut
1611 1513 82 50 mit

128 1597 125 51 ihrer
278 1596 283 67 ängstlichen
592 1596 311 52 Theilnahme.
960 1597 157 51 Wenn
1150 1597 91 49 ich
1272 1615 47 32 es
1352 1597 122 50 nicht
1505 1606 82 57 gut
1618 1599 79 49 auf

129 1682 168 50 Reisen
330 1680 132 58 habe,
493 1699 50 30 so
576 1680 78 49 hat
686 1698 48 31 es
764 1681 220 50 Niemand
1018 1681 42 50 in
1093 1681 80 50 der
1208 1680 129 51 Welt
1369 1689 96 57 gut.
1500 1681 193 51 Keinem

131 1765 182 66 Könige
346 1764 114 49 wird
485 1764 127 49 Alles
637 1781 51 32 so
710 1781 81 32 aus
821 1762 139 50 Liebe
983 1762 467 68 entgegengebracht,
1483 1765 87 48 wie
1594 1765 97 49 mir.

133 1850 106 48 Man
272 1847 224 50 hätschelt
528 1847 113 49 mich
673 1849 81 47 auf
792 1847 83 50 alle
908 1847 101 58 Art,
1049 1865 61 50 ja,
1155 1846 69 51 ich
1269 1847 116 50 kann
1425 1847 85 50 fast
1548 1847 116 53 buch-

136 1931 188 51 stäblich
359 1948 154 49 sagen,
546 1931 101 50 dass
679 1949 102 31 man
816 1931 116 50 mich
965 1933 79 48 auf
1070 1931 88 50 den
1190 1933 197 49 Händen
1420 1936 137 63 trägt.
1619 1933 74 49 Ich

133 2016 169 50 schone
333 2015 114 48 mich
480 2015 119 55 sehr,
631 2015 91 48 und
745 2016 70 47 Du
843 2015 163 50 kannst
1031 2033 112 49 ganz
1169 2015 134 66 ruhig
1335 2015 109 51 sein.
1478 2018 84 48 Mit
1587 2018 81 48 mei-

134 2117 102 33 nem
263 2099 181 49 Husten
479 2098 57 49 ist
561 2115 48 32 es
636 2117 112 47 ganz
774 2099 147 66 eigen.
955 2099 120 49 Acht
1100 2100 125 65 Tage
1257 2117 98 31 war
1385 2117 50 33 er
1467 2100 82 50 fast
1581 2118 114 47 ganz

134 2201 127 48 weg;
293 2183 117 48 dann
443 2183 102 48 kam
566 2181 169 50 wieder
767 2183 68 49 ein
870 2183 273 58 schlimmer,
1177 2183 328 67 krampfhafter
1530 2184 165 60 Anfall,

134 2265 87 51 den
253 2263 49 51 3.
334 2267 141 54 März,
507 2267 83 47 ehe
622 2265 67 50 ich
722 2265 112 50 nach
862 2265 144 50 Calais
1036 2267 128 57 kam;
1196 2265 189 50 seitdem
1417 2267 57 49 ist
1509 2284 49 32 er
1590 2268 81 49 wie-

136 2350 80 50 der
249 2349 101 50 still.
409 2349 76 50 Ich
519 2349 257 51 beobachte
802 2367 163 49 genau,
1002 2350 91 50 und
1126 2350 186 50 niemals
1345 2349 115 51 kann
1493 2350 66 50 ich
1594 2352 103 50 eine

137 2433 253 51 besondere
424 2432 199 50 Ursache
669 2433 269 51 entdecken.
995 2434 79 48 Ich
1117 2451 190 48 versage
1340 2433 82 48 mir
1455 2434 65 50 oft
1556 2435 141 58 Alles,

138 2517 90 49 und
261 2535 49 31 er
343 2517 197 57 kommt;
587 2515 66 50 ich
686 2517 147 49 trinke
875 2518 91 50 und
998 2535 102 31 esse
1131 2517 139 57 Alles,
1314 2517 93 48 und
1441 2535 48 31 er
1523 2519 174 49 kommt

136 2601 136 49 nicht.
307 2602 118 53 Nun,
457 2601 84 48 wie
573 2601 111 49 Gott
715 2601 113 50 will!
956 2602 152 49 Damit
1142 2602 72 48 Du
1247 2601 155 57 siehst,
1435 2603 85 48 wie
1552 2621 114 48 unge-

136 2687 119 47 stört
287 2683 67 50 ich
388 2684 94 50 sein
514 2683 135 57 kann,
693 2683 89 50 will
823 2684 71 50 ich
924 2684 84 50 Dir
1054 2684 121 50 mein
1209 2684 218 59 Quartier
1460 2684 205 51 beschrei-

136 2768 103 50 ben.
293 2768 215 50 Parterre
540 2767 160 49 wohnt
729 2768 169 59 Smart,
941 2768 91 51 und
1065 2768 55 50 da
1153 2768 114 50 wird
1298 2768 117 52 auch
1453 2787 241 49 gegessen.

134 2852 68 50 Im
233 2860 153 40 ersten
419 2851 140 49 Stock
593 2851 56 48 ist
682 2851 79 49 das
795 2851 440 67 Empfangszimmer
1280 2851 90 49 und
1412 2851 58 49 im
1505 2853 190 49 zweiten

137 2936 145 48 meine
326 2935 172 49 Schlaf-
541 2935 90 49 und
667 2933 341 59 Arbeitsstube,
1056 2952 73 32 wo
1159 2935 221 49 Niemand
1426 2935 269 50 hinkommt.

129 3020 278 49 Jedermann
440 3018 112 50 wird
585 3018 230 66 gemeldet
848 3020 89 48 und
971 3018 120 50 ohne
1114 3017 254 51 Umstände
1390 3016 305 70 abgewiesen,

129 3119 135 34 wenn
298 3119 103 31 man
435 3101 105 57 will,
573 3119 94 31 was
696 3102 221 48 Niemand
952 3101 96 51 hier
1078 3101 103 49 übel

254 3187 48 47 In
349 3185 104 49 dem
499 3185 248 67 prachtvoll
791 3185 258 49 decorirten
1093 3185 597 66 Coventgarden-Theater,

129 3288 74 30 wo
237 3267 179 52 Weber
448 3269 125 49 einer
603 3269 301 66 Vorstellung
943 3270 83 49 der
1069 3269 113 49 nach
1213 3270 147 48 einem
1394 3270 176 49 Roman
1604 3288 86 31 von

131 3352 184 50 Walter
345 3352 132 50 Scott
508 3351 313 50 bearbeiteten
854 3352 130 66 Oper
1016 3351 101 51 Rob
1143 3369 80 51 roy
1256 3351 275 57 beiwohnte,
1567 3352 126 51 hatte

132 3453 48 31 er
211 3436 97 50 eine
340 3435 381 66 eigenthümliche
753 3434 401 67 Ueberraschung.
1185 3436 64 48 Er
1281 3435 178 49 schrieb
1493 3436 200 50 darüber

132 3519 143 48 seiner
307 3519 184 49 Galtin:
547 3519 142 56 „Wie
730 3518 69 48 ich
833 3535 52 32 so
917 3537 54 30 an
1006 3519 86 48 den
1126 3518 278 66 Logenrand
1432 3526 135 47 trete,
1614 3537 76 31 um

131 3618 48 33 es
225 3603 105 48 alles
376 3601 252 50 ordentlich
677 3620 53 31 zu
780 3601 284 56 betrachten,
1125 3603 93 47 ruft
1262 3603 80 48 auf
1380 3601 162 50 einmal
1587 3603 101 49 eine

129 3684 220 48 Stimme:
383 3684 193 57 Weber,
611 3684 177 51 Weber
820 3685 56 50 ist
908 3685 81 50 da!
1021 3684 225 66 Obgleich
1279 3684 67 49 ich
1375 3684 114 49 mich
1520 3685 169 50 schnell

128 3766 277 65 zurückzog,
437 3766 137 50 brach
607 3766 114 51 doch
754 3769 69 50 ein
854 3768 178 51 solches
1050 3768 185 57 Jubeln,
1255 3764 309 71 Applaudiren
1597 3768 93 51 und

127 3849 270 52 Vivatrufen
429 3867 95 39 aus,
557 3852 77 48 das
667 3869 81 47 gar
780 3853 97 48 kein
912 3852 130 49 Ende
1074 3852 197 49 nehmen
1300 3850 172 57 wollte,
1503 3868 50 33 so
1586 3852 104 48 dass

124 3935 73 50 ich
231 3934 115 50 mich
382 3933 207 48 mehrere
622 3935 117 47 Male
774 3935 157 66 zeigen
970 3935 92 50 und
1093 3934 412 51 unterschiedliche
1538 3935 119 50 Bück-

124 4018 121 67 linge
278 4017 189 49 machen
503 4024 186 41 musste.
720 4018 104 49 Nun
852 4018 184 51 wollten
1069 4019 62 50 sie
1155 4018 232 51 durchaus
1413 4018 70 49 die
1509 4018 150 49 Ouver-

123 4109 105 41 türe
258 4119 101 31 zum
396 4098 264 51 Freischütz
693 4098 146 51 haben
881 4118 43 32 u.
956 4118 34 32 s.
1021 4119 72 41 w.,
1139 4102 93 49 und
1272 4100 237 68 jedesmal,
1554 4117 135 33 wenn

123 4184 70 50 ich
227 4186 114 48 mich
377 4183 140 51 sehen
550 4183 118 57 liess,
702 4180 136 53 brach
871 4182 81 51 der
981 4184 158 49 Sturm
1171 4184 81 50 los.
1285 4184 116 50 Zum
1432 4183 145 51 Glück
1610 4182 51 51 be-

1784 354 121 51 gann
1938 337 70 51 die
2039 337 267 53 Ouvertüre
2339 337 81 54 der
2452 339 131 68 Oper
2612 337 106 51 Rob
2749 354 97 53 roy,
2878 340 90 50 und
3000 356 48 35 es
3082 341 125 50 ward
3240 345 113 48 nach

1785 421 92 51 und
1912 423 113 49 nach
2060 421 170 51 wieder
2269 424 150 67 ruhig.
2479 425 132 48 Kann
2657 442 104 30 man
2808 424 129 49 mehr
2984 424 370 61 Enthusiasmus,

1785 508 132 49 mehr
1948 505 141 52 Liebe
2116 506 245 68 verlangen
2394 509 92 51 und
2522 508 187 50 hoffen?
2738 508 76 49 Ich
2837 527 124 33 muss
2983 510 239 66 gestehen,
3251 511 105 50 dass

1785 608 49 33 es
1862 590 115 51 mich
2013 590 200 50 wirklich
2249 590 269 52 überrascht
2552 593 91 49 und
2676 591 212 68 ergriffen
2923 594 92 57 hat,
3059 593 186 51 obwohl
3288 595 67 51 ich

1787 692 94 33 was
1912 675 224 68 gewohnt
2169 674 71 51 bin
2273 675 93 50 und
2400 684 213 59 ertragen

1914 758 144 51 Unter
2102 758 87 49 den
2224 760 209 65 Sängern
2478 762 182 47 rühmte
2692 758 183 54 Weber
2917 759 41 51 in
3003 760 172 51 diesem
3208 763 148 49 Briefe

1785 843 110 49 Miss
1926 844 146 48 Paton
2108 843 90 48 und
2231 843 85 49 Mr.
2343 843 211 48 Braham.
2586 844 203 57 Erstere,
2822 843 165 51 meinte
3020 863 63 38 er,
3116 845 155 51 werde
3298 847 59 51 im

1787 927 193 51 Oberon
2013 927 70 49 die
2114 927 135 49 Rezia
2283 925 275 51 vortrefflich
2592 928 171 65 singen.
2808 929 92 57 „Es
2931 929 95 50 sind
3059 929 109 51 aber
3199 948 158 33 ausser

1785 1011 197 50 Braham
2028 1011 117 50 noch
2192 1011 170 49 andere
2406 1011 107 48 sehr
2573 1021 110 56 gute
2733 1012 273 51 Tenoristen
3050 1016 71 58 da,
3166 1016 89 49 und
3290 1016 66 50 ich

1787 1094 203 68 begreife
2034 1094 139 58 nicht,
2220 1112 92 33 was
2358 1094 70 49 die
2470 1094 145 50 Leute
2674 1096 103 49 dem
2840 1096 260 66 englischen
3144 1099 213 68 Gesänge

1788 1178 168 51 Uebles
1997 1178 275 65 nachsagen.
2333 1178 86 48 Die
2466 1178 179 66 Sänger
2690 1178 151 51 haben
2897 1181 306 52 vollkommen
3246 1192 111 59 gute

1790 1262 276 50 italiänische
2098 1262 185 56 Schule,
2330 1261 172 49 schöne
2536 1263 225 47 Stimmen
2804 1262 91 50 und
2941 1266 263 51 Ausdruck.
3266 1270 90 48 Das

1790 1347 257 50 Orchester
2090 1346 55 49 ist
2188 1346 122 49 nicht
2352 1345 367 66 ausgezeichnet,
2770 1345 110 49 aber
2912 1347 114 50 doch
3062 1352 127 48 recht
3222 1351 105 51 brav
3345 1372 12 37 ;

1790 1430 70 49 die
1881 1430 152 49 Chöre
2052 1430 98 49 sind
2177 1428 124 50 recht
2328 1437 97 57 gut.
2457 1428 144 59 Kurz,
2635 1428 66 50 ich
2735 1428 164 65 glaube
2926 1430 114 66 jetzt
3072 1433 140 51 schon
3246 1435 111 49 über

1790 1513 89 51 den
1921 1513 159 66 Erfolg
2123 1512 80 50 des
2235 1512 192 50 Oberon
2475 1512 147 50 sicher
2668 1512 91 48 sein
2804 1531 53 29 zu
2900 1513 196 51 können.
3157 1519 199 50 Gestern

1790 1597 106 68 (den
1924 1597 49 51 8.
1994 1596 144 67 März)
2170 1597 221 49 arbeitete
2424 1596 68 50 ich
2525 1614 71 32 am
2626 1596 167 51 Finale.
2824 1597 103 50 Nun
2955 1599 99 49 kam
3078 1600 79 49 der
3179 1602 146 50 Schau-

1792 1682 162 68 spieler
1985 1680 212 58 Kemble,
2249 1680 114 49 mich
2396 1680 45 49 in
2476 1680 68 48 die
2577 1680 149 49 Probe
2759 1680 78 48 des
2871 1681 292 52 Oratoriums
3200 1685 126 49 einzu-

1790 1766 174 50 führen.
1997 1766 64 48 Es
2081 1783 94 31 war
2196 1783 76 30 um
2297 1764 79 49 eilf
2396 1764 108 49 Uhr.
2537 1764 256 49 Orchester
2826 1764 90 49 und
2950 1766 179 66 Sänger
3162 1769 165 67 empfin-

1793 1867 88 49 gen
1914 1849 114 49 mich
2062 1849 76 49 mit
2182 1847 308 68 dreimaligem
2523 1865 210 49 grossem
2767 1847 206 68 Applaus
3013 1850 91 50 und
3134 1853 219 50 Zurufen.

1790 1934 77 48 Ich
1905 1941 129 59 sagte
2065 1933 67 49 ein
2168 1949 106 51 paar
2305 1933 185 53 Worte,
2522 1933 90 48 und
2646 1931 79 50 das
2759 1931 263 52 Vivatrufen
3055 1934 178 66 begann
3267 1954 87 34 von

1790 2018 191 48 Neuem.
2042 2018 133 48 Dann
2207 2015 107 66 ging
2347 2015 68 48 die
2450 2015 151 50 Probe
2641 2033 72 39 an,
2756 2015 68 48 die
2869 2014 64 52 bis
2975 2019 115 48 nach
3133 2019 95 49 drei
3261 2019 95 51 Uhr

1793 2101 203 50 dauerte.
2060 2101 92 49 Der
2185 2107 110 59 gute
2328 2099 144 51 Wille
2507 2099 91 51 und
2632 2099 121 49 Eifer
2796 2117 94 31 war
2923 2103 432 53 ausserordentlich.

1792 2185 123 49 Nach
1947 2185 161 50 Hause
2140 2183 232 67 gefahren,
2418 2199 303 51 umgezogen,
2770 2201 73 30 um
2886 2183 105 51 halb
3024 2185 99 51 fünf
3146 2185 97 52 Uhr
3275 2206 53 49 ge-

1793 2286 163 49 gessen
1987 2268 71 49 bei
2090 2267 281 57 Robertson,
2417 2269 92 48 und
2552 2286 75 31 um
2677 2265 155 51 sieben
2866 2267 94 49 Uhr
3000 2269 176 51 endlich
3209 2272 147 50 meine

1792 2359 123 42 erste
1947 2352 263 49 öffentliche
2241 2350 317 68 Erscheinung
2602 2368 80 32 vor
2728 2350 103 50 dem
2876 2352 272 50 überfüllten
3181 2355 172 50 Hause.

1793 2437 154 48 Smart
1978 2435 150 49 führte
2161 2433 115 49 mich
2309 2451 54 31 an
2398 2434 175 50 meinen
2606 2433 143 58 Platz,
2798 2433 90 49 und
2931 2453 93 32 nun
3168 2437 77 49 hat
3271 2439 84 49 alle

1790 2518 346 69 Beschreibung
2183 2518 70 51 ein
2296 2518 145 51 Ende.
2500 2518 121 51 Was
2663 2517 98 49 sind
2795 2518 189 50 Donner
3012 2538 87 32 von
3134 2522 223 67 Applaus,

1792 2603 157 50 Sturm
1991 2602 94 49 und
2132 2601 84 50 alle
2248 2601 291 57 Ausdrücke,
2583 2601 70 49 die
2696 2617 103 33 man
2840 2601 293 66 gebrauchen
3167 2604 186 58 könnte,

1792 2703 147 50 gegen
1972 2686 70 49 die
2079 2684 358 52 Wirklichkeit?
2495 2686 96 49 Das
2632 2683 166 59 Rufen,
2842 2684 183 60 Jubeln,
3073 2688 80 50 mit
3200 2689 155 50 Hüten

1792 2769 92 50 und
1915 2768 213 50 Tüchern
2161 2768 277 66 Schwingen
2471 2767 94 51 und
2597 2768 203 66 Flaggen
2843 2768 79 51 des
2967 2789 173 47 ganzen
3176 2773 179 50 Hauses

1793 2853 133 49 nahm
1963 2852 99 50 kein
2095 2852 145 57 Ende,
2287 2852 93 48 und
2424 2870 102 32 man
2570 2852 202 48 erinnert
2804 2851 91 51 sich
2930 2853 152 51 keines
3115 2856 236 49 ähnlichen

1796 2937 363 48 Enthusiasmus.
2218 2936 192 49 Endlich
2455 2936 177 66 begann
2676 2936 70 48 die
2779 2937 280 51 Ouvertüre.
3120 2941 75 48 Sie
3229 2941 124 48 ward

1790 3020 285 56 wiederholt,
2109 3020 90 49 und
2234 3037 49 32 so
2316 3021 116 48 noch
2467 3018 91 50 drei
2591 3018 66 50 bis
2690 3020 90 48 vier
2809 3020 269 52 Nummern.
3110 3023 89 49 Am
3227 3025 128 48 Ende

1790 3102 210 50 derselbe
2029 3102 154 59 Jubel,
2216 3102 65 50 bis
2315 3103 67 49 ich
2422 3102 315 50 verschwand.
2799 3103 93 50 Das
2921 3106 153 48 Ganze
3109 3107 109 65 ging
3250 3109 106 48 sehr

1789 3195 98 56 gut,
1919 3186 217 50 Manches
2168 3186 208 50 trefllich.
2436 3187 144 56 Kurz,
2622 3203 49 31 es
2714 3203 94 30 war
2851 3187 71 50 ein
2955 3187 401 54 herzerhebender

1790 3270 89 49 und
1919 3270 225 48 wahrhaft
2174 3270 376 49 erschütternder
2583 3270 237 66 Empfang.
2856 3272 192 50 Männer
3071 3291 100 32 vom
3200 3283 153 40 ersten

1787 3354 161 64 Range
1981 3361 277 42 erwarteten
2293 3352 117 50 mich
2445 3352 80 49 auf
2552 3352 80 49 der
2664 3354 196 66 Treppe.
2923 3356 74 48 Ich
3033 3365 174 39 musste
3240 3356 114 50 noch

1788 3436 41 50 in
1853 3436 209 50 mehrere
2083 3438 158 64 Logen
2274 3436 92 48 und
2401 3435 160 51 wurde
2593 3436 286 66 gehätschelt
2911 3439 90 49 und
3034 3449 212 57 versorgt
3279 3440 77 48 mit

1787 3520 124 50 einer
1943 3520 325 56 Herzlichkeit,
2301 3521 84 47 wie
2425 3521 115 49 noch

1914 3603 111 48 Eine
2064 3603 133 49 trübe
2230 3603 277 66 Stimmung,
2554 3603 142 49 durch
2743 3604 124 48 seine
2914 3604 84 48 fast
3045 3604 281 49 ununterbro-

1785 3685 144 50 chene
1976 3685 342 50 Kränklichkeit
2365 3695 203 56 erzeugt,
2631 3685 210 50 herrscht
2913 3688 41 48 in
3016 3688 145 49 einem
3208 3688 147 48 Briefe

1788 3768 220 52 Weber's
2039 3787 102 32 vom
2182 3768 232 51 17.März
2452 3768 172 51 1826.
2667 3769 106 56 „Ich
2809 3787 131 49 passe
2973 3788 81 47 gar
3082 3770 119 50 nicht
3227 3770 128 49 mehr

1785 3852 44 49 in
1862 3852 69 48 die
2211 3853 178 49 schrieb
2422 3871 50 31 er
2505 3852 150 49 seiner
2688 3853 169 48 Gattin.
2928 3854 192 55 „Wenn
3165 3853 67 48 ich
3275 3852 53 49 be-

1787 3934 162 57 denke,
1973 3935 84 49 wie
2078 3935 425 68 überschwänglich
2523 3935 223 65 glücklich
2766 3935 91 50 und
2878 3935 42 50 in
2937 3937 190 48 Wonne
3143 3935 180 50 schwim-

1785 4017 136 50 mend
1942 4019 241 50 Tausende
2213 4037 56 32 an
2305 4019 174 48 meiner
2505 4017 140 49 Stelle
2678 4022 172 52 wären,
2880 4034 51 32 so
2960 4017 75 49 bin
3064 4017 69 49 ich
3168 4018 186 68 doppelt

1787 4099 202 60 betrübt,
2022 4102 102 49 dass
2156 4119 49 32 es
2238 4100 86 51 mir
2356 4108 185 58 versagt
2573 4102 68 56 ist,
2683 4100 55 50 all
2772 4100 80 49 das
2879 4100 241 50 Herrliche
3151 4102 115 49 auch
3298 4121 56 30 zu

1787 4184 251 66 geniessen.
2074 4186 96 50 Wo
2201 4184 57 50 ist
2290 4184 81 50 der
2403 4184 143 57 frohe,
2578 4182 192 67 kräftige
2803 4182 312 52 Lebensmuth
3147 4184 90 60 hin,
3264 4186 87 50 den
