<?xml version="1.0" encoding="UTF-8"?>
<alto xmlns:xsi="http://www.w3.org/2001/XMLSchema-instance" xmlns="http://www.loc.gov/standards/alto/ns-v2#" xsi:schemaLocation="http://www.loc.gov/standards/alto/ns-v2# http://www.loc.gov/standards/alto/v2/alto-2-0.xsd" xmlns:xlink="http://www.w3.org/1999/xlink">
	<Description>
		<MeasurementUnit>mm10</MeasurementUnit>
		<sourceImageInformation>
			<fileName>./bmtnabr_1915-03_01_0085.jp2</fileName>
		</sourceImageInformation>
		<OCRProcessing ID="OCRPROCESSING_1">
			<preProcessingStep>
				<processingSoftware>
					<softwareCreator>CCS Content Conversion Specialists GmbH, Germany</softwareCreator>
					<softwareName>CCS docWorks</softwareName>
					<softwareVersion>6.8-1.27</softwareVersion>
				</processingSoftware>
			</preProcessingStep>
			<ocrProcessingStep>
				<processingSoftware>
					<softwareCreator>ABBYY (BIT Software), Russia</softwareCreator>
					<softwareName>FineReader</softwareName>
					<softwareVersion>11.0</softwareVersion>
				</processingSoftware>
			</ocrProcessingStep>
			<postProcessingStep>
				<processingSoftware>
					<softwareCreator>CCS Content Conversion Specialists GmbH, Germany</softwareCreator>
					<softwareName>CCS docWorks</softwareName>
					<softwareVersion>6.8-1.27</softwareVersion>
					<applicationDescription>docWorks: Text modified manually, or automatically replaced</applicationDescription>
				</processingSoftware>
			</postProcessingStep>
		</OCRProcessing>
	</Description>
	<Styles>
		<TextStyle ID="TXT_0" FONTSIZE="20" FONTFAMILY="Times New Roman" FONTSTYLE="bold italics"/>
		<TextStyle ID="TXT_1" FONTSIZE="20" FONTFAMILY="Times New Roman" FONTSTYLE="bold"/>
		<TextStyle ID="TXT_2" FONTSIZE="12" FONTFAMILY="Arial"/>
		<TextStyle ID="TXT_3" FONTSIZE="33" FONTFAMILY="Times New Roman" FONTSTYLE="bold"/>
		<TextStyle ID="TXT_4" FONTSIZE="34" FONTFAMILY="Times New Roman"/>
		<TextStyle ID="TXT_5" FONTSIZE="26" FONTFAMILY="Times New Roman" FONTSTYLE="italics"/>
		<TextStyle ID="TXT_6" FONTSIZE="14" FONTFAMILY="Times New Roman" FONTSTYLE="bold"/>
		<TextStyle ID="TXT_7" FONTSIZE="21" FONTFAMILY="Times New Roman"/>
		<ParagraphStyle ID="PAR_CENTER" ALIGN="Center"/>
		<ParagraphStyle ID="PAR_RIGHT" ALIGN="Right"/>
		<ParagraphStyle ID="PAR_LEFT" ALIGN="Left"/>
	</Styles>
	<Layout>
		<Page ID="P85" PHYSICAL_IMG_NR="85" HEIGHT="4572" WIDTH="3246" PRINTED_IMG_NR="349" PC="0.934">
			<TopMargin ID="P85_TM00001" HPOS="0" VPOS="0" WIDTH="3246" HEIGHT="521">
				<TextBlock ID="P85_TB00001" HPOS="1044" VPOS="449" WIDTH="1161" HEIGHT="70" STYLEREFS="TXT_0 PAR_CENTER">
					<TextLine ID="P85_TL00001" HPOS="1044" VPOS="449" WIDTH="1161" HEIGHT="70">
						<String ID="P85_ST00001" HPOS="1044" VPOS="449" WIDTH="138" HEIGHT="52" CONTENT="Max" WC="0.96" CC="460"/>
						<SP ID="P85_SP00001" HPOS="1182" VPOS="501" WIDTH="26"/>
						<String ID="P85_ST00002" HPOS="1208" VPOS="451" WIDTH="155" HEIGHT="51" CONTENT="Brocf" WC="0.57" CC="40375"/>
						<SP ID="P85_SP00002" HPOS="1363" VPOS="502" WIDTH="8"/>
						<String ID="P85_ST00003" HPOS="1371" VPOS="475" WIDTH="11" HEIGHT="12" CONTENT="•" WC="0.58" CC="4" STYLEREFS="TXT_1"/>
						<SP ID="P85_SP00003" HPOS="1382" VPOS="502" WIDTH="25"/>
						<String ID="P85_ST00004" HPOS="1407" VPOS="453" WIDTH="37" HEIGHT="49" CONTENT="Z" WC="0.24" CC="7" STYLEREFS="TXT_1"/>
						<String ID="P85_ST00005" HPOS="1445" VPOS="451" WIDTH="121" HEIGHT="64" CONTENT="ycßo" WC="0.33" CC="4694"/>
						<SP ID="P85_SP00004" HPOS="1566" VPOS="515" WIDTH="30"/>
						<String ID="P85_ST00006" HPOS="1596" VPOS="454" WIDTH="195" HEIGHT="51" CONTENT="Braßes" WC="0.56" CC="024990"/>
						<SP ID="P85_SP00005" HPOS="1791" VPOS="515" WIDTH="33"/>
						<String ID="P85_ST00007" HPOS="1824" VPOS="454" WIDTH="118" HEIGHT="65" CONTENT="Weg" WC="0.94" CC="850"/>
						<SP ID="P85_SP00006" HPOS="1942" VPOS="519" WIDTH="30"/>
						<String ID="P85_ST00008" HPOS="1972" VPOS="474" WIDTH="70" HEIGHT="32" CONTENT="zu" WC="0.86" CC="20"/>
						<SP ID="P85_SP00007" HPOS="2042" VPOS="519" WIDTH="36"/>
						<String ID="P85_ST00009" HPOS="2078" VPOS="456" WIDTH="127" HEIGHT="52" CONTENT="Gott" WC="0.99" CC="0400"/>
						<SP ID="P85_SP00008" HPOS="2205" VPOS="519" WIDTH="0"/>
					</TextLine>
				</TextBlock>
				<TextBlock ID="P85_TB00002" HPOS="2628" VPOS="458" WIDTH="99" HEIGHT="54" STYLEREFS="TXT_2 PAR_RIGHT">
					<TextLine ID="P85_TL00002" HPOS="2628" VPOS="458" WIDTH="99" HEIGHT="54">
						<String ID="P85_ST00010" HPOS="2628" VPOS="458" WIDTH="99" HEIGHT="54" CONTENT="349" WC="1.00" CC="000"/>
					</TextLine>
				</TextBlock>
			</TopMargin>
			<LeftMargin ID="P85_LM00001" HPOS="0" VPOS="521" WIDTH="410" HEIGHT="3521"/>
			<RightMargin ID="P85_RM00001" HPOS="2727" VPOS="521" WIDTH="519" HEIGHT="3521"/>
			<BottomMargin ID="P85_BM00001" HPOS="0" VPOS="4042" WIDTH="3246" HEIGHT="530"/>
			<PrintSpace ID="P85_PS00001" HPOS="410" VPOS="521" WIDTH="2317" HEIGHT="3521">
				<TextBlock ID="P85_TB00003" HPOS="669" VPOS="1168" WIDTH="1830" HEIGHT="99" STYLEREFS="TXT_3 PAR_CENTER">
					<TextLine ID="P85_TL00003" HPOS="669" VPOS="1169" WIDTH="1830" HEIGHT="98">
						<String ID="P85_ST00011" HPOS="669" VPOS="1169" WIDTH="418" HEIGHT="98" CONTENT="TYCHO" WC="0.96" CC="50160"/>
						<SP ID="P85_SP00009" HPOS="1087" VPOS="1267" WIDTH="49"/>
						<String ID="P85_ST00012" HPOS="1136" VPOS="1177" WIDTH="456" HEIGHT="74" CONTENT="BRAHES" WC="0.50" CC="244656" STYLEREFS="TXT_4"/>
						<SP ID="P85_SP00010" HPOS="1592" VPOS="1267" WIDTH="44"/>
						<String ID="P85_ST00013" HPOS="1636" VPOS="1177" WIDTH="280" HEIGHT="76" CONTENT="WEG" WC="0.95" CC="740"/>
						<SP ID="P85_SP00011" HPOS="1916" VPOS="1267" WIDTH="52"/>
						<String ID="P85_ST00014" HPOS="1968" VPOS="1178" WIDTH="151" HEIGHT="73" CONTENT="ZU" WC="0.44" CC="55" STYLEREFS="TXT_4"/>
						<SP ID="P85_SP00012" HPOS="2119" VPOS="1267" WIDTH="54"/>
						<String ID="P85_ST00015" HPOS="2173" VPOS="1177" WIDTH="326" HEIGHT="78" CONTENT="GOTT" WC="0.97" CC="0055"/>
					</TextLine>
				</TextBlock>
				<TextBlock ID="P85_TB00004" HPOS="1358" VPOS="1035" WIDTH="449" HEIGHT="74" STYLEREFS="TXT_5 PAR_CENTER">
					<TextLine ID="P85_TL00004" HPOS="1359" VPOS="1035" WIDTH="448" HEIGHT="74">
						<String ID="P85_ST00016" HPOS="1359" VPOS="1035" WIDTH="193" HEIGHT="74" CONTENT="Max" WC="0.95" CC="770"/>
						<SP ID="P85_SP00013" HPOS="1552" VPOS="1109" WIDTH="254"/>
						<String ID="P85_ST00017" HPOS="1806" VPOS="1035" WIDTH="1" HEIGHT="74" CONTENT="Brod" WC="0.96" CC="5000"/>
					</TextLine>
				</TextBlock>
				<TextBlock ID="P85_TB00005" HPOS="1403" VPOS="1317" WIDTH="371" HEIGHT="177" STYLEREFS="TXT_6 PAR_LEFT">
					<TextLine ID="P85_TL00005" HPOS="1405" VPOS="1317" WIDTH="369" HEIGHT="66">
						<String ID="P85_ST00018" HPOS="1405" VPOS="1317" WIDTH="369" HEIGHT="66" CONTENT="ROMAN" WC="0.98" CC="50052" STYLEREFS="TXT_7"/>
					</TextLine>
					<TextLine ID="P85_TL00006" HPOS="1438" VPOS="1444" WIDTH="292" HEIGHT="49">
						<String ID="P85_ST00019" HPOS="1438" VPOS="1444" WIDTH="292" HEIGHT="49" CONTENT="&lt;Fortsetzimg&gt;" WC="0.57" CC="0567006550576"/>
					</TextLine>
				</TextBlock>
				<TextBlock ID="P85_TB00006" HPOS="1518" VPOS="1571" WIDTH="131" HEIGHT="63" STYLEREFS="TXT_7 PAR_CENTER">
					<TextLine ID="P85_TL00007" HPOS="1518" VPOS="1572" WIDTH="131" HEIGHT="62">
						<String ID="P85_ST00020" HPOS="1518" VPOS="1572" WIDTH="131" HEIGHT="62" CONTENT="VII." WC="0.75" CC="0224"/>
					</TextLine>
				</TextBlock>
				<TextBlock ID="P85_TB00007" HPOS="410" VPOS="1671" WIDTH="2306" HEIGHT="2371" STYLEREFS="TXT_7 PAR_RIGHT">
					<TextLine ID="P85_TL00008" HPOS="441" VPOS="1672" WIDTH="2275" HEIGHT="175">
						<String ID="P85_ST00021" HPOS="441" VPOS="1672" WIDTH="257" HEIGHT="175" CONTENT="FÜR" WC="0.96" CC="622"/>
						<SP ID="P85_SP00014" HPOS="698" VPOS="1847" WIDTH="47"/>
						<String ID="P85_ST00022" HPOS="745" VPOS="1687" WIDTH="226" HEIGHT="80" CONTENT="längere" WC="0.98" CC="7047276"/>
						<SP ID="P85_SP00015" HPOS="971" VPOS="1847" WIDTH="42"/>
						<String ID="P85_ST00023" HPOS="1013" VPOS="1690" WIDTH="137" HEIGHT="61" CONTENT="Zeit" WC="0.97" CC="7005"/>
						<SP ID="P85_SP00016" HPOS="1150" VPOS="1847" WIDTH="40"/>
						<String ID="P85_ST00024" HPOS="1190" VPOS="1690" WIDTH="146" HEIGHT="62" CONTENT="blieb" WC="0.97" CC="77207"/>
						<SP ID="P85_SP00017" HPOS="1336" VPOS="1847" WIDTH="45"/>
						<String ID="P85_ST00025" HPOS="1381" VPOS="1691" WIDTH="118" HEIGHT="62" CONTENT="dies" WC="0.98" CC="6400"/>
						<SP ID="P85_SP00018" HPOS="1499" VPOS="1847" WIDTH="42"/>
						<String ID="P85_ST00026" HPOS="1541" VPOS="1687" WIDTH="221" HEIGHT="84" CONTENT="Tychos" WC="0.95" CC="000030"/>
						<SP ID="P85_SP00019" HPOS="1762" VPOS="1847" WIDTH="51"/>
						<String ID="P85_ST00027" HPOS="1813" VPOS="1692" WIDTH="193" HEIGHT="63" CONTENT="letzter" WC="0.98" CC="7556307"/>
						<SP ID="P85_SP00020" HPOS="2006" VPOS="1847" WIDTH="40"/>
						<String ID="P85_ST00028" HPOS="2046" VPOS="1692" WIDTH="642" HEIGHT="65" CONTENT="Schmerzensausbruch" WC="0.99" CC="566064562207006600"/>
						<SP ID="P85_SP00021" HPOS="2688" VPOS="1847" WIDTH="12"/>
						<String ID="P85_ST00029" HPOS="2700" VPOS="1733" WIDTH="16" HEIGHT="36" CONTENT=",•" WC="0.67" CC="42"/>
					</TextLine>
					<TextLine ID="P85_TL00009" HPOS="581" VPOS="1780" WIDTH="2133" HEIGHT="88">
						<String ID="P85_ST00030" HPOS="581" VPOS="1780" WIDTH="147" HEIGHT="62" CONTENT="denn" WC="0.95" CC="9066"/>
						<SP ID="P85_SP00022" HPOS="728" VPOS="1842" WIDTH="42"/>
						<String ID="P85_ST00031" HPOS="770" VPOS="1807" WIDTH="118" HEIGHT="38" CONTENT="nun" WC="0.93" CC="666"/>
						<SP ID="P85_SP00023" HPOS="888" VPOS="1845" WIDTH="42"/>
						<String ID="P85_ST00032" HPOS="930" VPOS="1783" WIDTH="204" HEIGHT="63" CONTENT="kamen" WC="0.97" CC="50506"/>
						<SP ID="P85_SP00024" HPOS="1134" VPOS="1846" WIDTH="35"/>
						<String ID="P85_ST00033" HPOS="1169" VPOS="1784" WIDTH="91" HEIGHT="62" CONTENT="für" WC="0.95" CC="606"/>
						<SP ID="P85_SP00025" HPOS="1260" VPOS="1846" WIDTH="41"/>
						<String ID="P85_ST00034" HPOS="1301" VPOS="1785" WIDTH="94" HEIGHT="61" CONTENT="ihn" WC="0.96" CC="470"/>
						<SP ID="P85_SP00026" HPOS="1395" VPOS="1846" WIDTH="35"/>
						<String ID="P85_ST00035" HPOS="1430" VPOS="1794" WIDTH="179" HEIGHT="71" CONTENT="einige" WC="0.98" CC="052470"/>
						<SP ID="P85_SP00027" HPOS="1609" VPOS="1865" WIDTH="44"/>
						<String ID="P85_ST00036" HPOS="1653" VPOS="1786" WIDTH="266" HEIGHT="63" CONTENT="heilsame" WC="0.99" CC="60060060"/>
						<SP ID="P85_SP00028" HPOS="1919" VPOS="1865" WIDTH="33"/>
						<String ID="P85_ST00037" HPOS="1952" VPOS="1786" WIDTH="264" HEIGHT="65" CONTENT="Wochen" WC="0.97" CC="734706"/>
						<SP ID="P85_SP00029" HPOS="2216" VPOS="1865" WIDTH="39"/>
						<String ID="P85_ST00038" HPOS="2255" VPOS="1788" WIDTH="101" HEIGHT="62" CONTENT="der" WC="0.97" CC="016"/>
						<SP ID="P85_SP00030" HPOS="2356" VPOS="1865" WIDTH="31"/>
						<String ID="P85_ST00039" HPOS="2387" VPOS="1788" WIDTH="327" HEIGHT="80" CONTENT="Besinnung" WC="0.99" CC="400650550"/>
					</TextLine>
					<TextLine ID="P85_TL00010" HPOS="438" VPOS="1873" WIDTH="2271" HEIGHT="87">
						<String ID="P85_ST00040" HPOS="438" VPOS="1873" WIDTH="120" HEIGHT="62" CONTENT="und" WC="0.97" CC="700"/>
						<SP ID="P85_SP00031" HPOS="558" VPOS="1935" WIDTH="40"/>
						<String ID="P85_ST00041" HPOS="598" VPOS="1875" WIDTH="232" HEIGHT="79" CONTENT="ruhigen" WC="0.99" CC="6004050"/>
						<SP ID="P85_SP00032" HPOS="830" VPOS="1954" WIDTH="35"/>
						<String ID="P85_ST00042" HPOS="865" VPOS="1878" WIDTH="228" HEIGHT="71" CONTENT="Arbeit," WC="0.98" CC="5670404"/>
						<SP ID="P85_SP00033" HPOS="1093" VPOS="1954" WIDTH="40"/>
						<String ID="P85_ST00043" HPOS="1133" VPOS="1888" WIDTH="349" HEIGHT="69" CONTENT="gemeinsam" WC="1.00" CC="000000000"/>
						<SP ID="P85_SP00034" HPOS="1482" VPOS="1957" WIDTH="42"/>
						<String ID="P85_ST00044" HPOS="1524" VPOS="1891" WIDTH="99" HEIGHT="52" CONTENT="mit" WC="0.98" CC="014"/>
						<SP ID="P85_SP00035" HPOS="1623" VPOS="1957" WIDTH="33"/>
						<String ID="P85_ST00045" HPOS="1656" VPOS="1880" WIDTH="232" HEIGHT="79" CONTENT="Kepler," WC="0.98" CC="0055054"/>
						<SP ID="P85_SP00036" HPOS="1888" VPOS="1959" WIDTH="43"/>
						<String ID="P85_ST00046" HPOS="1931" VPOS="1906" WIDTH="148" HEIGHT="54" CONTENT="ganz" WC="0.97" CC="0066"/>
						<SP ID="P85_SP00037" HPOS="2079" VPOS="1960" WIDTH="41"/>
						<String ID="P85_ST00047" HPOS="2120" VPOS="1906" WIDTH="69" HEIGHT="39" CONTENT="so" WC="0.73" CC="05"/>
						<SP ID="P85_SP00038" HPOS="2189" VPOS="1960" WIDTH="41"/>
						<String ID="P85_ST00048" HPOS="2230" VPOS="1891" WIDTH="111" HEIGHT="53" CONTENT="wie" WC="0.95" CC="740"/>
						<SP ID="P85_SP00039" HPOS="2341" VPOS="1960" WIDTH="42"/>
						<String ID="P85_ST00049" HPOS="2383" VPOS="1906" WIDTH="60" HEIGHT="39" CONTENT="er" WC="0.66" CC="06"/>
						<SP ID="P85_SP00040" HPOS="2443" VPOS="1960" WIDTH="38"/>
						<String ID="P85_ST00050" HPOS="2481" VPOS="1883" WIDTH="106" HEIGHT="62" CONTENT="sich" WC="0.98" CC="0307"/>
						<SP ID="P85_SP00041" HPOS="2587" VPOS="1960" WIDTH="41"/>
						<String ID="P85_ST00051" HPOS="2628" VPOS="1892" WIDTH="81" HEIGHT="54" CONTENT="sie" WC="0.98" CC="006"/>
					</TextLine>
					<TextLine ID="P85_TL00011" HPOS="440" VPOS="1971" WIDTH="536" HEIGHT="76">
						<String ID="P85_ST00052" HPOS="440" VPOS="1971" WIDTH="321" HEIGHT="76" CONTENT="vorgestellt" WC="0.99" CC="05000040775"/>
						<SP ID="P85_SP00042" HPOS="761" VPOS="2047" WIDTH="42"/>
						<String ID="P85_ST00053" HPOS="803" VPOS="1972" WIDTH="173" HEIGHT="62" CONTENT="hatte." WC="0.98" CC="622504"/>
					</TextLine>
					<TextLine ID="P85_TL00012" HPOS="516" VPOS="2062" WIDTH="2196" HEIGHT="88">
						<String ID="P85_ST00054" HPOS="516" VPOS="2063" WIDTH="62" HEIGHT="63" CONTENT="In" WC="0.63" CC="07"/>
						<SP ID="P85_SP00043" HPOS="578" VPOS="2126" WIDTH="42"/>
						<String ID="P85_ST00055" HPOS="620" VPOS="2066" WIDTH="100" HEIGHT="62" CONTENT="der" WC="0.96" CC="065"/>
						<SP ID="P85_SP00044" HPOS="720" VPOS="2128" WIDTH="31"/>
						<String ID="P85_ST00056" HPOS="751" VPOS="2062" WIDTH="117" HEIGHT="67" CONTENT="Tat" WC="0.98" CC="600"/>
						<SP ID="P85_SP00045" HPOS="868" VPOS="2129" WIDTH="43"/>
						<String ID="P85_ST00057" HPOS="911" VPOS="2076" WIDTH="303" HEIGHT="71" CONTENT="ergänzten" WC="0.99" CC="060066005"/>
						<SP ID="P85_SP00046" HPOS="1214" VPOS="2147" WIDTH="36"/>
						<String ID="P85_ST00058" HPOS="1250" VPOS="2070" WIDTH="271" HEIGHT="62" CONTENT="einander" WC="0.98" CC="46603046"/>
						<SP ID="P85_SP00047" HPOS="1521" VPOS="2147" WIDTH="33"/>
						<String ID="P85_ST00059" HPOS="1554" VPOS="2071" WIDTH="90" HEIGHT="62" CONTENT="die" WC="0.99" CC="010"/>
						<SP ID="P85_SP00048" HPOS="1644" VPOS="2147" WIDTH="33"/>
						<String ID="P85_ST00060" HPOS="1677" VPOS="2071" WIDTH="204" HEIGHT="62" CONTENT="beiden" WC="0.99" CC="700004"/>
						<SP ID="P85_SP00049" HPOS="1881" VPOS="2147" WIDTH="33"/>
						<String ID="P85_ST00061" HPOS="1914" VPOS="2072" WIDTH="215" HEIGHT="78" CONTENT="großen" WC="0.98" CC="060636"/>
						<SP ID="P85_SP00050" HPOS="2129" VPOS="2150" WIDTH="34"/>
						<String ID="P85_ST00062" HPOS="2163" VPOS="2072" WIDTH="274" HEIGHT="64" CONTENT="Forscher" WC="0.98" CC="20607706"/>
						<SP ID="P85_SP00051" HPOS="2437" VPOS="2150" WIDTH="31"/>
						<String ID="P85_ST00063" HPOS="2468" VPOS="2082" WIDTH="56" HEIGHT="54" CONTENT="in" WC="0.38" CC="65"/>
						<SP ID="P85_SP00052" HPOS="2524" VPOS="2150" WIDTH="33"/>
						<String ID="P85_ST00064" HPOS="2557" VPOS="2075" WIDTH="155" HEIGHT="61" CONTENT="ihren" WC="0.97" CC="67604"/>
					</TextLine>
					<TextLine ID="P85_TL00013" HPOS="433" VPOS="2159" WIDTH="2277" HEIGHT="88">
						<String ID="P85_ST00065" HPOS="433" VPOS="2159" WIDTH="352" HEIGHT="64" CONTENT="besonderen" WC="0.99" CC="7603205605"/>
						<SP ID="P85_SP00053" HPOS="785" VPOS="2223" WIDTH="37"/>
						<String ID="P85_ST00066" HPOS="822" VPOS="2162" WIDTH="370" HEIGHT="79" CONTENT="Fähigkeiten" WC="0.99" CC="40760400000"/>
						<SP ID="P85_SP00054" HPOS="1192" VPOS="2241" WIDTH="41"/>
						<String ID="P85_ST00067" HPOS="1233" VPOS="2174" WIDTH="111" HEIGHT="53" CONTENT="wie" WC="0.96" CC="900"/>
						<SP ID="P85_SP00055" HPOS="1344" VPOS="2241" WIDTH="42"/>
						<String ID="P85_ST00068" HPOS="1386" VPOS="2165" WIDTH="137" HEIGHT="62" CONTENT="auch" WC="0.97" CC="0407"/>
						<SP ID="P85_SP00056" HPOS="1523" VPOS="2241" WIDTH="43"/>
						<String ID="P85_ST00069" HPOS="1566" VPOS="2175" WIDTH="55" HEIGHT="52" CONTENT="in" WC="0.46" CC="55"/>
						<SP ID="P85_SP00057" HPOS="1621" VPOS="2241" WIDTH="43"/>
						<String ID="P85_ST00070" HPOS="1664" VPOS="2166" WIDTH="155" HEIGHT="62" CONTENT="ihren" WC="0.98" CC="50606"/>
						<SP ID="P85_SP00058" HPOS="1819" VPOS="2241" WIDTH="51"/>
						<String ID="P85_ST00071" HPOS="1870" VPOS="2167" WIDTH="326" HEIGHT="63" CONTENT="Methoden" WC="1.00" CC="30004000"/>
						<SP ID="P85_SP00059" HPOS="2196" VPOS="2241" WIDTH="42"/>
						<String ID="P85_ST00072" HPOS="2238" VPOS="2167" WIDTH="111" HEIGHT="63" CONTENT="auf" WC="0.96" CC="026"/>
						<SP ID="P85_SP00060" HPOS="2349" VPOS="2241" WIDTH="30"/>
						<String ID="P85_ST00073" HPOS="2379" VPOS="2169" WIDTH="103" HEIGHT="62" CONTENT="das" WC="1.00" CC="000"/>
						<SP ID="P85_SP00061" HPOS="2482" VPOS="2241" WIDTH="39"/>
						<String ID="P85_ST00074" HPOS="2521" VPOS="2169" WIDTH="189" HEIGHT="78" CONTENT="glück«" WC="0.98" CC="070074"/>
					</TextLine>
					<TextLine ID="P85_TL00014" HPOS="430" VPOS="2251" WIDTH="2277" HEIGHT="90">
						<String ID="P85_ST00075" HPOS="430" VPOS="2253" WIDTH="199" HEIGHT="63" CONTENT="lichste." WC="0.81" CC="05000603"/>
						<SP ID="P85_SP00062" HPOS="629" VPOS="2316" WIDTH="44"/>
						<String ID="P85_ST00076" HPOS="673" VPOS="2251" WIDTH="230" HEIGHT="83" CONTENT="Tychos" WC="0.68" CC="670050"/>
						<SP ID="P85_SP00063" HPOS="903" VPOS="2334" WIDTH="43"/>
						<String ID="P85_ST00077" HPOS="946" VPOS="2258" WIDTH="388" HEIGHT="80" CONTENT="Hauptstärke" WC="0.99" CC="44744030600"/>
						<SP ID="P85_SP00064" HPOS="1334" VPOS="2338" WIDTH="40"/>
						<String ID="P85_ST00078" HPOS="1374" VPOS="2260" WIDTH="92" HEIGHT="78" CONTENT="lag" WC="0.96" CC="740"/>
						<SP ID="P85_SP00065" HPOS="1466" VPOS="2338" WIDTH="41"/>
						<String ID="P85_ST00079" HPOS="1507" VPOS="2269" WIDTH="57" HEIGHT="52" CONTENT="in" WC="0.38" CC="56"/>
						<SP ID="P85_SP00066" HPOS="1564" VPOS="2338" WIDTH="44"/>
						<String ID="P85_ST00080" HPOS="1608" VPOS="2269" WIDTH="183" HEIGHT="53" CONTENT="seiner" WC="0.99" CC="060006"/>
						<SP ID="P85_SP00067" HPOS="1791" VPOS="2338" WIDTH="41"/>
						<String ID="P85_ST00081" HPOS="1832" VPOS="2260" WIDTH="228" HEIGHT="64" CONTENT="kühnen" WC="1.00" CC="000000"/>
						<SP ID="P85_SP00068" HPOS="2060" VPOS="2338" WIDTH="51"/>
						<String ID="P85_ST00082" HPOS="2111" VPOS="2263" WIDTH="119" HEIGHT="61" CONTENT="und" WC="0.95" CC="660"/>
						<SP ID="P85_SP00069" HPOS="2230" VPOS="2338" WIDTH="47"/>
						<String ID="P85_ST00083" HPOS="2277" VPOS="2263" WIDTH="243" HEIGHT="78" CONTENT="zugleich" WC="0.99" CC="50005500"/>
						<SP ID="P85_SP00070" HPOS="2520" VPOS="2341" WIDTH="39"/>
						<String ID="P85_ST00084" HPOS="2559" VPOS="2287" WIDTH="148" HEIGHT="54" CONTENT="ganz" WC="0.98" CC="0316"/>
					</TextLine>
					<TextLine ID="P85_TL00015" HPOS="430" VPOS="2348" WIDTH="2278" HEIGHT="89">
						<String ID="P85_ST00085" HPOS="430" VPOS="2348" WIDTH="417" HEIGHT="81" CONTENT="zuverlässigen" WC="0.99" CC="6060760006044"/>
						<SP ID="P85_SP00071" HPOS="847" VPOS="2429" WIDTH="26"/>
						<String ID="P85_ST00086" HPOS="873" VPOS="2352" WIDTH="136" HEIGHT="72" CONTENT="Art," WC="0.95" CC="6654"/>
						<SP ID="P85_SP00072" HPOS="1009" VPOS="2429" WIDTH="33"/>
						<String ID="P85_ST00087" HPOS="1042" VPOS="2377" WIDTH="75" HEIGHT="37" CONTENT="zu" WC="0.67" CC="60"/>
						<SP ID="P85_SP00073" HPOS="1117" VPOS="2429" WIDTH="33"/>
						<String ID="P85_ST00088" HPOS="1150" VPOS="2353" WIDTH="363" HEIGHT="75" CONTENT="beobachten," WC="0.99" CC="70472000004"/>
						<SP ID="P85_SP00074" HPOS="1513" VPOS="2429" WIDTH="27"/>
						<String ID="P85_ST00089" HPOS="1540" VPOS="2355" WIDTH="276" HEIGHT="63" CONTENT="während" WC="0.99" CC="0076400"/>
						<SP ID="P85_SP00075" HPOS="1816" VPOS="2429" WIDTH="30"/>
						<String ID="P85_ST00090" HPOS="1846" VPOS="2355" WIDTH="213" HEIGHT="80" CONTENT="Kepler" WC="0.99" CC="000046"/>
						<SP ID="P85_SP00076" HPOS="2059" VPOS="2435" WIDTH="32"/>
						<String ID="P85_ST00091" HPOS="2091" VPOS="2357" WIDTH="167" HEIGHT="62" CONTENT="schon" WC="0.98" CC="09060"/>
						<SP ID="P85_SP00077" HPOS="2258" VPOS="2435" WIDTH="35"/>
						<String ID="P85_ST00092" HPOS="2293" VPOS="2357" WIDTH="207" HEIGHT="80" CONTENT="infolge" WC="0.99" CC="0364000"/>
						<SP ID="P85_SP00078" HPOS="2500" VPOS="2437" WIDTH="24"/>
						<String ID="P85_ST00093" HPOS="2524" VPOS="2368" WIDTH="184" HEIGHT="52" CONTENT="seiner" WC="0.98" CC="135007"/>
					</TextLine>
					<TextLine ID="P85_TL00016" HPOS="427" VPOS="2442" WIDTH="2273" HEIGHT="87">
						<String ID="P85_ST00094" HPOS="427" VPOS="2442" WIDTH="320" HEIGHT="65" CONTENT="schwachen" WC="1.00" CC="000000040"/>
						<SP ID="P85_SP00079" HPOS="747" VPOS="2507" WIDTH="43"/>
						<String ID="P85_ST00095" HPOS="790" VPOS="2446" WIDTH="217" HEIGHT="78" CONTENT="Augen" WC="0.99" CC="50040"/>
						<SP ID="P85_SP00080" HPOS="1007" VPOS="2524" WIDTH="52"/>
						<String ID="P85_ST00096" HPOS="1059" VPOS="2448" WIDTH="194" HEIGHT="62" CONTENT="hierzu" WC="0.98" CC="050550"/>
						<SP ID="P85_SP00081" HPOS="1253" VPOS="2524" WIDTH="48"/>
						<String ID="P85_ST00097" HPOS="1301" VPOS="2458" WIDTH="249" HEIGHT="70" CONTENT="weniger" WC="0.98" CC="0606056"/>
						<SP ID="P85_SP00082" HPOS="1550" VPOS="2528" WIDTH="49"/>
						<String ID="P85_ST00098" HPOS="1599" VPOS="2467" WIDTH="228" HEIGHT="62" CONTENT="taugte,*" WC="0.99" CC="30002041"/>
						<SP ID="P85_SP00083" HPOS="1827" VPOS="2529" WIDTH="49"/>
						<String ID="P85_ST00099" HPOS="1876" VPOS="2452" WIDTH="194" HEIGHT="62" CONTENT="mußte" WC="0.99" CC="00800"/>
						<SP ID="P85_SP00084" HPOS="2070" VPOS="2529" WIDTH="41"/>
						<String ID="P85_ST00100" HPOS="2111" VPOS="2476" WIDTH="135" HEIGHT="38" CONTENT="man" WC="0.99" CC="001"/>
						<SP ID="P85_SP00085" HPOS="2246" VPOS="2529" WIDTH="42"/>
						<String ID="P85_ST00101" HPOS="2288" VPOS="2452" WIDTH="137" HEIGHT="62" CONTENT="doch" WC="0.99" CC="0140"/>
						<SP ID="P85_SP00086" HPOS="2425" VPOS="2529" WIDTH="42"/>
						<String ID="P85_ST00102" HPOS="2467" VPOS="2453" WIDTH="233" HEIGHT="73" CONTENT="damals," WC="1.00" CC="0000004"/>
					</TextLine>
					<TextLine ID="P85_TL00017" HPOS="427" VPOS="2538" WIDTH="2278" HEIGHT="88">
						<String ID="P85_ST00103" HPOS="427" VPOS="2561" WIDTH="108" HEIGHT="38" CONTENT="vor" WC="0.98" CC="040"/>
						<SP ID="P85_SP00087" HPOS="535" VPOS="2599" WIDTH="42"/>
						<String ID="P85_ST00104" HPOS="577" VPOS="2538" WIDTH="317" HEIGHT="80" CONTENT="Erfindung" WC="0.99" CC="727700040"/>
						<SP ID="P85_SP00088" HPOS="894" VPOS="2618" WIDTH="42"/>
						<String ID="P85_ST00105" HPOS="936" VPOS="2541" WIDTH="101" HEIGHT="62" CONTENT="des" WC="1.00" CC="000"/>
						<SP ID="P85_SP00089" HPOS="1037" VPOS="2618" WIDTH="42"/>
						<String ID="P85_ST00106" HPOS="1079" VPOS="2542" WIDTH="336" HEIGHT="74" CONTENT="Fernrohrs," WC="0.99" CC="6060060403"/>
						<SP ID="P85_SP00090" HPOS="1415" VPOS="2618" WIDTH="50"/>
						<String ID="P85_ST00107" HPOS="1465" VPOS="2554" WIDTH="100" HEIGHT="53" CONTENT="mit" WC="0.97" CC="060"/>
						<SP ID="P85_SP00091" HPOS="1565" VPOS="2618" WIDTH="49"/>
						<String ID="P85_ST00108" HPOS="1614" VPOS="2546" WIDTH="131" HEIGHT="61" CONTENT="dem" WC="0.98" CC="040"/>
						<SP ID="P85_SP00092" HPOS="1745" VPOS="2618" WIDTH="51"/>
						<String ID="P85_ST00109" HPOS="1796" VPOS="2546" WIDTH="207" HEIGHT="62" CONTENT="bloßen" WC="0.98" CC="775020"/>
						<SP ID="P85_SP00093" HPOS="2003" VPOS="2618" WIDTH="45"/>
						<String ID="P85_ST00110" HPOS="2048" VPOS="2546" WIDTH="198" HEIGHT="80" CONTENT="Auge," WC="0.98" CC="56004"/>
						<SP ID="P85_SP00094" HPOS="2246" VPOS="2626" WIDTH="40"/>
						<String ID="P85_ST00111" HPOS="2286" VPOS="2571" WIDTH="107" HEIGHT="37" CONTENT="nur" WC="0.96" CC="306"/>
						<SP ID="P85_SP00095" HPOS="2393" VPOS="2626" WIDTH="41"/>
						<String ID="P85_ST00112" HPOS="2434" VPOS="2556" WIDTH="99" HEIGHT="53" CONTENT="mit" WC="0.96" CC="054"/>
						<SP ID="P85_SP00096" HPOS="2533" VPOS="2626" WIDTH="39"/>
						<String ID="P85_ST00113" HPOS="2572" VPOS="2547" WIDTH="133" HEIGHT="62" CONTENT="Zu«" WC="0.94" CC="654"/>
					</TextLine>
					<TextLine ID="P85_TL00018" HPOS="426" VPOS="2632" WIDTH="2274" HEIGHT="80">
						<String ID="P85_ST00114" HPOS="426" VPOS="2632" WIDTH="343" HEIGHT="65" CONTENT="hilfenahme" WC="0.58" CC="7400455760"/>
						<SP ID="P85_SP00097" HPOS="769" VPOS="2697" WIDTH="48"/>
						<String ID="P85_ST00115" HPOS="817" VPOS="2660" WIDTH="118" HEIGHT="38" CONTENT="von" WC="0.97" CC="060"/>
						<SP ID="P85_SP00098" HPOS="935" VPOS="2698" WIDTH="43"/>
						<String ID="P85_ST00116" HPOS="978" VPOS="2636" WIDTH="617" HEIGHT="76" CONTENT="Visierinstrumenten," WC="1.00" CC="0007433002620405004"/>
						<SP ID="P85_SP00099" HPOS="1595" VPOS="2712" WIDTH="54"/>
						<String ID="P85_ST00117" HPOS="1649" VPOS="2640" WIDTH="91" HEIGHT="62" CONTENT="die" WC="0.98" CC="004"/>
						<SP ID="P85_SP00100" HPOS="1740" VPOS="2712" WIDTH="51"/>
						<String ID="P85_ST00118" HPOS="1791" VPOS="2640" WIDTH="240" HEIGHT="63" CONTENT="feinsten" WC="0.99" CC="60530600"/>
						<SP ID="P85_SP00101" HPOS="2031" VPOS="2712" WIDTH="51"/>
						<String ID="P85_ST00119" HPOS="2082" VPOS="2642" WIDTH="193" HEIGHT="61" CONTENT="Daten" WC="0.99" CC="50012"/>
						<SP ID="P85_SP00102" HPOS="2275" VPOS="2712" WIDTH="52"/>
						<String ID="P85_ST00120" HPOS="2327" VPOS="2642" WIDTH="99" HEIGHT="61" CONTENT="des" WC="1.00" CC="000"/>
						<SP ID="P85_SP00103" HPOS="2426" VPOS="2712" WIDTH="50"/>
						<String ID="P85_ST00121" HPOS="2476" VPOS="2641" WIDTH="224" HEIGHT="64" CONTENT="Nacht«" WC="0.97" CC="347754"/>
					</TextLine>
					<TextLine ID="P85_TL00019" HPOS="426" VPOS="2726" WIDTH="2277" HEIGHT="88">
						<String ID="P85_ST00122" HPOS="426" VPOS="2726" WIDTH="255" HEIGHT="65" CONTENT="himmels" WC="0.72" CC="7560000"/>
						<SP ID="P85_SP00104" HPOS="681" VPOS="2791" WIDTH="50"/>
						<String ID="P85_ST00123" HPOS="731" VPOS="2730" WIDTH="228" HEIGHT="64" CONTENT="ablesen" WC="0.99" CC="2060002"/>
						<SP ID="P85_SP00105" HPOS="959" VPOS="2794" WIDTH="51"/>
						<String ID="P85_ST00124" HPOS="1010" VPOS="2731" WIDTH="241" HEIGHT="64" CONTENT="können." WC="0.99" CC="0304004"/>
						<SP ID="P85_SP00106" HPOS="1251" VPOS="2795" WIDTH="51"/>
						<String ID="P85_ST00125" HPOS="1302" VPOS="2733" WIDTH="302" HEIGHT="78" CONTENT="Hingegen" WC="0.99" CC="45006056"/>
						<SP ID="P85_SP00107" HPOS="1604" VPOS="2811" WIDTH="50"/>
						<String ID="P85_ST00126" HPOS="1654" VPOS="2743" WIDTH="184" HEIGHT="71" CONTENT="zeigte" WC="0.99" CC="504030"/>
						<SP ID="P85_SP00108" HPOS="1838" VPOS="2814" WIDTH="51"/>
						<String ID="P85_ST00127" HPOS="1889" VPOS="2735" WIDTH="213" HEIGHT="79" CONTENT="Kepler" WC="0.99" CC="000606"/>
						<SP ID="P85_SP00109" HPOS="2102" VPOS="2814" WIDTH="48"/>
						<String ID="P85_ST00128" HPOS="2150" VPOS="2744" WIDTH="88" HEIGHT="53" CONTENT="ein" WC="0.98" CC="050"/>
						<SP ID="P85_SP00110" HPOS="2238" VPOS="2814" WIDTH="50"/>
						<String ID="P85_ST00129" HPOS="2288" VPOS="2736" WIDTH="415" HEIGHT="63" CONTENT="bewunderns«" WC="0.78" CC="00055006204"/>
					</TextLine>
					<TextLine ID="P85_TL00020" HPOS="422" VPOS="2825" WIDTH="2277" HEIGHT="79">
						<String ID="P85_ST00130" HPOS="422" VPOS="2838" WIDTH="207" HEIGHT="47" CONTENT="wertes" WC="0.98" CC="007636"/>
						<SP ID="P85_SP00111" HPOS="629" VPOS="2885" WIDTH="33"/>
						<String ID="P85_ST00131" HPOS="662" VPOS="2825" WIDTH="483" HEIGHT="65" CONTENT="mathematisches" WC="1.00" CC="04370005200700"/>
						<SP ID="P85_SP00112" HPOS="1145" VPOS="2890" WIDTH="34"/>
						<String ID="P85_ST00132" HPOS="1179" VPOS="2828" WIDTH="189" HEIGHT="63" CONTENT="Genie" WC="0.97" CC="25560"/>
						<SP ID="P85_SP00113" HPOS="1368" VPOS="2891" WIDTH="42"/>
						<String ID="P85_ST00133" HPOS="1410" VPOS="2829" WIDTH="119" HEIGHT="62" CONTENT="und" WC="1.00" CC="000"/>
						<SP ID="P85_SP00114" HPOS="1529" VPOS="2891" WIDTH="41"/>
						<String ID="P85_ST00134" HPOS="1570" VPOS="2838" WIDTH="164" HEIGHT="53" CONTENT="einen" WC="0.97" CC="06606"/>
						<SP ID="P85_SP00115" HPOS="1734" VPOS="2891" WIDTH="42"/>
						<String ID="P85_ST00135" HPOS="1776" VPOS="2839" WIDTH="92" HEIGHT="54" CONTENT="nie" WC="0.99" CC="030"/>
						<SP ID="P85_SP00116" HPOS="1868" VPOS="2893" WIDTH="34"/>
						<String ID="P85_ST00136" HPOS="1902" VPOS="2830" WIDTH="396" HEIGHT="63" CONTENT="erlahmenden" WC="1.00" CC="03030060000"/>
						<SP ID="P85_SP00117" HPOS="2298" VPOS="2893" WIDTH="33"/>
						<String ID="P85_ST00137" HPOS="2331" VPOS="2830" WIDTH="368" HEIGHT="74" CONTENT="Rechenfleiß," WC="1.00" CC="200050000003"/>
					</TextLine>
					<TextLine ID="P85_TL00021" HPOS="419" VPOS="2918" WIDTH="2281" HEIGHT="85">
						<String ID="P85_ST00138" HPOS="419" VPOS="2926" WIDTH="157" HEIGHT="53" CONTENT="seine" WC="0.97" CC="25704"/>
						<SP ID="P85_SP00118" HPOS="576" VPOS="2979" WIDTH="35"/>
						<String ID="P85_ST00139" HPOS="611" VPOS="2918" WIDTH="489" HEIGHT="66" CONTENT="Kombinationen" WC="0.99" CC="0387070205056"/>
						<SP ID="P85_SP00119" HPOS="1100" VPOS="2984" WIDTH="43"/>
						<String ID="P85_ST00140" HPOS="1143" VPOS="2923" WIDTH="120" HEIGHT="61" CONTENT="und" WC="0.96" CC="550"/>
						<SP ID="P85_SP00120" HPOS="1263" VPOS="2984" WIDTH="31"/>
						<String ID="P85_ST00141" HPOS="1294" VPOS="2923" WIDTH="674" HEIGHT="80" CONTENT="Zusammenfassungen" WC="1.00" CC="00040060500000060"/>
						<SP ID="P85_SP00121" HPOS="1968" VPOS="3003" WIDTH="43"/>
						<String ID="P85_ST00142" HPOS="2011" VPOS="2948" WIDTH="193" HEIGHT="37" CONTENT="waren" WC="0.99" CC="00405"/>
						<SP ID="P85_SP00122" HPOS="2204" VPOS="3003" WIDTH="42"/>
						<String ID="P85_ST00143" HPOS="2246" VPOS="2924" WIDTH="292" HEIGHT="79" CONTENT="vorsichtig" WC="1.00" CC="0110007050"/>
						<SP ID="P85_SP00123" HPOS="2538" VPOS="3003" WIDTH="42"/>
						<String ID="P85_ST00144" HPOS="2580" VPOS="2926" WIDTH="120" HEIGHT="62" CONTENT="und" WC="0.96" CC="360"/>
					</TextLine>
					<TextLine ID="P85_TL00022" HPOS="419" VPOS="3013" WIDTH="2280" HEIGHT="85">
						<String ID="P85_ST00145" HPOS="419" VPOS="3021" WIDTH="166" HEIGHT="53" CONTENT="meist" WC="0.98" CC="00705"/>
						<SP ID="P85_SP00124" HPOS="585" VPOS="3074" WIDTH="31"/>
						<String ID="P85_ST00146" HPOS="616" VPOS="3013" WIDTH="182" HEIGHT="64" CONTENT="trafen" WC="0.99" CC="670000"/>
						<SP ID="P85_SP00125" HPOS="798" VPOS="3077" WIDTH="42"/>
						<String ID="P85_ST00147" HPOS="840" VPOS="3025" WIDTH="81" HEIGHT="53" CONTENT="sie" WC="0.98" CC="040"/>
						<SP ID="P85_SP00126" HPOS="921" VPOS="3078" WIDTH="34"/>
						<String ID="P85_ST00148" HPOS="955" VPOS="3026" WIDTH="111" HEIGHT="53" CONTENT="wie" WC="0.98" CC="014"/>
						<SP ID="P85_SP00127" HPOS="1066" VPOS="3079" WIDTH="32"/>
						<String ID="P85_ST00149" HPOS="1098" VPOS="3035" WIDTH="165" HEIGHT="44" CONTENT="unter" WC="0.98" CC="60005"/>
						<SP ID="P85_SP00128" HPOS="1263" VPOS="3079" WIDTH="40"/>
						<String ID="P85_ST00150" HPOS="1303" VPOS="3027" WIDTH="153" HEIGHT="54" CONTENT="einer" WC="0.99" CC="50000"/>
						<SP ID="P85_SP00129" HPOS="1456" VPOS="3081" WIDTH="33"/>
						<String ID="P85_ST00151" HPOS="1489" VPOS="3020" WIDTH="348" HEIGHT="78" CONTENT="Eingebung" WC="1.00" CC="700000000"/>
						<SP ID="P85_SP00130" HPOS="1837" VPOS="3098" WIDTH="43"/>
						<String ID="P85_ST00152" HPOS="1880" VPOS="3020" WIDTH="102" HEIGHT="61" CONTENT="das" WC="0.99" CC="010"/>
						<SP ID="P85_SP00131" HPOS="1982" VPOS="3098" WIDTH="34"/>
						<String ID="P85_ST00153" HPOS="2016" VPOS="3020" WIDTH="254" HEIGHT="77" CONTENT="Richtige." WC="0.99" CC="020700004"/>
						<SP ID="P85_SP00132" HPOS="2270" VPOS="3098" WIDTH="34"/>
						<String ID="P85_ST00154" HPOS="2304" VPOS="3013" WIDTH="198" HEIGHT="85" CONTENT="Tycho" WC="0.89" CC="00500"/>
						<SP ID="P85_SP00133" HPOS="2502" VPOS="3098" WIDTH="41"/>
						<String ID="P85_ST00155" HPOS="2543" VPOS="3021" WIDTH="156" HEIGHT="62" CONTENT="hatte" WC="0.98" CC="60400"/>
					</TextLine>
					<TextLine ID="P85_TL00023" HPOS="417" VPOS="3106" WIDTH="2282" HEIGHT="86">
						<String ID="P85_ST00156" HPOS="417" VPOS="3106" WIDTH="296" HEIGHT="77" CONTENT="gleichfalls" WC="1.00" CC="00060060000"/>
						<SP ID="P85_SP00134" HPOS="713" VPOS="3183" WIDTH="51"/>
						<String ID="P85_ST00157" HPOS="764" VPOS="3117" WIDTH="75" HEIGHT="54" CONTENT="im" WC="0.70" CC="50"/>
						<SP ID="P85_SP00135" HPOS="839" VPOS="3183" WIDTH="49"/>
						<String ID="P85_ST00158" HPOS="888" VPOS="3106" WIDTH="434" HEIGHT="69" CONTENT="Theoretischen" WC="0.99" CC="0006504607000"/>
						<SP ID="P85_SP00136" HPOS="1322" VPOS="3183" WIDTH="52"/>
						<String ID="P85_ST00159" HPOS="1374" VPOS="3124" WIDTH="126" HEIGHT="51" CONTENT="eine" WC="0.99" CC="0600"/>
						<SP ID="P85_SP00137" HPOS="1500" VPOS="3183" WIDTH="48"/>
						<String ID="P85_ST00160" HPOS="1548" VPOS="3131" WIDTH="138" HEIGHT="61" CONTENT="gute" WC="0.97" CC="0726"/>
						<SP ID="P85_SP00138" HPOS="1686" VPOS="3192" WIDTH="50"/>
						<String ID="P85_ST00161" HPOS="1736" VPOS="3114" WIDTH="181" HEIGHT="62" CONTENT="Hand" WC="0.99" CC="4000"/>
						<SP ID="P85_SP00139" HPOS="1917" VPOS="3192" WIDTH="47"/>
						<String ID="P85_ST00162" HPOS="1964" VPOS="3114" WIDTH="283" HEIGHT="62" CONTENT="bewiesen" WC="0.98" CC="75924050"/>
						<SP ID="P85_SP00140" HPOS="2247" VPOS="3192" WIDTH="61"/>
						<String ID="P85_ST00163" HPOS="2308" VPOS="3114" WIDTH="119" HEIGHT="61" CONTENT="und" WC="0.99" CC="200"/>
						<SP ID="P85_SP00141" HPOS="2427" VPOS="3192" WIDTH="57"/>
						<String ID="P85_ST00164" HPOS="2484" VPOS="3115" WIDTH="215" HEIGHT="77" CONTENT="gerade" WC="0.99" CC="006000"/>
					</TextLine>
					<TextLine ID="P85_TL00024" HPOS="417" VPOS="3201" WIDTH="2281" HEIGHT="85">
						<String ID="P85_ST00165" HPOS="417" VPOS="3209" WIDTH="155" HEIGHT="53" CONTENT="seine" WC="0.97" CC="06750"/>
						<SP ID="P85_SP00142" HPOS="572" VPOS="3262" WIDTH="34"/>
						<String ID="P85_ST00166" HPOS="606" VPOS="3201" WIDTH="509" HEIGHT="83" CONTENT="Untersuchungen" WC="0.99" CC="77505000705030"/>
						<SP ID="P85_SP00143" HPOS="1115" VPOS="3284" WIDTH="45"/>
						<String ID="P85_ST00167" HPOS="1160" VPOS="3206" WIDTH="100" HEIGHT="63" CONTENT="der" WC="0.98" CC="050"/>
						<SP ID="P85_SP00144" HPOS="1260" VPOS="3284" WIDTH="32"/>
						<String ID="P85_ST00168" HPOS="1292" VPOS="3208" WIDTH="371" HEIGHT="74" CONTENT="Mondbahn," WC="0.99" CC="360004704"/>
						<SP ID="P85_SP00145" HPOS="1663" VPOS="3284" WIDTH="45"/>
						<String ID="P85_ST00169" HPOS="1708" VPOS="3209" WIDTH="91" HEIGHT="61" CONTENT="die" WC="1.00" CC="000"/>
						<SP ID="P85_SP00146" HPOS="1799" VPOS="3284" WIDTH="42"/>
						<String ID="P85_ST00170" HPOS="1841" VPOS="3233" WIDTH="59" HEIGHT="37" CONTENT="er" WC="0.69" CC="06"/>
						<SP ID="P85_SP00147" HPOS="1900" VPOS="3284" WIDTH="40"/>
						<String ID="P85_ST00171" HPOS="1940" VPOS="3208" WIDTH="214" HEIGHT="62" CONTENT="damals" WC="1.00" CC="020000"/>
						<SP ID="P85_SP00148" HPOS="2154" VPOS="3284" WIDTH="35"/>
						<String ID="P85_ST00172" HPOS="2189" VPOS="3209" WIDTH="81" HEIGHT="61" CONTENT="als" WC="0.97" CC="060"/>
						<SP ID="P85_SP00149" HPOS="2270" VPOS="3284" WIDTH="34"/>
						<String ID="P85_ST00173" HPOS="2304" VPOS="3208" WIDTH="394" HEIGHT="78" CONTENT="Konsequenz" WC="0.99" CC="0450404566"/>
					</TextLine>
					<TextLine ID="P85_TL00025" HPOS="414" VPOS="3295" WIDTH="2283" HEIGHT="84">
						<String ID="P85_ST00174" HPOS="414" VPOS="3295" WIDTH="372" HEIGHT="81" CONTENT="jahrelanger," WC="0.99" CC="700500600064"/>
						<SP ID="P85_SP00150" HPOS="786" VPOS="3376" WIDTH="41"/>
						<String ID="P85_ST00175" HPOS="827" VPOS="3300" WIDTH="339" HEIGHT="79" CONTENT="mühseliger" WC="1.00" CC="0000406060"/>
						<SP ID="P85_SP00151" HPOS="1166" VPOS="3379" WIDTH="57"/>
						<String ID="P85_ST00176" HPOS="1223" VPOS="3302" WIDTH="353" HEIGHT="63" CONTENT="Kleinarbeit" WC="0.99" CC="00070047564"/>
						<SP ID="P85_SP00152" HPOS="1576" VPOS="3379" WIDTH="72"/>
						<String ID="P85_ST00177" HPOS="1648" VPOS="3303" WIDTH="276" HEIGHT="72" CONTENT="abschloß," WC="0.99" CC="001070504"/>
						<SP ID="P85_SP00153" HPOS="1924" VPOS="3379" WIDTH="59"/>
						<String ID="P85_ST00178" HPOS="1983" VPOS="3326" WIDTH="193" HEIGHT="38" CONTENT="waren" WC="0.99" CC="00600"/>
						<SP ID="P85_SP00154" HPOS="2176" VPOS="3379" WIDTH="66"/>
						<String ID="P85_ST00179" HPOS="2242" VPOS="3302" WIDTH="303" HEIGHT="73" CONTENT="bestimmt," WC="0.99" CC="700000054"/>
						<SP ID="P85_SP00155" HPOS="2545" VPOS="3379" WIDTH="60"/>
						<String ID="P85_ST00180" HPOS="2605" VPOS="3313" WIDTH="92" HEIGHT="53" CONTENT="ein" WC="0.96" CC="063"/>
					</TextLine>
					<TextLine ID="P85_TL00026" HPOS="414" VPOS="3389" WIDTH="2284" HEIGHT="87">
						<String ID="P85_ST00181" HPOS="414" VPOS="3389" WIDTH="325" HEIGHT="65" CONTENT="bleibender" WC="0.99" CC="0623006004"/>
						<SP ID="P85_SP00156" HPOS="739" VPOS="3454" WIDTH="41"/>
						<String ID="P85_ST00182" HPOS="780" VPOS="3394" WIDTH="187" HEIGHT="62" CONTENT="Besitz" WC="0.98" CC="160365"/>
						<SP ID="P85_SP00157" HPOS="967" VPOS="3456" WIDTH="42"/>
						<String ID="P85_ST00183" HPOS="1009" VPOS="3396" WIDTH="100" HEIGHT="62" CONTENT="der" WC="0.99" CC="002"/>
						<SP ID="P85_SP00158" HPOS="1109" VPOS="3458" WIDTH="42"/>
						<String ID="P85_ST00184" HPOS="1151" VPOS="3396" WIDTH="409" HEIGHT="64" CONTENT="Wissenschaft" WC="0.99" CC="930006007572"/>
						<SP ID="P85_SP00159" HPOS="1560" VPOS="3460" WIDTH="52"/>
						<String ID="P85_ST00185" HPOS="1612" VPOS="3422" WIDTH="75" HEIGHT="37" CONTENT="zu" WC="0.64" CC="70"/>
						<SP ID="P85_SP00160" HPOS="1687" VPOS="3460" WIDTH="41"/>
						<String ID="P85_ST00186" HPOS="1728" VPOS="3398" WIDTH="246" HEIGHT="61" CONTENT="werden." WC="0.98" CC="0060654"/>
						<SP ID="P85_SP00161" HPOS="1974" VPOS="3460" WIDTH="53"/>
						<String ID="P85_ST00187" HPOS="2027" VPOS="3397" WIDTH="82" HEIGHT="61" CONTENT="Im" WC="0.99" CC="00"/>
						<SP ID="P85_SP00162" HPOS="2109" VPOS="3460" WIDTH="48"/>
						<String ID="P85_ST00188" HPOS="2157" VPOS="3420" WIDTH="221" HEIGHT="56" CONTENT="ganzen" WC="0.98" CC="003416"/>
						<SP ID="P85_SP00163" HPOS="2378" VPOS="3476" WIDTH="52"/>
						<String ID="P85_ST00189" HPOS="2430" VPOS="3398" WIDTH="137" HEIGHT="62" CONTENT="aber" WC="0.96" CC="3706"/>
						<SP ID="P85_SP00164" HPOS="2567" VPOS="3476" WIDTH="42"/>
						<String ID="P85_ST00190" HPOS="2609" VPOS="3399" WIDTH="89" HEIGHT="63" CONTENT="fiel" WC="0.98" CC="0007"/>
					</TextLine>
					<TextLine ID="P85_TL00027" HPOS="416" VPOS="3486" WIDTH="2282" HEIGHT="85">
						<String ID="P85_ST00191" HPOS="416" VPOS="3509" WIDTH="61" HEIGHT="38" CONTENT="es" WC="0.75" CC="40"/>
						<SP ID="P85_SP00165" HPOS="477" VPOS="3547" WIDTH="33"/>
						<String ID="P85_ST00192" HPOS="510" VPOS="3486" WIDTH="114" HEIGHT="62" CONTENT="ihm" WC="0.97" CC="060"/>
						<SP ID="P85_SP00166" HPOS="624" VPOS="3548" WIDTH="25"/>
						<String ID="P85_ST00193" HPOS="649" VPOS="3488" WIDTH="144" HEIGHT="61" CONTENT="nicht" WC="0.95" CC="55876"/>
						<SP ID="P85_SP00167" HPOS="793" VPOS="3549" WIDTH="32"/>
						<String ID="P85_ST00194" HPOS="825" VPOS="3489" WIDTH="171" HEIGHT="73" CONTENT="leicht," WC="0.99" CC="0030004"/>
						<SP ID="P85_SP00168" HPOS="996" VPOS="3562" WIDTH="36"/>
						<String ID="P85_ST00195" HPOS="1032" VPOS="3516" WIDTH="105" HEIGHT="37" CONTENT="aus" WC="1.00" CC="000"/>
						<SP ID="P85_SP00169" HPOS="1137" VPOS="3562" WIDTH="34"/>
						<String ID="P85_ST00196" HPOS="1171" VPOS="3502" WIDTH="196" HEIGHT="52" CONTENT="seinen" WC="0.98" CC="055406"/>
						<SP ID="P85_SP00170" HPOS="1367" VPOS="3562" WIDTH="35"/>
						<String ID="P85_ST00197" HPOS="1402" VPOS="3509" WIDTH="183" HEIGHT="47" CONTENT="ersten" WC="0.99" CC="060200"/>
						<SP ID="P85_SP00171" HPOS="1585" VPOS="3562" WIDTH="27"/>
						<String ID="P85_ST00198" HPOS="1612" VPOS="3492" WIDTH="404" HEIGHT="79" CONTENT="Sammlungen" WC="1.00" CC="4000700003"/>
						<SP ID="P85_SP00172" HPOS="2016" VPOS="3571" WIDTH="33"/>
						<String ID="P85_ST00199" HPOS="2049" VPOS="3492" WIDTH="378" HEIGHT="64" CONTENT="zutreffender" WC="0.99" CC="002600760006"/>
						<SP ID="P85_SP00173" HPOS="2427" VPOS="3571" WIDTH="26"/>
						<String ID="P85_ST00200" HPOS="2453" VPOS="3495" WIDTH="245" HEIGHT="62" CONTENT="Einzel«" WC="0.98" CC="0567074"/>
					</TextLine>
					<TextLine ID="P85_TL00028" HPOS="413" VPOS="3578" WIDTH="2286" HEIGHT="89">
						<String ID="P85_ST00201" HPOS="413" VPOS="3578" WIDTH="187" HEIGHT="64" CONTENT="heiten" WC="0.67" CC="066700"/>
						<SP ID="P85_SP00174" HPOS="600" VPOS="3642" WIDTH="42"/>
						<String ID="P85_ST00202" HPOS="642" VPOS="3591" WIDTH="86" HEIGHT="53" CONTENT="ins" WC="0.98" CC="500"/>
						<SP ID="P85_SP00175" HPOS="728" VPOS="3644" WIDTH="42"/>
						<String ID="P85_ST00203" HPOS="770" VPOS="3583" WIDTH="362" HEIGHT="80" CONTENT="Allgemeine" WC="0.99" CC="3700000560"/>
						<SP ID="P85_SP00176" HPOS="1132" VPOS="3663" WIDTH="48"/>
						<String ID="P85_ST00204" HPOS="1180" VPOS="3587" WIDTH="415" HEIGHT="79" CONTENT="überzugehen." WC="0.99" CC="076630060404"/>
						<SP ID="P85_SP00177" HPOS="1595" VPOS="3666" WIDTH="56"/>
						<String ID="P85_ST00205" HPOS="1651" VPOS="3586" WIDTH="107" HEIGHT="62" CONTENT="Oft" WC="0.99" CC="011"/>
						<SP ID="P85_SP00178" HPOS="1758" VPOS="3666" WIDTH="46"/>
						<String ID="P85_ST00206" HPOS="1804" VPOS="3595" WIDTH="175" HEIGHT="68" CONTENT="geriet" WC="0.99" CC="034500"/>
						<SP ID="P85_SP00179" HPOS="1979" VPOS="3666" WIDTH="50"/>
						<String ID="P85_ST00207" HPOS="2029" VPOS="3610" WIDTH="58" HEIGHT="38" CONTENT="er" WC="0.74" CC="05"/>
						<SP ID="P85_SP00180" HPOS="2087" VPOS="3666" WIDTH="49"/>
						<String ID="P85_ST00208" HPOS="2136" VPOS="3587" WIDTH="211" HEIGHT="61" CONTENT="hierbei" WC="0.98" CC="0466736"/>
						<SP ID="P85_SP00181" HPOS="2347" VPOS="3666" WIDTH="50"/>
						<String ID="P85_ST00209" HPOS="2397" VPOS="3589" WIDTH="170" HEIGHT="78" CONTENT="gleich" WC="0.98" CC="070207"/>
						<SP ID="P85_SP00182" HPOS="2567" VPOS="3667" WIDTH="43"/>
						<String ID="P85_ST00210" HPOS="2610" VPOS="3599" WIDTH="89" HEIGHT="54" CONTENT="ins" WC="0.95" CC="660"/>
					</TextLine>
					<TextLine ID="P85_TL00029" HPOS="412" VPOS="3672" WIDTH="2286" HEIGHT="82">
						<String ID="P85_ST00211" HPOS="412" VPOS="3672" WIDTH="430" HEIGHT="80" CONTENT="Allgemeinste," WC="0.99" CC="6400006700504"/>
						<SP ID="P85_SP00183" HPOS="842" VPOS="3752" WIDTH="44"/>
						<String ID="P85_ST00212" HPOS="886" VPOS="3680" WIDTH="434" HEIGHT="74" CONTENT="Phantastische," WC="0.99" CC="07627506700004"/>
						<SP ID="P85_SP00184" HPOS="1320" VPOS="3754" WIDTH="42"/>
						<String ID="P85_ST00213" HPOS="1362" VPOS="3681" WIDTH="399" HEIGHT="71" CONTENT="Gefühlvolle,*" WC="1.00" CC="5600000000540"/>
						<SP ID="P85_SP00185" HPOS="1761" VPOS="3754" WIDTH="40"/>
						<String ID="P85_ST00214" HPOS="1801" VPOS="3704" WIDTH="60" HEIGHT="38" CONTENT="es" WC="0.95" CC="00"/>
						<SP ID="P85_SP00186" HPOS="1861" VPOS="3754" WIDTH="41"/>
						<String ID="P85_ST00215" HPOS="1902" VPOS="3705" WIDTH="140" HEIGHT="49" CONTENT="war," WC="0.98" CC="0054"/>
						<SP ID="P85_SP00187" HPOS="2042" VPOS="3754" WIDTH="45"/>
						<String ID="P85_ST00216" HPOS="2087" VPOS="3681" WIDTH="81" HEIGHT="62" CONTENT="als" WC="1.00" CC="000"/>
						<SP ID="P85_SP00188" HPOS="2168" VPOS="3754" WIDTH="42"/>
						<String ID="P85_ST00217" HPOS="2210" VPOS="3683" WIDTH="161" HEIGHT="62" CONTENT="ziehe" WC="0.98" CC="64004"/>
						<SP ID="P85_SP00189" HPOS="2371" VPOS="3754" WIDTH="40"/>
						<String ID="P85_ST00218" HPOS="2411" VPOS="3684" WIDTH="109" HEIGHT="62" CONTENT="sich" WC="0.99" CC="0400"/>
						<SP ID="P85_SP00190" HPOS="2520" VPOS="3754" WIDTH="43"/>
						<String ID="P85_ST00219" HPOS="2563" VPOS="3685" WIDTH="135" HEIGHT="62" CONTENT="der«" WC="0.98" CC="0054"/>
					</TextLine>
					<TextLine ID="P85_TL00030" HPOS="411" VPOS="3768" WIDTH="2286" HEIGHT="76">
						<String ID="P85_ST00220" HPOS="411" VPOS="3768" WIDTH="153" HEIGHT="62" CONTENT="selbe" WC="0.97" CC="00679"/>
						<SP ID="P85_SP00191" HPOS="564" VPOS="3830" WIDTH="41"/>
						<String ID="P85_ST00221" HPOS="605" VPOS="3770" WIDTH="123" HEIGHT="74" CONTENT="Riß," WC="0.98" CC="0704"/>
						<SP ID="P85_SP00192" HPOS="728" VPOS="3844" WIDTH="43"/>
						<String ID="P85_ST00222" HPOS="771" VPOS="3773" WIDTH="101" HEIGHT="62" CONTENT="der" WC="0.97" CC="006"/>
						<SP ID="P85_SP00193" HPOS="872" VPOS="3844" WIDTH="38"/>
						<String ID="P85_ST00223" HPOS="910" VPOS="3784" WIDTH="195" HEIGHT="53" CONTENT="seinen" WC="0.98" CC="007657"/>
						<SP ID="P85_SP00194" HPOS="1105" VPOS="3844" WIDTH="45"/>
						<String ID="P85_ST00224" HPOS="1150" VPOS="3775" WIDTH="321" HEIGHT="62" CONTENT="Charakter" WC="0.99" CC="060650006"/>
						<SP ID="P85_SP00195" HPOS="1471" VPOS="3844" WIDTH="47"/>
						<String ID="P85_ST00225" HPOS="1518" VPOS="3783" WIDTH="56" HEIGHT="52" CONTENT="in" WC="0.75" CC="40"/>
						<SP ID="P85_SP00196" HPOS="1574" VPOS="3844" WIDTH="48"/>
						<String ID="P85_ST00226" HPOS="1622" VPOS="3784" WIDTH="147" HEIGHT="52" CONTENT="zwei" WC="0.98" CC="3006"/>
						<SP ID="P85_SP00197" HPOS="1769" VPOS="3844" WIDTH="49"/>
						<String ID="P85_ST00227" HPOS="1818" VPOS="3799" WIDTH="68" HEIGHT="37" CONTENT="so" WC="0.69" CC="06"/>
						<SP ID="P85_SP00198" HPOS="1886" VPOS="3844" WIDTH="49"/>
						<String ID="P85_ST00228" HPOS="1935" VPOS="3784" WIDTH="134" HEIGHT="53" CONTENT="weit" WC="0.99" CC="0402"/>
						<SP ID="P85_SP00199" HPOS="2069" VPOS="3844" WIDTH="50"/>
						<String ID="P85_ST00229" HPOS="2119" VPOS="3779" WIDTH="393" HEIGHT="61" CONTENT="voneinander" WC="0.99" CC="00303506006"/>
						<SP ID="P85_SP00200" HPOS="2512" VPOS="3844" WIDTH="52"/>
						<String ID="P85_ST00230" HPOS="2564" VPOS="3798" WIDTH="133" HEIGHT="46" CONTENT="ent«" WC="0.97" CC="0454"/>
					</TextLine>
					<TextLine ID="P85_TL00031" HPOS="411" VPOS="3862" WIDTH="2286" HEIGHT="89">
						<String ID="P85_ST00231" HPOS="411" VPOS="3862" WIDTH="180" HEIGHT="63" CONTENT="fernte" WC="0.77" CC="006340"/>
						<SP ID="P85_SP00201" HPOS="591" VPOS="3925" WIDTH="32"/>
						<String ID="P85_ST00232" HPOS="623" VPOS="3865" WIDTH="396" HEIGHT="77" CONTENT="Bestandteile," WC="0.99" CC="3606060607014"/>
						<SP ID="P85_SP00202" HPOS="1019" VPOS="3942" WIDTH="43"/>
						<String ID="P85_ST00233" HPOS="1062" VPOS="3879" WIDTH="56" HEIGHT="52" CONTENT="in" WC="0.89" CC="20"/>
						<SP ID="P85_SP00203" HPOS="1118" VPOS="3942" WIDTH="42"/>
						<String ID="P85_ST00234" HPOS="1160" VPOS="3870" WIDTH="146" HEIGHT="61" CONTENT="kalte" WC="0.99" CC="05000"/>
						<SP ID="P85_SP00204" HPOS="1306" VPOS="3942" WIDTH="33"/>
						<String ID="P85_ST00235" HPOS="1339" VPOS="3869" WIDTH="359" HEIGHT="79" CONTENT="Berechnung" WC="0.99" CC="1560070000"/>
						<SP ID="P85_SP00205" HPOS="1698" VPOS="3948" WIDTH="42"/>
						<String ID="P85_ST00236" HPOS="1740" VPOS="3872" WIDTH="101" HEIGHT="59" CONTENT="des" WC="0.98" CC="060"/>
						<SP ID="P85_SP00206" HPOS="1841" VPOS="3948" WIDTH="34"/>
						<String ID="P85_ST00237" HPOS="1875" VPOS="3870" WIDTH="223" HEIGHT="81" CONTENT="Kopfes" WC="1.00" CC="000000"/>
						<SP ID="P85_SP00207" HPOS="2098" VPOS="3951" WIDTH="42"/>
						<String ID="P85_ST00238" HPOS="2140" VPOS="3872" WIDTH="121" HEIGHT="63" CONTENT="und" WC="0.97" CC="700"/>
						<SP ID="P85_SP00208" HPOS="2261" VPOS="3951" WIDTH="41"/>
						<String ID="P85_ST00239" HPOS="2302" VPOS="3873" WIDTH="395" HEIGHT="66" CONTENT="leidenschaft«" WC="0.76" CC="0060040900224"/>
					</TextLine>
					<TextLine ID="P85_TL00032" HPOS="411" VPOS="3958" WIDTH="2278" HEIGHT="84">
						<String ID="P85_ST00240" HPOS="411" VPOS="3959" WIDTH="168" HEIGHT="63" CONTENT="liehen" WC="0.98" CC="760030"/>
						<SP ID="P85_SP00209" HPOS="579" VPOS="4022" WIDTH="51"/>
						<String ID="P85_ST00241" HPOS="630" VPOS="3958" WIDTH="426" HEIGHT="84" CONTENT="Überschwang" WC="1.00" CC="17450000000"/>
						<SP ID="P85_SP00210" HPOS="1056" VPOS="4042" WIDTH="48"/>
						<String ID="P85_ST00242" HPOS="1104" VPOS="3964" WIDTH="100" HEIGHT="61" CONTENT="des" WC="1.00" CC="000"/>
						<SP ID="P85_SP00211" HPOS="1204" VPOS="4042" WIDTH="52"/>
						<String ID="P85_ST00243" HPOS="1256" VPOS="3963" WIDTH="304" HEIGHT="74" CONTENT="Gemütes," WC="0.99" CC="56007004"/>
						<SP ID="P85_SP00212" HPOS="1560" VPOS="4042" WIDTH="48"/>
						<String ID="P85_ST00244" HPOS="1608" VPOS="3964" WIDTH="168" HEIGHT="74" CONTENT="teilte," WC="0.98" CC="0036354"/>
						<SP ID="P85_SP00213" HPOS="1776" VPOS="4042" WIDTH="53"/>
						<String ID="P85_ST00245" HPOS="1829" VPOS="3966" WIDTH="136" HEIGHT="62" CONTENT="auch" WC="0.98" CC="0090"/>
						<SP ID="P85_SP00214" HPOS="1965" VPOS="4042" WIDTH="50"/>
						<String ID="P85_ST00246" HPOS="2015" VPOS="3966" WIDTH="168" HEIGHT="63" CONTENT="durch" WC="0.99" CC="07400"/>
						<SP ID="P85_SP00215" HPOS="2183" VPOS="4042" WIDTH="50"/>
						<String ID="P85_ST00247" HPOS="2233" VPOS="3978" WIDTH="157" HEIGHT="54" CONTENT="seine" WC="0.98" CC="00376"/>
						<SP ID="P85_SP00216" HPOS="2390" VPOS="4042" WIDTH="51"/>
						<String ID="P85_ST00248" HPOS="2441" VPOS="3980" WIDTH="248" HEIGHT="54" CONTENT="wissen«" WC="0.99" CC="0300264"/>
					</TextLine>
				</TextBlock>
			</PrintSpace>
		</Page>
	</Layout>
</alto>
