3393 4572
699 418 97 52 276

965 420 226 52 Annette
1223 420 140 52 KoCB
1384 445 9 12 ■
1412 423 107 49 Die
1551 423 395 50 Internationafe
1975 423 307 52 RundsSau
2314 426 122 50 und
2454 428 95 48 der
2576 429 158 62 Krieg

698 622 151 53 zwei
875 613 190 81 Lager
1106 613 329 65 übersehen
1478 616 251 73 können,
1774 617 93 62 die
1901 618 109 62 sich
2052 616 248 80 gänzlich
2335 642 109 38 aus
2480 618 113 64 den
2618 621 224 80 Augen
2867 649 101 39 ver-

698 710 164 63 loren
889 710 208 64 haben.
1127 712 237 62 Unsere
1383 713 362 64 Einsamkeit
1769 725 72 52 ist
1867 715 130 63 dort
2015 725 127 53 eine
2160 739 69 38 so
2248 716 391 65 verzweifelte
2664 721 337 76 geworden,

698 806 116 62 daß
848 807 79 63 ich
962 809 139 61 mich
1135 833 175 56 sogar
1345 834 75 38 an
1453 810 94 62 Ihr
1572 810 314 80 Mitgefühl
1912 810 247 63 wenden
2185 810 225 72 würde,
2437 823 200 53 wären
2673 814 91 63 die
2790 815 211 67 Zeiten

697 903 223 64 minder
964 904 143 63 hart.
1154 905 85 64 So
1282 906 140 63 aber
1463 908 131 62 rufe
1635 909 78 61 ich
1756 933 109 38 nur
1906 908 165 62 Ihren
2116 906 584 82 Gerechtigkeitssinn
2742 937 95 48 an,
2880 917 121 62 und

698 1000 142 61 auch
894 1000 106 63 das
1053 1026 130 48 nur,
1233 1002 133 62 weil
1416 1027 174 38 unser
1630 1002 535 64 verschwindendes
2216 1004 292 64 Häuflein
2559 1007 148 62 allen
2752 1008 246 67 Ernstes

696 1094 129 65 Ihre
876 1097 538 63 Aufmerksamkeit
1463 1099 291 75 verdient,-
1803 1099 130 63 weil
1987 1108 106 54 wir
2150 1102 378 77 naturgemäß
2579 1102 193 81 Dinge
2823 1103 176 65 über*

696 1192 269 73 schauen,
1009 1192 94 64 die
1147 1193 99 64 Sie
1287 1195 145 61 nicht
1475 1193 180 65 sehen
1698 1195 245 63 können.

776 1482 194 62 Durch
1020 1493 157 69 jenes
1230 1501 146 46 stete
1426 1484 317 65 Abrücken
1794 1488 282 62 zwischen
2128 1488 112 64 den
2291 1489 208 64 beiden
2551 1491 266 63 Völkern
2867 1494 130 61 sind

694 1576 94 63 die
820 1578 596 80 Rassengegensätze,
1459 1581 94 62 die
1587 1591 107 53 wir
1728 1592 56 52 in
1820 1609 109 38 uns
1963 1595 347 70 vereinigen,
2353 1610 70 39 so
2460 1587 260 74 erstarkt,
2764 1588 114 64 daß
2912 1599 84 54 sie

693 1674 178 62 selbst
913 1682 54 54 in
1002 1674 473 64 Friedenszeiten
1517 1686 130 54 eine
1681 1674 215 85 Tragik
1940 1680 92 63 für
2065 1682 106 61 sich
2207 1681 366 66 bedeuteten.
2618 1685 202 62 Heute
2853 1709 141 50 nun,

692 1792 99 39 wo
833 1794 110 37 vor
984 1769 132 63 dem
1158 1794 396 56 vergossenen
1588 1773 136 63 Blut
1768 1775 105 62 das
1916 1775 135 64 Blut
2090 1776 186 63 lauter
2317 1788 55 52 in
2417 1803 109 38 uns
2570 1781 203 79 spricht
2813 1780 85 64 als
2941 1793 53 67 je

689 1888 207 48 zuvor,
939 1865 176 64 heute
1155 1867 148 62 wird
1336 1892 120 38 von
1492 1868 133 63 dem
1651 1870 475 80 Halbgermanen
2160 1873 368 66 Frankreichs
2673 1877 178 62 reden
2886 1887 107 53 wir

688 1985 119 38 von
851 1961 115 63 ihm
1077 2000 10 6 -
1129 1963 175 64 heute
1347 1964 149 63 wird
1536 1991 121 38 von
1710 1967 115 62 ihm
1867 1968 279 80 verlangt,
2190 1969 112 64 daß
2354 1995 61 39 er
2458 1973 108 61 sich
2608 1973 160 78 jeder
2810 1973 182 80 Sym*

688 2057 192 79 pathie
932 2057 93 64 für
1075 2082 110 40 uns
1238 2061 334 63 entäußere.
1627 2062 204 64 Seiner
1882 2074 235 54 inneren
2160 2065 396 66 Zerissenheit
2598 2068 139 63 darf
2785 2070 204 63 keinen

687 2151 360 81 Augenblick
1073 2155 312 80 Rechnung
1409 2174 275 62 getragen
1710 2159 256 63 werden,
2002 2161 92 62 Ihr
2112 2162 335 64 widerfährt
2477 2164 164 63 keine
2663 2165 321 80 Schonung.

679 2248 90 63 Es
812 2249 147 63 wird
999 2274 121 38 von
1163 2250 114 64 ihm
1319 2253 283 80 verlangt,
1647 2254 113 63 daß
1803 2279 62 38 er
1906 2258 109 61 sich
2049 2267 188 54 seines
2281 2258 273 64 besseren
2573 2260 274 64 Wissens
2884 2287 99 37 um

679 2369 109 39 uns
832 2345 219 80 begebe
1094 2348 122 62 und
1258 2349 109 62 sich
1395 2349 86 62 als
1516 2350 226 79 loyaler
1776 2352 411 82 Staatsbürger
2220 2356 92 62 für
2347 2381 207 38 unsere
2588 2358 396 80 Vernichtung

678 2439 333 80 begeistere.
1059 2443 146 62 Und
1247 2467 70 40 er
1359 2444 147 63 wird
1548 2447 110 61 sich
1703 2446 241 64 Gewalt
1983 2466 202 57 antun,
2229 2451 132 62 dem
2397 2451 238 65 Gebote
2676 2453 188 80 Folge
2905 2479 78 38 zu

678 2536 217 65 leisten.
941 2538 172 64 Aber
1147 2564 172 39 wenn
1356 2565 62 38 er
1451 2541 131 63 kein
1610 2542 220 64 Knecht
1864 2554 90 62 ist,
1999 2546 144 61 wird
2187 2570 62 38 er
2291 2557 56 53 in
2382 2547 134 64 dem
2549 2550 433 62 verzweifelten

678 2632 237 83 Kampf,
951 2635 113 62 den
1098 2660 61 38 er
1193 2637 280 63 äußerlich
1508 2639 279 63 bestehen
1821 2641 165 73 wird,
2028 2667 109 38 vor
2169 2644 110 62 sich
2314 2644 186 63 selber
2535 2646 443 80 unterliegen,..

677 2728 128 63 Das
849 2729 134 63 Blut
1031 2742 189 53 seiner
1262 2733 194 62 Väter
1506 2734 146 62 wird
1703 2745 56 52 in
1801 2745 166 55 einen
2019 2738 227 63 solchen
2290 2735 243 69 Tumult
2580 2762 237 60 geraten
2860 2747 122 62 und

675 2825 107 61 sich
812 2851 75 37 zu
914 2827 215 63 solcher
1154 2828 319 81 Brandung
1501 2829 269 75 erheben,
1806 2833 111 64 daß
1950 2833 91 64 die
2076 2860 142 56 paar
2251 2836 223 63 Bretter
2507 2850 189 52 seiner
2723 2841 256 63 äußeren

674 2921 445 82 Zuständigkeit
1160 2926 183 63 daran
1387 2928 358 63 zerschellen.
1799 2930 116 63 Die
1957 2931 357 81 Bedrängnis
2368 2944 73 53 ist
2484 2935 217 63 überall
2744 2963 76 36 zu
2865 2964 75 37 un-

674 3017 273 79 geheuer!
1007 3021 117 62 Die
1173 3022 311 64 Bereitheit
1534 3049 76 37 zu
1661 3025 231 63 sterben
1944 3036 72 54 ist
2067 3027 217 64 überall
2336 3055 78 37 zu
2471 3032 169 78 groß!
2702 3034 140 62 Aus
2894 3034 85 62 ihr

674 3124 216 70 steigen
926 3116 91 64 die
1046 3118 233 63 Genien
1314 3120 103 62 der
1442 3120 327 75 Nationen,
1797 3123 92 63 die
1916 3124 174 63 heute
2124 3135 113 54 wie
2272 3135 56 54 in
2356 3126 101 64 der
2490 3128 128 63 Ilias
2655 3129 93 63 die
2778 3130 200 64 Heere

674 3210 457 66 widereinander
1173 3215 274 64 schirmen
1602 3228 102 52 mit
1745 3219 416 81 Begeisterung
2203 3223 122 61 und
2368 3224 148 62 List!
2665 3225 93 63 Ihr
2800 3227 131 81 dop-

677 3307 208 78 peltes
923 3309 244 65 Walten
1210 3312 142 63 aber
1394 3314 175 63 findet
1610 3340 111 38 nur
1762 3326 55 52 in
1860 3327 220 53 seinem
2122 3318 242 64 Inneren
2409 3331 168 52 einen
2620 3322 353 63 Widerhall:

675 3401 91 63 die
799 3403 114 65 ihm
947 3407 84 62 als
1068 3408 223 64 Brüder
1324 3421 447 69 zugewiesenen
1790 3413 343 64 Franzosen
2170 3415 239 64 erkennt
2442 3441 61 40 er
2530 3417 132 64 dort
2695 3420 85 62 als
2815 3430 160 52 seine

675 3497 370 69 Halbbrüder
1078 3506 236 73 wieder,
1357 3506 122 64 und
1514 3507 99 64 Sie
1647 3519 215 53 wissen
1897 3512 163 70 nicht,
2103 3512 77 61 ich
2216 3512 140 63 aber
2389 3515 170 71 weiß,
2602 3525 99 52 mit
2735 3516 240 64 welcher

678 3590 334 88 Spannung,
1046 3601 269 63 welchem
1351 3604 323 63 Entsetzen
1710 3629 78 49 er,
1826 3605 100 64 der
1959 3606 273 64 vielleicht
2265 3618 75 53 im
2367 3609 184 65 Felde
2585 3612 171 71 steht,
2784 3622 187 53 seines

679 3695 230 59 inneren
934 3694 190 78 Jubels
1152 3707 130 54 inne
1310 3699 184 74 ward,
1536 3700 85 64 als
1649 3725 63 39 er
1745 3702 111 62 auf
1882 3702 188 64 dieser
2103 3703 377 81 bedrängten,
2514 3706 116 62 ihm
2664 3731 70 38 so
2768 3726 203 46 teuren

679 3782 414 72 französischen
1144 3793 183 75 Erde,
1379 3796 93 64 die
1522 3821 61 38 er
1634 3798 141 62 doch
1837 3810 99 52 mit
1995 3801 169 63 allem
2207 3802 267 79 Ingrimm
2524 3802 103 62 des
2677 3803 293 65 Patrioten

679 3878 180 62 wider
900 3883 90 63 die
1030 3888 275 65 verhaßte
1347 3892 272 64 Invasion
1660 3896 322 80 verteidigt,
2025 3897 93 63 die
2152 3897 220 63 Kunde
2397 3897 299 74 vernahm,
2739 3900 113 63 daß
2880 3910 90 53 ein

679 3995 109 39 aus
832 3975 146 65 allen
1020 3981 207 64 Adern
1268 3985 304 66 blutendes
1616 3989 164 63 Volk
1830 3991 339 74 heroischer,
2211 3993 84 62 als
2340 4001 148 55 einst
2530 3993 92 63 die
2665 3994 305 73 Griechen,
