3230 4572
1184 432 138 51 Max
1350 431 153 52 Brod
1516 455 10 10 ■
1552 431 38 49 Z
1742 431 196 49 Brafses
1974 428 119 64 Weg
2124 445 69 32 zu
2230 426 128 51 Gott

617 430 98 52 350

628 625 306 64 schaftliche
983 625 256 80 Anlage,
1296 624 100 63 der
1451 623 294 81 gleichfalls
1803 623 105 62 das
1956 618 386 66 verbindende
2391 616 236 63 mittlere
2675 614 235 63 Schluß*

630 731 317 69 vermögen
988 731 58 53 in
1089 731 184 53 einem
1315 731 279 69 gewissen
1639 718 202 65 Grade
1884 715 331 80 abzugehen
2257 714 200 62 schien.

713 817 100 62 Zu
854 827 157 69 jener
1051 817 136 62 Zeit
1226 817 192 77 jedoch
1461 840 123 38 war
1632 814 209 80 gerade
1890 812 167 62 durch
2100 811 241 80 Keplers
2382 804 531 66 Mitarbeiterschaft

639 914 137 63 alles
828 915 133 62 aufs
1011 915 160 62 beste
1222 914 405 78 ausgeglichen.
1688 912 61 61 In
1800 910 213 78 Kepler
2062 908 194 61 hatten
2304 902 230 83 Tychos
2584 903 334 79 begeisterte

642 1010 350 79 Zuneigung
1033 1019 112 53 wie
1185 1019 120 52 sein
1347 1009 289 62 Verstand
1678 1006 292 80 gleichsam
2021 1013 163 53 einen
2234 1010 422 71 gemeinsamen
2698 999 222 61 Brenn*

639 1107 182 80 punkt
860 1105 476 80 gefundenhier
1368 1104 169 62 stand
1570 1104 208 61 endlich
1813 1100 218 73 einmal,
2068 1109 112 52 wie
2214 1123 60 38 er
2304 1098 248 78 glaubte,
2586 1104 118 53 sein
2739 1094 182 61 Inter*

644 1226 127 39 esse
821 1202 119 62 und
990 1209 119 55 sein
1160 1201 491 77 wohlerwogener
1691 1197 226 63 Vorteil
1974 1197 100 61 der
2125 1194 172 62 freien
2349 1192 332 80 Ergießung
2737 1198 186 53 seines

646 1297 264 62 Herzens
952 1296 141 61 nicht
1133 1295 305 60 hemmend
1486 1303 75 52 im
1604 1295 201 78 Wege,
1856 1301 75 53 im
1974 1289 321 80 Gegenteil,
2346 1288 118 62 hier
2504 1296 214 52 wiesen
2759 1284 166 61 beide

647 1402 57 53 in
756 1391 245 64 dieselbe
1041 1391 293 78 Richtung,
1496 1414 75 38 zu
1613 1390 215 79 Kepler
1876 1388 115 74 hin,
2040 1387 111 61 den
2203 1410 59 38 er
2311 1383 328 80 ungestraft,
2688 1392 56 69 ja
2792 1406 133 37 zum

648 1488 169 62 Heile
865 1496 183 54 seiner
1096 1485 195 62 Kunst
1339 1485 183 62 lieben
1574 1485 212 72 durfte,-
1834 1484 117 62 hier
1998 1482 213 63 konnte
2260 1481 124 61 also
2434 1480 136 61 nach
2620 1502 68 38 so
2737 1477 191 79 jahre*

647 1584 194 78 langer
879 1582 318 77 Fesselung
1246 1582 101 60 der
1395 1580 113 62 alte
1549 1580 193 61 Mann
1792 1589 193 53 seinen
2029 1578 257 72 Schwall,
2335 1584 155 55 seine
2538 1597 180 56 ganze
2760 1571 172 63 Kraft

649 1681 347 61 hinströmen
1038 1678 204 72 lassen,
1286 1677 152 62 ohne
1481 1677 156 61 diese
1681 1684 199 72 ewige,
1923 1676 165 77 kluge
2125 1673 281 74 Vorsicht,
2448 1672 91 61 die
2580 1679 118 54 sein
2732 1669 198 61 Leben

653 1775 343 71 verbitterte,
1048 1772 153 64 ohne
1241 1772 198 79 Angst
1489 1795 109 38 vor
1646 1771 319 62 kleinlichen
2008 1767 475 80 Gehässigkeiten
2533 1766 120 62 und
2692 1764 243 63 Wider*

649 1870 258 63 ständen,
1074 1869 114 62 Die
1231 1867 221 80 Folgen
1502 1877 221 70 zeigten
1775 1869 108 61 sich
1932 1867 202 71 sofort,
2182 1865 169 63 schon
2401 1872 57 52 in
2510 1861 110 62 den
2671 1861 262 61 nächsten

647 1963 213 81 Tagen.
914 1961 200 83 Tycho
1165 1964 146 62 lebte
1371 1963 129 73 auf,-
1555 1988 148 55 ganz
1761 1988 119 38 von
1938 1964 188 71 selbst,
2189 1961 152 62 ohne
2391 1959 203 62 Zutun
2655 1955 284 63 ärztlicher

653 2062 253 78 Rezepte
948 2060 442 63 verschwanden
1433 2069 159 54 seine
1625 2060 171 61 üblen
1832 2058 321 72 Zustände,
2189 2058 104 61 das
2327 2053 372 64 schleichende
2731 2051 209 63 Fieber

654 2159 121 60 und
816 2158 91 61 die
948 2154 474 82 Schlaflosigkeit,-
1461 2157 91 61 die
1584 2154 278 80 Wangen
1904 2154 254 63 strafften
2200 2152 127 72 sich,
2370 2152 92 61 die
2502 2149 182 62 Hand
2723 2156 219 54 zitterte

656 2253 143 61 nicht
849 2252 188 72 mehr,-
1085 2262 305 69 ungestüm
1438 2251 257 63 schritten
1747 2251 90 61 die
1885 2250 282 62 Arbeiten
2217 2256 313 62 vorwärts,-
2577 2243 92 62 die
2717 2243 220 78 Augen

660 2350 241 62 wurden
944 2349 111 62 hell
1095 2349 121 62 und
1256 2347 197 73 scharf,
1496 2356 101 54 mit
1636 2346 374 79 jugendlicher
2049 2345 225 62 Frische
2323 2342 238 80 spähten
2612 2347 81 55 sie
2742 2347 55 52 in
2848 2337 91 61 die

658 2445 281 64 Schlünde
982 2445 102 62 des
1126 2444 482 72 Nachthimmels,-
1655 2443 120 62 und
1815 2467 125 38 was
1983 2443 109 61 den
2134 2441 220 78 Augen
2396 2438 108 63 sich
2547 2435 219 74 darbot,
2808 2432 134 63 hielt

658 2543 90 61 die
790 2542 192 61 Feder
1023 2540 386 63 unermüdlich
1452 2539 121 62 fest.
1615 2538 190 62 Unter
1844 2538 133 61 dem
2010 2537 285 62 Ansturm
2337 2557 175 39 neuer
2545 2531 395 78 Anregungen

654 2637 281 63 entschloß
977 2637 108 62 sich
1118 2633 222 83 Tycho,
1382 2645 193 53 seinen
1610 2633 420 80 Lieblingsplan
2073 2642 154 52 eines
2260 2628 406 65 umfassenden
2700 2627 235 77 Haupt*

658 2735 240 72 Werkes,
949 2758 76 38 zu
1076 2733 131 63 dem
1259 2758 60 36 er
1368 2741 106 53 seit
1522 2731 131 62 dem
1693 2730 325 62 Abschiede
2059 2752 118 39 von
2220 2728 211 61 Hveen
2476 2726 109 61 den
2628 2723 141 61 Mut
2808 2744 136 39 ver*

661 2831 160 64 loren
872 2830 174 74 hatte,
1090 2830 216 62 wieder
1357 2827 438 63 aufzunehmen.
1851 2824 329 81 Gigantisch
2222 2832 110 54 wie
2384 2822 150 70 alles,
2576 2843 126 39 was
2742 2812 202 85 Tycho

661 2925 261 74 entwarf,
975 2949 127 38 war
1150 2925 185 61 dieser
1385 2924 157 61 Plan.
1594 2921 137 64 Alle
1772 2916 318 68 Tatsachen
2142 2919 100 62 der
2290 2914 398 72 Sternenwelt,
2742 2914 92 61 die
2886 2934 61 39 er

663 3024 136 61 nach
851 3023 132 62 dem
1028 3022 391 71 Grundsätze,
1470 3019 170 62 nichts
1688 3017 303 81 ungeprüft
2039 3041 118 38 von
2208 3024 194 54 seinen
2445 3013 386 77 Vorgängern
2873 3032 75 37 zu

662 3120 408 71 übernehmen,
1112 3141 117 39 neu
1270 3114 326 82 festgestellt
1637 3114 173 73 hatte,
1853 3113 202 62 sollten
2098 3112 119 61 hier
2248 3117 273 70 vereinigt
2553 3106 233 62 werden
2829 3102 119 63 und

663 3216 108 62 sich
821 3239 75 38 zu
947 3225 185 52 einem
1182 3212 521 79 unwiderleglichen
1754 3211 234 79 System
2037 3219 260 68 steigern.
2354 3206 137 62 Von
2543 3203 213 63 diesem
2806 3200 143 62 viel*

663 3313 286 78 bändigen
992 3310 205 72 Werk,
1249 3311 105 61 das
1406 3309 110 62 den
1557 3304 149 66 Titel
1752 3307 456 61 »Astronomiae
2258 3304 357 61 Instauratae
2665 3299 284 77 Progym*

665 3427 298 44 nasmata«
1004 3407 204 72 führte,
1251 3431 126 38 war
1416 3407 188 60 bisher
1645 3428 109 38 nur
1787 3403 101 61 der
1921 3410 204 54 zweite
2157 3399 188 74 Band,
2378 3398 110 61 den
2524 3396 289 61 Kometen
2850 3393 101 61 des

668 3504 193 79 Jahres
901 3504 152 63 1577
1094 3502 333 73 betreffend,
1471 3499 380 80 fertiggestellt
1893 3498 119 62 und
2045 3520 108 39 vor
2186 3503 220 70 einigen
2441 3492 202 78 Jahren
2678 3488 137 62 auch
2850 3511 103 54 ge*

668 3601 193 62 druckt
902 3600 257 63 worden.
1203 3598 169 63 Alles
1414 3598 212 61 andere
1677 3597 91 77 lag
1809 3603 55 54 in
1908 3594 241 63 Skizzen
2199 3591 120 62 und
2361 3588 198 76 Schlag
2563 3601 221 46 Worten
2826 3606 126 47 vor,

668 3699 92 59 die
801 3720 116 37 nun
963 3695 158 80 eifrig
1162 3695 435 79 hervorgesucht
1637 3692 120 63 und
1796 3691 276 79 geordnet
2112 3686 260 63 wurden,

748 3788 200 83 Tycho
992 3808 343 46 ermunterte
1377 3790 137 62 auch
1549 3789 214 79 Kepler
1803 3812 74 36 zu
1919 3795 185 53 einem
2138 3805 185 40 neuen
2359 3780 151 61 Buch
2544 3776 118 62 und
2695 3776 112 79 gab
2840 3775 114 61 ihm

675 3897 180 70 einige
903 3888 342 63 Richtlinien.
1300 3887 213 80 Kepler
1563 3885 227 70 dankte,
1839 3880 314 80 versprach,
2196 3874 231 82 Tychos
2468 3873 363 77 Weisungen
2883 3893 72 38 zu

676 3983 281 77 befolgen,
1103 3984 153 63 hatte
1300 3983 137 62 aber
1479 3981 108 63 auf
1621 3982 203 61 dessen
1858 3978 230 79 Fragen
2134 3974 136 61 auch
2313 3972 139 62 noch
2496 3978 179 70 einige
2702 3967 253 63 Wochen
