3230 4572
1386 431 226 53 Gfossen

2574 458 97 49 377

310 604 93 50 daß
437 623 52 31 es
522 607 121 51 nicht
677 609 83 52 des
797 612 194 54 Geistes
1025 617 135 53 Band
1191 640 126 38 war,
1359 643 104 32 was

309 684 100 49 hier
432 685 227 65 geknüpft
681 689 150 61 hatte,-
863 694 92 52 daß
978 715 52 32 es
1054 699 104 51 also
1186 703 276 62 notwendig

306 769 85 52 ist,
433 769 65 45 im
539 766 317 56 kommenden
898 775 203 53 Frieden
1144 781 176 51 andere
1362 783 100 50 und

305 844 127 50 echte
457 846 449 67 Geistesbänder,
939 875 61 32 an
1025 859 144 52 Stelle
1202 880 100 32 von
1325 864 101 49 Höf-

305 924 180 50 lichkeit
518 944 153 44 gegen
695 930 208 55 Kunden
936 938 99 50 und
1068 943 391 50 internationaler

305 1004 283 53 Courtoisie
636 1009 116 52 aber
800 1015 162 52 wahre
1004 1019 340 53 Freundschaft
1392 1043 62 30 zu

302 1095 176 39 setzen.
513 1086 111 52 Daß
656 1090 83 51 der
770 1092 150 65 Krieg
950 1098 122 52 nicht
1094 1100 127 51 echte
1246 1101 208 51 Kultur—

299 1165 268 52 Solidarität
582 1170 99 51 und
695 1172 124 51 echte
830 1175 337 56 Freundschaft
1175 1181 278 54 zerbrechen

296 1244 175 59 könne,
562 1249 86 50 das
667 1251 170 61 gehört
852 1275 87 32 zur
954 1259 262 52 Definition
1235 1261 83 51 des
1322 1263 87 52 We-

295 1343 110 31 sens
429 1344 100 32 von
555 1329 177 53 Kultur
757 1335 97 50 und
882 1338 350 53 Freundschaft,
1259 1341 160 52 Schei-

292 1402 157 65 dung
482 1406 114 51 aber
629 1409 81 52 des
744 1413 180 53 Echten
957 1437 116 31 vom
1106 1420 248 52 Unechten
1390 1429 61 46 ist

292 1484 88 50 das
417 1486 256 64 Gegenteil
705 1493 85 50 der
821 1495 318 67 Zerstörung.
1179 1501 66 51 So
1278 1505 169 51 töricht

291 1569 75 44 ein
417 1565 362 67 Militarismus,
821 1575 82 51 der
944 1597 117 31 vom
1103 1580 179 64 Kriege
1324 1603 123 34 neue

290 1644 440 71 Kulturschöpfung
772 1669 248 47 erwartet,
1062 1679 56 32 so
1158 1663 169 51 töricht
1368 1672 75 44 ein

286 1722 305 65 Pacifismus,
640 1731 83 51 der
761 1734 95 51 ihm
898 1738 76 49 die
1009 1740 141 51 Kraft
1190 1741 85 53 der
1307 1744 102 52 Ver-

285 1804 223 66 nichtung
548 1810 186 52 wahrer
776 1815 341 55 Freundschaft
1157 1823 99 51 und
1289 1825 151 52 echter

287 1884 64 49 Ki
380 1885 357 58 'tursolidarität
777 1896 275 52 zuschreibt.
1106 1901 153 64 Krieg
1299 1905 139 60 klärt,

282 1968 141 58 prüft,
459 1969 86 51 übt
578 1971 182 60 Kritik,-
799 1994 53 32 er
885 1978 163 52 schafft
1082 1987 46 45 in
1165 1984 273 55 kultureller

283 2045 99 50 und
424 2050 301 53 moralischer
757 2054 219 53 Hinsicht
1016 2077 88 44 gar
1136 2063 161 59 nichts,
1331 2086 103 33 was

280 2125 124 51 nicht
427 2133 62 45 im
515 2130 171 53 Keime
709 2134 142 52 schon
878 2138 65 50 da
967 2158 120 39 war,-
1114 2162 50 30 er
1180 2147 255 52 vernichtet

278 2209 47 46 in
361 2206 197 61 gleicher
590 2211 217 54 Hinsicht
849 2234 88 45 gar
969 2219 163 61 nichts,
1166 2242 103 33 was
1312 2228 122 51 nicht

276 2285 143 52 schon
443 2291 216 51 innerlich
682 2305 75 40 tot
777 2315 105 32 war
913 2299 116 51 oder
1051 2302 91 50 sich
1176 2304 70 51 als
1282 2318 148 41 etwas

276 2368 212 61 ausgab,
536 2389 104 33 was
691 2393 51 32 es
793 2376 195 54 faktisch
1031 2383 122 49 nicht
1194 2403 113 33 war.
1358 2388 74 51 Er

273 2445 252 55 rubriziert
565 2470 92 32 nur
695 2454 160 65 Dinge
888 2459 99 51 und
1021 2460 259 55 Menschen
1313 2468 115 51 nach

273 2524 149 53 ihrem
455 2531 265 54 wirklichen
755 2536 158 53 Wert,

339 2608 131 52 Was
504 2630 56 32 so
596 2613 84 52 der
714 2616 151 65 Krieg
898 2638 125 45 ganz
1056 2624 249 62 allgemein
1339 2647 58 43 ge-

269 2691 127 58 zeigt
437 2689 107 60 hat,
586 2693 86 50 das
709 2700 63 46 ist
804 2700 229 52 zunächst
1064 2709 75 45 ein
1174 2723 123 43 ganz
1330 2727 64 30 un-

264 2766 290 55 absehbarer
597 2774 282 55 Rückschritt
918 2780 83 51 des
1044 2798 345 47 gesamteuro-

266 2849 218 61 päischen
507 2853 173 53 Ethos,
708 2858 118 61 Jetzt
849 2873 96 38 erst
967 2869 166 45 erwies
1152 2883 51 32 es
1222 2868 91 49 sich
1331 2887 92 33 vor

266 2926 116 52 aller
417 2929 155 61 Weit,
609 2953 102 32 was
746 2956 52 31 es
832 2939 238 61 bedeutet,
1104 2943 93 52 daß
1218 2945 203 66 Europa

268 3006 137 54 keine
456 3011 357 58 allanerkannte
855 3022 359 54 übernationale
1256 3046 131 33 mora-

258 3086 85 52 lich
379 3090 221 62 religiöse
633 3095 259 54 Autorität
925 3102 132 50 mehr
1105 3103 187 61 besitzt,
1343 3108 75 51 die

263 3168 127 52 ohne
433 3171 198 54 Gewalt
681 3177 140 52 allein
871 3179 140 53 durch
1061 3183 85 51 das
1198 3187 220 53 Gewicht

262 3248 126 52 ihrer
422 3257 192 48 inneren
649 3255 192 54 Würde
877 3260 170 52 Gehör
1080 3263 188 53 besäße.
1320 3268 94 52 Die

259 3326 259 69 Nötigung
536 3334 83 51 der
636 3335 404 66 Kriegsparteien,
1059 3344 91 50 sich
1169 3351 47 44 in
1233 3347 178 53 Sachen

253 3406 86 52 der
360 3410 273 65 beispiellos
654 3418 256 52 verrohten
936 3420 385 69 Kriegsführung
1346 3447 63 32 an

254 3494 107 47 eine
414 3493 144 52 Stelle
609 3498 259 51 außerhalb
910 3500 243 66 Europas,
1203 3525 61 31 an
1315 3508 91 51 den

250 3568 313 58 Präsidenten
587 3577 84 50 der
691 3578 313 65 Vereinigten
1028 3582 195 53 Staaten
1241 3587 123 51 Ame-

247 3649 128 52 rikas
418 3673 61 31 zu
521 3658 227 58 wenden,
790 3664 61 46 ist
892 3660 86 51 das
1019 3662 383 56 beschämendste

247 3729 363 65 Zugeständnis
635 3739 153 51 dieser
810 3747 229 57 geistigen
1063 3744 309 66 Führerlosig-

245 3808 96 52 keit
380 3813 244 65 Europas,
678 3819 144 51 Nicht
863 3841 90 30 nur
993 3823 74 51 die
1106 3823 292 56 Erkenntnis

244 3888 85 52 der
377 3895 205 64 jeweilig
631 3918 61 31 zu
742 3900 352 54 beurteilenden
1136 3902 261 57 Tatsachen

243 3974 70 51 <in
353 3973 220 63 Belgien,
621 3979 160 52 Reims
823 3988 144 52 usw,)
1009 3989 62 46 ist
1111 3984 139 52 durch
1291 3993 104 47 eine

1513 628 288 63 würdelose,
1848 653 112 32 zum
2002 635 105 54 Teil
2158 642 131 50 mehr
2343 648 172 51 servile
2571 653 100 50 und

1513 708 139 61 feige,
1678 729 110 32 zum
1815 710 105 54 Teil
1956 717 135 50 mehr
2124 719 290 64 lügnerische
2448 729 100 50 und
2581 750 58 43 ge-

1510 789 282 52 wissenlose
1814 791 167 54 Presse
2014 798 101 51 und
2136 799 503 62 Nachrichtenvermitt-

1509 866 118 64 lung
1666 870 230 54 vielleicht
1937 877 77 49 für
2049 883 169 48 immer
2251 887 416 63 ausgeschlossen,-

1508 948 114 49 auch
1633 949 75 51 die
1719 950 60 51 M
1791 972 28 30 a
1830 954 28 50 ß
1870 973 24 32 s
1904 967 20 38 t
1933 960 29 46 ä
1971 957 31 49 b
2013 977 27 32 e
2058 958 82 52 der
2149 960 309 70 Beurteilung
2468 987 195 36 unseres

1506 1026 186 54 stolzen
1710 1030 482 62 Vernunftzeitalters
2216 1049 187 57 zeigten
2422 1047 215 54 Differen-

1504 1124 105 42 zen,
1642 1110 173 54 welche
1849 1114 75 51 die
1962 1117 394 58 Differenzbreite
2390 1127 83 52 des
2514 1148 119 33 euro-

1503 1189 217 60 päischen
1753 1193 157 53 Ethos
1951 1198 117 51 aller
2100 1219 91 33 uns
2224 1203 262 56 bekannter
2517 1209 116 52 Zeit-

1503 1266 116 53 alter
1650 1270 227 66 Europas
1900 1296 117 33 vom
2040 1280 402 58 Frühmittelalter
2474 1289 74 51 bis
2572 1311 86 32 zur

1499 1348 317 68 Aufklärung
1849 1357 99 50 und
1981 1358 92 52 den
2108 1360 174 55 letzten
2317 1371 339 61 europäischen

1499 1428 209 66 Kriegen
1726 1453 81 32 um
1826 1442 74 45 ein
1912 1440 279 65 gewaltiges
2200 1444 123 52 Maß
2336 1447 316 67 übersteigen.

1496 1508 66 51 So
1597 1518 185 57 zeigten
1805 1529 98 38 erst
1922 1524 117 56 jetzt
2060 1522 76 51 die
2158 1532 300 57 vereinigten
2479 1529 141 52 Denk-

1495 1602 133 39 arten
1652 1599 129 46 eines
1804 1598 396 57 schrankenlosen
2218 1604 308 57 historischen
2552 1613 99 51 und

1492 1674 274 51 nationalen
1788 1677 359 64 Relativismus,
2172 1689 129 47 eines
2337 1692 312 57 gewissenlos

1490 1752 99 49 und
1622 1753 166 54 lieblos
1823 1758 114 53 bloß
1961 1763 88 48 auf
2072 1764 153 51 »Gott
2248 1768 99 50 und
2371 1769 88 52 das
2484 1777 165 57 eigene

1491 1829 285 56 Gewissen«
1786 1839 273 60 pochenden
2069 1843 580 69 Moralsubjektivismus,

1487 1912 98 49 und
1618 1918 127 47 eines
1781 1919 344 64 metaphysisch
2162 1927 345 61 aufgeblähten
2530 1932 78 51 Na-

1485 1993 314 61 tionalismus,
1833 1998 82 51 der
1938 2001 83 50 der
2041 2002 220 53 Gottheit
2277 2007 201 53 Stimme
2503 2012 140 51 allein

1484 2074 62 45 im
1555 2072 180 53 Bauche
1746 2075 83 51 des
1840 2082 213 58 eigenen
2053 2082 275 58 Volkstums
2340 2087 299 57 beschlossen

1481 2150 179 61 wähnt,
1693 2154 98 52 ihre
1811 2158 304 55 furchtbaren
2139 2164 213 54 Früchte,
2384 2169 142 51 Aber
2548 2172 87 52 das

1480 2230 406 68 Merkwürdigste
1904 2241 99 49 und
2018 2242 395 57 Beschämendste
2423 2255 49 45 in
2482 2251 155 52 dieser

1479 2309 537 74 Erscheinungsgruppe
2050 2327 61 46 ist
2144 2323 76 51 die
2254 2324 256 66 Tatsache,
2544 2332 95 52 daß

1479 2390 74 50 die
1586 2392 624 71 Demoralisierungskurve
2243 2411 48 44 in
2326 2407 83 51 der
2441 2409 162 64 Spann-

1477 2476 140 45 weite
1651 2472 154 53 dieses
1829 2477 203 65 Krieges
2068 2483 178 60 örtlich,
2279 2487 218 57 volklich,
2520 2492 113 51 nach

1476 2549 239 65 Völkern,
1748 2557 208 53 Klassen
1990 2563 98 50 und
2122 2572 247 57 sonstigen
2394 2569 237 65 Gruppen

1475 2629 280 65 betrachtet,
1805 2655 159 44 genau
2014 2642 92 51 den
2148 2646 294 64 Richtungen
2491 2653 139 63 folgt,

1475 2712 113 49 nach
1614 2713 153 53 denen
1792 2718 75 50 die
1899 2719 273 65 beteiligten
2195 2724 260 56 Menschen
2489 2737 138 47 einen

1473 2792 134 52 mehr
1623 2796 254 62 religiösen
1896 2802 98 49 und
2004 2802 338 65 kriegerischen
2364 2811 261 53 odereinen

1472 2872 132 51 mehr
1622 2881 395 56 positivistischen
2036 2884 99 51 und
2153 2887 310 53 merkantilen
2482 2892 143 52 Geist

1470 2949 224 56 besitzen.
1731 2956 94 53 Die
1860 2961 170 52 Kurve
2064 2971 184 58 springt
2281 2975 85 44 mit
2399 2971 84 51 der
2515 2986 79 37 ost-

1468 3033 268 52 westlichen
1754 3037 244 66 Richtung.
2020 3043 105 51 Das
2144 3047 169 51 relativ
2332 3067 76 32 am
2421 3056 195 47 meisten

1467 3109 306 66 kriegerische
1806 3118 137 52 Volk
1985 3122 84 51 der
2103 3126 201 62 Japaner
2337 3128 281 55 behandelte

1465 3192 121 49 nicht
1618 3212 92 33 nur
1743 3202 48 44 in
1814 3198 176 53 diesem
2014 3202 195 65 Kriege,
2242 3210 208 50 sondern
2472 3211 142 51 schon

1463 3277 64 46 im
1569 3274 219 54 Russisch
1799 3314 24 6 -
1835 3283 300 60 japanischen
2177 3286 179 63 Kriege
2406 3290 75 50 die
2531 3293 89 49 auf

1461 3357 180 47 seinem
1665 3354 452 59 Staatsterritorium
2141 3365 303 54 befindlichen
2467 3371 110 51 Aus-

1459 3431 166 52 länder
1665 3434 84 52 des
1785 3438 273 54 feindlichen
2092 3443 188 54 Staates
2315 3466 78 32 am
2426 3450 183 53 besten.

1456 3511 71 50 Es
1553 3525 158 40 trennt
1734 3536 76 30 am
1835 3519 254 54 schärfsten
2114 3525 149 63 Krieg
2286 3546 99 32 von
2408 3528 200 55 Staaten

1453 3591 99 49 und
1593 3593 113 52 Haß
1741 3613 149 45 gegen
1933 3599 136 53 Volk
2110 3605 97 49 und
2249 3606 353 65 Privatperson,

1451 3669 94 52 Die
1567 3672 193 63 Kugeln
1796 3678 83 50 der
1894 3679 204 61 Russen,
2131 3683 76 52 die
2241 3691 63 46 im
2328 3687 151 53 Laufe
2502 3710 103 33 von

1448 3751 95 49 200
1546 3752 167 62 Jahren
1724 3754 190 65 längere
1924 3758 329 66 Kriegszeiten
2263 3766 69 51 als
2342 3768 233 54 Friedens-

1448 3837 152 46 zeiten
1642 3833 183 62 hatten,
1868 3841 106 49 sind
2016 3843 75 50 die
2125 3843 75 52 bei
2234 3847 200 62 gleicher
2467 3851 102 53 Ver-

1445 3913 350 64 wundungsart
1853 3922 457 65 ungefährlichsten,-
2364 3949 240 45 wogegen

1444 3989 87 52 das
1565 3992 449 68 Dumdumgeschoß
2056 4005 115 50 nach
2205 4006 91 52 den
2331 4026 270 46 genausten
