3275 4572
2654 383 97 53 367

998 403 140 52 Max
1165 400 158 52 Brod
1334 423 9 12 •
1370 395 163 65 Tydo
1564 395 200 51 Braßes
1800 394 121 63 Weg
1955 410 69 32 zu
2061 390 132 52 Gott

424 630 67 39 er
541 603 196 63 mußte
787 598 109 65 sich
950 596 184 63 dieser
1183 593 515 78 widerspenstigen
1748 585 248 64 Familie
2056 584 320 71 entziehen,
2435 604 101 38 um
2594 588 158 54 seine

430 702 168 65 Seele
640 707 120 53 rein
804 720 76 38 zu
923 693 270 64 erhalten.
1237 690 132 63 Das
1411 683 205 65 wurde
1658 683 118 62 ihm
1811 680 139 64 nach
1985 679 188 62 dieser
2204 677 416 80 Unterredung
2651 684 103 53 mit

430 807 188 55 seiner
651 795 163 61 Frau
849 791 141 62 noch
1035 790 203 68 klarer,
1282 783 84 64 als
1409 781 209 63 bisher.
1662 777 248 63 Einfach
1954 776 257 62 arbeiten
2254 773 195 64 mußte
2493 796 77 48 er,
2612 772 145 62 nicht

433 895 138 63 aber
613 890 111 63 sich
765 897 55 54 in
858 882 636 76 Selbstbetrachtungen
1530 876 122 63 und
1686 873 291 80 müßigem
2015 871 372 81 Spintisieren
2422 868 142 64 über
2599 868 159 63 Vor*

430 991 95 64 teil
567 988 123 64 und
722 984 240 81 Entgelt
1002 981 337 70 verzehren,
1383 976 91 62 die
1517 974 98 62 ihn
1660 997 109 38 nur
1804 971 403 62 erschütterten
2242 967 124 64 und
2397 965 361 81 vergifteten,

434 1088 156 63 ohne
638 1108 78 38 zu
768 1091 187 54 einem
1004 1077 291 81 Ergebnis
1346 1097 76 38 zu
1474 1070 238 73 führen/
1752 1066 327 80 überhaupt
2129 1064 190 65 durfte
2372 1088 60 38 er
2481 1071 102 54 mit
2634 1070 125 55 nie*

433 1182 180 66 mand
670 1179 161 63 mehr
890 1187 91 53 ein
1041 1172 405 77 überflüssiges
1498 1167 182 63 Wort
1728 1167 144 61 über
1927 1164 218 80 Kepler
2203 1162 285 81 sprechen.
2549 1159 210 62 Dieses

435 1278 333 68 Verhältnis
810 1276 198 63 mußte
1051 1268 313 68 allmählich
1398 1290 121 39 von
1554 1265 146 62 allen
1737 1265 84 62 als
1855 1280 184 45 etwas
2074 1285 151 56 ganz
2259 1256 503 68 Selbstverständ*

435 1380 164 62 liches
644 1372 297 82 aufgefaßt
981 1369 258 72 werden,
1282 1374 113 54 wie
1436 1361 349 81 Herzschlag
1827 1360 120 63 und
1981 1360 200 62 Atem.
2230 1357 127 62 »Es
2400 1365 71 53 ist
2510 1364 59 71 ja
2611 1361 153 55 mein

438 1477 186 63 Atem
668 1472 122 63 und
831 1478 153 54 mein
1026 1463 407 80 Herzschlag,«
1480 1477 163 63 sagte
1684 1459 108 63 sich
1833 1454 219 84 Tycho.

1585 1633 31 28 ★

523 1766 212 80 Gegen
778 1764 213 77 Mittag
1032 1760 208 81 gelang
1284 1781 61 40 es
1386 1753 301 65 Elisabeth
1731 1751 337 66 unbemerkt
2121 1774 106 39 aus
2278 1748 182 63 ihrem
2503 1746 268 63 Zimmer

440 1889 78 41 zu
560 1861 388 65 entkommen,

523 1960 93 63 Ihr
659 1976 178 45 erster
878 1955 183 79 Gang
1102 1977 127 39 war
1279 1960 55 55 in
1378 1947 367 83 Tengnagels
1785 1943 201 67 Turm.
2035 1944 98 65 Sie
2185 1943 154 63 hatte
2390 1940 189 80 richtig
2630 1963 138 38 ver*

444 2074 200 46 mutet.
812 2053 119 62 Die
970 2047 164 67 Türe
1173 2074 128 38 war
1342 2048 177 74 offen,
1562 2047 91 62 die
1695 2044 185 65 Stube
1924 2043 132 64 leer.

528 2152 267 65 Obwohl
837 2160 83 54 sie
961 2150 175 62 nichts
1187 2147 243 65 anderes
1470 2141 461 81 vorhergesehen
1983 2141 171 71 hatte,
2206 2136 276 65 taumelte
2533 2143 82 54 sie
2658 2156 111 39 vor

443 2251 329 65 Schrecken,
816 2249 183 62 Dann
1042 2246 139 64 aber
1221 2261 163 64 sagte
1418 2251 81 55 sie
1534 2241 128 74 sich,
1699 2239 113 63 daß
1846 2247 83 54 sie
1963 2237 112 63 den
2110 2234 173 82 Kopf
2311 2232 155 65 oben
2500 2230 269 64 behalten

445 2361 214 52 müsse.
706 2347 183 63 Ohne
929 2343 313 65 Bedenken
1284 2341 104 64 lief
1421 2350 81 55 sie
1544 2339 169 63 durch
1757 2336 112 63 den
1912 2334 347 79 Weinberg,
2302 2330 113 64 den
2467 2329 305 62 kürzesten

447 2446 163 80 Weg
659 2468 105 40 zur
814 2442 369 65 Landstraße
1234 2438 192 65 hinab.
1486 2438 182 61 Dann
1727 2434 193 79 schlug
1978 2441 84 54 sie
2114 2430 92 64 die
2255 2429 282 78 Richtung
2587 2449 185 58 gegen

447 2545 171 62 Lissa
661 2551 108 55 ein.
815 2542 132 62 Das
989 2564 126 38 war
1149 2540 102 62 der
1291 2537 228 62 nächste
1559 2533 243 82 größere
1835 2529 247 65 Flecken
2094 2568 21 35 ,-
2156 2537 83 53 sie
2282 2526 258 63 rechnete
2575 2524 197 71 damit,

447 2640 115 63 daß
604 2636 340 84 Tengnagel
985 2637 109 64 sich
1139 2635 143 63 nicht
1323 2642 199 54 weiter
1573 2630 252 63 entfernt
1875 2627 193 62 haben
2114 2623 220 65 würde.
2386 2622 220 64 Zuerst
2648 2644 129 39 war

448 2748 82 53 sie
580 2735 434 74 zuversichtlich,
1065 2733 253 81 glaubte,
1370 2739 82 53 sie
1493 2728 198 63 müßte
1734 2726 134 63 dem
1912 2722 311 67 Geliebten
2277 2720 111 63 auf
2430 2721 102 61 der
2573 2717 203 63 Land*

449 2836 192 63 Straße
682 2834 316 82 begegnen.
1051 2832 84 62 Im
1178 2830 118 64 Ort
1345 2828 175 63 selbst
1562 2825 204 64 wurde
1816 2832 84 54 sie
1950 2820 351 82 ängstlicher,
2348 2818 183 78 fragte
2573 2825 203 52 immer

452 2933 274 80 häufiger,
778 2929 286 65 beschrieb
1116 2928 112 62 den
1281 2924 333 65 Gesuchten
1666 2931 204 54 immer
1920 2941 270 60 genauer.
2250 2914 252 65 Zweifel
2551 2912 224 63 stellten

449 3032 113 61 sich
605 3040 111 55 ein.
760 3030 205 63 Wenn
1002 3051 61 39 er
1094 3051 140 49 nun,
1271 3025 100 62 des
1406 3040 177 63 guten
1618 3020 148 63 Rufs
1800 3018 147 64 nicht
1983 3015 257 73 achtend,
2275 3013 141 64 doch
2451 3011 139 63 nach
2625 3009 152 79 Prag

450 3136 237 72 geritten
739 3126 157 63 war?
955 3124 90 63 Es
1105 3120 266 65 dunkelte
1430 3119 190 73 schon,
1682 3117 84 63 als
1823 3125 83 53 sie
1966 3115 111 61 den
2128 3110 294 80 Rückweg
2472 3106 301 79 einschlug.

453 3224 296 74 Atemlos,
800 3222 291 64 keuchend
1146 3219 141 65 trieb
1347 3227 83 54 sie
1480 3217 110 63 sich
1642 3214 142 63 noch
1836 3237 105 39 zur
1990 3210 134 64 Eile
2176 3234 94 38 an.
2334 3208 90 62 Es
2477 3204 191 65 durfte
2719 3213 57 52 in

453 3322 259 63 Benatek
760 3322 144 62 nicht
953 3317 256 65 bemerkt
1257 3314 256 74 werden,
1566 3313 115 62 daß
1731 3321 82 53 sie
1867 3308 201 74 fehlte,-
2124 3322 165 47 sonst
2341 3304 152 61 hätte
2543 3310 83 55 sie
2679 3324 99 39 am

456 3421 268 62 nächsten
774 3415 168 83 Tage
993 3416 120 63 ihre
1163 3411 554 79 Nachforschungen
1778 3407 144 64 nicht
1972 3406 314 62 fortsetzen
2338 3401 249 62 können.
2646 3398 134 62 Das

457 3526 327 70 ungewisse
826 3516 159 64 Licht
1026 3512 101 64 der
1169 3528 187 45 ersten
1400 3507 206 65 Sterne
1660 3505 229 63 erhellte
1940 3502 87 62 ihr
2079 3501 111 62 den
2234 3498 170 79 Weg.
2458 3495 149 63 Und
2656 3519 125 38 nun

458 3614 173 62 stand
673 3615 103 63 der
816 3614 334 77 Bräutigam
1193 3633 94 37 am
1329 3605 173 64 Rand
1550 3604 159 80 jedes
1750 3600 270 72 Waldes,
2063 3595 272 83 spiegelte
2377 3594 111 63 sich
2531 3601 56 54 in
2632 3591 150 64 allen

459 3709 281 76 Bächlein,
784 3712 191 63 lehnte
1016 3709 109 64 sich
1167 3714 101 55 mit
1303 3705 129 61 dem
1466 3700 233 65 Rücken
1736 3725 73 36 an
1851 3698 169 80 jeden
2056 3695 101 63 der
2189 3689 594 69 verschwimmenden

461 3807 196 81 Hügel
698 3818 59 54 in
800 3810 101 62 der
934 3807 206 64 Ferne,
1174 3803 116 64 Die
1324 3810 219 69 riesige,
1577 3796 423 66 veilchenblaue
2032 3792 312 79 Wölbung
2387 3789 103 63 des
2526 3787 260 63 Abend*

462 3902 259 68 himmels
763 3930 127 40 war
932 3902 188 65 erfüllt
1160 3925 120 41 von
1323 3907 196 55 seinen
1554 3895 393 78 Atemzügen.
1994 3890 175 63 Seine
2211 3886 335 65 unendliche
2590 3885 197 63 Sehn*

461 4003 160 62 sucht
661 4013 136 71 ging
839 4003 172 63 durch
1054 4001 92 64 die
1187 4017 249 45 stumme
1477 3991 368 68 Landschaft.
1892 3986 303 66 Elisabeth
2248 3984 135 64 hielt
2434 3994 78 53 im
2554 3982 234 64 Laufen
