3392 4572
1053 459 228 51 Annette
1311 453 142 54 Ko(B
1477 478 9 11 ■
1507 453 106 50 Die
1645 445 396 57 InternationaCe
2073 439 306 55 Rundscßau
2412 437 121 51 und
2551 437 95 50 der
2674 435 157 65 Krieg

784 458 101 54 270

788 656 216 51 Männer
1039 652 167 64 ergeht
1239 651 76 50 die
1348 646 388 61 Aufforderung,
1769 642 87 51 auf
1885 652 162 49 streng
2079 632 263 55 neutralem
2376 629 166 52 Boden
2585 627 91 50 sich
2724 646 62 30 zu
2819 626 156 50 finden
3010 628 96 50 und

793 736 145 52 durch
973 741 75 46 ein
1084 733 195 52 absolut
1304 730 381 61 unabhängiges,
1718 723 262 64 objektives
2006 720 173 60 Organ
2212 714 92 50 den
2340 709 229 53 Glauben
2604 727 61 30 an
2700 707 76 50 die
2809 707 300 50 Menschheit

792 817 181 52 wieder
1007 815 334 52 aufzurichten.

881 898 165 51 Indem
1079 902 89 45 wir
1201 895 83 51 der
1315 892 261 53 Wahrheit
1609 890 185 55 dienen,
1827 884 174 52 wollen
2034 887 87 46 wir
2156 879 139 50 durch
2328 873 413 56 Versöhnlichkeit
2782 869 93 50 den
2907 867 204 51 Frieden

800 980 320 56 vorbereiten,
1164 974 315 64 gleichgültig,
1518 990 145 31 wann
1705 967 100 51 und
1844 976 140 40 unter
2032 961 206 52 welchen
2279 959 470 56 Voraussetzungen
2799 968 52 32 er
2891 949 221 50 kommen

804 1059 125 51 wird
968 1084 52 14 -—'
1060 1056 100 51 und
1199 1062 90 45 wir
1329 1053 176 53 wollen
1547 1049 300 58 verhindern,
1890 1046 92 50 daß
2017 1043 478 59 überflüssigerweise
2537 1042 106 56 jene
2674 1031 168 53 Fäden
2885 1035 229 44 zerrissen

805 1139 214 57 werden,
1051 1137 174 52 welche
1260 1136 74 50 die
1367 1135 269 50 kultivierte
1668 1127 299 53 TSdensdhheit
2000 1119 451 56 Zusammenhalten.

890 1220 131 51 Also
1054 1217 176 52 wollen
1263 1221 89 44 wir
1382 1214 170 58 helfen,
1588 1218 137 44 einen
1749 1207 201 53 Frieden
1984 1204 379 56 vorzubereiten,
2398 1199 83 51 der
2514 1197 92 51 den
2629 1194 113 51 Haß
2766 1193 221 59 beseitigt
3021 1191 97 48 und

810 1307 106 45 eine
939 1298 331 61 Versöhnung
1305 1293 226 61 anbahnt,
1567 1293 149 49 damit
1748 1291 86 50 das
1869 1288 108 52 Ziel
2011 1287 82 50 des
2129 1284 180 63 großen
2331 1281 202 61 Krieges
2568 1277 83 50 der
2675 1274 147 64 große
2846 1269 168 53 Friede
3037 1276 80 43 sei.

896 1382 97 49 Ein
1027 1376 307 53 literarisches
1359 1376 174 61 Organ
1568 1374 152 49 dieser
1742 1372 101 50 Art
1878 1370 109 50 darf
2015 1385 90 33 nur
2139 1366 86 49 auf
2254 1361 262 53 neutralem
2540 1357 165 52 Boden
2730 1352 262 65 geschaffen
3024 1350 97 50 und

812 1481 103 32 von
948 1462 243 48 Personen
1226 1456 189 63 geleitet
1447 1453 209 59 werden,
1700 1452 144 50 deren
1877 1448 300 52 Neutralität
2217 1445 117 50 über
2375 1441 136 64 jeden
2546 1436 206 54 Zweifel
2793 1432 207 52 erhaben
3034 1430 88 49 da®

813 1542 141 50 steht.
990 1537 215 53 Deshalb
1239 1535 92 51 soll
1366 1554 51 32 es
1453 1541 48 43 in
1536 1534 82 50 der
1651 1533 209 51 Schweiz
1895 1528 244 54 entstehen
2174 1526 98 51 und
2306 1530 138 45 einen
2477 1523 347 49 französisenen
2858 1513 98 51 und
2990 1517 134 44 einen

814 1620 254 52 deutschen
1103 1618 261 51 Schweizer
1397 1636 63 29 zu
1493 1613 372 63 Herausgebern
1899 1611 168 51 haben.
2111 1610 147 49 Diese
2291 1606 211 50 Männer
2534 1599 192 52 werden
2768 1596 75 50 die
2876 1594 148 51 Sichet
3033 1592 94 49 heit

814 1703 160 49 bieten
1008 1717 152 46 gegen
1195 1698 74 51 die
1303 1695 341 63 naheliegende
1679 1693 202 58 Gefahr,
1925 1711 51 31 es
2021 1691 178 51 könnte
2241 1687 73 50 die
2348 1682 267 54 Zeitschrift
2657 1698 87 32 aus
2780 1677 147 49 ihrem
2961 1673 166 64 objek®

816 1789 131 45 tiven
982 1780 102 51 und
1115 1778 298 52 versöhnlich
1449 1775 257 64 gedachten
1744 1773 198 51 Geleise
1976 1769 404 63 herausgedrängt
2422 1764 99 51 und
2563 1773 139 39 unter
2736 1758 106 50 dem
2876 1753 256 53 Verwand

818 1862 83 52 der
934 1860 300 52 Neutralität
1267 1863 280 56 einseitigen
1580 1854 240 52 Zwecken
1855 1853 243 50 dienstbar
2132 1848 211 66 gemacht
2375 1845 207 52 werden.

902 1943 53 50 In
990 1942 156 50 dieser
1179 1938 270 52 Zeitschrift
1490 1937 154 50 sollen
1679 1935 75 50 die
1789 1954 92 31 uns
1917 1933 91 51 alle
2040 1928 322 64 bewegenden
2395 1925 248 52 Probleme
2684 1923 83 50 des
2801 1918 332 52 Weltbrandes

825 2029 47 45 in
907 2022 85 52 der
1015 2022 173 50 Weise
1222 2018 256 53 behandelt
1512 2018 212 59 werden,
1758 2016 93 50 daß
1886 2034 62 31 zu
1983 2013 91 51 den
2108 2009 388 63 aufgeworfenen
2519 2007 207 60 Fragen,
2759 2001 153 52 neben
2935 1999 200 50 hervor®

821 2102 255 64 ragenden,
1114 2101 214 62 objektiv
1361 2100 280 51 denkenden
1663 2096 272 53 Neutralen
1959 2092 303 64 gleichmäßig
2284 2087 294 53 bedeutende
2600 2086 253 51 Vertreter
2875 2081 83 50 der
2980 2079 155 60 krieg®

824 2183 265 51 führenden
1122 2180 135 52 Teile
1292 2181 85 50 das
1404 2182 153 50 Wort
1590 2178 225 58 erhalten,
1853 2176 74 50 die
1961 2180 48 44 in
2043 2174 210 61 knapper
2288 2171 148 49 Form
2470 2169 74 50 die
2567 2166 205 53 Ansicht
2805 2163 122 50 ihrer
2954 2158 183 52 Volks®

823 2283 241 45 genossen
1099 2269 88 48 frei
1220 2282 99 31 von
1354 2260 358 61 Übertreibung
1746 2257 100 52 und
1881 2253 340 63 Gehässigkeit
2254 2271 111 31 zum
2398 2248 257 52 Ausdruck
2687 2247 212 59 bringen.

906 2346 67 50 So
1007 2344 160 51 hoffen
1200 2349 89 44 wir
1324 2349 47 44 in
1406 2341 219 52 ehrlicher
1646 2336 360 53 Kulturabsicht
2039 2335 99 51 und
2169 2339 84 45 mit
2278 2332 122 50 allen
2424 2328 240 52 Kautelen
2688 2344 150 45 gegen
2859 2319 283 54 Mißbrauch

826 2432 74 45 ein
940 2427 174 61 Organ
1155 2445 63 30 zu
1260 2424 219 57 schaffen,
1512 2420 199 51 welches
1754 2419 83 50 der
1870 2416 258 51 Wahrheit
2170 2413 97 51 und
2309 2413 82 50 der
2423 2408 380 54 Menschlichkeit
2837 2405 169 49 dienen
3047 2399 97 51 und

826 2507 155 52 neben
1006 2506 91 51 den
1121 2504 328 52 schrecklichen
1474 2503 160 50 Seiten
1657 2501 83 50 des
1766 2499 203 61 Krieges
1994 2497 115 50 auch
2133 2501 121 52 eine,
2289 2493 122 51 allen
2436 2503 146 51 guten
2606 2488 98 51 und
2727 2486 137 51 edlen
2886 2481 259 53 Menschen

831 2588 276 52 erfreuliche
1140 2586 175 51 Frucht
1350 2591 202 56 zeitigen
1586 2581 137 52 soll.«

911 2687 127 62 Für
1074 2684 188 63 solche
1297 2683 216 78 Dinge,
1547 2679 240 63 werden
1824 2678 99 63 Sie
1956 2699 201 57 sagen,
2190 2683 74 53 ist
2298 2697 62 38 es
2396 2666 299 67 entweder
2728 2689 78 39 zu
2840 2671 131 73 spät
3006 2659 143 63 oder

832 2811 79 37 zu
944 2783 149 64 früh.
1140 2783 148 62 Dies
1324 2796 204 64 sagten
1562 2778 111 63 sich
1701 2777 140 63 auch
1867 2774 341 80 diejenigen,
2241 2768 212 65 welche
2487 2765 138 64 nach
2660 2761 265 65 reiflicher

832 2882 214 80 legung
1079 2881 109 62 sich
1225 2877 259 64 dennoch
1510 2901 77 37 zu
1615 2874 132 63 dem
1773 2869 444 66 Unternehmen
2250 2866 345 63 bekannten.
2639 2857 304 66 Vielleicht
2977 2864 174 52 intern

835 2987 206 55 essiert
1085 3000 62 40 es
1192 2975 100 63 Sie
1336 2999 78 37 zu
1457 2972 202 71 hören,
1701 2980 114 52 wie
1858 2993 63 38 es
1965 2963 287 66 entstand,

917 3074 309 63 Professor
1268 3073 66 62 B.
1372 3094 109 40 aus
1524 3069 183 62 Wien
1759 3064 294 66 schilderte
2105 3071 56 54 in
2211 3071 158 69 jener
2420 3057 264 78 Sitzung,
2726 3061 114 55 wie
2891 3048 117 64 ihm
3062 3045 92 62 die

840 3173 414 79 fortgesetzten
1306 3165 533 80 Zeitungsberichte
1889 3186 121 38 von
2062 3159 113 63 den
2228 3154 390 67 Greueltaten
2671 3150 102 62 der
2832 3144 322 67 serbischen

841 3268 283 66 Soldaten
1166 3267 168 62 keine
1375 3263 171 64 Ruhe
1587 3262 203 63 ließen.
1852 3259 91 64 Es
1987 3268 73 54 ist
2109 3267 57 68 ja
2206 3253 275 65 sicherlich
2533 3243 383 70 beschämend
2967 3259 191 63 genug

844 3367 92 62 für
978 3366 113 62 den
1128 3361 375 72 Gebildeten,
1545 3384 125 38 was
1715 3358 117 63 ihm
1874 3356 196 71 heute,
2111 3363 57 52 in
2211 3361 188 54 einem
2434 3346 301 71 Zeitalter,
2777 3343 105 61 das
2918 3348 108 54 wir
3067 3335 91 63 für

844 3473 91 53 ein
977 3461 356 64 zivilisiertes
1377 3457 231 72 hielten,
1650 3456 142 62 noch
1836 3468 337 66 zugemutet
2213 3447 166 74 wird,
2422 3469 127 39 was
2595 3468 61 38 er
2705 3440 181 69 lesen,
2929 3459 127 39 was
3100 3454 59 39 er

849 3559 402 81 aussprechen,
1292 3564 206 56 womit
1540 3579 62 38 er
1644 3554 106 62 sich
1795 3551 141 63 noch
1979 3549 272 62 befassen
2294 3544 126 65 soll.

925 3657 155 63 Nun
1115 3656 153 63 also!
1312 3654 64 62 In
1414 3650 328 66 Österreich
1785 3648 131 63 hieß
1951 3671 62 39 es
2049 3644 321 80 allgemein,
2413 3639 93 62 die
2533 3634 321 66 serbischen
2881 3629 280 65 Soldaten

854 3753 255 64 besäßen
1151 3762 130 55 eine
1321 3749 203 65 wahre
1557 3747 306 71 Vorliebe,
1908 3743 112 64 den
2055 3737 492 68 österreichischen
2585 3728 448 67 Verwundeten
3074 3722 90 62 die

856 3849 220 80 Augen
1119 3849 433 63 auszustechen.
1597 3845 128 62 Der
1758 3841 307 65 Professor
2107 3836 242 65 wohnte
2391 3842 57 52 in
2490 3830 257 62 nächster
2780 3823 186 65 Nähe
3009 3831 156 53 eines

859 3945 322 72 Lazaretts,
1215 3969 100 38 wo
1342 3941 349 80 neuerdings
1719 3939 189 64 solche
1942 3935 498 79 beklagenswerte
2460 3925 195 81 Opfer
2689 3932 56 52 in
2763 3922 188 79 Pflege
2980 3918 185 79 lagen,

863 4040 122 63 und
1042 4064 62 39 er
1155 4042 278 61 erachtete
1484 4063 62 38 es
1598 4038 85 62 als
1744 4044 160 55 seine
1954 4031 205 70 Pflicht,
2219 4026 111 64 sich
2384 4024 196 62 davon
2642 4045 76 37 zu
2777 4017 387 75 überzeugen.
