3327 4572
1249 395 138 50 Max
1414 393 157 52 Brod
1585 417 8 12 •
1814 390 190 65 'Tgcßo
2005 393 116 50 Braßes
2122 392 46 62 Weg
2200 411 70 31 zu

679 397 97 49 362

684 591 121 64 und
838 600 159 54 wäre
1030 589 507 81 hinausgestürmt,
1574 589 93 62 für
1700 584 201 84 Tycho
1936 610 77 39 zu
2048 585 271 79 kämpfen
2355 585 122 62 und
2510 593 120 54 sein
2663 584 192 75 Recht,
2902 586 93 63 für

684 689 113 62 den
846 688 259 74 Freund,
1166 687 92 63 für
1317 687 111 63 den
1480 685 344 73 Wohltäter,
1882 684 112 62 den
2053 690 252 73 gütigen,
2366 682 219 80 großen
2644 682 352 62 Menschen?

685 786 240 62 Hättest
976 786 80 62 du
1106 786 139 62 auch
1296 809 108 38 nur
1454 792 92 53 ein
1598 782 110 63 Nu
1757 790 288 71 gezögert,
2096 802 171 38 wenn
2319 801 61 41 er
2434 778 100 62 der
2577 778 419 80 Angegriffene

686 906 271 55 gewesen
1000 891 160 52 wäre
1202 881 120 62 und
1363 880 109 63 sich
1514 880 92 61 bei
1647 880 86 61 dir
1772 901 68 40 so
1882 877 167 61 bitter
2089 875 313 62 beschwert
2444 873 226 64 hätte?«

766 976 235 83 Tychos
1035 977 229 64 Antlitz
1307 976 202 64 wurde
1551 984 199 53 immer
1791 974 269 63 finsterer.
2105 971 324 73 Elisabeth,
2464 971 174 62 deren
2675 971 322 80 angstvolle

686 1075 356 80 Aufregung
1084 1083 111 53 wie
1237 1082 88 54 ein
1369 1073 145 62 Blitz
1555 1096 68 39 so
1665 1070 174 64 vieles
1890 1068 248 73 erhellte,
2187 1068 268 62 berührte
2506 1068 91 62 die
2639 1068 212 78 Dinge,
2903 1068 97 62 die

687 1172 97 63 ihn
828 1173 176 62 selbst
1044 1172 170 61 schon
1258 1171 167 77 lange
1468 1171 251 77 quälten,
1762 1167 151 63 ohne
1947 1165 112 63 daß
2094 1190 61 38 er
2187 1164 191 64 bisher
2411 1164 105 62 das
2550 1164 308 64 Bedürfnis
2892 1188 72 56 ge-

690 1270 147 62 fühlt
879 1270 174 71 hätte,
1096 1267 107 62 sich
1247 1266 143 62 über
1430 1276 83 52 sie
1555 1289 227 56 genaue
1824 1262 395 63 Rechenschaft
2268 1286 77 37 zu
2394 1261 292 80 geben...
2731 1261 265 62 Plötzlich

689 1367 174 61 schrie
912 1389 60 38 er
1021 1364 111 62 den
1175 1362 218 79 Zwerg
1442 1361 240 62 wütend
1725 1385 100 38 an:
1885 1360 282 71 »Kürzer,
2210 1358 189 81 Jeppe,
2454 1383 150 56 ganz
2646 1357 156 74 kurz,
2846 1381 154 56 ganz

690 1463 199 62 kurz!«
935 1461 178 61 Dann
1156 1458 248 63 versank
1448 1480 60 40 er
1550 1458 216 62 wieder
1806 1466 56 54 in
1907 1456 228 63 Brüten.

769 1555 490 65 Leidenschaftlich
1284 1569 181 47 setzte
1491 1553 304 62 Elisabeth
1824 1553 131 72 fort,
1989 1552 121 62 und
2141 1559 83 55 sie
2258 1550 216 65 konnte
2506 1550 108 64 sich
2649 1550 171 62 dabei
2854 1550 150 62 nicht

690 1653 302 71 enthalten,
1040 1676 74 38 an
1157 1652 159 61 ihren
1352 1644 337 85 Tengnagel
1730 1673 76 39 zu
1849 1648 239 74 denken,
2134 1648 101 62 der
2277 1656 58 53 in
2378 1656 218 54 seinem
2633 1671 184 56 engen
2853 1646 146 64 Sinn

689 1750 138 63 doch
869 1747 362 64 tausendmal
1274 1747 299 62 herzlicher
1613 1746 94 62 für
1748 1742 203 84 Tycho
1993 1745 179 63 fühlte
2215 1745 83 62 als
2342 1745 102 62 der
2484 1743 333 80 gelehrtere,
2862 1742 138 64 aber

686 1847 334 79 kaltsinnige
1061 1845 235 81 Kepler,
1339 1844 120 62 und
1503 1844 110 62 den
1667 1868 135 38 man
1856 1842 91 64 für
1994 1851 120 55 sein
2157 1861 166 60 gutes
2366 1841 224 64 Gefühl
2632 1850 86 53 ins
2761 1840 240 63 Verließ

687 1943 245 80 gesteckt
973 1943 174 61 hatte.
1208 1939 220 74 »Nein,
1472 1950 153 64 nein,
1668 1940 131 62 dein
1842 1939 240 62 Freund
2125 1938 216 80 Kepler
2384 1938 279 62 benimmt
2703 1936 110 64 sich
2855 1935 148 62 nicht

690 2040 170 63 schön
913 2062 182 56 gegen
1148 2038 176 74 dich,«
1368 2037 111 62 rief
1522 2047 100 62 sie,
1673 2037 117 61 »du
1830 2035 169 64 willst
2050 2060 61 38 es
2164 2058 108 40 vor
2323 2034 88 62 dir
2451 2033 174 63 selbst
2666 2032 337 73 verhehlen,

689 2137 167 62 willst
906 2160 63 38 es
1020 2136 144 62 nicht
1212 2133 325 75 bemerken,
1590 2133 139 62 aber
1777 2133 175 62 weißt
2002 2157 61 38 es
2114 2133 193 62 schon:
2366 2155 63 39 er
2478 2155 135 56 mag
2663 2140 91 53 ein
2806 2131 194 62 Genie

689 2242 142 63 sein,
871 2231 196 80 jedoch
1112 2240 125 53 eine
1270 2231 182 62 rechte
1487 2228 470 64 Menschenseele
1999 2237 71 54 ist
2114 2251 59 40 er
2214 2227 157 62 nicht.
2417 2227 147 62 Und
2605 2250 70 39 so
2716 2226 162 62 mußt
2920 2225 80 62 du

690 2329 118 62 dich
851 2329 139 62 auch
1032 2353 109 38 vor
1183 2329 116 61 ihm
1344 2328 197 72 hüten,
1583 2341 165 49 sonst
1790 2325 146 62 wird
1978 2349 61 38 er
2072 2325 86 61 dir
2191 2324 140 63 noch
2365 2324 183 62 Böses
2585 2340 194 46 antun.
2822 2322 177 63 Denn

690 2451 61 38 er
800 2435 70 54 ist
922 2434 89 55 ein
1062 2425 174 63 böser
1279 2424 263 72 Mensch,
1593 2432 101 53 mit
1745 2421 73 64 all
1867 2430 186 55 seiner
2096 2420 458 65 Weltfremdheit
2605 2420 122 62 und
2776 2418 190 64 Selbst-

689 2523 257 80 losigkeit
988 2532 90 53 ein
1122 2523 172 61 böser
1336 2521 297 62 Mensch.«

774 2620 141 61 »Du
949 2620 189 61 redest
1179 2627 58 70 ja
1270 2618 172 61 schon
1477 2640 190 56 genau
1701 2615 216 63 ebenso
1951 2623 112 54 wie
2101 2613 91 62 die
2219 2613 282 74 Mutter,«
2540 2613 212 80 platzte
2787 2611 214 63 endlich

687 2711 204 84 Tycho
940 2715 108 75 los,
1099 2715 110 62 den
1264 2715 91 61 die
1406 2712 294 64 offenbare
1749 2711 431 79 Übertreibung
2229 2720 56 52 in
2337 2710 113 62 den
2502 2710 207 62 letzten
2752 2707 248 64 Worten

690 2813 333 62 Elisabeths
1056 2811 219 63 wieder
1306 2836 76 36 zu
1416 2810 106 62 sich
1559 2809 260 80 gebracht
1852 2809 170 63 hatte,
2070 2809 168 62 »Das
2271 2816 71 54 ist
2374 2816 57 70 ja
2467 2815 127 54 eine
2627 2828 185 57 ganze
2845 2804 127 63 Vera-

689 2909 87 62 sch
783 2918 264 70 wörung,
1091 2909 184 61 lauter
1312 2907 466 62 Weibersachen!
1824 2907 103 61 Du
1970 2905 122 63 und
2136 2904 92 62 die
2263 2904 229 62 Mutter
2525 2903 122 62 und
2684 2903 110 62 den
2830 2902 173 80 Jeppe

690 3006 137 63 habt
877 3008 83 60 ihr
1012 3006 140 62 auch
1204 3006 154 61 dazu
1407 3013 284 70 gemietet,
1743 3003 101 62 der
1894 3002 164 62 zuckt
2106 3011 58 70 ja
2215 3011 102 52 mit
2359 3001 101 62 der
2502 3001 259 72 Scheere,
2803 3023 70 39 so
2916 2998 87 62 oft

689 3128 134 36 man
859 3126 109 38 nur
1001 3102 112 62 den
1142 3101 267 62 Namen:
1443 3100 216 80 Kepler
1769 3109 75 68 ja,
1874 3098 215 80 Kepler
2205 3097 220 80 Kepler
2538 3097 80 62 du
2644 3095 355 78 Mißgeburt,

689 3200 216 80 Kepler
951 3200 209 62 schreie
1211 3199 78 61 ich
1341 3197 85 61 dir
1476 3206 55 52 in
1584 3196 91 62 die
1719 3196 226 74 Ohren,
1987 3196 87 62 bis
2126 3195 79 62 du
2257 3195 138 63 taub
2440 3197 198 60 davon
2680 3203 159 53 wirst
2881 3191 120 62 und

690 3299 129 61 dein
873 3298 261 61 dummes
1179 3294 235 63 Zucken
1468 3294 289 62 einstellst!
1919 3293 129 63 Laß
2100 3294 207 61 einmal
2356 3293 198 72 sehen,
2596 3300 113 52 wie
2752 3314 63 38 es
2859 3313 144 39 aus*»

1490 3375 5 10 t

689 3394 243 80 gefallen
976 3403 120 54 ist.«
1145 3393 87 62 Er
1274 3392 105 62 ließ
1421 3392 110 62 sich
1574 3392 109 62 den
1730 3390 229 82 Spiegel
2001 3389 303 64 verhalten
2356 3389 122 62 und
2517 3397 185 70 zeigte
2743 3387 110 62 sich
2895 3387 105 61 be*»

691 3491 238 79 friedigt.
974 3490 136 62 Daß
1153 3498 56 53 in
1254 3490 131 61 dem
1428 3487 203 64 kahlen
1669 3487 234 64 Gesicht
1945 3487 91 62 die
2077 3484 428 65 verstümmelte
2540 3484 172 63 Nase
2755 3483 119 62 und
2910 3482 91 61 die

689 3589 584 77 überangestrengten
1316 3585 220 80 Augen
1588 3584 244 62 beinahe
1882 3584 343 78 grauenhaft
2276 3582 213 62 häßlich
2542 3581 92 61 die
2675 3577 326 64 Aufmerk*»

690 3685 239 60 samkeit
972 3683 110 62 auf
1114 3685 107 60 sich
1265 3705 207 56 zogen,
1514 3681 184 63 schien
1741 3681 96 61 ihn
1881 3680 144 62 nicht
2074 3704 75 37 zu
2191 3689 213 53 stören.
2450 3676 203 64 Wenn
2705 3699 135 38 man
2892 3698 111 38 nur

692 3779 91 61 die
832 3779 360 62 Haarlücken
1244 3782 143 58 nicht
1438 3778 109 62 auf
1589 3779 111 61 den
1753 3794 187 46 ersten
1990 3775 149 64 Blick
2188 3775 121 64 sah.
2368 3774 87 62 Er
2507 3773 170 62 stand
2729 3771 106 63 auf
2879 3769 121 65 und

695 3885 129 68 ging
874 3886 75 51 im
1000 3877 258 61 Zimmer
1308 3874 221 74 umher,
1583 3874 365 79 aufgebracht
1999 3873 122 62 und
2172 3872 140 62 doch
2364 3871 171 63 schon
2580 3869 214 63 wieder
2843 3876 157 54 seine

695 3970 302 81 Erregung
1056 3972 514 79 niederzwingend.
1642 3971 229 63 »Siehst
1928 3970 100 72 du,
2087 3979 103 52 mit
2256 3966 225 65 solchen
2542 3962 458 66 Gewaltmitteln
