3265 4572
2553 403 99 52 295

1187 408 607 67 Kriegsberichterstatter

641 993 1715 91 KRIEGSBERICHTERSTATTER

995 1170 142 51 Hier
1150 1187 62 33 so
1213 1168 115 57 (Ten,
1366 1185 120 32 zum
1514 1165 220 64 größten
1764 1160 126 55 Teif
1896 1170 54 43 in
1976 1182 72 31 un
2053 1159 412 66 veröffenificßter
2490 1157 143 52 TJBer-

911 1264 234 50 setzung,
1185 1248 202 53 Proßen
1429 1248 95 49 der
1559 1245 179 52 Besten
1772 1243 399 66 Kriegsßericßte
2195 1241 202 65 fofgen.
2440 1241 105 51 Bei
2575 1241 95 50 der

912 1330 272 52 AuswaßC
1198 1328 263 52 deutscßer
1486 1325 396 66 Kriegsßericßte
1913 1325 210 64 mußten
2157 1330 100 45 wir
2284 1323 278 62 allerdings
2596 1340 70 31 zu

916 1411 400 63 Scßifderungen
1353 1406 213 66 greifen,
1611 1408 85 50 die
1739 1406 183 52 Bereits
1965 1413 52 43 in
2059 1406 95 50 der
2186 1400 344 67 Tagespresse
2564 1420 98 46 ge*

913 1493 224 52 standen
1180 1489 181 53 Baßen.
1406 1489 273 51 Immerßin
1722 1488 144 52 wird
1890 1505 125 33 man
2053 1491 78 46 sie
2171 1504 70 32 an
2283 1485 171 50 dieser
2487 1483 173 57 Steife,

917 1574 122 51 und
1057 1571 239 53 nacßdem
1328 1570 148 52 scßon
1510 1570 221 51 Monate
1761 1575 101 46 seit
1890 1569 136 49 ißrer
2543 1583 119 32 ver*

912 1653 211 53 Strießen
1146 1653 135 57 sind,
1308 1650 290 54 vermutfieß
1618 1651 187 51 anders
1830 1650 152 56 fesen,
2018 1648 79 52 afs
2130 1649 97 49 das
2260 1659 130 39 erste
2412 1645 139 59 Maß
2580 1663 84 33 wo

916 1754 123 33 man
1077 1740 90 52 sie,
1214 1733 246 52 zwisSen
1488 1731 320 64 faustdicken
1842 1728 338 57 Nacßricßten,
2217 1734 54 44 in
2304 1728 97 49 der
2431 1726 231 63 Zeitung

916 1815 241 64 üßerßog.
1194 1813 287 52 Leonßard
1490 1813 166 51 Adfer
1684 1811 120 51 und
1813 1811 151 63 Aage
1985 1808 291 63 Madefung
2304 1805 253 53 seßreißen
2592 1813 70 44 im

919 1895 238 52 Berfiner
1197 1891 284 68 TageßCatt.
1522 1893 108 53 Die
1673 1890 250 59 „Scßfacßt
1956 1889 90 52 Bei
2078 1890 173 50 Reims
2333 1886 215 52 erseßien
2590 1893 71 44 im

926 1978 201 62 Tigaro,
1181 1977 97 49 der
1325 1971 157 60 „Tod
1518 1993 102 32 von
1673 1973 197 63 Ypern”
1924 1978 68 44 im
2048 1969 235 53 Corriere
2330 1968 133 52 deffa
2511 1968 146 56 Sera,

927 2058 227 55 „Hinter
1178 2058 96 51 der
1301 2055 244 54 Scßfacßt”
1584 2062 52 43 in
1668 2055 95 50 der
1791 2051 185 54 Retscß.

1481 2167 40 62 I.

985 2409 159 64 DIE
1187 2402 501 71 SCHLACHT
1730 2399 292 70 STEHT

1191 2279 358 65 Leonbard
1568 2277 231 63 Adler

1514 2553 113 51 Vor
1660 2551 261 63 Przemysl,
1954 2551 205 61 Anfang
2194 2548 285 53 November
2516 2548 140 51 1914,

346 2657 246 168 DIR
618 2662 293 61 schweren
936 2659 360 71 Haubitzen,
1330 2655 459 80 balbvergraben
1823 2662 57 54 in
1916 2661 185 55 einem
2126 2651 167 63 Wall
2327 2676 109 38 aus
2473 2651 184 72 fetter,

534 2759 321 62 schwarzer
888 2756 186 73 Erde,
1109 2755 187 64 heben
1339 2753 119 63 ihre
1491 2751 247 74 runden,
1780 2750 207 80 gelben
2020 2749 243 63 Mäuler
2305 2758 115 53 wie
2453 2747 205 64 Rische

351 2852 141 63 über
526 2853 113 63 den
672 2854 191 64 Rand.
908 2853 138 63 Vor
1081 2852 172 62 ihnen
1287 2850 118 63 läßt
1439 2858 93 55 ein
1568 2848 236 63 falscher
1836 2845 189 65 Wald
2058 2869 109 40 aus
2210 2868 295 56 mageren,
2548 2845 73 61 ab-

350 2948 339 78 gehauenen
723 2949 210 65 Birken
967 2947 277 80 trübselig
1284 2956 160 53 seine
1477 2944 289 82 goldenen
1799 2943 213 62 Blätter
2044 2940 249 81 hängen.
2337 2940 64 63 In
2436 2949 224 54 seinem

348 3042 242 66 Schutze
632 3047 254 64 schleicht
935 3047 109 62 sich
1096 3055 92 52 ein
1230 3042 306 80 Laufgang
1575 3065 122 38 von
1739 3041 281 77 Deckung
2068 3062 77 39 zu
2189 3037 297 80 Deckung,
2540 3037 121 62 Die

350 3139 353 85 Deckungen
762 3144 132 64 sind
945 3142 272 73 Gruben,
1260 3140 93 63 die
1409 3149 103 53 mit
1560 3137 253 64 starkem
1863 3136 342 71 Wellblech,
2263 3132 398 74 Sandsäcken,

348 3233 430 71 Rasenstücken
821 3240 122 62 und
983 3239 165 63 Erde
1188 3261 184 55 gegen
1415 3234 356 81 Schrapnells
1815 3231 310 64 überdacht
2166 3229 144 65 sind.
2356 3228 93 63 Ihr
2481 3230 133 64 Aus-

350 3353 147 60 gang
536 3344 74 54 ist
651 3337 134 63 dem
818 3335 226 65 Feinde
1086 3332 330 81 abgekehrt,
1458 3330 87 64 ihr
1576 3330 233 63 Inneres
1852 3338 103 52 mit
1988 3325 176 66 Stroh
2197 3325 334 82 gepolstert.
2577 3327 85 62 Im

352 3426 255 68 Schatten
642 3443 158 55 eines
836 3433 284 65 seitlichen
1147 3429 290 65 Gehöftes
1468 3427 197 63 reihen
1700 3427 110 63 sich
1839 3423 516 74 Granatenkisten,
2387 3422 94 63 die
2515 3422 147 65 links

353 3525 117 61 und
510 3530 177 63 rechts
732 3531 295 64 handliche
1067 3526 229 66 Henkel
1339 3525 206 63 haben,

430 3614 511 90 Telephondrähte
1000 3625 254 64 kriechen
1312 3647 96 38 am
1456 3620 206 63 Boden
1712 3619 116 72 hin,
1877 3616 456 81 Fangschlingen
2393 3617 95 63 für
2548 3616 116 65 den

352 3709 153 79 Fuß,
545 3719 103 64 der
689 3722 172 64 ihnen
906 3722 381 78 unvorsichtig
1328 3718 149 63 nahe
1519 3716 235 64 kommt.
1801 3715 98 64 Sie
1940 3723 275 56 vereinen
2258 3714 111 62 sich
2413 3723 58 53 in
2506 3723 161 56 einer

353 3807 215 80 Höhle,
610 3817 93 65 die
746 3829 77 54 im
865 3821 289 63 Zentrum
1195 3816 197 64 beider
1425 3812 600 67 Schwesterbatterien
2067 3812 151 80 liegt.
2262 3812 65 62 In
2370 3810 87 64 ihr
2498 3812 171 64 hockt

355 3912 89 55 ein
475 3907 212 80 Mann,
720 3916 422 81 Fernsprecher
1183 3912 119 65 und
1336 3910 436 81 Drähtespulen
1815 3910 188 62 neben
2046 3908 129 62 sich.
2220 3907 92 63 Es
2356 3908 163 82 pfeift
2552 3918 117 56 wie

357 4020 117 43 von
516 4015 155 57 einer
712 4011 208 75 Maus,
963 4012 104 65 der
1107 4012 194 63 Mann
1343 4019 57 53 in
1443 4017 188 55 seiner
1673 4005 201 65 Höhle
1916 4005 163 81 greift
2121 4030 139 38 zum
2300 4006 202 64 Hörer
2544 4006 125 65 und
