<?xml version="1.0" encoding="UTF-8"?>
<alto xmlns:xsi="http://www.w3.org/2001/XMLSchema-instance" xmlns="http://www.loc.gov/standards/alto/ns-v2#" xsi:schemaLocation="http://www.loc.gov/standards/alto/ns-v2# http://www.loc.gov/standards/alto/v2/alto-2-0.xsd" xmlns:xlink="http://www.w3.org/1999/xlink">
	<Description>
		<MeasurementUnit>mm10</MeasurementUnit>
		<sourceImageInformation>
			<fileName>./bmtnabr_1915-03_01_0007.jp2</fileName>
		</sourceImageInformation>
		<OCRProcessing ID="OCRPROCESSING_1">
			<preProcessingStep>
				<processingSoftware>
					<softwareCreator>CCS Content Conversion Specialists GmbH, Germany</softwareCreator>
					<softwareName>CCS docWorks</softwareName>
					<softwareVersion>6.8-1.27</softwareVersion>
				</processingSoftware>
			</preProcessingStep>
			<ocrProcessingStep>
				<processingSoftware>
					<softwareCreator>ABBYY (BIT Software), Russia</softwareCreator>
					<softwareName>FineReader</softwareName>
					<softwareVersion>11.0</softwareVersion>
				</processingSoftware>
			</ocrProcessingStep>
			<postProcessingStep>
				<processingSoftware>
					<softwareCreator>CCS Content Conversion Specialists GmbH, Germany</softwareCreator>
					<softwareName>CCS docWorks</softwareName>
					<softwareVersion>6.8-1.27</softwareVersion>
					<applicationDescription>docWorks: Text modified manually, or automatically replaced</applicationDescription>
				</processingSoftware>
			</postProcessingStep>
		</OCRProcessing>
	</Description>
	<Styles>
		<TextStyle ID="TXT_0" FONTSIZE="20" FONTFAMILY="Times New Roman" FONTSTYLE="bold italics"/>
		<TextStyle ID="TXT_1" FONTSIZE="10" FONTFAMILY="Times New Roman" FONTSTYLE="bold"/>
		<TextStyle ID="TXT_2" FONTSIZE="12" FONTFAMILY="Arial"/>
		<TextStyle ID="TXT_3" FONTSIZE="24" FONTFAMILY="Times New Roman"/>
		<ParagraphStyle ID="PAR_LEFT" ALIGN="Left"/>
		<ParagraphStyle ID="PAR_RIGHT" ALIGN="Right"/>
		<ParagraphStyle ID="PAR_BLOCK" ALIGN="Block"/>
	</Styles>
	<Layout>
		<Page ID="P7" PHYSICAL_IMG_NR="7" HEIGHT="4572" WIDTH="3309" PRINTED_IMG_NR="271" PC="0.942">
			<TopMargin ID="P7_TM00001" HPOS="0" VPOS="0" WIDTH="3309" HEIGHT="471">
				<TextBlock ID="P7_TB00001" HPOS="644" VPOS="395" WIDTH="1780" HEIGHT="73" STYLEREFS="TXT_0 PAR_LEFT">
					<TextLine ID="P7_TL00001" HPOS="644" VPOS="395" WIDTH="1780" HEIGHT="73">
						<String ID="P7_ST00001" HPOS="644" VPOS="397" WIDTH="228" HEIGHT="51" CONTENT="Annette" WC="0.98" CC="1935007"/>
						<SP ID="P7_SP00001" HPOS="872" VPOS="448" WIDTH="32"/>
						<String ID="P7_ST00002" HPOS="904" VPOS="395" WIDTH="141" HEIGHT="53" CONTENT="Kofß" WC="0.65" CC="0066"/>
						<SP ID="P7_SP00002" HPOS="1045" VPOS="448" WIDTH="20"/>
						<String ID="P7_ST00003" HPOS="1065" VPOS="421" WIDTH="10" HEIGHT="12" CONTENT="-" WC="0.55" CC="4" STYLEREFS="TXT_1"/>
						<SP ID="P7_SP00003" HPOS="1075" VPOS="448" WIDTH="18"/>
						<String ID="P7_ST00004" HPOS="1093" VPOS="396" WIDTH="109" HEIGHT="53" CONTENT="Die" WC="0.95" CC="650"/>
						<SP ID="P7_SP00004" HPOS="1202" VPOS="449" WIDTH="31"/>
						<String ID="P7_ST00005" HPOS="1233" VPOS="397" WIDTH="399" HEIGHT="51" CONTENT="Internationafe" WC="0.92" CC="00000000500140"/>
						<SP ID="P7_SP00005" HPOS="1632" VPOS="449" WIDTH="30"/>
						<String ID="P7_ST00006" HPOS="1662" VPOS="399" WIDTH="310" HEIGHT="50" CONTENT="Rundschau" WC="0.98" CC="840940825"/>
						<SP ID="P7_SP00006" HPOS="1972" VPOS="449" WIDTH="32"/>
						<String ID="P7_ST00007" HPOS="2004" VPOS="402" WIDTH="122" HEIGHT="49" CONTENT="und" WC="0.97" CC="105"/>
						<SP ID="P7_SP00007" HPOS="2126" VPOS="451" WIDTH="19"/>
						<String ID="P7_ST00008" HPOS="2145" VPOS="401" WIDTH="95" HEIGHT="51" CONTENT="der" WC="0.98" CC="600"/>
						<SP ID="P7_SP00008" HPOS="2240" VPOS="452" WIDTH="25"/>
						<String ID="P7_ST00009" HPOS="2265" VPOS="402" WIDTH="159" HEIGHT="66" CONTENT="Krieg" WC="0.99" CC="00400"/>
						<SP ID="P7_SP00009" HPOS="2424" VPOS="468" WIDTH="0"/>
					</TextLine>
				</TextBlock>
				<TextBlock ID="P7_TB00002" HPOS="2600" VPOS="406" WIDTH="89" HEIGHT="50" STYLEREFS="TXT_2 PAR_RIGHT">
					<TextLine ID="P7_TL00002" HPOS="2600" VPOS="406" WIDTH="89" HEIGHT="50">
						<String ID="P7_ST00010" HPOS="2600" VPOS="406" WIDTH="89" HEIGHT="50" CONTENT="271" WC="1.00" CC="000"/>
					</TextLine>
				</TextBlock>
			</TopMargin>
			<LeftMargin ID="P7_LM00001" HPOS="0" VPOS="471" WIDTH="380" HEIGHT="3610"/>
			<RightMargin ID="P7_RM00001" HPOS="2710" VPOS="471" WIDTH="599" HEIGHT="3610"/>
			<BottomMargin ID="P7_BM00001" HPOS="0" VPOS="4081" WIDTH="3309" HEIGHT="491"/>
			<PrintSpace ID="P7_PS00001" HPOS="380" VPOS="471" WIDTH="2330" HEIGHT="3610">
				<TextBlock ID="P7_TB00003" HPOS="380" VPOS="589" WIDTH="2330" HEIGHT="3492" STYLEREFS="TXT_3 PAR_BLOCK">
					<TextLine ID="P7_TL00003" HPOS="383" VPOS="591" WIDTH="2310" HEIGHT="72">
						<String ID="P7_ST00011" HPOS="383" VPOS="597" WIDTH="151" HEIGHT="62" CONTENT="Fürs" WC="0.98" CC="2070"/>
						<SP ID="P7_SP00010" HPOS="534" VPOS="659" WIDTH="54"/>
						<String ID="P7_ST00012" HPOS="588" VPOS="607" WIDTH="153" HEIGHT="49" CONTENT="erste" WC="0.97" CC="46045"/>
						<SP ID="P7_SP00011" HPOS="741" VPOS="659" WIDTH="51"/>
						<String ID="P7_ST00013" HPOS="792" VPOS="591" WIDTH="141" HEIGHT="63" CONTENT="aber" WC="0.98" CC="1700"/>
						<SP ID="P7_SP00012" HPOS="933" VPOS="659" WIDTH="51"/>
						<String ID="P7_ST00014" HPOS="984" VPOS="591" WIDTH="365" HEIGHT="63" CONTENT="überraschte" WC="0.99" CC="08626405820"/>
						<SP ID="P7_SP00013" HPOS="1349" VPOS="659" WIDTH="50"/>
						<String ID="P7_ST00015" HPOS="1399" VPOS="614" WIDTH="63" HEIGHT="39" CONTENT="er" WC="0.64" CC="07"/>
						<SP ID="P7_SP00014" HPOS="1462" VPOS="659" WIDTH="50"/>
						<String ID="P7_ST00016" HPOS="1512" VPOS="600" WIDTH="160" HEIGHT="54" CONTENT="seine" WC="0.98" CC="00165"/>
						<SP ID="P7_SP00015" HPOS="1672" VPOS="659" WIDTH="51"/>
						<String ID="P7_ST00017" HPOS="1723" VPOS="592" WIDTH="165" HEIGHT="62" CONTENT="Frau" WC="0.96" CC="3706"/>
						<SP ID="P7_SP00016" HPOS="1888" VPOS="659" WIDTH="51"/>
						<String ID="P7_ST00018" HPOS="1939" VPOS="592" WIDTH="172" HEIGHT="64" CONTENT="durch" WC="0.96" CC="74627"/>
						<SP ID="P7_SP00017" HPOS="2111" VPOS="659" WIDTH="54"/>
						<String ID="P7_ST00019" HPOS="2165" VPOS="603" WIDTH="92" HEIGHT="54" CONTENT="ein" WC="0.96" CC="036"/>
						<SP ID="P7_SP00018" HPOS="2257" VPOS="659" WIDTH="52"/>
						<String ID="P7_ST00020" HPOS="2309" VPOS="596" WIDTH="235" HEIGHT="65" CONTENT="Gesuch" WC="0.97" CC="450697"/>
						<SP ID="P7_SP00019" HPOS="2544" VPOS="661" WIDTH="49"/>
						<String ID="P7_ST00021" HPOS="2593" VPOS="625" WIDTH="100" HEIGHT="38" CONTENT="um" WC="0.40" CC="65"/>
					</TextLine>
					<TextLine ID="P7_TL00004" HPOS="383" VPOS="686" WIDTH="2309" HEIGHT="75">
						<String ID="P7_ST00022" HPOS="383" VPOS="694" WIDTH="79" HEIGHT="63" CONTENT="50" WC="0.79" CC="40"/>
						<SP ID="P7_SP00020" HPOS="462" VPOS="757" WIDTH="18"/>
						<String ID="P7_ST00023" HPOS="480" VPOS="691" WIDTH="259" HEIGHT="62" CONTENT="Kronen." WC="0.99" CC="0600064"/>
						<SP ID="P7_SP00021" HPOS="739" VPOS="757" WIDTH="47"/>
						<String ID="P7_ST00024" HPOS="786" VPOS="687" WIDTH="100" HEIGHT="65" CONTENT="Sie" WC="0.95" CC="560"/>
						<SP ID="P7_SP00022" HPOS="886" VPOS="757" WIDTH="38"/>
						<String ID="P7_ST00025" HPOS="924" VPOS="697" WIDTH="233" HEIGHT="64" CONTENT="meinte," WC="0.99" CC="1052604"/>
						<SP ID="P7_SP00023" HPOS="1157" VPOS="761" WIDTH="43"/>
						<String ID="P7_ST00026" HPOS="1200" VPOS="711" WIDTH="63" HEIGHT="40" CONTENT="er" WC="0.69" CC="06"/>
						<SP ID="P7_SP00024" HPOS="1263" VPOS="761" WIDTH="41"/>
						<String ID="P7_ST00027" HPOS="1304" VPOS="686" WIDTH="272" HEIGHT="64" CONTENT="brauchte" WC="0.99" CC="75000000"/>
						<SP ID="P7_SP00025" HPOS="1576" VPOS="761" WIDTH="42"/>
						<String ID="P7_ST00028" HPOS="1618" VPOS="696" WIDTH="86" HEIGHT="54" CONTENT="sie" WC="0.98" CC="060"/>
						<SP ID="P7_SP00026" HPOS="1704" VPOS="761" WIDTH="40"/>
						<String ID="P7_ST00029" HPOS="1744" VPOS="687" WIDTH="142" HEIGHT="63" CONTENT="doch" WC="0.98" CC="9000"/>
						<SP ID="P7_SP00027" HPOS="1886" VPOS="761" WIDTH="43"/>
						<String ID="P7_ST00030" HPOS="1929" VPOS="714" WIDTH="110" HEIGHT="37" CONTENT="nur" WC="0.97" CC="006"/>
						<SP ID="P7_SP00028" HPOS="2039" VPOS="761" WIDTH="42"/>
						<String ID="P7_ST00031" HPOS="2081" VPOS="690" WIDTH="188" HEIGHT="63" CONTENT="selber" WC="0.98" CC="007706"/>
						<SP ID="P7_SP00029" HPOS="2269" VPOS="761" WIDTH="41"/>
						<String ID="P7_ST00032" HPOS="2310" VPOS="718" WIDTH="77" HEIGHT="37" CONTENT="zu" WC="0.69" CC="60"/>
						<SP ID="P7_SP00030" HPOS="2387" VPOS="761" WIDTH="42"/>
						<String ID="P7_ST00033" HPOS="2429" VPOS="694" WIDTH="263" HEIGHT="66" CONTENT="nehmen." WC="0.99" CC="0070034"/>
					</TextLine>
					<TextLine ID="P7_TL00005" HPOS="383" VPOS="784" WIDTH="2316" HEIGHT="81">
						<String ID="P7_ST00034" HPOS="383" VPOS="789" WIDTH="169" HEIGHT="66" CONTENT="Aber" WC="0.96" CC="5706"/>
						<SP ID="P7_SP00031" HPOS="552" VPOS="855" WIDTH="33"/>
						<String ID="P7_ST00035" HPOS="585" VPOS="811" WIDTH="61" HEIGHT="39" CONTENT="er" WC="0.67" CC="06"/>
						<SP ID="P7_SP00032" HPOS="646" VPOS="855" WIDTH="33"/>
						<String ID="P7_ST00036" HPOS="679" VPOS="784" WIDTH="250" HEIGHT="65" CONTENT="bestand" WC="1.00" CC="0003400"/>
						<SP ID="P7_SP00033" HPOS="929" VPOS="855" WIDTH="35"/>
						<String ID="P7_ST00037" HPOS="964" VPOS="786" WIDTH="110" HEIGHT="61" CONTENT="auf" WC="0.95" CC="066"/>
						<SP ID="P7_SP00034" HPOS="1074" VPOS="855" WIDTH="26"/>
						<String ID="P7_ST00038" HPOS="1100" VPOS="794" WIDTH="190" HEIGHT="55" CONTENT="seiner" WC="0.99" CC="005206"/>
						<SP ID="P7_SP00035" HPOS="1290" VPOS="855" WIDTH="17"/>
						<String ID="P7_ST00039" HPOS="1307" VPOS="785" WIDTH="152" HEIGHT="62" CONTENT="Bitte" WC="1.00" CC="00000"/>
						<SP ID="P7_SP00036" HPOS="1459" VPOS="855" WIDTH="34"/>
						<String ID="P7_ST00040" HPOS="1493" VPOS="784" WIDTH="124" HEIGHT="63" CONTENT="und" WC="1.00" CC="000"/>
						<SP ID="P7_SP00037" HPOS="1617" VPOS="855" WIDTH="33"/>
						<String ID="P7_ST00041" HPOS="1650" VPOS="784" WIDTH="189" HEIGHT="81" CONTENT="begab" WC="0.99" CC="00900"/>
						<SP ID="P7_SP00038" HPOS="1839" VPOS="865" WIDTH="34"/>
						<String ID="P7_ST00042" HPOS="1873" VPOS="788" WIDTH="111" HEIGHT="61" CONTENT="sich" WC="0.97" CC="0507"/>
						<SP ID="P7_SP00039" HPOS="1984" VPOS="865" WIDTH="36"/>
						<String ID="P7_ST00043" HPOS="2020" VPOS="786" WIDTH="158" HEIGHT="64" CONTENT="dann" WC="0.99" CC="0002"/>
						<SP ID="P7_SP00040" HPOS="2178" VPOS="865" WIDTH="33"/>
						<String ID="P7_ST00044" HPOS="2211" VPOS="799" WIDTH="101" HEIGHT="52" CONTENT="mit" WC="0.99" CC="002"/>
						<SP ID="P7_SP00041" HPOS="2312" VPOS="865" WIDTH="26"/>
						<String ID="P7_ST00045" HPOS="2338" VPOS="790" WIDTH="103" HEIGHT="64" CONTENT="der" WC="0.98" CC="006"/>
						<SP ID="P7_SP00042" HPOS="2441" VPOS="865" WIDTH="18"/>
						<String ID="P7_ST00046" HPOS="2459" VPOS="791" WIDTH="240" HEIGHT="65" CONTENT="Summe" WC="0.98" CC="50006"/>
					</TextLine>
					<TextLine ID="P7_TL00006" HPOS="385" VPOS="882" WIDTH="2312" HEIGHT="75">
						<String ID="P7_ST00047" HPOS="385" VPOS="898" WIDTH="87" HEIGHT="53" CONTENT="ins" WC="0.95" CC="760"/>
						<SP ID="P7_SP00043" HPOS="472" VPOS="951" WIDTH="37"/>
						<String ID="P7_ST00048" HPOS="509" VPOS="885" WIDTH="293" HEIGHT="63" CONTENT="Lazarett." WC="0.99" CC="067060304"/>
						<SP ID="P7_SP00044" HPOS="802" VPOS="951" WIDTH="54"/>
						<String ID="P7_ST00049" HPOS="856" VPOS="883" WIDTH="159" HEIGHT="62" CONTENT="Dort" WC="0.96" CC="0564"/>
						<SP ID="P7_SP00045" HPOS="1015" VPOS="951" WIDTH="41"/>
						<String ID="P7_ST00050" HPOS="1056" VPOS="883" WIDTH="242" HEIGHT="62" CONTENT="äußerte" WC="0.98" CC="0645550"/>
						<SP ID="P7_SP00046" HPOS="1298" VPOS="951" WIDTH="43"/>
						<String ID="P7_ST00051" HPOS="1341" VPOS="906" WIDTH="63" HEIGHT="38" CONTENT="er" WC="0.68" CC="06"/>
						<SP ID="P7_SP00047" HPOS="1404" VPOS="951" WIDTH="51"/>
						<String ID="P7_ST00052" HPOS="1455" VPOS="882" WIDTH="115" HEIGHT="62" CONTENT="den" WC="0.98" CC="005"/>
						<SP ID="P7_SP00048" HPOS="1570" VPOS="951" WIDTH="43"/>
						<String ID="P7_ST00053" HPOS="1613" VPOS="883" WIDTH="288" HEIGHT="74" CONTENT="Wunsch," WC="0.99" CC="7000004"/>
						<SP ID="P7_SP00049" HPOS="1901" VPOS="957" WIDTH="50"/>
						<String ID="P7_ST00054" HPOS="1951" VPOS="908" WIDTH="78" HEIGHT="38" CONTENT="zu" WC="0.34" CC="75"/>
						<SP ID="P7_SP00050" HPOS="2029" VPOS="957" WIDTH="52"/>
						<String ID="P7_ST00055" HPOS="2081" VPOS="894" WIDTH="190" HEIGHT="55" CONTENT="einem" WC="1.00" CC="01010"/>
						<SP ID="P7_SP00051" HPOS="2271" VPOS="957" WIDTH="40"/>
						<String ID="P7_ST00056" HPOS="2311" VPOS="912" WIDTH="121" HEIGHT="38" CONTENT="von" WC="0.99" CC="010"/>
						<SP ID="P7_SP00052" HPOS="2432" VPOS="957" WIDTH="44"/>
						<String ID="P7_ST00057" HPOS="2476" VPOS="888" WIDTH="221" HEIGHT="63" CONTENT="Serben" WC="0.99" CC="307000"/>
					</TextLine>
					<TextLine ID="P7_TL00007" HPOS="385" VPOS="976" WIDTH="2316" HEIGHT="85">
						<String ID="P7_ST00058" HPOS="385" VPOS="995" WIDTH="57" HEIGHT="52" CONTENT="in" WC="0.66" CC="60"/>
						<SP ID="P7_SP00053" HPOS="442" VPOS="1047" WIDTH="32"/>
						<String ID="P7_ST00059" HPOS="474" VPOS="981" WIDTH="266" HEIGHT="80" CONTENT="besagter" WC="0.99" CC="00006606"/>
						<SP ID="P7_SP00054" HPOS="740" VPOS="1061" WIDTH="28"/>
						<String ID="P7_ST00060" HPOS="768" VPOS="978" WIDTH="214" HEIGHT="64" CONTENT="Weise" WC="0.98" CC="70303"/>
						<SP ID="P7_SP00055" HPOS="982" VPOS="1061" WIDTH="31"/>
						<String ID="P7_ST00061" HPOS="1013" VPOS="979" WIDTH="422" HEIGHT="79" CONTENT="zugerichteten" WC="0.99" CC="7600600700405"/>
						<SP ID="P7_SP00056" HPOS="1435" VPOS="1061" WIDTH="37"/>
						<String ID="P7_ST00062" HPOS="1472" VPOS="976" WIDTH="396" HEIGHT="67" CONTENT="Österreicher" WC="1.00" CC="000056000006"/>
						<SP ID="P7_SP00057" HPOS="1868" VPOS="1061" WIDTH="32"/>
						<String ID="P7_ST00063" HPOS="1900" VPOS="979" WIDTH="235" HEIGHT="82" CONTENT="geführt" WC="0.98" CC="0060756"/>
						<SP ID="P7_SP00058" HPOS="2135" VPOS="1061" WIDTH="30"/>
						<String ID="P7_ST00064" HPOS="2165" VPOS="1007" WIDTH="78" HEIGHT="38" CONTENT="zu" WC="0.65" CC="60"/>
						<SP ID="P7_SP00059" HPOS="2243" VPOS="1061" WIDTH="34"/>
						<String ID="P7_ST00065" HPOS="2277" VPOS="983" WIDTH="259" HEIGHT="74" CONTENT="werden," WC="0.99" CC="7040044"/>
						<SP ID="P7_SP00060" HPOS="2536" VPOS="1061" WIDTH="33"/>
						<String ID="P7_ST00066" HPOS="2569" VPOS="986" WIDTH="132" HEIGHT="62" CONTENT="weil" WC="0.96" CC="9007"/>
					</TextLine>
					<TextLine ID="P7_TL00008" HPOS="386" VPOS="1075" WIDTH="2316" HEIGHT="81">
						<String ID="P7_ST00067" HPOS="386" VPOS="1106" WIDTH="61" HEIGHT="39" CONTENT="er" WC="1.00" CC="00"/>
						<SP ID="P7_SP00061" HPOS="447" VPOS="1145" WIDTH="40"/>
						<String ID="P7_ST00068" HPOS="487" VPOS="1077" WIDTH="112" HEIGHT="65" CONTENT="ihm" WC="0.97" CC="070"/>
						<SP ID="P7_SP00062" HPOS="599" VPOS="1145" WIDTH="42"/>
						<String ID="P7_ST00069" HPOS="641" VPOS="1077" WIDTH="83" HEIGHT="62" CONTENT="50" WC="0.67" CC="05"/>
						<SP ID="P7_SP00063" HPOS="724" VPOS="1145" WIDTH="33"/>
						<String ID="P7_ST00070" HPOS="757" VPOS="1076" WIDTH="246" HEIGHT="63" CONTENT="Kronen" WC="0.99" CC="070005"/>
						<SP ID="P7_SP00064" HPOS="1003" VPOS="1145" WIDTH="43"/>
						<String ID="P7_ST00071" HPOS="1046" VPOS="1101" WIDTH="78" HEIGHT="38" CONTENT="zu" WC="0.76" CC="40"/>
						<SP ID="P7_SP00065" HPOS="1124" VPOS="1145" WIDTH="43"/>
						<String ID="P7_ST00072" HPOS="1167" VPOS="1075" WIDTH="386" HEIGHT="81" CONTENT="überbringen" WC="0.99" CC="07067635005"/>
						<SP ID="P7_SP00066" HPOS="1553" VPOS="1156" WIDTH="44"/>
						<String ID="P7_ST00073" HPOS="1597" VPOS="1076" WIDTH="168" HEIGHT="65" CONTENT="habe." WC="0.98" CC="73002"/>
						<SP ID="P7_SP00067" HPOS="1765" VPOS="1156" WIDTH="62"/>
						<String ID="P7_ST00074" HPOS="1827" VPOS="1077" WIDTH="90" HEIGHT="64" CONTENT="Es" WC="0.64" CC="70"/>
						<SP ID="P7_SP00068" HPOS="1917" VPOS="1156" WIDTH="51"/>
						<String ID="P7_ST00075" HPOS="1968" VPOS="1077" WIDTH="120" HEIGHT="65" CONTENT="läßt" WC="0.97" CC="7060"/>
						<SP ID="P7_SP00069" HPOS="2088" VPOS="1156" WIDTH="49"/>
						<String ID="P7_ST00076" HPOS="2137" VPOS="1081" WIDTH="111" HEIGHT="62" CONTENT="sich" WC="0.98" CC="0007"/>
						<SP ID="P7_SP00070" HPOS="2248" VPOS="1156" WIDTH="52"/>
						<String ID="P7_ST00077" HPOS="2300" VPOS="1081" WIDTH="246" HEIGHT="75" CONTENT="denken," WC="1.00" CC="0003004"/>
						<SP ID="P7_SP00071" HPOS="2546" VPOS="1156" WIDTH="43"/>
						<String ID="P7_ST00078" HPOS="2589" VPOS="1082" WIDTH="113" HEIGHT="65" CONTENT="daß" WC="0.99" CC="003"/>
					</TextLine>
					<TextLine ID="P7_TL00009" HPOS="385" VPOS="1171" WIDTH="2315" HEIGHT="87">
						<String ID="P7_ST00079" HPOS="385" VPOS="1200" WIDTH="130" HEIGHT="40" CONTENT="man" WC="0.97" CC="007"/>
						<SP ID="P7_SP00072" HPOS="515" VPOS="1240" WIDTH="27"/>
						<String ID="P7_ST00080" HPOS="542" VPOS="1174" WIDTH="116" HEIGHT="63" CONTENT="ihm" WC="0.95" CC="570"/>
						<SP ID="P7_SP00073" HPOS="658" VPOS="1240" WIDTH="28"/>
						<String ID="P7_ST00081" HPOS="686" VPOS="1171" WIDTH="245" HEIGHT="81" CONTENT="sogleich" WC="0.99" CC="05070500"/>
						<SP ID="P7_SP00074" HPOS="931" VPOS="1252" WIDTH="26"/>
						<String ID="P7_ST00082" HPOS="957" VPOS="1171" WIDTH="328" HEIGHT="74" CONTENT="willfahrte," WC="0.99" CC="00370006204"/>
						<SP ID="P7_SP00075" HPOS="1285" VPOS="1252" WIDTH="27"/>
						<String ID="P7_ST00083" HPOS="1312" VPOS="1181" WIDTH="103" HEIGHT="54" CONTENT="mit" WC="0.99" CC="011"/>
						<SP ID="P7_SP00076" HPOS="1415" VPOS="1252" WIDTH="26"/>
						<String ID="P7_ST00084" HPOS="1441" VPOS="1172" WIDTH="134" HEIGHT="64" CONTENT="dem" WC="1.00" CC="000"/>
						<SP ID="P7_SP00077" HPOS="1575" VPOS="1252" WIDTH="25"/>
						<String ID="P7_ST00085" HPOS="1600" VPOS="1174" WIDTH="323" HEIGHT="63" CONTENT="Bemerken" WC="0.99" CC="10045500"/>
						<SP ID="P7_SP00078" HPOS="1923" VPOS="1252" WIDTH="35"/>
						<String ID="P7_ST00086" HPOS="1958" VPOS="1176" WIDTH="329" HEIGHT="82" CONTENT="allerdings," WC="1.00" CC="07001020004"/>
						<SP ID="P7_SP00079" HPOS="2287" VPOS="1258" WIDTH="27"/>
						<String ID="P7_ST00087" HPOS="2314" VPOS="1178" WIDTH="114" HEIGHT="64" CONTENT="daß" WC="1.00" CC="000"/>
						<SP ID="P7_SP00080" HPOS="2428" VPOS="1258" WIDTH="28"/>
						<String ID="P7_ST00088" HPOS="2456" VPOS="1179" WIDTH="104" HEIGHT="63" CONTENT="der" WC="0.97" CC="007"/>
						<SP ID="P7_SP00081" HPOS="2560" VPOS="1258" WIDTH="24"/>
						<String ID="P7_ST00089" HPOS="2584" VPOS="1180" WIDTH="78" HEIGHT="64" CONTENT="Be" SUBS_TYPE="HypPart1" SUBS_CONTENT="Betreffende" WC="0.96" CC="60"/>
						<HYP HPOS="2662" VPOS="1180" WIDTH="38" CONTENT="-"/>
					</TextLine>
					<TextLine ID="P7_TL00010" HPOS="386" VPOS="1269" WIDTH="2314" HEIGHT="83">
						<String ID="P7_ST00090" HPOS="386" VPOS="1270" WIDTH="275" HEIGHT="68" CONTENT="treffende" SUBS_TYPE="HypPart2" SUBS_CONTENT="Betreffende" WC="0.99" CC="660763000"/>
						<SP ID="P7_SP00082" HPOS="661" VPOS="1338" WIDTH="23"/>
						<String ID="P7_ST00091" HPOS="684" VPOS="1294" WIDTH="165" HEIGHT="38" CONTENT="zwar" WC="0.99" CC="0006"/>
						<SP ID="P7_SP00083" HPOS="849" VPOS="1338" WIDTH="28"/>
						<String ID="P7_ST00092" HPOS="877" VPOS="1269" WIDTH="106" HEIGHT="63" CONTENT="das" WC="0.98" CC="040"/>
						<SP ID="P7_SP00084" HPOS="983" VPOS="1338" WIDTH="28"/>
						<String ID="P7_ST00093" HPOS="1011" VPOS="1269" WIDTH="353" HEIGHT="80" CONTENT="Augenlicht" WC="0.99" CC="5700001105"/>
						<SP ID="P7_SP00085" HPOS="1364" VPOS="1349" WIDTH="23"/>
						<String ID="P7_ST00094" HPOS="1387" VPOS="1269" WIDTH="269" HEIGHT="65" CONTENT="verloren" WC="0.99" CC="00402705"/>
						<SP ID="P7_SP00086" HPOS="1656" VPOS="1349" WIDTH="27"/>
						<String ID="P7_ST00095" HPOS="1683" VPOS="1270" WIDTH="171" HEIGHT="74" CONTENT="habe," WC="0.98" CC="00704"/>
						<SP ID="P7_SP00087" HPOS="1854" VPOS="1349" WIDTH="24"/>
						<String ID="P7_ST00096" HPOS="1878" VPOS="1273" WIDTH="198" HEIGHT="79" CONTENT="jedoch" WC="0.97" CC="900387"/>
						<SP ID="P7_SP00088" HPOS="2076" VPOS="1352" WIDTH="28"/>
						<String ID="P7_ST00097" HPOS="2104" VPOS="1274" WIDTH="172" HEIGHT="64" CONTENT="durch" WC="0.98" CC="00560"/>
						<SP ID="P7_SP00089" HPOS="2276" VPOS="1352" WIDTH="29"/>
						<String ID="P7_ST00098" HPOS="2305" VPOS="1285" WIDTH="167" HEIGHT="55" CONTENT="einen" WC="0.98" CC="05604"/>
						<SP ID="P7_SP00090" HPOS="2472" VPOS="1352" WIDTH="22"/>
						<String ID="P7_ST00099" HPOS="2494" VPOS="1277" WIDTH="206" HEIGHT="64" CONTENT="Schuß." WC="0.99" CC="500004"/>
					</TextLine>
					<TextLine ID="P7_TL00011" HPOS="463" VPOS="1367" WIDTH="2238" HEIGHT="81">
						<String ID="P7_ST00100" HPOS="463" VPOS="1371" WIDTH="125" HEIGHT="62" CONTENT="Der" WC="0.98" CC="006"/>
						<SP ID="P7_SP00091" HPOS="588" VPOS="1433" WIDTH="40"/>
						<String ID="P7_ST00101" HPOS="628" VPOS="1367" WIDTH="310" HEIGHT="63" CONTENT="Professor" WC="0.99" CC="274600006"/>
						<SP ID="P7_SP00092" HPOS="938" VPOS="1433" WIDTH="40"/>
						<String ID="P7_ST00102" HPOS="978" VPOS="1377" WIDTH="134" HEIGHT="71" CONTENT="ging" WC="0.99" CC="0600"/>
						<SP ID="P7_SP00093" HPOS="1112" VPOS="1448" WIDTH="42"/>
						<String ID="P7_ST00103" HPOS="1154" VPOS="1367" WIDTH="318" HEIGHT="63" CONTENT="daraufhin" WC="1.00" CC="000000750"/>
						<SP ID="P7_SP00094" HPOS="1472" VPOS="1448" WIDTH="43"/>
						<String ID="P7_ST00104" HPOS="1515" VPOS="1367" WIDTH="204" HEIGHT="65" CONTENT="keinen" WC="0.99" CC="055000"/>
						<SP ID="P7_SP00095" HPOS="1719" VPOS="1448" WIDTH="28"/>
						<String ID="P7_ST00105" HPOS="1747" VPOS="1369" WIDTH="204" HEIGHT="64" CONTENT="Schritt" WC="0.98" CC="5007335"/>
						<SP ID="P7_SP00096" HPOS="1951" VPOS="1448" WIDTH="24"/>
						<String ID="P7_ST00106" HPOS="1975" VPOS="1382" WIDTH="202" HEIGHT="55" CONTENT="weiter" WC="0.99" CC="000707"/>
						<SP ID="P7_SP00097" HPOS="2177" VPOS="1448" WIDTH="26"/>
						<String ID="P7_ST00107" HPOS="2203" VPOS="1374" WIDTH="122" HEIGHT="64" CONTENT="und" WC="0.95" CC="650"/>
						<SP ID="P7_SP00098" HPOS="2325" VPOS="1448" WIDTH="42"/>
						<String ID="P7_ST00108" HPOS="2367" VPOS="1376" WIDTH="192" HEIGHT="62" CONTENT="berief" WC="0.98" CC="706400"/>
						<SP ID="P7_SP00099" HPOS="2559" VPOS="1448" WIDTH="33"/>
						<String ID="P7_ST00109" HPOS="2592" VPOS="1377" WIDTH="109" HEIGHT="61" CONTENT="sich" WC="0.97" CC="0507"/>
					</TextLine>
					<TextLine ID="P7_TL00012" HPOS="385" VPOS="1465" WIDTH="2317" HEIGHT="81">
						<String ID="P7_ST00110" HPOS="385" VPOS="1467" WIDTH="110" HEIGHT="65" CONTENT="auf" WC="0.97" CC="420"/>
						<SP ID="P7_SP00100" HPOS="495" VPOS="1532" WIDTH="48"/>
						<String ID="P7_ST00111" HPOS="543" VPOS="1475" WIDTH="124" HEIGHT="54" CONTENT="sein" WC="0.98" CC="0045"/>
						<SP ID="P7_SP00101" HPOS="667" VPOS="1532" WIDTH="50"/>
						<String ID="P7_ST00112" HPOS="717" VPOS="1465" WIDTH="277" HEIGHT="73" CONTENT="Mandat," WC="0.99" CC="4040013"/>
						<SP ID="P7_SP00102" HPOS="994" VPOS="1538" WIDTH="60"/>
						<String ID="P7_ST00113" HPOS="1054" VPOS="1465" WIDTH="107" HEIGHT="63" CONTENT="das" WC="1.00" CC="000"/>
						<SP ID="P7_SP00103" HPOS="1161" VPOS="1538" WIDTH="58"/>
						<String ID="P7_ST00114" HPOS="1219" VPOS="1489" WIDTH="152" HEIGHT="57" CONTENT="ganz" WC="0.99" CC="0060"/>
						<SP ID="P7_SP00104" HPOS="1371" VPOS="1546" WIDTH="50"/>
						<String ID="P7_ST00115" HPOS="1421" VPOS="1466" WIDTH="385" HEIGHT="65" CONTENT="ausdrücklich" WC="0.99" CC="600051486500"/>
						<SP ID="P7_SP00105" HPOS="1806" VPOS="1546" WIDTH="53"/>
						<String ID="P7_ST00116" HPOS="1859" VPOS="1494" WIDTH="111" HEIGHT="38" CONTENT="nur" WC="0.97" CC="070"/>
						<SP ID="P7_SP00106" HPOS="1970" VPOS="1546" WIDTH="48"/>
						<String ID="P7_ST00117" HPOS="2018" VPOS="1480" WIDTH="188" HEIGHT="54" CONTENT="einem" WC="0.99" CC="02400"/>
						<SP ID="P7_SP00107" HPOS="2206" VPOS="1546" WIDTH="43"/>
						<String ID="P7_ST00118" HPOS="2249" VPOS="1472" WIDTH="453" HEIGHT="65" CONTENT="Verwundeten" WC="0.99" CC="20605600100"/>
					</TextLine>
					<TextLine ID="P7_TL00013" HPOS="382" VPOS="1562" WIDTH="2320" HEIGHT="84">
						<String ID="P7_ST00119" HPOS="382" VPOS="1565" WIDTH="135" HEIGHT="81" CONTENT="galt," WC="0.98" CC="00704"/>
						<SP ID="P7_SP00108" HPOS="517" VPOS="1646" WIDTH="58"/>
						<String ID="P7_ST00120" HPOS="575" VPOS="1562" WIDTH="104" HEIGHT="64" CONTENT="der" WC="0.98" CC="005"/>
						<SP ID="P7_SP00109" HPOS="679" VPOS="1646" WIDTH="56"/>
						<String ID="P7_ST00121" HPOS="735" VPOS="1588" WIDTH="121" HEIGHT="38" CONTENT="von" WC="0.99" CC="030"/>
						<SP ID="P7_SP00110" HPOS="856" VPOS="1646" WIDTH="68"/>
						<String ID="P7_ST00122" HPOS="924" VPOS="1562" WIDTH="324" HEIGHT="64" CONTENT="serbischen" WC="1.00" CC="0060300000"/>
						<SP ID="P7_SP00111" HPOS="1248" VPOS="1646" WIDTH="61"/>
						<String ID="P7_ST00123" HPOS="1309" VPOS="1562" WIDTH="283" HEIGHT="65" CONTENT="Soldaten" WC="0.99" CC="31000503"/>
						<SP ID="P7_SP00112" HPOS="1592" VPOS="1646" WIDTH="65"/>
						<String ID="P7_ST00124" HPOS="1657" VPOS="1567" WIDTH="400" HEIGHT="63" CONTENT="verstümmelt" WC="1.00" CC="00704000005"/>
						<SP ID="P7_SP00113" HPOS="2057" VPOS="1646" WIDTH="56"/>
						<String ID="P7_ST00125" HPOS="2113" VPOS="1569" WIDTH="248" HEIGHT="63" CONTENT="worden" WC="1.00" CC="000000"/>
						<SP ID="P7_SP00114" HPOS="2361" VPOS="1646" WIDTH="59"/>
						<String ID="P7_ST00126" HPOS="2420" VPOS="1580" WIDTH="102" HEIGHT="53" CONTENT="sei." WC="0.98" CC="0053"/>
						<SP ID="P7_SP00115" HPOS="2522" VPOS="1646" WIDTH="79"/>
						<String ID="P7_ST00127" HPOS="2601" VPOS="1571" WIDTH="101" HEIGHT="62" CONTENT="Da" WC="0.48" CC="45"/>
					</TextLine>
					<TextLine ID="P7_TL00014" HPOS="383" VPOS="1659" WIDTH="2316" HEIGHT="85">
						<String ID="P7_ST00128" HPOS="383" VPOS="1663" WIDTH="146" HEIGHT="80" CONTENT="gäbe" WC="0.99" CC="0005"/>
						<SP ID="P7_SP00116" HPOS="529" VPOS="1743" WIDTH="54"/>
						<String ID="P7_ST00129" HPOS="583" VPOS="1684" WIDTH="63" HEIGHT="40" CONTENT="es" WC="1.00" CC="00"/>
						<SP ID="P7_SP00117" HPOS="646" VPOS="1743" WIDTH="57"/>
						<String ID="P7_ST00130" HPOS="703" VPOS="1670" WIDTH="59" HEIGHT="70" CONTENT="ja" WC="0.64" CC="70"/>
						<SP ID="P7_SP00118" HPOS="762" VPOS="1743" WIDTH="56"/>
						<String ID="P7_ST00131" HPOS="818" VPOS="1659" WIDTH="180" HEIGHT="63" CONTENT="leider" WC="0.99" CC="001006"/>
						<SP ID="P7_SP00119" HPOS="998" VPOS="1743" WIDTH="52"/>
						<String ID="P7_ST00132" HPOS="1050" VPOS="1659" WIDTH="215" HEIGHT="65" CONTENT="Gottes" WC="0.99" CC="053700"/>
						<SP ID="P7_SP00120" HPOS="1265" VPOS="1743" WIDTH="51"/>
						<String ID="P7_ST00133" HPOS="1316" VPOS="1661" WIDTH="302" HEIGHT="64" CONTENT="Lazarette" WC="0.99" CC="070040064"/>
						<SP ID="P7_SP00121" HPOS="1618" VPOS="1743" WIDTH="57"/>
						<String ID="P7_ST00134" HPOS="1675" VPOS="1687" WIDTH="212" HEIGHT="57" CONTENT="genug," WC="0.98" CC="006604"/>
						<SP ID="P7_SP00122" HPOS="1887" VPOS="1744" WIDTH="51"/>
						<String ID="P7_ST00135" HPOS="1938" VPOS="1665" WIDTH="206" HEIGHT="64" CONTENT="wurde" WC="0.99" CC="00600"/>
						<SP ID="P7_SP00123" HPOS="2144" VPOS="1744" WIDTH="59"/>
						<String ID="P7_ST00136" HPOS="2203" VPOS="1665" WIDTH="117" HEIGHT="65" CONTENT="ihm" WC="0.96" CC="470"/>
						<SP ID="P7_SP00124" HPOS="2320" VPOS="1744" WIDTH="51"/>
						<String ID="P7_ST00137" HPOS="2371" VPOS="1669" WIDTH="328" HEIGHT="72" CONTENT="versichert," WC="0.99" CC="00604070704"/>
					</TextLine>
					<TextLine ID="P7_TL00015" HPOS="383" VPOS="1757" WIDTH="2319" HEIGHT="82">
						<String ID="P7_ST00138" HPOS="383" VPOS="1783" WIDTH="99" HEIGHT="40" CONTENT="wo" WC="0.20" CC="96"/>
						<SP ID="P7_SP00125" HPOS="482" VPOS="1823" WIDTH="51"/>
						<String ID="P7_ST00139" HPOS="533" VPOS="1783" WIDTH="62" HEIGHT="40" CONTENT="er" WC="0.66" CC="06"/>
						<SP ID="P7_SP00126" HPOS="595" VPOS="1823" WIDTH="41"/>
						<String ID="P7_ST00140" HPOS="636" VPOS="1758" WIDTH="191" HEIGHT="63" CONTENT="solche" WC="1.00" CC="020000"/>
						<SP ID="P7_SP00127" HPOS="827" VPOS="1823" WIDTH="43"/>
						<String ID="P7_ST00141" HPOS="870" VPOS="1757" WIDTH="197" HEIGHT="82" CONTENT="Opfer" WC="0.99" CC="00005"/>
						<SP ID="P7_SP00128" HPOS="1067" VPOS="1839" WIDTH="40"/>
						<String ID="P7_ST00142" HPOS="1107" VPOS="1757" WIDTH="313" HEIGHT="64" CONTENT="serbischer" WC="0.99" CC="0057400007"/>
						<SP ID="P7_SP00129" HPOS="1420" VPOS="1839" WIDTH="44"/>
						<String ID="P7_ST00143" HPOS="1464" VPOS="1758" WIDTH="492" HEIGHT="67" CONTENT="Grausamkeiten" WC="1.00" CC="0504004004600"/>
						<SP ID="P7_SP00130" HPOS="1956" VPOS="1839" WIDTH="50"/>
						<String ID="P7_ST00144" HPOS="2006" VPOS="1766" WIDTH="282" HEIGHT="61" CONTENT="antreffen" WC="0.87" CC="001400005"/>
						<SP ID="P7_SP00131" HPOS="2288" VPOS="1839" WIDTH="42"/>
						<String ID="P7_ST00145" HPOS="2330" VPOS="1764" WIDTH="234" HEIGHT="65" CONTENT="könnte." WC="0.99" CC="0340403"/>
						<SP ID="P7_SP00132" HPOS="2564" VPOS="1839" WIDTH="47"/>
						<String ID="P7_ST00146" HPOS="2611" VPOS="1766" WIDTH="91" HEIGHT="63" CONTENT="Er" WC="0.30" CC="76"/>
					</TextLine>
					<TextLine ID="P7_TL00016" HPOS="383" VPOS="1853" WIDTH="2318" HEIGHT="84">
						<String ID="P7_ST00147" HPOS="383" VPOS="1857" WIDTH="215" HEIGHT="62" CONTENT="machte" WC="1.00" CC="200030"/>
						<SP ID="P7_SP00133" HPOS="598" VPOS="1919" WIDTH="51"/>
						<String ID="P7_ST00148" HPOS="649" VPOS="1854" WIDTH="110" HEIGHT="64" CONTENT="sich" WC="0.99" CC="0500"/>
						<SP ID="P7_SP00134" HPOS="759" VPOS="1919" WIDTH="52"/>
						<String ID="P7_ST00149" HPOS="811" VPOS="1879" WIDTH="122" HEIGHT="38" CONTENT="nun" WC="0.98" CC="600"/>
						<SP ID="P7_SP00135" HPOS="933" VPOS="1919" WIDTH="51"/>
						<String ID="P7_ST00150" HPOS="984" VPOS="1853" WIDTH="340" HEIGHT="83" CONTENT="anheischig," WC="0.99" CC="00706000604"/>
						<SP ID="P7_SP00136" HPOS="1324" VPOS="1936" WIDTH="60"/>
						<String ID="P7_ST00151" HPOS="1384" VPOS="1880" WIDTH="121" HEIGHT="39" CONTENT="von" WC="1.00" CC="000"/>
						<SP ID="P7_SP00137" HPOS="1505" VPOS="1936" WIDTH="51"/>
						<String ID="P7_ST00152" HPOS="1556" VPOS="1866" WIDTH="186" HEIGHT="54" CONTENT="einem" WC="0.99" CC="06000"/>
						<SP ID="P7_SP00138" HPOS="1742" VPOS="1936" WIDTH="59"/>
						<String ID="P7_ST00153" HPOS="1801" VPOS="1884" WIDTH="136" HEIGHT="36" CONTENT="zum" WC="0.96" CC="630"/>
						<SP ID="P7_SP00139" HPOS="1937" VPOS="1936" WIDTH="52"/>
						<String ID="P7_ST00154" HPOS="1989" VPOS="1860" WIDTH="218" HEIGHT="63" CONTENT="andern" WC="0.98" CC="560060"/>
						<SP ID="P7_SP00140" HPOS="2207" VPOS="1936" WIDTH="50"/>
						<String ID="P7_ST00155" HPOS="2257" VPOS="1885" WIDTH="78" HEIGHT="39" CONTENT="zu" WC="1.00" CC="00"/>
						<SP ID="P7_SP00141" HPOS="2335" VPOS="1936" WIDTH="50"/>
						<String ID="P7_ST00156" HPOS="2385" VPOS="1862" WIDTH="316" HEIGHT="75" CONTENT="wandern,-" WC="1.00" CC="000004340"/>
					</TextLine>
					<TextLine ID="P7_TL00017" HPOS="383" VPOS="1952" WIDTH="2316" HEIGHT="79">
						<String ID="P7_ST00157" HPOS="383" VPOS="1952" WIDTH="219" HEIGHT="65" CONTENT="überall" WC="0.99" CC="0706000"/>
						<SP ID="P7_SP00142" HPOS="602" VPOS="2017" WIDTH="44"/>
						<String ID="P7_ST00158" HPOS="646" VPOS="1952" WIDTH="193" HEIGHT="65" CONTENT="führte" WC="0.98" CC="607600"/>
						<SP ID="P7_SP00143" HPOS="839" VPOS="2017" WIDTH="43"/>
						<String ID="P7_ST00159" HPOS="882" VPOS="1978" WIDTH="64" HEIGHT="39" CONTENT="er" WC="0.69" CC="06"/>
						<SP ID="P7_SP00144" HPOS="946" VPOS="2017" WIDTH="24"/>
						<String ID="P7_ST00160" HPOS="970" VPOS="1954" WIDTH="111" HEIGHT="63" CONTENT="sich" WC="0.98" CC="0307"/>
						<SP ID="P7_SP00145" HPOS="1081" VPOS="2017" WIDTH="35"/>
						<String ID="P7_ST00161" HPOS="1116" VPOS="1954" WIDTH="112" HEIGHT="62" CONTENT="auf" WC="0.98" CC="040"/>
						<SP ID="P7_SP00146" HPOS="1228" VPOS="2017" WIDTH="28"/>
						<String ID="P7_ST00162" HPOS="1256" VPOS="1954" WIDTH="255" HEIGHT="63" CONTENT="dieselbe" WC="0.99" CC="04000070"/>
						<SP ID="P7_SP00147" HPOS="1511" VPOS="2017" WIDTH="33"/>
						<String ID="P7_ST00163" HPOS="1544" VPOS="1955" WIDTH="210" HEIGHT="63" CONTENT="Weise" WC="0.99" CC="00600"/>
						<SP ID="P7_SP00148" HPOS="1754" VPOS="2018" WIDTH="34"/>
						<String ID="P7_ST00164" HPOS="1788" VPOS="1966" WIDTH="122" HEIGHT="65" CONTENT="ein,-" WC="0.98" CC="04540"/>
						<SP ID="P7_SP00149" HPOS="1910" VPOS="2031" WIDTH="38"/>
						<String ID="P7_ST00165" HPOS="1948" VPOS="1957" WIDTH="249" HEIGHT="64" CONTENT="ziemlich" WC="0.98" CC="61400297"/>
						<SP ID="P7_SP00150" HPOS="2197" VPOS="2031" WIDTH="37"/>
						<String ID="P7_ST00166" HPOS="2234" VPOS="1959" WIDTH="222" HEIGHT="63" CONTENT="überall" WC="0.99" CC="0706000"/>
						<SP ID="P7_SP00151" HPOS="2456" VPOS="2031" WIDTH="27"/>
						<String ID="P7_ST00167" HPOS="2483" VPOS="1960" WIDTH="216" HEIGHT="63" CONTENT="fanden" WC="1.00" CC="000000"/>
					</TextLine>
					<TextLine ID="P7_TL00018" HPOS="383" VPOS="2050" WIDTH="2317" HEIGHT="88">
						<String ID="P7_ST00168" HPOS="383" VPOS="2051" WIDTH="108" HEIGHT="64" CONTENT="sich" WC="0.98" CC="0007"/>
						<SP ID="P7_SP00152" HPOS="491" VPOS="2115" WIDTH="59"/>
						<String ID="P7_ST00169" HPOS="550" VPOS="2050" WIDTH="283" HEIGHT="65" CONTENT="Soldaten" WC="1.00" CC="04001300"/>
						<SP ID="P7_SP00153" HPOS="833" VPOS="2115" WIDTH="60"/>
						<String ID="P7_ST00170" HPOS="893" VPOS="2060" WIDTH="102" HEIGHT="54" CONTENT="mit" WC="0.96" CC="054"/>
						<SP ID="P7_SP00154" HPOS="995" VPOS="2115" WIDTH="58"/>
						<String ID="P7_ST00171" HPOS="1053" VPOS="2051" WIDTH="293" HEIGHT="63" CONTENT="schweren" WC="0.99" CC="00000603"/>
						<SP ID="P7_SP00155" HPOS="1346" VPOS="2115" WIDTH="58"/>
						<String ID="P7_ST00172" HPOS="1404" VPOS="2051" WIDTH="145" HEIGHT="64" CONTENT="oder" WC="0.98" CC="2005"/>
						<SP ID="P7_SP00156" HPOS="1549" VPOS="2115" WIDTH="57"/>
						<String ID="P7_ST00173" HPOS="1606" VPOS="2051" WIDTH="375" HEIGHT="66" CONTENT="unheilbaren" WC="1.00" CC="00700700500"/>
						<SP ID="P7_SP00157" HPOS="1981" VPOS="2117" WIDTH="57"/>
						<String ID="P7_ST00174" HPOS="2038" VPOS="2055" WIDTH="662" HEIGHT="83" CONTENT="Augenverletzungen," WC="1.00" CC="050050050000400504"/>
					</TextLine>
					<TextLine ID="P7_TL00019" HPOS="383" VPOS="2147" WIDTH="2316" HEIGHT="81">
						<String ID="P7_ST00175" HPOS="383" VPOS="2148" WIDTH="140" HEIGHT="62" CONTENT="aber" WC="0.99" CC="0006"/>
						<SP ID="P7_SP00158" HPOS="523" VPOS="2210" WIDTH="41"/>
						<String ID="P7_ST00176" HPOS="564" VPOS="2172" WIDTH="75" HEIGHT="38" CONTENT="an" WC="0.75" CC="04"/>
						<SP ID="P7_SP00159" HPOS="639" VPOS="2210" WIDTH="42"/>
						<String ID="P7_ST00177" HPOS="681" VPOS="2147" WIDTH="207" HEIGHT="63" CONTENT="keinen" WC="1.00" CC="000000"/>
						<SP ID="P7_SP00160" HPOS="888" VPOS="2210" WIDTH="43"/>
						<String ID="P7_ST00178" HPOS="931" VPOS="2147" WIDTH="190" HEIGHT="64" CONTENT="dieser" WC="0.99" CC="050007"/>
						<SP ID="P7_SP00161" HPOS="1121" VPOS="2211" WIDTH="34"/>
						<String ID="P7_ST00179" HPOS="1155" VPOS="2148" WIDTH="445" HEIGHT="80" CONTENT="Unglücklichen" WC="0.99" CC="7600007030700"/>
						<SP ID="P7_SP00162" HPOS="1600" VPOS="2228" WIDTH="41"/>
						<String ID="P7_ST00180" HPOS="1641" VPOS="2149" WIDTH="224" HEIGHT="65" CONTENT="brachte" WC="0.99" CC="7600040"/>
						<SP ID="P7_SP00163" HPOS="1865" VPOS="2228" WIDTH="35"/>
						<String ID="P7_ST00181" HPOS="1900" VPOS="2174" WIDTH="62" HEIGHT="40" CONTENT="er" WC="0.71" CC="05"/>
						<SP ID="P7_SP00164" HPOS="1962" VPOS="2228" WIDTH="33"/>
						<String ID="P7_ST00182" HPOS="1995" VPOS="2161" WIDTH="160" HEIGHT="54" CONTENT="seine" WC="0.99" CC="00500"/>
						<SP ID="P7_SP00165" HPOS="2155" VPOS="2228" WIDTH="37"/>
						<String ID="P7_ST00183" HPOS="2192" VPOS="2152" WIDTH="178" HEIGHT="64" CONTENT="Gabe" WC="0.99" CC="4000"/>
						<SP ID="P7_SP00166" HPOS="2370" VPOS="2228" WIDTH="34"/>
						<String ID="P7_ST00184" HPOS="2404" VPOS="2178" WIDTH="96" HEIGHT="49" CONTENT="an," WC="0.98" CC="004"/>
						<SP ID="P7_SP00167" HPOS="2500" VPOS="2228" WIDTH="44"/>
						<String ID="P7_ST00185" HPOS="2544" VPOS="2154" WIDTH="155" HEIGHT="62" CONTENT="denn" WC="0.98" CC="0065"/>
					</TextLine>
					<TextLine ID="P7_TL00020" HPOS="385" VPOS="2244" WIDTH="2213" HEIGHT="87">
						<String ID="P7_ST00186" HPOS="385" VPOS="2253" WIDTH="199" HEIGHT="56" CONTENT="immer" WC="0.99" CC="60000"/>
						<SP ID="P7_SP00168" HPOS="584" VPOS="2309" WIDTH="41"/>
						<String ID="P7_ST00187" HPOS="625" VPOS="2270" WIDTH="202" HEIGHT="39" CONTENT="waren" WC="1.00" CC="00000"/>
						<SP ID="P7_SP00169" HPOS="827" VPOS="2309" WIDTH="41"/>
						<String ID="P7_ST00188" HPOS="868" VPOS="2244" WIDTH="403" HEIGHT="84" CONTENT="Kopfschüsse" WC="1.00" CC="00000070000"/>
						<SP ID="P7_SP00170" HPOS="1271" VPOS="2328" WIDTH="43"/>
						<String ID="P7_ST00189" HPOS="1314" VPOS="2246" WIDTH="90" HEIGHT="63" CONTENT="die" WC="0.98" CC="012"/>
						<SP ID="P7_SP00171" HPOS="1404" VPOS="2328" WIDTH="44"/>
						<String ID="P7_ST00190" HPOS="1448" VPOS="2246" WIDTH="260" HEIGHT="64" CONTENT="Ursache" WC="0.99" CC="7300000"/>
						<SP ID="P7_SP00172" HPOS="1708" VPOS="2328" WIDTH="43"/>
						<String ID="P7_ST00191" HPOS="1751" VPOS="2247" WIDTH="102" HEIGHT="63" CONTENT="der" WC="0.98" CC="005"/>
						<SP ID="P7_SP00173" HPOS="1853" VPOS="2328" WIDTH="40"/>
						<String ID="P7_ST00192" HPOS="1893" VPOS="2248" WIDTH="370" HEIGHT="83" CONTENT="Erblindung" WC="1.00" CC="6000400000"/>
						<SP ID="P7_SP00174" HPOS="2263" VPOS="2331" WIDTH="39"/>
						<String ID="P7_ST00193" HPOS="2302" VPOS="2275" WIDTH="296" HEIGHT="56" CONTENT="gewesen." WC="1.00" CC="00000404"/>
					</TextLine>
					<TextLine ID="P7_TL00021" HPOS="462" VPOS="2341" WIDTH="2234" HEIGHT="80">
						<String ID="P7_ST00194" HPOS="462" VPOS="2341" WIDTH="307" HEIGHT="65" CONTENT="Professor" WC="0.99" CC="463600005"/>
						<SP ID="P7_SP00175" HPOS="769" VPOS="2406" WIDTH="50"/>
						<String ID="P7_ST00195" HPOS="819" VPOS="2342" WIDTH="66" HEIGHT="64" CONTENT="B." WC="0.68" CC="14"/>
						<SP ID="P7_SP00176" HPOS="885" VPOS="2406" WIDTH="38"/>
						<String ID="P7_ST00196" HPOS="923" VPOS="2342" WIDTH="201" HEIGHT="64" CONTENT="wollte" WC="0.98" CC="044060"/>
						<SP ID="P7_SP00177" HPOS="1124" VPOS="2406" WIDTH="49"/>
						<String ID="P7_ST00197" HPOS="1173" VPOS="2342" WIDTH="228" HEIGHT="64" CONTENT="hiermit" WC="0.98" CC="7556004"/>
						<SP ID="P7_SP00178" HPOS="1401" VPOS="2406" WIDTH="48"/>
						<String ID="P7_ST00198" HPOS="1449" VPOS="2352" WIDTH="54" HEIGHT="54" CONTENT="in" WC="0.61" CC="52"/>
						<SP ID="P7_SP00179" HPOS="1503" VPOS="2406" WIDTH="51"/>
						<String ID="P7_ST00199" HPOS="1554" VPOS="2343" WIDTH="195" HEIGHT="64" CONTENT="keiner" WC="0.99" CC="000205"/>
						<SP ID="P7_SP00180" HPOS="1749" VPOS="2407" WIDTH="40"/>
						<String ID="P7_ST00200" HPOS="1789" VPOS="2345" WIDTH="211" HEIGHT="63" CONTENT="Weise" WC="0.99" CC="02300"/>
						<SP ID="P7_SP00181" HPOS="2000" VPOS="2408" WIDTH="52"/>
						<String ID="P7_ST00201" HPOS="2052" VPOS="2346" WIDTH="330" HEIGHT="75" CONTENT="bestreiten," WC="0.99" CC="70004005404"/>
						<SP ID="P7_SP00182" HPOS="2382" VPOS="2421" WIDTH="52"/>
						<String ID="P7_ST00202" HPOS="2434" VPOS="2347" WIDTH="116" HEIGHT="64" CONTENT="daß" WC="1.00" CC="000"/>
						<SP ID="P7_SP00183" HPOS="2550" VPOS="2421" WIDTH="52"/>
						<String ID="P7_ST00203" HPOS="2602" VPOS="2347" WIDTH="94" HEIGHT="65" CONTENT="die" WC="0.97" CC="060"/>
					</TextLine>
					<TextLine ID="P7_TL00022" HPOS="382" VPOS="2439" WIDTH="2317" HEIGHT="82">
						<String ID="P7_ST00204" HPOS="382" VPOS="2456" WIDTH="325" HEIGHT="63" CONTENT="genannten" WC="1.00" CC="000060000"/>
						<SP ID="P7_SP00184" HPOS="707" VPOS="2519" WIDTH="29"/>
						<String ID="P7_ST00205" HPOS="736" VPOS="2439" WIDTH="390" HEIGHT="64" CONTENT="Greueltaten" WC="1.00" CC="05050000000"/>
						<SP ID="P7_SP00185" HPOS="1126" VPOS="2519" WIDTH="33"/>
						<String ID="P7_ST00206" HPOS="1159" VPOS="2440" WIDTH="456" HEIGHT="81" CONTENT="vorgekommen" WC="1.00" CC="01700040004"/>
						<SP ID="P7_SP00186" HPOS="1615" VPOS="2521" WIDTH="35"/>
						<String ID="P7_ST00207" HPOS="1650" VPOS="2451" WIDTH="190" HEIGHT="66" CONTENT="seien,-" WC="0.99" CC="0060044"/>
						<SP ID="P7_SP00187" HPOS="1840" VPOS="2521" WIDTH="41"/>
						<String ID="P7_ST00208" HPOS="1881" VPOS="2467" WIDTH="61" HEIGHT="39" CONTENT="er" WC="1.00" CC="00"/>
						<SP ID="P7_SP00188" HPOS="1942" VPOS="2521" WIDTH="33"/>
						<String ID="P7_ST00209" HPOS="1975" VPOS="2444" WIDTH="198" HEIGHT="63" CONTENT="wollte" WC="0.99" CC="060050"/>
						<SP ID="P7_SP00189" HPOS="2173" VPOS="2521" WIDTH="33"/>
						<String ID="P7_ST00210" HPOS="2206" VPOS="2469" WIDTH="110" HEIGHT="38" CONTENT="nur" WC="0.98" CC="005"/>
						<SP ID="P7_SP00190" HPOS="2316" VPOS="2521" WIDTH="33"/>
						<String ID="P7_ST00211" HPOS="2349" VPOS="2445" WIDTH="315" HEIGHT="65" CONTENT="wahrheits" SUBS_TYPE="HypPart1" SUBS_CONTENT="wahrheitsgetreu" WC="0.99" CC="007070640"/>
						<HYP HPOS="2664" VPOS="2445" WIDTH="35" CONTENT="-"/>
					</TextLine>
					<TextLine ID="P7_TL00023" HPOS="385" VPOS="2536" WIDTH="2310" HEIGHT="87">
						<String ID="P7_ST00212" HPOS="385" VPOS="2554" WIDTH="198" HEIGHT="62" CONTENT="getreu" SUBS_TYPE="HypPart2" SUBS_CONTENT="wahrheitsgetreu" WC="0.97" CC="934307"/>
						<SP ID="P7_SP00191" HPOS="583" VPOS="2616" WIDTH="45"/>
						<String ID="P7_ST00213" HPOS="628" VPOS="2536" WIDTH="305" HEIGHT="75" CONTENT="berichten," WC="0.99" CC="7063073064"/>
						<SP ID="P7_SP00192" HPOS="933" VPOS="2616" WIDTH="43"/>
						<String ID="P7_ST00214" HPOS="976" VPOS="2539" WIDTH="115" HEIGHT="63" CONTENT="daß" WC="1.00" CC="000"/>
						<SP ID="P7_SP00193" HPOS="1091" VPOS="2616" WIDTH="43"/>
						<String ID="P7_ST00215" HPOS="1134" VPOS="2563" WIDTH="62" HEIGHT="39" CONTENT="er" WC="0.75" CC="04"/>
						<SP ID="P7_SP00194" HPOS="1196" VPOS="2616" WIDTH="42"/>
						<String ID="P7_ST00216" HPOS="1238" VPOS="2539" WIDTH="179" HEIGHT="63" CONTENT="selbst" WC="1.00" CC="000000"/>
						<SP ID="P7_SP00195" HPOS="1417" VPOS="2616" WIDTH="33"/>
						<String ID="P7_ST00217" HPOS="1450" VPOS="2542" WIDTH="136" HEIGHT="60" CONTENT="nach" WC="0.98" CC="0007"/>
						<SP ID="P7_SP00196" HPOS="1586" VPOS="2616" WIDTH="36"/>
						<String ID="P7_ST00218" HPOS="1622" VPOS="2540" WIDTH="148" HEIGHT="64" CONTENT="allen" WC="0.98" CC="07700"/>
						<SP ID="P7_SP00197" HPOS="1770" VPOS="2616" WIDTH="26"/>
						<String ID="P7_ST00219" HPOS="1796" VPOS="2542" WIDTH="248" HEIGHT="63" CONTENT="Wiener" WC="0.99" CC="040006"/>
						<SP ID="P7_SP00198" HPOS="2044" VPOS="2616" WIDTH="25"/>
						<String ID="P7_ST00220" HPOS="2069" VPOS="2543" WIDTH="348" HEIGHT="63" CONTENT="Lazaretten" WC="0.99" CC="0070703501"/>
						<SP ID="P7_SP00199" HPOS="2417" VPOS="2616" WIDTH="33"/>
						<String ID="P7_ST00221" HPOS="2450" VPOS="2567" WIDTH="205" HEIGHT="56" CONTENT="gewan" SUBS_TYPE="HypPart1" SUBS_CONTENT="gewandert" WC="0.99" CC="00005"/>
						<HYP HPOS="2655" VPOS="2567" WIDTH="40" CONTENT="-"/>
					</TextLine>
					<TextLine ID="P7_TL00024" HPOS="386" VPOS="2632" WIDTH="2001" HEIGHT="87">
						<String ID="P7_ST00222" HPOS="386" VPOS="2632" WIDTH="123" HEIGHT="64" CONTENT="dert" SUBS_TYPE="HypPart2" SUBS_CONTENT="gewandert" WC="0.95" CC="7663"/>
						<SP ID="P7_SP00200" HPOS="509" VPOS="2696" WIDTH="39"/>
						<String ID="P7_ST00223" HPOS="548" VPOS="2644" WIDTH="105" HEIGHT="64" CONTENT="sei," WC="0.98" CC="0034"/>
						<SP ID="P7_SP00201" HPOS="653" VPOS="2708" WIDTH="43"/>
						<String ID="P7_ST00224" HPOS="696" VPOS="2634" WIDTH="92" HEIGHT="65" CONTENT="die" WC="0.97" CC="035"/>
						<SP ID="P7_SP00202" HPOS="788" VPOS="2708" WIDTH="42"/>
						<String ID="P7_ST00225" HPOS="830" VPOS="2637" WIDTH="80" HEIGHT="62" CONTENT="50" WC="0.50" CC="90"/>
						<SP ID="P7_SP00203" HPOS="910" VPOS="2708" WIDTH="35"/>
						<String ID="P7_ST00226" HPOS="945" VPOS="2635" WIDTH="246" HEIGHT="64" CONTENT="Kronen" WC="0.99" CC="061500"/>
						<SP ID="P7_SP00204" HPOS="1191" VPOS="2708" WIDTH="43"/>
						<String ID="P7_ST00227" HPOS="1234" VPOS="2637" WIDTH="141" HEIGHT="62" CONTENT="aber" WC="0.99" CC="0006"/>
						<SP ID="P7_SP00205" HPOS="1375" VPOS="2708" WIDTH="41"/>
						<String ID="P7_ST00228" HPOS="1416" VPOS="2637" WIDTH="141" HEIGHT="62" CONTENT="noch" WC="0.96" CC="6507"/>
						<SP ID="P7_SP00206" HPOS="1557" VPOS="2708" WIDTH="43"/>
						<String ID="P7_ST00229" HPOS="1600" VPOS="2637" WIDTH="271" HEIGHT="81" CONTENT="heutigen" WC="0.99" CC="70046000"/>
						<SP ID="P7_SP00207" HPOS="1871" VPOS="2718" WIDTH="43"/>
						<String ID="P7_ST00230" HPOS="1914" VPOS="2634" WIDTH="194" HEIGHT="85" CONTENT="Tages" WC="0.99" CC="62000"/>
						<SP ID="P7_SP00208" HPOS="2108" VPOS="2719" WIDTH="43"/>
						<String ID="P7_ST00231" HPOS="2151" VPOS="2638" WIDTH="236" HEIGHT="67" CONTENT="besitze." WC="0.99" CC="70044504"/>
					</TextLine>
					<TextLine ID="P7_TL00025" HPOS="461" VPOS="2731" WIDTH="2236" HEIGHT="86">
						<String ID="P7_ST00232" HPOS="461" VPOS="2731" WIDTH="129" HEIGHT="65" CONTENT="Das" WC="0.99" CC="200"/>
						<SP ID="P7_SP00209" HPOS="590" VPOS="2796" WIDTH="44"/>
						<String ID="P7_ST00233" HPOS="634" VPOS="2733" WIDTH="293" HEIGHT="80" CONTENT="Ergebnis" WC="0.99" CC="77000000"/>
						<SP ID="P7_SP00210" HPOS="927" VPOS="2813" WIDTH="44"/>
						<String ID="P7_ST00234" HPOS="971" VPOS="2735" WIDTH="191" HEIGHT="63" CONTENT="dieser" WC="0.99" CC="050006"/>
						<SP ID="P7_SP00211" HPOS="1162" VPOS="2813" WIDTH="49"/>
						<String ID="P7_ST00235" HPOS="1211" VPOS="2735" WIDTH="351" HEIGHT="80" CONTENT="erfolglosen" WC="0.99" CC="03507005000"/>
						<SP ID="P7_SP00212" HPOS="1562" VPOS="2815" WIDTH="41"/>
						<String ID="P7_ST00236" HPOS="1603" VPOS="2735" WIDTH="556" HEIGHT="82" CONTENT="Nachforschungen" WC="0.99" CC="206764600742000"/>
						<SP ID="P7_SP00213" HPOS="2159" VPOS="2817" WIDTH="53"/>
						<String ID="P7_ST00237" HPOS="2212" VPOS="2738" WIDTH="141" HEIGHT="63" CONTENT="aber" WC="0.99" CC="0005"/>
						<SP ID="P7_SP00214" HPOS="2353" VPOS="2817" WIDTH="39"/>
						<String ID="P7_ST00238" HPOS="2392" VPOS="2762" WIDTH="147" HEIGHT="50" CONTENT="war," WC="0.98" CC="0064"/>
						<SP ID="P7_SP00215" HPOS="2539" VPOS="2817" WIDTH="43"/>
						<String ID="P7_ST00239" HPOS="2582" VPOS="2740" WIDTH="115" HEIGHT="63" CONTENT="daß" WC="0.96" CC="019"/>
					</TextLine>
					<TextLine ID="P7_TL00026" HPOS="385" VPOS="2829" WIDTH="2311" HEIGHT="86">
						<String ID="P7_ST00240" HPOS="385" VPOS="2851" WIDTH="59" HEIGHT="38" CONTENT="er" WC="0.67" CC="06"/>
						<SP ID="P7_SP00216" HPOS="444" VPOS="2889" WIDTH="40"/>
						<String ID="P7_ST00241" HPOS="484" VPOS="2854" WIDTH="105" HEIGHT="38" CONTENT="zur" WC="0.92" CC="766"/>
						<SP ID="P7_SP00217" HPOS="589" VPOS="2892" WIDTH="42"/>
						<String ID="P7_ST00242" HPOS="631" VPOS="2829" WIDTH="442" HEIGHT="83" CONTENT="Überzeugung" WC="1.00" CC="00056060000"/>
						<SP ID="P7_SP00218" HPOS="1073" VPOS="2912" WIDTH="41"/>
						<String ID="P7_ST00243" HPOS="1114" VPOS="2831" WIDTH="284" HEIGHT="81" CONTENT="gelangte," WC="1.00" CC="000030404"/>
						<SP ID="P7_SP00219" HPOS="1398" VPOS="2912" WIDTH="45"/>
						<String ID="P7_ST00244" HPOS="1443" VPOS="2831" WIDTH="120" HEIGHT="64" CONTENT="hier" WC="0.96" CC="7306"/>
						<SP ID="P7_SP00220" HPOS="1563" VPOS="2912" WIDTH="42"/>
						<String ID="P7_ST00245" HPOS="1605" VPOS="2844" WIDTH="198" HEIGHT="53" CONTENT="müsse" WC="0.99" CC="04000"/>
						<SP ID="P7_SP00221" HPOS="1803" VPOS="2912" WIDTH="43"/>
						<String ID="P7_ST00246" HPOS="1846" VPOS="2850" WIDTH="185" HEIGHT="47" CONTENT="etwas" WC="0.99" CC="05000"/>
						<SP ID="P7_SP00222" HPOS="2031" VPOS="2912" WIDTH="49"/>
						<String ID="P7_ST00247" HPOS="2080" VPOS="2834" WIDTH="347" HEIGHT="81" CONTENT="geschehen,-" WC="1.00" CC="00007000040"/>
						<SP ID="P7_SP00223" HPOS="2427" VPOS="2915" WIDTH="40"/>
						<String ID="P7_ST00248" HPOS="2467" VPOS="2835" WIDTH="124" HEIGHT="65" CONTENT="und" WC="1.00" CC="000"/>
						<SP ID="P7_SP00224" HPOS="2591" VPOS="2915" WIDTH="43"/>
						<String ID="P7_ST00249" HPOS="2634" VPOS="2860" WIDTH="62" HEIGHT="40" CONTENT="er" WC="0.41" CC="56"/>
					</TextLine>
					<TextLine ID="P7_TL00027" HPOS="383" VPOS="2924" WIDTH="2312" HEIGHT="87">
						<String ID="P7_ST00250" HPOS="383" VPOS="2924" WIDTH="131" HEIGHT="63" CONTENT="fuhr" WC="0.96" CC="6606"/>
						<SP ID="P7_SP00225" HPOS="514" VPOS="2987" WIDTH="33"/>
						<String ID="P7_ST00251" HPOS="547" VPOS="2936" WIDTH="56" HEIGHT="53" CONTENT="in" WC="0.43" CC="46"/>
						<SP ID="P7_SP00226" HPOS="603" VPOS="2989" WIDTH="36"/>
						<String ID="P7_ST00252" HPOS="639" VPOS="2926" WIDTH="94" HEIGHT="65" CONTENT="die" WC="0.96" CC="065"/>
						<SP ID="P7_SP00227" HPOS="733" VPOS="2991" WIDTH="34"/>
						<String ID="P7_ST00253" HPOS="767" VPOS="2928" WIDTH="278" HEIGHT="75" CONTENT="Schweiz," WC="1.00" CC="40000004"/>
						<SP ID="P7_SP00228" HPOS="1045" VPOS="3003" WIDTH="44"/>
						<String ID="P7_ST00254" HPOS="1089" VPOS="2954" WIDTH="101" HEIGHT="38" CONTENT="um" WC="0.68" CC="60"/>
						<SP ID="P7_SP00229" HPOS="1190" VPOS="3003" WIDTH="33"/>
						<String ID="P7_ST00255" HPOS="1223" VPOS="2930" WIDTH="109" HEIGHT="62" CONTENT="sich" WC="1.00" CC="0000"/>
						<SP ID="P7_SP00230" HPOS="1332" VPOS="3003" WIDTH="36"/>
						<String ID="P7_ST00256" HPOS="1368" VPOS="2939" WIDTH="102" HEIGHT="53" CONTENT="mit" WC="0.97" CC="015"/>
						<SP ID="P7_SP00231" HPOS="1470" VPOS="3003" WIDTH="33"/>
						<String ID="P7_ST00257" HPOS="1503" VPOS="2939" WIDTH="199" HEIGHT="53" CONTENT="seinen" WC="1.00" CC="000104"/>
						<SP ID="P7_SP00232" HPOS="1702" VPOS="3003" WIDTH="34"/>
						<String ID="P7_ST00258" HPOS="1736" VPOS="2930" WIDTH="262" HEIGHT="80" CONTENT="dortigen" WC="0.99" CC="00335005"/>
						<SP ID="P7_SP00233" HPOS="1998" VPOS="3010" WIDTH="26"/>
						<String ID="P7_ST00259" HPOS="2024" VPOS="2931" WIDTH="287" HEIGHT="80" CONTENT="Kollegen" WC="1.00" CC="00060000"/>
						<SP ID="P7_SP00234" HPOS="2311" VPOS="3011" WIDTH="37"/>
						<String ID="P7_ST00260" HPOS="2348" VPOS="2933" WIDTH="145" HEIGHT="62" CONTENT="über" WC="0.96" CC="0747"/>
						<SP ID="P7_SP00235" HPOS="2493" VPOS="3011" WIDTH="34"/>
						<String ID="P7_ST00261" HPOS="2527" VPOS="2943" WIDTH="168" HEIGHT="53" CONTENT="einen" WC="0.99" CC="04004"/>
					</TextLine>
					<TextLine ID="P7_TL00028" HPOS="383" VPOS="3020" WIDTH="2310" HEIGHT="87">
						<String ID="P7_ST00262" HPOS="383" VPOS="3020" WIDTH="139" HEIGHT="65" CONTENT="Plan" WC="1.00" CC="0000"/>
						<SP ID="P7_SP00236" HPOS="522" VPOS="3085" WIDTH="33"/>
						<String ID="P7_ST00263" HPOS="555" VPOS="3048" WIDTH="77" HEIGHT="38" CONTENT="zu" WC="0.70" CC="50"/>
						<SP ID="P7_SP00237" HPOS="632" VPOS="3086" WIDTH="35"/>
						<String ID="P7_ST00264" HPOS="667" VPOS="3024" WIDTH="370" HEIGHT="83" CONTENT="besprechen," WC="0.99" CC="00004007064"/>
						<SP ID="P7_SP00238" HPOS="1037" VPOS="3107" WIDTH="42"/>
						<String ID="P7_ST00265" HPOS="1079" VPOS="3025" WIDTH="113" HEIGHT="64" CONTENT="den" WC="0.98" CC="004"/>
						<SP ID="P7_SP00239" HPOS="1192" VPOS="3107" WIDTH="36"/>
						<String ID="P7_ST00266" HPOS="1228" VPOS="3050" WIDTH="62" HEIGHT="39" CONTENT="er" WC="0.65" CC="06"/>
						<SP ID="P7_SP00240" HPOS="1290" VPOS="3107" WIDTH="33"/>
						<String ID="P7_ST00267" HPOS="1323" VPOS="3025" WIDTH="375" HEIGHT="64" CONTENT="mittlerweile" WC="1.00" CC="021600600070"/>
						<SP ID="P7_SP00241" HPOS="1698" VPOS="3107" WIDTH="40"/>
						<String ID="P7_ST00268" HPOS="1738" VPOS="3027" WIDTH="197" HEIGHT="80" CONTENT="gefaßt" WC="0.99" CC="005003"/>
						<SP ID="P7_SP00242" HPOS="1935" VPOS="3107" WIDTH="42"/>
						<String ID="P7_ST00269" HPOS="1977" VPOS="3027" WIDTH="174" HEIGHT="63" CONTENT="hatte." WC="0.98" CC="700504"/>
						<SP ID="P7_SP00243" HPOS="2151" VPOS="3107" WIDTH="46"/>
						<String ID="P7_ST00270" HPOS="2197" VPOS="3028" WIDTH="91" HEIGHT="63" CONTENT="Es" WC="0.63" CC="70"/>
						<SP ID="P7_SP00244" HPOS="2288" VPOS="3107" WIDTH="36"/>
						<String ID="P7_ST00271" HPOS="2324" VPOS="3028" WIDTH="170" HEIGHT="63" CONTENT="sollte" WC="0.99" CC="020050"/>
						<SP ID="P7_SP00245" HPOS="2494" VPOS="3107" WIDTH="27"/>
						<String ID="P7_ST00272" HPOS="2521" VPOS="3029" WIDTH="172" HEIGHT="62" CONTENT="durch" WC="0.99" CC="05000"/>
					</TextLine>
					<TextLine ID="P7_TL00029" HPOS="383" VPOS="3119" WIDTH="2312" HEIGHT="87">
						<String ID="P7_ST00273" HPOS="383" VPOS="3127" WIDTH="89" HEIGHT="53" CONTENT="ein" WC="0.95" CC="660"/>
						<SP ID="P7_SP00246" HPOS="472" VPOS="3180" WIDTH="57"/>
						<String ID="P7_ST00274" HPOS="529" VPOS="3119" WIDTH="480" HEIGHT="68" CONTENT="Internationales" WC="1.00" CC="204060030000000"/>
						<SP ID="P7_SP00247" HPOS="1009" VPOS="3187" WIDTH="53"/>
						<String ID="P7_ST00275" HPOS="1062" VPOS="3123" WIDTH="209" HEIGHT="80" CONTENT="Organ" WC="0.99" CC="26000"/>
						<SP ID="P7_SP00248" HPOS="1271" VPOS="3203" WIDTH="61"/>
						<String ID="P7_ST00276" HPOS="1332" VPOS="3122" WIDTH="103" HEIGHT="63" CONTENT="der" WC="1.00" CC="000"/>
						<SP ID="P7_SP00249" HPOS="1435" VPOS="3203" WIDTH="57"/>
						<String ID="P7_ST00277" HPOS="1492" VPOS="3124" WIDTH="474" HEIGHT="79" CONTENT="systematischen" WC="1.00" CC="07060002500000"/>
						<SP ID="P7_SP00250" HPOS="1966" VPOS="3203" WIDTH="52"/>
						<String ID="P7_ST00278" HPOS="2018" VPOS="3124" WIDTH="145" HEIGHT="63" CONTENT="oder" WC="0.99" CC="0006"/>
						<SP ID="P7_SP00251" HPOS="2163" VPOS="3203" WIDTH="57"/>
						<String ID="P7_ST00279" HPOS="2220" VPOS="3124" WIDTH="475" HEIGHT="82" CONTENT="gedankenlosen" WC="1.00" CC="0000000404000"/>
					</TextLine>
					<TextLine ID="P7_TL00030" HPOS="383" VPOS="3212" WIDTH="2313" HEIGHT="89">
						<String ID="P7_ST00280" HPOS="383" VPOS="3212" WIDTH="383" HEIGHT="88" CONTENT="Verhetzung" WC="0.98" CC="2767075760"/>
						<SP ID="P7_SP00252" HPOS="766" VPOS="3300" WIDTH="34"/>
						<String ID="P7_ST00281" HPOS="800" VPOS="3237" WIDTH="543" HEIGHT="64" CONTENT="entgegengetreten" WC="1.00" CC="0610000400560005"/>
						<SP ID="P7_SP00253" HPOS="1343" VPOS="3301" WIDTH="27"/>
						<String ID="P7_ST00282" HPOS="1370" VPOS="3220" WIDTH="257" HEIGHT="63" CONTENT="werden." WC="0.99" CC="0060033"/>
						<SP ID="P7_SP00254" HPOS="1627" VPOS="3301" WIDTH="38"/>
						<String ID="P7_ST00283" HPOS="1665" VPOS="3221" WIDTH="194" HEIGHT="62" CONTENT="Dabei" WC="0.98" CC="00705"/>
						<SP ID="P7_SP00255" HPOS="1859" VPOS="3301" WIDTH="27"/>
						<String ID="P7_ST00284" HPOS="1886" VPOS="3221" WIDTH="145" HEIGHT="63" CONTENT="stieß" WC="0.99" CC="00500"/>
						<SP ID="P7_SP00256" HPOS="2031" VPOS="3301" WIDTH="27"/>
						<String ID="P7_ST00285" HPOS="2058" VPOS="3246" WIDTH="63" HEIGHT="38" CONTENT="er" WC="0.65" CC="06"/>
						<SP ID="P7_SP00257" HPOS="2121" VPOS="3301" WIDTH="25"/>
						<String ID="P7_ST00286" HPOS="2146" VPOS="3222" WIDTH="112" HEIGHT="62" CONTENT="auf" WC="1.00" CC="000"/>
						<SP ID="P7_SP00258" HPOS="2258" VPOS="3301" WIDTH="11"/>
						<String ID="P7_ST00287" HPOS="2269" VPOS="3222" WIDTH="92" HEIGHT="64" CONTENT="die" WC="1.00" CC="000"/>
						<SP ID="P7_SP00259" HPOS="2361" VPOS="3301" WIDTH="19"/>
						<String ID="P7_ST00288" HPOS="2380" VPOS="3222" WIDTH="316" HEIGHT="65" CONTENT="Bedenken" WC="0.99" CC="40040004"/>
					</TextLine>
					<TextLine ID="P7_TL00031" HPOS="383" VPOS="3314" WIDTH="2316" HEIGHT="78">
						<String ID="P7_ST00289" HPOS="383" VPOS="3314" WIDTH="118" HEIGHT="62" CONTENT="und" WC="0.95" CC="760"/>
						<SP ID="P7_SP00260" HPOS="501" VPOS="3376" WIDTH="42"/>
						<String ID="P7_ST00290" HPOS="543" VPOS="3315" WIDTH="113" HEIGHT="63" CONTENT="den" WC="1.00" CC="000"/>
						<SP ID="P7_SP00261" HPOS="656" VPOS="3378" WIDTH="18"/>
						<String ID="P7_ST00291" HPOS="674" VPOS="3316" WIDTH="413" HEIGHT="75" CONTENT="Widerstand," WC="1.00" CC="01006050004"/>
						<SP ID="P7_SP00262" HPOS="1087" VPOS="3391" WIDTH="44"/>
						<String ID="P7_ST00292" HPOS="1131" VPOS="3319" WIDTH="112" HEIGHT="62" CONTENT="den" WC="1.00" CC="000"/>
						<SP ID="P7_SP00263" HPOS="1243" VPOS="3391" WIDTH="45"/>
						<String ID="P7_ST00293" HPOS="1288" VPOS="3343" WIDTH="62" HEIGHT="38" CONTENT="er" WC="0.67" CC="06"/>
						<SP ID="P7_SP00264" HPOS="1350" VPOS="3391" WIDTH="35"/>
						<String ID="P7_ST00294" HPOS="1385" VPOS="3334" WIDTH="271" HEIGHT="47" CONTENT="erwartet" WC="0.99" CC="06026004"/>
						<SP ID="P7_SP00265" HPOS="1656" VPOS="3391" WIDTH="42"/>
						<String ID="P7_ST00295" HPOS="1698" VPOS="3317" WIDTH="176" HEIGHT="75" CONTENT="hatte," WC="0.98" CC="706004"/>
						<SP ID="P7_SP00266" HPOS="1874" VPOS="3392" WIDTH="45"/>
						<String ID="P7_ST00296" HPOS="1919" VPOS="3319" WIDTH="133" HEIGHT="63" CONTENT="fuhr" WC="0.98" CC="5005"/>
						<SP ID="P7_SP00267" HPOS="2052" VPOS="3392" WIDTH="33"/>
						<String ID="P7_ST00297" HPOS="2085" VPOS="3319" WIDTH="140" HEIGHT="63" CONTENT="aber" WC="0.97" CC="0706"/>
						<SP ID="P7_SP00268" HPOS="2225" VPOS="3392" WIDTH="34"/>
						<String ID="P7_ST00298" HPOS="2259" VPOS="3320" WIDTH="440" HEIGHT="65" CONTENT="unverdrossen" WC="0.99" CC="050040730004"/>
					</TextLine>
					<TextLine ID="P7_TL00032" HPOS="382" VPOS="3406" WIDTH="2317" HEIGHT="84">
						<String ID="P7_ST00299" HPOS="382" VPOS="3406" WIDTH="85" HEIGHT="66" CONTENT="bis" WC="0.99" CC="030"/>
						<SP ID="P7_SP00269" HPOS="467" VPOS="3472" WIDTH="51"/>
						<String ID="P7_ST00300" HPOS="518" VPOS="3415" WIDTH="136" HEIGHT="61" CONTENT="nach" WC="0.98" CC="0007"/>
						<SP ID="P7_SP00270" HPOS="654" VPOS="3476" WIDTH="47"/>
						<String ID="P7_ST00301" HPOS="701" VPOS="3414" WIDTH="185" HEIGHT="76" CONTENT="Genf," WC="0.99" CC="00004"/>
						<SP ID="P7_SP00271" HPOS="886" VPOS="3490" WIDTH="42"/>
						<String ID="P7_ST00302" HPOS="928" VPOS="3441" WIDTH="102" HEIGHT="38" CONTENT="wo" WC="1.00" CC="00"/>
						<SP ID="P7_SP00272" HPOS="1030" VPOS="3490" WIDTH="51"/>
						<String ID="P7_ST00303" HPOS="1081" VPOS="3441" WIDTH="62" HEIGHT="39" CONTENT="er" WC="0.76" CC="04"/>
						<SP ID="P7_SP00273" HPOS="1143" VPOS="3490" WIDTH="49"/>
						<String ID="P7_ST00304" HPOS="1192" VPOS="3439" WIDTH="63" HEIGHT="40" CONTENT="es" WC="1.00" CC="00"/>
						<SP ID="P7_SP00274" HPOS="1255" VPOS="3490" WIDTH="53"/>
						<String ID="P7_ST00305" HPOS="1308" VPOS="3432" WIDTH="168" HEIGHT="47" CONTENT="unter" WC="0.98" CC="00606"/>
						<SP ID="P7_SP00275" HPOS="1476" VPOS="3490" WIDTH="49"/>
						<String ID="P7_ST00306" HPOS="1525" VPOS="3415" WIDTH="254" HEIGHT="64" CONTENT="anderen" WC="0.99" CC="0500407"/>
						<SP ID="P7_SP00276" HPOS="1779" VPOS="3490" WIDTH="51"/>
						<String ID="P7_ST00307" HPOS="1830" VPOS="3417" WIDTH="113" HEIGHT="62" CONTENT="auf" WC="0.94" CC="465"/>
						<SP ID="P7_SP00277" HPOS="1943" VPOS="3490" WIDTH="39"/>
						<String ID="P7_ST00308" HPOS="1982" VPOS="3417" WIDTH="252" HEIGHT="63" CONTENT="Romain" WC="0.98" CC="250064"/>
						<SP ID="P7_SP00278" HPOS="2234" VPOS="3490" WIDTH="49"/>
						<String ID="P7_ST00309" HPOS="2283" VPOS="3417" WIDTH="256" HEIGHT="63" CONTENT="Rolland" WC="0.99" CC="0570050"/>
						<SP ID="P7_SP00279" HPOS="2539" VPOS="3490" WIDTH="50"/>
						<String ID="P7_ST00310" HPOS="2589" VPOS="3419" WIDTH="74" HEIGHT="62" CONTENT="ab" SUBS_TYPE="HypPart1" SUBS_CONTENT="abgesehen" WC="0.96" CC="07"/>
						<HYP HPOS="2663" VPOS="3419" WIDTH="36" CONTENT="-"/>
					</TextLine>
					<TextLine ID="P7_TL00033" HPOS="381" VPOS="3507" WIDTH="2319" HEIGHT="87">
						<String ID="P7_ST00311" HPOS="381" VPOS="3507" WIDTH="247" HEIGHT="76" CONTENT="gesehen" SUBS_TYPE="HypPart2" SUBS_CONTENT="abgesehen" WC="0.99" CC="0000705"/>
						<SP ID="P7_SP00280" HPOS="628" VPOS="3583" WIDTH="53"/>
						<String ID="P7_ST00312" HPOS="681" VPOS="3511" WIDTH="180" HEIGHT="76" CONTENT="hatte," WC="0.99" CC="000403"/>
						<SP ID="P7_SP00281" HPOS="861" VPOS="3587" WIDTH="44"/>
						<String ID="P7_ST00313" HPOS="905" VPOS="3513" WIDTH="103" HEIGHT="62" CONTENT="der" WC="0.98" CC="004"/>
						<SP ID="P7_SP00282" HPOS="1008" VPOS="3587" WIDTH="42"/>
						<String ID="P7_ST00314" HPOS="1050" VPOS="3513" WIDTH="109" HEIGHT="64" CONTENT="sich" WC="0.98" CC="0207"/>
						<SP ID="P7_SP00283" HPOS="1159" VPOS="3587" WIDTH="46"/>
						<String ID="P7_ST00315" HPOS="1205" VPOS="3512" WIDTH="121" HEIGHT="63" CONTENT="fürs" WC="0.97" CC="5060"/>
						<SP ID="P7_SP00284" HPOS="1326" VPOS="3587" WIDTH="45"/>
						<String ID="P7_ST00316" HPOS="1371" VPOS="3530" WIDTH="152" HEIGHT="45" CONTENT="erste" WC="0.99" CC="00034"/>
						<SP ID="P7_SP00285" HPOS="1523" VPOS="3587" WIDTH="47"/>
						<String ID="P7_ST00317" HPOS="1570" VPOS="3513" WIDTH="161" HEIGHT="79" CONTENT="jeder" WC="0.99" CC="00006"/>
						<SP ID="P7_SP00286" HPOS="1731" VPOS="3592" WIDTH="40"/>
						<String ID="P7_ST00318" HPOS="1771" VPOS="3513" WIDTH="412" HEIGHT="80" CONTENT="Annäherung" WC="1.00" CC="6000006000"/>
						<SP ID="P7_SP00287" HPOS="2183" VPOS="3593" WIDTH="42"/>
						<String ID="P7_ST00319" HPOS="2225" VPOS="3531" WIDTH="228" HEIGHT="63" CONTENT="entzog." WC="0.99" CC="0007003"/>
						<SP ID="P7_SP00288" HPOS="2453" VPOS="3594" WIDTH="65"/>
						<String ID="P7_ST00320" HPOS="2518" VPOS="3514" WIDTH="182" HEIGHT="65" CONTENT="Denn" WC="1.00" CC="0000"/>
					</TextLine>
					<TextLine ID="P7_TL00034" HPOS="382" VPOS="3602" WIDTH="2320" HEIGHT="85">
						<String ID="P7_ST00321" HPOS="382" VPOS="3602" WIDTH="83" HEIGHT="62" CONTENT="als" WC="0.97" CC="700"/>
						<SP ID="P7_SP00289" HPOS="465" VPOS="3664" WIDTH="42"/>
						<String ID="P7_ST00322" HPOS="507" VPOS="3603" WIDTH="102" HEIGHT="66" CONTENT="der" WC="0.97" CC="016"/>
						<SP ID="P7_SP00290" HPOS="609" VPOS="3669" WIDTH="32"/>
						<String ID="P7_ST00323" HPOS="641" VPOS="3607" WIDTH="309" HEIGHT="67" CONTENT="Professor" WC="0.99" CC="653000054"/>
						<SP ID="P7_SP00291" HPOS="950" VPOS="3674" WIDTH="40"/>
						<String ID="P7_ST00324" HPOS="990" VPOS="3636" WIDTH="136" HEIGHT="38" CONTENT="zum" WC="0.96" CC="560"/>
						<SP ID="P7_SP00292" HPOS="1126" VPOS="3674" WIDTH="28"/>
						<String ID="P7_ST00325" HPOS="1154" VPOS="3629" WIDTH="191" HEIGHT="45" CONTENT="ersten" WC="0.99" CC="060004"/>
						<SP ID="P7_SP00293" HPOS="1345" VPOS="3674" WIDTH="25"/>
						<String ID="P7_ST00326" HPOS="1370" VPOS="3610" WIDTH="169" HEIGHT="64" CONTENT="Male" WC="1.00" CC="2000"/>
						<SP ID="P7_SP00294" HPOS="1539" VPOS="3674" WIDTH="42"/>
						<String ID="P7_ST00327" HPOS="1581" VPOS="3620" WIDTH="102" HEIGHT="53" CONTENT="mit" WC="0.97" CC="060"/>
						<SP ID="P7_SP00295" HPOS="1683" VPOS="3674" WIDTH="40"/>
						<String ID="P7_ST00328" HPOS="1723" VPOS="3611" WIDTH="116" HEIGHT="62" CONTENT="ihm" WC="0.99" CC="300"/>
						<SP ID="P7_SP00296" HPOS="1839" VPOS="3674" WIDTH="34"/>
						<String ID="P7_ST00329" HPOS="1873" VPOS="3612" WIDTH="466" HEIGHT="62" CONTENT="zusammentraf" WC="1.00" CC="600000050605"/>
						<String ID="P7_ST00330" HPOS="2347" VPOS="3649" WIDTH="81" HEIGHT="6" CONTENT="—" WC="0.20" CC="8"/>
						<SP ID="P7_SP00297" HPOS="2428" VPOS="3674" WIDTH="27"/>
						<String ID="P7_ST00331" HPOS="2455" VPOS="3638" WIDTH="63" HEIGHT="40" CONTENT="es" WC="1.00" CC="00"/>
						<SP ID="P7_SP00298" HPOS="2518" VPOS="3678" WIDTH="36"/>
						<String ID="P7_ST00332" HPOS="2554" VPOS="3638" WIDTH="148" HEIGHT="49" CONTENT="war," WC="0.98" CC="0054"/>
					</TextLine>
					<TextLine ID="P7_TL00035" HPOS="383" VPOS="3702" WIDTH="2318" HEIGHT="88">
						<String ID="P7_ST00333" HPOS="383" VPOS="3702" WIDTH="181" HEIGHT="63" CONTENT="soviel" WC="0.98" CC="150507"/>
						<SP ID="P7_SP00299" HPOS="564" VPOS="3765" WIDTH="42"/>
						<String ID="P7_ST00334" HPOS="606" VPOS="3706" WIDTH="78" HEIGHT="61" CONTENT="ich" WC="0.98" CC="500"/>
						<SP ID="P7_SP00300" HPOS="684" VPOS="3767" WIDTH="44"/>
						<String ID="P7_ST00335" HPOS="728" VPOS="3709" WIDTH="172" HEIGHT="72" CONTENT="weiß," WC="0.99" CC="00303"/>
						<SP ID="P7_SP00301" HPOS="900" VPOS="3781" WIDTH="45"/>
						<String ID="P7_ST00336" HPOS="945" VPOS="3718" WIDTH="76" HEIGHT="53" CONTENT="im" WC="0.73" CC="50"/>
						<SP ID="P7_SP00302" HPOS="1021" VPOS="3781" WIDTH="44"/>
						<String ID="P7_ST00337" HPOS="1065" VPOS="3707" WIDTH="229" HEIGHT="65" CONTENT="Genfer" WC="0.99" CC="300006"/>
						<SP ID="P7_SP00303" HPOS="1294" VPOS="3781" WIDTH="33"/>
						<String ID="P7_ST00338" HPOS="1327" VPOS="3709" WIDTH="192" HEIGHT="62" CONTENT="Roten" WC="0.99" CC="33300"/>
						<SP ID="P7_SP00304" HPOS="1519" VPOS="3781" WIDTH="43"/>
						<String ID="P7_ST00339" HPOS="1562" VPOS="3709" WIDTH="203" HEIGHT="62" CONTENT="Kreuz" WC="0.98" CC="05060"/>
						<SP ID="P7_SP00305" HPOS="1765" VPOS="3781" WIDTH="154"/>
						<String ID="P7_ST00340" HPOS="1919" VPOS="3733" WIDTH="127" HEIGHT="38" CONTENT="war" WC="0.97" CC="006"/>
						<SP ID="P7_SP00306" HPOS="2046" VPOS="3781" WIDTH="40"/>
						<String ID="P7_ST00341" HPOS="2086" VPOS="3707" WIDTH="191" HEIGHT="65" CONTENT="dieser" WC="0.99" CC="000006"/>
						<SP ID="P7_SP00307" HPOS="2277" VPOS="3781" WIDTH="41"/>
						<String ID="P7_ST00342" HPOS="2318" VPOS="3710" WIDTH="218" HEIGHT="80" CONTENT="gerade" WC="0.98" CC="056005"/>
						<SP ID="P7_SP00308" HPOS="2536" VPOS="3790" WIDTH="41"/>
						<String ID="P7_ST00343" HPOS="2577" VPOS="3735" WIDTH="124" HEIGHT="40" CONTENT="von" WC="0.96" CC="046"/>
					</TextLine>
					<TextLine ID="P7_TL00036" HPOS="387" VPOS="3790" WIDTH="2312" HEIGHT="96">
						<String ID="P7_ST00344" HPOS="387" VPOS="3790" WIDTH="260" HEIGHT="85" CONTENT="Belgiern" WC="0.99" CC="74005050"/>
						<SP ID="P7_SP00309" HPOS="647" VPOS="3875" WIDTH="45"/>
						<String ID="P7_ST00345" HPOS="692" VPOS="3814" WIDTH="250" HEIGHT="71" CONTENT="umringt" WC="0.98" CC="5064605"/>
						<SP ID="P7_SP00310" HPOS="942" VPOS="3885" WIDTH="43"/>
						<String ID="P7_ST00346" HPOS="985" VPOS="3804" WIDTH="122" HEIGHT="63" CONTENT="und" WC="0.97" CC="600"/>
						<SP ID="P7_SP00311" HPOS="1107" VPOS="3885" WIDTH="42"/>
						<String ID="P7_ST00347" HPOS="1149" VPOS="3804" WIDTH="112" HEIGHT="82" CONTENT="gab" WC="0.95" CC="057"/>
						<SP ID="P7_SP00312" HPOS="1261" VPOS="3886" WIDTH="43"/>
						<String ID="P7_ST00348" HPOS="1304" VPOS="3829" WIDTH="108" HEIGHT="40" CONTENT="aus" WC="0.99" CC="030"/>
						<SP ID="P7_SP00313" HPOS="1412" VPOS="3886" WIDTH="43"/>
						<String ID="P7_ST00349" HPOS="1455" VPOS="3805" WIDTH="295" HEIGHT="64" CONTENT="Rücksicht" WC="0.99" CC="000706073"/>
						<SP ID="P7_SP00314" HPOS="1750" VPOS="3886" WIDTH="42"/>
						<String ID="P7_ST00350" HPOS="1792" VPOS="3805" WIDTH="94" HEIGHT="64" CONTENT="für" WC="0.98" CC="005"/>
						<SP ID="P7_SP00315" HPOS="1886" VPOS="3886" WIDTH="40"/>
						<String ID="P7_ST00351" HPOS="1926" VPOS="3805" WIDTH="162" HEIGHT="64" CONTENT="diese" WC="0.99" CC="04006"/>
						<SP ID="P7_SP00316" HPOS="2088" VPOS="3886" WIDTH="42"/>
						<String ID="P7_ST00352" HPOS="2130" VPOS="3831" WIDTH="130" HEIGHT="49" CONTENT="vor," WC="0.98" CC="0153"/>
						<SP ID="P7_SP00317" HPOS="2260" VPOS="3886" WIDTH="44"/>
						<String ID="P7_ST00353" HPOS="2304" VPOS="3806" WIDTH="114" HEIGHT="65" CONTENT="daß" WC="1.00" CC="000"/>
						<SP ID="P7_SP00318" HPOS="2418" VPOS="3886" WIDTH="44"/>
						<String ID="P7_ST00354" HPOS="2462" VPOS="3832" WIDTH="64" HEIGHT="39" CONTENT="er" WC="0.70" CC="05"/>
						<SP ID="P7_SP00319" HPOS="2526" VPOS="3886" WIDTH="40"/>
						<String ID="P7_ST00355" HPOS="2566" VPOS="3808" WIDTH="133" HEIGHT="64" CONTENT="kein" WC="0.98" CC="0064"/>
					</TextLine>
					<TextLine ID="P7_TL00037" HPOS="383" VPOS="3885" WIDTH="2323" HEIGHT="102">
						<String ID="P7_ST00356" HPOS="383" VPOS="3885" WIDTH="258" HEIGHT="74" CONTENT="Deutsch" WC="0.99" CC="9050000"/>
						<SP ID="P7_SP00320" HPOS="641" VPOS="3959" WIDTH="38"/>
						<String ID="P7_ST00357" HPOS="679" VPOS="3902" WIDTH="336" HEIGHT="67" CONTENT="verstünde." WC="1.00" CC="0060200003"/>
						<SP ID="P7_SP00321" HPOS="1015" VPOS="3969" WIDTH="39"/>
						<String ID="P7_ST00358" HPOS="1054" VPOS="3903" WIDTH="138" HEIGHT="62" CONTENT="Wir" WC="0.96" CC="056"/>
						<SP ID="P7_SP00322" HPOS="1192" VPOS="3969" WIDTH="35"/>
						<String ID="P7_ST00359" HPOS="1227" VPOS="3902" WIDTH="207" HEIGHT="63" CONTENT="dürfen" WC="0.98" CC="006605"/>
						<SP ID="P7_SP00323" HPOS="1434" VPOS="3969" WIDTH="28"/>
						<String ID="P7_ST00360" HPOS="1462" VPOS="3902" WIDTH="95" HEIGHT="63" CONTENT="ihn" WC="0.95" CC="570"/>
						<SP ID="P7_SP00324" HPOS="1557" VPOS="3969" WIDTH="35"/>
						<String ID="P7_ST00361" HPOS="1592" VPOS="3902" WIDTH="240" HEIGHT="64" CONTENT="deshalb" WC="0.99" CC="0000077"/>
						<SP ID="P7_SP00325" HPOS="1832" VPOS="3969" WIDTH="36"/>
						<String ID="P7_ST00362" HPOS="1868" VPOS="3903" WIDTH="145" HEIGHT="62" CONTENT="nicht" WC="0.98" CC="05074"/>
						<SP ID="P7_SP00326" HPOS="2013" VPOS="3969" WIDTH="31"/>
						<String ID="P7_ST00363" HPOS="2044" VPOS="3903" WIDTH="218" HEIGHT="75" CONTENT="tadeln," WC="1.00" CC="0000004"/>
						<SP ID="P7_SP00327" HPOS="2262" VPOS="3978" WIDTH="35"/>
						<String ID="P7_ST00364" HPOS="2297" VPOS="3904" WIDTH="156" HEIGHT="65" CONTENT="denn" WC="0.99" CC="0004"/>
						<SP ID="P7_SP00328" HPOS="2453" VPOS="3978" WIDTH="35"/>
						<String ID="P7_ST00365" HPOS="2488" VPOS="3905" WIDTH="218" HEIGHT="82" CONTENT="gerade" WC="1.00" CC="006000"/>
					</TextLine>
					<TextLine ID="P7_TL00038" HPOS="395" VPOS="3998" WIDTH="2315" HEIGHT="83">
						<String ID="P7_ST00366" HPOS="395" VPOS="4007" WIDTH="61" HEIGHT="39" CONTENT="er" WC="0.26" CC="77"/>
						<SP ID="P7_SP00329" HPOS="456" VPOS="4046" WIDTH="43"/>
						<String ID="P7_ST00367" HPOS="499" VPOS="4013" WIDTH="126" HEIGHT="42" CONTENT="war" WC="0.94" CC="907"/>
						<SP ID="P7_SP00330" HPOS="625" VPOS="4055" WIDTH="43"/>
						<String ID="P7_ST00368" HPOS="668" VPOS="4020" WIDTH="85" HEIGHT="51" CONTENT="es," WC="0.98" CC="104"/>
						<SP ID="P7_SP00331" HPOS="753" VPOS="4071" WIDTH="43"/>
						<String ID="P7_ST00369" HPOS="796" VPOS="3998" WIDTH="105" HEIGHT="65" CONTENT="der" WC="0.98" CC="006"/>
						<SP ID="P7_SP00332" HPOS="901" VPOS="4071" WIDTH="42"/>
						<String ID="P7_ST00370" HPOS="943" VPOS="4001" WIDTH="157" HEIGHT="63" CONTENT="dann" WC="0.99" CC="0060"/>
						<SP ID="P7_SP00333" HPOS="1100" VPOS="4071" WIDTH="44"/>
						<String ID="P7_ST00371" HPOS="1144" VPOS="4011" WIDTH="128" HEIGHT="53" CONTENT="eine" WC="0.98" CC="0352"/>
						<SP ID="P7_SP00334" HPOS="1272" VPOS="4071" WIDTH="41"/>
						<String ID="P7_ST00372" HPOS="1313" VPOS="4010" WIDTH="267" HEIGHT="71" CONTENT="günstige" WC="1.00" CC="00100600"/>
						<SP ID="P7_SP00335" HPOS="1580" VPOS="4081" WIDTH="44"/>
						<String ID="P7_ST00373" HPOS="1624" VPOS="3999" WIDTH="390" HEIGHT="82" CONTENT="Gelegenheit" WC="0.99" CC="30700507040"/>
						<SP ID="P7_SP00336" HPOS="2014" VPOS="4081" WIDTH="38"/>
						<String ID="P7_ST00374" HPOS="2052" VPOS="4001" WIDTH="368" HEIGHT="77" CONTENT="wahrnahm," WC="0.99" CC="900660004"/>
						<SP ID="P7_SP00337" HPOS="2420" VPOS="4081" WIDTH="44"/>
						<String ID="P7_ST00375" HPOS="2464" VPOS="4029" WIDTH="102" HEIGHT="39" CONTENT="um" WC="0.64" CC="70"/>
						<SP ID="P7_SP00338" HPOS="2566" VPOS="4081" WIDTH="42"/>
						<String ID="P7_ST00376" HPOS="2608" VPOS="4013" WIDTH="102" HEIGHT="55" CONTENT="mit" WC="0.98" CC="032"/>
					</TextLine>
				</TextBlock>
			</PrintSpace>
		</Page>
	</Layout>
</alto>
