3228 4572
2519 394 96 53 327

1167 400 603 65 Kriegsßericßterstatter

393 606 134 64 Wie
577 605 169 76 lange
795 600 103 63 her
946 600 106 63 das
1103 598 235 64 scheint!
1392 596 146 62 Wie
1588 593 94 63 die
1730 592 216 64 Hallen
1997 601 57 52 in
2106 601 190 69 wenig
2355 591 264 62 Stunden

317 701 218 65 wieder
577 709 57 53 in
677 696 94 64 die
812 696 239 81 Epoche
1092 695 150 63 ihrer
1284 690 376 77 Entstehung
1702 686 460 80 zurückgefallen
2204 686 285 62 scheinen!

394 799 211 76 Einige
648 791 367 66 Standbilder
1056 793 103 62 der
1202 789 230 66 Grafen
1472 811 122 39 von
1627 785 316 70 Flandern,
1985 783 212 63 welche
2239 781 93 63 die
2365 781 258 63 Nischen

322 897 101 61 der
456 889 268 66 Fassade
765 898 235 64 zierten,
1042 888 202 71 sehen,
1286 883 408 80 angesplittert,
1735 904 141 39 vom
1910 879 197 62 Feuer
2142 877 270 72 entfärbt,
2453 877 172 62 schon

322 1004 135 68 jetzt
507 1012 69 39 so
628 1010 137 48 aus,
817 986 85 62 als
954 995 158 53 seien
1162 992 84 55 sie
1291 979 301 80 irgendwo
1636 1002 109 38 aus
1790 977 103 62 der
1936 976 165 63 Erde
2142 973 318 81 gegraben,
2505 972 123 62 und

323 1090 93 61 die
449 1084 421 64 Wissenschaft
903 1081 151 64 habe
1096 1090 84 55 sie
1222 1077 225 64 hierher
1490 1086 56 52 in
1583 1085 127 53 eine
1745 1072 454 81 archäologische
2224 1068 405 66 Rekonstruier

318 1194 123 53 tion
475 1179 433 80 hineingestellt.
954 1178 99 64 Sie
1095 1176 192 62 haben
1329 1174 165 62 keine
1531 1171 298 64 Gesichter
1862 1169 163 63 mehr
2059 1167 119 64 und
2211 1167 167 63 keine
2411 1165 218 63 Hände

322 1279 119 65 und
466 1277 379 71 schüchterne,
870 1272 474 83 geheimnisvolle
1373 1269 338 65 Gebärden.
1755 1268 64 62 In
1847 1268 113 62 den
1985 1266 209 63 Rissen
2220 1264 103 63 der
2349 1264 280 70 Mauern,

320 1376 111 64 auf
466 1374 113 63 den
621 1373 217 62 Resten
891 1372 101 62 der
1033 1367 396 66 Innenwände
1472 1367 353 70 erscheinen,
1876 1364 401 70 unbestimmt,
2319 1359 311 73 nebelhaft,

322 1473 228 82 Spuren
583 1494 121 38 von
738 1468 281 71 Fresken,
1056 1466 92 62 die
1183 1465 113 63 den
1325 1461 474 82 Grabgemälden
1834 1461 189 62 ferner
2055 1458 292 64 Kulturen
2382 1457 250 80 gleichen

323 1567 121 65 und
502 1566 113 62 den
666 1566 222 78 Augen
949 1564 102 62 der
1103 1560 321 65 Gelehrten
1484 1569 91 53 ein
1626 1556 319 81 Labyrinth
2003 1580 121 38 von
2182 1552 450 81 Möglichkeiten

323 1666 206 63 bieten.
574 1663 83 62 Im
700 1672 235 52 inneren
978 1659 137 63 Hof
1159 1656 196 65 reihen
1399 1658 110 62 sich
1551 1665 386 54 vereinsamte
1979 1654 240 71 Säulen,
2262 1660 113 53 wie
2418 1659 56 53 in
2517 1649 115 62 den

325 1759 498 84 pompejanischen
864 1754 303 83 Tempeln,

404 1856 147 63 Und
593 1856 140 62 doch
778 1854 227 63 anders.
1052 1852 147 62 Und
1241 1851 140 63 doch
1425 1851 202 80 spricht
1669 1849 104 63 das
1815 1847 200 65 Leben
2055 1871 120 38 von
2219 1846 259 63 Gestern
2520 1867 109 40 aus

325 1952 251 64 tausend
619 1952 235 62 frischen
897 1951 251 80 Spuren,
1192 1973 108 38 aus
1344 1946 249 63 tausend
1641 1945 437 63 zerbrechlichen
2121 1942 253 80 Dingen,
2418 1941 214 62 welche

325 2050 93 62 die
451 2049 137 62 Zeit
629 2064 198 46 zuerst
868 2046 308 62 vernichtet
1218 2044 172 73 hätte,
1432 2053 114 52 wie
1588 2051 84 54 sie
1712 2040 219 63 Fleisch
1975 2039 121 63 und
2136 2039 136 62 Blut
2314 2036 139 64 eher

324 2147 221 69 nichtet,
587 2144 85 62 als
717 2144 105 62 das
865 2143 494 77 Knochengerüst,
1405 2141 100 61 Da
1547 2138 128 63 sind
1716 2139 224 62 Fetzen
1983 2136 141 63 alter
2150 2134 205 72 Stoffe,
2385 2131 205 64 Möbel-

327 2254 293 59 trümmer,
654 2242 343 79 geschnitzte
1021 2234 158 66 Tür-
1209 2237 121 62 und
1355 2235 606 78 Fensterkrönungen,
1989 2233 106 62 das
2122 2254 186 58 ganze
2335 2229 263 62 zerbrech-

327 2338 133 63 liche
485 2337 279 62 Material
790 2336 103 62 der
919 2335 541 77 Inneneinrichtung.
1490 2332 145 63 Und
1668 2341 56 53 in
1759 2332 112 61 den
1904 2327 466 66 Fensterhöhlen
2404 2326 229 78 hängen

328 2436 140 61 noch
488 2435 91 62 die
597 2435 178 61 Reste
803 2432 102 63 der
930 2432 223 63 kleinen
1176 2430 273 65 Scheiben
1485 2454 107 38 aus
1614 2427 371 64 Glasflüssen
2004 2436 157 52 einer
2180 2423 271 63 früheren
2479 2422 151 62 Zeit.

328 2530 98 64 Sie
452 2529 272 63 baumein
760 2554 75 37 an
870 2529 159 62 ihren
1063 2528 289 62 bleiernen
1378 2525 550 77 Rautenfassungen
1955 2531 76 52 im
2049 2522 225 61 Leeren
2302 2519 120 62 und
2448 2517 185 82 geben

325 2627 112 63 den
480 2627 366 63 erloschenen
882 2625 222 80 Augen
1147 2624 102 62 der
1280 2623 214 62 Hallen
1537 2632 166 52 einen
1747 2618 313 64 zitternden
2095 2613 407 82 Tränenglanz
2531 2665 11 14 .
2575 2665 12 12 .
2620 2665 10 12 ,

404 2724 145 63 Wie
591 2733 107 52 wir
739 2722 282 80 langsam,
1065 2721 260 78 langsam
1367 2727 200 55 weiter
1609 2716 380 80 Vordringen,
2030 2714 217 62 wächst
2289 2722 56 52 in
2388 2736 110 38 uns
2542 2719 92 54 ein

327 2820 226 63 Gefühl
593 2844 121 38 von
756 2820 201 78 Angst
999 2841 219 56 empor,
1270 2825 127 53 eine
1439 2816 120 61 Art
1600 2813 234 79 heiliger
1876 2812 216 72 Scheu,-
2133 2818 106 54 wir
2281 2808 198 64 fühlen
2523 2831 110 39 uns

328 2940 338 56 angezogen
710 2915 122 62 und
875 2912 513 80 zurückgestoßen,
1429 2910 276 80 gefesselt
1747 2907 121 64 und
1909 2906 415 65 verschüchtert
2364 2903 269 80 zugleich,

327 3013 120 62 und
497 3023 107 52 wir
652 3011 296 64 verlassen
1000 3010 91 62 die
1141 3009 213 62 Hallen
1405 3016 58 54 in
1515 3005 474 64 unwillkürlicher
2037 3003 219 63 Flucht,
2309 3001 140 62 Aus
2501 3000 132 61 dem

325 3110 139 61 noch
524 3132 260 39 warmen
837 3107 304 63 Gemäuer
1199 3104 205 62 haucht
1462 3114 92 52 ein
1614 3102 403 64 schauerlicher
2068 3098 383 65 Leichenduft.
2497 3097 136 60 Wir

325 3206 214 63 kehren
590 3207 111 62 auf
745 3206 111 62 den
906 3203 203 64 Markt
1165 3203 237 70 zurück,
1453 3201 112 62 auf
1608 3199 132 64 dem
1791 3201 138 69 sich,
1980 3197 181 62 näher
2211 3196 121 62 und

328 3302 180 75 lieber,
553 3304 91 62 die
686 3298 295 83 Tragödie
1023 3300 101 62 der
1165 3298 223 63 kleinen
1430 3298 242 61 Häuser
1715 3295 259 81 abspielt.

405 3400 64 61 In
536 3410 158 52 einer
753 3400 158 61 Ecke
968 3396 99 62 hat
1124 3395 106 62 das
1291 3394 113 62 alte
1466 3392 425 73 Schlachthaus,
1952 3400 92 53 ein
2093 3389 386 78 Zeitgenosse
2530 3385 104 62 der

328 3494 234 74 Hallen,
605 3495 106 64 das
755 3505 56 53 in
846 3504 90 54 ein
972 3493 286 62 Museum
1300 3488 363 63 verwandelt
1696 3486 244 64 worden
1974 3509 143 49 war,
2153 3502 166 44 unter
2356 3481 102 63 der
2476 3481 158 63 Wut

330 3591 102 63 des
459 3592 226 63 Feuers
713 3601 138 53 weit
885 3589 143 64 über
1061 3597 156 54 seine
1245 3585 277 64 Schwelle
1556 3584 207 62 hinaus
1800 3583 91 62 die
1918 3580 284 65 Scherben
2237 3588 188 53 seiner
2458 3578 174 72 alten,

329 3687 319 65 flämischen
675 3687 335 65 Porzellane
1043 3701 385 64 ausgestreut,
1462 3681 302 63 wertvolle
1788 3681 289 68 Münzen,
2111 3688 137 68 jetzt
2280 3676 356 80 geschwärzt

332 3785 119 62 und
487 3786 240 62 formlos
753 3784 337 81 geworden,
1117 3778 448 84 geschmolzene,
1593 3775 391 64 unkenntliche
2011 3775 193 77 Dinge
2239 3782 56 52 in
2328 3773 305 79 gläsernen

332 3880 120 62 und
493 3883 344 62 metallenen
880 3881 376 78 Fassungen,
1298 3874 299 65 verkohlte
1641 3871 487 71 Gewebefetzen,
2172 3869 91 63 die
2307 3878 148 54 einst
2498 3867 90 64 Ge-

330 3977 191 63 mälde
563 3979 208 77 großer
812 3979 251 61 Meister
1105 3998 217 40 waren.
1367 3972 155 63 Eine
1562 3992 329 40 marmorne
1935 3966 208 65 Statue
2186 3966 102 63 der
2328 3965 167 64 Leda
2536 3964 100 63 hat
