3222 4572
1406 329 158 65 Krie
1565 328 443 52 gsßericßterstatter

546 331 102 50 324

628 523 138 62 Wir
800 523 237 81 dringen
1072 523 260 80 langsam
1368 523 111 62 auf
1505 522 132 63 dem
1665 523 160 61 Platz
1858 544 123 39 vor.
2018 519 117 62 Die
2169 517 223 63 kleinen
2427 518 153 62 alten
2613 519 238 64 Häuser

544 628 286 70 ringsum,
874 619 114 64 fast
1030 618 108 64 alle
1179 618 345 80 beschädigt,
1567 627 182 70 einige
1791 641 147 55 ganz
1979 622 265 63 zerstört,
2286 614 261 61 scheinen
2588 614 111 60 sich
2741 640 112 37 zu*

548 716 497 80 rückzudrängen,
1104 717 109 62 sich
1274 713 398 73 aufzureihen,
1731 738 111 54 eng
1908 708 589 80 aneinandergepreßt
2554 717 113 54 wie
2727 718 128 55 eine

549 811 249 81 Menge,
842 812 93 64 die
977 829 249 47 entsetzt
1268 811 122 62 und
1424 809 286 81 angstvoll
1753 819 73 52 im
1853 809 173 62 Kreis
2061 830 100 38 um
2187 815 92 53 ein
2307 805 548 63 Schreckensschau*

551 908 144 81 spiel
746 909 372 63 herumsteht.
1180 908 142 62 Auf
1365 908 131 61 dem
1547 905 205 62 Boden
1801 914 76 53 im
1941 903 178 62 freien
2168 901 191 63 Raum
2408 901 281 61 zwischen
2742 900 113 64 den

551 1005 218 63 Hallen
803 1005 122 63 und
950 1005 101 63 der
1076 1004 204 62 Kirche
1313 1013 129 52 eine
1476 1000 352 82 ungeheure,
1861 1000 288 63 schwarze
2174 997 219 72 Höhle,
2428 997 430 80 unregelmäßig

553 1101 123 61 und
725 1102 125 62 tief:
903 1101 93 62 die
1037 1098 464 79 Einschlagstelle
1545 1106 154 52 eines
1740 1094 602 64 42cm*Gesdhosses,
2406 1092 89 62 Es
2538 1091 148 64 sieht
2727 1116 129 48 aus,

553 1196 85 63 als
682 1196 150 63 habe
866 1196 92 62 die
993 1196 265 62 Granate
1284 1195 104 61 das
1424 1192 480 80 Straßenpflaster
1938 1191 121 62 und
2092 1191 93 62 die
2221 1191 164 62 Erde
2417 1188 436 80 verschlungen:

555 1291 154 62 denn
744 1291 159 73 alles,
937 1315 126 37 was
1090 1299 84 53 sie
1208 1313 108 38 aus
1353 1287 217 64 diesem
1607 1287 374 80 ungeheuren
2014 1286 234 73 Krater,
2275 1295 56 52 in
2366 1285 113 62 den
2515 1285 109 62 sich
2651 1309 207 37 zwan*

555 1398 92 68 zig
681 1388 314 62 Menschen
1020 1385 316 80 verbergen
1371 1384 274 72 könnten,
1673 1383 505 81 herausgegraben
2214 1381 185 64 haben
2430 1381 157 73 muß,
2615 1390 74 54 ist
2719 1406 139 38 ver*

556 1486 91 59 sch
652 1482 251 63 wunden
1064 1480 291 80 aufgelöst
1397 1479 121 64 und
1572 1480 87 63 als
1701 1478 213 65 Wolke
1964 1478 266 63 kleinster
2270 1477 302 80 Projektile
2622 1475 237 64 umher*

553 1578 402 80 geschleudert-
1042 1578 282 78 Ringsum
1382 1576 147 63 sieht
1586 1600 64 38 es
1711 1600 109 38 aus
1880 1583 113 55 wie
2059 1576 137 61 nach
2268 1583 186 54 einem
2520 1572 335 62 Erdbeben,

554 1672 480 83 Laternenpfähle
1059 1672 130 64 sind
1205 1696 183 56 gegen
1406 1673 260 63 Mauern
1686 1671 407 81 geschleudert,
2120 1671 225 62 Bäume
2370 1668 131 64 sind
2517 1668 345 63 entwurzelt

555 1769 120 63 und
732 1779 136 53 weit
917 1770 393 80 fortgerissen,
1360 1793 125 38 was
1546 1770 109 61 sich
1716 1779 56 52 in
1823 1767 101 64 der
1966 1766 184 64 Nähe
2200 1766 235 74 befand,
2493 1775 74 56 ist
2624 1764 236 63 beiseite

553 1867 315 78 geworfen.
913 1867 117 62 Die
1075 1865 334 80 ungeheure
1434 1864 332 83 Explosion
1809 1865 100 61 hat
1951 1865 108 61 sich
2102 1888 107 38 aus
2246 1863 186 73 allem,
2475 1887 127 39 was
2630 1872 55 53 in
2712 1860 150 64 ihrer

555 1961 182 63 Nähe
779 1986 145 48 war,
965 1962 244 63 Waffen
1250 1963 320 79 geschaffen
1614 1961 121 63 und
1777 1961 179 64 damit
1998 1986 99 38 um
2139 1961 108 62 sich
2289 1959 350 82 geschlagen.

633 2056 306 65 Zwischen
974 2058 74 61 all
1084 2057 190 64 dieser
1306 2057 364 80 Zerstörung
1703 2057 153 64 steht
1901 2067 193 52 mitten
2129 2066 56 52 in
2219 2065 187 53 einem
2446 2054 243 74 kleinen,
2723 2079 140 39 ver*

559 2164 288 53 wüsteten
916 2154 292 63 Gärtchen
1279 2154 106 63 das
1453 2162 219 72 einzige
1739 2152 400 73 Menschliche,
2197 2152 107 63 das
2364 2151 336 81 übrigblieb,
2751 2151 107 64 das

559 2248 305 64 Standbild
906 2250 103 62 des
1052 2250 481 79 Bürgermeisters
1569 2249 633 81 Vandenpeereboom.
2256 2248 284 62 Aufrecht
2581 2246 122 64 und
2745 2272 115 36 un*

556 2343 237 65 berührt
833 2345 154 65 steht
1029 2369 61 40 er
1133 2345 76 63 da
1251 2347 122 62 und
1414 2347 195 62 schaut
1650 2354 201 54 immer
1891 2345 141 63 noch
2075 2369 77 37 zu
2196 2344 112 62 den
2341 2343 214 63 Hallen
2597 2342 263 73 hinüber,

556 2441 374 64 zufriedenen
976 2442 264 63 Gesichts
1284 2442 122 62 und
1448 2452 100 52 mit
1588 2441 420 63 theatralischer
2051 2441 207 63 Geste,

1692 2613 32 28 ★

637 2734 116 62 Die
771 2734 205 65 Kirche
995 2735 82 64 St,
1100 2735 225 62 Martin
1343 2758 125 38 war
1486 2743 128 54 eine
1639 2744 157 69 jener
1820 2733 288 80 gotischen
2126 2730 287 64 Basiliken
2432 2730 103 64 des
2553 2729 309 72 Nordens,

559 2830 174 63 deren
762 2829 365 65 Grundstein
1169 2830 105 64 das
1310 2830 132 64 elfte
1467 2829 380 81 Jahrhundert
1880 2829 167 80 legte,
2083 2828 91 62 die
2209 2827 106 63 das
2342 2827 233 76 zwölfte
2601 2827 261 71 erbaute,

559 2924 104 64 das
708 2926 330 63 dreizehnte
1080 2936 324 53 erweiterte
1439 2926 121 62 und
1594 2926 105 63 das
1733 2924 332 64 vierzehnte
2098 2922 383 81 Jahrhundert
2511 2921 351 73 vollendete,

558 3021 175 74 stark,
767 3032 115 54 wie
916 3032 127 54 eine
1068 3024 285 78 Festung,
1388 3022 286 80 umgeben
1708 3046 120 38 von
1863 3021 210 72 feinen,
2107 3020 516 80 geschwungenen,
2657 3017 207 62 durch*

556 3117 321 64 brochenen
904 3119 468 81 Strebepfeilern,
1400 3119 92 63 die
1519 3119 121 62 ihre
1673 3117 260 64 schlanke
1959 3117 207 63 Kurve
2199 3140 77 38 zu
2303 3125 183 53 seiten
2514 3115 102 62 des
2643 3115 219 79 großen

559 3215 232 64 Schiffes
835 3225 113 54 wie
990 3217 193 62 leichte
1218 3217 473 81 Springbrunnen
1727 3213 446 82 emporwarfen,
2202 3222 127 53 eine
2364 3211 224 72 Kirche,
2623 3210 92 64 die
2749 3219 114 53 wie

556 3321 93 53 ein
685 3312 197 63 Sturm
925 3312 103 63 der
1070 3322 282 70 innigsten
1393 3312 273 63 Andacht
1706 3321 93 63 ist,
1852 3311 121 62 und
2023 3309 112 64 auf
2169 3309 93 62 die
2305 3309 275 61 frommer
2624 3307 239 63 Glaube

558 3407 415 79 Jahrhunderte
1015 3408 132 80 lang
1189 3408 109 63 alle
1341 3407 221 64 Grazie
1606 3416 156 55 einer
1802 3431 121 37 nun
1964 3405 343 63 verlorenen
2348 3403 200 62 Kunst
2588 3402 214 62 häufte.

638 3504 129 63 Das
803 3514 204 71 riesige
1042 3505 459 81 Spitzenmuster
1537 3505 103 61 der
1674 3504 199 62 Rosen
1909 3512 70 53 ist
2011 3511 303 62 zerrissen,
2357 3500 93 62 die
2483 3500 379 80 gemeißelten

560 3599 225 63 Portale
827 3601 128 63 sind
996 3613 416 61 zertrümmert,
1456 3600 94 62 die
1584 3599 242 63 Wände
1867 3599 230 71 klaffen,
2139 3598 93 62 die
2275 3596 367 64 historischen
2677 3594 187 63 Glas*

563 3694 212 65 fenster
816 3698 189 62 haben
1048 3698 93 63 die
1176 3698 339 63 Edelsteine
1557 3697 149 63 ihrer
1739 3695 218 64 bunten
1992 3694 191 64 Bilder
2218 3719 94 37 am
2345 3692 205 63 Boden
2576 3708 288 47 verstreut

563 3799 113 53 wie
717 3791 90 64 die
841 3793 207 64 Stücke
1073 3803 158 54 eines
1273 3792 326 65 blitzenden
1633 3791 439 81 Zauberspiels,
2115 3791 106 62 das
2256 3787 270 65 niemand
2558 3797 55 69 je
2646 3787 217 63 wieder

563 3907 535 46 zusammensetzen
1123 3890 162 63 wird.
1331 3890 142 62 Auf
1508 3890 100 62 der
1635 3887 164 64 Erde
1840 3887 218 62 häufen
2084 3887 111 61 sich
2223 3885 92 62 die
2359 3882 501 81 herabgefallenen
