3393 4572
718 462 95 49 278

983 461 227 50 Annette
1241 459 139 54 Kofß
1402 486 10 10 •
1434 459 105 54 Die
1995 458 251 52 Internationafe
2247 457 177 52 Rundschau
2425 458 89 50 und
2515 458 53 50 der
2591 458 159 63 Krieg

722 654 364 63 Alarmisten
1129 652 122 64 und
1293 652 499 73 Schwarzsehern,
1834 651 140 64 noch
2018 659 102 54 mit
2161 650 111 62 den
2314 649 334 64 Neutralen
2692 650 120 63 und
2855 651 165 75 ihrer,

722 750 190 64 neben
942 750 102 64 der
1070 773 253 39 unseren
1348 749 286 80 gehalten,
1660 773 70 38 so
1757 748 390 82 spielerischen
2165 745 420 74 Parteinahme,
2612 745 177 64 ihrem
2815 746 209 77 kalten,

723 848 415 80 unbeteiligten
1182 847 184 62 Eifer.
1419 845 173 64 Aber
1641 871 64 38 es
1747 856 161 52 wäre
1956 845 145 61 nicht
2151 842 101 63 der
2293 840 195 64 Mühe
2529 858 165 56 wert,
2744 866 119 38 von
2915 868 108 40 uns

724 971 79 36 zu
837 944 200 72 reden,
1071 966 175 39 wenn
1272 952 108 52 wir
1411 943 145 61 nicht
1588 942 140 62 auch
1756 941 91 63 die
1870 937 570 66 Unbeeinflußbaren
2474 948 220 62 wären,
2730 937 92 63 die
2855 941 171 62 nichts

728 1041 113 62 auf
877 1041 103 62 der
1014 1040 168 62 Welt
1213 1064 121 37 von
1368 1038 151 63 ihrer
1551 1037 282 64 schmalen
1866 1036 164 62 Bahn
2073 1035 443 71 hinunterstößt,
2559 1033 121 63 und
2713 1059 174 37 wenn
2921 1045 106 53 wir

728 1137 145 61 nicht
915 1146 93 54 ein
1048 1136 175 62 Recht
1264 1135 112 62 auf
1418 1158 212 39 unsere
1670 1132 423 64 Zerrissenheit
2135 1130 121 63 und
2305 1155 178 38 unser
2533 1139 225 54 inneres
2802 1130 225 65 Gesetz

729 1234 276 62 besäßen.
1042 1233 148 62 Von
1217 1230 102 64 der
1352 1230 204 62 Natur
1590 1231 112 61 auf
1729 1253 211 41 unsere
1970 1229 174 62 heute
2170 1228 342 63 verlorenen
2538 1228 215 62 Posten
2787 1228 204 63 hinaus-

729 1338 317 70 gewiesen,
1088 1327 129 62 sind
1259 1351 109 38 uns
1414 1327 132 61 dort
1587 1327 193 78 Dinge
1822 1324 396 73 übersichtlich,
2270 1324 77 61 ich
2391 1339 162 64 sagte
2596 1347 63 39 es
2702 1324 191 71 schon,
2937 1324 91 64 die

731 1427 110 62 sich
884 1424 167 63 Ihren
1084 1423 223 62 Blicken
1350 1422 318 63 entziehen.
1714 1422 90 62 Es
1847 1432 74 52 ist
1960 1422 164 62 keine
2157 1422 469 61 Besserwisserei
2666 1421 93 62 bei
2801 1445 110 38 uns
2953 1430 76 53 im

732 1520 174 81 Spiel.
961 1520 127 62 Der
1128 1517 210 64 Weise
1380 1541 109 38 aus
1540 1518 103 63 der
1683 1518 212 63 Ebene
1935 1517 147 62 wird
2130 1518 108 61 sich
2290 1517 170 61 nichts
2504 1516 311 80 vergeben,
2857 1540 172 38 wenn

732 1642 62 38 er
836 1616 112 61 den
990 1610 198 67 Toren
1232 1612 167 80 fragt,
1441 1638 127 38 was
1612 1638 61 38 er
1714 1639 120 37 von
1877 1624 187 52 seiner
2105 1612 261 64 Anhöhe
2408 1638 108 37 aus
2561 1611 235 65 sieht...

812 1712 173 62 Aber
1033 1712 77 60 ich
1154 1710 193 61 mache
1391 1709 98 63 Sie
1538 1734 112 38 nur
1692 1709 373 80 ungeduldig,
2115 1709 190 62 indem
2355 1709 77 62 ich
2485 1708 311 81 praktische
2838 1709 194 79 Dinge

734 1808 356 81 verspreche,
1132 1807 93 62 die
1267 1807 92 61 für
1400 1805 169 79 jeden
1610 1805 191 81 gelten
1834 1807 205 71 sollen,
2081 1805 120 64 und
2245 1804 294 75 fortfahre,
2576 1814 165 54 einen
2784 1814 210 72 persön-

732 1906 173 62 lichen
939 1902 199 64 Zufall
1173 1927 76 39 zu
1284 1912 279 62 erörtern,
1597 1912 114 52 wie
1747 1902 120 64 dies
1902 1902 597 80 Halbgermanentum
2534 1910 250 54 inmitten
2820 1901 175 63 äußer-

733 2016 117 47 ster
891 1999 320 62 nationaler
1253 1997 395 80 Gegensätze.

813 2096 89 63 Es
939 2105 72 52 ist
1043 2095 140 62 aber
1216 2103 91 53 ein
1334 2094 221 72 Zufall,
1589 2095 103 61 der
1726 2104 107 52 mir
1866 2094 105 63 das
2007 2095 173 61 Recht
2204 2104 223 52 innerer
2452 2094 411 80 Erfahrungen
2896 2093 138 80 gibt,

734 2192 92 62 die
853 2202 75 52 im
963 2192 297 62 einzelnen
1295 2216 77 38 zu
1405 2190 267 79 zerlegen
1707 2190 144 61 nicht
1885 2190 103 63 der
2012 2190 277 63 Moment
2321 2199 122 54 sein
2468 2214 151 55 mag,
2647 2189 92 64 die
2764 2199 105 52 mir
2895 2189 139 64 aber

738 2288 112 62 den
910 2287 560 63 unerschütterlichen
1524 2286 279 63 Glauben
1853 2286 206 80 geben,
2111 2284 112 64 daß
2276 2286 104 62 das
2431 2286 170 63 letzte
2652 2286 191 62 Urteil
2893 2286 144 62 über

738 2383 501 64 Gemeinsamkeit
1288 2382 145 64 oder
1475 2382 364 64 Feindschaft
1889 2382 282 62 zwischen
2223 2381 112 63 den
2377 2381 306 63 Nationen
2733 2382 145 62 nicht
2927 2406 107 38 aus

737 2480 130 62 dem
917 2490 468 70 gegenwärtigen
1427 2479 181 78 Krieg
1658 2479 330 62 erwachsen
2039 2479 146 62 darf.
2239 2477 148 63 Und
2429 2503 62 38 es
2542 2487 73 54 ist
2665 2479 371 80 nachgerade,

737 2575 85 64 als
858 2575 77 64 ob
978 2575 267 64 hierüber
1278 2575 145 61 nicht
1457 2574 93 62 die
1577 2574 262 72 Waffen,
1874 2574 255 63 sondern
2165 2574 92 62 die
2289 2573 274 81 täglichen
2590 2574 447 63 Stimmerheber

734 2697 75 38 zu
853 2672 359 64 entscheiden
1255 2672 212 71 hätten,
1510 2670 93 63 die
1644 2696 109 38 aus
1797 2670 133 64 dem
1956 2681 224 69 ewigen
2210 2670 273 63 Umwert
2509 2669 101 64 der
2634 2670 400 63 menschlichen

737 2767 378 65 Gesellschaft
1165 2768 412 79 Folgerungen
1627 2767 112 61 auf
1781 2766 119 63 ihre
1942 2767 214 62 Werte
2205 2767 203 62 ziehen
2460 2766 121 62 und
2629 2767 122 62 ihre
2800 2766 236 63 Einheit

734 2872 313 55 zerstören.
1091 2862 303 65 Niemand
1437 2872 162 69 gerät
1639 2871 56 52 in
1737 2862 469 62 Friedenszeiten
2250 2861 111 63 auf
2396 2861 111 63 den
2552 2861 348 74 Gedanken,
2942 2861 94 63 die

734 2957 679 66 Verbrecherstatistiken
1455 2959 344 75 anzurufen,
1841 2984 100 37 um
1983 2959 113 62 den
2131 2959 174 63 Geist
2347 2968 155 53 einer
2537 2959 231 63 Nation
2810 2984 76 37 zu
2928 2959 70 62 be-

734 3055 303 62 schreiben,
1084 3055 200 62 Heute
1326 3053 184 63 sollen
1554 3078 118 38 nun
1715 3063 100 53 mit
1856 3064 187 52 einem
2078 3053 169 63 Male
2288 3054 188 62 solche
2501 3054 533 79 Verwechslungen

734 3152 206 78 richtig,
983 3150 246 73 erlaubt,
1272 3152 321 61 erwünscht
1634 3152 147 62 sein!
1827 3150 137 63 Wir
1989 3162 238 51 müssen
2271 3150 106 63 das
2405 3150 313 64 Bleibende
2753 3161 76 52 im
2864 3150 170 64 Chat

736 3247 186 63 rakter
964 3258 157 54 einer
1152 3248 234 62 Nation
1428 3271 109 38 vor
1578 3271 70 39 so
1691 3247 292 79 niedrigen
2011 3247 264 63 Urteilen
2309 3247 370 79 verteidigen.
2726 3247 147 62 Und
2915 3246 121 62 hier

738 3343 136 63 muß
917 3345 139 61 auch
1098 3366 183 56 gegen
1323 3351 248 71 gewisse
1613 3343 428 78 Ausartungen
2083 3343 229 63 Protest
2354 3341 259 63 erhoben
2655 3342 255 64 werden.

817 3439 135 63 Daß
994 3464 76 38 zu
1095 3440 247 79 Anfang
1383 3439 103 63 des
1522 3439 244 80 Krieges
1803 3437 612 64 Selbstzufriedenheit
2457 3439 120 62 und
2619 3448 90 53 ein
2753 3448 280 69 gewisses

741 3531 289 65 Selbstlob
1066 3535 217 62 überall
1328 3534 340 72 herrschten,
1710 3558 127 38 war
1877 3534 161 62 wohl
2081 3534 354 63 unerläßlich.
2481 3535 170 62 Aber
2693 3534 339 62 inzwischen

741 3628 98 61 hat
878 3632 107 59 sich
1028 3630 91 64 die
1143 3632 135 61 Luft
1303 3632 279 80 Europas
1617 3630 170 63 durch
1823 3629 122 64 dies
1973 3630 332 63 Verfahren
2332 3629 332 64 bedeutend
2688 3629 346 62 verschlecht

743 3741 122 46 tert.
908 3726 149 62 Man
1108 3727 162 64 redet
1316 3727 415 74 voneinander,
1781 3728 86 63 als
1917 3727 270 80 gedächte
2229 3752 135 37 man
2407 3737 92 52 nie
2547 3726 218 62 wieder
2805 3735 229 53 miteint

743 3818 177 63 ander
959 3822 474 74 auszukommen,
1486 3822 122 64 und
1658 3824 122 62 dies
1831 3834 72 52 ist
1944 3824 143 60 nicht
2128 3824 92 62 die
2262 3822 207 71 Lehre,
2512 3821 93 62 die
2648 3830 107 52 wir
2788 3845 108 38 aus
2932 3820 101 62 der

750 3912 346 66 furchtbaren
1136 3919 259 80 Prüfung
1444 3920 190 62 dieses
1676 3920 245 79 Krieges
1973 3919 203 62 ziehen
2227 3918 204 71 sollen,
2482 3916 140 61 noch
2673 3916 132 79 liegt
2854 3916 178 62 hierin

746 4009 183 62 Pietät
977 4011 92 61 für
1117 4013 91 62 die
1259 4014 366 63 Gefallenen.
1686 4015 204 62 Wenn
1942 4015 159 62 diese
2152 4011 439 65 Lebensfrohen
2642 4013 109 62 sich
2802 4013 111 62 alle
2962 4034 72 40 so
