2999 4269
595 199 388 89 ÉTAPES
1047 219 317 72 D'UNE
1433 202 706 91 DÉCOUVERTE

2537 248 92 72 35

91 367 289 81 quelques
414 364 336 84 fragments
783 367 73 58 de
891 383 174 43 notre
1105 369 539 80 correspondance.
1686 372 104 58 Un
1832 372 143 78 jour
2022 373 56 58 le
2130 370 217 61 maître
2398 374 240 61 m'écrit

89 457 74 59 de
197 458 87 57 La
319 457 296 81 Chapelle
652 457 65 58 St
755 457 202 81 Rémy
1001 458 262 79 (Sarthe)
1308 480 12 36 :

634 596 150 54 MON
816 615 147 36 CHER
991 617 131 51 AMI,

306 713 93 52 On
431 732 67 35 ne
527 712 234 55 bavarde
781 712 193 75 jamais
1004 713 183 75 quand
1217 735 72 33 on
1320 735 67 33 ne
1415 715 149 73 parle
1593 735 107 53 que
1730 736 140 52 pour
1899 716 116 54 dire
2056 717 96 53 des
2195 717 187 55 choses
2412 718 198 54 intéres-

89 802 195 56 santes,
313 810 214 33 comme
568 809 142 35 vous
752 811 134 33 avez
927 803 258 41 coutume
1230 792 67 53 de
1339 792 49 53 le
1432 791 144 54 faire.
1609 793 239 73 N'ayant
1890 814 92 52 pas
2009 806 157 41 votre
2204 793 157 55 lettre
2403 815 128 33 sous
2561 795 76 54 les

88 889 160 54 yeux,
270 868 58 74 je
371 889 66 33 ne
479 868 123 73 puis
644 889 36 53 y
722 868 268 73 répondre
1034 889 65 33 en
1145 868 163 54 détail
1339 894 14 44 ;
1395 890 57 33 ce
1494 891 117 33 sera
1653 891 139 52 pour
1834 871 132 53 dans
2009 871 145 53 deux
2195 892 75 33 ou
2307 873 130 52 trois
2459 872 177 75 jours,

87 947 183 74 quand
290 947 56 72 je
378 947 132 51 serai
539 944 180 54 rentré
750 947 132 51 chez
912 946 127 53 moi.
1073 947 153 52 Dans
1256 966 58 34 ce
1341 947 215 74 village,
1578 947 35 53 il
1642 967 36 54 y
1706 969 29 31 a
1764 969 108 33 une
1895 948 183 54 cloche
2109 969 106 53 que
2236 949 94 73 j'ai
2361 951 276 53 entendue

88 1043 57 35 ce
174 1024 169 52 matin
372 1035 55 41 et
455 1023 93 74 qui
579 1023 183 52 donne
792 1022 104 54 l'ut
907 1060 17 28 3
929 1065 11 11 .
973 1023 206 61 Quand
1211 1023 49 53 le
1291 1043 97 33 son
1420 1024 229 69 s'éteint,
1682 1026 34 52 il
1747 1022 94 56 fait
1870 1027 265 52 entendre
2164 1026 68 53 de
2260 1026 171 53 lentes
2460 1027 149 53 vibra-

87 1102 143 53 tions
261 1099 167 55 d'une
459 1099 232 54 seconde
720 1111 53 40 et
803 1099 179 54 demie
1013 1099 375 73 d'amplitude.
1423 1101 232 73 D'après
1686 1122 130 33 mon
1861 1102 319 72 hypothèse,
2211 1122 84 33 ces
2338 1102 298 54 vibrations

88 1179 225 52 doivent
362 1178 300 52 constituer
703 1176 49 54 la
794 1174 405 57 fondamentale
1242 1179 341 54 inaccessible
1625 1179 28 54 à
1696 1192 153 41 notre
1899 1179 203 69 oreille,
2134 1181 93 73 qui
2277 1181 160 53 serait
2482 1181 49 53 le
2566 1183 68 69 fa

87 1254 325 54 au-dessous
442 1254 68 54 de
985 1253 99 52 Yut
647 1253 139 53 situé
809 1253 28 53 à
865 1253 50 53 la
946 1256 30 50 6
981 1259 16 21 e
1027 1266 186 42 octave
1244 1254 67 54 de
2601 1256 37 52 Yu
1458 1256 77 53 du
1560 1272 67 53 32
1655 1256 169 72 pieds.
1852 1257 130 52 Cela
2011 1257 139 53 n'est
2180 1276 92 53 pas
2302 1257 331 72 impossible.

85 1333 65 70 Je
181 1332 137 54 livre
346 1352 86 34 ces
461 1330 191 55 détails
681 1330 28 54 à
738 1351 99 34 vos
869 1343 246 42 savantes
1146 1332 286 53 réflexions
1461 1334 9 52 !
1501 1334 65 68 Je
1597 1353 138 35 vous
1767 1334 284 54 embrasse.

1857 1423 60 54 C.
1945 1424 377 53 SAINT-SAENS

268 1557 104 58 Un
430 1577 119 60 peu
609 1555 132 79 plus
775 1553 152 71 tard,
980 1553 30 59 à
1058 1555 54 56 la
1161 1555 155 57 suite
1367 1554 72 58 de
1496 1553 417 82 phénomènes
1965 1577 58 38 se
2079 1571 358 66 rapportant
2492 1555 32 60 à
2580 1558 56 57 la

84 1644 259 61 lumière
378 1659 57 44 et
469 1667 76 36 au
578 1666 130 49 son,
743 1644 43 57 il
821 1642 241 61 m'écrit
1099 1664 11 37 :

153 1816 49 11 ...
234 1771 48 55 la
313 1771 228 55 lumière
572 1783 52 42 et
666 1770 48 55 le
757 1790 98 33 son
905 1771 147 52 étant
1096 1770 305 74 également
1447 1771 251 71 produits
1748 1790 91 52 par
1885 1771 94 54 des
2022 1771 316 69 vibrations,
2368 1772 78 54 les
2491 1772 146 55 deux

87 1850 372 72 phénomènes
489 1849 229 53 doivent
747 1849 111 50 être
887 1846 308 74 analogues.
1230 1847 99 68 Or,
1353 1866 215 33 comme
1588 1846 57 74 je
1677 1868 139 33 vous
1847 1847 86 54 l'ai
1964 1849 214 53 raconté
2220 1849 256 72 naguère,
2506 1850 130 53 c'est

87 1927 28 54 à
143 1926 49 55 la
223 1926 317 55 Madeleine
569 1944 107 54 que
699 1925 115 73 j'en
844 1925 47 52 ai
921 1922 94 55 fait
1043 1924 387 54 l'observation
1463 1946 14 46 ;
1507 1925 184 72 quand
1720 1925 152 71 après
1902 1945 73 33 un
2007 1926 190 53 accord
2236 1925 143 68 final,
2410 1926 105 53 soit
2558 1927 76 54 du

87 2005 171 75 grand
301 2024 172 53 orgue
517 2004 104 52 soit
663 2004 75 52 du
781 2002 205 66 chœur,
1007 2001 286 74 j'écoutais
1335 2000 51 54 le
1428 2021 98 33 son
1570 2002 94 74 qui
1707 2002 225 71 persiste
1973 2002 133 54 dans
2149 2023 57 34 ce
2234 2005 245 52 vaisseau
2510 2016 123 61 trop

87 2101 197 35 sonore
313 2103 10 33 :
374 2080 252 73 toujours
675 2079 51 53 le
775 2099 99 32 son
924 2079 230 52 montait
1199 2079 167 52 d'une
1415 2075 154 68 façon
1620 2079 106 52 très
1775 2079 334 72 appréciable
2157 2098 68 34 au
2269 2092 250 42 moment
2566 2081 68 53 de

87 2160 306 53 s'éteindre.
425 2156 15 28 1
488 2159 102 68 J'ai
637 2157 132 54 dans
816 2176 86 32 ma
949 2156 253 52 chambre
1244 2155 28 54 à
1314 2156 231 52 coucher
1587 2176 108 33 une
1738 2156 237 71 pendule
2021 2157 137 54 dont
2204 2156 51 55 le
2303 2159 197 52 timbre
2539 2156 95 57 fait

88 2237 262 54 entendre
380 2235 95 54 des
505 2233 298 55 vibrations
832 2232 338 54 secondaires
1302 2231 50 55 la
1381 2230 404 56 fondamentale
1815 2252 120 34 sans
1964 2233 170 54 doute
2275 2233 28 55 à
2343 2236 178 53 raison
2564 2236 68 53 de

87 2316 122 72 cinq
238 2334 93 52 par
361 2312 232 54 seconde
620 2334 14 44 ;
663 2311 132 52 dans
826 2310 49 53 le
906 2310 194 53 silence
1131 2310 68 53 de
1227 2308 50 54 la
1306 2310 138 67 nuit,
1475 2310 94 73 qui
1599 2322 211 60 permet
1852 2311 67 52 de
1962 2311 304 74 distinguer
2308 2311 123 72 plus
2472 2312 128 75 long-

85 2405 180 58 temps
311 2391 51 52 la
405 2388 385 73 prolongation
841 2387 76 53 du
963 2406 117 47 son,
1131 2406 85 33 ces
1264 2386 297 53 vibrations
1609 2387 342 52 s'accélèrent
1998 2400 163 40 avant
2209 2388 67 54 de
2324 2388 304 56 s'éteindre.

87 2468 426 74 Expérimentez
541 2466 28 53 à
599 2477 156 41 votre
784 2477 128 41 tour
941 2476 54 41 et
1015 2463 57 74 je
1103 2465 110 50 suis
1244 2463 123 54 bien
1400 2466 91 51 sûr
1524 2484 106 53 que
1659 2484 140 33 vous
1829 2462 147 55 ferez
2003 2465 76 53 les
2117 2467 209 51 mêmes
2368 2479 237 41 constata-

87 2547 143 53 tions
268 2567 14 45 ;
325 2557 141 41 reste
510 2543 28 54 à
586 2555 226 40 trouver
860 2542 47 52 la
952 2561 174 47 cause,
1157 2552 116 42 tant
1319 2560 141 52 pour
1503 2540 49 53 la
1597 2541 228 53 lumière
1867 2561 107 53 que
2012 2561 141 53 pour
2181 2542 48 53 le
2258 2562 116 33 son.
2406 2543 151 54 Pour
2585 2545 51 52 la

85 2622 247 67 lumière,
362 2632 125 42 tout
515 2620 50 53 le
595 2618 204 54 monde
827 2639 29 31 a
886 2618 227 52 observé
1142 2616 50 53 le
1221 2617 345 72 phénomène
1597 2639 14 44 ;
1654 2630 123 42 tout
1804 2617 48 53 le
1881 2618 205 54 monde
2128 2618 99 54 sait
2267 2621 257 71 qu'avant
2566 2621 67 53 de

87 2701 226 67 mourir,
342 2698 51 54 le
492 2698 48 52 le
569 2696 836 73 petit-bonhomme-vit-encore
1504 2694 136 73 jette
1670 2716 75 32 un
1775 2696 133 53 éclat
1937 2708 339 60 surprenant.
2303 2697 190 55 Est-ce
2524 2719 108 33 une

84 2777 349 55 accélération
464 2774 18 55 ?
519 2773 208 55 celle-ci
757 2794 68 33 ne
854 2771 338 54 devrait-elle
1222 2791 90 52 pas
1343 2771 181 73 plutôt
1554 2792 219 33 amener
1801 2794 76 31 un
1919 2773 361 73 changement
2322 2776 66 52 de
2430 2774 174 55 colora-

85 2856 117 53 tion
229 2854 19 55 ?
291 2853 46 54 Il
378 2872 36 54 y
456 2872 65 33 en
565 2871 28 33 a
634 2852 125 52 bien
803 2870 126 47 une,
973 2849 132 52 mais
1148 2849 77 54 du
1267 2867 171 55 rouge
1481 2868 66 33 au
1592 2849 167 54 blanc.
1794 2849 129 60 Que
1959 2868 56 35 se
2043 2851 267 72 passe-t-il
2341 2852 185 74 quand
2556 2874 75 31 un

85 2951 157 53 corps
272 2929 379 55 incandescent
680 2946 152 55 passe
863 2927 76 52 du
968 2945 173 53 rouge
1169 2946 70 32 au
1268 2924 171 70 blanc,
1903 2926 207 72 parlant
2138 2926 19 54 ?

240 3009 65 69 Je
334 3008 247 73 l'ignore,
605 3006 206 52 n'étant
841 3023 92 52 pas
962 3004 153 54 versé
1145 3004 133 51 dans
1307 3003 283 74 l'optique.
1625 3002 447 56 Informez-vous
2101 3006 193 71 auprès
2323 3006 94 53 des
2448 3007 155 72 physi-

85 3087 144 52 ciens
278 3084 355 73 compétents.
673 3082 66 68 Je
789 3081 102 53 n'ai
933 3100 107 53 que
1086 3100 127 33 mon
1263 3079 184 54 oreille
1493 3092 53 41 et
1584 3100 131 33 mon
1764 3081 276 68 intuition,
2072 3081 26 53 à
2143 3101 141 33 vous
2327 3084 305 70 appartient

87 3164 238 54 d'entrer
369 3162 132 53 dans
530 3159 49 55 le
611 3158 286 74 splendide
926 3158 254 53 domaine
1209 3157 66 53 de
1305 3157 48 53 la
1382 3158 203 53 science
1615 3158 92 74 qui
1752 3158 157 53 m'est
1952 3158 239 55 interdit.
2220 3159 193 54 J'aurai
2457 3161 83 53 été
2581 3161 50 53 la

84 3241 177 54 racine
291 3251 52 42 et
370 3257 143 36 vous
541 3237 50 53 la
618 3237 138 52 fleur
784 3235 94 74 qui
906 3234 306 73 s'épanouit
1241 3233 132 53 dans
1401 3233 50 53 la
1479 3233 283 55 lumière...

268 3373 102 59 On
404 3371 130 58 voit
569 3383 136 44 tout
738 3366 264 60 l'intérêt
1039 3389 120 59 que
1192 3369 53 56 le
1279 3366 219 59 maître
1533 3369 228 79 portait
1796 3366 32 59 à
1862 3388 95 38 ces
1985 3369 309 80 questions
2326 3383 59 44 et
2418 3370 83 59 les
2526 3392 72 37 en-

87 3474 465 67 couragements
587 3459 105 81 qui
729 3479 73 37 en
839 3456 383 60 découlaient
1258 3478 156 61 pour
1451 3458 144 58 moi.

202 3590 10 23 1
236 3594 112 36 Dans
369 3588 149 40 Fétude
539 3584 311 57 expérimentale
872 3587 101 37 dont
993 3584 30 39 il
1044 3600 82 24 sera
1150 3586 183 50 question
1357 3583 89 55 plus
1464 3584 96 49 loin,
1580 3586 141 49 gavais
1744 3600 70 24 cru
1838 3595 161 29 trouver
2020 3584 273 55 Fexplication
2325 3587 49 39 de
2405 3600 43 26 ce
2479 3589 129 52 phéno-

87 3654 115 36 mène
224 3668 10 31 ;
257 3649 100 39 mais
378 3661 50 24 au
452 3661 115 24 cours
589 3647 123 36 d'une
733 3645 48 38 de
802 3659 73 23 nos
896 3643 197 39 dernières
1116 3643 250 54 expériences
1384 3644 38 49 je
1445 3657 63 24 me
1531 3644 78 37 suis
1632 3644 224 38 convaincu
1881 3642 97 53 qu'il
2000 3645 210 52 provenait
2230 3645 123 40 d'une
2374 3655 113 30 autre
2504 3661 128 25 cause.
