2999 4269
1039 1131 187 47 INDY
1252 1133 232 61 (Vincent
1504 1133 80 62 d').
1692 1135 246 47 Beethoven
1956 1136 287 62 (Collection
2261 1137 228 61 Laurens,
2509 1140 162 45 in-12°

898 1201 57 45 de
990 1213 95 49 150
1113 1202 110 62 pp.).

1042 1284 274 47 Beethoven
1355 1298 47 33 et
1429 1287 215 47 Vincent
1683 1287 171 65 d'lndy
1884 1286 9 49 !
1933 1288 71 48 La
2030 1291 214 61 musique
2282 1293 387 59 contemporaine

898 1371 98 28 sera
1023 1353 110 47 fière
1166 1355 56 45 de
1245 1357 193 58 pouvoir
1460 1358 193 44 associer
1673 1375 76 29 ces
1774 1358 122 47 deux
1919 1376 139 30 noms
2075 1377 78 29 sur
2178 1377 65 29 un
2265 1361 157 47 même
2449 1378 217 49 ouvrage,

898 1434 47 35 et
972 1423 42 47 la
1040 1424 181 47 France
1263 1425 62 46 du
1353 1425 104 47 XX
1461 1433 15 19 e
1500 1427 140 45 siècle
1665 1444 46 30 se
1736 1428 200 63 réjouira
1962 1429 177 47 d'offrir
2164 1449 60 28 au
2251 1432 165 45 maître
2442 1432 58 45 de
2525 1430 142 51 Bonn

899 1493 42 47 le
969 1496 339 45 commentaire
1338 1496 62 46 du
1426 1496 166 46 maître
1620 1498 54 45 de
1702 1498 42 45 la
1776 1499 183 48 Schola.
1989 1499 48 48 D
2045 1500 231 47 'Adélaïde
2302 1502 25 45 à
2352 1503 125 44 Istar
2502 1519 88 45 que
2611 1505 56 47 de

899 1565 191 46 chemin
1147 1583 231 44 parcouru
1423 1585 100 30 vers
1580 1566 153 49 l'idéal
1778 1570 78 46 des
1896 1571 273 60 possibilités
2210 1589 188 31 sonores
2427 1570 10 50 !
2491 1573 176 54 Quelle

901 1636 381 47 transformation
1324 1637 113 47 dans
1475 1650 133 34 notre
1653 1639 182 47 culture
1872 1641 239 61 musicale,
2138 1654 184 34 surtout
2352 1660 59 28 en
2439 1643 180 49 France
2655 1645 10 48 !

901 1703 64 49 Et
992 1719 247 34 comment
1264 1725 58 28 ne
1353 1710 223 44 serait-on
1604 1726 78 44 pas
1706 1711 195 46 curieux
1928 1712 55 46 de
2011 1724 123 35 cette
2162 1725 250 34 rencontre
2440 1715 62 46 du
2530 1716 136 62 génie

898 1792 78 31 sur
1021 1776 41 47 le
1109 1778 170 45 terrain
1307 1778 56 46 de
1388 1777 45 47 la
1457 1780 198 61 critique
1682 1781 254 62 historique
1961 1781 14 47 ?

1042 1844 75 49 En
1146 1863 52 30 ce
1226 1847 171 47 format
1424 1848 110 46 d'un
1564 1848 189 47 volume
1780 1850 139 63 léger,
1950 1851 29 47 il
2007 1869 60 29 ne
2092 1852 100 47 faut
2227 1870 76 44 pas
2327 1870 168 47 songer
2521 1856 26 47 à
2572 1875 94 29 une

898 1916 141 47 étude
1075 1918 244 61 profonde,
1354 1918 62 47 où
1454 1918 202 47 l'auteur
1682 1921 56 45 de
1766 1921 207 48 Fervaal
1992 1923 80 46 eût
2098 1941 63 43 pu
2187 1923 278 62 développer
2491 1926 25 47 à
2542 1927 124 48 l'aise

897 2003 70 29 ses
1004 1987 123 47 idées
1166 1999 47 33 et
1249 2004 47 31 se
1335 1999 210 36 montrer
1571 1990 270 46 technicien
1884 1992 56 44 de
1964 2008 84 31 son
2092 2004 85 36 art.
2216 1993 133 48 C'est
2375 1994 155 63 plutôt
2572 2015 97 30 une

898 2074 89 30 vue
1028 2057 232 63 générale,
1289 2060 118 60 prise
1442 2059 61 46 du
1546 2060 114 46 haut
1701 2060 113 47 d'un
1854 2064 141 60 esprit
2034 2063 221 48 idéaliste.
2285 2064 76 48 M.
2392 2065 170 66 d'lndy
2599 2068 68 65 s'y

894 2126 150 47 révèle
1067 2128 118 61 épris
1212 2129 54 46 de
1283 2128 142 48 solide
1444 2130 318 62 ordonnance,
1785 2148 45 29 et
1851 2133 245 47 défenseur
2116 2134 221 62 éloquent
2359 2137 54 45 de
2435 2137 234 49 doctrines

898 2214 76 29 sur
1020 2198 241 62 lesquelles
1306 2217 61 29 on
1411 2199 107 48 s'est
1562 2201 168 61 parfois
1772 2203 185 61 mépris,
2001 2204 120 47 alors
2164 2223 88 44 que
2298 2219 221 48 pourtant
2558 2209 111 48 elles

893 2266 269 48 s'efforcent
1204 2269 56 45 de
1305 2271 123 45 tenir
1468 2288 59 28 en
1555 2288 92 29 une
1688 2271 127 47 seule
1857 2272 155 47 devise
2040 2290 10 31 :
2148 2276 154 45 Amor
2340 2288 45 34 et
2415 2276 181 50 Caritas

896 2337 274 48 Beethoven
1214 2356 46 29 se
1302 2340 212 62 présente
1555 2341 57 47 ici
1653 2341 24 47 à
1733 2355 171 34 travers
1948 2344 42 47 la
2028 2345 136 61 triple
2202 2346 240 47 évolution
2483 2349 55 45 de
2582 2366 83 31 son

894 2407 136 64 génie
1075 2420 47 34 et
1148 2410 58 45 de
1230 2426 68 29 ses
1327 2410 158 63 styles.
1514 2411 136 46 Nous
1675 2429 144 30 avons
1846 2412 41 47 la
1914 2413 187 61 période
2136 2415 301 63 d'imitation,
2465 2418 117 47 celle
2609 2421 56 44 de

141 2478 43 41 la
209 2478 280 57 production
517 2478 239 61 originale,
784 2489 46 35 et
857 2478 114 46 celle
1000 2480 55 45 de
1084 2479 41 46 la
1161 2480 231 46 réflexion
1429 2481 213 47 sublime.
1673 2482 230 48 Chacune
1930 2485 55 45 de
2024 2502 75 30 ces
2125 2486 153 61 étapes
2304 2499 67 34 est
2397 2488 269 50 elle-même

141 2543 170 48 divisée
338 2562 59 29 en
424 2547 111 45 trois
574 2559 179 49 aspects
780 2563 10 31 :
833 2547 65 48 les
922 2548 104 47 faits
1052 2548 54 47 de
1134 2548 44 47 la
1203 2552 88 57 vie,
1333 2549 64 47 les
1434 2553 278 45 sentiments
1738 2553 57 46 de
1820 2553 139 47 l'âme
1987 2566 45 34 et
2058 2554 64 47 les
2155 2556 213 48 résultats
2406 2559 259 50 musicaux.

140 2614 136 47 Ainsi
303 2632 45 29 se
371 2615 198 47 classent
595 2618 171 46 devant
783 2636 118 28 nous
927 2629 46 35 et
1000 2619 143 46 d'une
1164 2620 205 46 manière
1391 2620 406 64 ingénieusement
1816 2623 187 63 logique
2021 2624 63 47 les
2103 2625 105 47 faits
2234 2627 141 47 d'une
2402 2629 267 50 abondante

140 2684 286 63 biographie,
452 2698 47 34 et
526 2704 118 29 nous
670 2706 143 29 avons
837 2706 93 29 une
958 2688 101 47 idée
1094 2690 327 61 parfaitement
1458 2692 136 45 claire
1622 2693 56 46 de
1703 2693 245 62 l'homme,
1978 2695 56 46 de
2060 2694 189 48 l'artiste
2276 2709 47 35 et
2366 2699 78 46 des
2468 2717 197 34 œuvres.

281 2755 88 48 On
394 2756 231 49 discutera
652 2759 251 61 peut-être,
931 2775 95 30 non
1056 2777 77 44 pas
1159 2772 121 35 cette
1320 2761 194 46 division
1555 2764 247 46 consacrée
1842 2765 79 46 des
1964 2765 104 47 trois
2105 2768 119 61 styles
2228 2805 11 22 ,
2268 2769 116 46 mais
2422 2769 43 46 la
2510 2770 159 49 valeur

139 2841 89 45 que
256 2825 76 48 M.
361 2825 173 66 d'lndy
572 2827 178 47 semble
790 2830 212 46 attacher
1042 2830 25 46 à
1106 2841 122 35 cette
1268 2831 212 46 doctrine
1506 2831 144 48 d'une
1677 2834 160 47 trinité
1862 2835 274 64 esthétique.
2166 2836 39 47 Il
2232 2850 113 49 peut
2370 2855 46 31 se
2442 2840 111 47 faire
2578 2859 89 45 que

137 2895 44 47 le
217 2895 138 63 génie
390 2915 224 43 parcoure
653 2899 390 48 habituellement
1098 2902 109 46 trois
1231 2904 148 44 stades
1406 2919 9 30 :
1457 2902 121 47 celui
1606 2904 54 45 de
1688 2904 42 47 la
1752 2905 284 62 réceptivité,
2058 2907 120 46 celui
2206 2909 56 45 de
2289 2909 305 64 l'expansion,
2623 2925 47 36 et

139 2965 120 48 celui
306 2967 64 47 du
413 2980 160 35 retour
611 2986 78 31 sur
732 2970 265 48 lui-même.
1026 2971 129 47 Mais
1180 2990 59 28 on
1269 2985 83 48 put
1377 2990 44 29 se
1449 2973 254 47 demander
1745 2977 35 45 si
1807 2987 124 36 cette
1957 2977 210 47 dernière
2194 2980 153 60 phase,
2376 2980 116 47 celle
2531 2982 56 47 de
2625 2984 44 47 la

137 3036 240 62 réflexion,
405 3041 279 59 correspond
714 3041 107 46 bien
847 3041 26 46 à
899 3059 53 28 ce
978 3059 89 44 que
1096 3041 76 48 M.
1202 3042 172 65 d'lndy
1399 3043 179 61 appelle
1658 3045 210 48 l'instant
1895 3047 78 47 des
1997 3065 185 30 œuvres
2219 3048 119 47 d'art
2375 3069 85 43 pur
2486 3051 15 47 ?
2597 3053 73 47 La

137 3107 338 47 condensation
503 3111 78 59 qui
607 3127 47 29 se
681 3109 187 63 produit
894 3111 118 47 alors
1038 3112 183 47 est-elle
1246 3112 360 48 véritablement
1644 3114 219 49 créatrice
1887 3116 14 47 ?
1940 3117 217 47 N'est-ce
2196 3136 76 43 pas
2310 3120 153 60 plutôt
2488 3121 182 49 l'heure

137 3177 78 47 des
256 3179 269 61 tendances,
553 3198 91 43 que
685 3180 115 47 celle
847 3182 79 45 des
969 3182 286 48 réalisations
1279 3182 15 48 ?
1333 3184 152 61 Après
1520 3187 127 44 avoir
1686 3187 215 61 cherché,
1928 3188 130 61 après
2095 3191 125 44 avoir
2258 3191 179 61 trouvé,
2478 3192 189 49 l'artiste

135 3247 101 47 sait.
267 3248 70 47 Ce
365 3250 79 61 qui
473 3263 110 34 veut
610 3252 96 45 dire
733 3268 90 46 que
849 3250 44 47 la
917 3254 278 46 conscience
1222 3254 246 62 l'emporte
1495 3254 249 50 désormais
1768 3274 75 30 sur
1870 3257 287 62 l'impulsion
2185 3260 78 46 des
2288 3260 148 49 forces
2472 3264 174 47 instinc-

139 3318 128 48 tives.
296 3318 40 47 Il
361 3321 85 45 sait
474 3342 13 37 ;
516 3320 28 46 il
573 3339 25 28 a
624 3321 82 46 fait
732 3321 42 47 le
802 3333 105 35 tour
934 3323 56 45 de
1016 3323 248 47 lui-même
1287 3347 11 37 ;
1327 3324 31 47 il
1385 3342 26 29 a
1435 3327 230 60 accompli
1694 3327 40 45 le
1773 3328 132 63 cycle
1943 3329 55 46 de
2036 3347 46 29 sa
2120 3332 295 59 production.
2444 3332 38 47 Il
2520 3335 149 47 arrive

136 3386 26 47 à
187 3400 75 34 cet
286 3389 85 63 âge
397 3390 60 46 où
487 3391 133 47 Hans
645 3391 141 47 Sachs
813 3393 79 45 des
915 3391 209 49 Maîtres
1152 3394 250 47 Chanteurs
1429 3395 187 47 devient
1653 3398 287 62 philosophe.
1970 3398 130 48 C'est
2143 3418 79 43 par
2266 3419 65 28 un
2376 3404 191 46 miracle
2611 3407 56 45 de

135 3460 151 44 survie
324 3476 90 45 que
452 3460 42 46 le
531 3464 259 44 sentiment
827 3464 194 45 musical
1061 3465 252 46 maintient
1350 3483 84 29 son
1461 3468 227 62 agitation
1715 3468 322 48 tumultueuse
2064 3488 58 28 au
2148 3471 98 46 sein
2275 3470 142 48 d'une
2442 3473 106 48 âme
2586 3478 80 59 qui

135 3527 265 64 s'équilibre
441 3530 114 48 dans
597 3531 45 47 la
685 3534 104 61 paix
832 3534 55 45 de
931 3534 174 62 l'esprit
1143 3546 46 35 et
1227 3535 113 48 dans
1364 3535 42 47 le
1433 3554 133 44 repos
1593 3537 56 46 de
1675 3537 42 47 la
1743 3541 344 46 connaissance.
2117 3540 85 48 Ou
2229 3541 169 62 plutôt,
2427 3544 29 45 il
2484 3545 98 46 faut
2610 3548 57 45 ici

135 3598 259 61 remplacer
419 3600 44 47 la
487 3602 297 60 spontanéité
811 3603 243 61 naturelle,
1084 3622 78 44 par
1189 3603 290 50 l'idée-force
1505 3607 115 46 d'un
1650 3608 83 46 but
1758 3607 25 47 à
1819 3610 248 61 atteindre,
2095 3608 114 49 d'un
2244 3612 158 47 devoir
2427 3612 27 47 à
2478 3631 158 31 accom-

135 3668 103 62 plir,
267 3669 114 47 d'un
409 3672 170 62 dogme
606 3672 24 47 à
657 3673 145 49 créer.
831 3673 65 49 Et
922 3692 118 30 nous
1066 3677 120 45 voici
1216 3677 113 46 dans
1354 3676 65 48 les
1444 3677 184 64 régions
1654 3680 56 44 de
1736 3680 41 45 la
1804 3681 224 48 morale...
