2999 4269
753 223 463 81 MUSIQUE
1279 226 135 68 ET
1462 223 485 103 JEUNESSE

2520 247 95 72 75

226 371 56 46 de
327 369 197 49 Marthe
551 370 59 48 C.
640 369 47 66 (l
710 369 24 66 2
757 369 93 66 ans)
878 388 11 30 :
935 372 109 45 dans
1087 372 37 45 le
1150 371 87 45 trio
1261 373 51 44 de
1354 371 199 47 Brahms
1578 371 73 63 qui
1677 390 37 28 se
1739 371 141 47 divise
1904 389 48 28 en
2000 386 27 48 3
2066 371 171 62 parties
2258 388 15 30 :
2305 371 155 62 partie
2485 373 138 62 forte,

80 441 151 65 partie
248 441 137 62 piano
387 479 13 22 y
421 441 155 62 partie
601 442 140 65 forte,
768 441 104 62 j'ai
890 443 182 63 préféré
1091 442 45 46 la
1165 456 26 33 2
1197 447 16 21 e
1231 442 153 62 partie
1411 454 85 34 très
1520 444 123 44 douce
1668 461 105 28 avec
1797 442 191 63 quelques
2000 442 126 62 jolies
2151 454 112 34 notes
2287 442 143 61 aiguës
2455 444 107 45 dans
2589 443 37 46 le

86 513 153 49 violon.

226 582 55 48 de
309 582 183 48 Robert
519 581 66 49 D.
615 583 82 62 (12
727 583 99 63 ans)
851 600 15 28 :
908 584 110 44 dans
1045 583 35 45 le
1106 583 85 45 trio
1217 585 51 43 de
1295 583 211 61 Brahms,
1532 583 97 47 c'est
1655 585 36 45 le
1712 583 161 47 cheval
1906 584 168 64 effréné
2091 585 57 45 du
2176 583 169 64 rythme
2380 584 245 46 bondissant

83 656 108 47 dans
216 654 37 47 le
277 663 137 53 steppe
440 654 197 46 immense
663 665 40 35 et
729 654 152 46 variée
905 655 51 45 de
981 653 285 48 Vharmonie.

319 724 102 61 Oh,
450 726 60 45 oh
540 722 9 49 !
581 724 294 65 m'écriai-je,
904 725 115 60 ceci,
1047 724 113 47 c'est
1188 742 136 45 grave
1353 722 9 48 !

316 797 58 62 Je
400 813 114 29 vous
539 796 198 46 accorde
764 795 115 62 qu'il
906 795 83 65 n'y
1016 814 26 28 a
1068 813 77 43 pas
1171 795 94 46 mal
1292 796 55 45 de
1375 795 273 47 verbalisme
1694 797 114 46 dans
1834 795 309 62 l'impression
2183 797 55 45 de
2282 795 196 61 Robert,
2508 797 117 45 mais

78 868 48 65 je
151 884 123 29 veux
301 884 92 45 que
419 883 116 31 vous
562 867 216 46 écoutiez
804 883 171 30 encore
1018 884 78 30 ces
1120 877 150 50 notes,
1298 866 103 62 plus
1440 867 254 63 générales,
1723 867 115 47 d'un
1865 868 55 46 de
1948 884 100 30 mes
2091 868 138 61 petits
2256 867 150 46 élèves
2443 867 84 63 âgé
2566 867 56 46 de

83 954 29 48 9
139 955 82 30 ans
254 935 76 69 1/2
357 954 11 31 :

222 1035 288 47 Saint-Saëns
532 1052 14 30 :
565 1054 55 47 ça
646 1034 98 47 c'est
768 1036 51 45 de
845 1035 42 46 la
915 1035 188 62 musique
1120 1044 113 52 pour
1258 1036 67 45 des
1350 1035 120 46 belles
1493 1037 144 45 dames
1661 1036 243 48 décolletées.

221 1105 288 49 Samazeuilh
533 1122 14 30 :
567 1125 54 46 ça
647 1105 97 47 c'est
768 1107 51 45 de
846 1106 43 46 la
917 1106 187 62 musique
1121 1116 114 52 pour
1253 1107 192 61 pleurer.

221 1177 80 47 Les
327 1178 102 46 voix
455 1176 241 47 d'hommes
720 1178 109 44 dans
856 1177 42 46 la
927 1176 181 47 bataille
1132 1178 51 44 de
1206 1175 284 62 Marignan,
1519 1197 18 25 c
1557 1189 58 34 est
1641 1179 121 45 beau.

221 1248 72 47 La
318 1260 143 35 sonate
486 1267 48 26 en
562 1259 49 34 ut
636 1249 51 44 de
712 1246 205 48 Aïozart
934 1258 115 51 pour
1068 1248 133 61 piano
1226 1259 41 34 et
1292 1248 141 46 violon
1459 1267 19 27 c
1497 1260 58 34 est
1581 1249 125 46 triste
1731 1260 41 34 et
1797 1249 184 62 toujours
2008 1248 44 46 la
2080 1248 131 46 même
2235 1246 124 49 chose.

221 1318 58 67 y
284 1319 115 46 aime
424 1317 123 48 Bach
570 1328 131 53 parce
725 1337 79 44 que
828 1317 97 48 c'est
942 1319 100 62 plus
1060 1319 94 61 gai.

221 1416 173 65 Voyez
433 1432 190 30 comme
668 1415 199 46 l'enfant
893 1432 55 30 va
974 1432 92 29 aux
1106 1432 185 29 œuvres
1317 1416 77 60 qui
1437 1432 118 29 nous
1581 1417 251 59 paraissent
1876 1415 64 47 les
1966 1414 101 62 plus
2108 1413 317 63 compliquées
2451 1412 24 48 à
2502 1430 120 30 nous

80 1488 252 47 musiciens
359 1504 10 30 :
412 1504 59 28 en
499 1503 182 30 somme
727 1486 197 46 Mozart
950 1505 87 43 que
1082 1503 119 28 nous
1234 1488 187 43 aurions
1465 1487 231 45 tendance
1724 1486 24 45 à
1775 1486 243 47 conseiller
2060 1486 112 45 dans
2211 1503 66 28 un
2322 1502 298 45 programme

79 1575 117 45 pour
222 1557 43 47 la
304 1559 212 63 jeunesse
563 1557 209 46 l'ennuie
794 1573 9 31 :
845 1556 31 47 il
904 1568 164 35 trouve
1096 1557 246 46 fastidieux
1369 1574 53 29 ce
1447 1558 193 62 rythme
1670 1557 116 46 dont
1813 1574 119 29 nous
1956 1558 182 45 aimons
2178 1556 43 46 la
2246 1557 233 45 fraîcheur
2505 1567 47 35 et
2579 1554 43 47 la

78 1630 135 63 grâce
240 1646 136 45 parce
402 1646 90 44 que
518 1644 119 30 nous
661 1644 205 30 sommes
891 1629 205 46 vieux...

315 1698 85 49 Oh
430 1697 8 49 !
469 1698 378 47 Mademoiselle.

315 1770 160 47 Vieux
503 1787 59 28 en
591 1771 217 61 musique
835 1770 35 45 si
898 1786 114 29 vous
1038 1768 184 47 voulez.
1347 1768 128 47 Mais
1501 1768 30 46 il
1558 1769 121 45 aime
1725 1768 65 47 les
1815 1769 294 60 impressions
2135 1768 140 46 fortes
2301 1778 47 35 et
2385 1766 163 47 nobles
2573 1778 47 35 et

80 1841 202 47 brutales
308 1841 157 46 même
492 1841 237 61 peut-être
751 1852 46 34 et
824 1857 79 43 par
929 1839 292 63 conséquent
1236 1839 46 63 je
1303 1856 58 28 ne
1383 1841 118 44 crois
1522 1857 78 42 pas
1625 1838 166 47 m'être
1810 1839 210 60 trompée
2039 1856 59 28 en
2120 1850 204 34 mettant
2342 1856 93 28 une
2456 1855 164 29 oeuvre

79 1912 56 47 de
161 1912 202 47 Brahms
389 1912 114 45 dans
529 1929 64 28 un
623 1924 193 33 concert
843 1924 142 50 ayant
1012 1928 116 43 pour
1159 1912 81 44 but
1267 1910 55 45 de
1349 1910 110 46 faire
1487 1911 145 45 aimer
1659 1910 44 45 la
1730 1911 213 60 musique
1969 1909 24 46 à
2021 1927 98 29 mes
2147 1909 234 47 élèves.....

221 1982 90 47 Ma
351 1983 274 46 conviction
677 1994 66 34 est
786 1982 126 59 faite,
965 1982 171 45 devant
1181 1981 43 46 la
1273 1982 268 44 conviction
1585 1981 55 45 de
1687 1980 359 46 Mademoiselle
2089 1980 240 47 Sauvrezis
2356 1996 10 29 :
2413 1978 88 47 elle
2551 1989 68 36 est

78 2055 245 58 bretonne,
348 2055 48 63 je
421 2053 92 46 suis
540 2054 166 44 breton
731 2069 10 30 :
789 2064 248 35 comment
1064 2071 58 27 ne
1150 2069 76 43 pas
1253 2068 119 29 nous
1397 2051 226 46 entendre
1653 2068 10 30 :
1712 2069 118 28 nous
1856 2050 185 62 parlons
2068 2051 63 46 du
2157 2067 110 47 pays
2293 2067 117 44 pour
2437 2050 179 45 oublier

75 2124 43 48 la
144 2126 217 61 musique
402 2141 59 29 en
488 2122 203 64 général,
720 2123 42 46 le
789 2124 91 45 trio
906 2124 56 44 de
990 2123 200 46 Brahms
1216 2140 58 28 en
1320 2121 281 62 particulier,
1632 2121 62 47 les
1720 2123 166 59 petites
1910 2121 117 48 filles
2053 2121 193 47 blondes
2289 2132 46 35 et
2374 2120 63 46 les
2480 2121 140 61 petits

76 2212 195 47 garçons
297 2195 78 62 qui
402 2211 46 30 se
475 2193 283 62 promènent
783 2196 109 45 dans
919 2194 44 46 la
989 2203 136 52 steppe
1150 2194 199 45 immense
1374 2203 40 35 et
1440 2192 153 46 variée
1619 2194 49 44 de
1696 2192 282 48 l'harmonie.

215 2267 58 62 Je
299 2266 291 46 retournerai
617 2264 42 47 le
688 2265 251 46 dimanche
969 2264 62 48 28
1056 2264 182 64 janvier
1265 2283 58 27 au
1350 2274 193 36 concert
1569 2280 117 45 pour
1714 2262 64 47 les
1803 2264 185 46 enfants
2016 2263 63 46 du
2106 2279 136 30 cours
2268 2262 256 47 Sauvrezis.

2327 2358 44 63 J.
2414 2356 57 49 L.
