2999 4269
1095 260 121 67 LE
1283 260 243 70 MOIS

2470 266 43 69 6
2530 291 38 68 7

42 416 129 37 ment
198 404 245 62 d'ivrogne
470 405 62 47 du
558 407 200 60 premier
784 405 175 48 thème.
990 406 132 46 Vous
1148 424 115 28 avez
1285 408 106 44 bien
1418 407 49 46 lu
1485 424 9 30 :
1524 407 257 63 d'ivrogne.
1806 407 68 48 Le
1898 410 198 60 premier
2116 427 222 31 morceau
2357 412 219 61 s'appelle

41 477 41 47 le
111 474 154 48 Chant
527 479 51 43 de
604 478 43 45 la
675 477 198 45 Détresse
899 476 206 47 humaine
1109 515 9 9 .
1148 477 38 46 Il
1226 495 56 28 va
1317 478 136 61 s'agir
1491 496 187 28 comme
1718 479 113 46 dans
1858 479 63 47 les
1956 491 154 36 autres
2133 482 303 62 symphonies
2462 484 113 47 d'un

30 545 192 68 [tableau
262 546 178 46 médité
466 548 55 45 de
550 547 41 46 la
616 548 71 45 vie
714 548 241 59 humaine,
984 549 114 44 mais
1124 548 57 45 ici
1214 548 256 63 davantage
1510 566 60 29 en
1611 551 256 60 raccourci,
1895 562 47 33 et
1980 551 330 48 discrètement
2336 553 190 63 déguisé
2551 555 26 48 à

40 616 262 48 l'Extrême
332 616 265 49 Orientale.
627 618 136 45 Nous
799 634 146 29 avons
969 616 156 48 affaire
1162 635 98 28 non
1299 618 101 62 plus
1426 619 25 46 à
1480 619 190 46 Mahler
1707 621 255 45 architecte
1990 619 142 48 d'une
2159 623 230 47 immense
2415 626 135 47 cathé-

42 687 120 47 drale
191 687 56 45 de
275 687 43 46 la
344 687 219 47 Douleur
600 699 46 34 et
685 688 56 45 de
767 687 44 47 la
835 689 106 61 Joie
979 689 305 60 confondues,
1314 691 115 45 mais
1454 689 25 47 à
1507 690 193 46 Mahler
1724 690 292 47 s'accordant
2042 692 42 46 la
2110 693 211 47 fantaisie
2347 694 143 47 d'une
2519 697 56 46 de

41 774 73 30 ces
139 756 318 64 Pagodenburg
480 758 107 46 telle
614 757 146 62 qu'on
788 776 58 28 en
873 769 166 37 trouve
1065 760 113 46 dans
1215 761 199 45 certains
1440 778 130 43 parcs
1601 760 347 63 d'Allemagne.
1980 761 131 48 C'est
2138 762 192 48 Mahler
2356 765 102 61 plus
2483 785 92 43 que

35 828 175 65 jamais,
237 828 264 47 seulement
538 829 341 61 quintesscncié
906 840 47 35 et
977 846 47 29 se
1050 841 286 50 permettant
1362 848 117 44 pour
1505 849 92 28 une
1625 832 85 45 fois
1736 831 42 46 la
1803 832 211 47 fantaisie
2041 833 55 45 de
2123 833 202 63 quelque
2352 835 221 49 Trianon

40 899 194 46 chinois.
263 900 207 45 Aucune
513 898 183 47 velléité
734 900 57 45 de
818 900 111 45 faire
975 900 55 46 de
1075 900 42 46 la
1152 902 215 60 musique
1407 903 223 45 chinoise.
1661 901 128 48 Dieu
1816 904 161 59 merci,
2006 920 169 29 encore
2203 906 153 46 moins
2383 907 62 45 du
2472 908 78 46 dix-

38 969 225 47 huitième
289 969 138 46 siècle
455 971 195 45 chinois.
675 969 127 47 Mais
828 988 92 28 une
943 971 136 59 façon
1108 971 54 45 de
1183 971 156 47 lâcher
1368 972 126 46 bride
1520 972 25 46 à
1569 990 47 28 sa
1642 973 209 46 fantaisie
1879 975 78 60 qui
1984 972 238 48 s'autorise
2250 994 116 41 pour
2392 977 98 46 cela
2516 979 56 46 de

38 1040 43 46 la
109 1039 155 46 Chine
291 1051 47 35 et
364 1040 54 46 de
444 1039 202 48 l'ivresse
672 1051 61 49 et,
755 1040 42 46 le
825 1053 215 33 moment
1061 1058 138 43 venu,
1231 1042 109 45 n'en
1366 1044 85 44 sait
1477 1043 97 45 être
1601 1061 88 44 que
1716 1044 160 45 mieux
1903 1046 269 60 poignante.
2200 1046 46 45 A
2274 1060 301 48 proprement

39 1109 145 63 parler
211 1122 123 34 cette
362 1110 199 47 réunion
590 1111 56 45 de
684 1112 68 45 six
792 1112 165 60 petites
994 1112 260 47 merveilles
1282 1112 111 47 n'en
1420 1114 233 45 constitue
1681 1131 77 43 pas
1785 1115 153 45 moins
1962 1132 95 29 une
2084 1118 357 46 monumentale
2467 1119 80 47 fan-

38 1182 141 58 taisie,
207 1180 44 46 la
277 1181 103 61 plus
407 1181 191 46 énorme
625 1181 130 61 après
781 1193 103 34 tout
912 1199 88 44 que
1027 1199 44 29 se
1098 1183 88 45 soit
1213 1185 197 58 permise
1439 1183 261 49 Mahler...
1731 1184 92 48 Les
1848 1196 168 49 autres,
2044 1184 167 60 ç'avait
2233 1187 88 60 été,
2344 1189 57 45 ici
2429 1207 62 28 ou
2512 1190 58 61 là,

36 1269 64 28 un
127 1250 170 46 scherzo
324 1269 111 29 avec
462 1251 85 46 trio
572 1251 26 47 à
624 1251 43 47 la
695 1252 150 46 vieille
866 1253 139 45 mode
1033 1253 122 61 (VI),
1180 1254 109 45 trois
1316 1255 234 60 musiques
1576 1267 256 34 nocturnes
1858 1255 346 63 douloureuses,
2232 1270 267 51 grotesques
2526 1272 46 35 et

38 1321 129 47 folles
194 1320 150 63 (VII),
372 1321 266 47 l'étonnant
663 1322 169 47 scherzo
858 1324 136 59 façon
1025 1323 158 46 Prater
1210 1324 54 45 de
1291 1324 43 45 la
1364 1325 252 62 Cinquième
1642 1325 250 62 Symphonie
1895 1363 10 22 ,
1929 1326 41 46 le
1997 1329 202 58 premier
2224 1345 221 31 morceau
2465 1342 45 34 et
2530 1331 44 46 la

39 1391 136 47 finale
203 1392 56 46 de
285 1392 42 46 le
374 1391 258 64 Quatrième
637 1430 9 10 .
678 1393 127 46 Mais
850 1395 57 44 ici
953 1393 112 46 c'est
1108 1412 94 27 une
1246 1397 280 61 symphonie
1571 1406 132 35 toute
1743 1396 178 46 entière
1964 1408 46 34 et
2052 1397 102 61 plus
2196 1397 174 64 longue
2413 1418 89 44 que
2530 1401 43 47 la

43 1461 258 65 Quatrième
303 1500 12 23 ,
344 1462 116 47 celle
488 1463 62 45 du
576 1475 118 34 reste
722 1464 55 45 de
804 1463 43 47 la
873 1465 216 45 moindre
1117 1465 140 45 durée
1284 1482 186 29 comme
1499 1465 96 47 l'on
1623 1467 84 45 sait
1735 1464 8 48 !
1774 1465 129 47 Mais
1929 1467 136 47 dame
2086 1466 9 48 !
2125 1468 100 49 cela
2251 1482 188 49 compte
2467 1482 105 37 tout

40 1534 53 45 de
120 1533 171 47 même.

176 1603 71 47 Le
278 1603 155 46 Chant
468 1602 214 47 d*ivresse
718 1606 51 43 de
807 1605 44 45 la
890 1604 199 46 Détresse
1126 1604 207 48 humaine
1370 1618 67 34 est
1463 1606 56 45 de
1547 1606 294 61 Li-Tai-Po,
1870 1607 134 61 poète
2032 1610 181 45 chinois
2238 1611 79 61 qui
2345 1611 141 47 vécut
2512 1613 57 46 de

42 1686 94 50 702
164 1674 26 45 à
219 1672 115 64 763.
377 1674 190 46 Mahler
605 1674 152 46 s'était
797 1675 348 46 enthousiasmé
1183 1676 56 45 de
1280 1694 54 28 ce
1376 1676 188 46 volume
1602 1677 54 45 de
1695 1678 290 46 traductions
2023 1680 229 46 chinoises
2279 1682 206 47 données
2510 1700 60 29 en

45 1757 124 49 1907
200 1762 79 43 par
318 1743 77 48 M.
426 1745 133 45 Hans
586 1744 199 63 Bethge,
825 1745 59 46 im
912 1746 281 62 Inselverlag,
1193 1784 9 22 ,
1242 1746 26 45 à
1294 1746 214 63 Leipzig.
1538 1747 39 46 Il
1604 1765 58 29 en
1688 1766 26 26 a
1740 1748 101 60 tiré,
1869 1765 104 29 sans
1997 1749 242 62 s'occuper
2278 1752 55 45 de
2367 1752 203 47 l'inutile

38 1815 130 47 unité
195 1815 252 59 d'auteurs,
475 1829 105 32 tous
606 1815 64 47 les
696 1827 150 35 textes
872 1816 276 47 nécessaires
1174 1816 24 46 à
1223 1834 47 29 sa
1289 1818 279 62 symphonie
1596 1829 46 34 et
1668 1836 117 43 pour
1806 1818 142 45 mieux
1970 1820 172 61 rédiger
2166 1839 45 28 sa
2231 1831 159 52 propre
2408 1825 160 59 pensée,

38 1903 76 44 par
141 1884 41 47 le
209 1903 175 46 moyen
412 1886 54 45 de
494 1903 75 29 ces
595 1898 164 48 textes,
787 1886 64 46 les
877 1886 247 46 modifiant
1149 1887 43 46 là
1218 1888 61 45 où
1307 1889 92 44 bon
1421 1888 62 45 lui
1511 1888 229 60 semblait,
1771 1888 28 45 il
1820 1889 64 45 les
1910 1907 25 27 a
1961 1890 83 45 fait
2063 1893 141 57 partir
2231 1892 56 45 de
2313 1892 43 46 la
2380 1905 125 35 mort
2524 1906 48 35 et

30 1973 85 43 ;par
142 1956 77 46 des
247 1957 111 45 biais
383 1957 97 46 sûrs
505 1956 284 62 ménageant
815 1957 42 45 la
883 1959 285 59 perspective
1196 1959 55 44 de
1273 1960 242 44 ravissants
1541 1971 270 47 contrastes,
1840 1959 64 46 les
1929 1976 26 29 a
1979 1960 270 48 acheminés
2274 1980 101 29 sans
2401 1964 170 47 hésiter

39 2027 52 45 de
119 2044 217 28 nouveau
364 2044 101 28 vers
502 2027 43 45 la
583 2039 139 35 mort.
766 2027 67 46 Le
872 2039 103 34 tout
1002 2046 25 28 a
1053 2027 150 47 formé
1242 2028 113 46 total
1394 2028 213 62 l'unique
1642 2029 115 45 Lied
1778 2046 88 44 que
1895 2047 117 29 nous
2039 2032 225 59 puissions
2289 2034 194 46 chanter
2510 2037 59 45 ici

40 2098 73 45 bas
141 2094 8 48 !
179 2098 136 45 Nous
341 2114 261 29 mourrons.
633 2097 143 46 Donc
802 2115 119 28 nous
946 2116 201 43 occuper
1174 2098 191 47 d'abord
1392 2100 56 45 de
1477 2100 122 45 vivre
1628 2097 10 49 !
1667 2098 64 47 Et
1758 2099 40 45 le
1827 2113 215 33 moment
2086 2119 123 28 venu
2235 2103 54 45 de
2316 2103 98 46 s'en
2441 2105 129 62 aller,

38 2169 139 60 partir
205 2168 277 45 noblement
509 2180 46 33 et
583 2168 271 61 bellement,
882 2168 186 47 laissant
1105 2168 43 47 la
1185 2181 119 33 terre
1333 2169 357 46 éternellement
1728 2171 154 44 fleurir
1910 2171 197 46 derrière
2133 2190 132 30 nous.
2298 2173 131 47 C'est
2455 2175 115 47 d'un

30 2239 238 62 [Stoïcisme
308 2238 224 62 héroïque
572 2250 46 34 et
658 2240 247 44 charmant
948 2251 47 33 et
1033 2239 114 46 c'est
1173 2239 143 46 d'une
1358 2240 221 46 indicible
1619 2240 344 48 mélancolie...
2008 2242 139 46 Tout
2186 2244 215 60 scintille,
2441 2248 59 44 rit
2525 2260 46 33 et

37 2309 160 46 folâtre
225 2309 25 45 à
277 2320 171 34 travers
473 2326 66 28 un
566 2309 120 45 voile
714 2310 55 44 de
797 2311 212 45 tristesse.
1039 2309 130 47 C'est
1195 2309 155 46 tantôt
1377 2310 62 46 du
1477 2328 200 44 courage
1715 2310 240 62 gambadé,
1985 2312 153 46 tantôt
2164 2312 42 46 la
2233 2313 102 61 plus
2359 2315 142 62 lente,
2529 2317 43 47 la

37 2379 100 61 plus
164 2378 196 47 décente
388 2379 249 46 démarche
665 2380 55 45 de
746 2379 213 46 l'éternel
996 2380 186 47 adieu...
1224 2380 84 48 Oh
1340 2378 7 47 !
1384 2382 44 61 je
1454 2382 86 44 sais
1566 2383 328 58 parfaitement
1931 2399 91 44 que
2048 2399 80 30 vos
2152 2385 268 47 mandarins
2446 2387 54 46 de
2528 2387 43 47 la

37 2448 272 64 génération
329 2467 60 28 au
410 2451 194 60 pouvoir
632 2467 57 28 ne
717 2451 252 61 goûteront
989 2450 139 62 guère
1155 2462 75 34 cet
1250 2451 338 46 enchinoiserie
1610 2451 55 46 de
1686 2451 43 46 la
1749 2451 194 46 douleur
1970 2454 79 60 qui
2071 2465 80 33 eut
2176 2456 94 44 ravi
2299 2456 272 50 Verlaine...

38 2519 82 47 Pas
147 2520 101 60 plus
274 2538 91 43 que
391 2520 64 46 les
480 2521 169 61 grands
675 2521 200 60 pontifes
902 2521 55 44 de
995 2520 44 46 la
1074 2520 232 46 solennité
1343 2521 262 46 allemande
1634 2519 8 49 !
1684 2521 131 47 C'est
1852 2539 168 29 encore
2049 2534 102 50 trop
2178 2526 260 61 passionné,
2466 2540 104 50 trop

37 2591 241 61 pantelant
305 2591 55 45 de
388 2592 71 44 vie
489 2591 228 60 brûlante,
746 2602 104 49 trop
890 2591 243 45 déchirant
1171 2608 116 44 pour
1326 2608 114 30 vous
1463 2613 11 37 ;
1515 2591 114 47 c'est
1667 2603 101 49 trop
1796 2591 83 60 fin,
1908 2604 102 49 trop
2038 2596 162 59 exquis
2226 2613 117 43 pour
2370 2615 105 30 eux.
2505 2598 65 47 Et

38 2678 113 43 pour
178 2678 114 28 vous
318 2678 188 28 comme
534 2679 115 42 pour
677 2679 106 42 eux,
812 2674 103 48 trop
943 2661 199 60 naturel,
1173 2672 102 50 trop
1314 2662 278 60 spontané...
1623 2662 107 46 Moi
1754 2664 47 62 je
1827 2680 113 29 vous
1966 2676 190 48 apporte
2183 2683 113 29 avec
2324 2685 112 28 mon
2463 2685 80 30 sen-

30 2728 192 63 timent,
251 2731 42 46 le
320 2733 63 44 cri
412 2730 214 48 d'amour
654 2749 115 43 pour
807 2731 42 46 le
888 2732 166 45 maître
1093 2732 55 45 de
1175 2749 114 28 mon
1329 2749 145 31 cœur.
1505 2733 358 61 Moquez-vous
1901 2751 58 27 en
1987 2747 45 32 et
2058 2752 158 43 passez
2241 2748 149 50 outre,
2416 2740 43 62 je
2485 2741 86 45 sais

38 2804 75 60 qui
141 2802 41 46 le
209 2801 286 48 recueillera.

178 2872 206 61 Mahler,
413 2872 57 46 de
496 2890 75 28 ces
597 2874 68 44 six
692 2883 163 47 textes,
883 2890 25 27 a
936 2872 122 46 donc
1084 2872 83 46 fait
1192 2890 66 28 un
1286 2885 104 33 tout
1418 2874 108 45 bien
1547 2872 24 47 à
1597 2874 64 45 lui
1691 2874 155 44 même
1874 2873 371 63 littérairement,
2274 2877 24 46 à
2325 2878 101 61 plus
2452 2880 118 45 forte

38 2944 147 45 raison
213 2943 167 46 l'unité
407 2942 221 47 musicale
656 2942 64 47 les
746 2956 141 50 ayant
914 2942 234 63 englobés.
1180 2942 194 47 Partout
1395 2944 61 45 où
1478 2944 29 45 il
1530 2962 24 27 a
1581 2943 128 46 laissé
1736 2961 46 28 sa
1808 2956 123 34 trace
1961 2944 111 47 dans
2098 2945 63 46 les
2421 2949 29 46 il
2474 2949 98 47 leur

39 3031 25 28 a
89 3013 156 47 donné
271 3013 203 62 quelque
501 3015 139 44 chose
667 3013 55 46 de
751 3013 101 61 plus
879 3014 212 59 humain,
1122 3013 54 46 de
1204 3013 101 61 plus
1333 3026 137 34 vaste.
1515 3013 79 47 S'il
1621 3032 25 27 a
1673 3017 30 22 u
1721 3013 129 46 sinisé
1938 3014 291 64 légèrement
2269 3017 43 47 la
2338 3022 232 60 musique,

39 3084 27 46 il
94 3102 25 28 a
197 3083 337 47 occidentalisé''''
575 3083 41 45 le
645 3095 128 34 texte
800 3101 103 29 sans
928 3084 237 60 scrupules
1192 3095 47 34 et
1263 3083 130 47 l'une
1420 3095 46 34 et
1493 3083 165 47 l'autre
1684 3085 257 60 opération,
1971 3086 112 46 dans
2109 3085 41 47 la
2177 3104 181 30 mesure
2385 3090 61 45 où
2474 3090 30 46 il
2530 3091 43 47 le

39 3155 144 46 fallait
210 3172 116 43 pour
353 3171 89 44 que
469 3171 53 28 ce
549 3154 72 45 fut
646 3165 140 35 avant
812 3165 105 34 tout
943 3154 62 46 du
1032 3154 207 47 Mahler.
1267 3155 88 62 J'ai
1376 3154 186 65 analysé
1588 3172 75 29 ces
1689 3154 343 49 modifications
2059 3157 62 46 du
2149 3169 125 34 texte
2300 3159 205 60 ailleurs;
2527 3162 47 64 je

40 3242 56 29 ne
124 3225 99 63 m'y
248 3225 178 46 attarde
454 3241 77 44 pas
557 3225 74 45 ici.

176 3295 211 61 Etrange
421 3293 234 47 Trinklied
655 3332 11 22 ,
696 3293 198 48 n'est-ce
922 3312 92 44 pas,
1042 3313 91 43 que
1160 3294 191 47 celui-ci
1379 3297 79 60 qui
1487 3295 171 46 débute
1684 3297 131 45 ainsi.

195 3393 112 36 Dans
328 3388 38 41 la
388 3403 127 40 coupe
536 3390 90 38 d'or
647 3390 87 50 déjà
755 3388 35 39 le
811 3390 68 37 vin
901 3403 101 24 nous
1019 3399 161 31 tente...
1205 3392 60 36 Ne
1280 3390 124 39 buvez
1420 3405 67 38 pas
1505 3391 223 53 cependant
1758 3392 47 37 de
1821 3406 84 24 vers
1928 3406 76 37 que
2023 3394 37 49 je
2082 3407 49 25 ne
2153 3407 97 25 vous
2271 3394 60 39 aie
2353 3395 144 39 chanté
2521 3411 54 25 un

37 3448 87 40 lied.
150 3451 55 36 Le
228 3448 123 39 chant
372 3448 47 37 de
441 3447 37 39 la
500 3448 140 38 misère
661 3448 85 37 doit
768 3447 97 38 faire
887 3447 205 53 explosion
1115 3448 47 38 de
1184 3449 77 37 rire
1283 3449 98 38 dans
1402 3457 110 30 votre
1534 3450 89 37 âme
1648 3452 50 35 !...
1722 3451 179 49 Lorsque
1922 3448 37 40 la
1982 3451 167 38 détresse
2171 3452 214 53 approche,
2409 3455 166 39 aussitôt

39 3516 130 30 meurt
190 3506 37 38 la
245 3506 93 50 joie,
362 3506 133 52 expire
516 3504 35 40 le
574 3506 142 48 chant;
738 3503 53 41 les
808 3506 153 49 jardins
985 3506 47 37 de
1054 3504 117 40 l'âme
1193 3520 38 24 se
1254 3507 203 48 changent
1474 3520 48 24 en
1541 3507 138 37 désert.
1704 3506 165 39 Sombre
1885 3516 54 30 est
1955 3506 36 40 la
2005 3509 72 46 vie,
2102 3509 157 38 sombre
2276 3519 55 29 est
2351 3509 38 39 la
2411 3521 107 28 mort

179 3591 70 47 Ce
278 3590 183 46 dernier
500 3607 100 29 vers
626 3601 68 35 est
720 3589 42 46 le
801 3589 168 46 refrain
999 3590 55 45 de
1096 3591 179 61 chaque
1313 3592 201 59 strophe.
1561 3591 137 46 Ceux
1740 3594 78 60 qui
1863 3595 298 45 connaissent
2202 3593 244 48 l'habituel
2474 3596 103 47 élan

40 3663 270 64 rythmique
338 3661 78 46 des
455 3661 221 60 premiers
715 3678 254 28 morceaux
1009 3661 54 45 de
1101 3662 282 62 symphonie
1410 3662 56 45 de
1494 3662 193 45 Mahler
1715 3662 201 61 (surtout
1943 3662 61 61 11,
2035 3664 86 61 VI,
2150 3664 115 61 VII,
2296 3664 139 63 VIII)
2464 3684 114 43 peu-
