3157 4376
2602 3799 141 59 133

243 854 589 70 SUPPLÉMENT
868 861 418 61 MENSUEL
1319 854 666 61 D'INFORMATION
2012 854 47 55 &
2087 854 104 55 DE
2218 849 500 65 TECHNIQUE

239 1084 469 70 TROISIÈME
750 1092 289 57 ANNEE
1088 1085 483 71 (NOUVELLE
1627 1080 273 68 SERIE)
1930 1079 251 57 -1930.
2209 1107 22 11 -
2266 1076 367 58 NUMERO
2679 1075 42 54 9

240 1390 78 74 A
364 1395 431 74 propos
834 1385 149 71 de
1029 1380 109 74 la
1187 1372 830 82 nouvelle
2050 1367 150 74 gare
2236 1363 140 111 de
2376 1363 352 111 Verviers

240 1489 113 71 et
379 1487 208 73 des
607 1474 981 84 Transformations
1616 1469 150 71 de
1794 1461 934 87 Liége-Guillemins

315 1682 143 42 Notre
489 1678 226 54 distingué
741 1675 216 47 confrère,
986 1671 265 44 l'architecte
1278 1670 44 41 A
1327 1701 8 9 .
1365 1668 53 40 C.

245 1745 247 52 Duesberg,
518 1742 53 43 de
594 1739 222 49 Verviers,
841 1753 25 28 a
888 1736 102 43 bien
1017 1734 142 44 voulu
1185 1747 116 29 nous
1324 1740 72 43 per-

245 1814 161 35 mettre
435 1807 51 41 de
515 1802 257 55 reproduire
801 1800 48 43 in
880 1809 184 34 extenso
1093 1795 184 43 l'article
1306 1793 113 54 qu'il

242 1886 24 27 a
301 1868 85 44 fait
417 1867 193 55 paraître
646 1880 53 27 en
736 1863 157 43 février
928 1859 172 46 dernier
1136 1859 112 43 dans
1291 1874 22 26 «
1352 1857 66 43 La

243 1932 133 43 Libre
411 1928 215 55 Belgique
668 1943 40 26 »♦
748 1927 76 42 On
860 1924 84 43 lira
978 1935 102 32 avec
1116 1920 159 44 intérêt
1310 1926 109 37 cette

245 1993 188 54 critique
456 1990 240 56 judicieuse
720 1999 42 33 et
783 1986 179 47 avertie,
988 1999 64 38 qu
1070 1986 351 47 accompagnent

249 2057 59 44 les
346 2054 214 56 quelques
596 2049 340 46 commentaires
974 2045 163 45 inédits
1175 2044 106 54 qu'a
1322 2043 101 39 bien

247 2119 143 42 voulu
423 2132 116 28 nous
572 2115 132 44 livrer
738 2113 191 44 l'auteur
960 2110 143 42 même
1136 2109 51 43 de
1221 2105 195 44 l'article«

314 2255 63 42 La
414 2252 167 44 Société
614 2249 245 44 Nationale
896 2248 71 42 des
1003 2244 218 45 Chemins
1256 2243 52 44 de
1341 2240 79 44 Fer

242 2318 124 42 vient
395 2315 288 54 d'inaugurer
715 2314 41 41 la
785 2308 208 46 nouvelle
1021 2324 99 40 gare
1148 2306 188 44 centrale
1367 2305 51 41 de

243 2379 207 44 Verviers
470 2378 116 43 dont
609 2374 164 44 l'étude
793 2371 277 45 commencée
1091 2385 51 28 en
1172 2383 53 40 19
1241 2383 51 40 13
1318 2365 101 58 puis

244 2440 295 44 abandonnée
576 2438 203 55 pendant
816 2435 40 44 la
894 2448 164 41 guerre,
1098 2432 120 45 avait
1254 2430 63 43 été
1356 2442 42 28 re-

242 2505 114 55 prise
382 2502 124 55 après
532 2499 268 46 l'armistice.

296 2567 83 42 Cet
403 2564 154 43 édifice
579 2564 328 53 important,en
933 2557 309 44 construction
1268 2552 155 57 depuis

252 2629 139 55 1926,
438 2635 296 45 comprenant
778 2638 62 29 un
883 2621 225 44 bâtiment
1152 2620 53 41 de
1247 2626 173 34 recettes

243 2707 100 27 avec
369 2706 60 27 ses
456 2689 302 54 dépendances
782 2697 42 32 et
850 2685 214 56 quelques
1089 2679 331 46 constructions

243 2768 207 32 annexes,
479 2752 124 43 vient
628 2750 136 42 d'être
790 2747 109 44 livré
924 2762 54 27 au
1002 2744 167 55 public.

312 2816 61 42 Le
410 2830 128 38 corps
575 2813 51 42 de
662 2811 223 43 bâtiment
922 2805 236 58 principal,
1197 2804 112 44 celui
1348 2804 73 42 des

244 2888 187 35 recettes,
455 2875 246 54 comprend
724 2889 55 28 au
801 2868 375 47 rez-de-chaussée
1203 2883 9 28 :
1238 2868 37 42 le
1295 2864 123 45 Hall,

245 2942 58 41 les
336 2940 124 43 salles
494 2939 230 44 d'attente,
759 2936 58 42 les
849 2935 201 42 bureaux
1087 2931 51 44 de
1170 2928 250 57 télégraphe

243 3016 40 30 et
318 3002 279 54 téléphones;
635 3000 23 42 à
690 2998 171 54 l'étage,
899 2994 293 44 l'habitation
1228 2992 61 42 du
1321 2988 98 46 chef

246 3067 51 41 de
324 3080 99 40 gare
454 3075 40 32 et
523 3061 237 44 différents
787 3060 216 42 bureaux.

304 3127 129 43 Cette
451 3124 310 45 construction
783 3121 165 45 semble
967 3120 86 43 être
1072 3114 350 53 caractéristique

244 3191 60 42 du
329 3204 128 40 genre
483 3186 165 55 adopté
670 3201 80 39 par
776 3186 39 42 la
842 3182 167 45 Société
1032 3178 245 48 Nationale
1304 3192 117 40 pour

244 3269 61 27 ses
342 3264 191 31 travaux
570 3248 350 47 d'architecture,
960 3259 71 28 car
1066 3243 58 43 les
1160 3239 235 59 appropria-

243 3316 122 42 tions
396 3312 162 57 qu'elle
590 3310 148 44 réalise
770 3307 312 45 actuellement
1115 3306 23 42 à
1168 3303 41 45 la
1239 3317 100 40 gare
1370 3300 52 43 de

245 3373 446 59 Liége-Guillemins,
734 3387 100 28 sans
872 3371 87 42 être
999 3368 116 44 aussi
1155 3364 244 56 représenta-

243 3441 124 45 tives,
400 3449 104 32 sont
535 3437 51 42 de
616 3436 41 43 la
687 3434 143 43 même
859 3431 207 45 manière.

313 3502 38 43 Il
393 3500 146 56 paraît
583 3499 116 42 donc
740 3496 264 44 intéressant
1045 3489 278 47 d'examiner
1364 3490 59 42 les

245 3565 134 55 règles
418 3563 78 55 qui
534 3576 40 29 se
612 3560 216 55 dégagent
865 3558 51 42 de
954 3557 40 42 la
1035 3554 210 44 méthode
1284 3551 139 43 suivie

243 3643 79 39 par
351 3628 40 41 la
423 3623 165 45 Société
614 3620 245 46 Nationale
887 3631 41 32 et
954 3629 84 33 ont
1065 3616 111 44 servi
1205 3615 51 43 de
1285 3615 115 42 direc-

244 3690 110 42 tives
386 3688 21 42 à
438 3702 62 28 ses
530 3685 266 44 architectes.

1635 1663 62 40 La
1731 1659 205 43 nouvelle
1970 1673 97 39 gare
2101 1658 50 41 de
2183 1654 204 44 Verviers
2420 1669 21 27 a
2474 1652 124 43 coûté
2630 1651 99 45 huit

1567 1724 215 42 millions.

1635 1786 63 41 La
1724 1786 101 52 plus
1852 1783 164 54 grande
2040 1780 139 55 partie
2209 1780 50 41 de
2283 1789 105 31 cette
2414 1777 182 52 dépense
2622 1791 21 26 a
2670 1774 61 42 été

1566 1846 224 44 consacrée
1822 1846 22 41 à
1880 1844 168 42 réaliser
2080 1858 61 27 un
2173 1851 269 32 monument
2475 1838 232 43 architectu-

1572 1911 63 41 ral
1679 1910 202 41 luxueux
1926 1920 38 30 et
2010 1905 51 43 de
2103 1903 165 56 grande
2312 1901 150 43 allure.
2509 1900 68 41 En
2622 1896 113 44 voici

1567 1972 212 54 quelques
1818 1966 320 57 particularités
2183 1982 8 25 :

1637 2033 59 42 Le
1723 2032 220 41 bâtiment
1972 2028 218 54 principal
2223 2038 61 30 est
2315 2040 84 26 une
2427 2021 305 45 construction

1569 2096 49 41 de
1653 2110 55 40 75
1745 2094 154 41 mètres
1930 2092 50 42 de
2013 2091 107 53 long
2152 2104 71 28 sur
2258 2103 51 26 21
2351 2087 154 41 mètres
2536 2084 50 41 de
2620 2084 114 52 large

1568 2170 40 30 et
1640 2172 58 27 22
1733 2156 154 41 mètres
1917 2155 49 40 de
1996 2153 188 42 hauteur
2214 2161 41 31 et
2282 2148 244 52 comprend
2553 2161 61 27 un
2645 2158 66 29 rez-

1569 2217 291 46 de-chaussée,
1890 2232 60 26 un
1978 2215 118 53 étage
2122 2225 39 30 et
2188 2227 84 27 une
2298 2211 164 54 grande
2488 2209 177 42 toiture.

1637 2282 82 41 Les
1745 2279 108 43 trois
1878 2277 173 53 façades
2077 2291 94 26 vers
2196 2275 39 41 la
2261 2273 100 42 voie
2387 2270 217 56 publique
2632 2280 104 31 sont

1569 2359 52 27 en
1650 2342 222 43 moellons
1903 2352 38 31 et
1967 2339 159 54 pierres
2154 2337 50 41 de
2232 2336 132 45 taille,
2396 2333 171 43 traitées
2594 2346 51 27 en
2675 2344 60 27 un

1570 2406 112 53 style
1726 2402 290 45 Renaissance
2062 2398 203 54 hybride,
2317 2411 97 28 avec
2460 2395 50 41 de
2552 2392 186 55 grandes

1571 2467 186 42 fenêtres
1796 2466 22 41 à
1858 2477 230 30 meneaux,
2131 2461 71 41 des
2239 2459 196 54 pignons
2472 2468 53 35 et,
2566 2467 171 31 comme

1572 2538 256 33 ornements
1864 2524 283 57 principaux,
2188 2538 61 26 un
2286 2521 191 41 fronton
2519 2532 97 27 avec
2655 2530 83 29 une

1572 2592 186 53 horloge
1791 2602 39 30 et
1865 2589 108 41 trois
2006 2599 124 30 tours
2162 2582 266 44 décoratives
2460 2581 78 55 qui
2572 2594 52 27 ne
2658 2591 60 28 ser-

1571 2665 106 32 vent
1706 2654 22 41 à
1758 2653 105 45 rien,
1895 2651 115 42 dont
2040 2649 117 41 deux
2187 2647 50 42 de
2273 2646 56 55 38
2362 2643 156 44 mètres
2548 2643 49 41 de
2628 2643 83 41 hau-

1572 2728 94 31 teur
1695 2730 98 27 avec
1821 2713 162 43 flèches
2011 2708 254 45 d'ardoises.

1645 2790 44 42 Si
1736 2789 94 43 l'on
1875 2786 203 42 examine
2124 2785 39 41 la
2209 2779 294 46 distribution
2548 2775 194 58 générale

1572 2854 60 40 du
1661 2852 122 54 plan,
1816 2850 94 42 l'on
1939 2857 197 32 constate
2166 2860 83 40 que
2276 2846 36 40 le
2340 2842 106 43 cube
2477 2842 51 42 de
2556 2855 42 27 ce
2627 2837 89 45 bâti-

1572 2926 123 31 ment
1725 2925 60 30 est
1814 2928 54 27 au
1898 2911 116 41 deux
2047 2909 100 43 tiers
2174 2906 159 44 inutile
2361 2920 59 27 ou
2449 2900 287 47 inutilisable.

1572 2978 36 42 Il
1639 2992 27 38 y
1698 2992 22 26 a
1752 2974 191 43 d'abord
1973 2974 57 41 les
2056 2969 188 56 greniers
2274 2968 78 55 qui
2381 2979 81 30 ont
2495 2978 55 42 75
2586 2962 154 44 mètres

1572 3041 51 41 de
1646 3040 233 52 longueur,
1909 3050 58 26 20
1993 3034 50 41 de
2070 3034 171 52 largeur
2262 3042 39 30 et
2328 3043 109 41 7*s°
2536 3028 202 42 hauteur,

1572 3102 59 41 où
1654 3101 31 42 il
1708 3115 27 39 y
1760 3098 143 44 aurait
1924 3096 121 54 place
2067 3109 116 40 pour
2207 3103 155 45 quatre
2385 3106 59 27 ou
2470 3089 101 54 cinq
2596 3085 146 46 tennis

1573 3173 201 33 couverts
1803 3172 40 32 et
1870 3160 108 42 0ù...
2010 3159 93 41 l'on
2137 3155 199 44 remisera
2365 3154 72 40 des
2465 3150 206 43 archives.

1642 3237 42 42 A
1717 3235 169 54 l'étage,
1922 3234 31 43 il
1985 3248 27 38 y
2047 3247 22 27 a
2105 3231 116 41 deux
2253 3227 125 44 salles
2409 3227 50 42 de
2501 3241 49 40 15
2588 3223 155 44 mètres

1574 3301 51 41 de
1648 3300 109 53 long
1779 3312 73 28 sur
1878 3297 23 41 8
1932 3296 50 41 de
2005 3295 115 53 large
2143 3304 39 31 et
2210 3293 109 53 6.50
2344 3291 50 42 de
2416 3290 203 43 hauteur,
2645 3299 98 28 sans

1574 3362 206 53 éclairage
1815 3360 46 41 ni
1899 3358 147 53 aérage
2083 3356 45 41 ni
2165 3352 272 45 destination
2474 3348 172 54 précise,
2684 3346 58 43 où

1574 3425 96 43 l'on
1694 3422 201 43 remisera
1920 3420 114 42 aussi
2059 3419 72 41 des
2156 3415 208 44 archives.
2390 3414 81 42 Les
2495 3411 193 43 archives
2715 3423 28 39 y

1574 3502 82 27 son
1690 3484 99 54 déjà
1821 3495 41 31 et
1893 3481 276 43 constituent
2202 3493 60 27 un
2297 3475 111 56 petit
2440 3484 64 32 tas
2538 3474 51 42 de
2623 3470 96 57 quel-

1574 3564 106 41 ques
1708 3547 156 43 mètres
1894 3545 141 42 cubes.

1644 3611 75 42 Au
1760 3604 387 48 rez-de-chaussée,
2188 3603 77 55 qui
2307 3615 172 30 couvre,
2524 3611 98 28 avec
2662 3608 82 28 une

1574 3674 157 54 galerie
1758 3685 183 30 annexe,
1970 3667 101 56 plus
2096 3667 51 42 de
2175 3679 144 30 2,100
2347 3661 154 44 mètres
2525 3657 148 48 carrés,
2705 3656 38 42 la
