3157 4376
2135 317 314 58 TEK
2526 316 61 54 H
2666 314 61 55 N
2806 304 47 64 Ê

385 3774 154 57 146

379 474 612 120 ECHOS
1400 451 1453 127 &
2853 451 1 143 INFORMATIONS

376 698 930 91 CONFÉRENCES
1395 700 142 72 ET

376 817 653 92 CONGRÈS

445 980 421 47 CONFERENCE
945 979 85 42 DE
1108 976 82 42 LA
1269 973 270 44 SOCIETE

379 1044 345 45 CENTRALE
799 1036 584 48 D'ARCHITECTURE
1457 1032 84 45 DE

377 1106 336 54 BELGIQUE.

446 1167 174 44 Samedi
650 1182 23 39 5
708 1166 123 45 avril,
866 1180 54 26 au
948 1162 144 43 Palais
1119 1162 60 42 du
1208 1159 133 46 Midi,
1376 1159 21 42 à
1426 1159 85 41 Bru-

379 1230 143 46 xelles,
558 1230 35 42 le
624 1228 43 42 D
673 1234 13 17 r
717 1225 285 55 Dryepondt,
1040 1221 193 45 membre
1265 1221 60 42 du
1358 1219 180 44 Conseil

377 1291 214 43 Colonial
629 1301 39 31 et
704 1289 60 42 du
799 1287 182 44 Conseil
1020 1284 234 54 Supérieur
1289 1280 253 54 d'Hygiène

376 1354 61 40 du
463 1352 176 54 Congo,
668 1351 168 53 parlera
866 1350 51 40 de
954 1364 23 25 «
1007 1334 261 65 L'Hygiène
1296 1360 53 27 au
1377 1345 165 50 Congo

377 1414 130 55 Belge
535 1430 39 26 ».
686 1412 159 42 Entrée
869 1411 121 42 libre.
1105 1407 281 53 Projections
1410 1404 105 44 lumi-

376 1491 163 28 neuses.

443 1538 127 42 Cette
600 1535 252 42 conférence
883 1534 169 42 clôture
1080 1534 37 42 le
1143 1531 116 54 cycle
1288 1530 72 43 des
1391 1528 125 43 confé-

379 1614 139 27 rences
544 1597 239 42 coloniales
808 1594 245 55 organisées
1080 1609 78 38 par
1186 1594 36 40 le
1246 1591 182 43 Comité
1454 1590 59 40 Co-

379 1661 138 43 lonial
554 1661 51 41 de
642 1661 39 41 la
719 1660 41 42 S.
797 1658 50 42 C.
889 1658 56 42 A.
983 1658 51 41 B.
1072 1657 114 41 dont
1223 1655 35 41 le
1296 1653 139 43 succès
1471 1652 71 44 fut

376 1722 314 43 considérable.
723 1721 127 41 Cette
879 1718 221 43 initiative
1128 1726 177 45 portera
1335 1713 184 44 certaine-

380 1798 121 29 ment
537 1798 61 27 ses
634 1782 154 45 fruits;
828 1782 31 40 il
898 1795 28 39 y
963 1795 23 27 a
1023 1780 85 41 lieu
1146 1779 100 42 d'en
1284 1775 184 45 féliciter
1503 1774 39 42 la

379 1845 164 43 Société
583 1844 207 44 Centrale
830 1841 354 45 d'Architecture
1225 1840 50 42 de
1316 1837 225 55 Belgique.

1691 692 151 43 beauté
1863 692 51 41 de
1934 689 122 42 Paris
2078 686 309 55 sauvegardées
2411 698 78 40 par
2514 684 57 41 les
2591 679 267 45 techniciens

1691 754 229 43 modernes
1955 767 40 25 ».

1759 815 126 42 Cette
1926 811 254 43 conférence
2221 807 150 44 faisait
2411 806 139 55 partie
2592 806 111 41 d'un
2743 801 115 53 cycle

1692 877 185 42 traitant
1928 890 22 25 «
1994 873 73 42 des
2107 871 164 55 grands
2312 867 251 56 problèmes
2602 867 51 41 de
2695 863 140 43 l'urba-

1691 940 139 40 nisme
1854 936 211 43 moderne
2088 945 39 30 et
2153 933 58 41 du
2237 945 189 39 paysage
2449 928 72 42 des
2544 927 126 43 villes
2698 942 39 25 ».
2762 923 96 44 Elle

1691 1012 71 30 eut
1787 999 85 42 lieu
1898 998 36 42 le
1964 997 56 42 28
2046 994 159 43 février
2233 981 184 52 dernier.

1759 1061 60 41 Le
1853 1074 55 38 14
1934 1058 173 43 février,
2138 1054 68 43 M.
2234 1053 249 44 Rosenthal
2512 1050 120 42 avait
2661 1047 121 56 parlé
2809 1046 49 42 de

1693 1121 283 45 l'Extension
2000 1120 73 42 des
2096 1117 157 45 Villes,
2280 1114 150 44 tandis
2453 1127 86 41 que
2564 1111 68 42 M.
2658 1111 50 42 L.
2736 1108 92 45 Bon-

1692 1185 93 40 nier
1816 1182 131 47 avait,
1984 1181 36 42 le
2056 1195 51 26 21
2147 1177 172 46 février,
2354 1173 129 45 traité
2514 1173 73 42 des
2629 1188 22 25 «
2690 1171 140 42 Trans-

1692 1244 273 43 formations
1988 1257 39 29 et
2051 1242 51 42 de
2126 1238 205 44 l'Avenir
2354 1238 50 42 de
2425 1235 123 44 Paris
2578 1251 40 26 ».

1760 1525 77 42 LE
1870 1520 296 45 CONGRES
2196 1518 95 43 DU
2321 1514 182 46 PARIS
2533 1511 331 48 NOUVEAU

1694 1603 21 27 a
1754 1598 106 31 tenu
1898 1600 62 26 ses
1995 1583 168 42 séances
2200 1579 212 56 plénières
2450 1577 60 42 du
2552 1591 24 40 3
2592 1591 14 26 1
2655 1588 116 31 mars
2809 1587 56 28 au

1696 1663 21 41 5
1752 1647 124 44 avril,
1909 1647 111 41 dans
2047 1645 41 41 la
2116 1641 165 56 grande
2309 1639 104 44 salle
2439 1639 61 42 du
2538 1653 23 27 «
2594 1635 193 45 Journal
2822 1649 41 27 ».

1700 1711 80 42 Les
1821 1708 270 54 principaux
2136 1714 207 43 rapports
2385 1710 150 33 seront
2576 1694 175 57 publiés
2792 1708 78 39 par

1703 1789 23 25 «
1762 1772 59 42 Le
1851 1771 194 43 Journal
2084 1784 40 26 ».
2161 1766 236 53 Ajoutons
2426 1777 86 40 que
2543 1762 37 41 le
2611 1756 256 47 Secrétariat

1694 1835 52 41 de
1772 1848 42 27 ce
1840 1831 201 54 Congrès
2068 1841 62 30 est
2155 1826 144 44 assuré
2322 1840 80 39 par
2426 1822 69 43 M.
2524 1818 258 47 Ménabréa,
2811 1832 54 28 au

1705 1911 22 26 «
1758 1894 193 43 Journal
1984 1908 39 29 »,
2053 1888 137 46 Paris.

445 2137 222 45 DEBAT
747 2136 123 44 SUR
948 2131 595 48 L'ARCHITECTURE.

379 2201 42 42 A
464 2199 254 44 l'initiative
758 2198 60 42 du
857 2197 186 52 Groupe
1094 2211 21 26 «
1160 2192 313 56 Prospections
1520 2207 23 27 »

379 2274 72 32 eut
484 2262 84 43 lieu
602 2262 22 43 à
659 2259 244 48 Bruxelles,
940 2258 184 43 Maison
1158 2258 74 42 des
1268 2255 204 47 Artistes,
1510 2254 37 42 le

388 2340 53 38 14
487 2339 128 29 mars,
663 2338 60 26 un
770 2321 131 43 débat
945 2335 74 28 sur
1067 2317 354 46 l'Architecture.
1468 2316 77 43 On

380 2386 202 43 entendit
620 2386 57 42 les
714 2385 250 42 architectes
1004 2382 201 42 suivants
1250 2396 10 27 :
1303 2380 51 44 L.
1396 2378 57 44 H.
1496 2378 51 42 de

380 2447 225 46 Koninck,
643 2447 49 42 E.
730 2446 239 45 Henvaux,
1007 2444 56 44 G.
1101 2442 244 46 Brunfaut,
1388 2442 41 42 S.
1471 2441 51 42 Ja-

379 2509 153 47 sinski,
562 2509 57 42 A.
645 2508 172 53 Pompe
844 2518 41 32 et
910 2503 59 46 V.
997 2505 263 45 Sorvrencx.

447 2573 159 42 Divers
650 2582 164 43 aspects
857 2570 61 42 du
963 2568 230 57 problème
1241 2565 306 45 architectural

380 2632 340 55 contemporain
761 2631 154 43 furent
953 2629 358 44 successivement
1350 2625 196 54 exposés.

450 2913 481 48 L'ARCHITECTE
955 2913 123 43 JAN
1103 2910 171 48 WILS,
1299 2910 224 43 d'Amster-

381 2980 118 42 dam.
530 2994 21 27 a
577 2976 132 56 parlé,
738 2976 22 42 à
785 2974 281 44 l'invitation
1092 2974 53 42 de
1170 2972 41 44 la
1240 2970 166 44 Société
1432 2971 90 42 Cen-

381 3041 108 43 trale
508 3040 355 43 d'Architecture
882 3037 52 42 de
951 3035 228 57 Belgique,
1203 3033 60 42 du
1285 3031 133 46 Stade
1435 3045 118 42 pour

383 3105 105 52 jeux
515 3101 287 56 olympiques
826 3097 353 44 d'Amsterdam.
1207 3096 63 43 La
1297 3093 256 45 conférence

384 3178 73 31 eut
497 3165 85 44 lieu
621 3164 36 43 le
692 3162 211 44 vendredi
948 3162 56 42 28
1047 3173 129 33 mars,
1219 3159 23 42 à
1285 3173 60 27 20
1383 3158 168 42 heures,

384 3229 112 42 dans
521 3226 41 44 la
588 3225 104 45 salle
718 3225 72 43 des
814 3224 110 42 fêtes
953 3223 59 43 du
1040 3220 149 45 Cercle
1217 3219 265 54 Artistique.

454 3506 484 47 L'ARCHITECTE
992 3505 76 43 LE
1119 3500 366 47 CORBUSIER
1534 3514 23 28 a

385 3571 84 43 fait
489 3586 85 28 une
593 3570 182 43 vivante
794 3567 185 43 causerie
1001 3567 22 42 à
1044 3563 137 47 Paris,
1209 3579 90 28 aux
1320 3561 236 47 Tuileries,

389 3648 72 28 sur
499 3633 37 43 le
573 3632 116 53 sujet
724 3631 182 44 suivant
950 3645 9 26 :
1011 3643 23 27 «
1075 3627 63 44 La
1176 3626 224 55 grandeur
1438 3636 42 31 et
1518 3623 40 43 la

1764 2174 117 43 XIV
1886 2183 15 16 e
1934 2169 299 47 CONGRES
2265 2160 604 52 D'ARCHITECTURE.

1698 2235 186 44 LIEGE
1923 2248 137 42 1930.
2092 2230 147 48 Voici,
2274 2230 73 43 dès
2376 2229 23 43 à
2428 2227 190 56 présent,
2652 2225 58 43 les
2740 2236 106 41 gran-

1698 2300 73 42 des
1796 2298 140 54 lignes
1961 2296 62 43 du
2049 2306 287 43 programme
2361 2291 52 43 de
2436 2305 43 28 ce
2502 2286 203 56 Congrès
2736 2302 10 26 :

1760 2358 178 45 Samedi
1962 2372 23 41 3
2002 2372 14 28 1
2045 2357 88 42 mai
2162 2372 9 25 :
2195 2353 128 44 visite
2345 2353 72 43 des
2437 2349 357 51 Charbonnages
2815 2345 61 44 du

1698 2423 268 53 Limbourg.

1767 2507 254 45 Dimanche
2059 2521 13 26 i
2084 2512 35 19 er
2149 2504 100 53 juin
2290 2519 9 26 :
2332 2498 311 47 CONGRES.

2069 2577 145 44 Ordre
2247 2577 62 41 du
2340 2573 116 43 Jour
2497 2588 14 27 :

1778 2672 14 28 1
1806 2664 17 18 0
1865 2653 182 45 Conseil
2098 2653 52 42 de
2201 2649 245 55 discipline.
2498 2648 306 53 (Rapporteur
2865 2657 9 25 :

1940 2715 69 43 M.
2045 2714 70 44 De
2149 2711 225 54 Ridder);

1774 2796 25 27 2
1807 2789 16 17 0
1865 2775 362 58 Responsabilité
2257 2775 51 42 de
2341 2770 279 48 l'architecte.
2652 2768 197 56 (Rappor-

1942 2850 118 33 teurs
2098 2853 10 28 :
2141 2836 125 43 MM.
2299 2834 154 44 Devos
2483 2843 42 32 et
2554 2828 253 57 Symons);

1777 2919 23 40 3
1810 2912 17 16 0
1867 2899 377 57 Réorganisation
2301 2898 51 42 de
2408 2893 363 56 l'enseignement
2829 2890 52 43 de

1948 2963 337 44 l'architecture.
2328 2959 328 54 (Rapporteurs
2705 2972 9 25 :
2762 2952 90 44 Mes-

1945 3026 134 42 sieurs
2110 3024 106 41 Van
2248 3020 163 54 Kuyck
2439 3031 42 31 et
2512 3016 151 46 David
2682 3016 39 53 );

1776 3105 26 39 4
1811 3099 16 16 0
1868 3088 249 44 Assurance
2186 3085 51 43 de
2305 3081 280 44 l'architecte.
2652 3078 201 55 (Rappor-

1946 3162 95 32 teur
2073 3165 10 26 :
2112 3147 93 45 X...
2224 3147 38 53 );

1781 3228 23 41 5
1814 3222 16 16 0
1871 3212 183 43 Barème
2094 3210 74 43 des
2206 3205 264 46 honoraires
2508 3205 51 42 de
2600 3200 281 46 l'architecte.

1946 3274 305 54 (Rapporteur
2291 3285 9 27 :
2336 3267 92 46 X...
2449 3266 30 55 ).

2126 3354 338 58 BANQUET.

1778 3435 153 45 Lundi
1970 3449 25 28 2
2031 3431 100 56 juin
2174 3449 11 25 :
2221 3430 254 44 Excursion
2514 3429 22 42 à
2573 3424 235 56 Montjoie
2843 3434 39 32 et

1710 3500 111 42 dans
1846 3499 58 43 les
1927 3496 236 44 Ardennes
2187 3493 159 55 belges.

1776 3558 155 45 Mardi
1966 3573 24 41 3
2026 3557 100 55 juin
2166 3572 10 27 :
2213 3553 147 46 Visite
2404 3568 23 27 «
2463 3552 54 43 ad
2552 3549 184 45 libitum
2773 3563 23 28 »
2832 3547 50 42 de

1708 3620 326 56 l'Exposition.
