2486 4140
1007 395 78 39 LA
1116 391 383 49 CHRONIQUE
1532 391 318 40 MUSICALE

561 409 81 41 174

556 555 41 31 et
616 549 153 37 maître
794 546 58 39 du
887 546 163 38 célèbre
1083 543 143 39 Maria
1266 541 218 42 Veracini.
1528 541 132 41 Enfin
1692 541 292 42 Giambatista
2018 539 199 55 Bassani,
2258 539 51 39 de

560 620 203 52 Bologne.
789 618 59 40 Ce
869 616 172 40 dernier
1061 615 66 41 fut
1158 630 62 25 un
1242 616 71 40 des
1336 616 95 54 plus
1456 616 156 53 grands
1636 616 252 41 violonistes
1911 616 50 40 de
1984 629 77 26 son
2094 623 139 43 temps
2266 625 37 38 e,

556 691 39 39 le
615 691 154 38 maître
784 689 50 38 de
857 686 179 41 Corelli.
1077 686 34 40 Il
1136 686 115 41 avait
1285 686 219 41 introduit
1539 687 108 40 dans
1678 701 63 26 ses
1779 696 193 40 sonates,,
2013 685 64 40 dit
2110 685 196 51 Burney,

560 762 222 51 beaucoup
800 759 71 40 des
894 760 268 39 nouveautés
1186 759 134 53 qu'on
1360 759 191 40 attribua
1589 760 153 53 depuis
1782 764 22 35 à
1845 759 188 54 Corelli,
2066 769 169 29 comme
2272 755 38 39 le

561 831 216 55 pizzicato
796 839 40 33 et
859 833 38 39 le
917 840 200 33 staccato.
1139 831 132 41 Enfin
1290 831 178 54 Corelli,
1490 833 54 39 né
1565 846 53 26 en
1647 832 126 51 i653_,
1798 832 184 40 termine
2002 844 102 28 avec
2127 830 105 40 éclat
2267 828 41 40 la

562 905 170 54 période
754 905 340 40 d'enfantement
1115 904 101 41 d'où
1244 905 146 40 devait
1412 905 129 41 sortir
1569 919 87 27 une
1677 905 34 40 si
1736 904 205 42 brillante
1962 904 130 53 école,
2117 912 41 31 et
2183 903 102 40 inau-

556 992 107 40 gure
686 992 85 27 une
793 981 68 38 ère
882 978 200 42 nouvelle
1098 979 107 40 dans
1221 979 94 41 Fart
1337 979 59 39 du
1418 974 180 47 'violon.
1624 979 68 40 En
1713 978 255 54 enseignant
1989 978 37 40 le
2053 976 186 56 premier
2265 976 41 39 la

557 1053 118 40 vraie
699 1053 190 50 position
911 1053 50 40 de
981 1054 38 40 la
1042 1053 137 52 main,
1223 1067 54 26 en
1300 1053 137 41 fixant
1458 1054 73 40 des
1551 1053 80 40 lois
1648 1066 73 27 sur
1743 1053 40 40 la
1805 1051 192 41 manière
2018 1051 180 40 détenir
2216 1049 77 40 l'ar-

560 1126 111 52 chet,
697 1126 28 40 il
748 1127 115 39 avait
878 1126 145 40 donné
1052 1140 54 26 au
1130 1126 167 54 doigter
1318 1136 109 32 cette
1444 1128 181 51 légèreté
1647 1135 39 32 et
1708 1133 107 33 cette
1853 1123 327 55 indépendance
2214 1134 98 26 sans

560 1200 186 54 laquelle
769 1207 118 33 toute
914 1200 227 40 exécution
1177 1209 62 31 est
1261 1201 266 55 impossible.
1567 1201 120 39 Dans
1717 1214 62 26 ses
1810 1197 329 56 compositions,
2173 1195 30 40 il
2233 1202 72 32 sut

559 1273 132 40 écrire
713 1287 110 40 pour
857 1287 78 27 son
955 1273 266 40 instrument
1241 1287 97 27 sans
1371 1275 170 39 tomber
1562 1273 107 40 dans
1689 1272 71 40 des
1798 1270 298 54 exagérations
2117 1268 51 40 de
2189 1265 95 42 diffi-

560 1346 135 41 cultés
714 1347 105 40 dont
843 1360 109 27 nous
975 1356 211 31 trouvons
1207 1347 72 40 des
1296 1348 213 54 exemples
1531 1347 265 48 dansßiber,
1812 1346 108 39 dans
1944 1344 173 40 Baltzar
2139 1350 40 32 et
2198 1340 108 41 dans

560 1418 235 52 Westhoff,
819 1428 40 31 et
880 1434 52 25 en
956 1421 143 39 créant
1122 1419 351 41 définitivement
1493 1420 39 40 le
1557 1428 214 39 concerto,
1797 1418 31 40 il
1849 1417 116 40 avait
1990 1423 155 33 ouvert
2167 1418 22 36 à
2212 1413 96 40 l'art

563 1507 87 26 une
671 1493 96 39 voie
789 1493 238 41 inconnue.

617 1566 196 52 Lorsque
835 1565 159 41 Corelli
1017 1564 153 40 écrivit
1192 1579 62 25 ses
1283 1566 198 40 concerti
1496 1565 165 54 grossi,
1689 1576 52 28 en
1772 1576 127 42 1712,
1924 1576 44 27 ce
1999 1561 151 42 n'était
2169 1574 75 40 pas
2266 1559 39 41 la

560 1641 210 50 première
792 1637 79 40 fois
892 1651 85 39 que
998 1651 45 26 ce
1065 1646 91 32 mot
1177 1638 142 40 faisait
1340 1651 77 27 son
1438 1637 251 55 apparition
1706 1637 108 40 dans
1837 1637 41 39 la
1899 1637 160 52 langue
2082 1634 225 41 musicale.

562 1710 212 52 Agostino
785 1711 227 52 Agazzari,
1024 1712 129 39 d'une
1172 1713 127 39 noble
1322 1712 163 40 famille
1500 1712 51 39 de
1573 1712 158 39 Sienne
1753 1719 42 31 et
1815 1712 116 39 élève
1953 1711 49 37 de
2021 1707 213 48 Viadana,
2252 1720 61 27 un

565 1783 71 40 des
654 1785 214 38 créateurs
883 1785 103 38 delà
1004 1784 119 39 basse
1145 1784 222 51 continue,
1392 1783 112 41 avait
1517 1784 144 39 donné
1683 1786 22 36 à
1727 1796 63 26 ses
1809 1795 185 37 œuvres,
2011 1795 55 26 au
2089 1792 192 28 commen-

563 1866 169 31 cement
754 1857 58 39 du
835 1856 304 54 dix-septième
1161 1856 140 52 siècle,
1325 1856 39 39 le
1386 1856 96 40 titre
1497 1857 50 38 de
1565 1856 196 40 concerti
1767 1888 8 19 ,
1795 1855 108 40 mais
1925 1868 45 27 ce
1991 1862 93 33 mot
2105 1851 209 55 signifiait

562 1931 240 39 seulement
827 1943 208 40 psaumes
1065 1937 281 33 concertants
1369 1943 54 26 ou
1447 1942 202 41 psaumes
1682 1942 101 26 avec
1812 1935 412 47 accompagnement
2255 1926 53 38 de

563 2003 164 40 violon.
746 2002 232 53 Beaucoup
1000 2002 189 40 d'autres
1226 2002 315 54 compositeurs
1574 2001 175 40 avaient
1771 2001 200 54 employé
2002 2007 109 34 cette
2134 2010 149 42 expres-

563 2077 94 40 sion
695 2090 110 41 pour
836 2075 198 54 désigner
1056 2075 72 41 des
1163 2089 169 27 œuvres
1354 2075 164 41 vocales
1541 2088 100 27 avec
1670 2081 431 46 accompagnement.
2130 2072 60 40 Le
2213 2078 94 34 mot

566 2156 202 34 concerto
776 2182 9 20 ,
816 2149 107 40 dans
956 2149 39 40 le
1024 2162 94 27 sens
1146 2162 150 40 propre
1324 2149 50 40 de
1409 2150 125 51 pièce
1558 2159 122 42 pour
1698 2160 55 27 un
1776 2147 263 39 instrument
2058 2145 251 54 principal,

567 2222 117 41 avait
711 2222 65 39 été
803 2221 197 53 employé
1028 2234 110 40 pour
1158 2222 39 40 la
1221 2220 206 55 première
1452 2220 80 40 fois
1555 2233 73 41 pas
1652 2218 245 54 Bargaglia,
1920 2219 234 39 violoniste
2176 2230 112 41 napo-

567 2295 127 41 litain
733 2295 108 40 dont
880 2294 118 55 parle
1037 2294 175 41 Ceretto
1236 2303 40 32 et
1299 2295 76 53 qui
1410 2294 137 40 vivait
1582 2292 193 55 pendant
1797 2293 41 40 la
1871 2291 179 41 seconde
2072 2290 156 41 moitié
2255 2290 59 41 du

568 2368 199 40 seizième
792 2366 141 44 siècle.
956 2366 115 42 C'est
1089 2367 106 41 dans
1217 2381 87 27 une
1325 2381 151 28 œuvre
1504 2366 341 41 instrumentale
1877 2366 52 40 de
1962 2379 44 26 ce
2028 2364 296 54 compositeur

562 2441 205 42 intitulée
787 2439 130 42 Trait
921 2441 143 39 anime
1071 2440 62 39 nti
1147 2441 116 40 ossia
1277 2439 301 42 divertimenti
1595 2438 57 41 da
1665 2451 196 29 suonare
1877 2438 194 53 (Venise,
2091 2437 130 55 1587)
2236 2450 88 40 que

565 2514 38 40 le
642 2522 89 32 mot
772 2521 204 33 concerto
1015 2521 62 32 est
1106 2513 89 54 pris
1231 2513 108 40 dans
1369 2514 38 40 le
1438 2527 95 27 sens
1555 2527 86 40 que
1669 2528 112 28 nous
1823 2513 65 40 lui
1924 2512 299 40 connaissons.
2249 2511 61 41 Ce

568 2600 54 26 ne
650 2585 66 42 fut
734 2586 130 54 qu'en
895 2599 127 40 1709,
1043 2599 101 27 avec
1164 2586 181 50 Torelli,
1371 2599 83 40 que
1477 2587 37 40 le
1539 2595 198 32 concerto
1758 2599 253 43 commença
2026 2590 22 35 à
2070 2586 184 53 prendre
2275 2584 40 41 la

567 2659 135 41 forme
738 2658 220 40 moderne.
991 2659 80 39 Les
1101 2658 141 54 pièces
1270 2659 52 39 de
1343 2658 166 40 Torelli
1545 2667 99 32 sont
1677 2658 219 42 intitulées
1931 2658 210 40 Concerti
2169 2658 151 54 grossi

567 2746 80 27 con
669 2745 88 28 una
780 2731 335 54 pastoraleper
1137 2732 34 39 il
1190 2730 252 42 santissimo
1476 2733 155 38 natale
1638 2765 9 20 ,
1672 2731 109 40 mais
1800 2731 100 40 c'est
1922 2731 50 39 de
2002 2744 127 40 1712,
2154 2731 169 53 époque

566 2807 51 39 de
638 2806 40 40 la
697 2805 275 55 publication
994 2805 72 39 des
1089 2805 198 40 concerti
1308 2804 155 54 grossi
1484 2804 50 40 de
1557 2804 178 54 Corelli,
1760 2818 85 40 que
1868 2804 96 40 date
1987 2804 337 40 véritablement

565 2893 44 26 ce
630 2892 128 39 genre
779 2878 52 41 de
854 2878 309 53 composition.
1193 2877 61 41 La
1275 2878 207 54 musique
1512 2878 50 40 de
1597 2892 46 26 ce
1675 2881 157 38 maître
1854 2878 110 42 n'est
1996 2893 75 40 pas
2093 2892 93 27 rare
2217 2878 108 41 dans

568 2954 58 38 les
647 2952 340 54 bibliothèques,
1012 2960 40 32 et
1073 2951 28 40 Y
1104 2952 90 40 Art
1227 2951 60 41 du
1310 2952 146 40 violon
1478 2953 51 39 de
1551 2952 167 41 Cartier
1750 2953 196 42 contient
1969 2952 219 56 plusieurs
2209 2952 90 53 frag-

568 3034 143 31 ments
732 3025 50 40 de
799 3039 62 26 ses
883 3038 187 27 œuvres.
1099 3024 36 41 Il
1162 3033 62 32 est
1244 3029 23 36 à
1289 3038 254 41 remarquer
1565 3039 87 40 que
1670 3039 64 27 ces
1756 3026 139 55 pièces
1919 3027 283 40 contiennent
2226 3027 99 53 plus

567 3101 50 38 de
647 3097 235 44 difficultés
916 3098 52 40 de
1001 3098 109 54 style
1132 3111 85 41 que
1249 3098 51 40 de
1335 3098 232 41 difficultés
1591 3099 289 52 d'exécution,
1910 3107 177 34 surtout
2108 3098 35 41 si
2185 3113 57 26 on
2265 3098 59 40 les

567 3185 202 42 compare
784 3187 85 26 aux
897 3186 176 27 œuvres
1101 3172 52 40 de
1178 3172 190 53 Baltzar,
1394 3172 51 41 de
1466 3172 222 42 Whestoff
1702 3182 41 33 et
1770 3174 52 41 de
1845 3174 145 53 Biber,
2023 3175 98 39 bien
2144 3172 178 55 qu'elles

570 3246 142 40 soient
732 3245 130 41 d'une
882 3245 97 40 date
1007 3245 97 54 plus
1137 3245 183 40 récente.
1347 3245 61 40 Le
1442 3246 110 54 style
1586 3246 59 40 du
1686 3247 138 53 grand
1857 3249 154 39 maître
2041 3255 61 31 est
2123 3259 84 41 peu
2231 3256 72 29 sur-

571 3311 153 52 chargé
745 3311 51 40 de
814 3311 206 40 formules
1042 3311 319 55 scholastiques
1384 3326 98 26 sans
1505 3327 113 41 pour
1639 3314 89 41 cela
1742 3314 86 40 être
1849 3314 144 41 moins
2016 3326 82 40 pur
2115 3320 40 33 et
2177 3311 144 40 moins

572 3391 176 45 correct,
771 3392 39 32 et
832 3392 174 33 surtout
1042 3385 39 39 la
1106 3385 186 41 mélodie
1313 3385 98 54 plus
1439 3386 160 54 allégée
1631 3396 41 33 et
1712 3388 98 53 plus
1846 3387 96 41 vive
1949 3420 9 21 ?
1982 3399 138 41 gagne
2159 3399 54 27 en
2237 3385 62 41 élé-
