2486 4140
787 400 85 41 UN
904 400 315 41 VIRTUOSE
1251 400 80 40 EN
1371 399 106 42 1682

1923 398 79 53 175

266 560 132 39 gance
420 554 40 33 et
481 560 52 27 en
555 548 260 53 expression,
841 560 45 27 ce
923 547 155 53 qu'elle
1110 547 160 40 semble
1293 548 150 53 perdre
1471 560 51 27 en
1547 554 455 46 accompagnements.

321 620 69 40 En
403 620 272 52 Allemagne,
699 620 58 38 les
778 622 170 51 progrès
967 620 51 39 de
1039 620 96 40 Part
1153 621 58 39 du
1225 620 146 40 violon
1394 620 195 40 s'étaient
1610 620 145 54 opérés
1773 632 54 26 en
1851 618 155 40 aehors

265 691 73 40 des
354 694 170 37 maîtres
540 691 183 50 italiens,
746 697 39 34 et
797 694 192 50 pendant
1003 701 95 32 tout
1112 693 38 39 le
1168 693 301 53 dix-septième
1491 693 141 50 siècle,
1652 700 64 32 cet
1737 693 269 40 instrument

265 778 28 40 y
319 764 116 41 avait
460 766 64 38 été
562 764 97 54 plus
689 777 52 27 en
776 766 199 38 honneur
1008 778 83 40 que
1117 766 106 39 dans
1255 774 120 32 toute
1397 775 120 31 autre
1550 765 136 55 partie
1708 766 51 39 de
1779 766 224 52 l'Europe.

267 836 72 41 On
369 844 104 45 peut
507 849 54 26 en
581 836 121 54 juger
738 851 76 40 par
849 838 37 40 le
922 838 184 39 nombre
1136 837 50 40 de
1207 837 224 52 virtuoses,
1474 839 50 38 de
1552 839 317 52 compositeurs
1893 845 40 32 et
1954 836 52 40 de

265 908 311 54 compositions
595 923 84 41 que
692 910 201 42 Walther
911 924 23 26 a
954 911 83 39 mis
1060 910 106 40 dans
1188 924 75 26 son
1280 910 304 40 dictionnaire.
1608 910 62 40 De
1691 911 110 52 1640
1824 915 23 35 à
1876 912 125 50 1644,

262 981 105 39 Jean
388 980 172 56 Schopp
594 982 151 54 publia
778 983 71 40 des
891 996 184 41 pavanes
1105 982 279 54 (paduanas),
1421 983 73 39 des
1528 982 242 53 gaillardes,
1806 982 73 41 des
1901 983 84 40 alle-

264 1056 194 49 mandes,
482 1064 79 33 etc.
583 1056 212 40 C'étaient
821 1056 72 40 des
928 1056 308 54 compositions
1269 1055 167 40 vocales
1465 1058 332 52 accompagnées
1826 1056 52 40 de
1908 1056 73 40 vio-

263 1126 109 41 lons.
399 1127 199 51 Knerler,
623 1128 173 40 Conrad
816 1127 251 51 Stenecken,
1094 1127 191 40 Dietrich
1308 1127 176 49 Becker,
1509 1127 258 42 Jean-Jacob
1784 1129 220 53 Walther,

263 1199 134 42 Jacob
420 1200 325 41 Schweiffelbut
765 1200 254 53 remplirent
1040 1200 288 53 l'Allemagne
1349 1201 51 39 de
1422 1201 94 39 leur
1537 1203 260 40 renommée.
1822 1202 64 40 De
1908 1210 99 32 tous

263 1274 60 40 les
344 1274 250 40 violonistes
627 1272 240 41 allemands
902 1273 59 40 du
985 1272 300 55 dix-septième
1305 1274 141 52 siècle,
1472 1272 129 42 Biber
1621 1276 141 52 paraît
1793 1274 121 40 avoir
1937 1276 64 38 été

265 1347 38 40 le
327 1347 94 53 plus
445 1346 203 54 original,
678 1359 56 27 on
768 1354 103 46 peut
899 1347 137 40 même
1061 1347 90 39 dire
1180 1347 38 40 le
1245 1347 97 54 plus
1379 1347 241 54 fantasque.
1655 1349 38 39 A
1729 1361 86 27 une
1841 1349 166 52 époque

263 1425 57 35 où
340 1420 189 54 Pemploi
552 1420 71 40 des
639 1420 195 54 doubles,
851 1420 148 54 triples
1022 1428 41 32 et
1090 1420 259 54 quadruples
1362 1420 145 40 cordes
1534 1421 105 39 était
1659 1428 95 33 tant
1771 1425 23 36 à
1811 1421 39 40 la
1864 1421 140 53 mode,

265 1493 31 39 il
319 1494 175 52 exagéra
517 1506 151 27 encore
690 1506 45 26 ce
751 1506 129 39 genre
902 1492 154 43 d'effet.
1096 1493 119 40 Pour
1237 1493 181 40 faciliter
1449 1495 42 38 la
1521 1494 162 40 lecture
1709 1494 50 40 de
1797 1509 44 25 sa
1865 1495 112 40 musi-

264 1579 98 40 que,
397 1565 30 40 il
461 1566 117 40 avait
599 1565 193 53 imaginé
813 1566 50 40 de
884 1566 165 41 l'écrire
1088 1580 74 27 sur
1196 1567 104 40 trois
1322 1568 193 52 portées,
1538 1567 51 40 de
1613 1568 99 41 telle
1735 1576 109 32 sorte
1867 1568 139 53 qu'un

265 1650 203 27 morceau
485 1651 109 40 pour
608 1637 146 40 violon
777 1637 93 40 seul
890 1638 102 39 était
1014 1638 169 54 disposé
1204 1639 362 53 graphiquement
1587 1653 167 27 comme
1777 1654 86 25 une
1885 1640 121 53 pièce

265 1724 112 40 pour
398 1710 110 39 deux
529 1710 171 40 violons
721 1718 41 32 et
780 1711 134 39 basse.
938 1710 73 40 Un
1028 1724 185 40 ouvrage
1230 1712 51 39 de
1312 1725 44 26 ce
1392 1712 226 52 musicien,
1636 1712 177 42 intitulé
1831 1712 151 40 Fidici-

266 1794 101 27 num
397 1782 407 53 sacroprophanum
811 1815 9 19 ,
844 1782 184 40 consiste
1052 1796 53 26 en
1135 1796 48 26 12
1209 1792 170 31 sonates
1403 1788 22 34 à
1447 1791 152 45 quatre
1620 1792 42 32 et
1682 1788 23 36 à
1726 1785 104 52 cinq
1850 1784 156 54 parties

263 1853 77 54 qui
368 1854 175 39 doivent
564 1854 85 40 être
669 1854 143 53 jouées
846 1869 76 38 par
955 1855 105 39 trois
1082 1855 290 40 instruments
1394 1856 255 42 seulement.
1674 1857 87 40 Son
1783 1858 222 40 troisième

265 1940 147 27 œuvre
426 1926 75 54 qui
519 1940 22 26 a
562 1940 110 40 pour
688 1926 99 41 titre
808 1940 7 26 :
841 1926 254 41 Harmonia
1116 1928 466 54 artificioso-curiosa,
1597 1928 151 54 publié
1769 1934 23 35 à
1816 1930 159 40 Nurem-

265 2000 118 52 berg,
407 2008 62 31 est
489 2008 97 32 tout
607 1999 138 40 entier
785 2000 201 53 composé
1024 2000 51 39 de
1098 2000 138 53 pièces
1270 2004 23 35 à
1328 2000 64 40 six
1425 2001 157 53 parties
1598 2001 151 40 écrites
1768 2015 112 40 pour
1900 2010 104 32 trois

265 2072 285 40 instruments
568 2076 23 35 à
606 2072 162 40 cordes.
793 2072 72 40 On
880 2072 190 54 appelait
1088 2086 45 26 ce
1154 2072 171 40 dernier
1346 2086 129 40 genre
1503 2074 197 54 Dapifer
1705 2107 9 19 ,
1749 2074 260 41 c'est-à-dire

260 2144 360 54 porte-drapeau
627 2177 8 8 .
661 2144 75 40 Un
771 2152 124 33 autre
921 2144 241 54 violoniste,
1189 2145 174 53 Finger,
1397 2146 53 39 né
1477 2159 93 27 vers
1613 2147 125 50 1660,
1775 2147 86 40 tint
1891 2148 117 39 aussi

263 2231 54 26 en
350 2217 258 54 Allemagne
628 2231 62 27 un
721 2231 107 40 rang
849 2217 235 55 distingué,
1108 2225 41 33 et
1169 2231 138 41 passa,
1332 2232 52 26 en
1418 2219 127 53 1685,
1585 2232 52 27 en
1672 2219 256 53 Angleterre
1951 2223 57 36 où

265 2303 45 26 sa
341 2290 249 53 réputation
628 2290 118 52 égala
777 2304 184 39 presque
994 2290 101 40 celle
1128 2290 50 39 de
1213 2290 174 40 Baltzar
1423 2290 77 55 qui
1542 2291 145 40 Pavait
1721 2291 189 53 précédé.
1936 2292 72 38 Ses

266 2361 313 54 compositions
599 2363 308 40 demandaient
928 2376 85 27 une
1047 2363 142 39 moins
1210 2363 160 53 grande
1405 2363 188 40 habileté
1626 2365 268 40 d'exécution
1924 2378 83 39 que

265 2434 125 40 celles
413 2434 51 40 de
501 2434 187 53 Baltzar,
729 2442 39 32 et
801 2436 100 39 elles
922 2435 295 54 produisaient
1254 2437 219 52 peut-être
1521 2436 143 41 moins
1694 2436 155 53 d'effet,
1896 2436 111 40 mais

265 2506 99 40 elles
382 2508 159 39 étaient
561 2507 99 54 plus
690 2507 269 54 mélodiques
980 2514 42 33 et
1043 2521 42 26 se
1106 2507 330 55 rapprochaient
1455 2507 236 54 davantage
1714 2509 50 40 de
1799 2509 124 40 celles
1957 2509 50 39 de

266 2579 159 41 Corelli
444 2589 39 31 et
505 2580 50 40 de
576 2580 197 43 Bassani.

319 2653 127 40 Voilà
467 2667 50 26 en
537 2653 210 54 quelques
769 2661 112 33 mots
907 2655 142 52 quelle
1070 2656 103 39 était
1201 2655 40 40 la
1270 2655 211 42 situation
1511 2655 59 40 du
1591 2655 148 40 violon
1759 2668 51 27 en
1836 2655 172 54 Europe

265 2726 172 53 lorsque
470 2726 223 40 Whestoff
718 2727 96 40 vint
839 2730 23 36 à
888 2726 40 40 la
961 2740 106 28 cour
1101 2728 51 39 de
1175 2728 163 40 France
1360 2736 40 32 et
1418 2727 202 54 lorsqu'il
1643 2726 150 54 publia
1827 2726 40 42 la
1897 2727 112 40 suite

267 2812 82 40 que
367 2811 110 28 nous
494 2800 322 53 reproduisons.

322 2871 78 40 Cet
420 2872 146 40 artiste
587 2873 136 41 tenait
741 2887 53 27 en
816 2873 255 54 Allemagne
1091 2882 40 32 et
1152 2887 52 27 en
1227 2874 253 53 Angleterre
1502 2887 61 27 un
1584 2887 106 40 rang
1711 2873 72 41 des
1806 2873 96 54 plus
1924 2874 63 39 dis-

268 2943 189 53 tingués,
501 2958 77 26 son
616 2947 137 39 talent
791 2946 50 40 de
862 2946 193 40 virtuose
1092 2947 107 40 était
1237 2947 318 53 remarquable,
1599 2960 62 26 ses
1695 2946 310 54 compositions

264 3018 272 53 ingénieuses
559 3027 40 32 et
635 3020 99 40 bien
774 3020 160 51 écrites,
973 3020 115 40 aussi
1129 3020 317 54 explique-t-on
1482 3019 249 41 facilement
1766 3021 38 38 le
1827 3019 178 40 brillant

265 3093 143 38 succès
432 3092 109 53 qu'il
562 3092 145 41 obtint
724 3097 22 35 à
764 3093 40 40 la
835 3107 106 27 cour
962 3095 58 39 du
1042 3093 64 41 roi
1131 3093 132 41 Louis
1285 3094 120 41 XIV.

1424 3185 61 40 H.
1523 3184 228 41 LAVOIX
1780 3184 84 41 fils.

320 3379 146 41 Avant
487 3380 50 40 de
559 3388 154 32 mettre
733 3379 40 41 la
795 3380 289 53 composition
1120 3380 52 40 de
1207 3379 252 43 Whesthoff
1484 3394 100 28 sous
1626 3380 58 42 les
1704 3393 114 40 yeux
1854 3380 51 40 de
1929 3393 76 27 nos
