2486 4140
1085 444 192 41 VARIA

1974 453 73 40 191

941 636 498 56 NOUVELLES

540 804 86 24 ARIS
702 812 8 5 -
739 791 144 50 Opéra.
1002 792 54 35 M.
1094 791 213 36 Halanzier
1341 803 21 23 a
1395 803 144 25 encore
1580 792 148 48 engagé
1769 791 48 36 de
1852 788 206 37 nouvelles

543 853 236 36 chanteuses
805 863 7 24 :
846 851 302 37 mademoiselle
1184 850 149 48 Girius,
1366 851 68 47 qui
1463 851 191 36 débutera
1686 851 96 35 dans
1805 849 38 36 la
1870 848 117 38 Juive
1991 876 9 19 ,
2023 855 36 28 et

544 912 301 38 mademoiselle
866 912 113 37 Alice
1002 912 220 45 Hustache,
1244 911 82 36 fille
1349 910 53 36 du
1420 910 92 36 chef
1529 910 68 36 des
1624 910 161 36 chœurs
1813 910 47 35 de
1882 908 177 47 l'Opéra,

543 976 71 47 qui
644 987 21 24 a
686 974 111 48 signé
819 985 104 36 pour
949 973 99 36 trois
1070 985 84 26 ans.
1180 970 305 38 Mademoiselle
1515 970 166 45 Dérivis,
1720 981 78 25 une
1829 969 230 36 charmante

325 1035 217 38 chanteuse
571 1034 371 50 d'opéra-comique
969 1046 78 35 que
1065 1045 102 24 nous
1189 1044 123 24 avons
1333 1030 200 37 entendue
1562 1042 49 24 en
1634 1030 113 36 Italie
1769 1030 96 35 dans
1887 1028 173 38 l'Ombre

324 1103 39 28 et
383 1096 98 37 dans
501 1098 36 35 le
555 1096 174 37 Barbier
735 1126 7 17 ,
764 1096 189 35 débutera
990 1093 334 48 prochainement
1362 1092 98 35 dans
1487 1091 143 45 Faust;
1663 1088 300 38 mademoiselle
1987 1090 48 35 Fe-

324 1156 109 36 rucci
473 1157 189 37 chantera
692 1157 36 35 la
755 1155 212 37 Valentine
996 1154 69 36 des
1083 1154 257 48 Huguenots.
1364 1152 101 35 Vers
1496 1151 37 36 la
1554 1150 56 36 fin
1632 1151 47 36 de
1704 1150 239 48 septembre,
1967 1161 68 24 ren-

324 1216 83 36 trée
433 1217 47 36 de
508 1218 140 40 Faure,
672 1218 98 35 dans
790 1216 90 36 Don
904 1215 106 36 Juan
1039 1226 54 23 ou
1120 1213 37 36 la
1180 1213 135 49 Coupe
1334 1212 50 36 du
1402 1211 62 37 roi
1486 1211 47 37 de
1562 1211 143 37 Thulé.

372 1307 378 54 Opéra-Comique.
866 1306 66 36 Un
950 1303 289 38 chef-d'œuvre
1257 1302 47 36 de
1324 1302 156 47 Grétry,
1514 1299 179 37 Richard
1717 1299 334 45 Cœur-de-Lion,

325 1385 87 24 sera
451 1369 107 38 aussi
596 1371 79 33 très
720 1366 334 49 prochainement
1094 1363 126 36 rendu
1249 1375 49 22 au
1346 1361 220 48 répertoire
1609 1360 49 36 de
1694 1359 37 36 la
1768 1359 96 36 salle
1900 1360 156 35 Favart.

325 1429 302 45 Melchissédec,
658 1428 190 36 chantera
866 1426 36 36 le
920 1425 84 37 rôle
1026 1425 46 35 de
1096 1422 186 48 Blondel,
1307 1430 38 28 et
1367 1421 213 37 Duchesne
1602 1420 103 36 celui
1728 1420 48 36 de
1800 1419 186 37 Richard.

445 1535 75 35 Les
548 1531 239 49 répétitions
804 1531 47 33 de
873 1528 178 37 Joconde
1073 1534 93 28 sont
1187 1526 161 36 menées
1366 1537 94 25 avec
1478 1525 36 36 la
1538 1524 90 49 plus
1649 1524 145 47 grande
1809 1521 174 38 activité.
2006 1522 53 35 Le

323 1597 90 37 rôle
435 1596 47 35 de
501 1593 182 37 Joconde
706 1600 59 27 est
787 1590 129 37 confié
932 1592 20 33 à
977 1588 159 47 Bouhy,
1160 1587 103 36 celui
1286 1587 47 36 de
1353 1588 213 35 Jeannette
1587 1589 22 32 à
1632 1582 298 38 mademoiselle
1954 1582 107 36 Cha~

326 1669 95 37 puy.
445 1658 54 33 La
517 1653 151 48 reprise
689 1652 54 34 du
765 1649 290 37 chef-d'œuvre
1078 1650 47 35 de
1150 1647 145 37 Nicolo
1318 1660 96 23 aura
1434 1646 81 37 lieu
1534 1646 67 36 dès
1618 1656 76 37 que
1714 1645 36 35 la
1769 1643 181 38 canicule
1965 1653 73 26 vou-

324 1719 70 35 dra
416 1717 92 35 bien
531 1713 35 36 le
588 1719 235 41 permettre.

378 1808 130 36 Gaîté.
621 1801 320 49 L'organisation
981 1801 68 35 des
1084 1799 340 49 représentations
1452 1797 209 35 musicales
1691 1807 40 24 se
1755 1794 187 49 poursuit
1974 1805 88 24 sans

324 1865 156 40 relâche
501 1869 21 33 à
542 1877 43 25 ce
605 1862 167 38 théâtre.

377 1926 116 37 Voici
513 1931 207 30 comment
743 1923 55 36 M.
824 1919 222 37 Offenbach
1066 1931 21 23 a
1110 1918 185 48 organisé
1314 1916 237 37 l'orchestre
1575 1926 6 25 ;

379 1986 108 48 Chef
501 1984 251 43 d'orchestre,
779 1981 54 35 M.
858 1979 142 36 Albert
1022 1977 228 44 Vizentmi;

377 2045 231 38 Deuxième
627 2043 95 36 chef
735 2039 256 45 d'orchestre,
1015 2039 55 35 M.
1094 2037 133 37 Godin
1242 2048 8 36 ;

377 2106 108 47 Chef
496 2105 66 35 des
583 2104 155 36 chœurs
745 2130 8 17 ,
778 2102 55 36 M.
859 2101 45 35 G.
931 2098 214 37 Bourdeau
1162 2108 9 37 ;

373 2167 77 35 Les
470 2163 192 38 choristes
684 2169 137 29 seront
842 2172 50 24 au
912 2159 171 37 nombre
1099 2159 47 35 de
1169 2157 68 48 73;

374 2226 249 37 L'orchestre
627 2255 8 14 ;
656 2222 189 48 composé
867 2221 48 35 de
937 2219 43 36 55
1006 2217 233 47 musiciens,
1268 2228 96 23 aura
1385 2227 102 36 pour
1507 2215 180 36 solistes:
1708 2216 101 34 MM.
1836 2215 222 35 Miramont

331 2286 142 46 (flûte),
498 2284 135 37 Boulu
655 2280 233 48 (hautbois),
913 2281 120 35 Parés
1049 2276 256 47 (clarinette),
1328 2275 176 37 Lalande
1526 2276 192 47 (basson),
1732 2274 195 47 Garrigue
1948 2276 113 43 (cor),

334 2346 115 36 Bello
472 2345 184 47 (piston),
687 2344 134 45 Roger
852 2340 260 44 (trombone),
1150 2337 151 34 Weber
1333 2333 246 50 (timbalier),
1616 2333 144 37 Billoir
1791 2342 38 27 et
1867 2333 196 35 Frémaux

331 2403 307 52 (violoncelles),
663 2401 163 37 Gianini
848 2408 39 29 et
906 2401 120 35 Jouet
1044 2397 199 46 (violons).

454 2497 53 35 Le
546 2507 42 35 17
613 2498 330 32 commenceront
962 2489 57 37 les
1044 2488 236 49 répétitions
1302 2486 48 36 de
1377 2486 152 37 Jeanne
1548 2485 122 35 d'Arc
1675 2514 8 17 ,
1706 2484 124 47 grand
1858 2483 135 36 drame
2014 2493 49 25 en

328 2570 101 31 vers,
449 2559 53 34 où
521 2556 204 35 l'élément
747 2552 166 37 musical
932 2561 150 37 occupe
1103 2560 79 25 une
1206 2548 105 47 large
1331 2547 123 47 place.

378 2615 306 39 Mademoiselle
722 2613 74 37 Lia
832 2612 111 36 Félix
974 2612 134 34 créera
1129 2610 35 35 le
1194 2608 84 37 rôle
1310 2608 47 35 de
1374 2608 153 35 Jeanne
1548 2605 130 46 d'Arc,
1705 2612 38 28 et
1765 2602 297 37 mademoiselle

329 2676 269 50 Teyssandier
620 2673 103 38 celui
744 2674 173 46 d'Agnès
941 2669 129 38 Sorel.
1090 2671 59 34 Le
1170 2678 246 39 personnage
1429 2666 47 36 de
1498 2664 327 50 LoysdeContis
1846 2675 95 24 aura
1963 2674 100 37 pour

327 2739 219 47 interprète
567 2733 301 39 mademoiselle
893 2733 168 44 Brunet,
1086 2731 47 35 de
1155 2727 399 48 POpéra-Comique.

380 2799 57 35 Le
460 2798 85 35 rôle
573 2797 47 34 de
645 2794 145 37 Lahire
817 2800 60 29 est
904 2791 145 36 dévolu
1070 2793 20 33 à
1117 2790 57 35 M.
1199 2789 188 35 Clément
1413 2788 112 45 Just;
1552 2787 54 35 M.
1640 2785 195 36 Desrieux
1856 2784 184 48 représen-

329 2866 83 27 tera
433 2857 35 35 le
487 2856 174 37 vicomte
681 2854 48 36 de
748 2853 202 44 Thouars,
977 2849 126 38 favori
1123 2849 47 36 de
1193 2848 169 36 Charles
1381 2847 91 35 VII.
1498 2846 54 35 M.
1580 2846 136 35 Stuart
1729 2843 187 48 remplira
1927 2844 36 34 le
1981 2842 82 35 rôle

330 2918 53 35 du
404 2918 75 35 roi.

379 2978 53 35 La
463 2975 191 49 partition
678 2973 47 36 de
760 2973 188 46 Gounod,
986 2970 70 49 qui
1087 2977 59 29 est
1167 2968 268 37 entièrement
1462 2965 210 47 terminée,
1699 2975 40 25 se
1774 2973 190 37 compose
1995 2961 68 35 des

330 3038 144 48 quinze
496 3046 217 26 morceaux
736 3033 178 37 suivants
933 3044 8 23 :

383 3128 30 23 1.
440 3113 284 38 Introduction
743 3111 264 45 d'orchestre;
1089 3122 34 23 2.
1149 3109 154 35 Chœur
1321 3107 48 35 de
1387 3117 169 37 paysans
1572 3114 8 38 ;
1663 3103 35 36 3.
1714 3103 124 35 Scène
1858 3101 69 36 des
1948 3100 114 46 voix;

402 3187 36 34 4.
464 3176 206 34 Romance
689 3173 47 34 de
760 3171 167 36 Charles
949 3169 232 45 d'Orléans;
1274 3167 33 37 5.
1336 3167 133 35 Chant
1497 3163 214 48 religieux;
1797 3162 37 37 6.
1866 3161 168 36 Menuet
2052 3172 8 36 ;

393 3249 38 35 7.
456 3234 155 37 Chœur
632 3234 69 35 des
721 3231 251 46 Chevaliers;
1065 3229 36 35 8.
1120 3227 155 36 Chœur
1298 3235 38 27 et
1359 3226 125 36 ronde
1505 3224 69 36 des
1597 3224 150 35 soldats
1770 3230 38 27 et
1835 3222 68 35 des
1929 3221 113 36 ribau-

330 3296 90 46 des;
444 3307 98 34 —9.
568 3292 136 36 Prière
720 3293 12 43 (
745 3289 98 38 Veni
865 3287 209 48 Creator),
1170 3297 56 26 10.
1260 3284 153 36 Chœur
1434 3285 46 34 de
1510 3282 167 36 femmes
1707 3280 203 48 dialogué;
2006 3292 56 23 11.

332 3361 165 37 Marche
519 3368 38 28 et
576 3360 142 36 chœur
746 3358 54 35 du
819 3367 108 26 sacre
939 3371 8 31 ;
1041 3365 58 26 12.
1124 3353 154 36 Chœur
1308 3351 47 36 de
1384 3351 150 36 soldats
1557 3356 38 29 et
1615 3349 81 35 duo
1722 3348 68 37 des
1813 3347 147 37 saintes
1979 3357 9 37 ;

338 3422 18 39 i
356 3422 38 39 3.
416 3421 163 38 Marche
602 3420 193 45 funèbre;
892 3429 55 33 14.
969 3417 124 35 Scène
1115 3414 53 36 du
1188 3412 169 38 bûcher.
