2486 4140
510 436 77 40 162

947 437 77 39 LA
1055 436 385 49 CHRONIQUE
1473 436 316 41 MUSICALE

505 580 181 41 Molière
719 590 41 31 et
781 581 230 50 Quinault.
1041 582 60 39 La
1125 580 202 55 musique
1347 589 41 33 et
1414 582 58 40 les
1501 583 167 53 paroles
1690 581 50 41 de
1760 581 40 41 la
1820 581 179 54 plainte
2034 583 212 40 italienne

502 654 161 40 étaient
682 654 52 39 de
758 654 138 40 Lulli.

555 726 72 39 On
649 727 69 38 n'a
733 739 73 41 pas
826 726 52 40 de
899 726 367 55 renseignements
1280 736 139 34 exacts
1434 743 75 26 sur
1524 728 59 41 les
1604 736 143 33 autres
1759 742 212 40 ouvrages
1985 728 76 55 qui
2085 738 159 45 purent

499 794 86 38 être
606 791 118 53 joués
745 794 167 40 ensuite
933 794 108 40 dans
1061 802 108 33 cette
1190 795 116 40 salle.
1325 795 99 41 Une
1446 796 123 41 lettre
1589 797 50 39 de
1659 796 140 41 l'abbé
1823 797 152 40 Dubos
2013 810 111 27 nous
2159 811 55 39 ap-

497 865 136 54 prend
654 879 83 40 que
758 866 116 41 J.-B.
901 867 198 54 Moreau,
1122 869 108 40 dont
1251 869 200 41 madame
1473 869 51 40 de
1545 869 261 41 Maintenon
1828 870 140 41 s'était
1980 870 138 40 servie
2134 884 110 40 pour

494 946 157 32 mettre
666 952 53 27 en
741 940 204 54 musique
965 942 164 41 Esther
1150 950 71 37 et..
1221 942 179 42 Athalie
1406 975 9 21 ,
1449 943 117 42 avait
1582 944 166 40 obtenu
1775 944 58 40 du
1865 944 65 40 roi
1957 944 38 39 le
2032 943 212 54 privilège

492 1010 51 40 de
562 1011 102 40 faire
686 1022 266 43 représenter
975 1029 63 26 ses
1061 1016 139 54 pièces
1230 1021 23 35 à
1281 1016 137 42 Paris.
1451 1033 18 21 «
1506 1017 60 39 Le
1598 1017 98 53 Roy
1730 1018 140 39 même
1897 1016 65 41 lui
1984 1017 180 39 accorde
2202 1018 40 38 la

492 1084 101 41 salle
617 1086 72 40 des
711 1087 223 41 Machines
955 1089 73 40 des
1054 1089 268 41 Thuilleries
1343 1099 40 32 et
1405 1093 41 37 la
1479 1090 262 55 permission
1771 1091 52 39 de
1858 1104 42 26 se
1932 1089 135 41 servir
2098 1090 50 39 de
2178 1103 64 26 ses

491 1157 238 42 musiciens
748 1159 108 42 dans
886 1175 62 26 ses
988 1163 384 53 représentations,
1417 1176 46 27 ce
1502 1163 112 54 qu'il
1654 1163 118 41 avoit
1812 1162 198 54 toujours
2049 1162 139 40 refusé
2218 1166 24 36 à

492 1230 120 40 Lulli
637 1230 80 53 (1).
741 1247 22 23 »
791 1233 124 41 Nous
934 1248 53 26 ne
1011 1249 154 26 savons
1190 1237 34 40 si
1247 1250 46 27 ce
1327 1236 138 55 projet
1494 1251 24 25 a
1551 1238 65 39 été
1651 1236 164 41 réalisé.
1850 1235 177 55 D'après
2061 1235 178 47 Parfait,

489 1302 41 41 la
548 1303 104 40 salle
673 1303 66 40 fut
761 1305 286 42 abandonnée
1066 1307 200 54 jusqu'en
1292 1309 129 53 1716,
1447 1309 167 53 époque
1641 1314 24 36 à
1686 1309 187 53 laquelle
1907 1322 59 27 on
1996 1322 28 36 y
2060 1309 179 39 exécuta

487 1375 73 40 des
579 1375 150 41 ballets
751 1390 113 40 pour
877 1378 306 43 l'amusemeut
1206 1381 52 40 de
1282 1381 136 41 Louis
1433 1382 80 41 XV
1534 1382 150 41 enfant
1706 1382 81 52 (2).

543 1448 68 40 En
640 1449 128 54 1738,
790 1450 288 55 Servandoni,
1101 1452 216 42 chevalier
1339 1455 53 39 de
1412 1454 157 40 Tordre
1597 1455 61 40 du
1685 1454 167 53 Christ,
1884 1453 169 55 peintre
2088 1464 41 31 et
2171 1469 44 26 ar-

488 1521 183 40 chitecte
692 1524 52 39 de
766 1523 52 40 Sa
835 1523 179 53 Majesté
1035 1533 41 31 et
1101 1525 52 41 de
1179 1540 78 26 son
1278 1527 234 40 Académie
1534 1528 162 52 royale,
1728 1527 146 40 obtint
1908 1526 42 41 la
1967 1527 261 53 permission

485 1592 51 41 de
558 1593 168 41 donner
744 1596 72 39 des
837 1597 242 53 spectacles
1099 1611 51 27 en
1171 1599 285 41 décorations
1475 1601 108 38 dans
1605 1600 41 39 la
1669 1599 103 41 salle
1790 1599 73 40 des
1886 1598 233 42 Tuileries.
2151 1599 81 41 Ces

489 1667 368 52 représentations
878 1669 175 41 avaient
1075 1670 88 40 lieu
1185 1672 59 39 les
1256 1672 101 40 fêtes
1373 1680 41 32 et
1434 1672 252 40 dimanches
1701 1681 41 31 et
1766 1672 193 53 pendant
1990 1672 40 40 la
2062 1672 166 40 clôture

487 1736 72 42 des
576 1738 200 42 théâtres.
805 1740 214 42 C'étaient
1057 1743 73 40 des
1167 1744 292 53 pantomimes
1494 1745 338 54 accompagnées
1860 1743 50 40 de
1946 1744 205 53 musique
2193 1753 41 32 et

482 1809 109 42 dont
603 1811 52 40 de
673 1814 158 51 grands
851 1815 119 40 effets
990 1815 52 40 de
1063 1815 142 41 décors
1244 1825 41 32 et
1308 1817 49 40 de
1376 1817 222 40 machines
1619 1816 315 41 constituaient
1948 1817 39 39 le
2014 1817 218 53 principal

483 1883 165 42 attrait.

530 1976 124 41 Voici
678 1991 85 27 une
784 1980 138 52 partie
943 1980 58 41 du
1026 1982 232 54 répertoire
1278 1984 51 39 de
1350 1981 283 43 Servandoni.

537 2116 122 49 1738.
693 2116 366 53 Représentation
1080 2120 54 41 de
1157 2120 176 55 l'église
1353 2122 53 40 de
1428 2122 320 40 Saint-Pierre
1769 2123 55 40 de
1851 2125 151 52 Rome,

539 2185 125 53 1739.
698 2188 66 40 La
785 2188 116 43 boîte
921 2192 54 39 de
992 2193 224 40 Pandore.

538 2271 126 41 1740.
698 2261 66 39 La
787 2262 203 43 descente
1009 2265 169 42 d'Enée
1198 2281 95 26 aux
1315 2267 164 54 enfers.

533 2344 128 41 1741.
694 2334 85 40 Les
795 2340 193 37 travaux
1013 2338 236 54 d'Ulysse.

533 2417 125 41 1742.
692 2406 208 44 Léandre
922 2417 43 33 et
983 2411 146 42 Héro.

536 2482 123 53 1754,.
692 2483 66 39 La
777 2483 143 41 Forêt
941 2485 236 40 enchantée
1198 2485 124 54 (sujet
1343 2486 82 40 tiré
1445 2487 51 40 de
1515 2487 41 41 la
1578 2488 250 41 Jérusalem
1852 2490 194 40 délivrée
2050 2491 34 53 ),
2117 2505 69 27 mu-

469 2553 126 55 sique
615 2556 51 39 de
687 2554 271 44 Geminiani.

525 2630 128 52 1755.
687 2631 62 39 Le
779 2631 233 54 Triomphe
1033 2631 54 41 de
1104 2632 188 41 Vamour
1324 2634 228 54 conjugal.

534 2701 129 53 iys6.
695 2703 65 39 La
781 2703 226 53 Conquête
1028 2704 54 39 de
1111 2704 529 44 Thamas-Kouli-Khan.

531 2775 123 52 1757.
688 2775 65 38 La
774 2775 250 41 Constance
1049 2779 249 39 couronnée
1304 2810 9 19 ,
1339 2779 205 54 musique
1567 2780 52 40 de
1639 2780 116 40 Sodi.

522 2914 60 41 Ce
604 2914 234 55 répertoire
861 2925 63 31 est
945 2916 82 40 fort
1057 2931 83 40 peu
1163 2932 162 27 connu.
1352 2919 63 41 M.
1433 2919 51 41 de
1504 2920 205 42 Soleinne
1736 2924 215 53 possédait
1978 2925 211 54 quelques-

465 3000 85 27 uns
567 2987 71 40 des
661 3001 296 41 programmes
978 2989 50 40 de
1051 2989 270 42 Servandoni
1347 2991 78 56 (3).

520 3060 80 40 Ces
621 3061 365 54 représentations
1019 3062 173 42 avaient
1214 3065 113 39 cessé
1346 3073 40 33 et
1406 3065 41 40 la
1470 3066 101 41 salle
1598 3067 73 40 des
1703 3068 229 41 Machines
1960 3071 104 40 était
2093 3072 99 39 inoc-

463 3134 151 52 cupée,
637 3135 149 53 quand
809 3135 38 40 le
868 3135 166 41 théâtre
1056 3137 50 40 de
1127 3136 193 55 l'Opéra,
1346 3139 111 41 situé
1478 3154 56 26 au
1560 3140 334 55 Palais-Royal,
1918 3144 66 41 fut
2018 3144 199 41 incendié

509 3315 50 41 (1)
583 3314 223 35 L'Amateur
824 3318 296 45 d'autographes,
1140 3331 24 32 4
1169 3330 12 15 E
1200 3322 125 41 année,
1350 3334 33 33 p,
1407 3323 59 45 76.

509 3377 46 37 (2)
580 3376 170 43 PARFAIT,
772 3378 171 35 Histoire
964 3381 47 32 du
1033 3381 157 34 Théâtre
1202 3382 185 46 françois,
1406 3391 23 26 t.
1452 3386 61 41 XI,
1537 3397 33 32 p.
1600 3384 78 37 126.

508 3433 50 45 (3)
582 3436 204 45 Catalogue
802 3440 182 44 Soleinne,
1008 3448 25 26 t.
1051 3443 57 41 111,
1125 3454 35 30 p.
1181 3444 82 40 243.
