3144 4402
189 142 33 46 6

191 2057 48 45 A
270 2053 343 47 THEATRE
643 2053 97 44 AT
770 2052 324 45 MANTUA.

194 2114 487 47 EIGHTEENTH
733 2112 366 44 CENTURY.

192 2179 199 52 Compare
422 2175 76 43 this
529 2175 78 43 and
631 2173 66 44 the
719 2173 92 54 plan
842 2173 44 43 of
918 2173 66 43 the
1006 2173 62 43 Au-

191 2238 183 43 ditorium
406 2234 41 44 of
480 2233 201 43 Moli&re's
710 2233 190 43 Theatre.

254 2297 32 43 It
317 2298 30 41 is
379 2295 175 43 needless
591 2306 41 31 to
670 2293 89 44 take
801 2311 54 36 up
896 2310 118 37 space
1057 2303 41 32 to

192 2359 111 42 write
333 2356 121 44 about
488 2354 107 43 these
627 2353 123 55 plans,
789 2353 71 43 but
896 2352 99 43 both
1032 2370 64 25 are

190 2417 132 44 worth
354 2413 145 46 careful
531 2415 275 42 examination.

253 2478 116 43 From
412 2476 93 42 time
547 2485 41 32 to
629 2476 93 40 time
762 2491 64 26 we
862 2472 95 43 shall
997 2474 101 53 print

190 2537 111 55 plans
341 2535 43 44 of
419 2535 220 54 interesting
681 2533 204 49 Theatres,
928 2533 168 42 without

190 2608 211 33 comment.

193 2700 547 47 COMPLICATED
798 2698 299 44 RUSSIA.

191 2787 139 102 The
362 2783 109 45 Path
504 2784 53 51 of
582 2782 63 43 the
693 2781 177 44 Modern
913 2780 183 44 Russian

281 2846 126 53 Stage
437 2844 55 54 by
525 2843 69 43 Mr
616 2841 232 45 Alexander
870 2840 172 55 Bakshy,
1066 2843 31 41 is

190 2926 24 25 a
245 2905 108 45 book
383 2904 133 43 which
537 2904 70 42 has
629 2902 117 54 lately
778 2919 114 26 come
924 2912 68 32 out
1015 2902 80 55 (1),

187 2967 174 44 wherein
398 2964 65 44 the
494 2964 140 42 author
666 2962 127 43 thinks
831 2961 98 43 with
969 2973 106 31 extra-

187 3027 182 54 ordinary
400 3035 238 32 earnestness
669 3022 81 44 and
783 3022 97 43 does
903 3022 59 43 his
983 3020 111 45 work

186 3087 97 44 with
315 3083 269 46 considerable
615 3100 103 27 care.

278 3147 15 43 I
325 3145 79 45 will
437 3156 68 32 not
536 3142 165 57 pretend
739 3142 84 43 that
852 3142 119 43 when
989 3140 15 44 I
1035 3141 42 44 al-

186 3207 92 44 lude
308 3218 42 32 to
396 3206 67 43 the
509 3215 237 33 earnestness
792 3210 13 36 I
852 3201 243 45 undervalue

186 3268 84 43 that
302 3265 176 56 quality;
522 3265 70 43 but
638 3265 28 42 it
713 3265 31 42 is
789 3261 171 44 inclined
1001 3280 95 36 very

186 3328 111 44 often
327 3338 42 32 to
401 3326 51 43 be
483 3344 51 24 an
565 3342 142 36 enemy
738 3335 41 31 to
811 3321 205 56 simplicity
1052 3321 44 44 of

187 3387 179 54 thought,
398 3386 80 43 and
508 3387 41 41 in
579 3385 246 53 considering
856 3400 78 37 any
964 3382 128 50 work,

186 3448 36 56 (I
254 3448 204 43 substitute
489 3445 84 44 that
604 3444 112 44 word
755 3443 59 43 for
860 3443 90 57 art),
1004 3444 67 41 sim-

190 3509 135 55 plicity
355 3507 44 44 of
430 3505 165 54 thought
626 3506 31 42 is
689 3504 66 44 the
786 3514 98 33 most
931 3502 161 44 difficult

185 3569 108 54 thing
339 3579 41 32 to
428 3567 109 54 bring
584 3577 41 32 to
677 3566 42 49 it,
773 3563 70 44 but
896 3563 67 44 the
1014 3563 80 43 first

184 3628 195 45 essential.

274 3688 93 44 The
426 3685 148 46 second
635 3684 189 50 essential,
886 3683 208 56 especially

183 3749 120 44 when
334 3747 243 54 considering
626 3746 165 43 modern
836 3746 258 53 experiments

184 3811 40 42 in
256 3810 67 43 the
353 3808 162 48 theatre,
549 3808 30 42 is
612 3806 82 43 that
726 3806 69 43 the
825 3807 132 42 writer
994 3804 98 44 shall

183 3869 104 45 have
318 3886 44 27 as
390 3868 104 54 large
544 3885 25 25 a
619 3865 185 57 practical
856 3865 235 54 knowledge

183 3930 43 44 of
256 3930 67 43 the
370 3928 149 44 theatre
563 3946 41 25 as
635 3925 183 57 possible.
886 3926 16 25 n
927 3925 14 43 I
989 3926 102 42 have

191 4072 86 44 The
328 4071 111 44 Path
492 4070 52 51 of
589 4069 64 43 the
686 4067 174 44 Modern
908 4067 181 44 Russian

183 4133 141 53 Stage,
350 4132 54 52 by
435 4130 238 44 Alexander
703 4128 189 52 Bakshy.
960 4127 134 57 (Cecil

184 4193 166 44 Palmer
381 4191 45 45 &
456 4190 222 54 Hayward
678 4189 32 58 ).
747 4189 92 54 7/6
872 4195 78 37 net.
978 4207 10 6 -

1138 1430 120 27 never
1312 1409 163 45 worked
1520 1411 42 41 in
1607 1408 67 43 the
1719 1407 149 42 theatre
1898 1406 16 25 11
1962 1423 86 37 says

1142 1473 69 44 Mr
1248 1472 158 53 Bakshy
1453 1481 40 31 to
1539 1469 116 53 begin
1702 1467 96 44 with
1815 1484 10 31 ;
1879 1476 67 44 yet
1997 1465 51 42 he

1141 1533 172 44 believes
1345 1531 83 43 that
1461 1530 65 43 the
1571 1529 109 42 ideas
1726 1527 52 43 he
1823 1538 75 31 sets
1943 1524 105 44 forth

1141 1595 130 42 throw
1303 1609 90 25 new
1423 1590 96 54 light
1565 1607 52 25 on
1664 1587 94 45 vital
1804 1597 152 44 aspects
2002 1585 44 43 of

1143 1654 67 43 the
1241 1653 163 43 theatre.

1232 1712 77 44 His
1339 1709 170 57 apology
1539 1710 32 42 is
1601 1708 83 44 that
1715 1707 50 43 he
1795 1707 70 43 has
1887 1704 159 57 applied

1141 1785 42 32 to
1215 1773 66 43 the
1312 1770 179 57 problem
1521 1769 43 44 of
1595 1769 66 42 the
1682 1768 148 43 theatre
1852 1766 67 43 the
1941 1766 83 53 prin-

1139 1833 119 56 ciples
1289 1832 84 43 that
1403 1831 51 43 he
1486 1830 69 43 has
1597 1828 151 44 formed
1794 1828 40 42 in
1865 1825 181 55 studying

1140 1905 58 31 art
1228 1895 40 41 in
1319 1889 165 58 general,
1536 1889 93 48 and,
1681 1888 97 43 with
1829 1905 23 24 a
1903 1885 141 53 feeling

1143 1954 83 43 that
1258 1964 65 44 yet
1355 1968 108 26 more
1493 1959 237 34 earnestness
1769 1950 31 40 is
1847 1962 200 38 necessary

1148 2025 38 31 at
1219 2013 74 43 this
1339 2013 122 54 point,
1507 2009 51 43 he
1604 2008 101 44 adds
1754 2007 84 44 that
1891 2008 16 24 n
1939 2007 109 42 these

1150 2072 205 56 principles
1385 2082 75 32 rest
1493 2087 107 37 upon
1630 2070 144 41 certain
1805 2066 220 56 philosophi-

1148 2133 61 43 cal
1240 2133 254 54 conceptions
1515 2131 15 25 n
1537 2165 11 19 ,
1584 2129 79 42 and
1695 2129 98 42 after
1839 2128 82 42 that
1968 2138 80 42 gets

1147 2211 42 25 as
1220 2192 200 43 elaborate
1449 2209 42 25 as
1522 2209 23 23 a
1579 2190 166 42 Russian
1775 2187 176 54 drawing
1965 2201 10 26 i
2009 2189 38 40 in

1148 2252 91 48 fact,
1272 2251 139 44 avoids
1440 2250 108 43 what
1579 2252 28 40 it
1646 2249 137 42 almost
1828 2265 123 24 seems
1997 2247 50 42 he

1146 2312 119 44 could
1312 2311 86 43 face
1442 2309 247 54 successfully
1734 2309 30 41 if
1816 2308 51 42 he
1913 2306 135 44 would

1147 2373 70 43 but
1247 2372 183 43 embrace
1461 2371 66 42 the
1548 2382 96 31 state
1661 2369 42 42 of
1725 2368 107 43 mind
1854 2380 40 31 to
1917 2366 131 43 which

1146 2432 14 44 I
1194 2431 161 45 alluded
1386 2432 147 43 above.

1235 2492 79 44 But
1375 2491 108 44 there
1545 2508 65 25 are
1663 2507 117 36 many
1830 2488 219 52 interesting

1145 2552 191 56 chapters,
1368 2563 69 31 not
1469 2552 65 42 the
1566 2550 94 44 least
1691 2550 42 42 of
1755 2549 106 43 them
1882 2547 83 43 that
1997 2565 52 25 on

1145 2613 66 43 the
1263 2613 188 45 Moscow
1496 2613 80 42 Art
1616 2610 191 52 Theatre,
1859 2608 189 47 wherein,

1145 2690 141 37 among
1322 2672 112 44 other
1470 2672 110 48 facts,
1617 2670 51 44 he
1700 2670 148 47 relates,
1881 2668 107 43 what
2019 2669 30 40 is

1145 2731 186 56 certainly
1380 2750 92 27 new
1523 2743 41 33 to
1625 2749 57 30 us,
1737 2730 142 44 ....that
1931 2729 118 42 when

1145 2793 69 43 Mr
1244 2792 293 56 Stanislawsky,
1587 2793 125 52 ...(or,
1747 2802 40 31 to
1834 2791 87 52 give
1969 2789 80 43 him

1143 2853 59 44 his
1222 2871 115 25 name
1368 2871 42 25 as
1448 2855 41 42 in
1536 2852 73 44 this
1654 2850 120 49 book,
1817 2850 232 42 Constantin

1145 2913 263 55 Sergeyevich
1440 2913 242 55 Alexeyev),
1716 2912 125 42 threw
1872 2910 58 42 his
1966 2908 83 44 soul

1143 2975 82 42 into
1261 2973 67 44 the
1363 2975 172 42 creation
1570 2973 44 42 of
1644 2972 66 43 the
1748 2971 186 43 Moscow
1969 2970 80 42 Art

1144 3034 189 50 Theatre,
1359 3034 52 43 he
1433 3035 77 43 first
1526 3032 191 45 collected
1748 3050 24 24 a
1803 3030 109 44 small
1942 3031 86 53 capi-

1144 3093 53 44 tal
1233 3093 101 44 from
1366 3113 24 24 a
1421 3095 80 43 few
1551 3105 170 44 patrons,
1769 3090 280 54 ....something

1143 3172 95 26 over
1338 3155 118 44 2500
1457 3154 195 44 oo.00.
1675 3154 40 42 in
1747 3151 62 50 all,
1832 3169 52 25 on
1915 3150 133 44 which

1142 3225 42 33 to
1216 3214 130 55 begin.

1235 3275 122 50 Now,
1404 3293 64 26 we
1528 3274 82 44 had
1657 3273 146 55 always
1848 3270 198 56 supposed

1141 3335 84 43 that
1258 3336 69 43 Mr
1357 3335 278 55 Stanislawsky
1667 3333 80 44 had
1780 3344 68 44 put
1880 3332 58 43 his
1970 3332 58 43 for-

1141 3408 107 37 tune,
1281 3396 133 43 which
1446 3414 83 25 was
1560 3414 24 24 a
1630 3392 273 46 considerable
1950 3410 92 35 one,

1140 3456 176 55 together
1345 3456 97 44 with
1473 3457 58 43 his
1562 3454 131 49 belief,
1724 3457 83 40 into
1839 3453 67 42 the
1936 3452 89 43 thea-

1140 3528 71 37 tre,
1244 3518 79 43 and
1358 3517 88 43 that
1478 3517 50 42 he
1559 3516 81 43 had
1671 3532 71 26 run
1778 3516 29 42 it
1858 3525 41 31 to
1931 3512 116 55 begin

1139 3577 98 43 with
1268 3577 56 43 off
1355 3577 59 44 his
1446 3595 92 25 own
1569 3577 83 43 bat.

1230 3638 95 43 One
1346 3638 136 44 would
1515 3648 69 32 not
1614 3653 80 39 pay
1717 3634 117 44 much
1856 3636 192 41 attention

1139 3709 42 32 to
1214 3697 74 45 this
1309 3700 111 53 point
1442 3698 80 43 had
1553 3709 70 31 not
1646 3697 69 43 Mr
1738 3695 159 54 Bakshy
1918 3695 130 52 begun

1139 3758 56 55 by
1245 3761 133 52 saying
1430 3759 16 25 n
1470 3758 108 44 there
1628 3774 105 26 were
1781 3754 266 45 innumerable

1139 3819 217 43 difficulties
1386 3831 42 31 to
1463 3836 210 26 overcome
1696 3816 15 25 n
1717 3851 10 15 ,
1764 3816 81 44 and
1893 3815 70 44 did
1995 3815 51 43 he

1139 3890 67 32 not
1239 3897 48 36 go
1333 3898 53 25 on
1417 3891 42 32 to
1505 3897 69 37 say
1621 3878 82 43 that
1750 3894 143 36 among
1940 3875 105 43 them

1138 3958 83 26 was
1253 3940 65 44 the
1350 3940 179 55 problem
1578 3939 43 43 of
1667 3937 148 54 finding
1861 3937 68 43 the
1975 3953 46 26 ne-

1138 4018 151 37 cessary
1320 4000 158 55 capital.

1230 4061 76 43 But
1338 4060 134 44 where
1503 4078 82 26 was
1616 4059 67 44 the
1714 4057 187 55 difficulty
1917 4073 44 26 or
1978 4055 66 44 the

1137 4122 177 56 problem
1345 4132 41 33 to
1418 4140 23 24 a
1472 4139 94 36 very
1595 4119 172 55 wealthy
1799 4135 90 26 man
1906 4122 20 38 ?

1228 4182 34 45 If
1291 4200 78 37 any
1390 4200 77 26 one
1497 4181 44 44 of
1562 4199 43 25 us
1625 4180 81 45 had
1806 4177 165 50 30,000
2002 4194 44 26 or

1155 229 64 64 A
1288 227 274 66 WORD
1640 227 175 64 FOR
1893 224 182 66 THE
2149 222 438 66 WORKERS
2658 221 82 65 IN
2817 220 183 66 THE

1150 319 219 64 NEW
1442 315 561 67 MOVEMENT
2074 315 88 64 IN
2234 314 198 65 THE
2501 310 495 67 THEATRE.

1204 497 243 86 W/E
1494 491 145 66 have
1682 507 96 46 not
1839 515 130 38 won
2028 513 186 38 0ur....
2277 485 216 74 battles,
2545 512 92 39 we
2696 484 145 65 have
2901 501 96 45 not

1241 568 133 85 VV
1411 581 210 63 carried
1675 606 98 38 our
1827 581 144 61 main
2021 581 197 78 points,
2270 604 90 38 we
2412 577 142 63 have
2609 591 95 48 not
2756 572 239 84 stopped

1145 698 100 38 our
1291 668 353 66 adversaries*
1694 668 266 71 advance,
2011 694 90 37 we
2155 666 144 63 have
2352 682 96 47 not
2502 662 263 66 marched
2820 666 144 61 victo-

1143 761 200 81 riously
1388 760 136 65 with
1569 760 95 62 the
1710 758 228 64 modern
1984 756 178 66 world
2197 784 13 44 ;
2261 756 98 63 but
2406 783 90 38 we
2549 755 145 63 have
2747 752 117 65 told
2919 756 47 60 si-

1143 850 167 82 lently
1355 877 149 54 upon
1550 849 92 62 the
1689 847 150 65 mind
1885 846 60 64 of
1990 846 93 64 the
2130 863 245 64 country,
2412 872 90 39 we
2533 844 143 64 have
2722 841 273 84 prepared

1143 958 242 48 currents
1439 939 57 63 of
1550 938 197 81 feeling
1799 936 188 66 which
2040 963 100 53 sap
2195 962 99 37 our
2347 932 355 68 adversaries'
2759 935 237 79 position

1143 1033 167 65 when
1355 1034 41 61 it
1442 1056 172 38 seems
1661 1028 216 82 gained,
1914 1054 90 37 we
2035 1026 142 65 have
2215 1025 132 83 kept
2393 1053 75 53 up
2515 1051 99 38 our
2661 1051 131 38 own
2840 1049 114 37 com-

1143 1122 356 63 munications
1547 1119 136 65 with
1729 1118 94 63 the
1871 1118 177 62 future

1947 1202 198 44 Matthew
2180 1200 174 51 Arnold,
2392 1200 16 26 n
2434 1200 163 44 Culture
2629 1198 90 43 and
2747 1197 199 53 Anarehy
2964 1197 16 26 n
2985 1231 10 10 .

2175 1404 163 49 50,000
2389 1420 43 26 or
2582 1400 186 49 100,000
2815 1400 55 42 do
2917 1416 80 38 you

2095 1463 109 44 think
2255 1465 67 42 the
2372 1461 180 57 problem
2603 1460 43 43 of
2696 1461 163 53 running
2916 1459 84 42 The

2094 1524 131 50 Masfe
2255 1522 135 44 would
2429 1523 50 43 be
2526 1540 24 24 a
2592 1520 160 42 difficult
2799 1538 77 24 one
2898 1524 19 38 ?
2965 1519 31 42 It

2092 1585 135 43 would
2260 1584 52 42 be
2343 1582 139 44 child's
2514 1581 106 54 play.
2684 1581 46 42 A
2763 1597 94 37 very
2886 1578 89 43 well-

2091 1644 195 43 informed
2324 1642 197 56 publisher
2564 1640 84 44 told
2696 1658 44 25 us
2785 1640 40 42 in
2884 1639 110 43 1907

2091 1705 84 42 that
2206 1706 27 41 it
2277 1703 136 44 would
2467 1701 90 44 take
2608 1702 108 52 quite
2839 1699 158 48 10,000

2089 1763 134 56 yearly
2253 1774 42 33 to
2325 1780 71 26 run
2434 1762 86 42 The
2567 1760 145 51 Mask,
2763 1759 80 43 and
2874 1769 66 44 yet
2971 1760 28 42 it

2090 1824 71 43 has
2190 1824 105 43 been
2325 1821 204 57 produced
2561 1820 78 43 and
2670 1837 72 26 run
2792 1819 61 43 for
2904 1835 97 27 over

2089 1902 118 26 seven
2237 1901 112 37 years
2380 1882 96 44 with
2507 1900 52 24 no
2592 1898 106 25 more
2730 1879 143 55 capital
2905 1879 95 43 than

2092 1962 109 26 some
2232 1943 150 56 ghostly
2413 1942 80 43 few
2523 1940 154 56 pounds
2695 1957 10 32 ;
2736 1941 80 42 and
2862 1938 30 43 if
2921 1955 80 39 you

2092 2023 69 37 say
2191 2006 27 42 it
2251 2006 31 41 is
2313 2021 93 37 very
2437 2001 94 44 little
2563 2002 15 42 I
2602 2011 97 32 must
2730 1999 150 43 remind
2921 2016 80 38 you

2094 2065 96 49 that,
2222 2063 149 54 though
2404 2063 73 43 this
2507 2064 30 41 is
2569 2074 94 35 true,
2696 2062 28 40 it
2755 2061 31 41 is
2827 2077 42 25 as
2915 2071 84 31 true

2094 2126 82 42 that
2207 2127 27 40 it
2267 2124 69 42 has
2366 2123 105 43 done
2502 2125 47 40 its
2579 2121 111 43 share
2739 2121 41 41 in
2810 2119 190 54 changing

2094 2185 66 43 the
2191 2185 194 42 Theatres
2416 2183 42 42 of
2489 2194 82 31 two
2602 2181 246 42 Continents.

2183 2243 218 45 Therefore
2432 2254 42 31 to
2505 2241 111 43 those
2646 2239 94 43 who
2782 2239 103 42 have
2916 2238 87 43 had

2095 2310 241 46 experience,
2377 2302 136 45 ...and
2543 2301 94 55 they
2668 2317 65 26 are
2775 2299 84 43 best
2911 2298 90 44 able

2095 2376 41 31 to
2167 2364 128 55 judge,
2355 2365 28 41 it
2415 2380 123 25 seems
2569 2379 42 25 as
2633 2359 148 54 though
2803 2359 67 43 the
2892 2358 105 55 good

2095 2425 184 43 Russians
2309 2441 104 26 were
2446 2422 153 54 making
2630 2419 228 44 difficulties.
2922 2419 79 43 But

2095 2486 92 43 here
2218 2503 77 25 one
2326 2502 73 24 can
2430 2500 66 26 see
2541 2480 218 53 something
2790 2496 107 26 more
2928 2496 46 25 cu-

2094 2548 117 41 rious.
2275 2544 119 54 They
2425 2561 65 24 are
2536 2542 103 54 good
2690 2540 209 43 Russians:
2947 2539 52 43 let

2095 2608 27 40 it
2154 2625 48 35 go
2234 2616 40 32 at
2305 2604 84 42 that
2408 2622 10 25 :
2466 2603 68 42 but
2566 2613 41 31 to
2639 2601 50 42 be
2721 2618 24 24 a
2775 2600 167 42 Russian
2958 2610 41 31 at

2096 2666 50 43 all
2176 2668 30 41 is
2238 2677 40 31 to
2300 2665 50 43 be
2383 2683 23 24 a
2437 2680 94 37 very
2563 2660 260 55 complicated
2875 2659 121 54 thing.

2098 2726 32 44 If
2161 2726 108 43 there
2300 2743 64 25 are
2397 2735 64 31 ten
2493 2721 216 44 difficulties
2762 2719 14 44 I
2829 2737 168 36 suppose

2096 2787 94 54 they
2222 2797 99 32 must
2342 2783 113 44 make
2488 2794 64 31 ten
2583 2798 120 31 more,
2726 2792 69 31 not
2826 2791 41 32 to
2887 2780 113 43 show

2096 2847 168 43 heroism
2295 2848 40 40 in
2367 2844 248 51 overcoming
2646 2841 107 43 them
2771 2858 10 32 ;
2824 2839 13 43 I
2887 2839 81 44 don
2985 2851 13 32 t

2097 2925 114 25 mean
2242 2907 81 42 that
2343 2923 10 31 ;
2385 2905 70 42 but
2488 2914 41 31 to
2559 2902 104 43 have
2709 2900 216 54 something
2956 2911 41 32 to

2095 2967 194 54 untangle,
2323 2964 217 53 something
2571 2973 42 32 to
2644 2960 80 44 talk
2770 2977 95 26 over
2898 2961 15 24 11
2937 2959 61 44 for

2095 3027 179 55 eighteen
2305 3027 118 42 hours
2462 3041 54 26 on
2562 3021 79 44 end
2709 3020 132 43 which
2872 3022 30 41 is
2933 3020 67 44 the

2095 3099 111 32 exact
2238 3086 131 55 length
2411 3084 42 44 of
2486 3086 104 45 time,
2624 3081 69 43 Mr
2725 3080 161 55 Bakshy
2917 3081 84 42 tells

2094 3166 56 32 us,
2182 3159 111 43 spent
2344 3162 96 27 over
2490 3144 66 43 the
2608 3143 76 42 first
2730 3142 270 42 conversation

2093 3209 132 44 which
2246 3206 96 45 took
2357 3206 112 55 place
2489 3205 183 42 between
2688 3201 66 44 the
2770 3212 81 33 two
2867 3201 136 44 would

2093 3270 51 43 be
2161 3271 185 42 directors
2361 3269 39 40 in
2433 3284 23 23 a
2478 3265 166 43 Russian
2663 3273 227 32 restaurant.

2185 3330 43 42 In
2251 3329 65 43 the
2348 3326 93 55 light
2463 3343 94 26 now
2578 3324 116 53 being
2716 3322 154 43 thrown
2891 3339 109 38 upon

2095 3390 165 44 Russian
2300 3388 159 43 Politics
2490 3385 73 44 this
2593 3386 30 40 is
2656 3394 68 32 not
2754 3382 167 43 without
2942 3384 40 41 in-

2094 3462 128 32 terest.
2286 3450 102 43 And
2421 3449 27 41 it
2481 3448 31 42 is
2543 3446 168 42 because
2743 3442 42 43 of
2817 3442 73 43 this
2911 3441 88 44 lack

2095 3511 42 43 of
2166 3510 205 55 simplicity
2403 3507 42 44 of
2476 3507 121 47 mind,
2631 3516 68 31 not
2730 3502 94 55 only
2854 3504 40 41 in
2931 3503 68 42 Mr

2095 3572 160 54 Bakshy
2300 3570 71 43 but
2416 3570 39 40 in
2488 3566 111 44 those
2630 3565 122 42 about
2783 3563 135 43 whom
2949 3563 52 42 he

2093 3634 141 47 writes,
2269 3631 80 43 that
2382 3629 93 54 they
2519 3626 80 44 will
2650 3635 81 38 not,
2782 3634 218 35 ....cannot

2093 3695 30 41 is
2154 3704 68 32 out
2254 3691 42 43 of
2328 3690 66 43 the
2425 3689 246 54 question....
2697 3702 66 26 see
2794 3684 66 44 the
2892 3683 107 43 hand

2093 3751 269 45 beforetheir
2394 3750 100 43 face.

2183 3812 209 54 Anything
2424 3809 59 43 for
2514 3826 23 25 a
2568 3807 273 43 conversation
2862 3804 137 54 lasting

2093 3874 179 53 eighteen
2289 3873 137 46 hours;
2462 3903 62 10 ....
2529 3867 201 53 anything
2731 3900 9 9 .
2805 3865 28 49 I,
2852 3864 147 54 though

2094 3934 14 43 I
2142 3935 51 42 be
2224 3952 24 25 a
2279 3932 239 46 millionaire,
2551 3927 96 45 shall
2688 3925 66 43 tell
2801 3924 137 56 myself
2983 3924 14 43 I

2091 3994 104 44 have
2227 4012 52 25 no
2311 4009 144 38 money
2476 4010 9 25 :
2521 3989 82 43 that
2635 3986 80 45 will
2748 4004 115 25 mean
2910 3986 72 41 visi-

2091 4057 78 53 ting
2201 4052 147 46 several
2386 4050 144 57 people
2577 4048 79 44 and
2704 4047 210 52 discussing
2960 4057 39 31 at

2089 4115 146 55 length,
2267 4115 179 53 hooray!
2511 4110 174 43 Because
2716 4125 64 26 we
2831 4124 64 25 are
2933 4105 69 44 full

2089 4176 43 43 of
2162 4176 167 52 dreams,
2364 4191 64 26 we
2458 4170 157 57 people,
2647 4168 79 46 and
2766 4169 122 49 ideas,
2921 4167 80 45 and
