2616 3334
550 386 211 37 allerkräftigsten
780 388 108 27 sozialen
906 389 106 27 Einfluß
1033 391 128 26 erwiesen.
1193 391 72 27 Seine
1284 390 129 37 Billigkeit

550 426 91 26 sichert
655 427 53 25 ihm
723 427 132 27 denselben
868 430 105 26 Einflufs
989 430 49 27 auf
1046 432 64 25 Arm
1124 430 53 27 und
1192 431 87 26 Reich.
1305 431 49 25 Die
1367 432 47 24 Art

549 465 42 26 des
611 468 127 25 Konsums
763 468 26 26 in
810 468 164 28 Gesellschaft
998 469 82 27 außer
1101 471 57 25 dem
1177 472 86 24 Hause
1284 470 129 26 bestimmt

549 505 42 26 das
613 504 145 29 öffentliche
779 507 81 28 Leben
879 510 151 26 Münchens.
1062 510 60 26 Und
1147 511 47 25 mit
1215 510 58 25 dem
1294 509 55 26 Bier
1369 509 44 26 hat

548 546 53 25 sich
615 546 65 26 diese
695 548 140 26 Münchner
850 549 163 26 Lebensform
1028 550 73 25 selbst
1116 550 76 25 dahin
1207 549 144 36 verpflanzt,
1366 558 46 17 wo

548 586 174 36 ursprünglich
733 588 89 26 andere
829 590 198 35 Einrichtungen
1038 599 30 16 zu
1077 591 85 24 Hause
1172 598 95 18 waren.
1287 590 30 24 In
1325 588 71 26 Nord-

547 624 162 29 deutschland
728 628 53 26 hält
799 629 54 26 sich
870 639 49 16 nur
936 630 68 25 noch
1023 629 26 25 in
1070 629 46 25 den
1133 628 184 26 Hansastädten
1331 628 40 25 die
1386 628 26 25 in

547 664 46 26 den
608 667 205 27 wohlhabenden
829 668 132 27 Schichten
976 668 174 37 ursprünglich
1166 667 48 27 auf
1225 667 41 26 das
1282 669 72 24 Haus
1368 677 29 25 ge-

546 704 79 28 stellte
644 707 71 26 Form
737 707 42 26 der
798 707 165 37 Geselligkeit
985 717 81 27 gegen
1088 707 49 27 den
1158 706 113 27 Verkehr
1288 707 36 25 im
1343 706 55 26 Bier-

544 745 86 35 palast.
662 747 58 25 Und
735 747 34 25 als
785 747 114 25 Element
917 742 111 30 sozialen
1042 746 148 37 Ausgleichs
1205 745 79 27 wirkt
1298 745 43 27 das
1357 746 54 26 Bier

543 783 73 28 selbst
636 786 25 25 in
675 786 95 34 Berlin,
790 796 75 16 wenn
881 787 65 25 auch
964 786 71 25 nicht
1053 787 47 24 mit
1115 786 127 25 derselben
1255 785 90 26 Macht
1359 785 52 26 wie

546 824 25 26 in
582 826 138 25 München.
748 826 105 25 Freilich
868 825 60 26 darf
939 825 39 26 bei
992 826 78 25 dieser
1080 825 163 36 Feststellung
1256 825 70 25 nicht
1338 824 58 26 über-

541 863 74 27 sehen
630 866 110 30 werden,
759 865 63 30 daß,
842 875 53 16 was
914 866 36 24 im
964 865 108 26 Norden
1087 864 110 26 vielfach
1216 862 49 28 auf
1279 864 56 26 eine
1348 866 47 23 Ver-

542 902 170 39 kümmerung
736 905 42 26 des
803 905 95 25 Lebens
923 904 168 30 hinausläuft,
1116 905 36 25 im
1177 905 83 25 Süden
1285 903 124 26 durchaus

541 944 124 26 natürlich
680 944 53 26 und
747 944 152 35 notwendig
913 944 130 26 erscheint.

598 1100 48 26 Die
657 1100 80 36 Pflege
750 1100 42 26 der
802 1102 91 27 Kunst,
908 1100 70 26 nicht
994 1099 33 26 als
1043 1099 243 30 Privatliebhaberei,
1300 1100 108 25 sondern

540 1138 34 27 als
596 1140 55 25 eine
672 1138 149 28 öffentliche
842 1139 201 36 Angelegenheit
1066 1138 44 27 hat
1132 1138 60 26 kein
1213 1138 101 27 anderes
1336 1149 58 16 euro-

539 1179 110 36 päisches
661 1178 199 27 Herrscherhaus
874 1179 27 25 in
916 1188 100 16 unsenn
1029 1177 168 35 Jahrhundert
1208 1178 25 26 in
1244 1188 28 16 so
1284 1185 109 19 ununter-

541 1218 138 26 brochener
696 1218 147 31 Tradition,
863 1218 46 25 mit
928 1227 27 16 so
975 1217 91 37 kluger
1083 1218 53 25 und
1156 1218 155 35 energischer
1330 1217 78 26 Hand

539 1258 52 25 und
606 1258 46 25 mit
666 1258 113 26 solchem
793 1257 104 36 Erfolge
911 1257 86 36 geübt,
1011 1258 52 25 wie
1077 1256 44 26 das
1144 1256 42 26 der
1200 1256 207 26 Wittclsbacher.

539 1299 80 23 Unter
633 1298 173 34 ungünstigen
817 1298 184 34 Bedingungen
1020 1295 80 27 haben
1119 1297 34 24 sie
1168 1297 42 24 das
1226 1296 54 26 edle
1292 1297 56 25 Reis
1364 1306 29 26 ge-

539 1337 91 35 pflanzt
645 1337 51 25 und
711 1336 116 36 gepflegt,
840 1337 36 25 bis
887 1346 24 15 es
922 1336 106 26 Wurzel
1038 1336 149 35 geschlagen
1199 1336 52 25 hat.
1275 1337 76 25 Zwar
1365 1336 42 25 der

538 1376 191 37 ursprüngliche
747 1376 74 25 Trieb
840 1376 43 25 der
905 1375 101 36 grofsen
1024 1374 260 27 Monumentalkunst
1303 1376 31 25 ist
1353 1385 41 16 ver-

537 1415 79 31 dorrt,
632 1415 58 26 aber
704 1415 39 26 die
751 1415 107 26 Wurzel
872 1415 44 26 hat
930 1415 64 26 nach
1011 1414 64 26 allen
1089 1415 163 35 Richtungen
1263 1414 143 36 Wildlinge

537 1454 163 37 ausgesandt,
723 1454 39 26 die
781 1454 75 27 heute
875 1464 30 16 zu
925 1454 81 26 einem
1026 1454 111 36 üppigen
1155 1454 69 26 Hain
1244 1454 162 26 verwachsen

537 1495 69 24 sind:
622 1494 40 25 die
674 1492 161 33 Landschaft,
848 1493 43 26 das
903 1496 91 27 Genre,
1006 1493 54 26 eine
1075 1503 63 26 ganz
1152 1493 151 36 eigenartige
1315 1493 75 26 Archi-

537 1534 84 25 tektur
635 1533 54 26 und
703 1534 40 25 die
754 1533 120 25 moderne
886 1532 136 26 Karikatur
1032 1531 100 37 grofsen
1144 1532 65 30 Stils,
1225 1532 40 26 die
1279 1534 27 24 in
1320 1531 86 27 keiner

536 1574 94 25 andern
646 1573 136 25 deutschen
794 1573 69 25 Stadt
878 1573 44 24 hat
936 1572 122 36 gedeihen
1071 1571 107 31 wollen,
1193 1572 51 25 und
1258 1571 39 26 die
1309 1573 80 24 unmit-

536 1613 78 26 telbar
630 1623 43 15 aus
689 1613 42 25 der
742 1612 241 34 Kartonzeichnung
1002 1611 145 25 erwachsen
1166 1610 44 31 ist,
1232 1611 26 24 in
1272 1612 132 25 München

536 1652 52 26 wie
607 1652 26 26 in
653 1652 122 30 London,
797 1661 44 16 wo
860 1652 40 24 die
915 1646 141 30 Vollbilder
1077 1649 43 25 des
1135 1650 87 25 Punch
1243 1650 74 26 heute
1336 1651 67 25 noch

698 1690 97 27 heißen
815 1691 52 26 und
883 1691 79 25 damit
983 1688 49 27 auf
1046 1689 71 25 ihren
1138 1687 86 27 fernen
1238 1691 149 25 Zusammen-

536 1731 68 36 hang
618 1731 47 26 mit
679 1730 45 26 der
737 1729 91 27 Schule
843 1730 42 26 der
899 1729 138 27 deutschen
1051 1729 140 25 Nazarener
1206 1729 149 27 hinweisen.

596 1769 73 27 Auch
696 1770 43 26 der
763 1770 145 26 Münchner
932 1768 189 30 Kunsthandel,
1146 1768 43 26 der
1210 1769 72 26 einen
1303 1768 101 37 grofsen

535 1809 54 26 Teil
601 1810 41 24 des
655 1809 181 36 europäischen
847 1808 98 26 Markts
958 1808 149 31 beherrscht,
1123 1808 60 36 geht
1194 1807 49 27 auf
1250 1807 153 37 Maßregeln

536 1849 42 26 der
592 1849 101 35 Könige
712 1848 101 26 zurück.
849 1849 84 24 Schon
953 1849 69 35 1845
1044 1847 79 26 besafs
1138 1848 131 25 München
1289 1848 42 25 das
1347 1857 38 16 um-

536 1887 144 37 fangreiche
705 1887 365 36 Kunstausstellungsgebäude
1098 1897 40 16 am
1162 1887 163 36 Königsplatz
1350 1887 53 25 und

536 1928 79 26 schon
635 1928 73 36 1854
729 1928 87 25 erhielt
837 1937 24 16 es
882 1928 48 25 den
950 1927 149 36 Glaspalast.
1133 1927 44 26 Als
1197 1928 47 24 mit
1263 1926 41 26 der
1324 1934 78 18 ersten

536 1967 229 35 Weltausstellung
779 1977 52 16 von
849 1976 9 17 I
867 1967 13 26 8
889 1976 11 24 5
910 1976 8 16 1
937 1966 40 26 die
991 1968 64 24 Aera
1074 1966 42 26 des
1134 1967 137 25 modernen
1292 1966 97 26 Ausstel-

536 2006 171 37 lungswesens
722 2005 107 28 eröffnet
844 2016 63 21 war,
925 2005 92 27 befand
1036 2005 52 26 sich
1104 2006 93 26 mithin
1211 2005 131 26 München
1357 2015 46 16 vor

536 2045 64 27 allen
621 2046 137 26 deutschen
773 2044 175 28 Großstädten
968 2046 26 25 in
1012 2045 43 26 der
1071 2044 161 37 glücklichen
1247 2048 74 32 Lage,
1342 2044 61 26 über

536 2085 72 26 einen
619 2085 131 36 ständigen
762 2084 255 37 Ausstellungspalast
1028 2094 30 16 zu
1069 2083 129 37 verfügen.
1219 2084 117 26 Ueberall
1348 2083 54 27 sind

536 2124 26 25 in
577 2125 57 25 dem
648 2126 89 24 seither
752 2125 164 26 verflossenen
930 2124 91 26 halben
1031 2124 167 34 Jahrhundert
1209 2124 138 25 Millionen
1362 2123 41 26 für

536 2164 190 26 monumentale
740 2164 178 26 Bretterbuden
933 2164 133 35 vergeudet
1081 2163 115 27 worden.
1218 2163 83 26 Berlin
1314 2162 89 26 erhielt

537 2201 48 26 den
605 2203 342 36 Landesausstellungspalast
968 2213 42 15 am
1031 2204 101 25 Lehrter
1152 2201 124 27 Bahnhof
1295 2209 47 19 erst
1367 2202 36 25 im

537 2243 70 30 Jahre
626 2243 71 26 1886
717 2243 64 26 nach
799 2243 42 25 der
860 2242 162 26 furchtbaren
1039 2243 176 35 Katastrophe,
1234 2242 40 25 die
1292 2242 27 25 in
1336 2242 67 25 einer

539 2281 179 26 Viertelstunde
734 2281 39 27 die
784 2281 270 37 Hygieneausstellung
1068 2281 48 26 mit
1129 2281 80 26 ihrem
1223 2287 127 30 gesamten
1360 2282 29 24 In-

538 2319 53 25 halt
606 2320 59 25 eben
680 2331 45 15 vor
740 2321 41 26 der
791 2320 141 37 Eröffnung
943 2321 178 35 verschlungen
1135 2320 75 27 hatte.
1237 2320 110 27 Dresden
1359 2320 43 26 hat

539 2358 40 24 ein
593 2359 121 36 ständiges
730 2360 286 37 Ausstellungsgebäude
1034 2367 47 19 erst
1099 2361 46 25 seit
1164 2360 92 26 diesem
1270 2361 70 33 Jahre
1359 2369 44 17 zur

539 2396 156 38 Verfügung.
723 2399 144 37 Hamburg,
888 2400 42 26 das
945 2400 72 26 einen
1028 2399 140 37 Glaspalast
1182 2400 100 36 nötiger
1297 2398 106 27 braucht

541 2434 33 26 als
589 2436 46 25 alle
649 2438 91 25 andern
755 2439 84 25 Städte
858 2449 81 16 ausser
958 2440 132 25 München
1105 2439 52 25 und
1171 2439 90 31 Berlin,
1281 2439 32 26 ist
1326 2439 77 25 heute

540 2475 66 24 noch
621 2475 69 26 nicht
704 2478 91 24 soweit
809 2479 50 25 wie
873 2479 130 26 München
1018 2489 45 16 vor
1077 2477 100 37 fünfzig
1190 2479 97 33 Jahren.

599 2513 74 26 Ohne
685 2514 47 26 den
740 2515 140 37 Glaspalast
891 2518 57 26 aber
956 2519 68 25 hätte
1036 2518 52 26 sich
1099 2519 71 25 nicht
1182 2528 46 15 nur
1238 2519 43 25 das
1289 2517 99 27 Ausstel-

541 2550 155 36 lungswesen
710 2553 69 27 nicht
794 2555 121 27 entfalten
929 2557 113 31 können,
1061 2558 57 25 dem
1132 2557 132 26 München
1278 2558 66 25 seine
1359 2557 29 25 be-

540 2590 161 26 herrschende
720 2592 112 37 Stellung
852 2595 47 25 auf
914 2596 57 26 dem
988 2596 179 27 Kunstmarkte
1187 2596 130 30 verdankt,
1337 2596 65 26 auch

540 2628 40 24 die
594 2630 81 24 Kunst
690 2630 67 25 hätte
772 2635 176 33 ungünstigere
962 2635 179 36 Bedingungen
1157 2635 134 36 gefunden.
1328 2638 73 24 Denn

540 2675 43 16 zur
593 2668 54 24 Zeit
662 2668 42 25 der
718 2668 138 39 Eröffnung
875 2672 41 26 des
931 2674 163 36 Glaspalastes
1113 2685 55 16 war
1185 2675 40 26 die
1238 2675 103 37 Epoche
1358 2674 43 27 der

540 2707 279 27 Monumentalmalerei
847 2710 156 35 abgelaufen.
1045 2714 80 26 Nicht
1157 2714 72 26 mehr
1256 2713 77 28 boten
1360 2714 41 26 die

1494 389 101 36 großen
1610 389 123 36 Aufträge
1749 389 42 27 der
1811 390 100 36 Könige
1932 389 47 26 den
1999 390 153 26 zahlreichen
2168 392 121 24 Meistern
2308 388 52 28 und

1494 429 70 26 ihren
1579 427 127 28 Gehülfen
1726 429 39 26 die
1779 429 86 26 Mittel
1884 439 43 16 zur
1944 430 121 26 Existenz.
2101 433 40 23 An
2157 431 51 25 ihre
2224 430 73 25 Stelle
2313 434 47 21 trat

1493 469 43 25 das
1551 467 171 27 Staffcleibild.
1745 470 61 24 Wie
1821 469 67 25 hätte
1904 469 52 25 sich
1971 468 40 26 die
2022 470 171 34 Pilotyschule
2205 468 155 27 entwickeln

1493 508 104 26 können
1612 509 67 25 ohne
1695 508 46 26 den
1755 508 248 35 Ausstellungsraum
2017 508 42 26 des
2081 509 180 36 Glaspalastes?

1552 548 59 25 Und
1626 549 51 25 wie
1692 548 40 26 die
1746 548 291 29 Monumentalmalerei,
2056 548 40 25 die
2110 559 32 15 an
2157 549 47 25 den
2220 547 141 36 Aufträgen

1493 587 42 26 der
1546 587 160 34 bayerischen
1717 588 100 35 Könige
1829 587 69 36 groß
1909 587 139 36 geworden
2059 597 62 20 war,
2133 588 80 25 durch
2225 588 134 26 Cornelius

1492 626 53 26 und
1558 626 131 27 Kaulbach
1700 627 64 25 nach
1774 626 81 27 Berlin
1866 626 134 37 verpflanzt
2009 626 97 30 wurde,
2118 637 28 16 so
2158 626 155 27 beherrschte
2320 626 40 26 die

1492 666 36 25 im
1539 665 139 37 Glaspalast
1693 666 118 26 erstarkte
1822 666 91 26 Schule
1925 665 101 35 Piloty's
2041 666 40 25 ein
2092 666 201 26 Menschenalter
2303 666 42 26 hin-

1491 705 79 26 durch
1579 715 61 26 ganz
1648 705 169 26 Deutschland
1827 704 35 27 bis
1871 705 26 26 in
1905 705 40 26 die
1952 704 243 37 kunstgewerbliche
2202 705 157 26 Produktion

1491 745 96 30 hinein,
1602 744 52 26 und
1670 745 80 25 durch
1764 744 103 26 Makart
1882 745 63 25 auch
1960 745 79 25 Wien
2054 744 53 26 und
2123 745 164 26 Oesterreich.

1551 785 50 24 Seit
1615 785 67 24 dann
1695 784 40 25 die
1747 785 166 35 Einrichtung
1927 784 132 35 jährlicher
2074 784 207 26 internationaler
2291 786 51 24 Aus-

1490 823 142 36 stellungen
1646 824 131 25 München
1796 823 78 26 neben
1889 824 65 25 Paris
1972 833 59 16 zum
2049 823 172 36 Hauptmarkt
2239 822 43 27 für
2301 833 38 16 mo-

1491 863 74 25 derne
1586 864 81 24 Kunst
1688 863 108 29 machte,
1814 864 44 26 hat
1878 864 65 25 auch
1965 863 43 25 der
2026 862 144 35 bayerische
2189 865 69 24 Staat
2278 862 79 27 durch

1490 902 134 26 reichliche
1646 902 172 36 Bewilligung
1842 912 50 16 von
1914 902 103 26 Mitteln
2042 912 59 16 zum
2122 902 109 27 Ankauf
2251 902 42 26 für
2318 902 39 26 die

1490 941 258 36 Staatssammlungen
1756 941 134 30 bewiesen,
1899 941 55 27 dafs
1963 952 24 15 er
1995 941 48 26 den
2054 941 303 27 volkswirtschaftlichen

1489 983 76 24 Wert
1584 981 42 26 der
1640 983 81 24 Kunst
1740 981 53 26 und
1811 981 41 26 des
1867 980 187 27 Kunsthandels
2075 991 29 16 zu
2122 981 135 36 würdigen
2272 980 82 27 weifs.

1490 1020 67 26 Aber
1573 1020 48 26 mit
1639 1021 56 25 ihm
1714 1019 136 27 wetteifert
1871 1021 89 25 immer
1981 1021 67 25 noch
2067 1020 43 26 der
2124 1022 69 24 Fürst
2213 1021 34 25 als
2265 1022 91 25 Mäcen

1490 1060 53 25 und
1559 1059 34 26 als
1608 1058 103 27 Käufer.

1549 1100 51 24 Mit
1623 1099 57 26 dem
1702 1099 208 26 Vorhandensein
1935 1100 130 34 günstiger
2089 1099 189 36 Ausstellungs-
2302 1097 54 27 und

1489 1136 288 28 Verkaufsverhältnisse
1792 1139 79 35 hängt
1886 1139 40 25 die
1941 1139 166 25 erstaunliche
2119 1134 183 40 Entwicklung
2313 1138 44 26 der

1489 1178 143 25 Münchner
1646 1177 202 26 Künstlerschaft
1867 1178 35 26 als
1921 1178 77 26 Stand
2021 1177 55 26 aufs
2091 1180 90 33 Engste
2203 1187 152 16 zusammen.

1488 1218 29 25 In
1530 1217 87 26 keiner
1631 1217 94 26 andern
1739 1217 138 26 deutschen
1892 1217 79 30 Stadt,
1992 1220 22 32 ja
2033 1217 126 26 vielleicht
2175 1217 139 37 überhaupt
2328 1217 28 25 in

1488 1256 85 26 keiner
1587 1256 137 27 modernen
1743 1256 79 31 Stadt,
1844 1257 66 26 Paris
1932 1257 71 26 nicht
2021 1267 207 25 ausgenommen,
2249 1257 44 26 hat
2313 1256 43 26 der

1488 1295 190 27 Künstlerstand
1703 1296 26 26 in
1755 1305 99 17 unsenn
1876 1296 168 33 Jahrhundert
2072 1296 67 25 seine
2163 1297 134 25 Interessen
2326 1305 28 16 so

1488 1336 128 35 energisch
1628 1345 43 16 zur
1682 1335 111 36 Geltung
1805 1335 118 36 gebracht
1934 1335 52 26 und
1998 1336 55 25 eine
2064 1345 28 16 so
2103 1335 166 26 herrschende
2280 1334 74 27 Rolle

1487 1374 103 36 gespielt
1607 1375 50 25 wie
1678 1375 27 25 in
1723 1376 138 24 München.
1898 1377 50 23 Der
1963 1374 184 31 Schriftsteller,
2169 1374 43 25 der
2230 1374 123 30 Musiker,

1487 1414 42 25 der
1543 1415 117 24 Forscher
1681 1421 78 18 treten
1780 1414 79 25 neben
1881 1415 54 25 ihm
1954 1424 32 15 an
2004 1413 107 26 Einflufs
2131 1414 50 25 und
2197 1414 156 36 Popularität

1487 1454 61 25 weit
1562 1453 102 26 zurück.

1546 1494 50 24 Der
1611 1492 118 26 Künstler
1744 1492 76 26 allein
1834 1502 55 16 war
1904 1493 35 24 im
1954 1492 100 30 Stande,
2070 1492 39 26 die
2120 1494 83 24 Gunst
2218 1493 42 26 der
2274 1492 78 26 durch

1486 1532 41 26 die
1548 1533 102 25 Fürsten
1670 1530 175 36 geschaffenen
1866 1533 66 33 Lage
1959 1537 175 20 auszunutzen.
2170 1532 182 26 Prachtbauten

1486 1581 43 16 aus
1545 1570 81 27 vielen
1639 1570 208 34 Jahrhunderten,
1862 1570 145 30 unerhörte,
2022 1570 46 26 seit
2080 1570 200 34 Jahrhunderten
2297 1569 42 28 auf-

1485 1609 120 37 gehäufte
1619 1610 181 25 Kunstschätze
1818 1610 26 25 in
1864 1609 156 26 fürstlichem
2035 1611 85 28 Besitz,
2139 1610 39 26 ein
2197 1610 140 27 anheimeln-

1485 1645 42 30 des
1535 1648 82 27 Leben
1628 1655 87 20 stauen
1723 1648 47 27 den
1778 1648 208 30 Fremdenstrom,
1995 1648 42 26 der
2044 1648 89 27 andere
2145 1649 91 26 ebenso
2247 1650 103 36 günstig

1485 1689 118 36 gelegene
1623 1687 203 27 Verkehrsstädte
1847 1688 52 26 wie
1917 1686 133 28 Frankfurt
2071 1689 166 35 ungehemmt
2258 1689 79 26 durch-

1485 1728 88 30 fließt;
1592 1730 78 28 Fürst,
1685 1728 70 25 Stadt
1769 1727 53 26 und
1837 1729 67 24 Staat
1918 1737 90 27 sorgen
2023 1728 124 36 einmütig
2162 1727 41 27 für
2217 1729 40 25 die
2272 1736 64 19 mate-

1485 1768 87 25 riellen
1593 1767 163 35 Grundlagen
1778 1767 43 26 der
1844 1769 87 24 Kunst.
1966 1768 51 25 Mit
2038 1768 50 25 wie
2113 1768 81 26 vielen
2215 1769 136 35 günstigen

1485 1806 122 27 Faktoren
1627 1807 27 25 in
1673 1806 131 27 München
1826 1808 132 34 gerechnet
1976 1807 103 26 werden
2098 1806 66 33 darf,
2184 1807 104 27 beweist
2308 1808 43 25 das

1485 1853 71 19 unter
1575 1847 153 35 energischer
1746 1847 52 25 und
1817 1847 227 35 sachverständiger
2064 1847 106 35 Leitung
2193 1857 27 15 so
2245 1847 105 26 überaus

1485 1885 130 37 glücklich
1634 1885 141 27 verlaufene
1793 1886 158 37 Experiment
1973 1885 42 27 der
2037 1886 133 26 Sezession.
2206 1888 56 24 Wo
2281 1888 69 24 wäre

1485 1926 94 25 solches
1603 1926 27 25 in
1651 1926 172 25 Deutschland
1846 1925 140 26 außerhalb
2008 1926 141 25 Münchens
2170 1925 115 37 möglich
2307 1935 30 26 ge-

1483 1968 97 23 wesen?

1542 2084 74 26 Auch
1627 2083 27 26 in
1662 2083 131 27 München
1804 2083 57 27 aber
1875 2083 44 26 hat
1934 2083 42 26 der
1987 2083 130 37 Stadtplan
2129 2083 40 26 die
2182 2082 170 37 eingreifende

1483 2123 77 26 Hand
1575 2123 41 26 des
1632 2125 101 24 Fürsten
1748 2130 47 19 erst
1809 2126 54 33 spät
1878 2121 122 28 erfahren.
2029 2125 64 24 Was
2107 2122 41 27 die
2162 2122 190 27 Hohenzollern

1483 2162 35 26 als
1533 2162 115 26 absolute
1664 2163 134 25 Herrscher
1813 2163 34 25 im
1866 2172 174 26 vergangenen
2053 2162 168 34 Jahrhundert
2236 2160 100 28 bewerk-

1483 2201 134 36 stelligten,
1637 2202 40 25 die
1693 2201 96 36 Anlage
1809 2200 195 37 großräumiger
2021 2211 77 16 neuer
2117 2201 171 31 Stadtviertel,
2308 2201 43 25 das

1483 2241 83 25 haben
1573 2241 40 25 die
1621 2241 198 26 Witteisbacher
1830 2242 27 24 in
1865 2251 99 15 unsenn
1972 2241 167 33 Jahrhundert
2147 2248 203 18 unternommen.

1483 2282 50 24 Seit
1544 2281 111 35 Lugwig
1665 2282 19 25 I.
1698 2281 31 25 ist
1743 2290 24 16 es
1782 2281 54 25 eine
1847 2280 133 26 Tradition
1996 2280 42 26 der
2049 2280 160 35 bayerischen
2222 2282 129 34 Regenten

1483 2320 152 35 geworden,
1656 2320 26 26 in
1704 2320 40 25 die
1765 2320 241 35 Stadterweiterung
2031 2320 214 25 mitbestimmend
2266 2320 71 25 einzu-

1483 2359 103 36 greifen.
1621 2359 58 26 Dies
1700 2359 97 26 konnte
1820 2359 39 26 ein
1880 2359 71 26 nicht
1972 2359 71 26 mehr
2064 2358 126 26 absoluter
2211 2360 68 25 Fürst
2300 2366 50 18 nur

1484 2405 72 20 unter
1566 2398 102 36 grofsen
1683 2398 175 37 persönlichen
1873 2398 98 37 Opfern
1986 2396 144 28 ausführen.

1542 2439 39 25 Bis
1597 2447 58 17 zum
1669 2436 104 38 Anfang
1789 2447 97 17 unseres
1900 2436 179 35 Jahrhunderts
2094 2447 55 17 war
2164 2438 131 26 München
2311 2436 40 26 die

1483 2477 184 37 enggedrängte
1682 2478 184 35 Festungsstadt
1880 2486 124 27 gewesen.
2037 2477 62 25 Wie
2114 2476 95 26 überall
2223 2478 69 25 hatte
2307 2475 43 26 das

1482 2516 62 27 feste
1559 2516 99 27 Schloß
1673 2517 41 25 des
1729 2519 100 23 Fürsten
1847 2533 31 3 —
1897 2517 42 25 der
1953 2515 67 26 noch
2041 2515 126 27 erhaltene
2181 2517 77 30 „Alte

1482 2573 38 2 —
1534 2556 35 26 als
1583 2556 159 35 Zwingburg
1756 2556 177 36 ursprünglich
1952 2565 40 15 am
2007 2555 88 25 Rande
2113 2556 43 25 der
2169 2556 70 26 Stadt
2259 2556 26 24 in
2307 2553 43 26 der

1482 2595 162 36 Befestigung
1658 2596 111 35 gelegen.
1792 2591 53 30 Erst
1857 2596 35 24 im
1905 2595 163 25 sechzehnten
2079 2595 168 33 Jahrhundert
2258 2592 90 28 wurde

1482 2635 40 26 die
1541 2635 88 36 jetzige
1643 2635 121 26 Residenz
1782 2635 63 25 breit
1864 2634 52 25 und
1936 2633 121 36 bequem,
2079 2635 48 25 den
2145 2644 81 16 neuen
2243 2633 91 27 Lebens-

1482 2673 171 28 bedürfnissen
1665 2674 188 36 entsprechend,
1865 2673 56 26 aber
1930 2673 72 26 dabei
2011 2673 190 37 wohlbefestigt
2209 2673 140 27 wiederum

1482 2724 40 16 am
1537 2714 88 26 Rande
1645 2713 42 27 des
1707 2714 156 26 erweiterten
1878 2712 174 27 Weichbildes
2072 2713 127 37 angelegt:
2220 2713 41 26 der
2280 2712 69 25 Fürst

1522 2907 0 0 254
