2616 3334
296 431 206 28 herauszufinden
510 429 102 30 wufste,
620 438 31 15 an
659 428 76 25 ihnen
744 424 109 27 festhielt
862 423 51 26 und
924 423 26 25 in
957 426 86 22 stetem
1051 415 110 29 Verkehr

297 474 46 23 mit
362 472 76 25 ihnen
456 471 66 25 seine
540 470 102 34 eigenen
657 466 206 33 Anschauungen
877 462 89 30 klärte,
983 459 51 27 wie
1050 468 23 16 er
1088 455 73 27 selbst

297 511 103 26 klärend
421 508 50 28 auf
488 509 33 26 sie
543 505 196 29 zurückwirkte.
769 504 61 26 Wie
849 499 158 29 vortrefflich
1024 497 66 27 auch
1107 494 54 27 und

297 561 50 15 von
369 548 157 28 bleibendem
540 548 76 25 Wert
635 546 39 25 die
694 544 101 36 geringe
810 541 63 27 Zahl
887 541 78 26 seiner
979 536 123 28 Schriften
1117 544 29 27 ge-

298 600 96 16 wesen:
419 589 43 25 das
481 587 81 26 Leben
583 585 41 26 für
642 585 39 24 die
696 586 94 26 Kunst,
811 582 40 25 die
866 580 65 26 volle
946 577 116 36 Hingabe
1083 583 78 19 seiner

300 627 196 28 Persönlichkeit
511 635 32 17 an
558 625 42 26 das
612 624 62 30 Ziel,
690 623 41 25 das
747 631 25 16 er
787 621 52 25 sich
854 625 98 31 gesetzt,
968 619 39 25 die
1021 614 140 29 vollendete

300 666 237 29 Kunsterkenntnis,
557 665 41 25 das
619 663 74 26 allein
712 660 138 36 begründet
870 660 52 25 sein
936 657 109 27 Anrecht
1063 653 48 28 auf
1123 663 37 16 ein

300 707 136 26 dauerndes
452 703 161 28 Gedächtnis.

360 826 70 25 Hans
449 823 99 25 Thoma
569 818 93 27 äufsert
683 818 52 26 sich
756 817 26 25 in
804 817 81 25 einem
906 811 172 29 Privatbriefe:
1103 810 61 32 „Ich

301 865 79 26 lernte
402 866 43 22 Dr.
469 861 93 27 Fiedler
589 866 67 19 etwa

302 914 29 16 zu
348 902 103 36 Anfang
473 901 43 26 der
533 899 123 35 achtziger

302 944 71 32 Jahre
389 940 141 37 persönlich
549 938 105 26 kennen.

303 985 33 24 So
348 982 47 26 viel
407 981 42 25 ich
461 979 67 26 mich
538 978 118 27 erinnere,

303 1016 354 39 wareshauptsächlichmein

304 1064 57 32 jetzt
382 1059 26 26 in
430 1058 111 26 Dresden
562 1055 83 26 befind-

305 1100 75 26 liches
402 1098 189 34 Selbstporträt,
616 1094 42 26 das

305 1140 65 24 seine
376 1134 231 30 Aufmerksamkeit
615 1131 47 28 auf

306 1178 68 26 mich
412 1175 92 27 lenkte.
553 1174 39 25 Bis
628 1181 30 16 zu

305 1218 94 24 seinem
423 1214 71 27 Tode
522 1213 67 26 blieb
618 1212 41 25 ich

306 1258 66 24 dann
384 1255 46 25 mit
441 1254 54 26 ihm
507 1253 26 25 in
544 1251 115 26 ziemlich

306 1293 136 28 lebhaftem
450 1291 118 28 Verkehr.
583 1292 31 23 Er
622 1299 26 15 er-

306 1334 72 27 warb
390 1333 109 25 mehrere
514 1330 81 27 Bilder
609 1338 51 17 von

308 1374 60 29 mir,
388 1373 27 24 in
434 1370 131 27 München
586 1368 76 26 malte

308 1413 41 26 ich
356 1413 50 24 sein
413 1413 108 27 Porträt;
528 1407 135 28 mehrmals

308 1451 118 27 besuchte
434 1460 23 16 er
463 1449 68 26 mich
539 1449 26 24 in
572 1446 77 27 Frank-

309 1490 60 31 furt,
391 1489 65 26 auch
484 1497 54 16 war
567 1486 41 26 ich
638 1486 25 25 in

308 1530 102 26 Florenz
434 1528 82 35 einige
537 1526 55 26 Zeit
618 1525 48 26 mit

310 1570 52 25 ihm
382 1576 151 18 zusammen.
561 1564 42 26 Bei
618 1563 48 26 den

311 1607 151 36 Bayreuther
520 1603 146 36 Festspielen

311 1647 100 26 endlich
451 1644 142 27 verbrachte
625 1641 41 27 ich

311 1687 55 25 sehr
384 1685 155 36 angenehme
555 1682 111 26 Stunden

312 1727 46 24 mit
379 1725 61 25 ihm.
460 1739 38 4 —
517 1722 56 26 Sein
594 1721 73 35 ruhig

313 1765 78 26 klares
406 1762 81 27 Urteil
507 1761 60 26 über
588 1762 80 24 Kunst

313 1814 55 16 ■war
382 1804 47 25 mir
447 1804 89 23 immer
555 1800 55 27 sehr
624 1809 30 16 an-

313 1843 92 36 regend
420 1842 52 25 und
487 1850 23 16 es
525 1841 53 29 hat,
592 1849 76 16 wenn

314 1883 40 25 ich
362 1892 28 16 so
396 1891 75 26 sagen
479 1878 63 32 darf,
551 1877 118 27 fördernd

315 1920 47 27 auf
373 1921 69 26 mich
456 1918 118 37 gewirkt.
600 1917 70 26 Seine

314 1963 48 24 Art
382 1970 51 17 von
454 1959 150 26 vornehmer
619 1958 35 23 Zu-

315 1999 171 35 rückhaltung
506 1997 52 26 und
578 1995 93 27 feinem

314 2037 156 37 Taktgefühl
479 2044 68 28 sagte
560 2036 46 26 mir
617 2035 54 25 sehr

317 2088 37 17 zu.
390 2081 37 22 Da
447 2077 65 26 diese
528 2077 44 25 Art
587 2076 25 24 in
632 2074 41 26 der

317 2120 81 23 Kunst
416 2126 28 16 so
460 2115 73 27 vieles
551 2114 123 26 ablehnen

318 2156 106 30 mufste,
457 2165 27 15 so
515 2154 96 26 konnte
637 2153 34 25 sie

319 2195 72 26 wohl
406 2195 47 26 den
464 2192 127 27 Eindruck
607 2201 50 17 von
673 2191 72 26 Kälte
760 2190 112 26 machen.
902 2189 65 26 Aber
977 2197 44 16 wo
1037 2187 53 25 eine
1104 2186 78 26 Sache

320 2236 41 25 der
375 2237 83 24 Kunst
477 2234 45 25 ihn
537 2231 66 26 stark
618 2231 122 30 berührte,
756 2229 96 27 konnte
867 2238 25 16 er
910 2237 82 17 warm
1006 2227 53 25 und
1073 2225 110 27 herzlich

320 2275 60 29 sein,
394 2274 52 25 wie
459 2282 48 16 nur
521 2272 75 28 einer,
611 2270 42 26 der
668 2271 39 24 die
718 2272 82 23 Kunst
814 2271 21 32 je
850 2267 91 36 geliebt

379 2315 37 24 Im
425 2310 116 28 Verlaufe
556 2310 75 25 dieses
640 2309 121 26 Verkehrs
773 2307 116 37 gelangte
900 2306 53 25 eine
962 2305 96 26 Anzahl
1066 2305 95 26 Thoma-

321 2354 68 24 scher
403 2351 82 26 Bilder
498 2351 26 25 in
539 2350 49 26 den
602 2350 77 25 Besitz
689 2347 111 27 Fiedlers.
822 2345 72 27 Zwei
909 2344 91 31 davon,
1016 2344 72 26 einen
1099 2343 82 26 Adam

321 2392 52 25 und
381 2393 49 23 Eva
439 2390 52 26 und
497 2390 71 26 einen
574 2388 120 26 betenden
701 2385 167 28 halbnackten
876 2383 127 36 Heiligen,
1010 2383 95 27 erwarb
1112 2382 56 26 Fied-

322 2432 43 29 ler,
380 2430 122 26 nachdem
517 2429 32 25 sie
564 2438 51 16 von
629 2427 66 27 einer
710 2426 107 26 Berliner
828 2422 236 36 Kunstausstellung
1075 2421 91 27 zurück-

322 2471 125 34 gewiesen
456 2468 106 26 worden
570 2477 95 20 waren,
677 2475 101 17 woraus
789 2465 57 25 dem
858 2462 115 27 Künstler
984 2463 40 25 ein
1035 2461 147 27 besonderer

322 2512 74 23 Trost
414 2509 123 25 erwuchs.
578 2508 29 24 In
626 2506 98 26 Florenz
744 2502 145 28 entstanden
908 2503 54 24 eine
981 2502 107 25 Ansicht
1106 2500 77 26 dieser

324 2548 69 26 Stadt
407 2548 80 25 sowie
502 2547 54 25 eine
570 2545 42 26 des
627 2544 168 26 Fiedlerschen
809 2544 96 24 Hauses
920 2541 118 30 daselbst;
1054 2541 25 24 in
1093 2537 75 28 Hilde-

324 2587 90 27 brands
429 2587 93 25 Atelier
536 2585 77 26 malte
626 2585 99 25 Thoma
741 2584 42 25 das
798 2581 53 27 Bild
867 2581 42 26 der
924 2580 208 36 Bogenschützen.

376 2707 18 32 J.
404 2707 25 24 E.
439 2704 97 30 Sattler,
548 2703 42 26 der
599 2702 99 31 Fiedler,
709 2708 65 20 etwa
788 2711 7 16 i
805 2701 63 34 876,
877 2700 25 25 in
913 2695 166 29 Hildebrands
1091 2692 93 29 Atelier

326 2746 24 25 in
359 2745 99 25 Florenz
470 2744 96 25 kennen
578 2742 77 26 lernte
669 2741 49 26 und
732 2740 69 27 1888
814 2739 39 27 für
862 2739 43 25 ihn
914 2734 270 30 dasMare'es-Zimmer

1239 410 42 27 der
1294 405 141 29 Münchner
1442 398 160 35 Ausstellung
1613 397 25 25 in
1650 405 27 16 so
1685 393 154 38 glücklicher
1846 391 86 26 Weise
1940 389 148 29 dekorierte,

1240 449 52 27 teilt
1308 447 40 26 das
1363 441 122 37 Folgende
1499 439 53 26 mir.

1318 484 90 28 Fiedler
1425 490 53 18 war
1491 478 112 34 weniger
1620 471 135 29 Liebhaber
1773 470 61 26 oder
1848 470 120 24 Sammler
1983 470 33 22 als
2030 470 44 22 För-

1239 508 76 48 derer'
1333 535 43 16 um
1391 523 41 25 der
1446 520 74 27 Sache
1535 515 72 28 selbst
1622 513 99 29 willen;
1737 509 47 27 auf
1794 509 132 34 jeglichem
1940 506 100 27 Gebiet:
2062 506 25 24 in

1239 566 97 30 Musik,
1351 564 132 26 Litteratur
1497 558 49 25 wie
1560 556 26 25 in
1597 555 93 26 Kunst,
1706 551 25 24 in
1746 556 71 19 erster
1829 547 78 26 Reihe
1918 544 47 27 auf
1976 545 54 25 dem
2039 547 34 23 Ge-

1240 609 63 26 biete
1317 605 42 26 der
1373 605 91 25 Kunst,
1477 595 101 30 verfuhr
1591 603 24 16 er
1627 591 63 27 nach
1705 589 46 26 den
1766 586 105 27 edelsten
1888 584 48 26 und
1954 589 134 29 strengsten

1241 646 178 28 Grundsätzen,
1437 641 26 25 in
1477 638 64 25 einer
1563 630 158 39 glücklichen
1735 626 169 34 Vereinigung
1917 623 84 25 dessen
2036 630 52 17 was

1240 690 65 24 Herz
1320 683 51 27 und
1386 676 118 32 Verstand
1519 674 137 33 verlangen.
1688 670 87 23 Semen
1790 663 132 28 Reichtum
1936 660 114 26 wendete
2066 669 23 16 er

1446 729 31 16 an
1494 714 52 28 und
1565 711 54 28 liefs
1635 708 50 27 sich
1699 706 79 27 durch
1793 702 115 27 keinerlei
1924 698 165 35 Einwirkung

1320 815 28 14 m
1745 824 63 25 eines
1838 819 122 37 gelehrten
1989 815 102 28 Gentle-

1744 872 69 22 man;
1829 858 105 28 obwohl
1951 857 35 25 im
1996 857 94 24 Wesen

1744 898 209 31 zurückhaltend,
1983 904 54 16 war
2066 903 26 15 er

1745 942 65 27 doch
1828 941 24 24 in
1868 937 129 27 höchstem
2011 931 81 28 Grade

1745 980 86 39 geistig
1845 974 140 31 anziehend.
2005 974 88 24 Wenn

1746 1031 58 17 man
1828 1019 42 26 ihn
1891 1016 33 26 als
1945 1014 54 26 eine
2023 1011 53 32 „Mi-

1954 1052 140 28 bezeichnet

1746 1102 56 30 hat,
1823 1108 28 16 so
1868 1105 57 26 mag
1942 1093 42 26 das
2004 1091 24 26 in
2052 1099 28 26 ge-

1748 1141 99 27 wissem
1862 1134 79 29 Grade
1961 1128 133 31 zutreffend

1750 1187 112 31 gewesen
1889 1175 62 28 sein,
1981 1172 64 25 denn
2072 1178 24 16 er

1751 1219 101 28 mischte
1877 1215 51 26 sich
1949 1211 67 28 nicht
2038 1218 59 28 gern

1752 1260 43 27 in's
1823 1255 193 35 Handgemenge
2046 1247 51 27 und

1752 1296 180 31 Parteitreiben,
1939 1291 105 27 sondern
2051 1297 47 26 zog

1752 1350 23 16 es
1790 1348 52 20 vor,
1858 1336 91 25 einsam
1964 1328 47 29 auf
2022 1328 77 27 seiner

1754 1383 63 31 Burg
1844 1385 29 17 zu
1897 1373 119 27 wohnen.
2051 1370 32 24 Ge-

1753 1417 117 28 brauchte
1885 1424 32 19 er,
1936 1411 41 26 der
1994 1408 93 27 Geistes-

1754 1460 75 26 ritter,
1845 1455 64 26 seine
1919 1448 103 29 Waffen
2036 1445 63 27 auch

1754 1489 223 36 verhältnismäfsig
1995 1497 46 17 nur
2055 1484 35 27 sel-

1755 1544 54 22 ten,
1829 1544 28 16 so
1875 1531 61 27 hielt
1950 1538 25 17 er
1989 1528 33 25 sie
2036 1524 65 27 doch

1756 1582 56 20 stets
1836 1571 75 28 blank
1935 1567 50 27 und
2013 1561 87 30 scharf.

1756 1614 88 27 Neben
1871 1610 59 26 oder
1955 1613 71 19 unter
2049 1604 52 24 ihm

1756 1649 117 38 kämpfen
1922 1657 30 16 zu
2005 1641 96 29 dürfen,

1756 1693 94 25 konnte
1882 1696 59 17 man
1972 1683 51 26 sich
2055 1689 47 17 nur

1755 1728 148 29 wünschen;
1924 1723 49 27 wie
1993 1731 24 15 er
2037 1720 65 25 denn

1756 1768 137 33 überhaupt
1926 1763 40 25 ein
1998 1757 103 28 Mensch

1755 1816 62 20 war,
1830 1803 42 28 für
1884 1803 48 25 den
1943 1809 57 16 man
2014 1796 87 26 durchs

1756 1848 72 24 Feuer
1854 1842 66 35 geht.
1967 1839 31 23 Er
2024 1832 77 28 besafs

1755 1888 53 31 jene
1822 1879 133 29 vornehme
1967 1874 134 27 Passivität,

1756 1933 29 16 zu
1810 1920 41 26 der
1877 1909 136 43 eigentlich*
2033 1911 69 25 mehr

1757 1963 58 24 Mut
1821 1957 51 27 und
1879 1950 223 31 Entschlossenheit

1757 2000 99 35 gehört,
1879 1994 34 26 als
1937 2001 57 16 zum
2014 1989 74 25 Drein-

1757 2037 124 34 schlagen,
1895 2032 33 25 sei
1943 2040 23 16 es
1977 2028 65 27 auch
2055 2035 47 17 nur

1757 2077 45 26 mit
1816 2074 117 26 Worten.

1810 2114 44 30 „In
1866 2111 64 24 einer
1940 2107 62 28 Zeit,
2016 2105 31 25 da
2061 2104 42 25 der

1448 2173 13 19 A
1480 2182 9 10 ,
1503 2172 79 20 Kunst
1601 2165 34 25 im
1652 2155 148 32 Volksleben
1818 2150 92 26 nahezu
1926 2145 101 34 versiegt
2041 2152 62 20 war,

1258 2181 171 27 Lebensstrom
1448 2173 41 26 dcr
1482 2212 25 15 kf
1503 2174 68 22 Kuns
1574 2173 61 19 '""
1634 2196 98 30 tfreund
1750 2193 13 28 f
1764 2198 34 23 ast
1812 2189 80 26 nichts
1910 2184 100 27 anderes
2024 2182 79 34 übrig,

1259 2220 64 26 blieb
1338 2219 53 24 ihm
1405 2215 33 26 als
1453 2212 95 25 echtem
1563 2202 169 30 Kunstfreund
1905 2221 199 29 wllnderreicher

1259 2270 14 17 a
1274 2259 19 28 h
1305 2259 26 25 in
1342 2257 39 25 die
1395 2252 149 28 verlassenen
1557 2241 108 29 dunklen
1680 2241 72 28 Gang

1259 2298 119 37 Epochen
1394 2290 201 29 hinabzusteigen
1626 2288 11 15 e
1667 2278 47 32 gab
1727 2282 12 16 a
1928 2298 166 28 aurzuforsten
2098 2320 6 9 ,

1260 2338 43 26 das
1320 2334 156 27 entwässerte
1495 2322 51 30 nni
1728 2347 83 28 Arbeit
1813 2365 7 10 ,
1835 2343 32 27 als
1879 2339 178 37 Topfpflanzen
2072 2338 34 26 im

1778 2464 159 55 abgestattet
1956 2456 151 27 dersowohl

1262 2543 496 88 CÄSK3Ä.I&
1773 2580 92 26 Sedier
1884 2577 50 26 sein
1949 2574 160 38 Augenmerk

1352 2607 95 51 »SS
1463 2629 91 29 darauf
1574 2628 38 25 die
1627 2619 195 32 aufkeimenden
1839 2618 86 26 echten
1938 2616 118 30 Talente,
2071 2613 38 27 die

1272 2636 210 76 ffÄen
1510 2668 47 29 mit
1575 2667 106 25 nimmer
1701 2658 160 28 ermüdender
1876 2656 97 28 Geduld
2010 2655 45 26 mit
2070 2654 41 25 der

1264 2720 126 29 subtilsten
1402 2711 113 29 Vorsicht
1529 2717 29 17 zu
1574 2708 102 23 stützen,
1691 2710 29 16 zu
1733 2699 94 37 pflegen
1839 2696 49 27 und
1901 2707 30 16 zu
1942 2695 110 30 fördern,
2066 2703 44 17 wo

1303 2918 0 0 237
