2616 3334
796 1404 297 54 COURBET
1125 1400 71 48 IN
1230 1382 367 61 MUENCHEN

560 1552 88 24 ABEN
661 1549 64 26 auch
740 1548 106 26 manche
860 1550 93 32 spätere
964 1541 192 33 Ausstellungen

585 1590 34 25 im
634 1589 157 25 Münchener
810 1585 137 37 Glaspalast
965 1581 121 36 diejenige
1107 1586 50 17 von

589 1629 71 32 1869
670 1638 30 15 an
707 1628 79 25 Glanz
797 1626 51 26 und
855 1624 131 34 Wirkung
997 1614 160 34 übertroffen,

584 1677 28 17 so
628 1666 92 27 bildete
731 1666 67 26 doch
813 1665 71 26 keine
899 1665 39 25 ein
953 1672 28 16 so
997 1658 48 28 tief
1053 1659 92 33 eingrei-

585 1705 86 28 fendes
683 1706 110 35 Ereignis
808 1704 41 26 für
864 1705 39 25 die
917 1702 98 34 dortige
1031 1694 127 30 Künstkr-

579 1744 95 27 Ischaft.
697 1748 72 23 Denn
780 1745 33 25 sie
823 1753 53 17 war
887 1743 40 24 die
939 1748 60 18 erste
1010 1736 148 35 ausgeprägt

585 1784 193 26 internationale
788 1782 160 33 Ausstellung
960 1777 48 28 auf
1015 1776 143 27 deutschem

584 1824 99 30 Boden;
697 1824 37 24 ihr
741 1821 156 28 Gesamtbild
909 1821 43 25 hat
962 1818 52 26 sich
1025 1815 75 27 daher
1111 1821 32 16 un-

586 1863 169 26 auslöschlich
769 1862 57 25 dem
840 1859 152 28 Gedächtnis
1008 1854 149 35 eingeprägt.

645 1901 135 27 Besonders
795 1902 87 24 hatten
895 1897 96 28 damals
1005 1895 39 25 die
1056 1894 88 25 Franzo-

587 1953 41 14 sen
644 1942 53 25 eine
709 1940 95 27 Anzahl
816 1948 62 27 ganz
888 1931 209 39 hervorragender
1109 1928 37 27 Bil-

585 1981 43 26 der
635 1980 153 32 eingesandt.
804 1982 38 23 Da
853 1987 85 17 waren
949 1978 76 23 Dores
1032 1971 126 27 Schwarz-

299 2021 256 30 waldlandschaften,
576 2022 40 24 die
637 2019 137 25 biblischen
796 2014 183 30 Landschaften
1001 2021 50 17 von
1070 2011 88 23 Corot,

299 2064 142 24 Rousseaus
456 2061 84 25 kleine
556 2061 86 25 intime
654 2056 191 31 Landschaften,
861 2055 79 27 sowie
947 2049 97 29 Werke
1060 2046 99 28 anderer

299 2111 30 16 zu
343 2104 66 32 jener
424 2101 55 26 Zeit
493 2099 67 27 noch
575 2099 85 34 wenig
674 2097 138 26 bekannter
828 2094 114 27 Künstler
956 2101 29 16 zu
1000 2090 81 26 sehen.
1111 2087 48 23 Der

300 2143 139 33 Gegensatz
459 2139 43 26 der
516 2138 202 27 Nationalitäten
733 2137 98 25 machte
845 2135 53 25 sich
912 2132 68 27 noch
994 2128 69 27 nicht
1077 2135 28 16 so
1116 2126 29 23 be-

301 2179 122 26 merklieh
438 2179 50 25 wie
502 2181 65 32 jetzt.
596 2179 52 24 Vor
663 2176 80 26 einem
759 2176 81 29 Bilde,
856 2172 108 27 welches
979 2171 78 34 später
1072 2165 25 25 in
1111 2163 47 25 den

301 2218 178 36 Luxembourg
491 2217 67 30 kam,
570 2216 56 26 dem
639 2215 135 26 Leichnam
781 2213 123 36 Virginies
920 2221 39 16 am
971 2203 186 32 Meeresstrand,

301 2259 67 24 einer
376 2258 91 25 höchst
475 2257 152 25 vornehmen
636 2253 149 38 Schöpfung
791 2263 50 16 von
849 2248 163 39 ergreifender
1020 2243 139 31 Wirkung,

300 2297 96 25 konnte
417 2297 41 24 ein
482 2295 137 26 bekannter
640 2292 253 28 Kunstschriftsteller
917 2288 67 27 noch
1008 2291 47 20 mit
1077 2281 83 26 echter

301 2338 155 32 Entrüstung
471 2333 130 27 ausrufen:
617 2343 99 16 warum
728 2333 42 26 hat
783 2331 41 27 das
837 2331 57 26 kein
906 2326 137 28 Deutscher
1054 2320 103 37 gemalt.

301 2376 71 25 Diese
398 2373 166 37 Eigenschaft,
590 2373 56 26 dem
669 2372 136 26 deutschen
825 2372 96 25 Wesen
945 2360 161 32 verständlich
1129 2365 29 17 zu

299 2415 60 30 sein,
379 2414 111 26 besassen
509 2412 154 26 namentlich
685 2411 121 25 Courbets
823 2408 91 30 Bilder,
935 2406 40 25 die
994 2399 109 29 dadurch
1118 2405 28 16 so-

299 2454 50 25 wie
370 2453 78 26 durch
470 2453 39 25 die
527 2455 91 24 Grösse
640 2451 64 25 ihrer
723 2449 156 34 Auffassung
901 2447 53 24 eine
976 2440 123 33 mächtige
1114 2438 30 23 Er-

299 2502 94 28 regung
409 2499 71 19 unter
494 2491 42 26 der
550 2489 199 28 Künstlerschaft
763 2487 141 27 Münchens
918 2479 175 31 hervorriefen.
1121 2477 36 21 Da

299 2541 87 16 waren
407 2541 51 16 von
481 2531 64 26 ihm:
568 2530 42 26 das
629 2530 162 34 wandgrosse
811 2526 53 27 Bild
884 2524 46 27 mit
944 2522 42 25 der
1000 2519 130 29 Hirschjag
1149 2531 7 10 ,

299 2571 40 25 die
354 2573 61 23 Rast
429 2571 42 25 der
486 2570 69 26 Rehe
569 2580 42 16 am
624 2568 152 30 Waldbach,
796 2566 51 26 voll
867 2564 85 26 echten
967 2555 173 32 Naturemphn-

299 2610 72 30 dens,
393 2611 55 24 eine
466 2619 50 16 von
536 2607 108 28 Erdduft
658 2607 100 26 erfüllte
774 2608 138 24 Heuernte,
934 2600 79 31 einige
1028 2595 128 24 Seebäder,

299 2650 80 25 sowie
398 2649 100 25 endlich
518 2648 42 25 das
580 2647 130 26 berühmte
728 2645 55 27 Bild
801 2644 43 25 der
858 2637 176 35 Steinklopfer,
1055 2634 40 22 das
1115 2637 28 15 so-

299 2687 51 27 fort
361 2689 71 25 einen
444 2687 153 36 gewaltigen
608 2684 96 38 Kampf
713 2685 42 26 der
766 2684 154 31 Meinungen
937 2678 141 24 hervorrier.
1110 2673 46 19 W

299 2730 93 33 jungen
413 2727 157 26 Münchener
589 2725 126 30 Künstler,
737 2723 40 26 die
796 2723 106 34 jahraus,
921 2716 95 36 jahrein
1036 2718 31 16 an
1088 2712 66 20 ihren

1236 1530 134 28 einzelnen,
1384 1523 159 30 unnahbaren
1555 1515 187 30 Stammtischen
1758 1522 33 17 im
1804 1510 61 27 Cafe
1873 1510 86 26 Probst
1973 1520 111 25 gesessen

1235 1572 93 26 hatten,
1344 1567 66 26 ohne
1420 1564 52 26 sich
1483 1569 78 18 etwas
1572 1566 28 16 zu
1611 1564 72 26 sagen
1695 1563 29 16 zu
1736 1552 87 30 haben,
1837 1548 90 28 fanden
1940 1550 51 24 sich
2003 1549 66 36 plötz-

1235 1609 50 27 lich
1306 1609 23 23 in
1345 1604 88 27 Feinde
1450 1601 51 27 und
1516 1595 106 30 Freunde
1635 1592 146 37 geschieden
1796 1599 44 17 vor
1854 1589 91 26 diesem
1959 1589 68 25 Bilde
2041 1598 29 16 zu-

1235 1654 121 21 sammen:
1368 1654 51 16 nun
1435 1647 90 21 musste
1537 1636 71 27 Farbe
1619 1632 107 27 bekannt
1737 1629 100 27 werden
1851 1627 51 26 und
1917 1627 41 26 der
1970 1627 114 26 Einzelne

1235 1688 92 33 zeigen,
1342 1693 64 17 wess
1422 1681 93 27 Geistes
1529 1675 64 27 Kind
1609 1683 23 15 er
1647 1681 32 16 sei

1293 1726 46 24 Für
1352 1723 60 24 oder
1422 1719 78 27 wider
1512 1713 117 29 Courbet,
1644 1709 63 27 hiefs
1721 1718 23 15 es
1759 1708 39 24 da.
1820 1706 127 26 Erklärten
1962 1706 38 25 die
2012 1715 71 16 einen

1235 1765 66 26 seine
1314 1761 81 27 Bilder
1408 1758 42 27 für
1463 1755 124 28 Ausflüsse
1601 1751 63 25 eines
1679 1748 91 28 rohen,
1787 1745 139 26 ideenlosen
1941 1744 129 25 Naturalis-

1235 1813 55 17 mus
1306 1810 49 16 von
1369 1798 110 35 gröbster
1492 1791 177 32 Ausführung,
1691 1797 26 15 so
1733 1784 135 27 erblickten
1884 1783 88 26 andere
1987 1793 25 15 in
2027 1783 57 25 dem

1235 1835 233 38 Steinklopferbilde
1479 1833 38 25 die
1526 1828 127 28 Kühnheit
1667 1825 51 27 und
1726 1824 179 26 Vornehmheit
1921 1832 64 15 eines
1999 1823 72 25 Velas-

1236 1891 59 21 quez
1310 1877 50 27 und
1375 1874 168 28 bezeichneten
1558 1878 23 16 es
1597 1868 34 24 als
1645 1867 54 24 eine
1713 1863 177 26 künstlerische
1902 1860 181 37 Offenbarung.

1293 1919 79 25 Unter
1386 1915 46 25 den
1447 1918 85 20 ersten,
1547 1907 38 26 die
1599 1904 156 27 entschieden
1770 1902 50 26 und
1837 1900 67 27 offen
1920 1899 40 28 für
1972 1901 113 26 Courbet

1236 1960 120 25 eintraten
1371 1953 50 26 und
1437 1952 41 24 ihn
1494 1949 45 25 den
1552 1942 128 38 Angriffen
1697 1941 137 38 gegenüber
1845 1940 170 35 verteidigten,
2030 1950 55 16 war

1235 1995 125 29 Wilhelm
1376 1990 79 30 Leibl,
1477 1989 55 25 dem
1550 1985 65 26 seine
1634 1982 153 35 ehemaligen
1804 1979 148 27 Mitschüler
1969 1989 44 16 aus
2028 1979 57 26 dem

1236 2033 164 35 piloty'schen
1422 2028 90 27 Atelier
1533 2023 91 28 alsbald
1646 2022 47 26 den
1717 2021 131 25 Beinamen
2041 2029 30 16 an-

1235 2078 116 30 hängten,
1367 2068 122 28 wodurch
1504 2063 104 27 manche
1622 2060 148 36 ergötzliche
1778 2058 139 26 Reibereien
1930 2058 154 26 entstanden.

1238 2118 36 24 Da
1290 2093 61 45 aber'
1365 2107 69 28 Leibl
1452 2106 34 25 als
1504 2103 80 26 Maler
1602 2101 67 26 hoch
1690 2099 148 35 angesehen,
1860 2097 33 26 als
1914 2098 171 35 urwüchsiger

1237 2150 103 31 Mensch
1356 2145 89 29 beliebt
1459 2144 50 26 und
1525 2143 34 25 als
1571 2139 119 28 Herkules
1705 2137 139 36 gefürchtet
1856 2146 61 21 war,
1932 2146 27 15 so
1971 2136 48 25 lief
2026 2137 58 25 alles

1238 2200 56 20 stets
1315 2190 25 25 in
1356 2183 136 30 Heiterkeit
1512 2191 54 20 aus,
1588 2179 51 26 und
1662 2178 63 26 auch
1746 2178 64 24 seine
1829 2177 134 34 Anhänger
1980 2176 106 26 wurden

1237 2228 110 30 dadurch
1362 2221 148 32 schliefslich
1524 2220 69 26 mehr
1607 2218 125 34 belustigt,
1747 2217 33 25 als
1796 2215 52 26 dafs
1864 2216 34 24 sie
1913 2215 50 25 sich
1975 2218 110 33 geärgert

1237 2272 92 26 hätten.

1295 2304 94 29 Gerade
1407 2301 33 26 als
1458 2300 76 26 dieser
1554 2295 184 36 merkwürdige
1753 2296 71 24 Streit
1838 2303 44 16 um
1897 2294 39 25 die
1950 2295 135 25 Franzosen

1237 2349 63 25 seine
1314 2344 64 27 volle
1392 2341 75 26 Höhe
1482 2338 101 26 erreicht
1598 2338 74 27 hatte,
1688 2334 107 26 erschien
1809 2333 63 26 eines
1883 2334 78 34 Tages
1973 2333 112 27 Courbet

1236 2387 72 26 selbst
1323 2383 33 27 als
1372 2384 59 24 Gast
1443 2377 140 27 Münchens
1595 2391 34 4 —
1642 2375 50 25 und
1707 2383 23 16 es
1740 2373 70 26 ward
1823 2373 80 25 Ruhe.
1926 2373 81 31 Allen,
2022 2373 63 26 auch

1236 2426 46 26 den
1298 2426 125 32 Gegnern,
1439 2417 145 37 imponierte
1599 2415 64 25 diese
1677 2414 124 35 mächtige
1815 2412 109 31 Gestalt,
1939 2414 39 24 ein
1994 2413 78 26 Maler-

1236 2464 107 27 feldherr
1356 2469 59 17 vom
1430 2455 104 28 Scheitel
1549 2454 36 27 bis
1599 2464 42 16 zur
1654 2453 88 31 Sohle,
1762 2451 71 27 dabei
1853 2452 39 25 ein
1907 2453 82 25 echter
2003 2455 81 24 Mann

1236 2513 43 17 aus
1300 2502 56 24 dem
1371 2498 89 26 Volke.
1488 2493 149 35 Fremdartig
1657 2492 108 26 erschien
1786 2490 48 28 auf
1851 2491 46 26 den
1919 2500 78 19 ersten
2015 2493 70 26 Blick

1235 2543 65 25 seine
1309 2538 124 34 Kleidung
1444 2546 42 16 aus
1497 2543 102 27 grauem
1606 2531 153 27 Lodenstoft.
1781 2531 69 26 Zwei
1859 2531 110 27 wollene
1978 2532 108 31 Decken,

1235 2581 77 26 durch
1320 2579 70 25 einen
1400 2576 103 26 Riemen
1511 2584 44 15 um
1563 2573 47 25 den
1618 2572 91 26 breiten
1718 2574 95 34 Körper
1820 2572 266 36 zusammengehalten,

1235 2621 62 26 dazu
1308 2618 71 26 derbe
1390 2614 154 35 dicksohlige
1555 2611 240 31 Marschierschuhe;
1809 2610 43 27 das
1863 2620 55 17 war
1929 2611 41 26 das
1979 2612 95 25 Arbeits-

1235 2658 105 36 gewand
1367 2656 62 25 eines
1450 2653 105 29 Malers,
1579 2652 42 26 der
1647 2651 47 27 viel
1719 2651 35 26 im
1776 2651 81 25 Freien
1877 2650 50 26 lebt
1948 2652 53 25 und
2022 2652 65 25 einer

1235 2697 104 28 anderen
1351 2695 123 35 Kleidung
1485 2703 43 27 gar
1538 2692 69 26 nicht
1619 2690 91 27 bedarf.
1741 2691 100 26 Schwer
1852 2691 50 25 und
1914 2691 73 36 ruhig
2002 2691 85 26 schritt

1276 2896 0 0 241
