2616 3334
535 401 43 27 der
589 401 89 26 Verein
693 401 40 27 des
748 401 145 27 Marsfeldes
909 404 46 25 mit
969 404 127 36 gröfseren
1107 405 103 27 Mitteln
1226 406 51 26 und
1291 406 108 26 starkem

534 439 104 37 Erfolge
653 440 85 27 betrat.
763 443 59 25 Eine
837 450 94 29 strenge
947 444 50 26 und
1012 445 219 36 geschmackvolle
1244 448 61 33 Jury
1318 446 81 26 stellte

535 481 54 25 eine
604 481 148 36 Sammlung
766 481 54 32 auf,
835 483 39 26 die
888 494 48 16 nur
950 484 47 27 den
1014 485 92 26 vierten
1118 485 53 26 Teil
1186 485 43 26 der
1243 486 156 35 gewohnten

535 520 62 25 Zahl
620 519 125 32 umfafste,
766 522 24 26 in
809 522 124 28 kleineren
947 524 72 26 Sälen
1041 524 107 37 bequem
1170 525 53 25 und
1237 526 162 35 weiträumig

534 560 192 35 untergebracht
738 572 60 21 war,
812 562 49 27 und
873 562 42 27 für
926 564 39 26 die
976 564 126 36 gangbare
1113 565 182 25 Handelsware
1308 564 90 26 keinen

534 599 66 26 Platz
611 599 51 27 bot.
685 602 48 25 Das
745 601 87 26 wurde
843 604 54 25 eine
908 604 83 35 grofse
1003 605 50 25 und
1065 603 114 36 freudige
1191 604 208 34 Ueberraschung

533 637 43 27 für
589 639 56 31 alle,
660 640 39 26 die
714 650 23 17 es
749 649 44 28 gut
804 644 110 25 meinten
929 644 46 25 mit
990 644 41 25 der
1040 646 82 24 Kunst
1136 643 53 26 und
1204 644 39 25 ihr
1256 644 45 25 mit
1313 643 69 26 wahr-

533 677 95 28 haftem
643 681 113 26 Interesse
771 682 105 36 ergeben
891 693 94 17 waren.
1021 685 50 24 Am
1086 682 154 36 freudigsten
1256 682 142 36 begrüfsten

533 719 123 26 natürlich
678 720 38 26 die
738 721 81 27 Maler
843 722 66 27 diese
929 724 148 34 Neuerung,
1102 722 67 26 denn
1192 722 35 26 sie
1248 722 75 26 sahen
1346 722 52 25 ihre

533 758 95 26 Werke
649 766 73 20 unter
743 762 133 36 günstigen
895 761 180 37 Bedingungen
1095 760 151 37 aufgestellt,
1268 761 67 26 ohne
1356 760 42 27 das

533 796 177 30 fürchterliche
729 802 84 25 Chaos
836 801 41 26 des
898 801 166 26 Bilderladens
1087 801 53 25 und
1162 800 42 26 das
1223 800 117 27 Geschrei
1358 800 41 26 des

533 837 118 28 Marktes.

591 879 36 26 Im
651 881 85 25 Guten
760 881 50 25 wie
836 881 34 25 im
895 880 155 25 Schlimmen
1074 878 100 37 folgten
1199 880 56 24 dem
1279 878 120 37 Beispiele

531 918 158 27 Frankreichs
704 919 124 36 England,
848 919 173 26 Deutschland
1039 919 52 26 und
1107 918 128 27 Amerika.
1271 914 75 30 Auch
1364 919 35 24 sie

530 957 85 26 hatten
630 959 25 25 in
671 959 47 26 den
732 959 102 36 grofsen
849 958 245 35 Weltjahrmärkten
1108 959 39 25 ein
1162 968 74 15 neues
1252 957 52 26 und
1317 957 66 26 wirk-

531 1006 76 17 sames
630 998 141 26 Reizmittel
796 997 136 37 gefunden.
975 997 66 27 Aber
1062 998 58 26 bald
1142 997 103 26 tauchte
1268 1007 53 16 von
1344 1006 42 17 ver-

531 1036 146 27 schiedenen
690 1039 82 24 Seiten
787 1039 44 25 her
845 1038 42 25 das
899 1037 103 26 Streben
1016 1036 49 27 auf
1076 1037 65 26 nach
1155 1037 66 25 einer
1235 1036 107 27 Reform
1356 1036 42 25 des

530 1077 136 25 modernen
678 1077 282 35 Ausstellungswesens.
983 1075 285 38 Spezialausstellungen
1279 1076 120 26 wünscht

529 1125 67 21 man,
605 1117 252 35 Fachausstellungen
869 1126 51 15 von
931 1116 135 25 kleinerem
1075 1114 121 37 Umfang,
1209 1125 50 16 von
1271 1115 128 26 leichterer

528 1155 262 31 Uebersichtlichkeit,
806 1152 39 29 bei
859 1155 81 26 denen
953 1155 67 35 jeder
1035 1165 30 15 zu
1080 1155 93 25 seinem
1189 1155 81 25 Recht
1287 1154 110 31 kommt,

529 1194 40 26 bei
584 1195 79 26 denen
677 1196 66 25 auch
759 1195 42 26 das
812 1195 111 26 Kleinste
938 1194 54 26 und
1006 1196 94 24 Feinste
1114 1195 83 24 seinen
1213 1194 95 36 Spruch
1323 1203 76 26 sagen

528 1234 52 25 und
605 1235 51 25 sich
682 1235 112 34 Geltung
819 1232 153 28 verschaffen
997 1234 76 26 kann.
1115 1235 64 24 Man
1204 1232 115 27 verwirft
1344 1235 54 33 jene

528 1273 103 35 grofsen
646 1273 225 36 Weltjahrmärkte
887 1274 46 25 mit
948 1274 79 26 ihrem
1042 1277 100 22 wüsten
1158 1272 143 36 Spektakel,
1317 1273 81 24 ihrem

528 1307 114 33 brutalen
664 1312 179 38 Wettkampf,
869 1313 71 25 ihren
964 1312 133 36 vergebens
1119 1312 149 35 gebrachten
1290 1311 106 36 Opfern.

528 1352 108 31 Handel,
655 1353 124 25 Industrie
796 1352 50 26 und
862 1351 215 27 Landwirtschaft
1095 1351 80 26 haben
1196 1351 77 26 schon
1290 1351 40 25 hie
1345 1351 52 26 und

528 1391 31 26 da
571 1393 126 24 Versuche
713 1392 138 36 angestellt,
867 1392 53 25 sich
936 1392 23 25 in
972 1391 136 26 kleinerem
1121 1391 69 26 Kreis
1204 1400 28 16 zu
1246 1391 84 35 zeigen
1345 1390 53 26 und

528 1431 64 25 diese
607 1431 126 25 Versuche
748 1441 85 16 waren
849 1430 161 37 erfolgreich.
1040 1431 47 24 Die
1102 1429 100 37 grofsen
1218 1429 179 26 Schaumärkte

528 1470 81 26 haben
628 1471 69 25 ihren
713 1469 78 26 Beruf
808 1469 96 32 erfüllt;
928 1470 39 25 die
982 1470 146 25 Uebersicht
1147 1469 60 25 über
1225 1469 39 25 die
1282 1472 99 23 Gesamt-

528 1509 86 26 kultur
628 1520 89 25 ganzer
729 1509 95 26 Völker
839 1510 51 25 und
905 1519 89 25 ganzer
1004 1509 116 29 Erdteile,
1135 1509 41 25 die
1190 1510 34 24 sie
1240 1509 155 35 gewährten,

527 1559 55 16 war
605 1549 63 26 einst
694 1548 223 27 aufserordentlich
940 1548 134 26 schätzbar.
1116 1547 66 27 Aber
1204 1548 26 25 in
1256 1549 66 24 einer
1343 1549 54 24 Zeit

528 1588 41 26 der
581 1588 185 36 ausgebildeten
779 1588 214 30 Verkehrsmittel,
1005 1588 42 26 der
1059 1588 148 34 vorzüglich
1219 1588 177 34 organisierten

527 1629 88 29 Presse,
631 1627 57 27 läfst
703 1627 51 26 sich
771 1628 64 25 diese
847 1627 145 26 Uebersicht
1008 1627 46 25 mit
1070 1627 135 24 kleinerem
1218 1627 126 34 Apparate
1359 1637 26 15 er-

527 1668 109 26 reichen.
665 1670 50 23 Der
729 1666 150 27 Ueberblick
896 1666 60 26 über
971 1666 40 26 die
1026 1665 203 31 Weltindustrie,
1249 1665 91 26 einmal
1359 1675 26 16 er-

528 1706 117 31 worben,
669 1706 68 26 kann
759 1707 70 25 nicht
849 1706 95 26 wieder
964 1705 115 27 verloren
1101 1704 89 35 gehen,
1213 1704 52 26 und
1289 1704 108 27 kleinere

527 1746 227 35 Veranstaltungen
779 1745 102 26 werden
906 1744 110 37 gröfsere
1037 1743 151 36 Vertiefung
1218 1744 50 26 und
1293 1744 104 26 erhöhte

527 1785 170 26 Sachlichkeit
713 1784 140 27 befördern.

587 1825 138 25 Aehnliche
740 1826 177 33 Erwägungen
932 1834 87 16 waren
1030 1834 32 19 es,
1083 1822 97 26 welche
1200 1823 39 25 die
1254 1823 141 36 englischen

528 1864 82 25 Maler
625 1864 132 35 bewegten
777 1864 53 25 sich
851 1864 24 25 in
893 1863 126 26 kleineren
1035 1861 196 28 Gesellschaften
1251 1873 145 15 zusammen

528 1913 30 16 zu
577 1903 139 30 schlicfsen,
739 1903 125 30 ähnliche,
886 1903 99 26 welche
1006 1903 25 25 in
1052 1902 94 26 Brüssel
1168 1902 51 25 und
1239 1902 158 25 Amsterdam

528 1942 83 26 kleine
625 1942 157 27 Kunstklubs
798 1942 45 26 in's
858 1942 81 26 Leben
956 1941 85 27 riefen.
1077 1944 71 23 Denn
1164 1952 76 15 wenn
1259 1941 39 26 die
1313 1941 84 36 grofse

528 1982 164 35 Ausstellung
712 1981 39 27 die
770 1982 122 26 Industrie
911 1992 29 16 zu
959 1981 127 27 nutzloser
1100 1980 245 36 Kraftvergeudung,
1367 1991 30 15 zu

528 2021 71 25 nicht
613 2021 157 31 lohnenden,
786 2021 151 25 materiellen
953 2020 97 37 Opfern
1064 2019 136 27 hinreifsen
1216 2019 75 32 kann,
1312 2030 28 16 so
1355 2019 28 27 be-

528 2060 86 25 deutet
628 2062 34 24 sie
678 2060 41 26 für
736 2061 40 25 die
791 2063 83 23 Kunst
893 2062 54 24 eine
963 2060 134 26 wirkliche
1113 2058 103 28 Gefahr.
1253 2062 48 23 Der
1315 2059 64 26 Tech-

529 2098 71 27 niker
622 2099 68 27 kann
714 2101 54 25 sich
789 2100 73 25 wohl
883 2100 94 26 einmal
999 2100 118 26 verleiten
1141 2099 78 26 lassen
1240 2100 40 24 ein
1301 2098 95 36 grofses

530 2139 154 26 Schaustück
699 2150 29 15 zu
745 2140 91 29 bauen,
852 2139 42 26 das
910 2149 49 16 nur
973 2140 43 25 der
1030 2137 144 37 gaffenden,
1192 2138 204 35 gedankenlosen

530 2179 92 33 Menge
634 2179 145 36 imponiert,
791 2179 60 25 oder
863 2189 25 15 er
899 2179 67 26 kann
979 2178 91 27 einmal
1083 2179 39 25 ein
1135 2178 172 25 maschinelles
1319 2177 66 36 Spiel-

531 2225 60 26 zeug
607 2217 182 32 konstruieren,
805 2218 43 26 das
863 2221 73 23 Lärm
952 2218 85 26 macht
1053 2217 51 26 und
1120 2215 108 32 auffällt,
1249 2217 66 26 ohne
1331 2212 65 30 doch

532 2256 81 25 einem
627 2256 181 27 Kulturzweck
823 2267 30 16 zu
873 2257 98 27 dienen.
1008 2257 66 26 Aber
1094 2256 104 26 niemals
1213 2256 67 27 wird
1300 2266 24 16 er
1344 2256 53 25 sich

533 2292 47 26 auf
591 2295 38 25 die
644 2298 83 24 Dauer
743 2306 49 16 von
813 2297 85 25 seinen
919 2296 158 37 praktischen
1093 2295 85 27 Zielen
1198 2296 128 26 entfernen
1347 2295 49 26 und

533 2332 106 36 müfsige
654 2336 206 36 Hirngespinnste
881 2346 30 15 zu
931 2336 121 36 gestalten
1072 2336 138 25 versuchen
1229 2345 47 16 nur
1295 2345 43 16 um
1356 2334 41 26 des

533 2370 139 28 Auffallens
688 2375 96 26 willen.
809 2376 73 25 Doch
898 2375 38 26 die
948 2375 82 26 Maler
1043 2375 103 25 werden
1159 2384 51 16 von
1225 2374 57 26 dem
1293 2375 90 25 Riesen-

533 2408 87 27 haften
639 2411 43 26 der
695 2414 192 35 Ausstellungen
902 2425 56 16 zum
972 2416 208 33 Extravaganten,
1201 2413 197 26 Sensationellen

534 2447 119 27 verführt.
687 2453 48 24 Das
750 2454 172 30 Bescheidene,
941 2455 97 29 Kleine,
1059 2454 135 25 Harmlose
1212 2453 78 26 wirkt
1308 2456 75 23 natür-

534 2485 51 25 lich
600 2488 69 25 nicht
684 2489 115 27 inmitten
814 2493 40 24 des
870 2493 101 34 grofsen
986 2493 120 26 Marktes.
1135 2495 64 24 Wer
1214 2494 53 24 sich
1282 2492 99 26 bemerk-

536 2524 48 25 lich
607 2527 104 25 machen
731 2529 65 30 will,
817 2531 65 25 mufs
904 2540 77 18 etwas
1003 2533 69 25 recht
1091 2532 222 29 Absonderliches,
1335 2533 47 24 Ver-

537 2562 96 26 rücktes
655 2566 149 32 aushecken,
826 2569 66 26 mufs
915 2571 154 27 übertreiben
1092 2571 52 26 und
1159 2571 158 36 vergröbern.
1357 2572 39 24 Da

537 2600 99 27 kommt
651 2604 54 24 eine
719 2604 150 36 Mifsgeburt
887 2619 44 15 zur
944 2610 82 30 Welt,
1047 2621 29 15 an
1093 2611 42 25 der
1148 2610 109 30 frühere,
1275 2610 106 36 kunstge-

538 2640 104 25 wöhnte
657 2643 86 24 Zeiten
766 2644 51 25 voll
832 2646 142 27 Schaudern
992 2649 108 26 vorüber
1119 2649 80 36 gehen
1213 2650 118 26 würden:
1353 2649 42 26 das

537 2679 201 26 Sensationsbild.
760 2682 45 24 Ein
818 2684 217 33 Virtuosenstück,
1050 2688 42 25 das
1103 2698 57 16 zum
1172 2688 100 26 Sterben
1288 2688 108 36 geboren

538 2723 39 23 ist,
592 2716 41 26 das
646 2719 137 25 vernichtet
794 2721 74 30 wird,
883 2733 76 16 wenn
974 2735 23 14 es
1012 2726 81 26 seinen
1103 2727 94 26 Zweck
1213 2726 94 32 erfüllt,
1319 2737 77 17 wenn

1481 416 23 16 es
1518 416 52 17 von
1584 406 53 26 sich
1652 406 73 26 reden
1741 406 123 35 gemacht,
1888 406 42 25 das
1945 406 101 26 keinem
2065 406 102 27 inneren
2183 409 98 33 Drange
2296 406 52 26 sein

1478 446 133 26 Entstehen
1626 445 130 31 verdankt,
1771 444 107 27 sondern
1892 444 43 26 der
1948 444 170 28 krankhaften
2133 447 78 25 Sucht
2224 445 65 27 nach
2304 455 30 27 ge-

1479 485 186 26 räuschvollem
1686 483 99 37 Erfolg,
1807 484 43 26 der
1871 485 200 36 wahnwitzigen
2092 485 116 36 Begierde
2229 485 68 26 Alles
2317 494 30 17 zu

1480 524 179 31 überschreien,
1684 534 53 16 was
1762 534 43 16 aus
1830 524 114 36 gleichen
1964 525 118 25 Motiven
2106 525 153 30 entstanden,
2279 532 68 18 etwa

1479 564 111 25 daneben
1601 565 100 34 hängen
1713 564 102 25 könnte.
1832 566 49 23 Das
1890 564 172 36 Panoptikum
2073 564 50 25 und
2136 564 39 25 die
2184 564 150 25 Schreckens-

1479 603 114 26 kammer
1621 603 153 25 bekommen
1805 601 155 37 gefährliche
1991 603 53 26 und
2077 604 46 24 mit
2151 604 65 25 allen
2244 603 103 26 Mitteln

1478 642 154 37 kämpfende
1647 642 201 26 Konkurrenten.
1891 644 49 23 Der
1954 642 178 35 widersinnige
2150 643 51 25 und
2223 643 125 26 durchaus

1479 682 214 26 unkünstlerische
1709 680 97 37 Begriff
1822 682 41 25 des
1884 688 96 29 „guten
2282 681 66 27 wird

1477 721 146 33 Jedermann
1645 721 110 36 geläufig
1777 721 53 26 und
1852 721 89 25 richtet
1962 721 26 25 in
2009 721 48 26 den
2075 721 102 36 Köpfen
2198 721 41 26 der
2255 723 78 24 Kunst-

1478 760 104 27 freunde
1602 761 52 25 und
1673 761 42 25 der
1734 760 82 26 Maler
1830 761 192 35 Verheerungen
2041 770 41 20 an,
2104 759 108 28 verdirbt
2231 760 48 26 den
2297 763 34 24 Ge-

1479 798 119 27 schmack
1615 800 50 25 und
1681 799 121 26 überreizt
1820 800 41 25 die
1875 801 111 29 Nerven,
2006 799 84 26 sodafs
2110 800 34 25 sie
2158 810 48 15 nur
2219 801 68 24 noch
2302 798 50 27 auf

1479 840 40 24 die
1534 838 197 26 allerschärfsten
1743 839 142 25 Reizmittel
1900 839 132 35 reagieren.
2064 842 64 22 Statt
2143 840 158 25 erzieherisch
2316 848 31 17 zu

1479 878 109 30 wirken,
1614 879 42 25 das
1678 878 139 26 Publikum
1838 877 202 32 heranzubilden,
2065 878 68 26 sinkt
2154 879 41 25 das
2219 881 64 23 Gros
2305 878 43 26 der

1479 918 81 25 Maler
1580 918 160 25 immermehr
1758 927 58 16 zum
1830 917 108 26 Sklaven
1957 918 41 25 des
2013 918 168 36 Kunstpübels
2199 918 75 25 herab
2294 917 53 26 und

1479 957 89 26 fröhnt
1583 957 48 26 den
1646 957 140 26 Instinkten
1802 958 43 25 der
1859 959 93 28 Masse,
1967 964 59 19 statt
2041 958 33 25 sie
2090 967 29 16 zu
2134 956 160 37 bekämpfen.

1538 998 65 24 Wer
1619 997 24 25 in
1659 996 47 26 den
1720 997 65 26 zwei
1800 996 88 26 letzten
1899 997 163 33 Jahrzehnten
2077 997 57 26 dem
2149 997 198 25 künstlerischen

1479 1035 82 26 Leben
1576 1036 26 25 in
1617 1036 130 25 München
1763 1035 169 27 aufmerksam
1946 1034 100 38 gefolgt
2060 1036 40 30 ist,
2116 1035 95 27 konnte
2226 1035 41 27 für
2281 1035 66 27 diese

1480 1075 197 35 Betrachtungen
1692 1074 103 27 vollauf
1805 1075 163 36 Bestätigung
1982 1074 90 28 finden.
2098 1077 87 24 Zuerst
2200 1074 92 27 finden
2307 1074 39 27 die

1479 1114 194 36 Ausstellungen
1695 1115 26 25 in
1742 1115 160 35 vierjährigen
1925 1115 237 25 Zwischenräumen
2185 1122 66 19 statt.
2288 1113 58 27 Und

1479 1163 51 17 von
1549 1154 82 25 einem
1647 1154 52 25 Mal
1720 1163 58 16 zum
1792 1154 93 25 andern
1904 1153 63 26 sank
1982 1154 42 26 der
2039 1155 188 25 Durchschnitt.
2262 1153 85 26 Wohl

1479 1194 100 24 brachte
1593 1194 93 25 einmal
1701 1193 65 25 diese
1781 1194 107 29 Nation,
1909 1193 67 25 dann
1991 1194 55 24 eine
2061 1194 88 25 andere
2164 1194 40 24 ein
2219 1203 58 26 paar
2292 1194 42 24 her-

1478 1232 153 35 vorragende
1646 1232 168 26 Kunstwerke
1833 1233 55 29 mit,
1911 1233 73 25 wohl
2003 1243 86 16 waren
2109 1233 39 26 die
2168 1243 59 26 paar
2246 1232 101 36 grofsen

1478 1273 110 28 Namen,
1611 1272 39 25 die
1668 1272 49 25 wir
1737 1272 27 25 in
1782 1272 171 25 Deutschland
1974 1272 89 30 haben,
2084 1273 91 25 immer
2195 1273 71 25 mehr
2287 1272 61 25 oder

1478 1311 114 35 weniger
1605 1318 47 28 gut
1664 1318 128 19 vertreten.
1815 1311 66 26 Aber
1896 1311 39 26 die
1947 1311 124 27 Auswahl
2084 1322 48 15 von
2144 1311 91 26 älteren
2247 1311 100 26 Bildern

1478 1351 90 25 wurde
1588 1350 89 26 immer
1702 1361 87 25 enger,
1814 1350 43 26 das
1877 1350 145 27 fieberhafte
2043 1350 115 27 Schaffen
2180 1351 42 25 der
2245 1350 99 36 grofsen

1478 1392 84 24 Masse
1576 1389 42 26 der
1632 1389 209 37 Mittelmäfsigen
1861 1389 89 27 immer
1965 1389 204 31 unerfreulicher,
2188 1400 28 16 so
2235 1389 54 27 dafs
2304 1389 43 26 der

1479 1428 224 27 Gesamteindruck
1720 1430 87 25 immer
1822 1429 145 36 trübseliger
1977 1430 97 26 -wurde.
2096 1431 59 24 Und
2171 1429 34 26 als
2220 1439 57 16 man
2293 1438 53 17 nun

1478 1468 100 26 endlich
1605 1468 39 26 die
1665 1469 164 35 vierjährigen
1849 1469 220 25 Zwischenräume
2095 1468 107 37 aufgab,
2227 1469 57 33 Jahr
2305 1467 41 27 für

1476 1509 57 32 Jahr
1553 1508 45 25 den
1615 1508 142 36 Glaspalast
1777 1507 144 26 aufmachte
1941 1508 51 25 und
2010 1508 40 25 die
2065 1508 63 26 Zahl
2144 1508 42 25 der
2200 1510 144 24 Nummern

1477 1548 119 25 ■wachsen
1616 1547 52 25 und
1687 1547 119 26 wachsen
1827 1546 63 30 liefs,
1911 1547 90 26 -wurde
2022 1557 24 15 es
2068 1548 38 25 ein
2121 1547 138 26 Schrecken
2281 1549 65 24 ohne

1477 1587 77 25 Ende.
1587 1587 81 25 Nicht
1687 1587 90 24 einmal
1796 1587 71 24 mehr
1887 1587 40 24 die
1942 1587 81 25 Maler
2042 1587 177 26 interessierten
2238 1587 51 26 sich
2305 1585 41 28 für

1478 1626 40 25 die
1543 1626 80 25 vielen
1642 1625 117 26 Hundert
1778 1626 194 32 Quadratmeter
1994 1626 118 26 bemalter
2134 1626 147 31 Leinwand,
2303 1637 29 25 ge-

1477 1665 128 35 schweige
1626 1664 66 25 denn
1713 1664 41 25 das
1770 1664 143 26 Publikum.
1949 1665 59 25 Und
2028 1667 65 32 jener
2108 1665 109 31 Fremde,
2240 1665 42 26 der
2301 1664 48 28 auf

1477 1704 40 26 die
1538 1705 82 34 Frage,
1642 1703 34 26 ob
1695 1713 25 15 er
1738 1703 66 25 denn
1824 1703 76 26 dieses
1918 1704 58 33 Jahr
1996 1705 79 25 schon
2093 1705 35 26 im
2144 1705 140 36 Glaspalast
2302 1714 29 26 ge-

1477 1753 94 21 wesen,
1591 1749 164 20 antwortete:
1784 1743 74 31 „Ach
1873 1753 63 20 was,
1957 1744 30 26 da
2007 1744 43 26 bin
2068 1744 40 26 ich
2129 1747 23 31 ja
2173 1744 97 36 voriges
2288 1745 58 32 Jahr

1477 1789 48 19 erst
1539 1782 54 26 drin
1760 1783 43 25 hat
1815 1782 87 26 Vielen
1917 1792 41 16 aus
1971 1783 43 25 der
2024 1784 67 25 Seele
2102 1784 162 35 gesprochen.
2290 1786 54 23 Wo

1477 1822 93 26 sollten
1588 1822 66 25 auch
1672 1821 26 26 in
1717 1822 82 25 einem
1814 1821 93 26 kurzen
1919 1823 59 33 Jahr
1996 1823 39 25 die
2055 1824 78 25 vielen
2149 1824 131 25 Tausende
2295 1832 50 16 von

1477 1868 87 29 guten,
1586 1871 81 15 neuen
1683 1861 98 26 Bildern
1803 1861 175 31 herkommen,
2000 1863 39 25 die
2058 1864 172 24 anzuschauen
2250 1872 22 16 es
2293 1862 51 26 sich

1477 1902 44 25 der
1535 1901 80 25 Mühe
1631 1901 135 26 verlohnte.
1798 1903 30 24 Es
1843 1901 70 26 leben
1927 1904 23 32 ja
1965 1902 39 25 ein
2021 1912 58 26 paar
2094 1902 112 25 Dutzend
2222 1902 83 25 Maler
2318 1902 26 25 in

1477 1941 141 29 München,
1636 1940 56 26 aber
1707 1941 54 25 sind
1775 1941 66 26 diese
1852 1941 80 25 Maler
1947 1942 65 25 auch
2027 1941 46 25 alle
2090 1941 130 26 Künstler?
2234 1943 110 24 Können

1477 1981 33 24 sie
1527 1990 22 15 es
1565 1980 66 26 sein?
1656 1982 49 24 Das
1720 1980 55 26 sind
1790 1980 123 26 durchaus
1929 1980 154 26 ehrenwerte
2098 1983 82 29 Leute,
2196 1981 39 25 die
2250 1982 79 25 Kunst-

1477 2029 85 16 waren
1588 2020 146 35 anfertigen,
1763 2020 92 26 höchst
1880 2020 116 26 achtbare
2021 2022 114 29 Männer,
2164 2020 40 26 die
2232 2020 52 26 sich
2309 2020 35 25 im

1477 2057 137 27 Schweifse
1636 2059 63 25 ihres
1720 2060 149 34 Angesichts
1891 2060 39 24 ihr
1949 2061 59 23 Brot
2029 2059 140 26 verdienen.
2206 2062 71 23 Denn
2299 2057 49 27 auf

1477 2098 57 25 dem
1545 2098 87 25 Markt
1644 2098 67 25 mufs
1726 2099 40 24 die
1779 2100 77 24 Ware
1867 2099 64 25 nach
1946 2099 57 25 dem
2015 2098 157 26 Geschmack
2186 2099 41 25 des
2239 2098 104 26 Käufers

1477 2138 60 30 sein,
1559 2138 89 35 gerade
1666 2147 27 15 so
1714 2137 71 30 bunt,
1807 2138 89 35 gerade
1911 2148 28 15 so
1959 2138 92 30 trivial,
2069 2139 52 25 -wie
2139 2148 25 15 er
2183 2148 23 16 es
2221 2138 122 35 verlangt,

1477 2177 54 25 und
1546 2177 197 35 wohlgeordnet
1758 2187 50 15 von
1823 2177 64 26 allen
1902 2179 95 24 Sorten.
2019 2178 86 26 Etwas
2120 2178 112 25 Heiteres
2246 2176 43 27 für
2303 2177 40 25 die

1477 2216 189 35 Gutgelaunten
1682 2216 51 25 und
1753 2217 39 25 ein
1808 2217 84 35 wenig
1908 2219 94 23 Ernstes
2020 2215 42 27 für
2079 2217 40 25 die
2139 2217 203 30 Sentimentalen,

1477 2256 39 25 ein
1538 2256 76 25 leicht
1628 2256 192 26 verständlicher
1834 2257 72 25 Witz
1926 2255 42 27 für
1985 2256 40 26 die
2045 2255 160 27 Denkfaulen
2228 2256 52 26 und
2301 2255 43 27 für

1477 2295 40 26 die
1540 2294 228 27 Nachdenklichen
1797 2295 39 26 ein
1864 2295 93 26 kleines
1982 2295 163 26 Bilderrätsel.
2197 2297 146 34 Vergnügte

1477 2335 122 29 Mönche,
1622 2334 211 27 melancholische
1852 2337 122 29 Nonnen,
1996 2335 103 26 saubere
2113 2335 104 30 Dirnen,
2240 2335 103 35 kernige

1477 2375 104 28 Bauern,
1597 2373 47 26 alle
1659 2374 40 25 die
1714 2381 45 28 gut
1774 2374 166 25 etikettierten
1952 2373 166 31 Schubladen,
2130 2373 41 26 die
2185 2374 43 25 das
2242 2375 100 35 geehrte

1477 2412 135 26 Publikum
1634 2423 83 26 genau
1736 2413 78 26 kennt
1836 2414 51 25 und
1908 2423 50 15 von
1973 2415 96 23 Herzen
2086 2411 70 32 liebt,
2178 2417 99 22 müssen
2296 2413 47 25 mit

1477 2460 45 28 gut
1535 2452 162 36 gearbeiteter
1709 2454 77 24 Ware
1802 2452 91 36 gefüllt
1908 2452 60 25 sein.
1990 2452 60 25 Und
2068 2452 154 26 ehrenwerte
2233 2454 109 24 Männer

1477 2492 54 25 sind
1551 2502 33 19 es,
1605 2492 41 25 die
1664 2492 43 25 das
1722 2493 185 28 Meisterstück,
1929 2491 43 25 das
1992 2492 33 24 sie
2044 2491 92 25 einmal
2154 2491 124 36 gefertigt,
2301 2490 42 27 für

1477 2531 43 26 das
1532 2530 129 26 Bedürfnis
1676 2532 40 25 des
1728 2532 79 34 Tages
1818 2531 95 26 wieder
1927 2530 52 25 und
1990 2530 94 26 wieder
2095 2531 131 27 herstellen
2240 2532 26 25 in
2281 2531 46 26 end-

1477 2570 69 25 losen
1556 2570 243 35 Wiederholungen.
1815 2572 125 31 Märtyrer
1950 2568 47 31 oft,
2010 2570 40 25 die
2062 2580 72 25 gerne
2145 2577 78 20 etwas
2234 2573 108 24 Besseres

1477 2610 127 30 möchten,
1620 2609 66 26 auch
1705 2610 114 25 könnten
1841 2609 135 29 vielleicht,
1999 2609 50 26 und
2071 2609 67 27 doch
2158 2620 49 16 von
2226 2610 42 26 der
2287 2613 42 31 täg-

1476 2649 83 26 lichen
1571 2651 76 34 Sorge
1659 2649 88 25 immer
1758 2648 94 27 -wieder
1863 2648 156 35 bezwungen
2033 2649 111 26 -werden.
2171 2650 65 25 Aber
2247 2652 80 23 Künst-

1476 2688 34 26 ler
1528 2688 54 26 sind
1605 2689 32 25 sie
1658 2688 78 31 nicht,
1758 2688 89 35 gerade
1868 2697 28 17 so
1914 2688 95 35 wenig,
2030 2688 52 26 wie
2101 2689 47 25 alle
2167 2688 175 26 Schriftsteller

1477 2728 105 25 Dichter
1596 2727 64 26 sind.
1697 2729 36 24 Zu
1749 2727 65 26 allen
1829 2727 84 26 Zeiten
1930 2727 44 26 hat
1989 2737 23 16 es
2027 2728 85 25 solche
2126 2729 82 25 Maler
2222 2728 118 36 gegeben,

1520 2918 0 0 244
