2232 3797
542 200 390 42 L'ENSEIGNEMENT
966 214 59 26 DU
1060 213 148 27 CHANT
1241 214 53 25 ET
1330 213 77 27 LES
1441 205 242 35 MÉTHODES

100 208 76 36 262

99 311 250 46 méthodes,
376 324 57 26 ou
456 314 21 35 à
515 323 85 38 peu
637 315 118 47 près,
792 317 76 31 ont
898 308 117 39 droit
1035 307 54 39 de
1128 308 83 38 cité
1246 322 55 24 au
1346 305 350 45 Conservatoire
1735 317 8 38 ;
1780 314 146 32 toutes
1964 313 77 32 ont
2077 305 53 40 de

99 380 116 41 bons
235 383 134 37 côtés.
393 379 122 40 Elles
534 388 76 31 ont
637 378 38 40 le
712 386 85 32 tort
820 378 53 38 de
910 390 45 26 se
977 376 265 40 contredire.
1267 374 161 42 Garcia
1463 375 94 41 seul
1599 390 23 25 a
1646 379 182 49 pénétré
1860 375 39 39 le
1937 379 194 47 mystère

98 450 145 44 vocal,
269 458 41 30 et
331 456 212 45 pourtant
566 447 29 40 il
618 461 21 25 a
663 459 58 39 pu
743 460 46 26 se
814 455 199 43 tromper
1035 459 76 26 sur
1134 445 39 40 le
1188 444 258 41 mécanisme
1469 445 54 40 de
1540 446 194 39 certains
1761 445 142 46 traits,
1939 452 95 32 tout
2076 456 54 26 en

101 517 138 42 fixant
263 519 50 38 de
351 532 89 25 visu
482 517 38 39 le
562 517 126 51 point
711 517 143 50 précis
879 522 57 33 où
967 515 37 40 le
1028 528 83 27 son
1135 515 139 52 prend
1318 517 251 38 naissance.
1610 513 121 41 C'est
1775 518 22 35 à
1836 513 39 40 la
1910 514 173 39 science
2108 516 20 36 à

99 592 121 36 créer
243 602 59 24 un
325 586 155 40 accord
515 585 298 40 harmonieux
833 593 124 32 entre
990 585 64 39 les
1072 590 184 35 maîtres
1280 585 53 39 de
1357 585 133 40 chant
1516 595 6 36 ;
1541 585 157 40 accord
1725 585 76 50 qui
1824 597 55 26 ne
1902 581 227 42 s'établira

98 657 160 52 jamais
291 656 52 38 de
378 655 250 48 lui-même,
654 663 41 30 et
716 654 92 40 cela
832 668 55 26 au
912 654 144 51 grand
1100 654 225 52 préjudice
1349 654 78 40 des
1448 654 163 40 élèves.
1637 653 32 40 Il
1700 661 66 32 est
1787 658 88 35 très
1898 651 91 41 bon
2023 650 107 54 qu'il

99 741 27 37 y
151 727 58 38 ait
230 725 78 39 des
324 737 109 27 vues
457 722 256 41 différentes
748 737 76 26 sur
846 723 39 40 le
915 727 145 36 même
1084 724 114 52 sujet
1224 736 8 35 ;
1252 725 114 38 mais
1403 724 27 39 il
1448 722 109 49 faut,
1589 722 151 52 quand
1766 737 59 25 un
1849 723 194 39 exercice
2066 729 66 31 est

101 795 347 52 physiquement
470 793 205 40 mauvais
699 802 41 31 et
765 792 89 40 mal
880 794 213 51 compris,
1117 795 125 38 avoir
1262 793 38 40 le
1323 806 198 37 courage
1547 792 54 40 de
1619 792 38 40 le
1679 792 94 40 dire
1796 792 144 52 plutôt
1972 804 85 38 que
2079 790 53 40 de

99 867 127 38 nuire
251 868 21 35 à
294 863 167 40 l'élève.
489 861 161 54 Quelle
675 862 115 41 belle
828 863 211 40 méthode
1079 876 58 27 on
1158 861 130 41 ferait
1322 876 54 26 en
1416 863 286 52 supprimant
1735 875 87 26 une
1852 861 158 52 partie,
2046 873 86 27 une

101 939 88 35 très
206 933 172 51 grande
400 934 143 51 partie
566 932 78 40 des
668 932 235 39 méthodes
927 932 214 39 actuelles
1162 931 7 40 !
1195 931 72 42 On
1291 931 230 53 prendrait
1545 932 38 39 le
1608 931 207 40 meilleur
1844 931 54 39 de
1933 930 199 39 chacune

103 1004 25 38 d
148 1002 122 44 elles,
294 1011 40 31 et
355 1002 39 39 le
418 1000 258 54 professeur
696 1002 133 38 serait
852 1010 105 31 tenu
983 1001 301 50 d'enseigner,
1311 1014 90 27 non
1436 1014 46 26 sa
1508 1014 166 39 propre
1709 1000 212 40 méthode
1943 999 167 40 exclusi-

101 1080 195 37 vement,
325 1072 114 38 mais
463 1070 40 40 la
529 1069 193 40 méthode
752 1070 78 40 des
854 1069 216 40 méthodes
1077 1102 8 15 ,
1125 1070 226 40 contrôlée
1387 1084 81 38 par
1492 1070 63 40 les
1579 1079 199 31 savants.

159 1140 31 40 Il
216 1141 134 39 serait
371 1139 89 41 bon
479 1140 120 39 aussi
616 1139 53 39 de
686 1139 207 39 marcher
914 1152 104 27 avec
1035 1152 81 27 son
1136 1148 144 43 temps
1298 1152 5 30 ;
1326 1139 247 40 l'abandon
1600 1139 158 52 partiel
1781 1139 53 39 de
1857 1138 39 40 la
1922 1139 210 51 musique

104 1209 322 43 ornementale,
472 1209 39 38 la
543 1221 149 37 vogue
716 1209 204 51 toujours
943 1209 249 39 croissante
1230 1208 59 40 du
1329 1208 135 40 chant
1499 1208 124 50 large
1659 1216 41 31 et
1741 1208 302 51 dramatique,
2070 1207 63 39 les

106 1279 240 40 tendances
368 1277 365 50 wagnériennes,
760 1277 182 39 doivent
978 1275 259 41 fatalement
1269 1277 250 40 introduire
1559 1277 78 40 des
1672 1277 325 50 changements
2020 1276 113 39 dans

106 1348 63 39 les
193 1346 236 40 méthodes
452 1357 8 35 ;
484 1345 40 40 la
548 1358 110 39 pose
675 1345 55 39 de
750 1345 40 40 la
807 1347 119 48 voix,
954 1359 46 26 sa
1025 1345 151 40 bonne
1197 1347 215 45 sonorité,
1445 1346 40 39 la
1504 1347 324 39 connaissance
1849 1345 77 40 des
1948 1345 185 40 timbres

104 1425 40 31 et
169 1416 54 39 de
247 1416 119 39 leurs
391 1427 272 34 ressources,
707 1414 269 40 deviennent
1019 1415 53 40 de
1096 1416 218 39 nécessité
1337 1416 208 51 pratique
1568 1425 8 39 ;
1620 1415 148 40 tandis
1804 1428 86 39 que
1930 1414 200 51 l'agilité,

106 1498 105 26 sans
234 1489 91 35 être
346 1483 315 46 abandonnée,
689 1492 65 31 est
780 1483 207 53 reléguée
1001 1498 56 25 au
1073 1484 162 40 second
1258 1484 120 52 plan,
1411 1484 63 40 les
1495 1493 124 31 tours
1643 1484 53 40 de
1721 1484 118 40 force
1858 1498 171 26 vocaux
2049 1497 84 39 que

105 1554 175 40 Berlioz
306 1553 195 52 appelait
524 1552 320 52 plaisamment
870 1564 21 26 ((
913 1552 166 41 l'Ecole
1103 1553 59 40 du
1185 1555 109 50 petit
1314 1554 127 39 chien
1471 1565 36 36 »,
1533 1554 231 40 devraient
1783 1552 101 41 bien
1909 1566 81 27 eux
2012 1554 121 38 aussi

105 1623 236 40 demeurer
364 1622 237 52 l'apanage
641 1622 53 39 de
734 1630 68 32 cet
844 1623 271 39 intéressant
1140 1623 307 52 quadrupède.
1476 1621 285 54 Qu'importe
1794 1637 55 26 au
1873 1622 152 53 public
2049 1635 86 39 que

103 1691 46 40 M
155 1690 37 24 lle
214 1691 51 40 X.
313 1692 197 51 glapisse
536 1706 57 25 un
614 1690 49 51 fa
703 1692 187 49 suraigu
912 1696 15 35 ?
952 1690 160 41 Est-ce
1136 1691 115 40 donc
1295 1707 59 24 un
1392 1700 224 43 avantage
1658 1692 172 40 d'avoir
1873 1692 39 39 le
1948 1700 185 43 tympan

104 1766 128 48 percé
255 1776 81 37 par
355 1774 70 26 ces
445 1762 85 38 cris
554 1759 212 40 maladifs
787 1764 15 35 ?
827 1759 54 41 Et
903 1759 152 41 faut-il
1081 1761 62 40 les
1176 1775 282 36 encourager
1479 1765 16 36 ?
1516 1761 99 41 Une
1639 1761 149 40 bonne
1809 1761 213 40 méthode
2041 1761 94 40 doit

105 1832 184 49 ignorer
308 1830 62 40 les
395 1839 124 30 tours
540 1830 52 39 de
616 1827 118 42 force
759 1831 74 50 qui
859 1837 124 32 tuent
1020 1829 40 40 la
1086 1832 99 38 voix
1225 1830 53 40 de
1304 1830 185 40 l'artiste
1513 1839 41 31 et
1592 1830 231 40 déchirent
1856 1829 185 41 l'oreille
2080 1830 55 40 de

106 1898 11 40 1
139 1898 219 40 auditeur.
382 1896 62 41 M.
470 1896 570 54 Bourgault-Ducoudray,
1063 1898 113 40 dans
1218 1914 59 24 un
1319 1907 183 43 l'apport
1526 1912 77 26 sur
1626 1900 39 38 le
1698 1899 151 47 chant,
1898 1897 237 55 s'exprime

108 1969 114 39 ainsi
249 1983 6 24 :

164 2049 18 26 ((
206 2034 64 41 La
296 2035 169 51 qualité
485 2035 57 39 du
564 2048 82 26 son
663 2036 120 38 vient
804 2035 54 39 cle
882 2035 39 40 la
940 2037 200 38 manière
1163 2036 108 40 dont
1292 2036 27 40 il
1341 2044 65 32 est
1426 2037 112 39 émis
1564 2048 9 37 ;
1597 2050 87 26 une
1706 2038 101 39 voix
1827 2037 89 39 mal
1940 2042 134 47 posée
2090 2051 45 26 se

110 2118 20 27 ((
156 2105 117 40 brise
298 2105 112 38 dans
434 2117 46 26 sa
501 2104 124 39 fleur.
649 2102 154 53 Quant
828 2109 21 34 à
875 2104 38 40 la
932 2103 258 56 respiration
1199 2137 9 16 ,
1235 2105 84 40 elle
1359 2120 21 24 a
1406 2119 86 26 une
1513 2107 279 51 importance
1813 2107 203 51 capitale,
2044 2121 89 26 non

109 2187 19 26 ((
155 2174 249 40 seulement
428 2187 55 26 au
501 2175 127 50 point
651 2173 54 40 de
727 2187 85 26 vue
831 2173 58 40 du
919 2174 149 49 chant,
1094 2176 115 37 mais
1239 2189 56 25 au
1319 2176 125 51 point
1477 2175 54 40 de
1573 2189 86 26 vue
1684 2175 53 40 cle
1762 2175 38 40 la
1830 2180 127 35 santé
1986 2177 53 38 de
2063 2176 54 39 l'é-

109 2255 18 27 ((
155 2243 96 40 lève
277 2254 34 28 ».
338 2240 71 42 On
433 2255 54 26 ne
508 2244 169 37 saurait
708 2243 146 39 mieux
878 2243 93 38 dire
990 2254 7 27 ;
1027 2251 114 31 reste
1166 2246 21 35 à
1209 2244 148 38 savoir
1384 2244 52 46 si,
1456 2243 113 39 dans
1594 2243 39 40 la
1658 2245 207 51 pratique
1887 2244 53 40 cle
1965 2244 149 40 l'ensei-

105 2320 231 43 gnement,
362 2324 71 27 ces
474 2311 238 40 excellents
738 2311 191 40 conseils
961 2319 101 31 sont
1082 2312 140 39 suivis
1246 2326 7 24 :
1277 2321 40 30 et
1342 2321 176 31 surtout
1552 2312 92 40 s'ils
1677 2323 194 41 peuvent
1896 2314 137 40 l'être.
2070 2313 61 40 La

107 2382 268 52 respiration
393 2380 153 41 vocale
571 2394 21 25 a
614 2394 70 27 ses
727 2380 83 40 lois
844 2394 86 38 que
954 2380 40 40 la
1019 2382 206 50 pratique
1248 2380 221 41 découvre
1505 2387 129 46 après
1659 2382 53 40 de
1753 2382 132 51 longs
1928 2386 180 37 tâtonne-

108 2458 146 32 ments
277 2454 16 36 ?
318 2448 63 42 Or
404 2450 172 52 jusqu'à
603 2455 194 47 présent,
837 2450 39 39 le
910 2463 130 39 corps
1065 2450 187 40 musical
1276 2452 272 49 enseignant
1573 2465 21 25 a
1620 2455 219 48 peut-être
1880 2451 36 40 la
1962 2453 173 39 science

107 2518 162 50 infuse,
310 2533 21 25 a
356 2520 320 38 certainement
713 2519 39 39 la
797 2520 172 38 science
994 2521 223 50 pratique,
1244 2520 113 39 mais
1381 2533 54 26 ne
1474 2533 46 26 se
1555 2520 107 39 rend
1688 2533 80 38 pas
1809 2519 326 43 suffisamment

106 2597 177 44 compte
306 2588 53 39 de
383 2586 292 52 l'organisme
697 2588 142 48 vocal,
867 2603 53 24 au
945 2589 125 50 point
1094 2589 54 38 de
1170 2602 84 26 vue
1275 2589 253 52 théorique.
1555 2587 79 46 Or,
1655 2603 114 38 pour
1787 2590 169 51 diriger
1975 2591 40 40 la
2032 2592 101 39 voix

106 2658 77 39 des
204 2665 165 35 autres,
395 2671 115 38 pour
533 2657 38 39 la
599 2655 229 47 réformer,
849 2657 28 39 il
912 2656 92 41 faut
1038 2655 239 54 s'appuyer
1293 2672 76 25 sur
1394 2658 38 39 la
1456 2664 148 33 nature
1632 2671 7 32 ;
1665 2667 42 31 et
1730 2659 113 39 dans
1867 2659 203 53 l'espèce,
2095 2660 40 39 la

108 2731 228 35 connaître
359 2726 113 39 dans
492 2740 44 25 sa
564 2725 336 40 manifestation
924 2726 292 51 primordiale
1243 2742 6 24 :
1279 2727 38 39 le
1342 2726 171 45 souffle,
1541 2728 39 38 le
1604 2740 100 35 son,
1728 2728 118 40 leurs
1878 2742 257 27 ressources

108 2804 42 31 et
173 2796 97 39 leur
289 2796 287 39 mécanisme.
603 2794 252 54 J'aimerais
891 2796 148 38 mieux
1062 2810 60 24 un
1146 2795 258 51 professeur
1443 2798 74 50 qui
1547 2796 239 41 donnerait
1813 2812 61 25 un
1897 2799 212 49 enseigne-

109 2872 120 32 ment
253 2864 235 51 théorique
524 2878 83 37 pur
643 2876 105 26 sans
773 2864 160 50 jamais
973 2867 186 36 émettre
1192 2879 57 25 un
1275 2878 82 26 son
1380 2865 137 51 qu'un
1536 2865 54 39 de
1627 2879 71 26 ces
1722 2865 142 40 beaux
1895 2866 241 41 chanteurs

110 2934 75 51 qui
214 2932 207 43 forment,
468 2936 21 35 à
531 2932 130 39 l'aide
699 2932 53 39 de
774 2932 222 40 vocalises
1034 2945 105 27 sans
1163 2930 77 50 fin,
1262 2933 78 40 des
1365 2933 147 40 élèves
1533 2933 262 52 incapables
1815 2935 54 40 de
1893 2949 46 26 se
1969 2936 168 51 diriger

108 3006 277 36 eux-mêmes
409 3001 112 40 clans
547 3001 38 39 la
626 3002 98 39 voie
764 3001 214 40 musicale
1001 3010 41 31 et
1082 3003 249 51 artistique.

164 3070 21 55 J
206 3072 39 38 ai
285 3074 183 37 nommé
490 3069 61 40 M.
578 3068 184 42 Manuel
800 3068 178 50 Garcia,
1002 3070 267 41 l'inventeur
1301 3071 60 40 du
1392 3071 330 54 laryngoscope
1754 3087 104 27 avec
1896 3072 238 52 Czermak,

109 3154 175 26 comme
306 3139 165 41 faisant
497 3139 39 40 la
562 3139 101 52 plus
688 3140 220 39 heureuse
933 3141 231 51 exception
1184 3144 22 36 à
1230 3154 71 26 ces
1321 3150 262 31 errements.
1614 3141 30 40 Il
1670 3156 20 25 a
1717 3156 55 26 en
1801 3143 194 52 quelque
2018 3154 119 31 sorte

110 3210 215 40 introduit
345 3209 39 39 la
406 3207 194 40 méthode
620 3208 330 54 expérimentale
972 3209 111 39 dans
1108 3209 96 40 l'art
1228 3210 59 40 du
1318 3210 133 40 chant
1475 3222 7 28 :
1522 3219 42 31 et
1604 3210 67 40 s'il
1707 3226 21 25 a
1769 3226 60 38 pu
1866 3225 46 27 se
1940 3221 197 44 tromper

110 3279 247 43 lui-même,
385 3278 111 40 dans
520 3280 218 38 certaines
771 3278 54 39 de
865 3291 69 27 ses
965 3278 279 41 déductions,
1279 3292 46 27 sa
1365 3280 211 40 méthode
1615 3281 384 51 d'investigation,
2041 3282 92 47 elle,

112 3357 165 30 restera
303 3346 236 41 infaillible
557 3356 40 31 et
621 3347 200 40 donnera
847 3347 39 39 la
909 3346 87 41 clef
1011 3347 53 40 de
1082 3356 101 31 tous
1214 3347 63 41 les
1301 3349 309 52 phénomènes
1633 3363 187 37 vocaux,
1844 3364 174 27 comme
2054 3351 83 40 elle

113 3430 22 25 a
154 3417 97 51 déjà
273 3417 148 39 donné
446 3431 83 25 aux
567 3416 227 39 médecins
818 3416 40 39 la
882 3415 87 41 clef
988 3416 105 40 d'un
1117 3417 144 50 grand
1301 3417 190 41 nombre
1529 3419 54 40 de
1624 3419 219 40 maladies
1876 3420 58 40 du
1963 3420 170 53 larynx.

112 3484 127 40 Voici
261 3500 58 24 un
343 3487 156 38 extrait
533 3485 58 40 du
632 3494 182 43 rapport
847 3486 53 39 de
925 3483 161 43 Garcia
1121 3499 75 27 sur
1231 3487 39 39 le
1307 3487 346 53 laryngoscope,
1693 3490 159 40 extrait
1876 3490 165 40 traduit
2083 3490 54 40 de

114 3552 209 50 l'anglais
351 3562 40 31 et
413 3567 86 38 que
522 3553 71 52 j'ai
614 3554 58 40 dû
694 3554 113 51 jadis
832 3558 21 36 à
876 3554 39 40 la
940 3554 325 42 bienveillance
1286 3556 53 40 de
1362 3555 61 41 M.
1451 3556 261 49 Chamerot,
1740 3558 188 40 éditeur.
