2232 3797
749 209 144 26 TEMPS
929 210 115 26 FORT
1079 212 52 24 ET
1162 212 144 27 TEMPS
1341 214 154 25 FAIBLE

2058 214 74 36 257

157 300 37 40 L
213 303 198 38 éminent
454 300 245 40 théoricien
743 315 71 25 me
848 303 354 51 permettra-t-il,
1225 319 90 26 non
1356 319 79 38 pas
1471 305 54 39 de
1565 306 140 51 partir
1724 318 54 26 en
1804 318 161 37 guerre
1984 315 152 30 contre

103 370 61 40 lui
187 370 241 51 (l'autorité
471 383 70 26 me
578 371 285 51 manquerait
903 385 115 38 pour
1041 387 86 26 une
1168 374 100 40 telle
1311 376 264 51 entreprise,
1605 383 41 31 et
1681 374 39 40 le
1756 374 221 40 directeur
2009 375 54 39 de
2096 375 38 39 la

101 438 331 56 Paléographie
467 439 203 39 musicale
709 444 181 35 connaît
927 453 107 27 mon
1060 442 272 40 admiration
1372 456 114 38 pour
1519 456 70 26 ses
1632 452 184 30 travaux
1848 441 285 53 antérieurs),

98 510 114 39 mais
237 510 52 39 de
315 509 59 39 lui
415 521 203 39 exposer,
645 522 55 25 en
744 517 123 31 toute
901 510 225 47 sincérité,
1164 512 219 52 quelques
1427 512 159 40 doutes
1615 533 12 18 r
1668 512 49 54 Je
1752 511 90 41 n'ai
1877 525 80 39 pas
1993 526 54 25 en
2090 526 46 26 ce

101 587 199 31 moment
324 591 106 27 sous
452 578 62 39 les
534 590 113 39 yeux
673 587 102 30 tous
801 577 63 39 les
897 586 138 32 textes
1077 579 103 51 qu'il
1208 594 70 26 me
1302 580 194 41 faudrait
1518 594 115 40 pour
1656 579 190 54 justifier
1866 594 95 26 mes
1981 581 118 40 dires
2124 593 9 36 ;

103 661 104 26 mon
234 646 94 41 seul
346 647 120 39 désir
486 655 65 31 est
574 647 54 39 de
652 660 131 38 poser
807 660 87 26 une
919 661 56 27 ou
1000 648 114 40 deux
1140 650 250 50 questions.

157 715 219 42 Laissons
419 715 185 41 d'abord
635 716 54 39 de
727 719 112 42 côté,
866 718 35 38 si
925 730 114 27 vous
1063 717 38 40 le
1125 718 157 39 voulez
1323 717 121 50 bien,
1472 733 58 24 un
1558 721 194 49 premier
1776 728 240 41 argument
2053 733 83 26 sur

103 786 38 40 la
166 787 156 39 valeur
343 786 167 52 duquel
536 799 56 27 on
614 799 18 26 s
652 794 81 35 est,
760 786 38 51 je
818 787 132 45 crois,
976 788 183 50 mépris.
1193 785 214 41 L'auteur
1429 787 54 40 de
1508 787 40 40 la
1580 788 172 39 théorie
1783 788 207 39 nouvelle
2018 787 92 52 (sen-

102 864 93 31 tant
219 860 225 47 peut-être
468 868 85 39 que
597 855 186 50 l'usage,
826 868 54 26 en
913 855 185 52 pareille
1122 857 202 43 matière,
1350 864 65 31 est
1463 870 59 25 un
1562 855 183 52 arbitre)
1788 870 21 25 a
1851 856 222 39 demandé
2112 860 22 35 à

103 924 217 52 quelques
345 929 183 35 maîtres
571 926 369 50 contemporains
961 926 52 48 si,
1040 923 176 53 d'après
1253 938 98 37 eux,
1378 924 37 39 le
1439 924 183 52 premier
1659 931 133 47 temps
1818 924 52 38 de
1892 924 39 39 la
1970 939 162 24 mesure

101 999 58 33 est
197 1008 57 24 un
297 1000 132 47 temps
442 994 112 52 fort.
583 992 72 42 On
679 1008 19 24 a
729 994 201 52 répondu
955 995 354 49 négativement,
1336 1003 42 31 et
1411 994 37 51 je
1473 1008 55 25 ne
1568 993 115 40 m'en
1709 998 164 36 étonne
1896 1006 96 39 pas.
2018 992 117 41 Mais

102 1071 110 32 cette
234 1067 206 48 réponse,
467 1064 38 51 je
529 1065 131 45 crois,
687 1061 181 53 signifie
905 1063 289 53 simplement
1218 1063 105 53 qu'il
1350 1065 134 38 serait
1505 1062 195 41 absurde
1737 1062 281 40 d'accentuer
2041 1068 71 34 tou-

101 1131 122 51 jours
265 1133 39 39 le
329 1134 194 51 premier
547 1142 145 43 temps
726 1133 54 39 de
804 1133 38 39 la
882 1147 195 34 mesure,
1102 1142 41 31 et
1168 1133 84 40 elle
1296 1147 55 26 ne
1383 1142 105 31 veut
1513 1135 93 38 rien
1649 1133 94 39 dire
1768 1133 53 39 de
1844 1132 116 52 plus.
2003 1131 106 41 L'im-

102 1210 198 43 portant,
333 1215 116 39 pour
488 1202 63 39 les
591 1204 330 51 compositeurs
943 1204 95 51 (qui
1077 1216 54 27 ne
1174 1201 96 42 font
1295 1216 79 39 pas
1413 1202 54 40 de
1493 1202 37 39 la
1578 1203 209 50 musique
1810 1202 53 39 de
1887 1199 175 54 danse),
2088 1215 48 26 ce

103 1280 102 31 sont
229 1271 63 40 les
316 1270 227 42 membres
567 1272 54 40 de
644 1272 181 52 phrase,
869 1272 63 40 les
956 1272 206 52 phrases,
1206 1272 64 40 les
1296 1272 223 52 périodes,
1547 1272 63 40 les
1635 1277 236 47 systèmes,
1895 1281 41 30 et
1957 1284 89 27 non
2073 1279 62 31 les

103 1341 201 52 rythmes
329 1341 313 40 élémentaires
667 1341 134 52 qu'on
828 1356 188 37 marque
1041 1356 104 26 avec
1171 1342 38 40 le
1231 1341 109 41 bout
1364 1342 24 39 d
1411 1355 86 26 une
1533 1355 156 26 canne.
1715 1340 141 50 (Voir,
1884 1355 79 37 par
1985 1354 120 27 exem-

103 1410 87 52 ple,
215 1411 39 39 le
292 1411 185 51 prélude
500 1411 54 39 de
577 1410 201 53 Parsifal
785 1442 8 13 ,
840 1413 74 50 qui
939 1420 65 31 est
1044 1426 60 25 un
1141 1411 177 40 modèle
1356 1411 54 39 de
1451 1413 305 37 construction
1782 1410 257 53 rythmique
2093 1420 41 30 et

103 1486 57 33 où
185 1480 62 39 les
279 1479 154 40 barres
472 1480 53 39 de
561 1493 178 27 mesure
770 1493 55 27 ne
862 1481 155 51 jouent
1060 1490 211 42 pourtant
1295 1495 145 26 aucun
1463 1480 91 39 rôle
1578 1495 55 25 au
1655 1481 125 50 point
1799 1480 54 39 de
1872 1493 84 26 vue
1999 1480 52 39 de
2095 1479 38 39 la

104 1549 125 52 place
258 1549 79 40 des
360 1558 145 43 temps
526 1548 110 41 forts
660 1557 41 32 et
722 1548 198 52 faibles.)

164 1618 28 39 Il
216 1634 28 36 y
268 1632 21 25 a
315 1619 121 39 aussi
480 1633 59 24 un
566 1627 124 31 autre
715 1627 255 41 argument,
1015 1619 164 51 auquel
1205 1619 37 51 je
1268 1632 53 26 ne
1361 1618 273 40 m'arrêterai
1660 1632 94 37 pas.
1792 1617 89 40 Des
1904 1619 195 51 composi-

104 1696 119 30 teurs
247 1687 58 39 du
329 1702 69 24 xvi
404 1691 14 17 e
442 1687 148 46 siècle,
617 1700 114 27 nous
753 1688 161 46 dit-on,
938 1696 40 31 et
1003 1691 145 36 même
1173 1688 53 39 de
1253 1686 114 42 bons
1387 1688 329 51 compositeurs
1740 1688 384 50 contemporains,

102 1769 171 27 comme
298 1754 62 40 M.
388 1753 315 50 Saint-Saëns,
731 1764 76 32 ont
828 1757 105 39 écrit
960 1772 7 24 :
999 1756 80 39 Dé-
1112 1753 2 55 |
1143 1771 63 33 us,
1233 1765 41 31 et
1296 1770 89 26 non
1415 1753 3 55 \
1447 1756 130 39 Déus.
1606 1755 63 41 Ce
1693 1769 206 27 nouveau
1920 1769 138 37 genre
2081 1756 54 39 de

102 1824 232 53 plébiscite
362 1838 54 26 ne
440 1837 70 27 me
534 1830 144 46 paraît
701 1838 82 38 pas
806 1825 102 52 plus
942 1825 253 40 concluant.
1221 1825 98 40 Aux
1340 1825 225 52 exemples
1601 1824 255 41 favorables
1879 1829 21 35 à
1923 1825 40 39 la
1990 1825 140 47 thèse,

101 1908 57 26 on
183 1895 258 51 opposerait
484 1893 255 40 facilement
781 1891 197 42 d'autres
1002 1894 225 52 exemples
1254 1897 76 49 qui
1352 1895 39 38 la
1418 1894 320 40 contredisent.
1777 1893 50 54 Je
1867 1896 116 37 crois
2009 1893 105 40 d'ail-

105 1963 116 40 leurs
240 1977 85 38 que
344 1963 38 40 la
417 1963 134 40 chose
575 1964 39 39 la
639 1963 101 52 plus
759 1965 287 50 importante,
1068 1978 84 25 aux
1187 1977 114 39 yeux
1338 1961 105 42 d'un
1465 1963 336 52 polyphoniste,
1825 1963 104 40 c'est
1954 1963 180 40 l'entrée

104 2032 77 40 des
214 2034 165 51 parties
407 2043 5 28 :
438 2033 28 39 il
504 2031 77 41 fait
621 2041 146 31 entrer
806 2032 40 40 la
891 2033 162 52 phrase
1077 2041 314 42 commençant
1430 2047 80 38 par
1533 2032 116 39 Déus
1673 2046 55 25 au
1752 2044 21 25 ((
1809 2032 95 40 levé
1927 2044 36 33 )),
1987 2034 35 38 si
2043 2032 89 40 cela

99 2100 193 42 favorise
325 2115 82 27 son
447 2103 282 51 contrepoint
757 2114 6 33 ;
804 2102 28 39 il
876 2102 39 40 la
958 2101 99 41 fait*
1084 2111 148 31 entrer
1271 2116 55 26 au
1364 2115 19 25 «
1412 2101 158 53 frappé
1598 2113 20 27 ))
1658 2104 115 38 dans
1818 2102 39 39 le
1909 2115 76 26 cas
2025 2114 82 27 con-

107 2173 146 37 traire.

156 2238 187 55 J'arrive
367 2243 22 35 à
415 2239 217 53 quelques
659 2241 150 51 points
840 2240 75 51 qui
941 2253 69 26 me
1035 2241 253 51 paraissent
1317 2239 101 53 plus
1439 2241 190 38 sérieux.

165 2312 38 35 i°
221 2307 56 40 Et
298 2307 201 51 d'abord,
527 2321 87 26 une
638 2306 290 42 observation
954 2314 87 34 très
1074 2308 225 50 générale.
1326 2307 64 40 Le
1409 2308 178 52 rythme
1625 2308 190 40 musical
1848 2316 66 31 est
1943 2323 60 24 un
2030 2308 79 52 phé-

103 2382 193 35 nomène
339 2390 86 38 que
448 2375 186 42 l'oreille
658 2377 122 40 seule
812 2377 93 40 doit
944 2378 143 51 juger,
1110 2391 131 38 parce
1276 2391 86 38 que
1386 2376 104 41 c'est
1531 2377 85 40 elle
1653 2379 75 50 qui
1754 2377 38 40 le
1815 2381 97 36 crée
1947 2391 104 26 avec
2093 2377 39 39 la

104 2447 217 38 mémoire
357 2454 41 31 et
446 2445 106 52 qu'il
586 2445 182 40 n'existe
804 2459 86 38 que
931 2459 113 38 pour
1068 2445 96 40 elle.
1194 2444 79 51 Or,
1305 2454 145 31 toutes
1491 2446 63 39 les
1594 2444 260 42 définitions
1875 2446 56 40 du
1959 2446 175 51 rythme

105 2527 87 38 que
224 2513 71 53 j'ai
324 2519 207 35 trouvées
567 2514 112 39 dans
705 2514 40 39 la
779 2513 331 54 Paléographie
1144 2523 102 31 sont
1286 2514 129 40 faites
1440 2528 105 26 avec
1579 2515 79 39 des
1697 2517 175 48 images
1902 2514 230 47 visuelles,

105 2582 227 40 d'ailleurs
357 2588 88 34 très
465 2582 250 40 brillantes.
745 2582 63 40 Le
839 2582 175 52 rythme
1053 2591 64 32 est
1162 2583 200 39 assimilé
1386 2598 56 24 au
1483 2592 291 31 mouvement
1806 2582 133 41 d'une
1981 2596 149 37 vague

106 2653 75 50 qui
207 2650 159 41 s'élève
390 2660 41 31 et
455 2650 232 47 s'abaisse,
711 2655 22 35 à
760 2651 112 40 celui
897 2650 105 42 d'un
1037 2650 118 54 objet
1195 2653 74 51 qui
1291 2652 132 52 plane
1449 2660 41 32 et
1512 2653 123 39 vient
1658 2652 52 40 de
1743 2661 145 43 temps
1914 2665 54 26 en
1990 2660 143 44 temps

106 2721 202 41 effleurer
331 2735 57 26 ou
409 2733 20 27 ((
454 2721 185 40 toucher
660 2732 20 27 ))
703 2720 38 40 le
766 2720 83 47 sol,
879 2729 139 38 etc...,
1038 2729 100 31 etc..

163 2815 44 33 2°
230 2808 213 41 L'auteur
466 2809 54 40 de
538 2809 38 39 la
600 2808 170 41 théorie
791 2810 109 38 croit
922 2810 124 38 avoir
1068 2807 136 42 défini
1227 2808 38 40 le
1286 2810 176 51 rythme
1486 2808 161 42 absolu
1665 2817 41 32 et
1726 2822 54 26 en
1799 2811 83 45 soi,
1900 2820 20 28 ((
1943 2808 112 40 celui
2081 2808 53 40 de

106 2888 99 31 tous
229 2879 63 39 les
317 2887 143 43 temps
484 2887 42 31 et
550 2878 53 39 de
624 2886 100 32 tous
742 2877 62 40 les
842 2892 112 38 pays
980 2890 36 26 ».
1044 2876 69 41 En
1137 2878 178 52 parlant
1341 2880 130 48 ainsi,
1498 2892 54 26 ne
1576 2891 117 27 nous
1723 2878 147 40 met-il
1891 2891 80 39 pas
1994 2890 76 27 sur
2094 2877 38 39 la

105 2949 99 38 voie
226 2947 78 40 des
325 2947 249 53 objections
597 2944 135 55 qu'on
765 2956 103 43 peut
893 2947 61 40 lui
978 2946 112 40 faire
1112 2967 12 19 r

162 3034 224 53 Lorsqu'il
424 3036 159 50 dirige,
610 3035 60 40 lui
694 3034 280 50 Bénédictin,
1017 3050 59 25 un
1101 3035 155 39 chœur
1280 3035 260 52 liturgique,
1567 3035 28 39 il
1625 3048 45 27 se
1700 3034 142 41 borne
1870 3039 21 35 à
1926 3035 146 40 élever
2093 3043 41 31 et

108 3108 21 36 à
154 3104 174 40 baisser
364 3118 45 26 sa
445 3106 140 46 main,
627 3104 157 40 c'est-à
813 3105 94 39 dire
941 3108 21 36 à
988 3109 204 35 exécuter
1225 3119 60 25 un
1329 3113 290 31 mouvement
1653 3117 115 39 pour
1808 3104 62 39 les
1909 3116 116 40 yeux
2056 3104 77 38 des

106 3173 239 39 chanteurs
367 3188 7 32 ;
395 3175 44 37 ni
465 3172 255 53 lorsqu'elle
744 3182 65 31 est
833 3173 165 44 élevée,
1034 3174 45 38 ni
1101 3172 256 52 lorsqu'elle
1381 3181 65 31 est
1481 3172 222 49 abaissée,
1730 3186 46 26 sa
1799 3174 122 37 main
1946 3185 54 25 ne
2034 3184 75 38 pro-

107 3241 95 40 duit
244 3257 60 24 un
343 3255 81 26 son
449 3255 55 26 ou
538 3257 61 24 un
623 3241 119 41 bruit
780 3255 114 39 pour
930 3242 201 40 l'oreille.
1159 3240 118 41 Mais
1313 3241 29 40 il
1376 3241 101 40 n'en
1502 3243 107 38 était
1650 3254 79 39 pas
1767 3242 115 38 ainsi
1921 3240 104 40 chez
2069 3240 62 40 les

108 3312 198 39 anciens.
334 3309 276 41 Constatons
634 3309 184 41 d'abord
850 3324 46 27 ce
920 3310 79 41 fait
1022 3342 8 15 ,
1058 3324 114 27 nous
1212 3311 333 39 demanderons
1569 3311 176 38 ensuite
1787 3309 146 52 quelle
1957 3309 150 40 conclu-

108 3382 99 39 sion
230 3380 29 40 il
282 3381 206 39 convient
512 3378 99 42 d'en
638 3382 118 38 tirer.
1771 3391 25 20 *

164 3466 71 42 On
252 3469 225 51 marquait
494 3476 40 31 et
555 3481 56 27 on
635 3482 187 38 marque
846 3482 160 27 encore
1027 3469 39 40 le
1096 3469 175 53 rythme
1305 3468 112 40 dans
1442 3466 234 53 beaucoup
1700 3467 54 39 de
1790 3480 112 38 pays
1934 3480 54 26 en
2012 3465 90 53 frap-

108 3546 106 41 pant
244 3537 62 40 les
330 3538 146 38 mains
499 3551 80 36 par
607 3552 61 25 un
688 3548 288 30 mouvement
994 3535 334 52 horizontal«(et
1347 3550 90 27 non
1460 3535 258 49 vertical,ce
1739 3537 74 50 qui
1839 3535 108 40 rend
1968 3537 163 50 impro-
