2232 3797
178 251 14 0 256

758 217 143 26 TEMPS
936 216 113 26 FORT
1082 216 52 25 ET
1166 216 143 25 TEMPS
1345 215 154 26 FAIBLE

111 321 123 32 toute
259 312 182 41 l'armée
459 315 77 50 qui
565 327 21 25 a
612 325 54 27 eu
699 311 40 40 le
758 309 219 54 privilège
996 306 138 43 d'être
1158 310 213 38 instruite
1404 322 80 38 par
1508 306 137 44 Liszt,
1692 306 104 42 c'est
1840 308 60 40 lui
1940 310 75 50 qui
2049 307 92 41 s'en

113 382 288 52 rapprochait
426 381 36 40 le
482 381 120 52 plus.

171 473 45 4 —
349 454 258 36 commencé
624 458 111 31 cette
760 449 124 40 lettre
901 447 256 50 dimanche,
1177 456 41 31 et
1243 460 115 27 nous
1386 459 201 28 sommes
1605 451 21 35 à
1648 446 161 40 mardi.
1839 445 121 47 Hier,
1987 447 39 52 je
2050 448 92 38 suis

111 519 113 40 allée
247 519 105 40 chez
383 518 138 49 Liszt,
545 524 57 34 où
628 519 7 50 j
657 519 39 38 ai
727 518 152 51 appris
914 530 86 39 que
1024 516 155 41 Bulow
1206 518 151 38 venait
1391 516 229 40 d'arriver.
1650 515 89 40 Par
1769 515 369 47 extraordinaire,

113 602 146 26 aucun
280 588 122 40 élève
419 586 151 40 n'était
593 587 55 39 là.
669 595 41 31 et
732 587 38 52 je
795 600 69 26 me
888 586 225 53 disposais
1137 590 22 35 à
1175 587 156 51 partir,
1355 586 184 51 lorsque
1555 584 122 41 Liszt
1699 586 94 39 vint
1807 599 70 26 me
1894 585 247 40 demander

111 654 193 42 d'entrer
329 656 198 52 pendant
549 671 58 25 un
647 665 216 31 moment.
894 655 31 40 Il
959 669 71 26 me
1073 660 207 48 présenta
1324 659 21 35 à
1368 654 166 41 Bulow
1557 664 42 30 et
1625 656 38 51 je
1703 668 70 26 me
1812 656 173 38 trouvai
2023 655 115 39 ainsi

113 734 122 31 toute
267 725 122 41 seule
426 738 104 27 avec
561 738 71 27 ces
656 726 114 38 deux
807 725 170 51 grands
1002 726 195 39 artistes.
1235 723 242 42 N'était-ce
1515 738 81 39 pas
1619 737 87 27 une
1731 725 213 39 situation
1967 723 83 55 ?Je
2086 737 54 26 ne

113 796 132 38 restai
271 808 86 38 que
382 794 220 53 quelques
642 795 210 45 minutes,
880 794 363 47 naturellement,
1284 793 104 40 bien
1426 807 88 39 que
1539 792 162 54 j'eusse
1734 794 116 38 aimé
1881 791 260 41 m'attarder

113 863 78 40 des
215 863 178 50 heures,
419 878 75 25 car
511 872 126 31 notre
660 865 316 38 conversation
1001 865 105 38 était
1136 864 354 39 excessivement
1529 871 252 30 amusante.
1809 861 158 41 Bulow
1990 863 150 39 venait

112 932 234 41 d'achever
369 947 88 26 une
476 933 54 40 de
555 946 71 27 ses
650 933 197 50 grandes
872 937 210 36 tournées
1106 933 54 40 de
1180 941 202 32 concerts
1399 941 41 31 et
1463 934 121 38 avait
1609 936 68 35 été
1697 936 22 35 à
1739 930 206 42 Londres
1962 945 115 38 pour
2100 931 40 40 la

113 1003 222 51 première
360 1000 111 50 fois;
497 1002 28 38 il
563 1002 117 39 avait
703 1001 150 40 donné
889 1010 98 31 cent
1006 1003 130 48 vingt
1159 1010 203 32 concerts
1386 1014 54 26 en
1477 1001 219 52 quelques
1717 1000 139 41 mois!
1898 1000 31 40 Il
1962 1009 66 31 est
2053 1006 87 34 très

115 1079 240 44 attrayant,
380 1072 114 38 ainsi
513 1084 86 38 que
620 1079 99 31 tous
734 1083 72 27 ces
826 1075 184 35 maîtres
1031 1072 192 42 artistes,
1247 1072 132 43 mais,
1407 1084 174 26 comme
1602 1084 265 38 apparence,
1894 1079 95 31 tout
2014 1074 21 35 à
2060 1069 79 41 fait

114 1138 202 53 l'opposé
336 1140 54 39 de
412 1138 137 50 Liszt,
577 1143 120 36 étant
718 1140 124 51 petit,
864 1138 77 44 vif,
964 1140 121 49 léger
1105 1140 113 39 dans
1233 1153 70 26 ses
1321 1148 316 32 mouvements
1651 1154 8 33 ;
1684 1140 28 39 il
1737 1154 22 25 a
1784 1154 58 25 un
1868 1138 117 41 front
2008 1139 129 39 hardi

113 1217 41 31 et
175 1208 281 50 orgueilleux
478 1216 41 31 et
539 1207 171 41 semble
734 1206 300 54 personnifier
1058 1208 39 39 la
1123 1206 120 42 force
1266 1208 53 40 de
1341 1208 198 40 volonté.

171 1276 121 41 Liszt
327 1277 291 51 contemplait
642 1289 81 27 son
762 1288 19 27 «
816 1276 125 39 Mans
983 1288 20 26 »
1045 1275 121 53 (c'est
1209 1278 114 38 ainsi
1362 1277 106 52 qu'il
1516 1277 176 52 appelle
1731 1276 176 53 Bulow)
1949 1291 104 26 avec
2077 1292 59 25 un

113 1347 174 48 orgueil
314 1345 247 40 affectueux
584 1355 41 30 et
644 1347 241 50 paraissait
899 1351 89 34 très
1009 1345 197 40 heureux
1226 1345 55 40 de
1305 1359 81 27 son
1409 1347 186 38 arrivée.

170 1414 247 53 M'appeler
435 1423 41 32 et
494 1428 70 27 me
580 1420 233 47 présenter
834 1420 22 34 à
878 1415 174 50 Bulow,
1074 1429 55 26 au
1149 1415 87 40 lieu
1260 1415 53 40 de
1334 1429 70 26 me
1425 1415 162 40 laisser
1602 1416 154 52 partir,
1784 1416 228 50 témoigne
2033 1415 103 41 bien

112 1484 78 39 des
215 1486 225 38 manières
471 1485 248 39 courtoises
742 1484 53 39 de
831 1482 139 49 Liszt,
998 1486 75 50 qui
1099 1486 143 38 savait
1264 1498 86 38 que
1372 1486 142 51 j'étais
1538 1498 144 27 venue
1712 1498 114 39 pour
1846 1486 125 51 jouer
1993 1494 41 31 et
2060 1486 75 51 qui

113 1566 54 26 ne
189 1553 172 40 voulait
385 1566 81 38 pas
489 1566 85 38 que
588 1554 38 51 je
647 1566 68 26 me
741 1554 92 38 sois
853 1552 225 51 dérangée
1099 1566 113 39 pour
1235 1555 94 38 rien
1355 1569 66 32 ;...
1451 1555 115 38 mais
1604 1568 54 26 au
1679 1552 122 48 fond,
1829 1555 38 51 je
1891 1555 114 39 crois
2029 1552 108 54 qu'il

112 1627 73 35 eût
208 1621 174 53 préféré
402 1635 70 26 me
496 1623 99 39 voir
614 1626 22 35 à
658 1622 194 54 Jéricho.

337 1691 57 49 (A
429 1690 178 49 suivre.)

1712 1690 52 41 A.
1804 1690 105 41 FAY.

114 1930 211 51 Temps
353 1930 115 41 fort
490 1932 58 39 et
575 1932 194 50 temps
800 1929 172 42 faible
993 1945 7 25 :
1028 1933 290 38 comment
1341 1930 194 41 faut-il
1559 1930 191 41 battre
1782 1931 54 40 la
1858 1931 283 41 mesure?

167 2041 64 41 La
261 2042 324 54 Paléographie
607 2043 203 39 musicale
818 2076 6 12 ,
853 2043 172 51 dirigée
1049 2058 80 37 par
1153 2044 38 39 le
1212 2043 264 41 Bénédictin
1498 2043 116 41 Dom
1639 2043 151 41 André
1812 2043 324 54 Mocquereau,

112 2109 169 54 publie,
308 2110 160 53 depuis
490 2111 96 52 déjà
609 2111 272 52 longtemps,
905 2125 86 27 une
1011 2111 313 41 considérable
1345 2122 40 30 et
1411 2114 206 38 curieuse
1638 2113 131 40 étude
1786 2126 77 26 sur
1886 2113 38 39 le
1961 2113 175 52 rythme

113 2194 56 25 au
188 2180 113 52 sujet
323 2180 55 39 de
401 2180 193 52 laquelle
616 2181 39 51 je
673 2181 213 40 voudrais
907 2186 231 47 présenter
1167 2182 52 40 ici
1239 2182 219 52 quelques
1480 2182 313 40 observations
1821 2188 87 34 très
1931 2183 201 51 simples.

111 2247 64 41 La
200 2249 124 39 thèse
348 2257 219 32 soutenue
590 2264 80 37 par
692 2250 39 40 le
768 2258 159 32 savant
951 2251 220 40 musicien
1194 2260 66 30 est
1284 2255 20 35 à
1331 2251 38 39 la
1397 2250 85 41 fois
1507 2257 88 34 très
1618 2253 326 38 conservatrice
1983 2261 40 30 et
2048 2257 88 35 très

114 2317 406 40 révolutionnaire:
551 2318 84 39 elle
673 2319 279 47 réintroduit,
972 2319 113 40 dans
1125 2320 40 39 la
1191 2321 318 50 terminologie
1538 2323 273 50 rythmique,
1854 2321 77 39 des
1974 2330 163 31 termes

111 2401 58 37 qu
189 2399 58 26 on
273 2389 116 38 avait
412 2387 139 40 voulu
572 2401 54 26 en
647 2387 175 41 exclure
845 2401 178 27 comme
1049 2390 280 51 équivoques
1348 2403 8 34 ;
1397 2391 115 39 mais
1546 2390 85 39 elle
1654 2403 212 27 renverse
1896 2403 82 27 nos
2011 2389 102 41 habi-

113 2455 129 40 tudes
280 2455 357 41 traditionnelles
657 2470 52 26 en
736 2471 114 26 nous
885 2455 229 42 affirmant
1141 2472 85 37 que
1251 2458 38 39 le
1320 2460 197 50 premier
1547 2467 144 44 temps
1714 2458 54 40 de
1795 2458 40 40 la
1858 2471 176 27 mesure
2070 2467 67 32 est

108 2524 139 53 faible
254 2556 8 15 ,
287 2532 42 32 et
352 2538 85 38 que
462 2525 39 39 le
525 2536 143 42 temps
692 2537 21 27 ((
734 2524 85 42 fort
842 2536 21 28 »
888 2540 46 26 se
955 2535 170 41 trouve,
1150 2540 90 27 non
1265 2541 55 25 au
1338 2526 174 53 frappé,
1539 2529 114 38 mais
1677 2542 55 25 au
1757 2527 101 40 levé.
1885 2526 186 54 D'après
2095 2528 40 40 la

115 2592 365 56 Paléographie.s
486 2596 10 38 i
522 2608 57 26 011
600 2604 103 31 veut
727 2609 213 38 marquer
965 2604 322 32 correctement
1311 2596 39 40 le
1374 2597 176 51 rythme
1573 2597 109 40 delà
1708 2597 164 52 phrase
1895 2598 205 39 suivante
2127 2613 6 23 :

112 2674 81 26 ave
218 2660 135 41 màris
371 2662 121 40 stélla
500 2696 9 18 ,
529 2664 29 38 il
588 2678 54 26 ne
666 2663 93 41 faut
795 2665 199 51 pas'dire
1022 2676 7 27 :

112 2951 53 26 en
191 2937 164 41 faisant
376 2939 227 40 coïncider
624 2940 39 39 la
681 2939 171 53 syllabe
888 2945 236 35 accentuée
1144 2940 162 52 (temps
1331 2940 102 51 fort)
1458 2954 106 26 avec
1585 2940 38 39 le
1646 2939 137 41 début
1806 2940 53 40 de
1879 2940 38 40 la
1940 2954 193 37 mesure,

115 3008 112 38 mais
250 3006 29 40 il
297 3006 93 41 faut
408 3008 93 39 dire
523 3024 7 23 :

168 3263 89 42 Sur
277 3266 65 40 les
366 3265 197 53 syllabes
588 3267 196 40 initiales
809 3267 53 40 de
886 3280 70 27 ces
981 3276 116 31 mots
1123 3269 58 45 (a,
1204 3282 84 33 ma,
1313 3266 111 49 stel),
1459 3267 41 40 la
1520 3267 117 40 main
1664 3267 89 40 doit
1775 3283 19 24 s
1812 3267 133 41 élever
1965 3266 140 55 (àpjtç)
2126 3281 8 34 ;

114 3346 75 27 sur
222 3334 63 39 les
309 3333 199 54 syllabes
527 3350 62 36 ve,
612 3335 76 50 ris,
726 3336 39 39 la
776 3368 7 15 ,
811 3337 75 51 qui
920 3336 252 40 coïncident
1196 3349 105 27 avec
1322 3337 38 39 le
1393 3339 197 50 premier
1623 3346 144 43 temps
1791 3337 54 40 de
1865 3337 40 40 la
1945 3349 193 35 mesure,

113 3401 40 39 la
173 3415 118 26 main
326 3404 91 39 doit
438 3404 226 40 sabaisser
683 3403 155 54 (0£<jt;),
862 3419 175 26 comme
1055 3410 22 35 à
1100 3406 39 39 la
1165 3403 61 42 fin
1249 3406 105 40 d'un
1395 3415 308 32 mouvement.
1729 3405 121 42 C'est
1886 3407 113 40 dans
2030 3414 111 32 cette

114 3473 256 38 succession
391 3482 41 31 et
456 3481 113 32 cette
603 3474 272 53 disposition
916 3474 54 40 de
1004 3474 107 41 levés
1153 3483 41 32 et
1218 3475 52 39 de
1305 3475 191 55 frappés,
1524 3474 167 42 d'élans
1714 3485 41 31 et
1788 3476 54 40 de
1873 3484 126 45 repos
2006 3507 8 18 ,
2054 3489 86 39 que

114 3540 195 40 consiste
326 3540 39 40 le
396 3542 190 51 rythme.
