2232 3797
687 209 252 27 SOUVENIRS
973 194 135 41 D'UNE
1143 200 139 34 ÉLÈVE
1317 209 55 25 DE
1408 208 120 26 LISZT

106 210 75 38 254

105 307 221 49 gination.
352 304 67 55 J'y
440 304 214 41 voudrais
677 316 87 26 une
787 304 205 50 peinture
1013 303 146 38 moins
1199 299 298 54 superficielle
1529 310 41 31 et
1614 301 101 52 plus
1749 300 220 53 complète
2008 300 54 39 de
2090 299 39 40 la

105 376 70 38 vie
206 374 250 40 monacale.
479 372 98 41 Une
600 373 114 38 suite
737 371 53 40 de
810 372 133 51 petits
967 369 223 48 tableaux,
1216 379 40 31 et
1280 370 53 40 de
1355 383 187 28 menues
1576 370 160 40 choses
1776 383 78 26 sur
1890 369 241 51 lesquelles

106 443 254 52 s'éparpille
383 442 267 45 l'attention,
670 449 216 43 occupent
911 440 39 39 la
975 445 130 35 scène
1129 453 106 27 sans
1260 440 38 39 la
1323 439 197 53 remplir.
1545 438 86 41 Ces
1656 440 181 39 moines
1869 452 54 26 ne
1957 447 101 32 sont
2083 440 48 38 ni

108 525 123 27 assez
254 513 266 50 mystiques,
543 511 44 38 ni
609 523 123 26 assez
753 508 115 41 bons
891 510 192 49 vivants,
1108 522 115 39 pour
1242 513 91 36 être
1354 511 92 50 pris
1467 524 56 25 au
1541 510 189 39 sérieux.
1764 506 125 51 Seul,
1916 506 215 42 Boniface

108 595 21 25 a
155 581 58 39 du
235 578 127 41 relief
381 592 6 26 :
412 579 28 40 il
472 582 202 49 apparaît
709 576 187 42 d'abord
941 592 76 26 sur
1039 593 60 25 un
1133 581 99 48 âne,
1277 592 106 26 avec
1406 578 77 40 des
1527 578 135 40 fleurs
1702 586 44 31 et
1771 577 78 40 des
1874 578 257 50 provisions

107 651 328 50 appétissantes
468 646 107 53 qu'il
603 656 209 44 rapporte
831 648 58 39 du
912 648 180 40 marché
1115 663 8 32 ;
1159 657 40 31 et
1220 648 27 39 il
1269 647 117 41 suffît
1409 647 53 40 de
1486 647 95 40 dire
1602 660 87 39 que
1732 646 180 51 Fugère
1951 646 179 52 remplit

108 719 38 39 le
169 718 108 48 rôle,
298 731 113 39 pour
427 716 109 41 faire
563 717 184 40 deviner
769 717 96 40 l'art
900 726 41 31 et
962 718 39 39 la
1028 716 117 41 force
1180 719 208 50 comique
1425 715 108 54 qu'il
1569 731 28 38 y
1630 716 181 52 déploie
1835 715 6 39 !
1867 714 88 41 Les
1981 724 149 31 autres

108 789 174 39 moines
307 795 100 33 sont
438 787 321 52 quelconques.
786 786 86 41 Les
895 787 201 52 couplets
1117 800 77 27 sur
1216 787 39 39 la
1277 788 220 51 peinture,
1523 786 39 39 la
1586 785 231 52 sculpture
1837 793 41 32 et
1899 785 40 39 la
1978 786 153 51 poésie

110 866 100 31 sont
232 872 57 24 un
313 870 85 38 peu
421 856 146 52 pâles;
587 858 398 45 instinctivement,
1008 856 40 40 le
1071 858 305 50 compositeur
1395 870 21 25 a
1443 856 151 40 donné
1616 870 54 25 au
1694 854 244 40 librettiste
1963 854 39 40 la
2037 869 64 24 mu-

110 928 128 50 sique
260 926 54 40 de
338 940 81 26 son
443 926 142 40 livret.
608 924 64 41 La
691 925 180 53 légende
894 924 51 40 de
967 925 40 39 la
1030 940 135 39 sauge
1188 939 138 27 sauve
1346 929 21 35 à
1391 926 131 52 peine
1543 924 39 40 la
1609 926 241 38 situation.

165 995 62 40 Le
251 997 228 38 troisième
500 1004 93 31 acte
616 1004 66 31 est
705 995 186 52 précédé
912 995 134 40 d'une
1068 995 227 52 pastorale
1318 995 242 51 religieuse
1599 1007 54 26 en
1678 993 281 40 demi-teinte
1985 999 56 33 où
2070 1001 66 31 est

111 1067 168 50 reprise
302 1065 128 39 l'idée
453 1064 244 53 principale
721 1064 53 40 de
795 1064 40 40 la
856 1065 137 50 pièce,
1021 1064 39 40 le
1092 1065 116 40 culte
1230 1065 54 39 de
1308 1065 39 39 la
1368 1063 166 51 Vierge
1556 1062 252 53 symbolisé
1837 1077 80 37 par
1957 1070 65 32 cet
2045 1061 69 40 élé-

112 1142 109 41 gant
244 1134 152 39 dessin
423 1148 7 25 :

113 1534 123 40 Dans
260 1543 111 31 cette
393 1534 178 51 phrase,
593 1535 75 50 qui
691 1542 66 31 est
780 1547 174 26 comme
978 1533 38 40 la
1040 1535 232 49 signature
1295 1535 54 39 de
1373 1534 40 40 la
1454 1535 231 51 partition,
1722 1538 144 48 paraît
1903 1533 39 40 la
1980 1534 158 51 souple

113 1603 122 50 ligne
257 1603 236 39 d'acanthe
508 1602 219 40 familière
750 1617 54 25 au
825 1608 175 42 maître,
1025 1611 41 31 et
1088 1604 91 51 qui,
1202 1612 110 31 cette
1329 1602 101 51 fois,
1451 1616 46 27 se
1515 1613 157 30 trouve
1695 1604 298 49 ingénument
2014 1616 100 26 asso-

113 1674 91 38 ciée
229 1676 20 36 à
272 1672 128 40 l'idée
419 1671 106 41 d'un
546 1672 101 39 élan
670 1672 54 39 de
741 1674 160 50 prière,
929 1675 21 35 à
974 1672 110 39 celle
1106 1672 79 40 des
1209 1674 146 38 mains
1384 1673 163 51 jointes
1567 1682 41 30 et
1641 1672 78 40 des
1745 1672 185 50 regards
1954 1676 184 36 tournés

112 1754 100 27 vers
237 1740 39 40 la
301 1740 211 40 Madone.
538 1740 117 41 Tout
675 1754 47 26 ce
745 1741 198 52 prélude,
971 1740 131 41 d'une
1131 1742 163 40 touche
1317 1742 204 43 délicate,
1545 1750 66 31 est
1633 1741 79 40 fait
1736 1754 105 26 avec
1865 1741 63 39 les
1954 1750 100 31 tons
2075 1741 63 40 les

115 1810 100 52 plus
240 1808 86 41 fins
348 1819 41 30 et
413 1809 62 40 les
496 1810 101 52 plus
622 1809 219 41 aimables
884 1810 53 39 de
962 1809 272 41 l'orchestre.
1261 1808 121 42 C'est
1417 1811 58 39 du
1502 1809 211 42 Watteau
1739 1825 8 33 ;
1796 1808 249 48 Chérubin,
2084 1823 56 26 en

117 1879 166 52 surplis
299 1878 146 45 blanc,
480 1888 66 30 est
569 1884 186 35 entouré
786 1877 187 52 d'anges
997 1881 76 50 qui
1097 1881 201 38 sourient
1321 1888 41 31 et
1395 1879 228 40 d'amours
1663 1881 75 50 qui
1774 1892 46 26 se
1861 1879 277 39 recueillent.

116 1946 63 41 La
205 1948 191 39 seconde
420 1948 165 51 parade
609 1948 58 39 du
686 1947 218 54 Jongleur
927 1947 85 41 m'a
1034 1962 111 38 paru
1169 1949 258 49 excellente,
1455 1947 104 41 bien
1578 1947 134 53 qu'en
1728 1950 195 38 certains
1940 1948 200 40 endroits

115 2016 194 54 (comme
329 2018 41 40 la
385 2017 201 40 Chanson
609 2019 50 37 de
669 2032 154 38 guerre
843 2025 57 33 où
922 2034 59 24 un
1005 2017 100 41 effet
1129 2027 98 43 trop
1245 2018 128 40 facile
1396 2027 66 31 est
1479 2017 167 41 obtenu
1667 2023 22 35 à
1704 2019 129 40 l'aide
1852 2020 78 39 des
1945 2019 192 52 cuivres)

118 2088 39 38 le
190 2089 276 50 pittoresque
489 2100 53 26 ne
563 2088 85 39 soit
671 2101 80 38 pas
776 2086 50 53 (})
853 2086 131 41 d'une
1007 2096 103 31 note
1135 2101 123 26 assez
1284 2088 244 52 archaïque
1550 2101 56 27 ou
1632 2102 56 26 au
1722 2090 149 38 moins
1896 2102 124 26 assez
2046 2089 69 39 ori-

117 2156 166 50 ginale.
302 2155 208 41 D'autres
529 2156 101 49 fois,
655 2154 429 43 l'instrumentation
1108 2170 46 26 se
1176 2158 206 39 restreint
1404 2171 59 25 un
1498 2170 100 38 peu,
1638 2156 241 48 s'amincit,
1917 2158 223 52 remplace

119 2225 38 39 la
181 2225 127 39 tache
346 2225 53 39 de
419 2225 183 40 couleur
621 2239 80 38 par
721 2225 38 40 le
784 2226 160 51 simple
969 2228 115 37 trait.
1129 2225 69 40 En
1222 2239 191 37 somme,
1441 2239 152 26 œuvre
1615 2227 278 47 charmante,
1920 2227 137 50 digne
2081 2227 56 40 du

119 2298 173 44 maître,
315 2292 493 52 infinimentagréable,
832 2304 41 31 et
896 2294 165 41 faisant
1086 2310 58 24 un
1166 2294 181 41 tableau
1371 2295 54 40 de
1451 2309 138 36 genre
1613 2297 173 50 exquis.

175 2361 62 40 M.
266 2361 227 40 Maréchal
515 2377 22 24 a
563 2367 205 35 retrouvé
785 2377 80 26 son
890 2369 152 34 succès
1077 2363 54 40 de
1171 2363 316 43 Monte-Carlo
1514 2363 115 43 ;M.
1663 2363 243 41 Carbonne
1949 2389 52 2 —
2035 2365 108 40 dont

119 2430 147 53 j'aime
286 2430 409 53 particulièrement
719 2432 38 39 le
778 2431 162 41 timbre
964 2441 40 31 et
1025 2432 37 39 le
1087 2433 126 51 style,
1239 2457 52 3 —
1328 2432 113 42 MM.
1478 2434 171 50 Allard,
1672 2432 291 52 Huberdeau,
1989 2433 153 45 Billot,

120 2498 263 48 Guillamat,
410 2502 206 38 méritent
633 2500 53 40 de
710 2502 173 39 sérieux
900 2502 167 50 éloges.
1091 2500 152 53 Quant
1264 2503 83 39 àla
1373 2505 113 38 mise
1506 2517 54 26 en
1582 2509 144 40 scène,
1750 2504 39 51 je
1816 2517 53 25 ne
1891 2503 59 40 lui
1990 2517 130 38 repro-

120 2569 147 40 cherai
302 2570 164 51 qu'une
491 2578 145 32 statue
656 2570 52 40 de
732 2570 37 39 la
800 2570 164 50 Vierge
1005 2571 234 52 rappelant
1275 2571 339 41 fâcheusement
1657 2574 194 38 certains
1895 2572 251 50 coloriages

121 2639 76 51 qui
220 2640 314 38 caractérisent
555 2639 40 39 la
616 2653 78 26 rue
715 2638 351 53 Saint-Sulpice.

1127 2639 73 55 J.

176 2730 51 3 —
246 2705 63 42 Le
336 2705 87 41 Cor
430 2708 135 52 fleuri
592 2708 53 39 de
667 2706 61 40 M.
759 2707 208 52 Halphen
992 2723 21 25 a
1035 2713 66 35 été
1126 2708 103 41 bien
1264 2710 215 40 accueilli.
1503 2709 49 55 Je
1584 2719 193 42 regrette
1801 2711 53 38 de
1878 2723 55 27 ne
1957 2712 190 50 pouvoir

121 2774 255 54 l'analyser,
402 2776 100 39 n'en
527 2785 133 42 ayant
680 2789 80 38 pas
783 2790 99 37 reçu
908 2777 39 39 la
973 2779 227 50 partition.

604 3003 321 42 Souvenirs
949 3005 165 40 d'une
1138 3003 158 44 élève
1321 3004 67 41 de
1415 3005 156 41 Liszt

1607 3004 76 54 (i).

1576 3111 177 40 Weimar,
1779 3116 31 28 le
1834 3112 21 32 6
1876 3112 76 42 juin
1978 3113 105 45 1873.

178 3192 70 42 Un
268 3193 113 52 jour,
404 3201 110 32 cette
557 3194 216 47 semaine,
814 3192 123 42 Liszt
969 3195 105 39 était
1098 3194 53 39 de
1191 3195 36 38 si
1253 3193 149 41 bonne
1440 3194 195 41 humeur
1660 3194 108 53 qu'il
1794 3195 210 41 semblait
2025 3198 123 39 avoir

126 3262 166 52 rajeuni
317 3262 53 40 de
392 3264 125 49 vingt
536 3276 94 26 ans.
658 3262 69 42 Un
742 3263 78 39 des
843 3262 225 41 étudiants
1086 3263 57 39 du
1165 3266 332 38 conservatoire
1518 3264 53 40 de
1593 3263 255 52 Stuttgard,
1884 3266 161 52 appelé
2069 3265 74 51 V.,

122 3333 255 49 paraissant
399 3333 351 40 excessivement
787 3346 209 34 nerveux,
1022 3346 45 26 se
1091 3334 79 38 mit
1195 3336 21 36 à
1235 3333 126 52 jouer
1383 3349 59 25 un
1464 3333 78 41 des
1566 3343 233 32 concertos
1816 3335 54 40 de
1903 3333 140 46 Liszt,
2072 3336 76 49 qui

166 3454 50 43 (1)
237 3456 115 33 Suite.
380 3457 87 33 Voir
489 3461 32 29 la
544 3459 117 31 Revue
680 3459 45 31 du
755 3471 10 19 i
774 3466 25 15 er
818 3470 93 22 mars
940 3470 102 32 1904.
1073 3459 188 42 Quelques
1289 3463 122 30 lettres
1435 3464 188 30 nouvelles
1645 3473 92 21 nous
1764 3469 63 25 ont
1850 3463 55 31 été
1941 3462 180 32 communi-

128 3506 111 39 quées
261 3518 5 19 :
296 3518 90 21 nous
409 3519 156 22 sommes
588 3509 161 33 heureux
772 3510 43 33 de
837 3512 50 30 les
908 3509 99 33 offrir
1030 3512 18 30 à
1065 3521 64 22 nos
1151 3513 168 38 lecteurs,
1339 3511 62 42 qui
1423 3520 61 24 ont
1505 3523 47 30 pu
1586 3511 80 44 déjà
1684 3512 197 41 apprécier
1897 3520 78 24 tout
1994 3511 154 34 l'intérêt

129 3554 43 32 de
196 3565 58 23 ces
277 3556 207 34 charmants
505 3559 208 31 Souvenirs.
