3627 4450
1825 99 92 58 220

200 247 224 68 Burney's
463 248 183 66 spätere
678 245 339 70 Forschungen
1060 247 187 52 führten
1294 247 76 49 ihn
1402 245 81 51 auf
1509 244 69 51 die
1611 244 141 51 Wahr-

203 333 107 58 heit,
341 331 93 50 und
466 346 49 34 er
547 331 272 68 widerlegte
851 332 95 51 sich
979 332 143 52 selbst
1153 333 58 48 im
1244 332 173 49 vierten
1448 328 156 51 Bande
1638 329 151 50 seiner

206 414 271 52 Geschichte
509 413 84 51 der
623 414 155 52 Musik
810 418 67 67 (S.
910 417 138 57 441,
1081 418 47 47 S.
1158 414 152 66 G6l).

326 499 207 53 Warum
562 501 186 51 Händel
781 502 81 50 mit
903 501 80 51 der
1013 499 202 50 Partitur
1246 498 80 51 des
1357 496 192 52 Messias
1582 497 61 51 im
1675 498 85 51 Kof-

203 585 65 49 fer
297 583 198 52 London
527 586 203 59 verliess,
763 587 111 50 lässt
904 585 91 50 sich
1028 585 148 57 leicht,
1211 601 136 33 wenn
1380 601 104 32 man
1519 583 70 50 die
1622 583 168 68 obigen

200 670 121 49 Data
352 670 268 67 vergleicht,
661 689 80 31 aus
774 670 169 49 seinem
978 668 179 66 Aerger
1188 667 116 51 über
1337 666 71 51 die
1440 668 319 68 Opern-Ange-

202 753 233 68 legenheit
466 755 222 51 erklären.
740 753 135 51 Auch
908 752 183 51 mochte
1121 770 51 33 er
1204 752 131 51 einen
1368 753 422 66 augenblicklichen

203 839 88 50 Tik
317 840 83 49 auf
424 839 71 50 die
523 839 249 50 Londoner
804 837 148 50 haben
998 837 93 51 und
1134 839 138 49 ihnen
1318 837 215 51 desshalb
1566 837 70 51 die
1667 845 123 43 erste

204 924 266 67 Anhörung
498 922 80 51 des
609 922 220 60 Werkes,
871 922 201 51 welches
1116 941 50 32 er
1206 922 145 51 selbst
1392 922 71 50 für
1510 922 95 51 sein
1637 922 153 50 bestes

206 1007 123 59 hielt,
360 1006 310 67 missgönnen.
701 1007 145 59 Kurz,
879 1006 71 51 die
981 1014 125 43 erste
1130 1007 297 66 Aufführung
1459 1006 102 50 fand
1594 1006 124 51 nicht
1749 1006 43 50 in

203 1091 212 60 London,
447 1091 203 51 sondern
680 1091 44 51 in
754 1091 230 52 Dublin
1015 1110 82 33 am
1138 1093 87 50 12.
1253 1091 169 69 April
1463 1091 153 50 1742
1653 1093 137 49 Statt.

203 1176 138 50 Zwar
386 1175 80 51 hat
495 1176 277 68 Hogarth
818 1178 43 49 in
905 1178 151 49 seiner
1086 1175 273 52 Geschichte
1401 1175 81 50 der
1512 1175 151 50 Musik
1709 1193 83 33 aus

204 1259 84 52 der
320 1259 120 51 oben
473 1261 272 50 erwähnten
778 1260 437 67 Original-Partitur
1252 1259 100 49 eine
1388 1259 303 67 Aufführung
1733 1277 56 31 zu

207 1344 200 51 London
438 1345 142 51 schon
611 1363 73 32 am
724 1345 86 50 14.
844 1343 277 70 September
1159 1343 148 49 1741
1359 1341 232 51 beweisen
1623 1343 169 49 wollen

320 1429 113 51 zwei
476 1430 126 66 Tage
645 1429 116 51 nach
809 1429 81 50 der
937 1428 295 68 Vollendung
1279 1428 78 49 des
1417 1428 230 51 Werkes!
1759 1428 37 68 ;

206 1512 113 50 aber
348 1531 49 31 er
428 1514 79 48 hat
536 1513 94 49 sich
661 1513 209 49 verlesen
915 1512 113 52 oder
1070 1513 80 51 das
1180 1512 240 50 Deutsche
1460 1512 125 49 nicht
1624 1512 166 68 richtig

208 1595 291 53 verstanden.

331 1683 52 48 In
410 1682 132 67 jener
573 1681 204 52 Partitur
809 1683 123 50 steht
961 1682 197 52 nämlich
1188 1698 73 35 am
1295 1682 219 51 Schlüsse
1545 1701 89 32 von
1663 1683 130 50 Hän-

348 1766 139 50 Hand
517 1766 325 67 geschrieben:
886 1808 17 19 „
918 1768 146 51 Fine
1105 1768 129 51 dell'
1289 1767 308 52 Oratorio.
1642 1767 54 51 G.
1741 1768 53 51 F.

206 1849 251 51 Händel.
500 1851 366 51 Sonnabend
898 1851 162 70 (durch
1095 1851 78 61 c}as
1206 1851 363 51 astronomische
1597 1851 199 51 Zeichen

207 1935 331 68 ausgedrückt)
589 1936 368 68 September
1011 1936 90 52 12.
1431 1937 95 51 und
1576 1936 220 51 darunter

208 2018 152 51 steht:
416 2020 378 67 „ausgefüllt
837 2020 109 50 den
999 2020 88 50 14.
1456 2020 45 50 in
1549 2020 247 50 deutscher

206 2103 222 69 Sprache.
473 2105 96 49 Das
604 2105 145 51 Wort
1171 2105 78 51 das
1281 2105 94 49 sich
1408 2105 81 49 auf
1515 2103 70 51 die
1618 2106 153 48 Instru-

204 2187 269 68 mentirung
503 2206 45 32 u.
576 2205 36 33 s.
645 2205 60 34 w.
735 2187 198 60 bezieht,
975 2189 78 49 hat
1097 2189 217 67 Hogarth

206 2271 186 67 gelesen
424 2270 114 52 oder
567 2271 131 51 dafür
729 2289 296 51 genommen,
1054 2271 141 51 daher
1219 2271 83 52 der
1318 2272 221 59 Irrthum,
1572 2272 83 50 der
1684 2271 112 51 aber

206 2356 121 51 noch
371 2356 59 50 im
462 2356 140 51 Jahre
640 2355 155 52 1850
844 2375 89 33 von
978 2357 245 50 mehreren
1267 2356 212 51 Blättern
1524 2357 272 51 wiederholt

207 2440 195 51 worden
442 2440 71 51 ist.
574 2440 195 51 Freilich
815 2441 127 51 hätte
987 2441 71 50 die
1089 2440 548 51 Unwahrscheinlichkeit
1681 2441 115 51 oder

207 2524 221 52 vielmehr
457 2525 71 50 die
551 2525 370 69 Unmöglichkeit
950 2526 82 51 der
1051 2526 148 50 Sache
1230 2526 144 50 schon
1406 2526 170 68 stutzig
1603 2526 190 51 machen

207 2609 170 58 sollen;
420 2609 122 49 denn
587 2609 71 51 die
687 2610 179 60 Kräfte,
912 2610 175 51 welche
1117 2610 101 50 eine
1251 2610 205 50 Partitur
1489 2610 86 51 wie
1610 2610 71 50 die
1713 2610 80 51 des

206 2694 191 51 Messias
430 2693 170 52 binnen
639 2695 114 51 zwei
785 2697 162 66 Tagen
985 2695 46 50 in
1061 2695 228 50 Stimmen
1319 2694 342 61 ausschreiben,
1698 2695 72 51 ein-

207 2777 222 59 studiren,
460 2777 219 69 probiren
702 2779 95 51 und
820 2780 241 49 aufführen
1083 2779 199 59 können,
1314 2778 183 51 dürften
1519 2779 122 51 wohl
1671 2779 125 51 nicht

207 2863 81 49 auf
311 2863 156 49 Erden
498 2881 57 33 zu
585 2864 156 50 finden
773 2864 120 50 sein!
945 2863 259 68 Uebrigens
1235 2881 97 33 war
1368 2881 48 33 es
1449 2864 221 50 Händel's
1703 2865 60 50 Ge-

209 2945 248 60 wohnheit,
489 2947 90 49 den
602 2948 100 66 Tag
733 2947 80 51 des
835 2948 210 67 Anfangs
1077 2947 95 51 und
1202 2947 83 51 der
1309 2947 296 68 Vollendung
1632 2948 43 50 in
1708 2951 63 48 sei-

208 3047 91 32 nen
331 3031 259 50 Partituren
625 3050 55 31 zu
710 3032 197 60 notiren,
948 3031 126 52 nicht
1111 3032 114 49 aber
1267 3031 88 50 den
1384 3033 100 65 Tag
1525 3032 81 49 der
1638 3039 155 44 ersten

208 3113 311 69 Aufführung.
580 3116 62 50 So
674 3116 144 50 findet
849 3117 94 49 sich
989 3135 38 31 z.
1060 3117 52 48 B.
1155 3116 45 50 in
1239 3116 83 50 der
1354 3116 440 67 Original-Partitur

209 3197 84 51 der
324 3198 132 67 Oper
485 3199 216 50 Berenice
743 3201 44 49 in
833 3201 82 49 der
956 3201 288 66 königlichen
1293 3199 259 53 Bibliothek
1594 3202 80 48 auf
1712 3201 82 49 der

206 3282 172 51 letzten
424 3283 152 50 Seite:
634 3324 16 16 „
667 3286 110 49 Fine
805 3287 104 50 dell'
947 3286 153 66 Opera
1140 3287 225 57 Berenice,
1422 3286 54 49 G.
1510 3286 51 49 F.
1595 3285 197 59 Händel,

204 3368 178 49 Januar
433 3367 87 51 18.
833 3370 94 49 und
973 3371 249 48 darunter:

208 3469 114 49 ganz
355 3459 172 43 unten:
570 3452 349 66 „Geendigt
950 3453 85 50 den
1070 3453 92 51 27.
1186 3455 204 66 January

331 3536 127 50 Nach
491 3536 153 51 seiner
674 3536 250 50 Rückkehr
955 3554 86 33 von
1070 3537 152 51 Irland
1263 3537 225 51 eröffnete
1519 3537 184 51 Händel
1747 3536 43 51 in

208 3620 196 51 London
430 3620 99 51 eine
548 3620 407 67 Unterzeichnung
984 3621 81 48 auf
1092 3621 69 50 12
1197 3619 503 53 Oratorien-Concerte
1731 3621 61 50 im

209 3702 582 69 Coventgarden-Theater
824 3702 222 51 während
1074 3702 81 51 der
1181 3705 259 49 Fastenzeit
1465 3705 80 51 des
1580 3706 210 51 Winters

207 3805 89 33 von
330 3787 152 50 1742
599 3786 95 61 43,
726 3787 175 51 welche
931 3787 81 51 mit
1046 3827 17 19 „
1078 3787 147 50 einem
1242 3804 150 34 neuen
1409 3789 285 59 Oratorium,
1712 3807 52 50 ge-

208 3879 142 43 nannt
724 3871 259 69 begannen.
1025 3870 128 52 Nach
1186 3871 243 51 mehreren
1460 3873 330 67 erfolgreichen

209 3954 355 68 Aufführungen
592 3956 104 50 kam
726 3974 73 33 am
821 3964 205 43 neunten
1247 3955 81 51 der
1351 3956 252 50 Messias
1633 3974 57 32 an
1721 3958 71 49 die

209 4039 159 60 Reihe,
409 4040 327 60 Mittwoch,
769 4041 110 50 den
913 4040 91 52 23.
1037 4041 162 51 März
1238 4038 175 61 1743,
1444 4040 96 50 und
1571 4040 94 51 dies
1695 4058 98 33 war

209 4123 73 51 die
313 4130 159 44 erste
501 4124 296 69 Aufführung
838 4125 43 50 in
912 4125 264 61 London,
1220 4123 97 52 und
1345 4141 123 34 zwar
1497 4123 127 52 bloss
1655 4132 137 43 unter

1888 245 104 51 dem
2027 247 146 51 Titel:
2554 248 70 58 „A
2767 244 112 54 IVew
3016 247 70 51 Sacred
3087 249 99 70 (ein
3187 249 139 69 heiliges
3359 252 95 51 Ora-

1887 329 217 70 torium);
2158 332 116 51 auch
2315 338 170 43 nannte
2517 331 183 50 Händel
2742 333 119 50 noch
2906 333 111 51 viele
3048 334 141 51 Jahre
3236 336 105 67 lang
3387 337 100 49 sein

1890 416 153 50 Werk
2075 416 44 49 in
2145 417 117 51 allen
2279 416 406 67 Ankündigungen
2711 414 125 52 bloss
2878 456 17 21 „

2003 499 374 54 wahrscheinlich
2420 501 89 68 gab
2555 516 50 34 er
2646 501 92 49 ihm
2782 499 154 51 diesen
2969 503 117 50 Titel
3119 505 363 67 vorzugsweise,

1890 583 102 50 weil
2037 585 82 49 der
2151 586 123 49 Text
2318 587 96 50 rein
2457 604 82 31 aus
2570 583 295 51 Bibelstellen
2912 583 198 52 besteht.
3167 588 160 50 Daher
3363 590 119 49 auch

1890 668 82 50 der
2004 668 261 60 Gebrauch,
2311 671 88 49 den
2432 671 263 67 englischen
2725 668 333 52 Textbüchern
3091 670 71 50 bei
3187 672 159 66 jedem
3379 673 68 52 Ab-

1890 760 94 42 satz
2017 752 88 50 den
2135 752 243 52 Nachweis
2410 755 83 49 der
2523 755 318 51 betreffenden
2866 753 263 51 Bibelslelle
3162 753 316 64 beizusetzen,

1890 855 36 32 z.
1958 837 65 50 B:
2077 839 223 57 „Tröstet
2331 839 119 49 mein
2700 840 175 51 Jesaias
2907 840 95 57 40,
3053 837 171 54 I—3.
3290 841 96 58 „Es
3419 833 59 59 isi;

1888 939 88 33 uns
2017 921 71 50 ein
2119 921 122 51 Kind
2593 925 95 51 Jes.
2724 925 53 60 9,
2812 925 49 51 6.
2932 926 130 59 „Der
3100 925 126 51 Herr
3267 924 89 68 gab
3403 925 80 52 das

2126 1005 153 51 Psalm
2315 1005 95 60 68,
2450 1006 89 51 11.
2569 1024 46 33 u.
2648 1025 34 32 s.
2715 1025 61 35 w.

2013 1093 96 48 Das
2133 1091 150 51 Werk
2316 1091 162 50 wurde
2509 1091 82 50 mit
2613 1091 268 51 demselben
2903 1093 164 68 Erfolg
3099 1093 86 52 wie
3214 1094 45 51 in
3283 1094 195 61 Dublin,

1890 1174 82 49 mit
2013 1175 317 67 allgemeinem
2361 1175 157 51 Beifall
2569 1175 94 51 und
2709 1176 364 68 Bewunderung
3119 1179 359 66 aufgenommen

1890 1259 96 52 und
2015 1260 120 50 noch
2166 1260 205 50 zweimal
2401 1260 45 51 in
2469 1260 242 51 derselben
2730 1260 163 51 Saison
2918 1260 228 67 gegeben.
3176 1264 86 50 Ein
3280 1264 164 67 Augen-

1891 1360 160 50 zeuge,
2084 1344 81 50 der
2188 1345 108 50 Earl
2328 1347 50 49 of
2403 1347 219 59 Kinnoul,
2654 1345 201 51 welcher
2885 1345 59 50 im
2969 1345 141 50 Jahre
3142 1345 155 51 1787
3332 1349 148 60 starb,

1890 1430 182 47 äussert
2104 1428 93 51 sich
2227 1428 44 49 in
2304 1429 81 50 der
2425 1430 287 68 Biographia
2744 1429 273 51 Dramatica
3058 1429 239 67 folgender
3326 1432 122 50 Maas-

1891 1529 80 32 sen
1991 1512 225 50 darüber:
2259 1514 114 56 „Als
2406 1514 146 50 dieses
2570 1514 156 51 Werk
2756 1532 105 33 zum
2893 1521 155 43 ersten
3064 1514 122 50 Male
3217 1515 266 66 aufgeführt

1892 1597 177 59 wurde,
2116 1616 99 32 war
2257 1598 69 50 die
2358 1599 361 51 Zuhörerschaft
2763 1598 455 69 aussergewöhnlich
3261 1601 216 68 ergriffen

1891 1681 94 52 und
2017 1682 241 67 aufgeregt
2288 1683 145 50 durch
2467 1684 72 50 die
2568 1684 152 50 Musik
2756 1683 59 51 im
2850 1701 176 51 ganzen
3059 1684 305 60 Oratorium;
3410 1686 68 49 als

1892 1764 112 52 aber
2034 1766 83 50 der
2149 1766 148 50 Chor:
2356 1808 16 17 „
2398 1767 306 68 „Hallelujah,
2748 1767 121 51 denn
2917 1767 81 51 der
3027 1768 126 50 Herr

1893 1851 256 59 erschallte,
2182 1851 54 51 da
2259 1853 163 66 ergriff
2438 1871 87 32 uns
2556 1853 101 50 eine
2686 1853 153 50 solche
2864 1852 351 69 Begeisterung,
3246 1853 104 52 dass
3375 1855 105 50 Alle

1893 1935 82 50 mit
2017 1936 104 49 dem
2151 1936 198 67 Könige,
2395 1937 83 51 der
2521 1937 118 51 auch
2683 1937 320 69 gegenwärtig
3050 1955 111 42 war,
3207 1938 270 51 aufstanden

1893 2020 96 50 und
2018 2018 68 52 bis
2118 2037 106 32 zum
2254 2021 133 49 Ende
2418 2021 80 51 des
2531 2021 148 51 Chors
2711 2021 162 51 stehen
2900 2020 196 53 blieben.
3142 2021 101 51 Und
3275 2040 88 33 von
3394 2023 89 51 da-'

1891 2103 85 50 her
2006 2103 202 51 schreibt
2239 2103 92 51 sich
2363 2105 71 49 die
2466 2105 133 59 Sitte,
2645 2106 104 50 dass
2789 2105 44 51 in
2862 2105 212 68 England
3121 2106 79 51 das
3234 2106 242 51 Publicum

1886 2187 141 68 jenen
2060 2187 125 51 Chor
2211 2189 223 66 jedesmal
2467 2190 195 51 stehend

2018 2271 104 51 Und
2154 2271 123 51 diese
2302 2274 117 49 Sitte
2451 2274 77 50 hat
2559 2274 93 50 sich
2683 2274 117 50 über
2831 2274 69 50 ein
2918 2274 316 52 Jahrhundert
3265 2275 107 68 lang
3402 2275 72 52 bis

1890 2355 139 51 heute
2061 2355 222 51 erhalten.
2314 2356 137 51 Auch
2481 2375 73 33 am
2594 2356 91 52 17.
2711 2359 90 51 Mai
2834 2359 146 49 dieses
3006 2359 164 51 Jahres
3203 2359 144 52 erhob
3379 2360 93 51 sich

1891 2439 71 52 bei
1995 2440 89 51 den
2114 2449 155 42 ersten
2295 2441 242 52 Accorden
2569 2443 81 50 des
2678 2444 258 66 Hallelujah
2968 2443 71 50 die
3071 2460 142 51 ganze
3240 2445 204 50 Zuhörer-

1891 2524 146 51 schaft
2077 2525 60 50 im
2169 2525 132 50 Saale
2347 2526 94 51 und
2483 2528 82 48 auf
2603 2528 89 49 den
2733 2528 240 49 Galerieen
3012 2545 88 33 von
3143 2528 131 50 ihren
3306 2529 171 58 Sitzen,

1892 2609 93 51 und
2015 2627 56 33 an
2105 2609 159 52 2500
2300 2611 250 51 Menschen
2582 2613 167 49 hörten
2784 2613 194 49 stehend
3021 2613 93 51 und
3147 2613 82 51 mit
3259 2614 215 50 Andacht

1891 2693 89 49 den
2008 2694 260 67 mächtigen
2301 2695 215 68 Klängen
2547 2714 82 41 zu;
2662 2695 82 51 der
2773 2695 252 60 Eindruck,
3057 2697 87 49 den
3177 2697 94 50 dies
3303 2697 173 58 macht,

1890 2778 58 49 ist
1978 2779 254 66 grossartig
2263 2780 94 51 und
2398 2779 260 61 erhebend;
2704 2798 48 33 es
2799 2782 57 49 ist
2903 2782 70 49 ein
3003 2782 334 61 Gottesdienst,
3384 2783 89 49 den

1891 2862 212 67 Religion
2135 2863 92 49 und
2259 2864 155 50 Kunst
2446 2864 207 67 zugleich
2685 2864 153 51 feiern.

2001 2947 110 51 Dies
2155 2947 60 51 ist
2253 2948 71 51 die
2371 2949 156 50 wahre
2559 2949 274 51 Geschichte
2864 2967 89 33 von
2983 2951 83 50 der
3096 2949 264 52 Aufnahme
3392 2952 81 49 des

1890 3031 187 50 Messias
2111 3031 45 50 in
2187 3033 212 60 London,
2443 3051 83 33 aus
2561 3033 87 52 den
2681 3033 161 51 besten
2879 3034 198 60 Quellen
3119 3034 44 50 in
3193 3036 81 50 der
3303 3034 147 51 Biblio-

1887 3114 110 51 thek
2028 3114 83 51 der
2141 3117 170 51 Sacred
2339 3119 255 50 Harmonie
2624 3119 174 65 Society
2829 3118 256 69 geschöpft.
3125 3119 76 50 Sie
3232 3136 107 49 mag
3369 3119 84 49 viel-

1888 3198 135 51 leicht
2056 3199 237 50 manchem
2319 3201 411 67 Musikgelehrten,
2762 3202 60 50 im
2848 3202 187 50 Ganzen
3068 3202 295 67 wenigstens,
3397 3202 51 51 be-

1887 3283 141 50 kannt
2058 3283 120 51 sein:
2211 3283 119 51 beim
2359 3302 195 50 grossen
2585 3286 242 51 Publicum
2860 3287 82 50 der
2973 3287 344 51 musicalischen
3339 3288 57 50 W
3397 3288 11 13 r
3411 3287 65 50 elt

1886 3367 57 50 ist
1973 3367 64 51 sie
2067 3385 49 33 es
2146 3367 111 51 aber
2279 3368 139 60 nicht,
2438 3370 94 50 und
2561 3370 215 50 desshalb
2798 3371 116 51 habe
2939 3371 69 51 ich
3034 3372 62 50 sie
3124 3371 95 51 hier
3242 3370 226 67 gegeben.

2223 3619 263 60 Bericht
2541 3621 110 59 der
2705 3621 438 61 Commission

1885 3745 91 43 zur
2005 3727 387 80 Untersuchung
2426 3732 87 59 der
2540 3732 134 77 Lage
2711 3732 88 60 der
2821 3749 221 60 grossen
3077 3732 127 77 Oper
3235 3732 51 60 in
3313 3734 159 59 Paris.

2550 3866 254 54 (Auszug.)

2014 3955 85 50 Die
2130 3956 127 66 Lage
2297 3956 83 51 der
2412 3958 130 67 Oper
2587 3958 208 66 verlangt
2826 3955 199 51 schnelle
3073 3956 94 51 und
3199 3956 243 69 durchgrei-

1887 4040 133 51 fende
2047 4040 328 69 Maassregeln.
2419 4041 85 51 Die
2537 4041 332 67 Verwicklung
2898 4040 123 50 ihrer
3059 4041 384 53 Finanz-Verhält-

1887 4124 121 51 nisse
2038 4123 202 52 bedroht
2269 4125 62 51 sie
2365 4125 80 51 mit
2475 4125 262 68 gänzlicher
2767 4124 281 69 Auflösung.
