2903 4092
2503 3730 96 51 145

188 918 893 90 ARCHITECTURE
1106 947 33 36 ■
1167 924 656 92 URBANISME
1848 957 33 33 -
1899 932 226 86 ART
2194 934 415 89 PUBLIC

187 1123 329 71 ANNEE
567 1124 212 73 1929
1165 1128 399 75 VOLUME
1608 1134 103 70 VII
2070 1119 418 94 NUMÉRO
2543 1147 56 66 11

255 1639 40 91 †
335 1639 406 74 OCTAVE
779 1641 196 74 VAN
1023 1644 833 79 RIJSSELBERGHE.
1899 1654 633 76 ARCHITECTE

183 1947 60 52 Le
273 1955 304 46 mouvement
605 1950 334 54 architectural
972 1954 293 55 moderniste
1296 1979 57 30 en
1386 1959 235 67 Belgique
1651 1966 70 47 est
1750 1984 59 31 en
1839 1964 127 53 deuil
2001 1992 6 25 :
2041 1964 192 56 Octave
2262 1968 112 53 Van
2412 1969 168 68 Ryssel-

182 2032 181 66 berghe
394 2032 124 54 n'est
546 2035 110 65 plus
682 2039 7 48 !

178 2180 90 52 Les
296 2185 167 61 quatre
492 2181 153 53 frères
675 2182 110 53 Van
811 2182 360 71 Rysselberghe
1195 2187 221 55 faisaient
1439 2213 94 30 une
1555 2191 174 55 famille
1753 2197 392 54 extraordinaire.
2171 2197 190 56 Quatre
2387 2201 220 55 hommes

178 2263 58 54 de
262 2265 39 52 la
327 2265 109 67 plus
460 2266 142 53 haute
625 2267 166 54 valeur
813 2275 41 47 et
877 2270 29 52 d
931 2277 187 60 origine
1142 2274 235 53 modeste.
1404 2275 122 53 Leur
1547 2285 114 58 père
1684 2285 109 47 était
1816 2286 345 63 entrepreneur
2185 2307 172 43 maçon
2383 2295 26 43 à
2435 2286 169 56 Gand.

178 2349 112 54 Lun
320 2351 90 53 des
452 2357 168 63 quatre
661 2355 66 52 tut
757 2355 40 52 le
826 2356 156 66 génial
1026 2357 270 55 électricien
1339 2368 79 59 qui
1462 2368 188 49 inventa
1694 2365 41 52 la
1778 2370 341 52 transmission
2161 2371 361 69 télégraphique
2564 2382 42 47 et

177 2436 344 69 téléphonique
550 2440 286 53 simultanée
868 2464 86 45 par
985 2444 39 52 le
1054 2451 151 46 même
1228 2444 64 57 fil.

177 2520 76 55 Un
282 2528 132 48 autre
442 2545 27 32 a
501 2524 146 54 laissé
677 2528 40 50 le
747 2535 231 46 souvenir
1019 2531 338 66 remarquable
1386 2533 61 53 de
1475 2556 91 33 son
1609 2542 186 49 activité
1825 2561 57 31 en
1913 2540 176 68 qualité
2130 2543 301 67 d'lngénieur
2470 2545 61 54 de
2563 2548 39 52 la

176 2606 124 55 Ville
329 2609 61 53 de
421 2609 170 56 Gand.

173 2693 135 54 Théo
336 2695 110 54 Van
478 2697 378 69 Rysselberghe,
891 2702 39 52 le
954 2707 182 61 peintre
1160 2710 547 63 néo-impressionniste
1731 2714 418 55 universellement
2172 2738 178 33 connu,
2375 2718 227 56 demeure

173 2779 8 52 I
207 2802 93 32 une
329 2780 90 55 des
447 2782 182 68 gloires
658 2784 61 53 de
753 2784 185 56 l'Ecole
968 2788 138 67 belge
1137 2789 60 54 de
1227 2797 232 60 peinture.

174 2863 192 56 Octave
398 2867 110 54 Van
540 2869 373 70 Rysselberghe,
945 2872 302 62 l'architecte,
1278 2883 80 60 qui
1390 2884 123 49 vient
1541 2879 61 54 de
1632 2890 193 52 mourir,
1858 2883 47 54 fit
1934 2886 89 53 des
2053 2887 176 53 débuts
2270 2891 277 67 classiques
2575 2901 26 44 à

173 2951 300 55 l'Académie
502 2954 90 55 des
621 2956 170 54 Beaux
819 2957 113 54 Arts
960 2959 61 54 de
1052 2958 171 56 Gand.

173 3036 25 53 II
233 3037 44 54 fit
308 3061 82 30 ses
419 3062 45 45 pi
479 3047 203 48 emières
723 3066 159 31 armes
924 3066 115 32 avec
1084 3047 200 53 nombre
1329 3051 61 52 de
1432 3074 168 43 jeunes
1641 3056 286 53 architectes
1955 3057 61 54 de
2046 3058 41 53 la
2121 3069 147 44 même
2300 3070 189 60 époque
2519 3086 85 31 sur

173 3122 69 53 les
271 3124 245 56 chantiers
544 3128 65 52 du
642 3128 162 55 Palais
833 3130 60 53 de
922 3130 190 54 Justice
1141 3132 59 53 de
1232 3133 238 58 Poelaert.

172 3207 61 55 Le
273 3210 303 57 classicisme
616 3215 29 53 d
671 3213 192 56 Octave
892 3216 112 53 Van
1047 3218 360 70 Rysselberghe
1437 3222 64 54 fut
1529 3230 221 62 toujours
1780 3232 138 49 teinté
1947 3230 28 51 d
2003 3253 61 30 un
2094 3236 180 49 certain
2317 3235 284 55 italianisme

169 3315 123 33 sous
322 3296 7 52 1
357 3302 285 64 inspiration
672 3301 178 67 duquel
883 3304 39 52 le
953 3302 180 56 Maître
1164 3305 250 56 découvrit
1440 3309 127 54 dans
1597 3333 91 32 son
1713 3334 180 46 propre
1922 3320 343 62 tempérament
2295 3320 69 52 les
2393 3321 209 66 rythmes

169 3381 118 53 ailés
315 3389 79 61 qui
424 3390 343 51 caractérisent
795 3392 159 50 toutes
983 3412 83 31 ses
1096 3391 337 68 productions.

170 3465 27 53 II
228 3475 280 50 construisit
539 3472 180 55 bientôt
750 3475 43 52 la
823 3475 229 55 demeure
1081 3478 61 53 de
1165 3478 75 54 feu
1266 3480 41 52 le
1330 3486 159 47 comte
1513 3481 185 56 Goblet
1727 3485 266 61 d'Alviella,
2025 3512 82 30 rue
2139 3490 180 60 Faider,
2354 3499 123 47 ainsi
2509 3517 92 44 que

170 3551 40 52 le
239 3554 204 56 château
475 3558 61 52 de
568 3559 42 52 la
640 3568 216 45 sucrerie
887 3561 211 55 Ledocfe
1125 3573 26 44 à
1183 3563 301 57 Gembloux.
