2903 4092
300 3710 98 51 146

324 375 135 71 LA
532 375 272 74 CITE
858 406 33 33 ■
944 375 226 74 1929
1223 406 36 35 -

1305 375 487 74 VOLUME
1843 380 104 71 VII
2006 411 33 33 ■

2092 380 516 76 NUMERO
2691 378 59 76 11

315 694 88 54 Ma
411 702 40 46 is
480 696 41 52 la
553 698 165 49 nature
761 694 244 68 profonde
1047 696 29 53 d
1101 693 195 57 Octave
1326 697 112 53 Van
1468 697 365 70 Rysselberghe
1876 698 6 52 l
1909 703 169 50 atfiraif
2107 706 42 48 et
2181 706 41 49 !e
2265 710 231 47 ramenait
2538 710 220 61 toujours

315 802 111 32 vers
444 781 41 52 la
505 780 182 53 Nature
701 787 82 60 qui
800 786 108 48 était
921 804 56 30 sa
992 782 187 67 grande
1194 788 224 61 passion,
1438 806 56 32 sa
1512 785 188 67 grande
1716 785 307 59 admiration,
2039 807 56 32 sa
2112 788 292 52 conseillère
2425 793 39 49 et
2479 810 94 32 son
2592 790 166 67 refuge

314 866 71 54 Sa
413 872 208 48 carrière
651 867 29 52 d
700 867 260 53 architecte
990 868 66 54 tut
1084 875 123 47 ainsi
1237 871 247 66 plusieurs
1513 871 94 53 fois
1636 879 328 61 entrecoupée
1987 872 61 54 de
2070 879 162 49 sortes
2261 875 61 53 de
2351 920 24 13 ~
2394 875 177 68 fugues
2647 899 109 30 vers

317 955 68 53 les
413 971 302 50 campagnes
745 959 43 48 et
817 955 41 52 la
887 956 226 53 verdure.
1146 956 28 53 Il
1206 962 109 49 était
1344 965 60 46 né
1433 1003 21 14 „
1470 957 227 68 jardinier
1773 981 60 31 au
1866 966 159 47 moins
2065 966 164 48 autant
2271 984 94 46 que
2399 967 355 50 constructeur.

314 1040 27 53 11
374 1045 108 48 était
510 1040 218 67 possédé
757 1040 115 54 d'un
902 1063 174 31 amour
1104 1042 183 68 éperdu
1319 1065 127 45 pour
1474 1044 71 53 les
1574 1044 161 59 fleurs,
1768 1045 70 52 les
1869 1046 205 66 plantes,
2109 1046 41 54 la
2173 1049 201 52 culture.

311 1128 141 53 C'est
480 1133 124 47 ainsi
634 1149 95 46 que
752 1128 90 53 dès
868 1129 68 52 les
959 1135 235 61 premiers
1216 1135 157 62 temps
1396 1130 61 52 de
1480 1152 56 31 sa
1560 1136 225 55 carrière,
1810 1153 125 32 sous
1962 1131 44 54 la
2036 1139 343 49 circonstance
2408 1135 347 53 déterminante

313 1214 89 53 des
431 1220 260 62 exigences
720 1214 61 53 de
813 1215 41 52 la
883 1220 140 47 santé
1052 1215 91 53 des
1173 1221 147 54 siens,
1352 1216 25 52 il
1409 1239 53 31 se
1493 1223 137 48 retire
1659 1227 25 43 à
1717 1218 63 53 La
1811 1218 177 67 Hulpe.
2021 1219 27 53 Il
2084 1220 171 54 achète
2291 1243 61 31 un
2390 1227 173 48 terrain
2600 1223 152 67 qu'on

313 1323 58 31 ne
402 1301 59 53 lui
492 1300 122 54 cède
644 1300 109 68 qu'a
785 1300 42 54 la
851 1301 253 54 condition
1137 1301 216 55 formelle
1382 1303 61 53 de
1467 1303 79 68 n'y
1575 1309 273 48 construire
1879 1305 222 68 qu',,une
2135 1309 135 51 seule
2299 1329 133 32 serre
2509 1336 7 25 :
2549 1314 206 48 aussitôt

311 1389 26 51 il
362 1388 167 53 donne
558 1397 27 44 à
614 1388 193 53 celle-ci
851 1411 62 30 un
958 1389 193 53 hectare
1180 1389 61 53 de
1270 1392 284 64 superficie!
1677 1413 125 46 pour
1830 1415 27 45 y
1886 1393 197 53 cultiver
2112 1395 42 53 la
2185 1402 156 60 vigne.
2373 1394 62 54 Le
2470 1395 282 69 phylloxéra

310 1493 178 50 ravage
517 1497 83 31 ses
630 1475 313 67 plantations,
971 1477 40 52 la
1040 1477 131 66 grêle
1202 1478 242 66 pulvérise
1474 1500 83 31 ses
1585 1483 210 64 vitrages
1823 1501 122 32 sans
1968 1502 94 46 que
2087 1482 41 52 la
2150 1481 176 53 fatalité
2354 1482 282 68 décourage
2657 1506 94 30 son

308 1583 174 32 amour
510 1561 61 53 de
601 1561 41 53 la
673 1561 201 54 Nature.
919 1561 92 63 (Sa
1043 1568 191 47 maison
1264 1563 60 53 de
1354 1563 64 53 La
1449 1563 160 67 Hulpe
1641 1563 65 53 fut
1734 1587 89 45 par
1863 1566 42 52 la
1947 1572 122 47 suite
2115 1568 275 66 longtemps
2434 1568 190 54 habitée
2666 1592 88 45 par

310 1648 144 55 Emile
485 1648 387 68 Vandervelde).

306 1736 44 52 A
390 1736 210 67 quelque
640 1741 157 61 temps
839 1736 60 52 de
941 1736 42 52 là
1026 1736 135 53 Théo
1200 1737 112 52 Van
1358 1737 362 67 Rysselberghe
1762 1738 161 54 établit
1962 1761 94 32 son
2100 1741 163 53 atelier
2291 1764 84 32 rue
2404 1742 61 52 de
2496 1741 250 70 l'Abbaye.

306 1821 193 56 Octave
531 1823 40 53 le
602 1822 59 54 lui
691 1827 252 49 construit.

305 1909 79 54 Un
414 1914 281 48 événement
724 1911 159 51 fortuit
912 1910 228 53 introduit
1162 1919 26 44 à
1218 1933 56 31 ce
1306 1916 211 48 moment
1546 1911 127 53 dans
1697 1912 42 52 la
1769 1919 72 47 vie
1871 1911 248 56 d'Octave
2148 1915 112 52 Van
2291 1915 365 70 Rysselberghe
2686 1940 61 31 un

306 1996 195 52 homme
531 1996 60 52 de
621 1996 143 52 haute
802 1996 302 67 intelligence
1128 2001 42 49 et
1199 1997 60 54 de
1288 1997 188 68 grande
1519 1997 178 60 valeur,
1730 1997 119 55 dont
1893 2000 68 52 les
2003 2008 325 59 conceptions
2370 2003 268 67 dépassent
2679 2005 70 52 les

305 2081 310 54 dimensions
644 2081 64 52 du
738 2081 179 54 théâtre
960 2088 64 47 où
1056 2083 25 52 il
1114 2083 60 53 lui
1204 2089 73 47 est
1316 2084 166 53 donné
1524 2084 60 53 de
1627 2084 235 68 déployer
1900 2107 89 31 son
2031 2093 185 47 activité
2261 2088 301 59 multiforme,
2595 2095 43 47 et
2666 2097 79 60 qui

304 2168 159 53 devait
491 2174 95 47 être
618 2169 7 52 l
651 2174 238 47 occasion
920 2169 61 52 de
1010 2169 221 53 diverses
1260 2174 319 50 orientations
1621 2171 253 54 nouvelles
1903 2173 127 52 dans
2060 2173 42 53 la
2133 2180 207 47 carrière
2380 2175 367 55 architecturale

304 2255 61 52 de
394 2255 113 52 Van
536 2254 363 69 Rysselberghe
933 2278 7 29 :
973 2255 76 68 j'ai
1080 2264 194 45 nommé
1306 2257 117 53 Paul
1454 2255 152 56 Otlef.

301 2340 136 54 Théo
468 2345 212 63 peignait
709 2342 39 52 le
779 2345 197 63 portrait
1005 2342 63 53 du
1100 2340 74 55 fils
1203 2342 61 53 de
1294 2343 119 53 Paul
1444 2342 149 59 Otlef,
1626 2344 202 67 disparu
1860 2347 109 66 plus
1998 2347 105 52 fard
2134 2354 27 45 à
2192 2347 211 54 l'Yser...

304 2427 115 53 Paul
446 2424 136 57 Otlef
604 2448 53 32 se
685 2432 185 48 montra
894 2434 97 46 ravi
1016 2428 61 52 de
1101 2429 41 51 la
1167 2433 334 48 construction
1526 2429 170 55 édifiée
1720 2453 89 45 par
1830 2431 193 54 Octave
2048 2455 125 45 pour
2194 2455 94 31 son
2312 2433 136 53 frère.
2474 2434 101 54 Peu
2599 2443 147 59 après

300 2513 112 53 Van
444 2513 363 69 Rysselberghe
837 2519 236 49 construit
1104 2514 42 52 la
1178 2522 190 46 maison
1411 2514 192 55 d'Oflef
1631 2523 154 47 située
1814 2527 25 43 à
1872 2518 170 67 l'angle
2073 2519 61 52 de
2166 2519 42 54 la
2238 2542 81 32 rue
2351 2521 59 52 de
2441 2521 231 53 Florence
2702 2527 43 48 et

299 2601 61 53 de
391 2602 41 51 la
464 2624 84 30 rue
577 2601 62 52 de
670 2601 252 53 Livourne.
954 2599 122 55 Ceci
1107 2624 54 30 se
1193 2607 185 62 passait
1401 2625 111 32 vers
1548 2612 152 46 1894.

299 2690 141 54 Cette
473 2697 189 46 maison
694 2696 71 47 est
794 2712 60 31 en
884 2691 210 68 quelque
1123 2697 132 48 sorte
1286 2692 323 67 l'expression
1641 2696 274 52 essentielle
1945 2696 143 52 d'une
2117 2696 92 53 des
2238 2697 269 55 tendances
2538 2706 175 46 rénova-

298 2781 143 48 trices
464 2776 60 53 de
549 2776 350 53 l'architecture
922 2786 27 43 à
973 2782 121 49 cette
1118 2779 223 66 période;
1367 2779 70 53 les
1460 2780 316 53 décorations
1801 2786 282 48 intérieures
2111 2782 156 55 furent
2295 2782 139 55 faites
2463 2806 87 45 par
2580 2784 164 68 Henry

298 2886 90 31 van
418 2866 61 50 de
508 2862 159 54 Velde
696 2869 42 48 et
769 2886 86 45 par
884 2865 40 52 le
955 2870 183 61 peintre
1166 2865 150 54 Théo.
1350 2865 64 53 La
1446 2872 189 49 maison
1667 2890 25 29 a
1724 2872 71 49 été
1825 2867 178 55 décrite
2034 2892 118 30 avec
2181 2870 180 69 figures
2390 2880 26 43 à
2448 2871 9 52 l
2482 2878 147 61 appui
2656 2894 86 45 par

298 2949 193 56 Octave
521 2950 166 53 Maus.

296 3040 309 53 L'architecte
645 3040 112 53 Van
802 3040 363 69 Rysselberghe
1207 3041 192 55 devient
1441 3050 185 47 ensuite
1663 3044 287 67 professeur
1978 3054 25 45 à
2036 3046 301 54 l'Academie
2373 3048 61 52 de
2469 3046 269 55 Bruxelles.

295 3126 77 55 Un
403 3133 107 61 jour
538 3148 94 46 que
661 3125 136 55 Théo
826 3132 212 62 peignait
1068 3128 40 53 le
1137 3133 199 62 portrait
1364 3129 65 52 du
1461 3129 240 69 banquier
1730 3130 173 69 liégois
1943 3132 403 67 Nagelmackers,
2380 3134 8 52 l
2416 3133 193 53 homme
2650 3133 90 53 des

291 3213 361 67 Wagons-Lits
681 3218 42 48 et
747 3213 90 53 des
860 3212 210 54 Grands
1093 3236 204 45 express
1320 3226 293 57 européens,
1640 3218 193 52 celui-ci
1858 3218 64 53 dit
1946 3241 60 30 au
2032 3223 184 62 peintre
2244 3247 8 26 :
2285 3264 28 14 ~
2336 3219 95 54 J'ai
2462 3219 61 54 de
2550 3220 188 67 grands

294 3304 236 63 projets...
564 3306 121 47 mais
715 3300 27 53 il
775 3322 72 29 me
878 3299 207 54 faudrait
1113 3300 90 54 des
1232 3302 318 63 travailleurs,
1580 3303 92 53 des
1700 3304 174 52 talents
1905 3309 42 49 et
1978 3306 296 53 d'honnêtes
2303 3311 148 62 gens!
2531 3306 54 53 Et
2614 3313 122 46 voici

292 3384 193 56 Octave
527 3387 112 53 Van
687 3386 364 68 Rysselberghe
1094 3397 190 58 engagé
1326 3388 127 53 dans
1496 3389 303 69 l'entreprise
1841 3392 90 53 des
1973 3391 209 54 Grands
2230 3392 186 58 Hôtels,
2460 3393 141 54 filiale
2648 3393 90 54 des

292 3473 374 68 Wagons-Lits.

292 3558 27 54 11
350 3560 130 53 subit
511 3560 41 52 la
582 3560 203 67 période
814 3560 91 53 des
936 3565 301 62 mécomptes
1260 3560 61 53 de
1347 3567 120 47 cette
1491 3566 266 63 entreprise
1783 3590 8 25 :
1819 3563 25 52 il
1870 3563 80 52 fait
1979 3570 131 47 entre
2133 3568 163 50 autres
2326 3565 90 53 des
2446 3566 143 66 plans
2613 3587 127 45 pour
