2235 3708
861 201 76 27 LES
972 201 137 27 CHEFS
1143 186 307 40 D'ORCHESTRE

167 203 24 36 4

167 296 193 40 fanfares
392 306 41 31 et
455 296 286 52 d'orphéons,
763 298 113 38 mais
898 309 84 38 que
1009 296 157 51 jamais
1192 308 142 26 aucun
1376 294 215 40 musicien
1624 291 83 51 n'a,
1752 292 38 51 je
1822 302 151 39 pense,
2012 291 141 47 songé

167 366 317 39 sérieusement
508 369 21 35 à
553 365 226 51 employer
800 365 7 38 !

220 432 120 41 Pour
361 435 104 45 moi,
491 433 37 51 je
551 435 98 49 puis
663 431 101 41 bien
787 432 93 40 dire
900 445 83 39 que
1004 433 33 38 si
1056 431 36 51 je
1115 432 160 39 tentais
1299 430 53 40 de
1375 438 210 43 compter,
1611 433 22 35 à
1654 442 46 26 ce
1717 433 213 40 moment,
1949 426 38 51 je
2011 436 138 28 serais

167 500 98 40 bien
289 501 163 40 certain
475 500 51 40 de
550 499 106 41 faire
676 501 137 50 partir
831 500 62 40 les
912 504 249 36 exécutants
1188 503 21 35 à
1233 498 153 40 faux...

1521 583 203 41 VINCENT
1750 582 171 40 D'INDY.

1632 662 179 54 (Paris.)

385 797 129 42 CHER
534 797 259 51 MONSIEUR,

218 901 49 53 Je
289 916 54 25 ne
366 905 112 38 crois
501 917 79 38 pas
599 903 309 41 nécessairede
927 903 167 50 diriger
1113 916 103 27 sans
1241 905 226 50 partition,
1487 905 195 49 quoique
1703 902 39 39 le
1764 899 103 42 chef
1876 897 267 42 d'orchestre

163 983 54 26 ne
238 971 127 39 doive
381 984 79 38 pas
482 974 89 37 être
591 971 201 40 l'esclave
814 971 53 40 de
890 984 46 27 sa
961 972 222 50 partition.
1204 971 50 53 Je
1277 971 254 40 conduisais
1552 971 111 51 jadis
1684 983 79 38 par
1783 981 137 37 cœur,
1936 967 114 39 mais
2072 966 71 50 j'ai

163 1036 263 41 abandonné
449 1051 46 27 ce
514 1044 191 46 système
724 1052 111 38 pour
853 1039 111 40 deux
985 1040 174 38 raisons
1182 1053 7 24 :
1218 1049 37 28 i°
1275 1038 137 40 Parce
1435 1051 84 39 que
1542 1038 76 39 des
1639 1038 240 39 musiciens
1903 1034 53 41 de
1980 1033 162 42 second

162 1105 128 39 ordre
312 1104 134 41 m'ont
466 1107 137 47 imité,
629 1119 104 27 sans
756 1119 84 39 que
863 1107 38 39 le
921 1106 181 40 résultat
1125 1105 64 40 fût
1208 1105 203 42 différent
1444 1119 111 38 pour
1573 1119 97 36 eux,
1693 1107 206 50 puisque,
1924 1103 53 40 de
1997 1110 144 33 toutes

159 1170 170 50 façons,
352 1172 52 39 ils
428 1186 45 27 se
496 1173 225 40 laissaient
755 1174 209 39 conduire
1002 1187 79 38 par
1119 1173 254 41 l'orchestre
1394 1188 9 34 ;
1441 1182 163 43 voyant
1643 1174 39 39 le
1715 1173 202 40 mauvais
1954 1169 99 41 effet
2087 1169 55 40 de

162 1252 103 26 mon
287 1240 211 51 exemple,
520 1242 38 49 je
592 1238 71 42 l'ai
696 1242 125 38 traité
843 1241 53 40 de
935 1240 358 41 charlatanisme.
1333 1240 73 41 Ma
1441 1241 189 40 seconde
1663 1242 150 39 raison
1848 1250 65 32 est
1945 1253 86 40 que
2069 1251 72 27 ma

160 1308 254 39 conscience
436 1320 53 27 ne
509 1320 69 27 me
601 1317 264 42 permettant
888 1321 79 38 pas
986 1308 52 40 de
1059 1309 164 49 diriger
1249 1322 85 26 une
1359 1322 150 28 œuvre
1532 1323 79 38 par
1633 1322 120 27 cœur
1769 1322 105 27 sans
1905 1309 144 40 revoir
2069 1320 48 27 ex-

161 1378 271 45 pressément
465 1375 37 38 la
524 1376 207 50 partition
755 1375 37 40 le
813 1376 99 50 jour
930 1380 143 35 même
1091 1376 52 39 de
1168 1389 78 27 son
1264 1378 243 45 exécution,
1542 1376 69 52 j'ai
1630 1380 152 36 trouvé
1804 1376 91 40 cela
1919 1377 58 39 du
1999 1384 141 43 temps

158 1441 154 50 perdu.

214 1506 150 52 Quant
388 1512 19 36 à
440 1517 122 31 votre
585 1510 186 39 seconde
794 1512 219 49 question,
1038 1523 70 27 ces
1140 1512 236 50 cinquante
1400 1524 197 26 mesures
1627 1519 130 31 avant
1781 1510 37 39 le
1844 1525 18 19 «
1889 1508 133 41 finale
2042 1523 20 24 »
2088 1510 53 39 de

156 1575 40 41 la
218 1576 247 51 cinquième
487 1577 279 51 symphonie,
788 1577 105 41 elles
915 1582 300 46 représentent
1252 1591 86 26 une
1357 1578 52 39 de
1442 1590 69 27 ces
1544 1576 356 40 manifestations
1942 1577 53 39 de
2029 1576 84 40 Bee-

158 1642 160 40 thoven
342 1644 74 51 qui
439 1644 382 50 m'impressionna
846 1648 22 35 à
892 1658 57 26 un
969 1644 56 40 tel
1045 1644 148 49 degré,
1220 1644 157 51 qu'elle
1401 1658 209 37 accapara
1634 1657 104 27 mon
1770 1648 90 36 être
1884 1653 94 32 tout
2001 1646 139 38 entier

157 1718 40 31 et
215 1723 83 38 que
322 1708 155 52 jamais
499 1711 37 49 je
569 1723 53 26 ne
645 1724 68 25 me
733 1713 205 37 souviens
962 1712 122 39 avoir
1105 1711 57 39 dû
1187 1712 194 39 recourir
1394 1715 22 35 à
1440 1711 38 39 la
1500 1713 228 50 partition.
1752 1711 127 41 Celui
1904 1714 74 50 qui
1990 1726 122 38 comp-

158 1777 124 38 terait
299 1774 311 41 mentalement
633 1775 62 40 les
715 1788 199 28 mesures
936 1789 56 27 ou
1013 1777 75 50 qui
1110 1776 219 42 laisserait
1353 1777 63 40 les
1451 1780 240 39 musiciens
1712 1783 201 37 exécuter
1947 1780 63 40 les
2041 1794 76 26 ren-

157 1846 111 36 trées
291 1845 291 46 eux-mêmes,
602 1841 125 41 ferait
750 1845 144 39 mieux
910 1842 339 42 d'abandonner
1270 1844 40 40 la
1346 1845 215 41 direction
1580 1846 52 40 de
1652 1844 269 44 l'orchestre.

1230 1935 250 42 THÉODORE
1517 1937 187 41 THOMAS
1727 1938 211 54 (décédé).

1481 2016 254 54 (Chicago.)

348 2154 244 41 MONSIEUR
616 2169 51 25 ET
706 2169 117 27 CHER
854 2154 260 50 CONFRÈRE,

209 2256 36 41 A
263 2267 122 32 votre
407 2260 216 50 première
642 2261 219 49 question,
886 2261 39 50 je
947 2262 191 50 réponds
1155 2275 102 27 sans
1274 2262 236 42 hésitation
1528 2279 79 37 par
1630 2264 298 44 l'affirmative
1950 2283 7 25 :
2040 2273 91 50 oui,

150 2326 29 38 il
209 2335 103 31 vaut
341 2328 160 48 mieux,
527 2327 110 39 dans
675 2324 185 43 l'intérêt
886 2328 53 40 de
961 2328 274 50 l'exécution,
1271 2345 83 37 que
1390 2331 39 42 le
1465 2331 101 42 chef
1585 2331 272 44 d'orchestre
1895 2336 142 51 dirige
2056 2352 78 38 par

150 2406 135 26 cœur.
306 2391 150 52 Quant
478 2398 20 35 à
520 2394 40 39 la
581 2394 244 47 deuxième,
849 2399 21 35 à
895 2397 147 39 savoir
1060 2406 219 31 comment
1301 2399 39 51 je
1359 2413 68 26 me
1447 2401 197 50 rappelle
1666 2401 63 41 les
1765 2404 239 51 cinquante
2037 2419 64 28 me-

152 2474 123 28 sures
295 2464 74 49 qui
393 2463 233 51 précèdent
649 2464 38 40 le
710 2462 132 42 finale
865 2465 105 40 delà
995 2468 249 50 cinquième
1263 2468 52 40 de
1332 2468 269 50 Beethoven,
1625 2477 86 35 très
1734 2474 284 50 simplement
2037 2491 8 26 :
2069 2477 63 40 les

150 2531 157 49 quinze
353 2531 238 49 premières
647 2536 253 47 présentent
955 2542 153 42 quatre
1160 2535 194 50 rythmes
1393 2536 225 43 différents
1640 2553 9 34 ;
1693 2541 120 39 vient
1871 2545 172 39 ensuite
2093 2544 39 41 le

148 2596 150 40 dessin
317 2598 240 40 ascendant
580 2604 297 47 accompagné
898 2614 79 37 par
998 2615 59 25 un
1081 2602 170 50 rythme
1272 2604 272 53 interrompu
1568 2606 52 40 de
1656 2607 141 42 douze
1820 2623 198 28 mesures
2043 2616 21 35 à
2091 2612 40 41 la

146 2662 147 50 basse,
325 2666 98 50 puis
459 2667 325 51 ininterrompu
820 2667 52 40 de
901 2670 158 49 quinze
1091 2683 214 36 mesures,
1344 2681 41 31 et
1423 2671 117 43 enfin
1575 2675 211 41 viennent
1823 2677 64 40 les
1913 2678 95 41 huit
2041 2692 61 28 me-

148 2744 123 28 sures
305 2732 52 39 de
392 2734 233 39 crescendo
644 2736 73 49 qui
741 2735 261 40 conduisent
1038 2750 55 26 au
1122 2735 148 42 finale.

204 2798 276 53 Remarquez
503 2801 244 51 cependant
767 2815 84 39 que
867 2803 38 51 je
927 2804 124 39 viens
1072 2817 111 38 pour
1205 2804 38 40 la
1270 2808 212 49 première
1502 2806 102 50 fois,
1630 2813 22 36 à
1676 2818 123 33 votre
1820 2813 235 52 intention,
2077 2816 53 40 de

148 2879 69 27 me
233 2867 131 40 livrer
385 2871 21 36 à
427 2880 45 27 ce
494 2870 106 49 petit
618 2869 154 50 calcul,
795 2869 105 52 qu'il
921 2883 55 28 ne
995 2872 167 39 m'était
1194 2873 156 51 jamais
1372 2888 114 28 venu
1509 2879 21 36 à
1552 2875 129 43 l'idée
1716 2878 53 40 de
1800 2878 126 43 faire.

1550 2968 86 42 ED.
1672 2969 233 43 COLONNE.

1569 3047 183 55 (Paris.)

200 3183 85 41 Ces
308 3185 214 52 quelques
545 3185 147 40 lettres
717 3190 239 47 résument,
992 3201 346 38 croyons-nous,
1376 3190 40 40 la
1440 3194 223 48 question.
1704 3192 64 42 La
1807 3194 217 43 direction
2048 3212 81 37 par

144 3265 135 35 cœur,
315 3255 193 50 quoique
530 3267 91 26 non
642 3267 102 26 sans
779 3254 167 47 valeur,
984 3263 79 41 est,
1103 3258 174 39 suivant
1310 3270 80 28 nos
1414 3261 390 51 correspondants,
1840 3264 157 41 inutile
2013 3279 114 38 pour

142 3333 176 27 assurer
334 3334 84 27 une
445 3320 145 40 bonne
612 3323 242 39 exécution.
891 3321 187 42 Comme
1096 3324 134 40 l'écrit
1253 3324 62 40 M.
1343 3324 273 54 Chevillard,
1645 3328 105 42 c'est
1772 3344 86 27 une
1884 3343 235 32 amusette.

142 3386 32 40 Il
198 3388 132 39 serait
353 3392 217 47 peut-être
589 3388 98 52 plus
707 3391 139 50 précis
864 3390 52 40 de
936 3390 92 41 dire
1068 3389 178 54 qu'avec
1277 3407 58 26 un
1359 3394 224 42 orchestre
1618 3403 210 47 composé
1866 3398 261 45 d'éléments

142 3456 267 50 supérieurs,
433 3456 38 40 la
494 3456 212 42 direction
730 3471 80 38 par
840 3472 120 26 cœur
981 3468 65 32 est
1069 3460 131 40 chose
1220 3461 257 43 secondaire
1505 3463 182 54 lorsque
1720 3466 39 41 le
1793 3465 103 43 chef
1929 3470 190 50 possède
