2235 3708
798 209 49 25 LE
882 206 196 33 REQUIEM
1113 205 54 26 DE
1200 207 44 25 M.
1279 195 141 37 FAURÉ

120 210 46 23 22

122 307 302 42 indiscutable
442 307 114 42 dans
572 309 38 39 le
630 308 269 39 maniement
920 306 52 40 de
997 306 13 40 l
1028 303 245 51 orchestre,
1361 304 112 40 mais
1493 317 55 27 un
1572 309 78 35 art
1689 309 99 46 trop
1826 298 202 55 bruyant
2069 302 43 33 et

122 376 222 44 extérieur
363 377 11 54 (
381 377 176 54 malgré
579 377 24 39 F
610 376 303 41 emballement
936 374 56 41 du
1016 375 297 53 compositeur
1335 381 42 33 et
1399 376 25 38 à
1445 386 85 28 son
1565 372 136 52 insu),
1727 382 85 28 une
1851 364 263 54 rhétorique

126 445 429 55 disproportionnée
596 444 91 56 qui,
728 457 86 28 non
859 457 102 27 sans
999 445 211 52 rappeler
1266 443 42 39 la
1341 443 199 40 manière
1590 441 54 41 de
1694 435 289 58 Meyerbeer,
2040 445 76 28 use

125 513 175 57 d'effets
320 514 188 55 jaciles,
543 520 45 34 et
608 527 105 28 sans
731 515 117 39 aller
889 515 25 38 à
940 513 41 40 la
1009 513 152 53 poésie
1183 511 74 41 des
1280 511 151 42 choses
1450 518 44 33 et
1527 509 79 42 des
1641 509 137 48 êtres,
1891 508 24 36 à
1951 516 47 28 ce
2033 513 83 43 que

127 582 255 41 Schumann
405 582 196 54 appelait
625 580 344 52 Innerlichkeit,
983 605 53 6 —
1060 582 70 39 ira
1149 581 323 40 certainement
1501 593 57 26 au
1586 580 156 39 succès
1764 589 11 27 :
1800 576 127 40 telles
1958 573 158 50 furent

129 663 88 31 mes
226 652 250 51 premières
498 657 43 34 et
555 650 278 54 provisoires
854 650 304 53 impressions,
1182 663 82 41 que
1270 649 52 54 je
1340 655 102 34 note
1465 649 59 39 ici
1545 661 51 26 en
1621 651 122 34 toute
1780 641 221 41 humilité.

1508 726 51 42 E.
1596 726 261 40 DUSSELIER.

203 1044 73 40 Le
301 1057 19 25 «
344 1043 275 51 Requiem
643 1056 19 24 »
688 1042 67 41 de
786 1042 71 41 M.
885 1043 181 41 Fauré
1091 1041 234 53 (CONCERT
1355 1041 216 41 COLONNE
1602 1052 56 28 DU
1692 1051 56 41 24
1778 1033 266 55 DÉCEMBRE).

188 1168 60 40 Le
263 1179 300 41 programme
583 1180 47 27 se
645 1166 246 53 composait
922 1166 101 41 d'un
1046 1166 175 40 certain
1257 1165 179 41 nombre
1459 1165 53 41 de
1545 1175 249 30 morceaux
1830 1161 54 40 de
1920 1161 202 52 musique

132 1235 247 54 religieuse
401 1242 42 33 et
469 1236 103 39 d'un
599 1234 223 54 Requiem
839 1234 108 51 joué
959 1248 116 39 pour
1099 1235 42 39 la
1157 1235 228 52 première
1395 1234 103 52 fois
1519 1246 58 27 au
1606 1232 221 41 Châtelet.
1875 1230 84 40 Ces
1986 1228 108 54 frag-

133 1310 140 33 ments
297 1316 53 27 ne
372 1309 207 48 gagnent
595 1317 98 39 pas,
711 1307 24 36 à
757 1315 98 28 mon
875 1304 98 38 avis
976 1335 11 19 >
1013 1305 25 37 à
1058 1301 98 41 être
1172 1301 208 41 exécutés
1404 1302 63 39 les
1481 1314 79 27 uns
1583 1301 25 39 à
1634 1301 45 40 la
1700 1301 118 39 suite
1837 1298 77 41 des
1933 1304 158 33 autres
2106 1308 17 40 ;

132 1385 48 26 ce
202 1375 237 36 caractère
460 1384 201 27 commun
685 1371 129 53 qu'ils
837 1378 77 32 ont
937 1377 114 44 tous,
1073 1383 51 27 en
1152 1376 100 33 tant
1270 1383 56 39 qu
1345 1375 303 47 appartenant
1670 1382 58 26 au
1749 1380 145 41 genre
1917 1367 53 40 de
1993 1365 110 42 l'ora-

134 1441 136 47 torio,
292 1438 196 56 affaiblit
509 1438 28 41 V
545 1439 262 52 impression
828 1438 53 39 de
902 1439 25 38 Y
931 1437 214 40 auditeur
1164 1444 42 33 et
1225 1440 158 39 amène
1418 1450 82 26 une
1522 1435 204 41 certaine
1749 1434 259 41 monotonie
2032 1448 12 26 :
2069 1447 54 27 on

132 1521 47 27 se
199 1514 97 34 sent
319 1520 51 27 en
391 1507 215 52 présence
628 1507 52 38 de
717 1507 344 50 tempéraments
1085 1509 91 36 très
1208 1505 165 49 divers,
1415 1503 118 41 mais
1569 1503 261 41 néanmoins
1856 1503 41 38 la
1922 1502 204 54 musique

134 1577 54 39 de
210 1576 166 39 chacun
400 1575 53 40 de
476 1587 70 27 ces
565 1580 202 43 maîtres,
788 1587 88 40 par
894 1573 77 40 des
993 1585 186 42 moyens
1199 1573 164 48 variés,
1386 1578 100 34 veut
1502 1585 110 27 nous
1635 1570 173 41 donner
1827 1583 83 27 une
1925 1569 199 41 émotion

136 1645 57 39 du
218 1642 133 40 même
371 1642 151 40 ordre.
545 1642 66 39 M.
642 1641 201 40 Colonne
860 1654 27 27 a
912 1641 59 39 dû-
989 1653 331 27 recommencer
1340 1641 38 39 le
1396 1640 90 40 trio
1505 1639 59 40 du
1583 1638 118 41 Noël
1726 1638 53 41 de
1800 1638 324 50 Saint-Saëns,

136 1723 328 29 recommencer
488 1710 37 39 le
541 1708 30 41 3
575 1715 15 17 e
612 1708 183 41 numéro
820 1709 51 39 de
913 1709 42 39 la
997 1708 130 40 Fuite
1166 1721 54 27 en
1256 1709 177 54 Egypte
1475 1707 228 55 (Enfance
1744 1708 60 39 du
1850 1706 178 49 Christ)
2071 1707 55 40 de

135 1778 201 53 Berlio\,
357 1789 334 28 recommencer
709 1777 25 38 Y
741 1775 107 41 Aria
870 1776 54 40 de
947 1776 122 40 Bach
1091 1777 70 46 ;il
1183 1778 157 38 aurait
1359 1777 58 39 dit
1439 1783 96 33 tout
1555 1775 201 55 rejouer,
1800 1776 74 40 s'il
1893 1776 74 40 eût
1991 1776 135 40 voulu

134 1846 237 51 satisfaire
400 1858 77 27 son
506 1844 164 54 public.
696 1846 64 39 La
785 1843 113 41 Nuit
917 1845 53 39 de
993 1843 117 41 Noël
1133 1844 53 40 de
1214 1844 119 41 Liszt
1357 1858 25 26 a
1415 1846 84 52 plu
1538 1844 318 40 modérément.
1888 1844 115 41 C'est
2044 1856 84 28 une

131 1915 233 55 pastorale
397 1916 91 37 très
509 1913 194 49 colorée,
739 1916 93 36 très
849 1926 150 35 suave,
1025 1912 102 40 d'un
1150 1913 233 40 sentiment
1407 1913 161 54 exquis
1594 1914 58 39 où
1670 1912 268 54 dialoguent
1962 1919 42 33 et
2038 1912 67 40 s'u-

135 1983 168 40 nissent
318 1994 94 38 cor,
439 1981 174 49 basson,
647 1982 242 38 clarinette
911 1986 42 34 et
963 1980 146 54 flûtes
1133 1992 12 36 ;
1168 1981 86 39 elle
1293 1980 146 41 tombe
1479 1980 434 42 malheureusement
1956 1981 172 40 bientôt

138 2051 110 40 dans
270 2051 41 39 la
331 2050 242 52 vulgarité.
609 2050 61 39 Le
689 2061 207 27 morceau
917 2048 332 54 symphonique
1286 2048 54 41 de
1373 2048 306 55 Rédemption
1701 2062 25 27 a
1768 2062 51 27 eu
1858 2062 80 29 son
1973 2053 156 37 succès

139 2117 213 42 habituel.

193 2185 197 42 J'arrive
404 2198 55 27 au
483 2184 222 54 Requiem
729 2185 54 40 de
798 2185 66 41 M.
894 2185 186 41 Gabriel
1101 2185 167 49 Fauré,
1290 2186 202 51 écritily
1506 2199 124 28 aune
1649 2185 240 56 quinzaine
1902 2185 223 42 d'années.

139 2257 65 38 La
246 2254 256 52 conception
539 2266 50 26 en
621 2259 68 34 est
729 2256 91 37 très
870 2255 245 52 originale,
1154 2254 288 53 paradoxale
1480 2255 150 50 même,
1675 2257 295 52 pourrait-on
2010 2255 116 41 dire.

142 2322 222 40 Oubliant
382 2321 140 49 Bach,
548 2322 268 47 Beethoven,
1069 2322 192 40 laissant
1282 2324 25 37 à
1343 2323 200 40 d'autres
1582 2324 63 40 les
1678 2330 180 34 accents
1890 2324 239 54 tragiques

141 2391 53 40 de
212 2397 180 32 terreur
414 2394 41 36 et
476 2389 53 40 de
548 2389 271 52 désolation,
840 2391 63 40 les
917 2391 208 53 sanglots
1145 2397 42 33 et
1206 2392 62 39 les
1282 2391 308 53 grincements
1612 2392 54 40 de
1689 2392 140 51 dents,
1855 2392 62 41 M.
1945 2392 188 41 Gabriel

141 2459 155 39 Fauré
326 2458 103 40 s'est
452 2457 191 53 épanché
665 2471 51 26 en
740 2458 215 40 mélodies
976 2460 299 50 consolantes,
1294 2472 51 27 en
1371 2459 156 41 chants
1549 2460 53 40 de
1620 2460 155 54 pieuse
1804 2460 287 55 résignation
2119 2474 12 30 ;

144 2528 33 39 il
198 2540 26 26 a
243 2528 129 38 voulu
392 2538 108 27 nous
519 2525 121 49 faire
658 2526 167 52 goûter
845 2526 41 40 la
900 2526 200 40 douceur
1121 2526 76 40 des
1214 2529 180 40 larmes.
1414 2527 83 50 Ici,
1510 2530 103 51 plus
1629 2529 54 40 de
1695 2528 159 54 peines
1872 2530 256 50 étemelles,

139 2596 103 52 plus
260 2594 54 40 de
330 2594 71 40 lac
412 2593 54 41 de
473 2592 105 56 feu,
590 2595 108 51 plus
716 2594 53 39 de
792 2596 184 50 gueules
998 2595 53 39 de
1070 2595 112 39 lions
1205 2595 234 41 dévorants
1457 2608 16 40 ;
1495 2596 64 42 M.
1585 2598 156 39 Fauré
1761 2612 25 26 a
1807 2598 138 40 éteint
1968 2598 163 53 l'enfer

143 2663 57 40 du
220 2675 160 42 moyen
409 2661 86 55 âge
511 2668 42 34 et
569 2674 111 28 nous
694 2665 120 37 mène
842 2675 56 27 au
917 2662 188 54 paradis
1120 2676 89 39 par
1228 2664 76 40 des
1323 2664 192 40 chemins
1531 2672 206 34 couverts
1772 2666 53 40 de
1858 2679 141 28 roses.
2036 2667 94 40 Son

144 2733 232 37 orchestre
395 2743 45 27 se
454 2742 136 40 passe
606 2743 194 41 presque
820 2732 292 38 entièrement
1136 2731 53 40 de
1212 2733 174 39 cuivres
1408 2739 41 33 et
1472 2733 54 40 de
1551 2733 110 49 bois,
1698 2735 61 39 les
1799 2735 182 40 violons
2024 2749 81 26 eux-

144 2798 161 40 mêmes
325 2811 47 27 se
393 2798 162 40 taisent
569 2798 204 54 pendant
792 2812 190 43 presque
1004 2800 42 38 la
1068 2800 159 39 moitié
1243 2799 51 40 de
1319 2801 182 39 l'œuvre
1525 2813 13 36 ;
1564 2803 40 38 la
1623 2805 163 51 parole
1819 2810 65 34 est
1919 2806 24 38 à
1988 2806 141 49 l'alto,

144 2880 57 26 au
220 2867 279 49 violoncelle,
532 2865 27 41 à
584 2866 329 40 l'harmonium.
940 2867 89 40 Pas
1047 2866 54 40 de
1119 2874 123 34 trace
1281 2868 52 41 de
1348 2871 167 51 fugue,
1561 2870 47 41 ni
1645 2871 54 40 de
1730 2873 123 46 style
1880 2872 168 54 fugué,
2088 2874 45 39 ni

144 2935 119 39 d'art
278 2934 155 39 sévère
463 2940 43 33 et
529 2935 221 52 classique
771 2946 16 40 ;
809 2935 75 39 des
906 2935 253 41 harmonies
1183 2937 153 40 molles
1359 2944 40 33 et
1427 2939 337 54 enveloppantes
1787 2953 13 32 ;
1837 2947 104 35 tout
1975 2942 159 40 chante

145 3010 42 32 et
202 3002 228 40 embaume
451 3014 15 39 ;
488 3003 60 39 les
570 3004 106 39 voix
694 3010 44 33 et
760 3003 63 40 les
856 3003 292 40 instruments
1172 3017 104 28 vous
1292 3006 177 52 grisent
1502 3020 166 28 comme
1707 3009 131 40 d'une
1877 3010 144 40 odeur
2060 3024 50 26 en-

145 3070 253 41 vahissante
418 3070 217 41 d'encens.
663 3071 212 40 L'auteur
896 3085 24 26 a
941 3071 376 42 admirablement
1340 3075 165 40 réalisé
1526 3088 45 28 ce
1591 3076 111 55 qu'il
1739 3091 25 26 a
1802 3091 154 44 conçu.
1981 3079 154 40 .Cette

145 3139 201 53 musique
372 3139 364 40 délicieusement
769 3140 242 54 féminine,
1055 3140 251 53 mondaine,
1343 3144 374 54 aristocratique,
1768 3148 243 52 rappelant
2071 3149 64 38 les

144 3207 222 40 Madones
385 3206 55 41 de
461 3207 194 40 Murillo
676 3220 95 27 aux
779 3220 140 42 yeux
941 3208 146 56 noyés
1102 3210 53 40 de
1175 3212 243 48 tendresse,
1442 3219 64 33 est
1521 3214 121 48 faite
1658 3227 125 39 pour
1809 3215 43 39 la
1881 3214 132 50 foule
2036 3215 74 41 dis-

146 3277 184 51 tinguée
352 3275 54 40 de
425 3277 42 37 la
503 3274 260 42 Madeleine
795 3282 43 35 et
859 3278 61 39 les
950 3276 114 41 élues
1100 3277 57 41 du
1185 3279 209 53 paradis.
1434 3280 97 41 J'en
1575 3281 124 40 dirai
1734 3295 48 27 ce
1823 3296 85 41 que
1940 3283 54 40 M
1996 3290 49 21 me
2081 3285 55 40 de

145 3344 214 54 Sévigné,
383 3343 212 41 assistant
612 3357 58 26 au
689 3344 171 40 service
881 3345 57 39 du
960 3345 254 42 chancelier
1245 3346 212 55 Séguier,
1484 3347 141 42 disait
1665 3349 104 42 d'un
1810 3358 135 34 autre
1980 3353 156 52 grand

144 3414 230 48 musicien,
402 3413 123 40 Lulli
550 3425 7 27 :
583 3426 23 27 «
628 3412 50 40 Je
699 3426 51 27 ne
770 3414 119 40 crois
909 3427 87 41 pas
1014 3415 108 54 qu'il
1131 3429 49 39 y
1202 3415 65 40 ait
1293 3416 179 41 d'autre
1496 3419 202 53 musique
1717 3419 113 41 dans
1862 3420 40 40 le
1924 3419 103 43 ciel.
2055 3438 19 21 »

1776 3504 55 39 A.
1861 3501 48 42 L.
