2235 3708
156 194 27 42 8

699 201 160 35 'NOTES
895 210 84 27 SUR
1013 211 48 24 LA
1095 210 199 32 MUSIQUE
1328 210 247 27 ORIENTALE

214 299 372 44 GOUVERNEMENT
609 309 200 35 GÉNÉRAL
826 319 56 26 DE
903 302 334 44 L'INDO-CHINE.
1346 305 61 42 M.
1435 306 36 40 le
1498 306 221 40 Directeur
1741 307 49 39 de
1812 298 325 54 VAgriculture,

894 348 9 8 <
1886 345 23 14 O
2127 342 9 10 7

160 369 70 39 des
266 369 148 41 Forêts
448 378 36 33 et
518 372 56 39 du
606 371 256 50 Commerce,
889 374 56 39 du
976 381 331 47 gouvernement
1338 374 179 54 général
1551 376 50 38 de
1631 373 314 48 /'lndo-Chine,
1981 388 23 25 a
2044 373 94 40 bien

157 438 127 39 voulu
303 453 106 26 nous
425 454 177 39 envoyer
622 440 56 40 les
699 442 181 55 dix-sept
905 442 134 55 pièces
1059 443 225 48 suivantes,
1305 451 112 47 pour
1435 451 119 33 notre
1576 443 222 41 collection
1822 456 24 26 a
1866 441 273 40 instruments

157 505 224 42 orientaux
398 519 13 28 :

408 663 43 34 i°
481 659 122 41 Flûte
632 659 205 55 indigène
859 660 97 54 (sao
979 661 138 54 ngan)
1143 679 7 32 ;

301 768 7 5 .
407 731 43 35 2°
484 727 254 41 Mandoline
757 729 205 54 indigène
983 730 106 51 (dàn
1108 731 181 52 nguyêt)
1307 747 8 33 ;

402 799 46 47 3>°
476 794 147 53 Harpe
644 796 204 54 indigène
872 797 121 53 (thâp
1014 798 89 52 lue)
1121 812 9 34 ;

399 866 48 47 F
487 861 153 41 Violon
663 867 23 35 à
702 865 110 39 deux
832 867 144 39 cordes
1001 866 112 52 (nhi)
1138 882 8 33 ;

408 934 43 49 5°
477 929 212 42 Tambour
709 948 49 24 en
777 941 105 46 peau
899 935 49 38 de
969 934 125 55 buffle
1117 934 162 52 (chông
1304 934 112 54 côm)
1444 949 11 36 ;

403 997 45 39 6°
479 997 211 41 Tam-tam
725 1001 49 38 de
796 1001 155 40 théâtre
968 1001 164 52 (chông
1152 1002 83 51 cai)
1259 1018 8 33 ;

402 1070 43 46 7°
474 1065 258 41 Tambourin
752 1068 38 39 d'
795 1076 404 48 accompagnement
1220 1069 163 52 (chông
1405 1070 106 51 bàn)
1530 1081 10 38 ;

402 1131 46 39 S°
476 1131 256 43 Tambourin
753 1150 125 26 creux
900 1135 163 53 (chông
1087 1138 82 40 bôc
1188 1137 101 53 bôc)
1313 1150 9 34 ;

402 1203 45 47 9°
475 1198 258 43 Tambourin
756 1205 23 37 à
799 1203 114 39 main
947 1204 161 51 (chông
1123 1205 136 51 khân)
1293 1220 10 33 ;

372 1270 72 34 70°
470 1266 257 42 Tambourin
748 1269 446 57 d'accompagnement
1215 1272 162 52 (chông
1407 1274 103 52 thây
1529 1274 131 52 cung)
1684 1289 7 33 ;

371 1337 72 34 ii°
471 1333 259 42 Tambourin
748 1338 92 52 plat
861 1336 165 54 (chông
1044 1342 112 47 sâm)
1175 1350 8 35 ;

374 1406 70 33 /2°
465 1401 116 40 Petit
602 1404 237 40 tambourin
859 1420 49 25 en
932 1406 90 40 bois
1040 1422 126 24 creux
1188 1406 89 53 (mô
1310 1408 96 52 mit)
1426 1422 9 34 ;

370 1473 72 47 iy°
471 1469 211 41 Tam-tam
709 1486 50 24 en
790 1487 138 26 cuivre
950 1482 112 46 pour
1089 1477 178 38 scander
1299 1476 57 39 les
1376 1489 182 25 mesures
1579 1474 124 54 (tiêu)
1725 1491 10 34 ;

368 1540 73 47 if
461 1535 134 40 Autre
616 1543 194 36 tam-tam
832 1554 49 24 en
903 1555 139 26 cuivre
1060 1550 111 46 pour
1191 1543 178 39 scander
1390 1543 57 39 les
1465 1557 183 25 mesures
1663 1556 9 37 ;

371 1614 19 27 I
467 1602 254 42 Instrument
750 1607 256 40 monocorde
1026 1609 106 48 (dàn
1156 1608 105 54 ban)
1280 1625 7 32 ;

372 1669 22 39 i
394 1669 46 39 6°
461 1670 253 42 Instrument
735 1676 23 36 à
778 1681 94 33 vent
883 1690 50 24 en
964 1675 178 40 bambou
1164 1676 178 52 (khêne)
1364 1692 8 32 ;

310 1770 6 8 .
370 1751 19 24 1
399 1752 22 35 7
425 1745 17 19 0
460 1735 132 43 Autre
631 1745 294 35 instrumenta
966 1749 94 33 vent
1083 1776 6 7 ,
1228 1743 58 40 id.

142 1780 39 28 *c\
849 1780 4 33 .
1101 1804 22 6 ...
1148 1787 23 26 /
1555 1780 2 33 .
1587 1790 6 6 '
1636 1780 2 33 ■
1827 1790 8 6 '
1873 1792 14 5 ••

144 1914 10 9 •
201 1886 58 39 Ce
292 1888 167 39 dernier
475 1895 57 33 est
550 1891 138 49 formé
729 1893 99 40 dun
844 1903 178 46 .groupe
1058 1897 50 39 de
1129 1904 158 46 tuyaux
1308 1901 50 38 de
1377 1903 222 51 grandeur
1621 1903 187 54 inégale,
1828 1906 167 51 faisant
2017 1908 104 41 flûte

141 1953 50 40 de
212 1953 93 41 Pan
329 1956 70 46 ;le
418 1957 200 51 faisceau
637 1964 55 33 est
715 1974 116 25 muni
855 1963 86 38 àla
981 1963 95 40 base
1108 1966 26 38 d
1152 1981 80 24 une
1264 1968 276 41 embouchure
1578 1985 233 39 commune,
1855 1980 37 34 et
1927 1976 14 39 1
1959 1975 135 40 instru-

139 2027 112 33 ment
271 2036 41 24 se
341 2037 103 38 joue
478 2032 79 45 par
595 2027 257 52 aspiration,
886 2032 24 35 à
948 2031 192 40 linverse
1175 2034 71 39 des
1282 2035 272 42 instruments
1595 2043 22 35 à
1641 2046 94 33 vent
1768 2041 255 42 ordinaires.

138 2087 61 41 M.
237 2088 53 40 Cl
292 2104 37 24 ai
342 2090 40 47 k,
407 2091 57 38 du
478 2098 124 33 ecteui
647 2094 49 37 de
733 2094 41 40 la
795 2095 164 41 Société
986 2097 216 53 française
1242 2103 56 39 du
1329 2103 313 56 Gramophone,
1667 2123 23 24 a
1721 2108 94 40 bien
1849 2111 129 40 voulu
2012 2127 105 25 nous

137 2170 166 38 envoyei
334 2165 192 33 soixante
555 2160 165 53 disques
747 2164 297 52 reproduisant
1078 2167 56 39 les
1174 2184 86 24 airs
1300 2172 226 53 indigènes
1552 2189 69 38 qui
1651 2182 73 33 ont
1745 2180 61 35 été
1837 2178 270 53 enregistrés,

136 2224 106 38 dans
274 2224 133 40 llnde
428 2232 37 33 et
487 2239 49 26 en
561 2225 149 51 Chine,
743 2237 81 46 par
856 2246 57 25 un
944 2232 228 54 ingénieur
1200 2237 49 39 de
1272 2238 40 39 la
1347 2238 164 42 Société
1533 2242 55 39 du
1614 2241 301 57 Gramophone
1955 2251 158 50 envoyé

134 2291 292 51 spécialement
463 2307 48 25 en
543 2293 146 40 Orient
710 2298 24 37 à
766 2304 59 33 cet
844 2300 109 52 effet.
977 2299 120 41 Nous
1127 2318 132 25 avons
1286 2306 123 48 donc,
1435 2308 70 39 dès
1526 2309 278 50 maintenant,
1830 2314 59 39 les
1919 2315 197 41 éléments

134 2371 197 25 necessan
345 2373 39 25 es
406 2362 24 36 d
457 2374 80 25 une
559 2363 118 37 étude
705 2366 161 50 précise
887 2367 51 38 de
971 2368 40 38 la
1034 2384 188 40 musique
1243 2375 219 40 orientale.

132 2452 19 22 v
258 2423 99 42 Nous
358 2427 211 39 adressons
606 2432 23 35 à
653 2443 76 27 nos
747 2436 354 50 correspondants
1129 2437 59 41 les
1218 2439 98 53 plus
1348 2442 82 53 vifs
1457 2445 334 43 remerciements
1820 2448 47 40 de
1895 2450 41 40 la
1959 2450 153 44 Revue

130 2490 231 42 Musicale.
1658 2530 8 9 ,

185 2643 129 40 Nous
335 2657 51 26 ne
412 2657 214 40 pouvons,
645 2660 120 40 pour
816 2650 40 40 le
879 2659 203 46 moment,
1105 2655 257 52 qu'accuser
1384 2659 227 54 réception
1633 2662 77 41 des
1750 2664 261 44 documents
2034 2670 77 52 qui

129 2721 111 28 nous
253 2717 74 33 ont
357 2711 72 40 été
448 2714 194 54 envoyés
672 2728 92 40 par
786 2718 63 39 les
873 2722 378 51 correspondants
1281 2725 215 54 suivants,
1534 2732 223 50 auxquels
1792 2746 109 28 nous
1935 2735 175 57 offrons

129 2782 96 34 tous
244 2791 80 27 nos
340 2781 363 41 remerciements
729 2795 12 27 :

183 2843 69 41 M.
272 2845 257 54 Bourgoin,
553 2859 326 33 conservateur
910 2855 56 39 de
1002 2856 42 39 la
1401 2856 738 56 Bibl,
1453 2864 27 38 à
1518 2862 296 56 Pondichéry
1834 2869 249 45 (Etablisse-

127 2917 141 34 ments
294 2912 207 49 français
518 2914 54 41 de
590 2917 16 39 l
625 2917 122 53 Inde)
766 2931 15 38 ;
818 2920 65 40 M.
903 2921 162 54 Joseph
1086 2925 238 59 François,
1344 2941 292 41 gouverneur
1668 2933 100 53 (id.)
1795 2949 9 37 ;
1833 2937 65 40 M.
1942 2939 163 54 Broni,

125 2986 284 44 gouverneur
446 2980 194 55 général
656 2983 53 41 de
725 2986 312 43 /'lndo-Chine
1056 3003 86 38 par
1179 2992 198 52 intérim,
1404 3002 42 34 et
1479 2997 62 41 M.
1593 3000 39 40 le
1673 3001 342 46 Conservateur
2046 3008 60 41 du

126 3044 144 41 musée
287 3048 210 52 agricole
526 3057 39 33 et
588 3054 287 41 commercial
913 3055 148 56 (ibid.)
1081 3076 14 31 ;
1137 3059 63 42 M.
1241 3062 38 40 le
1315 3064 216 42 Résident
1565 3069 239 52 supérieur
1832 3073 59 41 du
1935 3074 168 45 Tonkin

140 3110 208 55 (Hanoï),
367 3121 315 36 transmettant
705 3132 84 28 une
811 3121 132 40 lettre
964 3123 54 40 de
1038 3124 66 41 M.
1138 3127 225 52 Cambier,
1404 3132 381 45 administrateur
1820 3140 196 44 résident
2049 3144 56 42 de

124 3176 175 43 France
318 3184 21 35 à
366 3181 379 59 Tuyen-Quang;
757 3187 68 42 M.
849 3189 211 54 Vergues,
1075 3194 378 44 administrateur
1476 3213 51 28 en
1546 3201 115 51 chef,
1683 3204 175 50 faisant
1875 3212 230 50 fonctions

121 3243 55 41 de
201 3254 249 34 secrétaire
470 3252 206 51 général,
701 3255 27 38 à
755 3250 322 61 Madagascar,
1098 3259 26 42 à
1160 3262 77 52 qui
1270 3276 112 30 nous
1418 3267 188 41 devrons
1639 3271 141 42 d'être
1813 3288 52 28 en
1905 3288 197 43 rapport

118 3323 110 30 avec
259 3314 65 42 M.
576 3312 146 58 Jully,
760 3320 63 52 président
824 3322 56 41 de
881 3325 251 43 l'Académie
1151 3331 246 55 malgache,
1415 3341 43 33 et
1480 3349 108 29 avec
1602 3339 38 40 le
1669 3340 50 41 P.
1743 3342 145 49 Colin,
1908 3349 193 42 membre

121 3378 55 41 de
193 3387 117 33 cette
344 3383 242 42 Académie
606 3398 17 40 ;
1176 3387 66 42 M.
1354 3388 191 52 Théron,
1556 3405 287 40 gouverneur
1242 3398 55 40 de
1429 3402 56 42 de
1501 3405 44 39 la
1562 3406 202 43 Réunion
1787 3421 14 34 ;
1822 3411 53 41 M
1910 3414 174 43 Morlet

117 3448 376 44 administrateur
506 3453 25 39 à
555 3454 141 42 Mahé
714 3469 18 40 ;
751 3457 63 43 M.
844 3459 39 41 le
913 3464 154 40 consul
1077 3463 55 41 de
1152 3466 174 43 France
1344 3468 25 41 à
1395 3471 235 57 Zanzibar
1634 3488 41 28 m
1698 3477 71 53 (no
