2235 3708
723 186 147 29 COURS
904 188 60 27 DU
1000 181 202 34 COLLÈGE
1235 190 56 25 DE
1325 190 173 27 FRANCE

2073 196 41 38 13

160 285 257 57 J'étudierai
442 287 169 40 chacun
647 285 127 41 d'eux
807 299 54 27 en
885 286 150 41 détail.
1061 286 124 41 Pour
1207 287 39 40 le
1275 296 215 42 moment,
1513 289 37 50 je
1585 302 69 27 me
1684 288 139 43 borne
1861 296 21 35 à
1919 293 198 50 signaler

106 357 333 52 quelques-uns
460 355 52 40 de
536 355 118 40 leurs
678 360 259 35 caractères.

147 479 161 37 Toutes
332 489 66 26 ces
422 477 183 37 échelles
647 476 189 37 modales
871 476 325 49 appartiennent
1224 489 53 24 au
1320 488 127 37 genre
1478 476 270 51 diatonique;
1792 478 100 38 elles
1916 489 96 28 sont
2035 480 62 38 for-

108 534 113 37 mées
243 546 100 25 avec
367 534 59 36 les
447 541 122 29 notes
607 532 50 37 de
687 532 38 37 la
749 545 164 37 gamme
953 532 85 37 d'ut
1068 545 97 24 sans
1209 531 214 38 accidents
1449 532 123 48 (nous
1604 545 175 26 verrons
1800 534 95 49 plus
1930 536 91 36 tard
2057 536 60 40 les

105 588 281 50 exceptions).
418 589 112 37 C'est
554 588 21 37 à
605 588 109 37 saint
736 587 241 46 Ambroise,
1004 588 160 49 évêque
1208 588 49 37 de
1282 587 132 37 Milan
1440 588 51 37 de
1517 588 77 49 374
1616 590 19 35 à
1668 589 91 49 397,
1790 602 80 37 que
1900 591 83 37 l'on
2000 593 98 35 attri-

105 645 81 37 bue
210 644 249 38 l'exclusion
489 645 55 37 du
562 644 320 38 chromatisme.
915 643 211 49 L'origine
1146 644 50 36 de
1221 656 69 25 ces
1310 644 148 37 modes
1482 653 76 35 est,
1582 645 50 36 de
1655 653 117 29 toute
1797 646 214 45 évidence,
2033 659 82 26 une

105 700 161 50 origine
290 713 196 37 grecque.
509 701 58 37 Ce
590 699 72 51 qui
684 700 37 38 le
745 699 318 46 démontrerait,
1089 701 21 36 à
1127 699 143 38 défaut
1292 700 52 37 de
1365 708 117 29 toute
1507 708 116 29 autre
1644 713 172 37 preuve,
1840 703 99 36 c'est
1977 703 38 36 la
2033 712 62 28 ter-

103 756 232 51 minologie
360 757 220 50 employée
603 769 77 36 par
722 757 59 37 les
817 755 259 38 théoriciens
1113 757 56 36 du
1202 767 156 38 moyen
1379 758 89 47 âge.
1492 756 31 35 Il
1546 755 87 38 faut
1673 758 237 47 cependant
1936 758 181 49 signaler

102 825 85 25 une
212 812 241 46 confusion,
478 812 72 51 qui
586 825 50 25 ne
667 812 159 50 change
850 812 104 45 rien,
979 811 228 47 d'ailleurs,
1230 812 21 37 à
1286 825 45 24 ce
1362 824 80 37 que
1465 812 37 48 je
1540 811 119 38 viens
1695 813 50 37 de
1783 812 103 40 dire.
1910 815 57 36 Ce
1993 816 124 47 qu'au

102 881 155 38 moyen
282 871 73 48 âge
380 878 39 28 et
450 870 22 36 à
495 869 194 49 l'époque
713 869 50 37 de
807 868 38 37 la
869 868 286 38 Renaissance
1195 880 56 25 on
1301 867 185 50 appelait
1509 867 37 38 le
1571 869 140 37 dorien
1719 897 9 18 ,
1765 869 217 50 s'appelait
2013 871 104 48 jadis

101 925 37 37 le
155 926 212 50 phrygien
384 939 9 34 ;
417 925 37 38 le
474 926 213 50 phrygien
711 925 50 37 de
791 924 188 50 l'Eglise,
1000 924 101 38 c'est
1130 936 46 26 ce
1220 924 256 49 qu'Aristote
1500 932 39 29 et
1564 936 64 26 ses
1645 924 202 50 disciples
1880 926 238 49 appelaient

101 981 38 37 le
168 982 140 36 dorien
316 1013 7 13 ,
349 990 111 30 etc...
485 982 137 36 Toute
647 981 38 37 la
706 981 321 37 nomenclature
1052 993 22 25 a
1094 981 63 37 été
1183 979 291 47 bouleversée,
1495 993 109 36 pour
1633 981 73 37 des
1742 981 165 37 raisons
1929 983 70 48 qui
2024 992 94 27 sont

102 1037 267 48 aujourd'hui
393 1037 97 37 bien
511 1049 191 25 connues
726 1046 39 28 et
784 1049 81 37 que
885 1036 143 50 j'aurai
1049 1036 95 50 plus
1167 1037 92 36 tard
1300 1037 22 35 à
1346 1048 179 38 exposer
1548 1037 104 36 dans
1675 1049 83 25 une
1783 1037 123 49 leçon
1931 1037 181 50 spéciale

103 1092 179 50 (d'après
303 1093 36 37 le
365 1094 146 37 maître
536 1105 52 26 en
609 1105 69 26 ces
703 1092 194 38 matières
917 1108 7 21 :
952 1094 52 39 R.
1040 1092 255 50 Westphal).

156 1148 79 38 Ces
266 1150 148 36 modes
443 1157 97 29 sont
577 1149 189 49 couplés.
805 1150 114 36 Dans
944 1148 37 38 le
1022 1148 164 47 dorien,
1227 1160 55 25 on
1324 1160 49 25 va
1395 1149 50 37 de
1470 1148 39 37 la
1530 1148 176 50 tonique
1732 1148 77 49 (ré)
1844 1148 21 38 à
1898 1149 38 37 la
1981 1150 108 36 domi-

106 1214 150 36 nante;
276 1206 104 36 dans
402 1204 287 52 Yhypodorien
697 1235 8 16 ,
731 1216 55 26 on
815 1218 49 24 va
887 1205 50 37 de
962 1205 38 37 la
1044 1204 247 38 dominante
1322 1205 249 48 (renversée)
1597 1205 21 36 à
1648 1205 38 37 la
1709 1204 193 50 tonique,
1927 1205 38 37 la
1988 1205 125 38 finale

105 1260 46 38 ré
170 1261 249 37 demeurant
440 1261 38 37 la
501 1261 153 37 même.
687 1260 231 38 L'élément
965 1260 210 50 principal
1200 1261 51 36 de
1284 1272 68 26 ces
1376 1261 111 37 deux
1525 1260 148 38 modes
1710 1268 62 29 est
1795 1260 38 38 la
1860 1260 146 50 quinte
2033 1263 62 47 (ré-

106 1317 54 48 la)
185 1317 71 49 qui
280 1326 108 28 reste
410 1317 79 37 fixe
511 1317 106 37 dans
659 1317 59 37 les
741 1317 109 37 deux
887 1329 87 34 cas,
1005 1325 40 29 et
1067 1317 22 36 à
1111 1316 183 50 laquelle
1333 1316 175 49 s'ajoute
1542 1329 83 25 une
1659 1325 162 40 quarte,
1842 1317 145 49 placée
2019 1316 54 38 ici
2094 1318 21 36 à

108 1372 140 50 l'aigu,
273 1373 38 36 là
346 1386 52 24 au
436 1385 143 38 grave.
607 1373 32 36 11
663 1385 51 25 en
751 1381 61 29 est
835 1373 50 36 de
917 1373 134 36 même
1075 1385 108 36 pour
1204 1373 59 37 les
1286 1380 159 29 autres.
1475 1373 30 36 Il
1525 1372 68 50 n'y
1616 1385 22 24 a
1661 1385 73 36 pas
1758 1373 49 37 de
1842 1373 124 37 mode
1991 1381 125 42 ayant

108 1440 107 37 pour
238 1428 174 50 tonique
433 1430 38 37 si
490 1430 39 47 S,
552 1440 69 26 car
645 1428 41 38 ni
706 1428 248 39 l'intervalle
972 1428 102 51 si-fa
1097 1428 18 36 Û
1139 1459 9 16 ,
1173 1428 42 37 ni
1238 1427 248 39 l'intervalle
1506 1428 101 53 si-fa
1623 1428 25 37 %
1667 1440 52 26 ne
1740 1428 274 38 formeraient
2033 1440 82 26 une

113 1483 144 49 quinte
281 1485 122 48 juste.

169 1646 153 41 Modes
343 1648 162 39 arabes.
617 1648 124 41 Voici
783 1649 64 40 les
870 1651 154 39 modes
1058 1650 157 41 arabes
1238 1649 13 54 (
1257 1651 221 40 Makamat
1484 1650 27 53 ),
1537 1653 303 50 caractérisés,
1871 1665 82 27 eux
1978 1654 137 46 aussi,

114 1729 81 38 par
222 1715 40 40 la
284 1716 125 51 place
439 1717 78 40 des
539 1716 262 41 demi-tons.

158 2713 47 37 Je
226 2712 108 44 dois,
359 2724 69 25 sur
452 2724 45 26 ce
529 2711 134 50 point,
696 2711 182 50 signaler
920 2720 38 30 et
978 2712 195 49 prévenir
1191 2724 84 27 une
1299 2712 222 40 difficulté.
1552 2714 153 47 Quand
1748 2725 55 25 on
1842 2711 191 39 consulte
2065 2711 59 38 les

116 2779 207 38 ouvrages
346 2767 123 38 écrits
494 2780 69 24 sur
605 2775 106 29 cette
752 2768 133 49 partie
928 2769 50 37 de
1010 2768 204 38 l'histoire
1247 2769 219 44 musicale,
1490 2782 55 24 on
1586 2778 149 30 trouve
1759 2781 80 37 que
1881 2768 59 38 les
1977 2766 146 38 modes

117 2824 148 37 arabes
295 2835 51 25 ne
374 2831 97 30 sont
489 2836 75 36 pas
602 2824 162 36 donnés
784 2832 171 40 partout
977 2836 100 26 avec
1110 2824 59 37 les
1199 2824 159 38 mêmes
1395 2837 123 25 noms
1553 2833 39 30 et
1619 2825 60 37 les
1703 2825 158 37 mêmes
1904 2823 171 37 formes.
2093 2824 29 37 A

114 2880 141 49 priori
260 2909 8 17 ,
293 2879 89 38 cela
405 2880 65 36 n'a
492 2879 89 37 rien
605 2879 259 39 d'étonnant.

170 2936 165 49 Songez
365 2947 80 37 que
467 2935 59 37 les
546 2935 161 37 Arabes
730 2943 74 29 ont
823 2935 212 38 constitué
1058 2948 57 24 un
1137 2936 158 49 empire
1315 2937 95 48 plus
1424 2937 133 49 grand
1579 2949 82 36 que
1687 2934 110 39 celui
1816 2933 277 39 d'Alexandre
2117 2947 7 24 :

118 2991 120 49 après
262 2991 117 38 avoir
410 2990 181 51 conquis
615 2991 39 36 la
687 2992 143 45 Perse,
853 2991 37 37 le
920 2991 254 46 Turkestan,
1199 2992 50 37 ils
1285 3001 74 28 ont
1381 2992 146 39 enlevé
1552 2992 22 37 à
1595 2991 202 50 l'Empire
1818 3003 95 38 grec
1931 2990 38 37 la
1992 2989 132 50 Syrie,

119 3046 39 37 la
184 3046 227 47 Palestine,
454 3047 192 49 l'Egypte
668 3058 8 35 ;
701 3046 50 38 ils
800 3055 73 30 ont
911 3046 161 39 soumis
1097 3048 359 38 successivement
1489 3056 97 29 tous
1618 3048 60 37 les
1712 3060 103 37 pays
1839 3047 56 37 du
1934 3046 106 37 nord
2075 3045 50 37 de

120 3102 202 49 l'Afrique
356 3116 7 23 :
386 3102 178 50 Tripoli,
596 3104 38 35 la
650 3102 193 45 Tunisie,
867 3102 210 50 l'Algérie,
1095 3104 37 36 le
1153 3104 148 37 Maroc
1324 3117 8 33 ;
1357 3104 51 37 ils
1438 3116 43 25 se
1504 3111 96 30 sont
1617 3115 190 37 empares
1828 3103 51 37 de
1901 3102 224 48 l'Espagne

120 3166 39 28 et
182 3166 73 29 ont
278 3159 134 37 même
436 3158 171 50 pénétré
626 3159 195 49 jusqu'en
845 3158 160 38 France
1029 3171 8 34 ;
1062 3158 50 38 ils
1136 3167 74 29 ont
1230 3160 111 37 donc
1378 3160 93 37 subi
1491 3158 241 38 l'influence
1762 3159 51 36 de
1849 3156 277 40 civilisations

120 3213 83 37 très
227 3213 201 46 diverses,
448 3227 57 24 un
527 3227 84 36 peu
633 3226 165 26 comme
823 3214 59 37 les
908 3213 201 39 Romains
1140 3215 50 37 de
1211 3215 38 37 la
1269 3215 56 37 fin
1349 3216 49 37 de
1419 3215 40 37 la
1485 3215 266 49 République
1773 3221 41 30 et
1837 3214 56 36 du
1915 3222 182 28 commen-

123 3278 164 28 cement
307 3270 49 37 de
376 3269 215 50 l'Empire.
617 3270 139 38 Celles
783 3269 70 50 qui
875 3283 42 24 se
948 3279 96 28 sont
1066 3270 354 50 principalement
1442 3271 194 38 exercées
1660 3283 71 24 sur
1753 3282 93 30 eux,
1867 3281 52 24 au
1939 3266 119 50 point
2078 3265 49 37 de

121 3337 77 25 vue
222 3326 192 44 musical,
435 3335 120 28 sont:
578 3326 239 37 l'influence
842 3327 71 36 des
934 3328 164 43 Perses,
1122 3327 71 49 qui
1216 3327 167 38 avaient
1404 3339 57 25 un
1485 3326 182 50 système
1691 3324 177 38 musical
1886 3321 82 39 très
1990 3321 136 51 précis

124 3388 39 28 et
185 3380 192 49 original,
399 3390 39 29 et
460 3380 239 39 l'influence
717 3382 71 37 des
815 3382 146 45 Grecs,
986 3383 103 36 dont
1106 3384 60 36 les
1179 3383 162 37 Arabes
1358 3391 74 29 ont
1451 3394 158 32 connu,
1630 3379 226 50 interprété
1877 3387 39 28 et
1931 3375 196 40 transmis

120 3447 84 24 aux
246 3438 223 36 modernes
509 3450 182 36 presque
713 3445 139 30 toutes
894 3438 59 37 les
993 3438 207 38 sciences.
1227 3438 32 36 11
1289 3438 106 38 n'est
1436 3438 110 37 donc
1574 3449 75 37 pas
1692 3437 203 35 étonnant
1924 3445 81 37 que
2044 3432 83 35 l'on

125 3497 145 30 trouve
288 3491 100 37 chez
412 3504 80 25 eux
514 3493 73 37 des
609 3492 202 49 systèmes
850 3493 221 39 musicaux
1093 3493 218 38 différents
1334 3494 59 36 les
1413 3505 80 25 uns
1517 3493 74 37 des
1634 3499 154 29 autres.
1809 3488 83 38 Dès
1912 3489 36 37 le
1985 3485 142 38 milieu
