3693 4488
1826 134 89 55 239

780 274 102 61 Aus
919 271 308 64 Düsseldorf.

340 367 91 52 Am
465 369 93 52 20.
589 367 90 51 Juli
713 367 89 70 gab
834 369 83 50 der
957 367 319 70 „Allgemeine
1726 365 69 51 ein

213 456 263 51 Concert
523 473 105 31 zum
661 455 168 51 Besten
881 455 80 51 des
993 456 157 48 Herrn
1197 450 206 53 Julius
1455 450 236 51 Tausch
1736 451 58 50 im

212 540 338 52 Geisler'schen
579 540 146 51 Saale.
787 541 64 50 Es
893 540 182 69 begann
1117 539 82 49 mit
1232 538 124 49 einer
1387 551 152 34 neuen
1572 536 185 50 Ouver-

212 634 137 43 türe
564 625 119 69 {C-moll)
684 643 67 33 von
752 626 96 51 Jul.
881 624 246 58 Tausch,
1162 621 175 51 welche
1367 620 115 51 nach
1514 620 125 51 einer
1670 621 99 50 ruhi-

212 729 105 50 gen,
349 710 171 52 kurzen
552 712 262 67 Einleitung
856 710 43 50 in
932 710 72 50 ein
1035 706 368 68 schwungvolles
1436 706 189 69 Allegro
1658 706 108 51 über-

212 797 124 68 geht.
368 798 88 49 Die
481 798 267 49 Ouvertüre
777 797 80 48 hat
887 794 173 51 schöne
1091 793 185 57 Motive,
1308 793 57 49 ist
1397 792 157 68 flüssig
1585 792 180 68 gearbei-

212 891 67 43 tet
308 883 93 51 und
434 891 84 59 gut
548 880 351 52 instrumentirt.
932 879 86 51 Ein
1049 879 198 69 rüstiges
1632 879 58 50 ist
1721 878 71 51 bei

209 969 158 50 Herrn
411 967 182 49 Tausch
639 964 367 60 unverkennbar,
1065 982 134 33 wenn
1258 964 116 51 auch
1431 964 98 51 hier
1586 963 94 51 und
1737 964 56 50 da

212 1054 283 58 Schumann,
542 1051 328 50 Mendelssohn
913 1051 93 50 und
1039 1051 182 52 Weber
1251 1052 64 49 als
1346 1049 249 51 Vorbilder
1625 1049 140 50 durch-

211 1138 194 56 blicken,
437 1153 96 33 was
565 1153 85 33 uns
682 1134 109 52 aber
820 1136 145 50 lieber
994 1137 57 49 ist
1080 1137 64 51 als
1169 1136 258 67 origineller
1450 1136 191 49 Unsinn.
1671 1133 92 51 Leb-

213 1222 147 50 hafter
376 1221 158 51 Beifall
565 1221 156 52 lohnte
753 1221 103 51 dem
882 1221 346 70 Componisten.
1261 1221 198 49 Hierauf
1483 1220 174 68 folgten
1682 1220 112 49 zwei

211 1307 339 51 Männerchöre
589 1326 89 33 von
720 1308 340 50 Schumann
1107 1305 368 61 undW'eber,
1528 1324 87 31 von
1647 1305 117 50 Schu-

211 1411 138 33 mann
381 1392 81 52 der
491 1393 212 51 reizende
727 1392 126 51 Chor
894 1392 117 60 „Bin
1042 1392 42 50 in
1116 1392 88 50 den
1228 1391 142 51 Wald
1710 1409 83 33 aus

221 1480 128 57 „Der
368 1480 123 49 Rose
879 1477 110 54 Wie
1008 1477 513 59 Waldbachs-Rieseln,
1553 1476 86 51 wie
1658 1477 101 51 Wal-

212 1564 184 50 desduft
426 1564 158 50 ziehen
628 1564 124 50 diese
781 1564 132 49 Töne
955 1562 103 51 dem
1091 1562 129 51 Ohre
1265 1561 184 60 vorbei;
1494 1560 298 68 aufjauchzen

211 1650 185 51 möchte
442 1668 104 32 man
590 1668 83 32 vor
701 1651 117 49 Lust
859 1649 94 51 und
1097 1649 198 51 welches
1328 1647 130 53 Weh
1489 1646 188 69 ergreift
1709 1647 80 50 das

207 1736 142 59 Herz,
382 1752 136 33 wenn
550 1753 101 32 man
684 1734 216 60 bedenkt,
932 1734 103 52 dass
1068 1733 81 50 der
1180 1734 243 67 gewaltige
1440 1731 142 60 Geist,
1615 1733 81 49 der
1728 1733 64 49 sie

209 1819 278 69 geschaffen,
519 1819 45 51 in
595 1819 80 51 des
707 1819 196 49 Irrsinns
948 1818 320 50 fürchterliche
1298 1819 149 48 Nacht
1479 1815 202 69 gebannt
1712 1816 81 51 ist!

207 1905 164 51 Dieses
404 1904 163 52 Gefühl
600 1903 115 52 wird
744 1904 119 50 noch
895 1904 135 66 lange
1060 1903 269 49 nachhallen
1365 1901 95 51 und
1491 1919 86 33 uns
1610 1919 56 32 zu
1699 1901 69 50 kei-

208 2007 107 32 nem
373 1988 315 67 ungetrübten
735 1988 211 49 Genüsse
1006 1987 81 50 der
1133 1987 422 50 SchumannVhen
1610 1985 183 52 Werke

208 2074 218 51 kommen
458 2074 173 59 lassen;
663 2073 334 51 unwillkürlich
1031 2091 126 33 muss
1188 2091 106 31 man
1327 2072 80 50 des
1432 2072 248 68 Schöpfers
1713 2089 53 50 ge-

209 2159 196 59 denken,
448 2159 81 50 der
560 2177 86 33 uns
679 2158 146 52 durch
857 2159 123 50 seine
1012 2158 170 69 hiesige
1214 2158 213 67 Stellung
1469 2176 52 33 so
1571 2175 90 49 eng
1691 2175 75 33 ver-

209 2244 188 51 bunden
452 2244 94 51 und
585 2244 88 51 den
705 2244 85 50 wir
820 2262 95 32 nun
946 2261 52 33 so
1030 2243 297 51 schmerzlich
1357 2243 266 50 vermissen.
1670 2243 79 51 We-

208 2329 119 51 ber's
359 2329 188 51 frischer
578 2328 125 52 Chor
746 2346 83 33 aus
861 2328 283 69 Euryanthe,
1197 2328 117 60 „Die
1345 2327 142 52 Thale

209 2416 173 49 konnte
411 2413 71 52 die
514 2415 264 67 Stimmung
806 2413 126 51 nicht
971 2413 297 60 verwischen,
1312 2413 94 51 und
1449 2412 132 51 beide
1613 2412 172 51 Stücke

208 2500 193 50 wurden
433 2500 81 49 mit
545 2500 140 49 stiller
707 2498 351 68 Anerkennung
1079 2497 372 69 hingenommen,
1484 2498 87 50 fast
1600 2497 86 51 wie
1718 2498 71 50 ein

208 2586 143 51 Toast
382 2585 81 49 auf
486 2583 133 51 einen
649 2583 198 51 Todten.

334 2670 155 51 Fräul.
531 2670 242 51 Natalie
814 2669 319 50 Eschborn
1177 2686 113 50 sang
1336 2667 71 51 die
1447 2667 112 51 Arie
1611 2669 178 59 „Höre,

442 2773 81 33 aus
553 2755 122 51 Elias
721 2773 88 33 von
847 2754 440 52 Mendelssohn
1333 2752 94 51 und
1473 2752 190 51 brachte
1708 2752 80 51 das

207 2840 241 53 Publicum
480 2840 145 51 durch
654 2840 129 50 ihren
811 2840 257 50 herrlichen
1089 2841 207 66 Vortrag
1322 2839 172 51 wieder
1517 2855 83 33 zur
1629 2839 156 49 lauten

207 2926 184 54 Freude
419 2925 186 51 zurück.
666 2925 138 51 Diese
829 2925 145 67 junge
1004 2925 149 50 Dame
1196 2924 58 51 ist
1296 2924 84 49 mit
1421 2923 124 50 einer
1576 2924 180 67 umfang-

205 3011 201 58 reichen,
438 3011 204 50 schönen
672 3010 95 51 und
795 3009 282 51 vortrefflich
1101 3008 261 68 gebildeten
1381 3008 193 50 Stimme
1599 3006 185 69 begabt.

208 3097 76 50 Sie
315 3095 163 51 besitzt
510 3095 132 51 Seele
687 3094 94 52 und
812 3094 324 52 Leidenschaft
1167 3093 43 51 in
1240 3093 144 49 ihrem
1414 3094 248 66 Vortrage,
1707 3093 81 49 hat

207 3182 100 49 eine
338 3180 171 51 schöne
533 3179 309 67 Tonbildung,
882 3179 163 51 leichte
1075 3178 270 68 Ansprache
1388 3178 80 51 des
1500 3178 152 49 Tones
1690 3178 95 51 und

209 3265 127 51 klare
367 3265 297 69 Aussprache
694 3265 80 50 des
806 3265 188 50 Textes.
1026 3265 104 49 Den
1163 3264 193 50 zweiten
1387 3263 128 49 Theil
1549 3263 80 49 der
1660 3262 125 59 Arie,

207 3354 188 65 Allegro
418 3362 231 48 maestoso,
674 3351 160 49 hätten
861 3351 84 49 wir
967 3357 145 43 etwas
1138 3348 222 51 lebhafter
1381 3348 286 69 gewünscht,
1700 3348 83 51 der

205 3438 207 66 Vortrag
439 3436 161 50 würde
630 3452 89 33 nur
749 3452 259 51 gewonnen
1039 3433 163 52 haben.
1263 3433 188 50 Hierbei
1484 3433 167 51 wollen
1696 3433 84 51 wir

207 3522 124 52 nicht
369 3521 303 58 unterlassen,
712 3521 155 52 Fräul.
912 3519 245 51 Eschborn
1197 3519 79 50 auf
1312 3518 89 51 den
1445 3518 168 51 Fehler
1657 3518 123 51 eines

207 3605 500 54 immerwährend
736 3605 366 49 schluchzenden
1125 3603 397 51 Athemnehmens
1549 3603 203 50 aufmerk-

208 3710 96 33 sam
336 3711 57 32 zu
423 3690 219 59 machen;
672 3690 45 50 in
740 3690 174 49 Stellen
937 3690 83 49 der
1040 3688 321 51 Leidenschaft
1387 3688 111 51 oder
1521 3687 263 70 überhaupt

207 3777 84 51 der
320 3777 180 51 Affecte
529 3794 107 49 mag
665 3775 79 51 das
773 3775 244 67 hingehen,
1056 3775 168 67 jedoch
1270 3773 174 51 überall
1486 3772 296 70 angebracht,

207 3861 146 69 klingt
396 3880 48 33 es
490 3861 253 51 krankhaft.
800 3860 131 51 Noch
976 3878 113 49 ganz
1149 3859 254 50 besonders
1449 3860 200 49 erfreute
1694 3876 86 33 uns

205 3946 155 51 Fräul.
393 3946 244 52 Eschborn
678 3946 80 51 mit
797 3945 82 51 der
926 3945 80 51 auf
1045 3944 104 50 dem
1181 3945 274 66 Programm
1484 3944 125 50 nicht
1638 3961 111 49 ange-

205 4030 185 51 führten
419 4031 112 50 Arie
560 4049 82 33 aus
673 4031 280 51 Mozart's
983 4029 320 67 Entführung:
1346 4027 148 60 „Ach,
1525 4029 69 49 ich
1625 4027 151 59 liebte,

205 4133 99 33 war
334 4133 51 33 so
740 4115 174 52 welche
960 4115 62 51 sie
1066 4132 114 50 ganz
1211 4113 283 52 vortrefflich
1536 4132 115 49 sang
1686 4113 96 52 und

207 4200 94 52 sich
341 4200 64 51 als
448 4200 208 68 würdige
685 4201 204 51 Tochter
933 4200 81 52 der
1044 4199 116 53 einst
1201 4199 47 51 in
1291 4198 156 52 diesen
1486 4199 213 51 Partieen
1729 4217 51 34 so

1897 281 250 69 gefeierten
2174 282 179 51 Mutter
2385 278 161 70 zeigte.
2592 278 87 51 Die
2709 282 146 49 Läufe
2895 281 195 52 wurden
3134 281 81 52 mit
3246 280 128 52 einer
3405 277 55 52 be-

1896 366 494 69 wundernswürdigen
2419 364 211 53 Klarheit
2660 366 284 67 ausgeführt,
2983 384 95 33 was
3110 366 71 51 bei
3214 367 83 51 der
3330 364 157 53 hohen

1893 452 129 66 Lage
2052 452 149 51 dieser
2230 454 112 49 Arie
2375 452 130 51 keine
2536 450 279 70 Kleinigkeit
2846 451 71 51 ist.
2961 451 88 51 Die
3079 454 162 50 Triller
3274 452 211 52 könnten

1898 538 82 48 mit
2023 539 118 49 noch
2183 539 132 51 mehr
2344 538 305 68 Leichtigkeit
2681 536 273 68 ausgeführt
2984 538 201 60 werden,
3231 557 95 33 was
3358 539 127 51 einer

1898 621 149 50 Dame
2077 621 135 52 leicht
2245 643 53 30 zu
2331 624 235 49 erreichen
2599 621 97 54 sein
2728 623 130 61 wird,
2891 621 72 51 die
2993 621 144 51 schon
3168 624 79 48 auf
3272 624 126 49 einer
3430 642 52 34 so

1898 705 154 52 hohen
2084 709 129 49 Stufe
2245 708 79 50 der
2359 709 292 70 Ausbildung
2682 709 138 52 steht.
2875 709 98 49 Der
3005 706 274 52 lebhafteste
3308 709 173 58 Beifall,

1893 793 94 49 und
2020 811 123 31 zwar
2166 794 71 50 ein
2263 794 397 64 wohlverdienter,
2688 795 164 51 wurde
2876 795 130 51 ihren
3029 793 261 52 trefflichen
3307 794 145 52 Kunst-

1896 877 260 68 leistungen
2189 898 57 32 zu
2276 879 146 50 Theil.

2020 963 242 51 Zwischen
2307 963 154 51 diesen
2519 963 164 52 beiden
2726 966 143 50 Arien
2914 973 111 60 trug
3067 967 128 48 Herr
3245 964 236 51 Tausch

1897 1048 408 52 Beethoven's
2357 1051 187 49 C-moll-
2550 1049 199 52 Concert
2820 1052 82 49 mit
2954 1059 137 60 guter
3135 1051 205 52 Technik
3387 1052 96 51 und

1891 1133 338 52 vortrefflicher
2273 1134 284 69 Auffassung
2602 1152 94 34 vor.
2756 1134 87 52 Die
2885 1153 161 50 grosse
3087 1137 137 49 Hitze
3266 1136 95 52 und
3410 1136 71 50 die

1898 1220 144 50 schon
2074 1220 218 52 ohnedies
2339 1228 144 45 etwas
2528 1221 135 67 lange
2692 1221 161 51 Dauer
2894 1221 81 51 der
3007 1230 156 42 ersten
3194 1221 287 70 Abtheilung

1892 1306 80 49 des
2005 1306 251 52 Concertes
2287 1307 184 52 mochte
2503 1307 123 51 wohl
2658 1306 71 52 die
2761 1307 349 69 Veranlassung
3139 1307 111 61 sein,
3292 1308 104 51 dass
3427 1325 52 33 er

1891 1391 131 51 keine
2052 1392 140 51 freien
2225 1392 244 52 Cadenzen
2500 1392 281 69 hinzufügte.

2027 1477 104 50 Den
2175 1479 193 50 zweiten
2415 1476 95 52 und
2556 1477 320 51 schwächsten
2907 1477 128 51 Theil
3067 1477 167 52 bildete
3266 1479 210 52 Gade's

2281 1565 95 49 Das
2410 1561 272 60 Orchester,
2724 1562 199 51 welches
2955 1564 142 50 schon
3130 1562 43 52 in
3204 1564 81 50 der
3317 1570 157 44 ersten

1888 1645 286 70 Abtheilung
2231 1654 145 46 etwas
2425 1647 127 53 stark
2604 1647 201 68 auftrug,
2865 1647 181 53 machte
3087 1649 255 51 besonders
3386 1649 90 52 den

1892 1733 323 68 Solo-Gesang
2245 1734 43 49 in
2319 1734 171 51 diesem
2519 1733 182 52 Werke
2731 1733 305 50 stellenweise
3069 1752 113 49 ganz
3217 1734 231 68 wirkungs-

1889 1816 83 51 los.
2022 1818 144 49 Sollte
2198 1818 146 50 dieses
2381 1819 126 49 nicht
2547 1818 82 49 mit
2659 1835 72 32 am
2763 1818 272 67 Dirigenten
3067 1818 194 68 gelegen
3293 1818 185 52 haben?

1891 1903 94 48 Das
2016 1901 157 53 Werk
2217 1901 57 51 ist
2320 1901 198 51 ohnehin
2559 1901 129 51 stark
2733 1901 353 63 instrumentirt,
3133 1903 95 51 und
3269 1903 85 51 soll
3397 1901 82 53 der

1891 1988 180 67 Sänger
2100 1988 126 51 nicht
2255 1995 226 44 monoton
2512 1989 59 48 im
2594 1988 233 68 Vortrage
2856 1989 206 60 werden,
3093 2006 136 34 wozu
3260 1989 118 50 auch
3408 1989 71 51 die

1892 2072 315 68 Composition
2240 2072 145 52 selbst
2428 2072 221 61 verführt,
2696 2091 52 33 so
2792 2091 127 31 muss
2966 2073 94 52 sich
3110 2074 80 50 das
3223 2073 255 52 Orchester

1888 2176 75 32 um
2010 2176 51 32 so
2103 2158 132 50 mehr
2267 2158 228 69 massigen
2542 2157 74 51 bei
2662 2158 89 51 den
2794 2158 310 52 Pianostellen
3140 2159 80 50 des
3252 2161 220 66 Sängers.

1886 2242 86 49 Die
2005 2243 240 51 Comala
2290 2244 162 50 wurde
2498 2262 86 32 von
2631 2244 155 50 Fräul.
2833 2243 319 53 Eschborn
3196 2262 106 32 zum
3344 2244 128 50 Theil

1883 2327 132 51 recht
2065 2328 111 51 brav
2227 2336 327 61 vorgetragen,
2601 2327 186 53 obwohl
2832 2329 126 51 nicht
3002 2349 56 31 zu
3104 2329 218 68 läugnen,
3368 2329 104 51 dass

1884 2413 157 51 Fräul.
2072 2415 347 58 Hartmann,
2472 2413 177 51 welche
2692 2413 155 51 früher
2886 2413 72 51 die
2988 2415 155 50 Partie
3173 2415 98 49 hier
3303 2431 141 50 gesun-

1887 2515 104 51 gen,
2037 2498 44 51 in
2127 2498 146 69 einige
2307 2501 176 49 Stellen
2535 2500 132 50 mehr
2696 2500 253 50 Ausdruck
2991 2520 58 30 zu
3100 2501 136 67 legen
3283 2507 188 45 wusste.

1884 2583 212 69 Fingal
2138 2585 162 51 wurde
2343 2604 87 33 von
2474 2585 148 51 einem
2658 2585 203 68 hiesigen
2907 2585 454 52 schätzenswerthen
3392 2586 53 50 Di-

1883 2669 226 52 lettanten
2138 2688 242 50 gesungen
2419 2670 97 51 und
2545 2669 254 53 besonders
2842 2670 83 51 der
2955 2671 188 51 Schluss
3175 2689 50 33 so
3257 2671 184 50 vortreff-

1884 2752 102 63 lich,
2030 2755 88 49 wie
2163 2773 106 33 man
2307 2773 50 33 es
2403 2755 119 51 eben
2565 2773 89 33 von
2695 2755 146 51 einem
2871 2755 168 51 Manne
3071 2764 231 42 erwarten
3331 2755 135 58 kann,

1886 2839 82 51 der
1999 2840 252 69 gediegene
2283 2840 403 67 Gesang-Studien
2726 2840 226 67 gemacht.
3015 2841 101 51 Von
3158 2841 88 50 den
3279 2840 185 51 Chören

1884 2924 91 51 will
2032 2924 72 51 ich
2163 2925 142 50 lieber
2363 2925 125 52 nicht
2545 2925 156 59 reden,
2762 2925 62 51 sie
2870 2925 99 51 sind
3006 2925 117 67 jetzt
3166 2924 297 52 Düsseldorfs

1883 3009 313 51 schwächster
2225 3009 142 52 Theil.
2418 3011 66 50 Es
2516 3010 82 51 soll
2639 3011 94 50 dies
2775 3010 104 50 kein
2911 3011 226 50 Vorwurf
3162 3010 71 51 für
3264 3011 91 50 den
3384 3011 54 49 Di-

1881 3094 208 69 rigenten
2121 3095 120 51 sein:
2290 3113 46 33 es
2380 3095 109 69 liegt
2530 3095 116 51 eben
2687 3095 44 51 in
2764 3095 89 51 den
2885 3095 241 69 zufälligen
3158 3095 305 52 Umständen.

1879 3179 88 51 Die
1997 3178 163 52 besten
2189 3180 164 51 Kräfte
2385 3180 77 51 hat
2491 3199 87 32 uns
2608 3183 183 69 Hymen
2823 3180 218 60 entführt,
3076 3184 138 64 möge
3246 3182 95 50 sich
3374 3180 57 51 Cä-

1881 3264 96 51 cilia
2009 3282 140 34 unser
2178 3265 105 53 bald
2314 3265 259 61 erbarmen,
2620 3269 94 50 und
2747 3265 218 73 Orpheus
3013 3285 88 33 uns
3133 3267 126 51 nicht
3289 3267 173 51 minder

1881 3351 168 67 gnädig
2080 3351 119 50 sein!

2233 3502 358 46 Musikiest
2626 3503 70 45 in
2731 3503 367 46 Elberfeld.

1956 3594 81 39 Das
2066 3592 211 42 Musikfest
2304 3606 49 27 zu
2382 3594 218 48 Elberfeld,
2644 3595 176 42 welches
2858 3596 75 41 fast
2974 3596 245 52 gleichzeitig
3254 3596 72 41 mit
3364 3596 91 41 dem

1878 3670 47 28 zu
1953 3656 233 41 Rotterdam
2217 3667 51 28 an
2297 3656 98 41 zwei
2424 3656 203 42 Abenden
2658 3657 133 42 hinter
2819 3660 189 39 einander
3035 3658 98 41 Statt
3160 3658 106 41 hatte
3295 3658 79 54 (am
3395 3660 61 39 10.

1878 3719 80 41 und
1991 3719 59 40 17.
2081 3718 38 39 d.
2148 3718 120 51 Mts.),
2296 3718 149 41 konnte
2475 3719 85 41 sich
2590 3733 50 27 an
2672 3721 307 52 Grossartigkeit
3007 3721 71 40 der
3105 3721 127 40 Mittel
3262 3722 72 39 mit
3362 3722 92 39 dem

1876 3782 301 40 holländischen
2205 3782 112 39 nicht
2345 3794 172 35 messen,
2558 3784 103 40 doch
2706 3784 104 40 hatte
2848 3796 91 26 man
2970 3783 102 39 auch
3102 3783 86 41 hier
3216 3784 96 41 alles
3341 3784 85 52 Mög-

1876 3845 103 39 liche
2007 3844 160 52 gethan,
2212 3857 67 26 um
2321 3857 48 26 zu
2410 3844 71 40 der
2511 3844 291 53 Gediegenheit
2830 3844 310 42 einheimischer
3168 3846 84 40 lind
3281 3846 150 41 benach-

1876 3910 134 38 barter
2037 3907 313 41 künstlerischer
2381 3909 138 40 Kräfte
2548 3910 157 51 einigen
2735 3909 302 39 ausländischen
3068 3909 81 39 und
3180 3909 274 40 anlockenden

1878 3971 125 40 Glanz
2033 3971 311 53 hinzuzufügen.
2372 3973 96 41 Man
2499 3973 104 40 hatte
2630 3972 64 39 für
2721 3971 65 40 die
2814 3971 247 42 Solo-Partie
3089 3973 132 40 Fräul.
3244 3972 210 42 Natalie

1876 4034 281 42 Eschborn
2200 4048 71 28 aus
2301 4036 190 53 Stuttgart
2537 4034 80 41 und
2663 4034 64 40 die
2769 4033 162 42 Herren
2975 4034 363 42 Kindermann
3383 4048 72 28 aus

1875 4098 210 40 München
2124 4098 85 40 und
2255 4098 290 40 Schneider
2572 4095 162 55 (Tenor)
2776 4108 71 28 aus
2876 4097 163 52 Leipzig
3075 4111 239 39 gewonnen.
3371 4100 83 41 Das

1878 4159 217 42 Orchester
2137 4174 84 27 war
2249 4160 124 41 durch
2402 4159 64 40 die
2494 4159 158 40 Herren
2696 4159 304 47 Hartmann,
3047 4160 164 47 Pixis,
3261 4161 195 47 Peters,

1878 4222 270 50 Derckum,
2179 4224 212 40 Gebrüder
2419 4221 195 42 Breuer
2651 4234 40 28 u.
2720 4220 52 42 A.
2801 4234 70 28 aus
2901 4221 120 50 Köln,
3068 4234 44 28 so
3140 4222 78 41 wie
3247 4224 72 40 der
3348 4222 108 43 Chor
