3467 4442
1662 152 108 54 207

108 305 151 52 liehen
287 306 245 51 Henriette
561 306 196 67 Sontag,
800 305 179 50 welche
1008 322 51 35 so
1089 305 124 50 eben
1239 320 89 34 von
1357 303 196 65 Europa
1582 302 71 50 ein-

103 386 231 68 getroffen
363 404 102 33 war
495 385 97 50 und
613 402 202 35 unseren
837 385 186 49 Helden
1046 385 206 68 sogleich
1275 388 140 45 unter
1436 382 109 50 sehr
1572 397 78 33 vor-

100 467 274 50 teilhaften
391 466 343 67 Bedingungen
757 463 175 61 einlud,
954 465 83 50 mit
1059 466 127 49 ihrer
1204 462 307 52 Gesellschaft
1531 461 116 51 noch-

103 548 117 50 mals
250 547 74 51 die
352 547 139 50 Reise
521 546 148 51 durch
711 547 74 50 die
813 545 306 68 Vereinigten
1156 547 191 48 Staaten
1375 561 56 32 zu
1462 542 212 51 machen.

100 627 142 51 Diese
270 626 525 68 Künstlergesellschaft
823 642 114 42 nun,
966 626 90 49 wie
1086 626 95 49 sich
1205 625 127 49 wohl
1355 622 194 51 niemals
1573 621 102 49 eine

101 707 296 67 originellere
439 725 56 32 zu
537 707 128 48 einer
705 705 245 50 ähnlichen
979 706 138 49 Reise
1145 701 530 68 zusammengefunden,

103 786 199 51 bestand
321 804 83 33 aus
420 787 153 51 lauter
588 785 413 50 Berühmtheiten:
1020 786 245 49 Henriette
1283 786 180 63 Sontag
1481 781 169 68 (beglei-

101 874 66 43 tet
194 884 90 31 von
312 867 151 50 ihrem
495 866 216 58 Gemahl,
745 865 176 50 Grafen
950 865 170 70 Rossi),
1150 863 166 52 Alfred
1340 863 136 59 Jaell,
1500 862 176 50 Eckert

104 945 406 70 (Capellmeister),
542 947 117 48 Paul
681 945 172 50 Jullien
884 943 101 69 (der
1007 946 147 67 junge
1183 945 182 68 pariser
1383 942 265 51 Yiolin-Vir-

101 1025 171 70 tuose),
316 1027 172 68 Signor
515 1026 232 49 Pozzolini
791 1025 212 68 (Tenor),
1048 1027 172 68 Signor
1248 1027 159 47 Rocco
1446 1021 226 68 (Bariton)

107 1107 95 51 und
231 1107 171 68 Signor
430 1106 181 49 Badiali
642 1106 102 66 (der
772 1106 348 67 hochgefeierte
1148 1103 211 69 Bassist),
1383 1103 96 50 und
1504 1102 143 50 durch-

104 1205 104 50 zog,
237 1186 75 51 die
341 1186 362 50 unerhörtesten
728 1186 259 67 Triumphe
1009 1186 180 50 feiernd
1219 1183 95 53 und
1345 1183 73 50 die
1449 1182 201 51 fabelhaf-

103 1275 150 42 testen
279 1266 302 50 Einnahmen
621 1265 246 59 erzielend,
910 1266 74 50 die
1013 1265 306 67 Vereinigten
1349 1265 191 48 Staaten
1571 1280 104 32 vom

107 1345 194 51 Norden
330 1346 70 50 bis
427 1364 105 32 zum
564 1350 261 46 äussersten
856 1345 171 52 Süden.
1059 1347 69 47 Im
1143 1347 183 49 Januar
1346 1343 97 50 und
1459 1342 217 51 Februar

109 1425 149 51 1854
289 1425 93 67 gab
414 1425 72 49 die
517 1426 305 50 Gesellschaft
862 1426 100 48 ihre
993 1426 168 48 letzten
1195 1425 227 49 Concerte
1451 1423 46 50 in
1528 1423 141 49 New-

104 1506 221 58 Orleans,
354 1505 95 49 und
479 1505 116 58 hier,
626 1523 74 33 am
739 1505 43 51 1.
814 1506 143 57 März,
988 1503 157 51 schied
1173 1503 120 51 Jaell
1323 1521 89 33 von
1441 1502 83 50 der
1552 1503 90 49 Son-

101 1594 97 58 tag,
231 1585 72 49 die
334 1601 52 33 er
414 1585 75 49 nie
519 1585 276 49 wiedersah.

221 1665 113 51 Wir
364 1665 275 67 übergehen
669 1665 73 49 die
772 1665 61 49 im
860 1666 217 48 Sommer
1114 1663 148 51 1854
1285 1665 121 48 Statt
1435 1662 236 68 gehabten

104 1745 340 67 erfolgreichen
472 1745 230 49 Concerte
724 1745 157 49 Jaell's
910 1763 77 31 am
1017 1744 182 50 Rheine
1228 1742 96 51 und
1354 1744 47 48 in
1430 1742 89 50 den
1544 1744 94 48 Tau-

101 1824 284 50 nusbädern.
415 1824 254 52 Während
698 1825 125 48 eines
853 1824 224 66 längeren
1107 1822 327 51 Aufenthaltes
1463 1822 47 49 in
1539 1821 130 50 Paris

101 1920 106 33 vom
244 1905 180 49 Januar
467 1902 148 52 1855
659 1921 60 32 an
762 1911 185 60 erregte
988 1904 118 49 Jaell
1149 1902 206 51 daselbst
1394 1901 278 50 wiederholt

101 1984 260 60 Aufsehen,
404 1985 153 48 zumal
588 2001 52 32 er
668 1984 85 49 der
781 1991 121 42 erste
931 1984 176 49 Pianist
1134 2000 118 42 war,
1303 1982 203 50 welcher
1535 1981 132 51 Rieh.

105 2062 346 68 Wagner'sche
480 2062 362 68 Opern-Motive
870 2062 48 50 in
947 2062 249 50 brillanten
1224 2062 198 66 eigenen
1443 2060 198 51 Bearbei-

104 2150 193 60 tungen,
340 2160 50 32 so
419 2142 89 50 wie
537 2147 216 63 grössere
782 2142 381 68 Compositionen
1192 2159 88 33 von
1309 2144 57 48 R.
1397 2141 273 50 Schumann

103 2222 95 50 und
227 2222 59 51 A.
316 2221 279 51 Rubinstein
625 2222 106 50 dort
759 2222 253 50 einführte.
1068 2222 133 50 Nach
1242 2222 152 49 einem
1437 2221 203 50 ruhmrei-

100 2301 120 50 chen
250 2301 229 51 Concerte
508 2301 63 50 im
599 2301 285 50 Hoftheater
910 2320 56 29 zu
996 2301 257 50 Hannover
1293 2301 62 48 im
1393 2298 278 69 September

101 2380 244 52 desselben
372 2381 170 51 Jahres
570 2381 165 50 wurde
755 2381 120 50 Jaell
905 2381 75 50 bei
1011 2380 124 51 Hofe
1164 2380 275 67 eingeladen
1468 2379 96 50 und
1596 2398 49 31 er-

100 2460 114 51 hielt
240 2478 89 33 von
359 2459 107 50 dem
494 2460 188 66 Könige
711 2460 135 49 einen
874 2460 318 66 prachtvollen
1220 2460 358 66 Diamantring;
1617 2476 52 32 er

101 2540 94 67 gab
225 2540 122 51 noch
377 2540 75 49 ein
481 2540 187 67 eigenes
698 2540 202 49 Concert
928 2539 97 49 und
1054 2539 223 49 besuchte
1307 2539 125 49 dann
1459 2556 104 32 zum
1594 2556 48 31 er-

101 2627 101 42 sten
225 2620 125 49 Male
378 2620 172 49 Berlin.
590 2620 91 49 Die
710 2619 159 67 dasige
896 2619 155 49 Kritik
1081 2617 243 68 bestätigte
1352 2617 317 51 vollkommen

101 2700 97 49 und
226 2700 84 49 mit
339 2716 188 50 grosser
556 2700 202 49 Wärme
787 2699 99 59 das,
926 2715 96 33 was
1053 2697 72 51 die
1154 2699 282 66 auswärtige
1464 2697 174 50 verkün-

100 2779 80 50 det
221 2780 146 57 hatte,
416 2779 97 49 und
552 2779 74 49 die
670 2779 428 67 philharmonische
1140 2777 306 51 Gesellschaft
1486 2777 181 50 Berlins

101 2866 226 43 ernannte
355 2859 82 49 ihn
466 2876 56 32 zu
550 2859 150 49 ihrem
730 2856 442 69 Ehren-Mitgliede.

220 2937 252 52 Während
501 2939 119 49 Jaell
649 2937 62 50 im
744 2936 249 69 folgenden
1020 2937 146 50 Jahre
1208 2936 119 50 nach
1366 2935 305 51 mehrfachen

100 3019 308 48 Kunstreisen
451 3019 45 48 in
533 3017 258 50 Frankfurt
830 3017 121 50 noch
993 3017 46 49 in
1082 3016 197 66 eigenen
1321 3015 96 49 und
1459 3015 211 49 fremden

103 3097 261 50 Concerten
387 3097 244 50 entzückte
728 3097 309 50 Schumann's
1488 3095 182 49 machte

99 3176 339 66 vorzugsweise
466 3175 241 51 Aufsehen
744 3205 88 31 —,
875 3176 91 48 rief
997 3176 81 48 ihn
1115 3175 85 48 der
1230 3175 266 66 Telegraph
1525 3175 144 48 schon

103 3255 179 51 wieder
308 3255 121 49 nach
458 3256 257 48 Hannover
743 3274 56 30 zu
828 3256 151 48 einem
1002 3255 330 58 Hofconcerte,
1363 3254 74 49 bei
1467 3255 204 48 welcher

103 3334 306 68 Gelegenheit
437 3334 80 49 ihn
546 3334 84 49 der
659 3334 157 67 König
844 3340 140 43 unter
1012 3332 287 68 glänzenden
1321 3334 348 67 Bedingungen

101 3431 106 33 zum
236 3412 329 69 Hofpianisten
594 3419 241 43 ernannte.

223 3495 121 48 Vom
374 3494 126 49 März
529 3492 70 50 bis
628 3492 96 50 Mai
761 3491 143 51 1857
951 3509 102 33 war
1079 3492 120 50 Jaell
1241 3491 47 50 in
1314 3490 324 51 Norddeutsch-

101 3572 126 60 land,
258 3572 62 50 im
352 3574 216 48 Sommer
603 3570 144 51 1857
780 3571 48 48 in
856 3572 132 57 Ems,
1023 3571 257 66 Hornburg
1322 3570 96 49 und
1460 3568 209 53 anderen

101 3654 294 50 rheinischen
418 3651 198 50 Bädern.
648 3650 350 51 VomOctober
1032 3650 145 51 1857
1211 3651 70 50 bis
1302 3652 182 49 Januar
1519 3650 146 49 1858

103 3732 184 52 machte
310 3749 52 33 er
376 3731 101 50 eine
495 3730 235 51 wahrhaft
750 3729 367 67 triumphreiche
1136 3729 365 50 Concert-Reise
1517 3727 148 51 durch

101 3815 178 51 Italien.
310 3814 106 48 Den
432 3811 359 50 Enthusiasmus
814 3809 82 50 der
918 3810 218 49 Italiäner
1164 3809 75 50 bei
1270 3809 91 50 den
1388 3809 278 49 Jaell'schen

104 3895 260 49 Concerten
391 3910 56 32 zu
476 3889 323 59 beschreiben,
827 3894 125 45 wäre
983 3889 141 50 kaum
1154 3889 220 67 möglich.
1432 3890 52 48 In
1515 3889 151 48 Triest

101 3972 94 68 gab
225 3989 53 34 er
308 3971 111 51 fünf
429 3971 244 57 Concerte,
701 3969 47 49 in
764 3969 249 49 mehreren
1030 3967 151 51 davon
1196 3966 202 52 wurden
1426 3967 97 49 ihm
1547 3967 89 50 Lor-

101 4052 258 51 berkränze
401 4050 295 58 überreicht;
739 4050 46 48 in
815 4049 208 50 Mailand
1059 4047 94 70 gab
1189 4065 52 33 er
1274 4047 132 51 sechs
1437 4049 229 48 Concerte

100 4131 78 51 bei
232 4130 440 68 grösstmöglichem
721 4129 375 50 Enthusiasmus.
1166 4129 97 50 Seit
1309 4126 135 51 Ende
1484 4127 182 50 Januar

108 4209 147 53 1858
286 4226 102 35 war
416 4228 52 33 er
507 4209 177 53 wieder
724 4209 47 50 in
797 4206 460 64 Norddeutschland,
1299 4206 277 52 concertirte
1618 4205 48 52 in

1752 301 192 68 Leipzig
1987 300 97 50 und
2128 301 254 68 Hamburg
2425 301 84 51 mit
2552 303 233 65 grösstem
2829 297 216 58 Beifalle,
3090 293 167 54 wurde
3302 296 46 51 in

1751 380 372 68 Braunschweig
2145 399 87 33 von
2254 382 169 50 Litolff
2444 381 86 49 mit
2551 380 217 50 Lorbern
2800 378 231 51 bekränzt
3060 374 99 51 und
3181 374 165 69 spielte

1749 461 124 52 dann
1902 462 47 51 in
1978 463 258 50 Hannover
2265 462 179 51 wieder
2472 461 74 51 bei
2578 461 253 51 mehreren
2864 457 392 70 Gelegenheiten.

1867 542 119 50 Jaell
2016 542 56 50 ist
2102 542 73 51 ein
2204 542 180 50 Pianist
2410 559 90 33 von
2531 540 311 50 besonderem
2866 537 351 70 persönlichem
3247 534 95 51 und

1750 621 385 52 künstlerischem
2169 623 234 68 Gepräge.
2447 622 112 50 Sein
2601 621 353 58 musterhafter,
2996 617 345 69 vorzugsweise

1751 719 57 33 an
1839 701 90 52 den
1959 702 403 69 Thalberg'schen
2394 701 310 51 erinnernder
2731 700 258 67 Anschlag,
3020 700 129 50 seine
3179 698 158 60 Ruhe,

1751 782 260 51 Sicherheit
2052 782 97 51 und
2178 782 254 51 Ausdauer
2471 781 76 51 bei
2587 781 91 49 den
2709 780 308 50 kolossalsten
3046 778 259 68 Schwierig-

1750 861 171 61 keiten,
1952 862 252 51 besonders
2235 862 118 52 aber
2382 862 74 51 die
2486 861 182 67 duftige
2696 860 274 52 Weichheit
2997 858 96 51 und
3116 858 216 51 Zartheit

1750 941 148 51 seines
1928 942 165 67 Spiels,
2136 942 101 50 sind
2281 943 124 50 wohl
2448 940 384 52 unübertroffen.
2875 940 91 48 Die
3005 942 181 64 grösste
3217 940 87 48 Sen-

1750 1021 148 51 sation
1929 1028 157 61 erregt
2114 1022 182 51 überall
2326 1023 98 50 sein
2453 1022 187 59 Triller,
2685 1037 142 33 wenn
2856 1018 234 60 derselbe,
3134 1017 173 51 wieder-

1750 1102 99 50 holt
1888 1120 106 33 vom
2037 1102 195 51 feinsten
2262 1102 146 51 Piano
2446 1103 70 50 bis
2555 1120 107 32 zum
2701 1101 137 51 mark
2846 1100 194 50 vollsten
3076 1100 144 49 Forte
3250 1115 83 33 an-

1750 1181 96 51 und
1876 1182 120 50 eben
2025 1200 50 33 so
2107 1182 360 59 abschwellend,
2508 1183 85 50 mit
2621 1181 380 51 Blitzesschnelle
3040 1178 290 50 schwirrend

1749 1262 95 48 sich
1876 1263 201 50 entrollt.
2119 1263 120 50 Jaell
2269 1263 56 49 ist
2354 1262 120 51 auch
2504 1262 164 51 keiner
2696 1279 93 33 von
2819 1261 92 49 den
2944 1260 273 58 Virtuosen,
3256 1258 74 49 die

2745 1316 14 10 m
3208 1310 8 8 '

1749 1359 90 31 nur
1868 1342 74 48 ein
1966 1342 263 67 einseitiges
2251 1343 279 66 Repertoire
2554 1342 170 50 haben.
2756 1342 108 50 Von
2894 1340 133 50 Bach
3052 1338 72 51 bis
3147 1337 155 52 Rubin-

1749 1421 116 49 stein
1895 1421 155 51 dürfte
2080 1439 47 31 es
2157 1422 155 66 wenig
2353 1421 295 51 bedeutende
2679 1418 342 52 Ciaviermusik
3052 1418 174 68 geben,
3257 1417 74 50 die

1749 1517 50 33 er
1827 1501 129 49 nicht
1983 1501 145 49 kennt
2156 1501 97 49 und
2282 1501 145 51 schon
2467 1500 243 68 irgendwo
2740 1501 196 67 gespielt
2968 1500 143 49 hätte.
3157 1497 143 52 Uebri-

1746 1597 116 51 gens
1903 1581 158 67 eignet
2102 1599 52 31 er
2196 1582 95 50 sich
2347 1586 222 62 vermöge
2625 1581 147 49 seines
2828 1578 500 52 ausserordentlichen

1745 1661 449 67 Primavista-Spiels
2237 1661 83 49 das
2361 1661 99 49 ihm
2502 1661 122 49 noch
2653 1660 221 61 Fremde,
2918 1658 98 52 und
3055 1660 66 49 sei
3162 1675 50 33 es
3242 1657 84 52 das

1745 1740 346 67 Schwierigste,
2122 1740 375 68 augenblicklich
2527 1759 74 31 an.

1862 1821 119 50 Jaell
2004 1821 200 51 arbeitet
2225 1821 85 50 mit
2331 1837 187 51 grosser
2538 1820 312 68 Leichtigkeit
2879 1818 98 51 und
3006 1817 188 51 schrieb
3224 1817 71 51 bis-

1745 1900 86 49 her
1859 1919 91 32 nur
1981 1901 80 50 für
2089 1901 98 50 sein
2215 1902 301 49 Instrument.
2564 1900 180 51 Bereits
2785 1898 103 51 sind
2919 1898 72 51 83
3025 1897 189 52 Werke
3245 1915 50 32 er-

1742 1978 233 53 schienen.
2004 1980 142 49 Diese
2174 1980 135 49 meist
2338 1980 80 49 für
2446 1980 82 49 das
2559 1980 202 49 Concert
2787 1978 322 51 berechneten
3133 1977 189 50 Sachen

1743 2060 238 49 enthalten
2009 2060 222 49 manches
2259 2061 135 48 Neue
2423 2060 46 49 in
2499 2058 83 51 der
2604 2058 279 69 Applicatur
2911 2057 97 51 und
3036 2057 141 50 vieles
3208 2057 85 50 Ori-

1745 2140 169 66 ginelle
1978 2140 97 49 und
2130 2140 220 49 zeichnen
2414 2140 97 49 sich
2565 2138 150 51 durch
2771 2140 107 48 echt
2946 2137 375 68 claviermässige

1743 2218 290 61 Schreibart,
2088 2220 362 52 harmonischen
2490 2220 154 58 Fluss,
2698 2218 319 51 melodischen
3067 2217 112 50 Reiz
3222 2216 98 51 und

1745 2316 158 50 grosse
1931 2298 207 68 Eleganz
2171 2316 98 33 aus.
2960 2297 84 66 (111.
3076 2295 122 68 Ztg.)

2006 2490 300 61 Ueber
2381 2492 655 59 Tactmesser.

1860 2621 101 48 Der
1992 2620 243 59 Gedanke,
2277 2620 81 51 das
2389 2621 179 67 Tempo
2598 2620 149 51 durch
2789 2621 134 50 einen
2959 2621 356 51 Mechanismus

1740 2716 57 32 zu
1826 2699 296 61 bestimmen,
2165 2700 57 48 ist
2262 2700 144 49 schon
2447 2700 62 49 im
2541 2701 192 66 vorigen
2761 2700 329 51 Jahrhundert
3119 2700 171 67 bespro-

1744 2780 116 48 chen
1891 2780 208 49 worden.
2149 2779 113 50 Wir
2290 2780 174 49 theilen
2493 2780 208 49 darüber
2732 2780 218 67 folgende
2979 2781 198 48 Notizen
3208 2781 109 50 mit:

2514 2865 161 46 Paris,
2720 2864 88 36 den
2853 2868 35 35 2.
2932 2863 148 48 April
3124 2867 116 35 1782.

1864 2931 89 48 Die
1984 2930 403 50 Musikliebhaber
2427 2930 159 50 haben
2626 2931 144 49 schon
2805 2932 153 65 längst
2986 2931 101 49 eine
3116 2930 175 50 Pendel-

1745 3011 91 48 uhr
1865 3011 293 66 gewünscht,
2194 3011 178 49 welche
2413 3011 89 49 den
2533 3012 116 48 Tact
2691 3011 96 49 und
2827 3011 174 51 andere
3029 3011 291 51 Zeitmaasse

1742 3090 47 49 in
1820 3090 82 48 der
1932 3090 245 49 Tonkunst
2205 3090 195 66 angäbe.
2446 3092 77 47 Da
2551 3090 118 49 aber
2697 3090 126 49 diese
2851 3091 156 48 Kunst
3035 3088 285 53 unendliche

1742 3167 384 67 Abänderungen
2172 3168 96 59 hat,
2310 3186 51 33 so
2405 3168 159 51 haben
2602 3170 116 49 viele
2748 3168 333 51 Tactkünstler
3123 3168 76 51 die
3229 3172 61 47 Er-

1746 3248 184 66 füllung
1971 3248 124 49 eines
2137 3248 189 49 solchen
2358 3248 271 50 Wunsches
2672 3250 81 48 für
2796 3256 148 43 etwas
2982 3250 340 67 Unmögliches

1742 3327 233 68 gehalten.
2005 3326 154 49 Allein
2189 3328 127 49 Herr
2344 3328 236 59 Pelletier,
2610 3330 306 49 Mechanicus
2945 3328 83 51 des
3054 3330 241 49 verstorbe-

1741 3424 90 31 nen
1860 3406 215 49 Infanten
2104 3408 111 47 Don
2253 3407 212 60 Gabriel,
2495 3408 306 51 schmeichelt
2828 3410 97 49 sich
2956 3408 140 60 doch,
3128 3408 74 51 die
3231 3411 61 48 Be-

1741 3486 243 67 rechnung
2025 3486 98 49 und
2165 3486 92 51 den
2286 3488 350 51 Mechanismus
2680 3490 129 49 einer
2851 3490 192 51 solchen
3080 3490 243 51 Maschine

1742 3565 322 67 ausgefunden
2088 3585 54 30 zu
2173 3567 175 60 haben,
2377 3568 96 50 und
2498 3568 201 51 erbietet
2719 3570 114 59 sich,
2861 3571 259 57 Personen,
3151 3570 75 51 die
3256 3571 66 50 sie

1741 3646 263 49 ausführen
2033 3665 56 30 zu
2118 3647 153 50 lassen
2300 3650 118 48 Lust
2447 3649 175 60 haben,
2660 3650 323 67 Erläuterung
3010 3650 230 49 hierüber
3269 3669 54 32 zu

1741 3725 169 67 geben.
1967 3726 119 50 Eine
2128 3729 158 49 solche
2332 3729 271 49 Pendeluhr
2644 3730 168 49 würde
2854 3730 314 67 angehenden
3199 3732 95 49 Ton-

1741 3805 241 51 künstlern
2027 3807 254 66 ungemein
2323 3807 244 51 dienstlich
2611 3810 116 59 sein,
2770 3828 141 33 wenn
2950 3828 114 33 man
3106 3811 65 50 sie
3203 3811 117 50 nach

1742 3883 108 51 dem
1881 3886 162 60 Tacte,
2074 3886 90 50 den
2193 3886 85 51 der
2305 3887 194 51 Meister
2528 3887 117 51 oder
2673 3890 186 49 Lehrer
2897 3890 181 68 angibt,
3115 3891 206 64 aufzöge.

1740 3965 91 49 Ein
1881 3966 122 50 nach
2052 3967 108 50 dem
2192 3970 145 47 Tacte
2379 3967 148 51 dieses
2564 3970 314 51 Instruments
2921 3977 222 61 gesetztes
3175 3967 141 50 Stück

1741 4045 166 51 würde
1949 4046 195 51 alsdann
2186 4047 48 50 in
2262 4047 202 51 London
2502 4049 85 50 mit
2626 4050 122 51 eben
2777 4050 85 51 der
2890 4050 234 51 Präcision
3153 4046 87 48 wie
3268 4045 43 47 in

1740 4125 134 51 Paris
1904 4126 196 67 gespielt
2137 4126 195 50 werden
2365 4126 208 62 können,
2617 4130 106 49 weil
2767 4148 109 33 man
2920 4127 100 51 aufs
3061 4129 248 62 genaueste

1741 4203 89 53 die
1860 4206 221 51 Anzahl
2113 4205 102 52 der
2244 4207 176 51 Tacte
2450 4209 208 52 wissen
2688 4209 235 58 könnte,
2954 4205 86 51 die
3067 4203 53 49 in
3148 4201 165 49 einer
