3467 4442
1685 155 110 52 204

128 284 207 54 einzelne
366 287 217 54 Parteien
612 291 146 50 direct
778 293 278 66 gegenüber
1083 293 183 61 stehen,
1295 294 97 52 und
1422 298 104 50 weil
1548 298 148 51 hierin

132 365 202 51 manche
363 368 95 51 sich
489 369 435 68 widersprechende
949 373 234 61 Kritiken,
1215 373 73 52 die
1316 376 47 49 in
1392 377 73 51 die
1482 377 187 51 Oeffent-

132 444 189 51 lichkeit
349 448 189 66 gelangt
576 448 119 61 sind,
744 451 102 50 ihre
884 452 275 70 Erklärung
1214 454 171 51 finden.
1448 458 89 48 Die
1578 457 89 51 Auf-

131 524 123 68 gabe
284 525 83 51 der
395 527 153 51 Kritik
578 527 186 53 besteht
814 532 117 52 aber
980 533 151 62 darin,
1182 534 122 51 ohne
1333 537 361 68 Parteistellung

131 604 73 50 ein
245 604 84 51 der
359 605 258 54 Wahrheit
658 616 236 61 gemässes
943 614 97 51 und
1087 617 86 49 auf
1208 616 363 50 Sachkenntniss
1613 635 54 49 ge-

126 683 252 66 gründetes
408 687 182 51 Urtheil
621 689 295 70 abzugeben.

244 763 101 49 Der
376 765 277 69 Componist
681 769 81 51 des
791 772 215 60 Frithiof,
1037 774 50 49 C.
1116 773 57 50 A.
1197 774 227 68 Mangold
1451 776 47 49 in
1520 777 140 51 Darm-

126 839 138 62 stadt,
293 843 59 51 ist
378 846 88 50 seit
494 848 140 69 lange
675 849 92 51 den
800 851 433 52 Musik-Freunden
1281 853 224 53 bekannt.
1556 857 140 51 Nicht

126 920 138 51 allein
291 923 48 51 in
381 924 240 54 kleineren
664 931 199 61 Sachen,
907 932 63 49 als
1017 932 433 63 Männer-Chören,
1490 936 204 52 Liedern

128 999 103 62 &c.,
260 1002 84 52 hat
372 1022 52 33 er
452 1008 95 50 sich
578 1008 283 52 bemerklich
890 1012 234 66 gemacht,
1157 1013 206 51 sondern
1412 1017 121 49 auch
1563 1035 100 33 man-

129 1080 108 51 ches
267 1088 218 61 grössere
529 1088 153 51 Werk
711 1097 144 43 nennt
894 1091 82 49 ihn
1013 1092 159 49 seinen
1204 1094 264 52 Verfasser.
1538 1097 157 51 Schon

124 1160 61 51 im
214 1163 148 51 Jahre
420 1166 146 52 1838
626 1168 161 51 wurde
842 1171 103 49 eine
1001 1176 217 62 grössere
1251 1174 320 69 Composition
1615 1178 78 50 für

129 1239 130 52 Chor
287 1243 98 50 und
414 1246 254 50 Orchester
695 1265 88 33 von
811 1248 98 51 ihm
938 1251 46 49 in
1013 1252 134 49 Paris
1189 1253 287 67 aufgeführt.
1545 1258 150 50 Unter

129 1328 124 43 etwa
284 1322 73 52 20
386 1324 192 51 seitdem
617 1327 333 52 erschienenen
992 1334 249 64 grösseren
1280 1334 218 51 Werken
1545 1337 151 50 seiner

124 1400 135 50 Muse
289 1402 281 53 bezeichnen
601 1407 85 49 wir
714 1426 91 32 nur
834 1411 403 61 Tannhäuser,
1266 1414 272 68 Elysium,
1585 1418 73 50 Gu-

124 1478 162 62 drun,
317 1483 336 52 Wittekind
683 1487 97 51 und
808 1488 47 50 H
866 1492 399 49 ermannsschl
1284 1493 140 51 acht.
1468 1496 223 67 Mangold

126 1559 128 51 hatte
283 1562 97 49 also
410 1562 90 51 den
541 1566 550 71 Entwicklungsprocess
1119 1572 151 67 längst
1297 1572 387 70 durchgemacht,

126 1638 86 50 ehe
254 1656 52 33 er
334 1641 206 52 Frithiof
561 1644 205 61 schrieb,
816 1647 84 51 der
950 1648 228 52 demnach
1233 1652 128 51 nicht
1402 1653 75 51 ein
1525 1654 132 51 Erst-

126 1718 311 66 lingswerk
465 1722 73 59 ist,
569 1724 89 50 wie
686 1726 97 50 sich
814 1727 85 49 der
924 1729 408 52 Berichterstatter
1370 1732 64 51 im
1477 1735 182 50 Konver-

119 1798 296 53 sationsblatt
430 1802 270 53 ausdrückt.
742 1808 100 50 Das
865 1808 147 67 Sujet,
1043 1808 83 51 der
1148 1809 269 54 bekannten
1440 1815 225 50 Frithiofs-

122 1893 110 50 sage
263 1886 320 56 entnommen,
621 1884 57 49 ist
706 1884 343 54 dramatischen
1078 1889 198 60 Inhalts;
1319 1891 75 51 die
1445 1893 213 69 Composi-

122 1957 95 49 tion
247 1957 72 61 ist,
348 1958 61 52 da
435 1961 46 49 in
512 1962 106 51 dem
644 1966 119 49 Text
790 1985 91 30 nur
910 1967 272 52 historische
1199 1972 238 51 Personen
1467 1975 188 50 vorkom-

122 2053 124 42 men,
275 2037 60 52 da
363 2057 90 32 nur
480 2057 89 34 von
612 2043 300 53 heidnischen
954 2048 270 51 Gottheiten
1266 2051 133 51 darin
1443 2052 73 51 die
1552 2055 133 50 Rede

124 2114 70 60 ist,
223 2116 108 50 kein
361 2121 276 50 Oratorium
665 2124 121 50 nach
815 2124 107 52 dem
971 2145 210 34 neueren
1209 2131 225 67 Begriffe,
1486 2135 202 49 wonach

119 2193 151 51 dieser
297 2198 154 50 Name
480 2217 90 32 nur
601 2201 90 50 den
720 2204 220 50 Werken
969 2207 216 66 gegeben
1215 2209 135 59 wird,
1393 2212 178 50 welche
1597 2213 62 50 Be-

122 2274 259 69 ziehungen
410 2297 56 31 zu
495 2278 106 52 dem
634 2283 246 67 alleinigen
910 2287 112 48 Gott
1070 2288 190 66 geltend
1295 2291 215 49 machen.
1564 2293 100 50 Frit-

120 2353 103 50 hiof
250 2357 85 48 soll
385 2357 116 51 aber
550 2361 120 49 auch
714 2362 236 52 durchaus
989 2366 106 49 kein
1126 2367 277 53 Oratorium
1451 2371 97 51 sein
1592 2372 97 50 und

119 2432 79 51 hat
227 2436 83 48 mit
338 2434 172 54 diesem
541 2457 91 32 nur
660 2439 74 52 die
755 2443 308 70 Eintheilung
1091 2447 44 48 in
1168 2447 155 51 Chöre
1352 2450 97 49 und
1478 2451 95 49 Soli
1604 2470 54 48 ge-

118 2513 386 55 meinschaftlich.
551 2518 112 51 Wir
692 2521 194 50 würden
917 2522 76 49 für
1022 2524 184 51 Werke
1236 2526 83 51 der
1347 2528 89 50 Art
1464 2528 90 51 den
1587 2532 66 48 Na-

115 2608 107 33 men
872 2603 319 69 vorschlagen.
1262 2607 206 51 Frithiof
1509 2610 177 50 zerfällt

114 2670 46 50 in
189 2670 99 53 drei
319 2676 179 58 Theile,
541 2677 82 51 hat
665 2679 73 51 ein
777 2682 213 67 Vorspiel
1034 2684 96 50 und
1177 2686 74 51 ein
1280 2688 267 68 Nachspiel,
1587 2690 97 50 und

115 2751 106 49 eine
250 2753 286 62 Ouvertüre,
566 2758 178 51 welche
773 2761 231 50 zwischen
1055 2762 104 52 dem
1191 2766 215 67 Vorspiel
1457 2768 97 50 und
1603 2768 82 51 der

118 2838 152 43 ersten
302 2833 291 70 Abtheilung
621 2838 137 51 steht.

114 2909 344 54 Damen-Chor
490 2913 292 70 (Lichtelfenj
815 2918 45 50 in
890 2921 156 49 Kürze
1070 2923 86 48 auf
1195 2924 206 50 Frithiof
1424 2924 95 51 und
1547 2928 110 65 Inge-

113 2988 134 69 borg,
278 2991 75 50 die
381 2993 399 69 Hauptpersonen
810 2997 85 51 der
923 3001 276 68 Handlung,
1241 3003 330 68 hingewiesen.
1617 3008 64 47 Es

112 3068 54 50 ist
194 3069 97 51 dies
320 3072 103 49 eine
452 3073 127 51 nicht
617 3076 109 50 sehr
775 3078 320 67 ausgedehnte
1124 3083 249 60 Nummer,
1424 3085 256 50 freundlich

114 3147 94 49 und
235 3149 139 51 leicht
401 3153 323 61 verständlich,
754 3157 85 49 mit
867 3158 489 71 Harfen-Begleitung
1384 3163 97 50 und
1519 3165 47 49 in
1596 3165 56 50 hö-

113 3228 142 50 heren
284 3231 243 67 Tonlagen
556 3251 106 33 vom
691 3237 256 51 Orchester
997 3246 289 47 unterstützt.
1359 3245 90 49 Die
1490 3245 155 50 Ouver-

112 3314 119 51 türe,
261 3308 108 50 sehr
397 3309 129 68 lang,
555 3313 217 51 minutiös
795 3317 277 65 gearbeitet,
1101 3321 352 52 charakterisirt
1481 3325 207 50 Frithiof

110 3386 65 49 als
204 3387 201 51 Helden.
475 3391 84 48 Als
587 3392 245 52 Mittelsatz
861 3403 56 42 ist
964 3396 73 50 die
1067 3399 200 51 Melodie
1309 3402 81 50 des
1421 3403 258 68 Wikinger

110 3466 157 59 Balks,
294 3485 89 33 von
414 3468 109 51 dem
545 3471 210 50 nachher
783 3473 74 50 die
880 3474 131 51 Rede
1040 3478 96 48 sein
1167 3481 133 58 wird,
1330 3481 203 52 benutzt.
1563 3485 115 50 Wir

113 3543 185 52 können
327 3548 129 50 nicht
484 3548 169 51 anders
693 3568 164 50 sagen,
908 3554 66 49 als
1012 3554 105 50 dass
1159 3556 73 50 die
1275 3559 265 53 Ouvertüre
1591 3565 84 49 mit

110 3622 231 68 kundiger
369 3628 144 48 Hand
561 3631 238 64 gemacht,
844 3632 282 51 meisterlich
1168 3652 357 52 ausgesponnen
1575 3643 97 50 und

108 3702 225 51 effectvoll
363 3706 339 53 instrumentirt
730 3711 80 57 ist;
841 3711 106 50 dass
975 3712 65 49 sie
1070 3713 115 50 aber
1214 3716 216 52 offenbar
1455 3739 57 30 zu
1561 3723 110 68 lang

109 3780 76 49 für
214 3779 89 52 den
331 3786 329 66 vorliegenden
688 3789 173 50 Zweck
903 3791 72 58 ist,
1004 3793 253 67 unterliegt
1293 3794 183 53 keinem
1524 3801 120 51 Zwei-

110 3859 75 60 fel,
216 3877 138 33 wenn
382 3863 65 48 sie
477 3866 120 49 auch
636 3867 213 51 formlich
893 3869 195 51 tadellos
1136 3872 97 49 sein
1280 3874 147 50 sollte.
1495 3878 179 52 Zudem

100 3939 181 51 scheint
310 3958 48 33 es
388 3960 103 41 uns,
522 3946 66 48 als
617 3946 61 49 ob
708 3946 82 50 das
820 3949 306 66 Hauptmotiv
1167 3952 142 51 selbst
1356 3972 57 32 zu
1443 3954 111 53 kurz
1604 3961 65 49 sei

108 4019 95 51 und
232 4019 151 52 daher
411 4022 47 49 in
488 4022 85 51 der
599 4026 475 67 contrapunktischen
1115 4029 350 72 Verarbeitung
1514 4052 132 36 conse-

101 4107 201 58 (juenter
333 4101 167 50 Weise
542 4120 56 31 zu
630 4103 65 50 oft
724 4104 340 63 wiederkehre,
1100 4111 160 49 —ein
1284 4112 282 61 Verfahren,
1590 4114 82 53 das

100 4179 95 51 sich
227 4182 136 51 mehr
390 4200 108 33 zum
528 4183 136 51 Satze
692 4183 126 51 eines
846 4184 411 71 Streichquartetts
1305 4192 169 66 eignen
1504 4192 166 55 dürfte.

1774 303 100 48 Der
1897 311 120 44 erste
2048 304 132 51 Theil
2210 306 195 68 beginnt
2434 310 84 50 mit
2567 312 152 52 einem
2763 316 312 68 Klage-Chor
3102 320 77 53 bei
3212 325 108 52 Gele-

1774 382 191 66 genheit
1992 383 86 51 der
2104 386 281 68 Bestattung
2414 406 88 33 von
2530 392 161 69 König
2713 395 113 50 Bele
2855 397 98 51 und
2975 400 253 63 Thoesten,
3257 404 90 52 den

1771 461 178 52 Vätern
1977 481 90 33 von
2097 465 238 69 Ingeborg
2365 468 96 51 und
2490 470 214 53 Frithiof.
2775 477 169 51 Dieser
2974 480 128 52 Chor
3152 482 83 51 hat
3261 485 86 51 viel

1770 541 454 68 Eigenthümliches,
2267 546 57 51 ist
2365 548 110 51 sehr
2511 553 325 66 ansprechend
2876 558 97 51 und
3015 560 58 51 ist
3120 564 150 66 präcis
3301 565 46 49 in

1771 619 107 51 dem
1909 638 177 50 ganzen
2116 626 256 52 Zuschnitt.
2443 631 65 49 Es
2537 631 176 53 bedarf
2744 635 118 52 aber
2898 638 126 51 eines
3068 642 279 52 Orchesters

1771 699 84 50 mit
1883 708 85 60 gut
1995 701 236 53 besetzten
2259 707 499 66 Blas-Instrumenten,
2790 732 79 33 um
2899 717 97 61 ihn,
3048 721 87 50 wie
3165 739 52 33 er
3264 741 55 50 ge-

1771 779 140 51 dacht
1939 790 71 50 ist,
2036 782 91 51 fein
2159 783 95 51 und
2283 804 102 33 rem
2414 799 325 60 vorzutragen.
2810 796 113 51 Wir
2964 797 250 71 begegnen
3243 804 103 49 hier

1771 861 153 67 gleich
1971 863 114 50 zwei
2126 866 416 56 Basset-Hörnern
2591 873 97 51 und
2744 875 129 51 einer
2928 879 417 63 Bass-Clarinette,

1771 941 180 52 welche
1978 945 332 63 Instrumente,
2342 948 89 50 wie
2461 951 86 49 wir
2577 952 103 51 hier
2709 955 194 68 flüchtig
2932 960 254 52 erwähnen
3226 965 87 48 wol-

1771 1021 93 59 len,
1895 1022 330 53 abwechselnd
2253 1033 85 44 mit
2368 1028 287 55 Clarinetten
2685 1033 149 53 durch
2866 1036 73 51 die
2963 1056 145 50 ganze
3138 1041 172 69 Compo-

1770 1100 136 52 sition
1934 1102 95 50 sich
2060 1102 245 70 bewegen.
2349 1107 91 51 Ein
2457 1110 226 52 Recitativ
2714 1115 84 49 mit
2824 1115 172 53 Arioso
3026 1117 80 52 des
3134 1120 210 52 Frithiof

1769 1181 208 52 schliesst
2004 1183 95 51 sich
2125 1202 59 33 an
2213 1185 92 52 den
2321 1188 341 54 Trauer-Chor
2687 1193 97 51 und
2808 1197 159 50 macht
2993 1199 134 50 einen
3151 1200 164 52 freund-

1770 1261 151 49 lichen
1949 1263 258 61 Eindruck,
2245 1266 85 51 der
2372 1267 149 52 durch
2570 1270 75 52 die
2673 1273 280 72 Benutzung
2989 1277 84 51 der
3111 1281 229 51 Bratsche

1770 1340 45 49 in
1845 1340 158 52 hohen
2034 1345 243 67 Tonlagen
2305 1347 122 50 noch
2456 1351 239 49 vermehrt
2735 1354 135 52 wird.
2940 1357 208 51 Hierauf
3190 1361 150 51 Chor-

1770 1421 225 49 Recitativ
2025 1422 77 50 für
2130 1426 114 48 Bass
2272 1426 96 51 und
2406 1428 164 51 Tenor.
2613 1431 65 50 Es
2706 1432 102 51 sind
2837 1435 293 63 Heerboten,
3161 1441 179 50 welche

1770 1498 46 50 in
1873 1501 231 68 kräftigen
2136 1505 199 52 Weisen
2393 1507 74 51 die
2495 1510 431 72 Kriegserklärung
2967 1519 158 67 König
3179 1521 162 67 Ring's

1769 1578 338 71 überbringen.
2163 1586 142 51 Diese
2343 1588 232 51 Nummer
2611 1592 159 51 macht
2809 1595 263 68 Wirkung,
3129 1601 210 67 weniger

1768 1658 73 51 die
1869 1660 177 52 darauf
2095 1663 216 69 folgende
2356 1667 76 50 für
2473 1670 289 66 gemischten
2795 1674 151 52 Chor:

1766 1738 177 51 welche
1958 1757 60 33 an
2047 1741 130 52 edler
2192 1745 167 50 Weise
2387 1746 92 51 den
2508 1748 201 69 übrigen
2740 1751 294 70 Chorpiecen
3062 1756 109 50 sehr
3191 1759 116 50 nach-

1764 1818 134 51 steht.
1944 1821 225 51 Recitativ
2199 1822 80 52 des
2309 1826 218 62 Frithiof,
2556 1831 150 50 worin
2735 1849 52 32 er
2821 1834 97 49 sein
2949 1835 289 52 Verhältniss
3280 1858 55 30 zu

1764 1898 239 69 Ingeborg
2032 1900 209 53 darstellt
2271 1905 96 50 und
2395 1907 65 50 sie
2483 1908 95 50 sich
2607 1928 84 31 zur
2719 1912 131 50 Frau
2880 1914 203 61 erbittet,
3114 1915 146 53 bevor
3280 1935 54 33 er

1764 1995 60 33 an
1853 1977 108 52 dem
1992 1981 181 68 Kampf
2203 2001 153 50 gegen
2396 1986 74 51 die
2513 1989 264 68 Norweger
2818 1992 96 51 sich
2945 1992 268 71 betheiligt;
3248 1997 87 50 der

1765 2057 128 50 Chor
1916 2057 135 52 bittet
2079 2062 84 50 mit
2192 2062 95 52 ihm
2319 2065 89 49 den
2437 2067 187 51 Bruder
2653 2070 300 68 Ingeborg's;
2989 2074 160 68 König
3176 2076 159 69 Holge

1763 2138 279 68 verweigert
2079 2141 65 51 sie
2193 2142 133 61 aber,
2370 2147 350 62 vorschützend,
2776 2152 206 50 Frithiof
3029 2154 124 50 habe
3208 2157 127 51 seine

1764 2217 267 51 Schwester
2057 2220 219 52 heimlich
2325 2223 62 51 im
2427 2227 193 66 Tempel
2664 2231 306 66 gesprochen.
3040 2235 99 49 Das
3179 2236 155 50 offene

1764 2296 307 52 Bekenntniss
2100 2301 257 62 Frithiofs,
2386 2303 106 51 dass
2514 2305 107 52 dem
2652 2325 50 33 so
2733 2326 234 51 gewesen,
2998 2311 104 52 dass
3133 2331 52 32 er
3214 2315 117 51 aber

1761 2373 164 52 dessen
1954 2378 284 66 ungeachtet
2263 2382 216 52 Baldur's
2499 2385 203 52 Frieden
2730 2389 127 49 nicht
2884 2389 271 68 gebrochen
3185 2394 140 57 habe,

1763 2455 55 49 ist
1834 2456 101 51 eine
1966 2458 212 51 reizende
2194 2461 271 70 Erfindung
2492 2463 81 51 des
2603 2466 348 69 Componisten.
2982 2471 206 52 Hierauf
3200 2491 106 50 gros-

1759 2551 76 33 ser
1874 2536 129 49 Chor
2033 2555 89 33 von
2160 2540 235 52 Priestern
2438 2543 95 50 und
2564 2546 140 58 Volk,
2743 2549 179 50 welche
2959 2550 96 51 sich
3095 2569 87 33 von
3221 2554 106 49 dem

1758 2615 381 52 vermeintlichen
2168 2620 424 67 Tempelschänder
2631 2625 263 52 abwenden
2944 2629 95 50 und
3080 2630 96 51 ihm
3226 2631 104 52 ihre

1759 2693 456 71 Verwünschungen
2253 2701 275 60 nachrufen,
2572 2705 231 51 nachdem
2842 2707 80 50 ihn
2970 2710 160 67 König
3170 2712 160 68 Holge

1761 2773 85 47 auf
1868 2790 51 33 so
1951 2776 137 66 lange
2116 2777 246 61 verbannt,
2394 2780 68 49 bis
2492 2799 52 32 er
2573 2782 89 50 den
2691 2785 287 52 erdichteten
3006 2789 321 52 Jahrestribut

1761 2851 75 49 bei
1865 2853 233 69 Agantyr,
2126 2857 320 52 Beherrscher
2488 2861 82 50 der
2615 2864 307 52 orkadischen
2958 2869 169 59 Inseln,
3167 2870 133 67 einge-

1759 2930 181 50 trieben
1980 2932 138 51 habe.
2188 2936 142 51 Diese
2370 2956 144 49 ganze
2555 2942 147 49 Scene
2740 2944 56 49 ist
2836 2961 89 33 von
2974 2964 187 48 grosser
3191 2949 102 50 Wir-

1760 3008 144 69 kung.
1948 3012 224 50 Recitativ
2199 3015 230 52 zwischen
2460 3018 206 51 Frithiof
2697 3022 96 50 und
2823 3024 239 68 Ingeborg
3109 3027 85 50 mit
3242 3027 54 51 da-

1756 3090 228 50 zwischen
2010 3092 259 67 liegendem
2293 3096 171 51 Arioso
2494 3098 80 50 des
2832 3104 94 49 und
2956 3105 174 52 darauf
3147 3107 154 68 folgen-

1758 3168 104 50 dem
1896 3171 159 49 Duett.
2099 3173 97 49 Gut
2215 3173 367 65 charakterisirt,
2613 3178 82 53 das
2718 3181 169 52 Arioso
2916 3185 109 49 sehr
3054 3186 271 61 melodisch,

1755 3248 126 50 kann
1904 3250 115 49 aber
2047 3269 90 31 nur
2164 3270 86 33 von
2282 3255 287 53 Orchestern
2597 3260 400 62 Prima-Qualität
3025 3265 170 52 discret
3242 3286 54 49 ge-

1755 3345 99 49 nug
1883 3332 352 66 accompagnirt
2264 3335 209 61 werden,
2502 3336 104 52 dass
2636 3339 74 50 die
2746 3342 287 66 Polyphonie
3061 3345 127 51 nicht
3229 3351 70 46 stö-

1754 3407 114 50 rend
1900 3410 151 49 wirkt.
2122 3412 97 50 Das
2248 3415 164 59 Duett,
2440 3416 238 53 Abschied
2725 3422 230 51 zwischen
2986 3425 207 49 Frithiof
3222 3426 95 51 und

1751 3487 257 70 Ingeborg,
2037 3491 57 48 ist
2122 3491 291 53 hinsichtlich
2456 3496 84 51 der
2588 3500 269 68 Erfindung
2894 3502 95 50 und
3036 3502 87 51 der
3160 3506 162 51 klaren

1752 3567 145 50 Form
1925 3570 286 50 vortrefflich
2243 3590 54 32 zu
2329 3590 206 46 nennen,
2586 3577 95 50 und
2730 3579 110 50 hört
2885 3581 115 60 sich,
3038 3585 285 65 ungeachtet

1750 3647 155 50 seiner
1933 3650 178 66 Länge,
2141 3651 189 67 gefällig
2359 3671 59 32 an
2448 3653 70 53 bis
2546 3675 104 32 zum
2682 3660 203 51 Schluss.
2936 3662 90 50 Die
3055 3662 108 50 tiefe
3193 3665 96 48 Ton-

1749 3727 123 66 lage,
1893 3726 47 51 in
1971 3727 84 50 der
2071 3730 239 70 Ingeborg
2332 3736 350 64 grösstenteils
2699 3737 133 51 darin
2861 3740 137 67 singt,
3029 3741 159 50 macht
3214 3742 104 50 eine

1749 3806 174 49 schöne
1956 3808 259 69 Wirkung,
2246 3812 233 51 erfordert
2508 3815 116 49 aber
2645 3816 168 51 darum
2831 3819 223 50 ebenfalls
3083 3821 105 48 eine
3208 3821 110 48 sehr

1747 3883 196 51 delicate
1971 3887 295 70 Begleitung.
2309 3892 241 50 Frithiof's
2592 3894 222 60 Abfahrt,
2856 3897 74 50 ein
2959 3900 329 49 Instrumental-

1746 3965 133 49 stück
1909 3982 89 33 von
2027 3967 364 67 eigentümlich
2420 3971 221 52 schönem
2682 3975 170 59 Inhalt,
2901 3977 57 49 ist
2986 3976 102 50 hier
3134 3979 151 50 zweck-

1747 4043 169 66 mässig
1945 4046 309 66 angebracht,
2293 4048 98 50 und
2433 4050 108 49 lässt
2577 4051 81 51 das
2710 4052 174 51 darauf
2936 4055 216 66 folgende
3199 4059 117 50 Lied

1759 4122 301 70 „Ingeborg's
2313 4127 83 50 mit
2422 4130 508 68 Harfen-Begleitung,
2959 4134 152 59 Flöte,
3139 4136 174 69 Fagott

1747 4200 97 50 und
1872 4202 260 52 Violoncell
2163 4205 85 49 mit
2273 4222 172 35 neuem
2486 4208 228 53 Interesse
2753 4211 226 52 anhören.
3049 4214 99 52 Das
3196 4217 117 50 Lied
