<?xml version="1.0" encoding="UTF-8"?>
<alto xmlns:xsi="http://www.w3.org/2001/XMLSchema-instance" xmlns="http://www.loc.gov/standards/alto/ns-v2#" xsi:schemaLocation="http://www.loc.gov/standards/alto/ns-v2# http://www.loc.gov/standards/alto/alto-v2.0.xsd" xmlns:xlink="http://www.w3.org/1999/xlink">
	<Description>
		<MeasurementUnit>mm10</MeasurementUnit>
		<sourceImageInformation>
			<fileName>//fileserver7/IN2/Princeton/Batch5/bmtnabi/1858/06/26_01/00000629.tif</fileName>
		</sourceImageInformation>
		<OCRProcessing ID="OCRPROCESSING_1">
			<preProcessingStep>
				<processingSoftware>
					<softwareCreator>CCS Content Conversion Specialists GmbH, Germany</softwareCreator>
					<softwareName>CCS docWORKS</softwareName>
					<softwareVersion>6.6-1.18</softwareVersion>
				</processingSoftware>
			</preProcessingStep>
			<ocrProcessingStep>
				<processingSoftware>
					<softwareCreator>ABBYY (BIT Software), Russia</softwareCreator>
					<softwareName>FineReader</softwareName>
					<softwareVersion>10.0</softwareVersion>
				</processingSoftware>
			</ocrProcessingStep>
		</OCRProcessing>
		<OCRProcessing ID="OCRPROCESSING_2">
			<preProcessingStep>
				<processingSoftware>
					<softwareCreator>CCS Content Conversion Specialists GmbH, Germany</softwareCreator>
					<softwareName>CCS docWORKS</softwareName>
					<softwareVersion>6.6-1.18</softwareVersion>
				</processingSoftware>
			</preProcessingStep>
			<ocrProcessingStep>
				<processingSoftware>
					<softwareCreator>ABBYY (BIT Software), Russia</softwareCreator>
					<softwareName>NA</softwareName>
				</processingSoftware>
			</ocrProcessingStep>
		</OCRProcessing>
	</Description>
	<Styles>
		<TextStyle ID="TXT_0" FONTSIZE="20" FONTFAMILY="Times New Roman"/>
		<TextStyle ID="TXT_1" FONTSIZE="65" FONTFAMILY="Times New Roman"/>
		<TextStyle ID="TXT_2" FONTSIZE="39" FONTFAMILY="Times New Roman" FONTSTYLE="bold"/>
		<TextStyle ID="TXT_3" FONTSIZE="22" FONTFAMILY="Times New Roman" FONTSTYLE="italics"/>
		<TextStyle ID="TXT_4" FONTSIZE="19" FONTFAMILY="Times New Roman"/>
		<TextStyle ID="TXT_5" FONTSIZE="14" FONTFAMILY="Times New Roman"/>
		<TextStyle ID="TXT_6" FONTSIZE="21" FONTFAMILY="Times New Roman"/>
		<TextStyle ID="TXT_7" FONTSIZE="16" FONTFAMILY="Courier New" FONTSTYLE="bold"/>
		<TextStyle ID="TXT_8" FONTSIZE="18" FONTFAMILY="Times New Roman"/>
		<TextStyle ID="TXT_9" FONTSIZE="13" FONTFAMILY="Times New Roman" FONTSTYLE="bold"/>
		<TextStyle ID="TXT_10" FONTSIZE="17" FONTFAMILY="Times New Roman"/>
		<TextStyle ID="TXT_11" FONTSIZE="18" FONTFAMILY="Times New Roman" FONTSTYLE="italics"/>
		<TextStyle ID="TXT_12" FONTSIZE="20" FONTFAMILY="Times New Roman" FONTSTYLE="bold"/>
		<ParagraphStyle ID="PAR_LEFT" ALIGN="Left"/>
		<ParagraphStyle ID="PAR_RIGHT" ALIGN="Right"/>
		<ParagraphStyle ID="PAR_BLOCK" ALIGN="Block"/>
	</Styles>
	<Layout>
		<Page ID="P1" PHYSICAL_IMG_NR="1" HEIGHT="4442" WIDTH="3467" PC="0.930">
			<TopMargin ID="P1_TM00001" HPOS="0" VPOS="0" WIDTH="3467" HEIGHT="103"/>
			<LeftMargin ID="P1_LM00001" HPOS="0" VPOS="103" WIDTH="71" HEIGHT="4209"/>
			<RightMargin ID="P1_RM00001" HPOS="3306" VPOS="103" WIDTH="161" HEIGHT="4209"/>
			<BottomMargin ID="P1_BM00001" HPOS="0" VPOS="4312" WIDTH="3467" HEIGHT="130"/>
			<PrintSpace ID="P1_PS00001" HPOS="71" VPOS="103" WIDTH="3235" HEIGHT="4209">
				<TextBlock ID="P1_TB00001" HPOS="74" VPOS="103" WIDTH="3227" HEIGHT="643" STYLEREFS="TXT_0 PAR_LEFT">
					<TextLine ID="P1_TL00001" HPOS="296" VPOS="159" WIDTH="2768" HEIGHT="259">
						<String ID="P1_ST00001" HPOS="296" VPOS="164" WIDTH="1468" HEIGHT="213" CONTENT="IVicdcrrkeiiiisrlw" WC="0.39" CC="775878827703308878" STYLEREFS="TXT_1"/>
						<SP ID="P1_SP00001" HPOS="1764" VPOS="377" WIDTH="106"/>
						<String ID="P1_ST00002" HPOS="1870" VPOS="159" WIDTH="1194" HEIGHT="259" CONTENT="Hiisik-Zeitnii^" WC="0.38" CC="865777167760748" STYLEREFS="TXT_1"/>
					</TextLine>
					<TextLine ID="P1_TL00002" HPOS="639" VPOS="466" WIDTH="2093" HEIGHT="94">
						<String ID="P1_ST00003" HPOS="639" VPOS="471" WIDTH="200" HEIGHT="89" CONTENT="für" WC="0.97" CC="206" STYLEREFS="TXT_2"/>
						<SP ID="P1_SP00002" HPOS="839" VPOS="560" WIDTH="59"/>
						<String ID="P1_ST00004" HPOS="898" VPOS="471" WIDTH="876" HEIGHT="87" CONTENT="Biunstfrctinde" WC="0.45" CC="48306657887026" STYLEREFS="TXT_2"/>
						<SP ID="P1_SP00003" HPOS="1774" VPOS="560" WIDTH="58"/>
						<String ID="P1_ST00005" HPOS="1832" VPOS="474" WIDTH="244" HEIGHT="84" CONTENT="und" WC="0.96" CC="306" STYLEREFS="TXT_2"/>
						<SP ID="P1_SP00004" HPOS="2076" VPOS="560" WIDTH="59"/>
						<String ID="P1_ST00006" HPOS="2135" VPOS="466" WIDTH="597" HEIGHT="89" CONTENT="Künstler." WC="0.98" CC="700864726" STYLEREFS="TXT_2"/>
					</TextLine>
					<TextLine ID="P1_TL00003" HPOS="75" VPOS="652" WIDTH="3226" HEIGHT="94">
						<String ID="P1_ST00007" HPOS="75" VPOS="661" WIDTH="448" HEIGHT="85" CONTENT="Herausgegeben" WC="0.99" CC="6076527376406"/>
						<SP ID="P1_SP00005" HPOS="523" VPOS="746" WIDTH="44"/>
						<String ID="P1_ST00008" HPOS="567" VPOS="677" WIDTH="101" HEIGHT="38" CONTENT="von" WC="0.95" CC="407"/>
						<SP ID="P1_SP00006" HPOS="668" VPOS="746" WIDTH="48"/>
						<String ID="P1_ST00009" HPOS="716" VPOS="657" WIDTH="271" HEIGHT="57" CONTENT="Professor" WC="0.98" CC="073717756"/>
						<SP ID="P1_SP00007" HPOS="987" VPOS="746" WIDTH="980"/>
						<String ID="P1_ST00010" HPOS="1967" VPOS="654" WIDTH="69" HEIGHT="59" CONTENT="L." WC="0.52" CC="27" STYLEREFS="TXT_3"/>
						<SP ID="P1_SP00008" HPOS="2036" VPOS="746" WIDTH="124"/>
						<String ID="P1_ST00011" HPOS="2160" VPOS="653" WIDTH="271" HEIGHT="83" CONTENT="Bischof." WC="0.97" CC="55266696" STYLEREFS="TXT_3"/>
						<SP ID="P1_SP00009" HPOS="2431" VPOS="746" WIDTH="-915"/>
						<String ID="P1_ST00012" HPOS="1516" VPOS="657" WIDTH="197" HEIGHT="86" CONTENT="Verlag" WC="0.98" CC="740430"/>
						<SP ID="P1_SP00010" HPOS="2431" VPOS="746" WIDTH="-675"/>
						<String ID="P1_ST00013" HPOS="1756" VPOS="658" WIDTH="94" HEIGHT="56" CONTENT="der" WC="0.97" CC="700"/>
						<SP ID="P1_SP00011" HPOS="2431" VPOS="746" WIDTH="-558"/>
						<String ID="P1_ST00014" HPOS="1873" VPOS="657" WIDTH="88" HEIGHT="58" CONTENT="M." WC="0.68" CC="06" STYLEREFS="TXT_3"/>
						<SP ID="P1_SP00012" HPOS="2431" VPOS="746" WIDTH="419"/>
						<String ID="P1_ST00015" HPOS="2850" VPOS="652" WIDTH="451" HEIGHT="84" CONTENT="Buchhandlung." WC="0.99" CC="8750155687280"/>
					</TextLine>
				</TextBlock>
				<TextBlock ID="P1_TB00002" HPOS="147" VPOS="867" WIDTH="205" HEIGHT="59" STYLEREFS="TXT_4 PAR_LEFT">
					<TextLine ID="P1_TL00004" HPOS="147" VPOS="867" WIDTH="205" HEIGHT="59">
						<String ID="P1_ST00016" HPOS="147" VPOS="868" WIDTH="85" HEIGHT="58" CONTENT="Nr." WC="0.97" CC="214"/>
						<SP ID="P1_SP00013" HPOS="232" VPOS="926" WIDTH="40"/>
						<String ID="P1_ST00017" HPOS="272" VPOS="867" WIDTH="80" HEIGHT="59" CONTENT="26." WC="0.66" CC="530"/>
					</TextLine>
				</TextBlock>
				<TextBlock ID="P1_TB00003" HPOS="1407" VPOS="852" WIDTH="628" HEIGHT="90" STYLEREFS="TXT_4 PAR_RIGHT">
					<TextLine ID="P1_TL00005" HPOS="1409" VPOS="853" WIDTH="626" HEIGHT="89">
						<String ID="P1_ST00018" HPOS="1409" VPOS="853" WIDTH="174" HEIGHT="89" CONTENT="KÖLN," WC="0.95" CC="95648"/>
						<SP ID="P1_SP00014" HPOS="1583" VPOS="942" WIDTH="39"/>
						<String ID="P1_ST00019" HPOS="1622" VPOS="868" WIDTH="81" HEIGHT="57" CONTENT="25." WC="0.44" CC="681"/>
						<SP ID="P1_SP00015" HPOS="1703" VPOS="942" WIDTH="38"/>
						<String ID="P1_ST00020" HPOS="1741" VPOS="866" WIDTH="117" HEIGHT="59" CONTENT="Juni" WC="0.96" CC="3771"/>
						<SP ID="P1_SP00016" HPOS="1858" VPOS="942" WIDTH="38"/>
						<String ID="P1_ST00021" HPOS="1896" VPOS="866" WIDTH="139" HEIGHT="59" CONTENT="1858." WC="0.56" CC="25660"/>
					</TextLine>
				</TextBlock>
				<TextBlock ID="P1_TB00004" HPOS="2823" VPOS="861" WIDTH="403" HEIGHT="76" STYLEREFS="TXT_4 PAR_RIGHT">
					<TextLine ID="P1_TL00006" HPOS="2824" VPOS="861" WIDTH="402" HEIGHT="76">
						<String ID="P1_ST00022" HPOS="2824" VPOS="863" WIDTH="80" HEIGHT="60" CONTENT="VI." WC="0.95" CC="354"/>
						<SP ID="P1_SP00017" HPOS="2904" VPOS="923" WIDTH="38"/>
						<String ID="P1_ST00023" HPOS="2942" VPOS="861" WIDTH="284" HEIGHT="76" CONTENT="Jahrgang." WC="0.98" CC="057494674"/>
					</TextLine>
				</TextBlock>
				<TextBlock ID="P1_TB00005" HPOS="71" VPOS="1044" WIDTH="3227" HEIGHT="241" STYLEREFS="TXT_5 PAR_LEFT">
					<Shape>
						<Polygon POINTS="71,1104 445,1104 445,1044 3298,1044 3298,1285 71,1285"/>
					</Shape>
					<TextLine ID="P1_TL00007" HPOS="462" VPOS="1044" WIDTH="2836" HEIGHT="52">
						<String ID="P1_ST00024" HPOS="462" VPOS="1049" WIDTH="83" HEIGHT="36" CONTENT="Das" WC="1.00" CC="000"/>
						<SP ID="P1_SP00018" HPOS="545" VPOS="1085" WIDTH="31"/>
						<String ID="P1_ST00025" HPOS="576" VPOS="1051" WIDTH="61" HEIGHT="35" CONTENT="36." WC="0.57" CC="434"/>
						<SP ID="P1_SP00019" HPOS="637" VPOS="1086" WIDTH="30"/>
						<String ID="P1_ST00026" HPOS="667" VPOS="1048" WIDTH="348" HEIGHT="38" CONTENT="niederrheinische" WC="0.99" CC="4626066755420064"/>
						<SP ID="P1_SP00020" HPOS="1015" VPOS="1086" WIDTH="29"/>
						<String ID="P1_ST00027" HPOS="1044" VPOS="1050" WIDTH="229" HEIGHT="36" CONTENT="Musikfest." WC="0.99" CC="0603031553"/>
						<SP ID="P1_SP00021" HPOS="1273" VPOS="1086" WIDTH="29"/>
						<String ID="P1_ST00028" HPOS="1302" VPOS="1048" WIDTH="71" HEIGHT="40" CONTENT="in." WC="0.96" CC="054" STYLEREFS="TXT_6"/>
						<SP ID="P1_SP00022" HPOS="1373" VPOS="1088" WIDTH="29"/>
						<String ID="P1_ST00029" HPOS="1402" VPOS="1049" WIDTH="87" HEIGHT="37" CONTENT="Von" WC="0.95" CC="660"/>
						<SP ID="P1_SP00023" HPOS="1489" VPOS="1088" WIDTH="30"/>
						<String ID="P1_ST00030" HPOS="1519" VPOS="1050" WIDTH="45" HEIGHT="37" CONTENT="L." WC="0.46" CC="64"/>
						<SP ID="P1_SP00024" HPOS="1564" VPOS="1088" WIDTH="29"/>
						<String ID="P1_ST00031" HPOS="1593" VPOS="1047" WIDTH="252" HEIGHT="41" CONTENT="Bischoff." WC="0.99" CC="214564044"/>
						<SP ID="P1_SP00025" HPOS="1845" VPOS="1088" WIDTH="106"/>
						<String ID="P1_ST00032" HPOS="1951" VPOS="1047" WIDTH="245" HEIGHT="49" CONTENT="Frithiof," WC="0.65" CC="830530604"/>
						<SP ID="P1_SP00026" HPOS="2196" VPOS="1096" WIDTH="31"/>
						<String ID="P1_ST00033" HPOS="2227" VPOS="1047" WIDTH="281" HEIGHT="38" CONTENT="dramatisches" WC="1.00" CC="600200007002"/>
						<SP ID="P1_SP00027" HPOS="2508" VPOS="1096" WIDTH="31"/>
						<String ID="P1_ST00034" HPOS="2539" VPOS="1047" WIDTH="168" HEIGHT="37" CONTENT="Gedicht" WC="0.98" CC="6004570"/>
						<SP ID="P1_SP00028" HPOS="2707" VPOS="1096" WIDTH="27"/>
						<String ID="P1_ST00035" HPOS="2734" VPOS="1047" WIDTH="100" HEIGHT="36" CONTENT="nach" WC="0.95" CC="9057"/>
						<SP ID="P1_SP00029" HPOS="2834" VPOS="1096" WIDTH="27"/>
						<String ID="P1_ST00036" HPOS="2861" VPOS="1047" WIDTH="158" HEIGHT="36" CONTENT="Jesaias" WC="0.74" CC="1309003"/>
						<SP ID="P1_SP00030" HPOS="3019" VPOS="1096" WIDTH="33"/>
						<String ID="P1_ST00037" HPOS="3052" VPOS="1046" WIDTH="155" HEIGHT="47" CONTENT="Tegner" WC="0.52" CC="407654"/>
						<SP ID="P1_SP00031" HPOS="3207" VPOS="1096" WIDTH="28"/>
						<String ID="P1_ST00038" HPOS="3235" VPOS="1044" WIDTH="42" HEIGHT="36" CONTENT="be" SUBS_TYPE="HypPart1" SUBS_CONTENT="bearbeitet" WC="0.93" CC="86"/>
						<HYP HPOS="3277" VPOS="1044" WIDTH="21" CONTENT="-"/>
					</TextLine>
					<TextLine ID="P1_TL00008" HPOS="74" VPOS="1109" WIDTH="3224" HEIGHT="52">
						<String ID="P1_ST00039" HPOS="74" VPOS="1114" WIDTH="165" HEIGHT="37" CONTENT="arbeitet" SUBS_TYPE="HypPart2" SUBS_CONTENT="bearbeitet" WC="0.98" CC="76845021"/>
						<SP ID="P1_SP00032" HPOS="239" VPOS="1151" WIDTH="27"/>
						<String ID="P1_ST00040" HPOS="266" VPOS="1113" WIDTH="82" HEIGHT="36" CONTENT="und" WC="0.95" CC="607"/>
						<SP ID="P1_SP00033" HPOS="348" VPOS="1151" WIDTH="31"/>
						<String ID="P1_ST00041" HPOS="379" VPOS="1113" WIDTH="63" HEIGHT="35" CONTENT="für" WC="1.00" CC="000"/>
						<SP ID="P1_SP00034" HPOS="442" VPOS="1151" WIDTH="30"/>
						<String ID="P1_ST00042" HPOS="472" VPOS="1112" WIDTH="116" HEIGHT="45" CONTENT="Chor," WC="0.97" CC="66402"/>
						<SP ID="P1_SP00035" HPOS="588" VPOS="1157" WIDTH="33"/>
						<String ID="P1_ST00043" HPOS="621" VPOS="1111" WIDTH="81" HEIGHT="37" CONTENT="Soli" WC="0.96" CC="7550"/>
						<SP ID="P1_SP00036" HPOS="702" VPOS="1157" WIDTH="27"/>
						<String ID="P1_ST00044" HPOS="729" VPOS="1112" WIDTH="80" HEIGHT="36" CONTENT="und" WC="0.91" CC="579"/>
						<SP ID="P1_SP00037" HPOS="809" VPOS="1157" WIDTH="28"/>
						<String ID="P1_ST00045" HPOS="837" VPOS="1113" WIDTH="209" HEIGHT="37" CONTENT="Orchester" WC="0.99" CC="494404035"/>
						<SP ID="P1_SP00038" HPOS="1046" VPOS="1157" WIDTH="28"/>
						<String ID="P1_ST00046" HPOS="1074" VPOS="1114" WIDTH="215" HEIGHT="47" CONTENT="componirt" WC="0.64" CC="227407420"/>
						<SP ID="P1_SP00039" HPOS="1289" VPOS="1161" WIDTH="29"/>
						<String ID="P1_ST00047" HPOS="1318" VPOS="1126" WIDTH="77" HEIGHT="24" CONTENT="von" WC="0.94" CC="645"/>
						<SP ID="P1_SP00040" HPOS="1395" VPOS="1161" WIDTH="25"/>
						<String ID="P1_ST00048" HPOS="1420" VPOS="1114" WIDTH="43" HEIGHT="37" CONTENT="C." WC="0.48" CC="54"/>
						<SP ID="P1_SP00041" HPOS="1463" VPOS="1161" WIDTH="24"/>
						<String ID="P1_ST00049" HPOS="1487" VPOS="1112" WIDTH="263" HEIGHT="48" CONTENT="A.Mangold." WC="0.99" CC="7400664553"/>
						<SP ID="P1_SP00042" HPOS="1750" VPOS="1161" WIDTH="109"/>
						<String ID="P1_ST00050" HPOS="1859" VPOS="1111" WIDTH="181" HEIGHT="36" CONTENT="Alfred" WC="0.98" CC="760530"/>
						<SP ID="P1_SP00043" HPOS="2040" VPOS="1161" WIDTH="37"/>
						<String ID="P1_ST00051" HPOS="2077" VPOS="1111" WIDTH="145" HEIGHT="36" CONTENT="Jaell" WC="0.78" CC="40006"/>
						<SP ID="P1_SP00044" HPOS="2222" VPOS="1161" WIDTH="29"/>
						<String ID="P1_ST00052" HPOS="2251" VPOS="1111" WIDTH="319" HEIGHT="48" CONTENT="(Biographische" WC="0.99" CC="00466404703263"/>
						<SP ID="P1_SP00045" HPOS="2570" VPOS="1161" WIDTH="31"/>
						<String ID="P1_ST00053" HPOS="2601" VPOS="1111" WIDTH="188" HEIGHT="43" CONTENT="Notizen)." WC="0.98" CC="278060354"/>
						<SP ID="P1_SP00046" HPOS="2789" VPOS="1161" WIDTH="89"/>
						<String ID="P1_ST00054" HPOS="2878" VPOS="1109" WIDTH="130" HEIGHT="37" CONTENT="Ueber" WC="0.58" CC="20944"/>
						<SP ID="P1_SP00047" HPOS="3008" VPOS="1161" WIDTH="30"/>
						<String ID="P1_ST00055" HPOS="3038" VPOS="1112" WIDTH="260" HEIGHT="34" CONTENT="Tactmesser." WC="0.48" CC="48605283555"/>
					</TextLine>
					<TextLine ID="P1_TL00009" HPOS="155" VPOS="1169" WIDTH="3142" HEIGHT="54">
						<String ID="P1_ST00056" HPOS="155" VPOS="1176" WIDTH="191" HEIGHT="47" CONTENT="Tages-" WC="0.97" CC="199074"/>
						<SP ID="P1_SP00048" HPOS="346" VPOS="1223" WIDTH="46"/>
						<String ID="P1_ST00057" HPOS="392" VPOS="1172" WIDTH="101" HEIGHT="37" CONTENT="und" WC="0.97" CC="530"/>
						<SP ID="P1_SP00049" HPOS="493" VPOS="1223" WIDTH="45"/>
						<String ID="P1_ST00058" HPOS="538" VPOS="1173" WIDTH="558" HEIGHT="48" CONTENT="Unterhaltungsblatt" WC="0.99" CC="060596040570467005"/>
						<SP ID="P1_SP00050" HPOS="1096" VPOS="1223" WIDTH="30"/>
						<String ID="P1_ST00059" HPOS="1126" VPOS="1174" WIDTH="159" HEIGHT="49" CONTENT="(Berlin," WC="0.98" CC="30066474"/>
						<SP ID="P1_SP00051" HPOS="1285" VPOS="1223" WIDTH="32"/>
						<String ID="P1_ST00060" HPOS="1317" VPOS="1174" WIDTH="209" HEIGHT="37" CONTENT="Geschenk" WC="0.98" CC="65406060"/>
						<SP ID="P1_SP00052" HPOS="1526" VPOS="1223" WIDTH="32"/>
						<String ID="P1_ST00061" HPOS="1558" VPOS="1174" WIDTH="55" HEIGHT="38" CONTENT="Sr." WC="0.39" CC="764"/>
						<SP ID="P1_SP00053" HPOS="1613" VPOS="1223" WIDTH="30"/>
						<String ID="P1_ST00062" HPOS="1643" VPOS="1174" WIDTH="189" HEIGHT="47" CONTENT="Majestät" WC="1.00" CC="00050050"/>
						<SP ID="P1_SP00054" HPOS="1832" VPOS="1223" WIDTH="28"/>
						<String ID="P1_ST00063" HPOS="1860" VPOS="1173" WIDTH="66" HEIGHT="36" CONTENT="des" WC="0.99" CC="020"/>
						<SP ID="P1_SP00055" HPOS="1926" VPOS="1223" WIDTH="30"/>
						<String ID="P1_ST00064" HPOS="1956" VPOS="1173" WIDTH="165" HEIGHT="48" CONTENT="Königs," WC="0.98" CC="0566071"/>
						<SP ID="P1_SP00056" HPOS="2121" VPOS="1223" WIDTH="31"/>
						<String ID="P1_ST00065" HPOS="2152" VPOS="1173" WIDTH="429" HEIGHT="47" CONTENT="Benefiz-Vorstellung" WC="0.99" CC="3231330464500034679"/>
						<SP ID="P1_SP00057" HPOS="2581" VPOS="1223" WIDTH="29"/>
						<String ID="P1_ST00066" HPOS="2610" VPOS="1185" WIDTH="90" HEIGHT="24" CONTENT="zum" WC="0.97" CC="062"/>
						<SP ID="P1_SP00058" HPOS="2700" VPOS="1223" WIDTH="28"/>
						<String ID="P1_ST00067" HPOS="2728" VPOS="1173" WIDTH="144" HEIGHT="36" CONTENT="Besten" WC="0.99" CC="600007"/>
						<SP ID="P1_SP00059" HPOS="2872" VPOS="1223" WIDTH="30"/>
						<String ID="P1_ST00068" HPOS="2902" VPOS="1171" WIDTH="68" HEIGHT="37" CONTENT="des" WC="0.97" CC="051"/>
						<SP ID="P1_SP00060" HPOS="2970" VPOS="1223" WIDTH="30"/>
						<String ID="P1_ST00069" HPOS="3000" VPOS="1169" WIDTH="270" HEIGHT="38" CONTENT="Weber-Denk" SUBS_TYPE="HypPart1" SUBS_CONTENT="Weber-Denkmals" WC="0.99" CC="5070147497"/>
						<HYP HPOS="3270" VPOS="1169" WIDTH="27" CONTENT="-"/>
					</TextLine>
					<TextLine ID="P1_TL00010" HPOS="72" VPOS="1234" WIDTH="1051" HEIGHT="51">
						<String ID="P1_ST00070" HPOS="72" VPOS="1238" WIDTH="97" HEIGHT="36" CONTENT="mals" SUBS_TYPE="HypPart2" SUBS_CONTENT="Weber-Denkmals" WC="0.95" CC="5942"/>
						<SP ID="P1_SP00061" HPOS="169" VPOS="1274" WIDTH="110"/>
						<String ID="P1_ST00071" HPOS="279" VPOS="1234" WIDTH="199" HEIGHT="38" CONTENT="Deutsche" WC="0.99" CC="01600670"/>
						<SP ID="P1_SP00062" HPOS="478" VPOS="1274" WIDTH="29"/>
						<String ID="P1_ST00072" HPOS="507" VPOS="1235" WIDTH="202" HEIGHT="46" CONTENT="Tonhalle," WC="0.99" CC="362704244"/>
						<SP ID="P1_SP00063" HPOS="709" VPOS="1281" WIDTH="27"/>
						<String ID="P1_ST00073" HPOS="736" VPOS="1237" WIDTH="387" HEIGHT="48" CONTENT="Preis-Ertheilung)." WC="0.60" CC="556034290704566003"/>
					</TextLine>
				</TextBlock>
				<TextBlock ID="P1_TB00006" HPOS="178" VPOS="1048" WIDTH="227" HEIGHT="42" STYLEREFS="TXT_7 PAR_LEFT">
					<TextLine ID="P1_TL00011" HPOS="184" VPOS="1050" WIDTH="220" HEIGHT="38">
						<String ID="P1_ST00074" HPOS="184" VPOS="1050" WIDTH="220" HEIGHT="38" CONTENT="Inhalt." WC="0.96" CC="7877784"/>
					</TextLine>
				</TextBlock>
				<TextBlock ID="P1_TB00007" HPOS="339" VPOS="1468" WIDTH="1038" HEIGHT="66" STYLEREFS="TXT_0 PAR_LEFT">
					<TextLine ID="P1_TL00012" HPOS="339" VPOS="1470" WIDTH="1036" HEIGHT="62">
						<String ID="P1_ST00075" HPOS="339" VPOS="1470" WIDTH="102" HEIGHT="58" CONTENT="Das" WC="0.95" CC="362"/>
						<SP ID="P1_SP00064" HPOS="441" VPOS="1528" WIDTH="38"/>
						<String ID="P1_ST00076" HPOS="479" VPOS="1471" WIDTH="81" HEIGHT="58" CONTENT="36." WC="0.59" CC="227"/>
						<SP ID="P1_SP00065" HPOS="560" VPOS="1529" WIDTH="40"/>
						<String ID="P1_ST00077" HPOS="600" VPOS="1471" WIDTH="448" HEIGHT="61" CONTENT="niederrheinische" WC="0.98" CC="7060521710713660"/>
						<SP ID="P1_SP00066" HPOS="1048" VPOS="1532" WIDTH="39"/>
						<String ID="P1_ST00078" HPOS="1087" VPOS="1471" WIDTH="288" HEIGHT="60" CONTENT="Musikfest." WC="1.00" CC="6710600054"/>
					</TextLine>
				</TextBlock>
				<TextBlock ID="P1_TB00008" HPOS="822" VPOS="1600" WIDTH="82" HEIGHT="52" STYLEREFS="TXT_8 PAR_LEFT">
					<TextLine ID="P1_TL00013" HPOS="824" VPOS="1602" WIDTH="79" HEIGHT="48">
						<String ID="P1_ST00079" HPOS="824" VPOS="1602" WIDTH="79" HEIGHT="48" CONTENT="III." WC="1.00" CC="0003"/>
					</TextLine>
				</TextBlock>
				<TextBlock ID="P1_TB00009" HPOS="573" VPOS="1713" WIDTH="585" HEIGHT="48" STYLEREFS="TXT_9 PAR_LEFT">
					<TextLine ID="P1_TL00014" HPOS="574" VPOS="1714" WIDTH="584" HEIGHT="47">
						<String ID="P1_ST00080" HPOS="574" VPOS="1717" WIDTH="48" HEIGHT="44" CONTENT="(I." WC="0.52" CC="733"/>
						<SP ID="P1_SP00067" HPOS="622" VPOS="1761" WIDTH="32"/>
						<String ID="P1_ST00081" HPOS="654" VPOS="1728" WIDTH="29" HEIGHT="27" CONTENT="s." WC="0.52" CC="72"/>
						<SP ID="P1_SP00068" HPOS="683" VPOS="1761" WIDTH="32"/>
						<String ID="P1_ST00082" HPOS="715" VPOS="1717" WIDTH="66" HEIGHT="36" CONTENT="Nr." WC="0.93" CC="664"/>
						<SP ID="P1_SP00069" HPOS="781" VPOS="1761" WIDTH="30"/>
						<String ID="P1_ST00083" HPOS="811" VPOS="1718" WIDTH="60" HEIGHT="35" CONTENT="23." WC="0.67" CC="045"/>
						<SP ID="P1_SP00070" HPOS="871" VPOS="1761" WIDTH="30"/>
						<String ID="P1_ST00084" HPOS="901" VPOS="1714" WIDTH="51" HEIGHT="39" CONTENT="11." WC="0.99" CC="002"/>
						<SP ID="P1_SP00071" HPOS="952" VPOS="1761" WIDTH="29"/>
						<String ID="P1_ST00085" HPOS="981" VPOS="1715" WIDTH="65" HEIGHT="37" CONTENT="Nr." WC="0.95" CC="264"/>
						<SP ID="P1_SP00072" HPOS="1046" VPOS="1761" WIDTH="32"/>
						<String ID="P1_ST00086" HPOS="1078" VPOS="1717" WIDTH="80" HEIGHT="44" CONTENT="24.)" WC="0.66" CC="0507"/>
					</TextLine>
				</TextBlock>
				<TextBlock ID="P1_TB00010" HPOS="80" VPOS="1800" WIDTH="1575" HEIGHT="2455" STYLEREFS="TXT_10 PAR_BLOCK">
					<TextLine ID="P1_TL00015" HPOS="200" VPOS="1800" WIDTH="1448" HEIGHT="68">
						<String ID="P1_ST00087" HPOS="200" VPOS="1804" WIDTH="102" HEIGHT="52" CONTENT="Auf" WC="0.95" CC="806"/>
						<SP ID="P1_SP00073" HPOS="302" VPOS="1856" WIDTH="24"/>
						<String ID="P1_ST00088" HPOS="326" VPOS="1804" WIDTH="167" HEIGHT="49" CONTENT="Bach's" WC="0.69" CC="660104"/>
						<SP ID="P1_SP00074" HPOS="493" VPOS="1856" WIDTH="477"/>
						<String ID="P1_ST00089" HPOS="970" VPOS="1802" WIDTH="146" HEIGHT="52" CONTENT="Credo" WC="0.97" CC="66415" STYLEREFS="TXT_11"/>
						<SP ID="P1_SP00075" HPOS="1116" VPOS="1856" WIDTH="-404"/>
						<String ID="P1_ST00090" HPOS="712" VPOS="1802" WIDTH="176" HEIGHT="66" CONTENT="folgten" WC="0.98" CC="4666550"/>
						<SP ID="P1_SP00076" HPOS="1116" VPOS="1868" WIDTH="-198"/>
						<String ID="P1_ST00091" HPOS="918" VPOS="1802" WIDTH="180" HEIGHT="49" CONTENT="Scenen" WC="0.64" CC="302346"/>
						<SP ID="P1_SP00077" HPOS="1116" VPOS="1868" WIDTH="27"/>
						<String ID="P1_ST00092" HPOS="1143" VPOS="1818" WIDTH="84" HEIGHT="33" CONTENT="aus" WC="0.97" CC="610"/>
						<SP ID="P1_SP00078" HPOS="1227" VPOS="1868" WIDTH="43"/>
						<String ID="P1_ST00093" HPOS="1270" VPOS="1800" WIDTH="84" HEIGHT="49" CONTENT="der" WC="0.94" CC="950"/>
						<SP ID="P1_SP00079" HPOS="1354" VPOS="1868" WIDTH="30"/>
						<String ID="P1_ST00094" HPOS="1384" VPOS="1801" WIDTH="132" HEIGHT="66" CONTENT="Oper" WC="0.96" CC="5605"/>
						<SP ID="P1_SP00080" HPOS="1516" VPOS="1868" WIDTH="32"/>
						<String ID="P1_ST00095" HPOS="1548" VPOS="1800" WIDTH="37" HEIGHT="49" CONTENT="A" WC="0.29" CC="7"/>
						<SP ID="P1_SP00081" HPOS="1585" VPOS="1868" WIDTH="19"/>
						<String ID="P1_ST00096" HPOS="1604" VPOS="1818" WIDTH="22" HEIGHT="30" CONTENT="r" SUBS_TYPE="HypPart1" SUBS_CONTENT="rmide" WC="0.93" CC="0"/>
						<HYP HPOS="1626" VPOS="1818" WIDTH="22" CONTENT="-"/>
					</TextLine>
					<TextLine ID="P1_TL00016" HPOS="82" VPOS="1880" WIDTH="1568" HEIGHT="66">
						<String ID="P1_ST00097" HPOS="82" VPOS="1884" WIDTH="149" HEIGHT="49" CONTENT="mide" SUBS_TYPE="HypPart2" SUBS_CONTENT="rmide" WC="0.86" CC="5000"/>
						<SP ID="P1_SP00082" HPOS="231" VPOS="1933" WIDTH="39"/>
						<String ID="P1_ST00098" HPOS="270" VPOS="1900" WIDTH="87" HEIGHT="33" CONTENT="von" WC="1.00" CC="000"/>
						<SP ID="P1_SP00083" HPOS="357" VPOS="1933" WIDTH="43"/>
						<String ID="P1_ST00099" HPOS="400" VPOS="1881" WIDTH="195" HEIGHT="51" CONTENT="Gluck." WC="0.98" CC="602024"/>
						<SP ID="P1_SP00084" HPOS="595" VPOS="1933" WIDTH="59"/>
						<String ID="P1_ST00100" HPOS="654" VPOS="1881" WIDTH="89" HEIGHT="51" CONTENT="Die" WC="0.98" CC="410"/>
						<SP ID="P1_SP00085" HPOS="743" VPOS="1933" WIDTH="29"/>
						<String ID="P1_ST00101" HPOS="772" VPOS="1881" WIDTH="226" HEIGHT="50" CONTENT="Auswahl" WC="0.99" CC="0071100"/>
						<SP ID="P1_SP00086" HPOS="998" VPOS="1933" WIDTH="33"/>
						<String ID="P1_ST00102" HPOS="1031" VPOS="1880" WIDTH="95" HEIGHT="49" CONTENT="und" WC="0.98" CC="060"/>
						<SP ID="P1_SP00087" HPOS="1126" VPOS="1933" WIDTH="35"/>
						<String ID="P1_ST00103" HPOS="1161" VPOS="1880" WIDTH="489" HEIGHT="66" CONTENT="Zusammenstellung" WC="1.00" CC="0512030000342402"/>
					</TextLine>
					<TextLine ID="P1_TL00017" HPOS="81" VPOS="1959" WIDTH="1567" HEIGHT="71">
						<String ID="P1_ST00104" HPOS="81" VPOS="1964" WIDTH="245" HEIGHT="49" CONTENT="derselben" WC="0.99" CC="900007300"/>
						<SP ID="P1_SP00088" HPOS="326" VPOS="2013" WIDTH="32"/>
						<String ID="P1_ST00105" HPOS="358" VPOS="1962" WIDTH="93" HEIGHT="68" CONTENT="gab" WC="0.92" CC="975"/>
						<SP ID="P1_SP00089" HPOS="451" VPOS="2030" WIDTH="30"/>
						<String ID="P1_ST00106" HPOS="481" VPOS="1962" WIDTH="89" HEIGHT="50" CONTENT="den" WC="0.96" CC="900"/>
						<SP ID="P1_SP00090" HPOS="570" VPOS="2030" WIDTH="32"/>
						<String ID="P1_ST00107" HPOS="602" VPOS="1961" WIDTH="326" HEIGHT="51" CONTENT="wesentlichen" WC="1.00" CC="604000000006"/>
						<SP ID="P1_SP00091" HPOS="928" VPOS="2030" WIDTH="24"/>
						<String ID="P1_ST00108" HPOS="952" VPOS="1961" WIDTH="154" HEIGHT="48" CONTENT="Inhalt" WC="0.98" CC="650720"/>
						<SP ID="P1_SP00092" HPOS="1106" VPOS="2030" WIDTH="28"/>
						<String ID="P1_ST00109" HPOS="1134" VPOS="1959" WIDTH="85" HEIGHT="50" CONTENT="der" WC="1.00" CC="000"/>
						<SP ID="P1_SP00093" HPOS="1219" VPOS="2030" WIDTH="20"/>
						<String ID="P1_ST00110" HPOS="1239" VPOS="1960" WIDTH="135" HEIGHT="66" CONTENT="Oper" WC="0.98" CC="5301"/>
						<SP ID="P1_SP00094" HPOS="1374" VPOS="2030" WIDTH="20"/>
						<String ID="P1_ST00111" HPOS="1394" VPOS="1978" WIDTH="52" HEIGHT="30" CONTENT="zu" WC="0.40" CC="64"/>
						<SP ID="P1_SP00095" HPOS="1446" VPOS="2030" WIDTH="35"/>
						<String ID="P1_ST00112" HPOS="1481" VPOS="1959" WIDTH="140" HEIGHT="49" CONTENT="erken" SUBS_TYPE="HypPart1" SUBS_CONTENT="erkennen" WC="0.99" CC="02006"/>
						<HYP HPOS="1621" VPOS="1959" WIDTH="27" CONTENT="-"/>
					</TextLine>
					<TextLine ID="P1_TL00018" HPOS="81" VPOS="2037" WIDTH="1569" HEIGHT="58">
						<String ID="P1_ST00113" HPOS="81" VPOS="2060" WIDTH="90" HEIGHT="35" CONTENT="nen" SUBS_TYPE="HypPart2" SUBS_CONTENT="erkennen" WC="0.98" CC="040"/>
						<SP ID="P1_SP00096" HPOS="171" VPOS="2095" WIDTH="45"/>
						<String ID="P1_ST00114" HPOS="216" VPOS="2041" WIDTH="95" HEIGHT="51" CONTENT="und" WC="0.97" CC="700"/>
						<SP ID="P1_SP00097" HPOS="311" VPOS="2095" WIDTH="44"/>
						<String ID="P1_ST00115" HPOS="355" VPOS="2041" WIDTH="193" HEIGHT="50" CONTENT="enthielt" WC="0.99" CC="57000060"/>
						<SP ID="P1_SP00098" HPOS="548" VPOS="2095" WIDTH="41"/>
						<String ID="P1_ST00116" HPOS="589" VPOS="2041" WIDTH="125" HEIGHT="50" CONTENT="wohl" WC="1.00" CC="0000"/>
						<SP ID="P1_SP00099" HPOS="714" VPOS="2095" WIDTH="31"/>
						<String ID="P1_ST00117" HPOS="745" VPOS="2040" WIDTH="121" HEIGHT="49" CONTENT="auch" WC="0.99" CC="0600"/>
						<SP ID="P1_SP00100" HPOS="866" VPOS="2095" WIDTH="30"/>
						<String ID="P1_ST00118" HPOS="896" VPOS="2040" WIDTH="73" HEIGHT="49" CONTENT="die" WC="0.98" CC="050"/>
						<SP ID="P1_SP00101" HPOS="969" VPOS="2095" WIDTH="29"/>
						<String ID="P1_ST00119" HPOS="998" VPOS="2040" WIDTH="246" HEIGHT="49" CONTENT="schönsten" WC="0.99" CC="400720600"/>
						<SP ID="P1_SP00102" HPOS="1244" VPOS="2095" WIDTH="30"/>
						<String ID="P1_ST00120" HPOS="1274" VPOS="2040" WIDTH="265" HEIGHT="48" CONTENT="Nummern" WC="1.00" CC="6000000"/>
						<SP ID="P1_SP00103" HPOS="1539" VPOS="2095" WIDTH="29"/>
						<String ID="P1_ST00121" HPOS="1568" VPOS="2037" WIDTH="82" HEIGHT="50" CONTENT="des" WC="0.96" CC="009"/>
					</TextLine>
					<TextLine ID="P1_TL00019" HPOS="84" VPOS="2116" WIDTH="1566" HEIGHT="62">
						<String ID="P1_ST00122" HPOS="84" VPOS="2122" WIDTH="232" HEIGHT="51" CONTENT="Werkes:" WC="1.00" CC="2000013"/>
						<SP ID="P1_SP00104" HPOS="316" VPOS="2173" WIDTH="32"/>
						<String ID="P1_ST00123" HPOS="348" VPOS="2121" WIDTH="90" HEIGHT="50" CONTENT="Act" WC="0.98" CC="400"/>
						<SP ID="P1_SP00105" HPOS="438" VPOS="2173" WIDTH="27"/>
						<String ID="P1_ST00124" HPOS="465" VPOS="2121" WIDTH="57" HEIGHT="48" CONTENT="IL" WC="0.35" CC="57"/>
						<SP ID="P1_SP00106" HPOS="522" VPOS="2173" WIDTH="29"/>
						<String ID="P1_ST00125" HPOS="551" VPOS="2121" WIDTH="85" HEIGHT="50" CONTENT="Nr." WC="0.97" CC="404"/>
						<SP ID="P1_SP00107" HPOS="636" VPOS="2173" WIDTH="31"/>
						<String ID="P1_ST00126" HPOS="667" VPOS="2120" WIDTH="52" HEIGHT="58" CONTENT="2," WC="1.00" CC="00"/>
						<SP ID="P1_SP00108" HPOS="719" VPOS="2178" WIDTH="42"/>
						<String ID="P1_ST00127" HPOS="761" VPOS="2121" WIDTH="148" HEIGHT="48" CONTENT="Duett" WC="0.98" CC="65000"/>
						<SP ID="P1_SP00109" HPOS="909" VPOS="2178" WIDTH="39"/>
						<String ID="P1_ST00128" HPOS="948" VPOS="2119" WIDTH="229" HEIGHT="49" CONTENT="zwischen" WC="0.99" CC="40440100"/>
						<SP ID="P1_SP00110" HPOS="1177" VPOS="2178" WIDTH="31"/>
						<String ID="P1_ST00129" HPOS="1208" VPOS="2117" WIDTH="194" HEIGHT="51" CONTENT="Armide" WC="0.99" CC="015000"/>
						<SP ID="P1_SP00111" HPOS="1402" VPOS="2178" WIDTH="35"/>
						<String ID="P1_ST00130" HPOS="1437" VPOS="2116" WIDTH="98" HEIGHT="51" CONTENT="und" WC="0.96" CC="470"/>
						<SP ID="P1_SP00112" HPOS="1535" VPOS="2178" WIDTH="28"/>
						<String ID="P1_ST00131" HPOS="1563" VPOS="2117" WIDTH="58" HEIGHT="50" CONTENT="Hi" SUBS_TYPE="HypPart1" SUBS_CONTENT="Hidraot" WC="0.42" CC="75"/>
						<HYP HPOS="1621" VPOS="2117" WIDTH="29" CONTENT="-"/>
					</TextLine>
					<TextLine ID="P1_TL00020" HPOS="84" VPOS="2197" WIDTH="1568" HEIGHT="72">
						<String ID="P1_ST00132" HPOS="84" VPOS="2202" WIDTH="137" HEIGHT="51" CONTENT="draot" SUBS_TYPE="HypPart2" SUBS_CONTENT="Hidraot" WC="1.00" CC="00000"/>
						<SP ID="P1_SP00113" HPOS="221" VPOS="2253" WIDTH="30"/>
						<String ID="P1_ST00133" HPOS="251" VPOS="2200" WIDTH="164" HEIGHT="69" CONTENT="(Bass)." WC="0.62" CC="6700074"/>
						<SP ID="P1_SP00114" HPOS="415" VPOS="2269" WIDTH="23"/>
						<String ID="P1_ST00134" HPOS="438" VPOS="2202" WIDTH="84" HEIGHT="49" CONTENT="Nr." WC="0.99" CC="003"/>
						<SP ID="P1_SP00115" HPOS="522" VPOS="2269" WIDTH="34"/>
						<String ID="P1_ST00135" HPOS="556" VPOS="2200" WIDTH="51" HEIGHT="57" CONTENT="3," WC="0.53" CC="62"/>
						<SP ID="P1_SP00116" HPOS="607" VPOS="2269" WIDTH="32"/>
						<String ID="P1_ST00136" HPOS="639" VPOS="2200" WIDTH="297" HEIGHT="49" CONTENT="Tenor-Arie" WC="1.00" CC="0000020000"/>
						<SP ID="P1_SP00117" HPOS="936" VPOS="2269" WIDTH="32"/>
						<String ID="P1_ST00137" HPOS="968" VPOS="2197" WIDTH="251" HEIGHT="68" CONTENT="(Rinaldo)." WC="0.51" CC="6626228363"/>
						<SP ID="P1_SP00118" HPOS="1219" VPOS="2269" WIDTH="46"/>
						<String ID="P1_ST00138" HPOS="1265" VPOS="2199" WIDTH="89" HEIGHT="48" CONTENT="Act" WC="0.99" CC="002"/>
						<SP ID="P1_SP00119" HPOS="1354" VPOS="2269" WIDTH="21"/>
						<String ID="P1_ST00139" HPOS="1375" VPOS="2199" WIDTH="79" HEIGHT="48" CONTENT="111." WC="0.96" CC="4560"/>
						<SP ID="P1_SP00120" HPOS="1454" VPOS="2269" WIDTH="29"/>
						<String ID="P1_ST00140" HPOS="1483" VPOS="2199" WIDTH="85" HEIGHT="48" CONTENT="Nr." WC="0.98" CC="004"/>
						<SP ID="P1_SP00121" HPOS="1568" VPOS="2269" WIDTH="37"/>
						<String ID="P1_ST00141" HPOS="1605" VPOS="2197" WIDTH="47" HEIGHT="56" CONTENT="1," WC="0.77" CC="40"/>
					</TextLine>
					<TextLine ID="P1_TL00021" HPOS="82" VPOS="2275" WIDTH="1571" HEIGHT="56">
						<String ID="P1_ST00142" HPOS="82" VPOS="2281" WIDTH="113" HEIGHT="50" CONTENT="Arie" WC="1.00" CC="0000"/>
						<SP ID="P1_SP00122" HPOS="195" VPOS="2331" WIDTH="30"/>
						<String ID="P1_ST00143" HPOS="225" VPOS="2280" WIDTH="86" HEIGHT="49" CONTENT="der" WC="0.96" CC="900"/>
						<SP ID="P1_SP00123" HPOS="311" VPOS="2331" WIDTH="28"/>
						<String ID="P1_ST00144" HPOS="339" VPOS="2280" WIDTH="209" HEIGHT="49" CONTENT="Armide." WC="0.99" CC="0000903"/>
						<SP ID="P1_SP00124" HPOS="548" VPOS="2331" WIDTH="51"/>
						<String ID="P1_ST00145" HPOS="599" VPOS="2281" WIDTH="142" HEIGHT="48" CONTENT="Dann" WC="0.97" CC="6043"/>
						<SP ID="P1_SP00125" HPOS="741" VPOS="2331" WIDTH="31"/>
						<String ID="P1_ST00146" HPOS="772" VPOS="2279" WIDTH="188" HEIGHT="49" CONTENT="Schluss" WC="0.70" CC="3050740"/>
						<SP ID="P1_SP00126" HPOS="960" VPOS="2331" WIDTH="29"/>
						<String ID="P1_ST00147" HPOS="989" VPOS="2277" WIDTH="81" HEIGHT="50" CONTENT="des" WC="0.98" CC="004"/>
						<SP ID="P1_SP00127" HPOS="1070" VPOS="2331" WIDTH="30"/>
						<String ID="P1_ST00148" HPOS="1100" VPOS="2276" WIDTH="247" HEIGHT="51" CONTENT="Recitativs" WC="0.78" CC="6000040054"/>
						<SP ID="P1_SP00128" HPOS="1347" VPOS="2331" WIDTH="31"/>
						<String ID="P1_ST00149" HPOS="1378" VPOS="2277" WIDTH="82" HEIGHT="49" CONTENT="Nr." WC="0.98" CC="400"/>
						<SP ID="P1_SP00129" HPOS="1460" VPOS="2331" WIDTH="33"/>
						<String ID="P1_ST00150" HPOS="1493" VPOS="2276" WIDTH="31" HEIGHT="50" CONTENT="2" WC="1.00" CC="0"/>
						<SP ID="P1_SP00130" HPOS="1524" VPOS="2331" WIDTH="33"/>
						<String ID="P1_ST00151" HPOS="1557" VPOS="2275" WIDTH="96" HEIGHT="51" CONTENT="und" WC="0.98" CC="400"/>
					</TextLine>
					<TextLine ID="P1_TL00022" HPOS="84" VPOS="2356" WIDTH="1568" HEIGHT="70">
						<String ID="P1_ST00152" HPOS="84" VPOS="2361" WIDTH="109" HEIGHT="50" CONTENT="alles" WC="0.98" CC="06301"/>
						<SP ID="P1_SP00131" HPOS="193" VPOS="2411" WIDTH="30"/>
						<String ID="P1_ST00153" HPOS="223" VPOS="2357" WIDTH="240" HEIGHT="69" CONTENT="Folgende" WC="1.00" CC="05200000"/>
						<SP ID="P1_SP00132" HPOS="463" VPOS="2426" WIDTH="30"/>
						<String ID="P1_ST00154" HPOS="493" VPOS="2359" WIDTH="80" HEIGHT="49" CONTENT="des" WC="1.00" CC="001"/>
						<SP ID="P1_SP00133" HPOS="573" VPOS="2426" WIDTH="24"/>
						<String ID="P1_ST00155" HPOS="597" VPOS="2360" WIDTH="77" HEIGHT="48" CONTENT="111." WC="0.37" CC="5774"/>
						<SP ID="P1_SP00134" HPOS="674" VPOS="2426" WIDTH="26"/>
						<String ID="P1_ST00156" HPOS="700" VPOS="2359" WIDTH="139" HEIGHT="49" CONTENT="Actes" WC="1.00" CC="00030"/>
						<SP ID="P1_SP00135" HPOS="839" VPOS="2426" WIDTH="31"/>
						<String ID="P1_ST00157" HPOS="870" VPOS="2357" WIDTH="68" HEIGHT="50" CONTENT="bis" WC="0.94" CC="736"/>
						<SP ID="P1_SP00136" HPOS="938" VPOS="2426" WIDTH="28"/>
						<String ID="P1_ST00158" HPOS="966" VPOS="2375" WIDTH="106" HEIGHT="32" CONTENT="zum" WC="0.97" CC="330"/>
						<SP ID="P1_SP00137" HPOS="1072" VPOS="2426" WIDTH="24"/>
						<String ID="P1_ST00159" HPOS="1096" VPOS="2357" WIDTH="162" HEIGHT="49" CONTENT="Finale" WC="0.99" CC="300600"/>
						<SP ID="P1_SP00138" HPOS="1258" VPOS="2426" WIDTH="23"/>
						<String ID="P1_ST00160" HPOS="1281" VPOS="2356" WIDTH="371" HEIGHT="50" CONTENT="einschliesslich." WC="1.00" CC="0070006300600044"/>
					</TextLine>
					<TextLine ID="P1_TL00023" HPOS="206" VPOS="2435" WIDTH="1445" HEIGHT="70">
						<String ID="P1_ST00161" HPOS="206" VPOS="2440" WIDTH="86" HEIGHT="49" CONTENT="Die" WC="0.96" CC="054"/>
						<SP ID="P1_SP00139" HPOS="292" VPOS="2489" WIDTH="18"/>
						<String ID="P1_ST00162" HPOS="310" VPOS="2439" WIDTH="317" HEIGHT="66" CONTENT="Ausführung" WC="0.99" CC="0320010209"/>
						<SP ID="P1_SP00140" HPOS="627" VPOS="2505" WIDTH="31"/>
						<String ID="P1_ST00163" HPOS="658" VPOS="2455" WIDTH="99" HEIGHT="33" CONTENT="war" WC="1.00" CC="000"/>
						<SP ID="P1_SP00141" HPOS="757" VPOS="2505" WIDTH="29"/>
						<String ID="P1_ST00164" HPOS="786" VPOS="2437" WIDTH="62" HEIGHT="50" CONTENT="im" WC="1.00" CC="00"/>
						<SP ID="P1_SP00142" HPOS="848" VPOS="2505" WIDTH="27"/>
						<String ID="P1_ST00165" HPOS="875" VPOS="2439" WIDTH="189" HEIGHT="48" CONTENT="Ganzen" WC="0.98" CC="645504"/>
						<SP ID="P1_SP00143" HPOS="1064" VPOS="2505" WIDTH="31"/>
						<String ID="P1_ST00166" HPOS="1095" VPOS="2444" WIDTH="85" HEIGHT="59" CONTENT="gut" WC="0.98" CC="050"/>
						<SP ID="P1_SP00144" HPOS="1180" VPOS="2505" WIDTH="28"/>
						<String ID="P1_ST00167" HPOS="1208" VPOS="2435" WIDTH="95" HEIGHT="51" CONTENT="und" WC="0.98" CC="230"/>
						<SP ID="P1_SP00145" HPOS="1303" VPOS="2505" WIDTH="29"/>
						<String ID="P1_ST00168" HPOS="1332" VPOS="2436" WIDTH="91" HEIGHT="50" CONTENT="rief" WC="1.00" CC="1000"/>
						<SP ID="P1_SP00146" HPOS="1423" VPOS="2505" WIDTH="25"/>
						<String ID="P1_ST00169" HPOS="1448" VPOS="2436" WIDTH="72" HEIGHT="50" CONTENT="bei" WC="0.98" CC="600"/>
						<SP ID="P1_SP00147" HPOS="1520" VPOS="2505" WIDTH="25"/>
						<String ID="P1_ST00170" HPOS="1545" VPOS="2435" WIDTH="106" HEIGHT="49" CONTENT="dem" WC="0.96" CC="900"/>
					</TextLine>
					<TextLine ID="P1_TL00024" HPOS="84" VPOS="2515" WIDTH="1567" HEIGHT="55">
						<String ID="P1_ST00171" HPOS="84" VPOS="2519" WIDTH="246" HEIGHT="51" CONTENT="Publicum" WC="0.99" CC="70500000"/>
						<SP ID="P1_SP00148" HPOS="330" VPOS="2570" WIDTH="34"/>
						<String ID="P1_ST00172" HPOS="364" VPOS="2517" WIDTH="337" HEIGHT="51" CONTENT="wiederholten" WC="1.00" CC="000000364000"/>
						<SP ID="P1_SP00149" HPOS="701" VPOS="2570" WIDTH="28"/>
						<String ID="P1_ST00173" HPOS="729" VPOS="2516" WIDTH="96" HEIGHT="51" CONTENT="und" WC="0.98" CC="500"/>
						<SP ID="P1_SP00150" HPOS="825" VPOS="2570" WIDTH="31"/>
						<String ID="P1_ST00174" HPOS="856" VPOS="2516" WIDTH="236" HEIGHT="50" CONTENT="lebhaften" WC="0.99" CC="205460000"/>
						<SP ID="P1_SP00151" HPOS="1092" VPOS="2570" WIDTH="32"/>
						<String ID="P1_ST00175" HPOS="1124" VPOS="2516" WIDTH="161" HEIGHT="48" CONTENT="Beifall" WC="0.99" CC="7000500"/>
						<SP ID="P1_SP00152" HPOS="1285" VPOS="2570" WIDTH="38"/>
						<String ID="P1_ST00176" HPOS="1323" VPOS="2515" WIDTH="180" HEIGHT="49" CONTENT="hervor." WC="0.99" CC="3010264"/>
						<SP ID="P1_SP00153" HPOS="1503" VPOS="2570" WIDTH="51"/>
						<String ID="P1_ST00177" HPOS="1554" VPOS="2516" WIDTH="65" HEIGHT="48" CONTENT="Un" SUBS_TYPE="HypPart1" SUBS_CONTENT="Unserem" WC="0.96" CC="27"/>
						<HYP HPOS="1619" VPOS="2516" WIDTH="32" CONTENT="-"/>
					</TextLine>
					<TextLine ID="P1_TL00025" HPOS="82" VPOS="2594" WIDTH="1566" HEIGHT="68">
						<String ID="P1_ST00178" HPOS="82" VPOS="2616" WIDTH="150" HEIGHT="32" CONTENT="serem" SUBS_TYPE="HypPart2" SUBS_CONTENT="Unserem" WC="0.96" CC="76518"/>
						<SP ID="P1_SP00154" HPOS="232" VPOS="2648" WIDTH="33"/>
						<String ID="P1_ST00179" HPOS="265" VPOS="2597" WIDTH="181" HEIGHT="53" CONTENT="Urtheil" WC="0.94" CC="2000000"/>
						<SP ID="P1_SP00155" HPOS="446" VPOS="2650" WIDTH="30"/>
						<String ID="P1_ST00180" HPOS="476" VPOS="2597" WIDTH="119" HEIGHT="50" CONTENT="nach" WC="0.98" CC="4300"/>
						<SP ID="P1_SP00156" HPOS="595" VPOS="2650" WIDTH="30"/>
						<String ID="P1_ST00181" HPOS="625" VPOS="2614" WIDTH="101" HEIGHT="32" CONTENT="war" WC="0.98" CC="301"/>
						<SP ID="P1_SP00157" HPOS="726" VPOS="2650" WIDTH="28"/>
						<String ID="P1_ST00182" HPOS="754" VPOS="2596" WIDTH="65" HEIGHT="48" CONTENT="sie" WC="0.99" CC="002"/>
						<SP ID="P1_SP00158" HPOS="819" VPOS="2650" WIDTH="24"/>
						<String ID="P1_ST00183" HPOS="843" VPOS="2595" WIDTH="169" HEIGHT="67" CONTENT="jedoch" WC="0.99" CC="200505"/>
						<SP ID="P1_SP00159" HPOS="1012" VPOS="2662" WIDTH="33"/>
						<String ID="P1_ST00184" HPOS="1045" VPOS="2594" WIDTH="74" HEIGHT="50" CONTENT="die" WC="0.98" CC="014"/>
						<SP ID="P1_SP00160" HPOS="1119" VPOS="2662" WIDTH="29"/>
						<String ID="P1_ST00185" HPOS="1148" VPOS="2594" WIDTH="287" HEIGHT="49" CONTENT="schwächste" WC="1.00" CC="0000014000"/>
						<SP ID="P1_SP00161" HPOS="1435" VPOS="2662" WIDTH="29"/>
						<String ID="P1_ST00186" HPOS="1464" VPOS="2610" WIDTH="89" HEIGHT="33" CONTENT="von" WC="0.98" CC="005"/>
						<SP ID="P1_SP00162" HPOS="1553" VPOS="2662" WIDTH="29"/>
						<String ID="P1_ST00187" HPOS="1582" VPOS="2594" WIDTH="44" HEIGHT="49" CONTENT="al" SUBS_TYPE="HypPart1" SUBS_CONTENT="allen" WC="0.98" CC="60"/>
						<HYP HPOS="1626" VPOS="2594" WIDTH="22" CONTENT="-"/>
					</TextLine>
					<TextLine ID="P1_TL00026" HPOS="85" VPOS="2672" WIDTH="1565" HEIGHT="69">
						<String ID="P1_ST00188" HPOS="85" VPOS="2680" WIDTH="71" HEIGHT="48" CONTENT="len" SUBS_TYPE="HypPart2" SUBS_CONTENT="allen" WC="0.94" CC="574"/>
						<SP ID="P1_SP00163" HPOS="156" VPOS="2728" WIDTH="33"/>
						<String ID="P1_ST00189" HPOS="189" VPOS="2697" WIDTH="75" HEIGHT="31" CONTENT="am" WC="1.00" CC="00"/>
						<SP ID="P1_SP00164" HPOS="264" VPOS="2728" WIDTH="34"/>
						<String ID="P1_ST00190" HPOS="298" VPOS="2679" WIDTH="159" HEIGHT="56" CONTENT="Feste;" WC="0.99" CC="600000"/>
						<SP ID="P1_SP00165" HPOS="457" VPOS="2735" WIDTH="44"/>
						<String ID="P1_ST00191" HPOS="501" VPOS="2676" WIDTH="121" HEIGHT="51" CONTENT="denn" WC="1.00" CC="0000"/>
						<SP ID="P1_SP00166" HPOS="622" VPOS="2735" WIDTH="32"/>
						<String ID="P1_ST00192" HPOS="654" VPOS="2693" WIDTH="137" HEIGHT="33" CONTENT="wenn" WC="0.98" CC="0027"/>
						<SP ID="P1_SP00167" HPOS="791" VPOS="2735" WIDTH="43"/>
						<String ID="P1_ST00193" HPOS="834" VPOS="2676" WIDTH="170" HEIGHT="48" CONTENT="einmal" WC="0.98" CC="407005"/>
						<SP ID="P1_SP00168" HPOS="1004" VPOS="2735" WIDTH="31"/>
						<String ID="P1_ST00194" HPOS="1035" VPOS="2674" WIDTH="317" HEIGHT="67" CONTENT="Opernmusik" WC="0.99" CC="6601004500"/>
						<SP ID="P1_SP00169" HPOS="1352" VPOS="2741" WIDTH="32"/>
						<String ID="P1_ST00195" HPOS="1384" VPOS="2691" WIDTH="60" HEIGHT="32" CONTENT="an" WC="1.00" CC="00"/>
						<SP ID="P1_SP00170" HPOS="1444" VPOS="2741" WIDTH="28"/>
						<String ID="P1_ST00196" HPOS="1472" VPOS="2672" WIDTH="149" HEIGHT="51" CONTENT="Musik" SUBS_TYPE="HypPart1" SUBS_CONTENT="Musikfesten" WC="0.99" CC="06000"/>
						<HYP HPOS="1621" VPOS="2672" WIDTH="29" CONTENT="-"/>
					</TextLine>
					<TextLine ID="P1_TL00027" HPOS="86" VPOS="2751" WIDTH="1564" HEIGHT="74">
						<String ID="P1_ST00197" HPOS="86" VPOS="2759" WIDTH="144" HEIGHT="49" CONTENT="festen" SUBS_TYPE="HypPart2" SUBS_CONTENT="Musikfesten" WC="0.99" CC="100343"/>
						<SP ID="P1_SP00171" HPOS="230" VPOS="2808" WIDTH="31"/>
						<String ID="P1_ST00198" HPOS="261" VPOS="2756" WIDTH="276" HEIGHT="69" CONTENT="aufgeführt" WC="1.00" CC="0500000510"/>
						<SP ID="P1_SP00172" HPOS="537" VPOS="2825" WIDTH="30"/>
						<String ID="P1_ST00199" HPOS="567" VPOS="2755" WIDTH="191" HEIGHT="49" CONTENT="werden" WC="1.00" CC="004000"/>
						<SP ID="P1_SP00173" HPOS="758" VPOS="2825" WIDTH="29"/>
						<String ID="P1_ST00200" HPOS="787" VPOS="2755" WIDTH="102" HEIGHT="57" CONTENT="soll," WC="0.99" CC="00350"/>
						<SP ID="P1_SP00174" HPOS="889" VPOS="2825" WIDTH="43"/>
						<String ID="P1_ST00201" HPOS="932" VPOS="2771" WIDTH="49" HEIGHT="32" CONTENT="so" WC="0.51" CC="44"/>
						<SP ID="P1_SP00175" HPOS="981" VPOS="2825" WIDTH="44"/>
						<String ID="P1_ST00202" HPOS="1025" VPOS="2754" WIDTH="209" HEIGHT="66" CONTENT="gehören" WC="0.99" CC="9056000"/>
						<SP ID="P1_SP00176" HPOS="1234" VPOS="2825" WIDTH="45"/>
						<String ID="P1_ST00203" HPOS="1279" VPOS="2751" WIDTH="117" HEIGHT="51" CONTENT="dazu" WC="0.99" CC="0060"/>
						<SP ID="P1_SP00177" HPOS="1396" VPOS="2825" WIDTH="43"/>
						<String ID="P1_ST00204" HPOS="1439" VPOS="2752" WIDTH="211" HEIGHT="49" CONTENT="wirklich" WC="1.00" CC="00000003"/>
					</TextLine>
					<TextLine ID="P1_TL00028" HPOS="86" VPOS="2831" WIDTH="1565" HEIGHT="74">
						<String ID="P1_ST00205" HPOS="86" VPOS="2854" WIDTH="159" HEIGHT="51" CONTENT="grosse" WC="0.97" CC="504990"/>
						<SP ID="P1_SP00178" HPOS="245" VPOS="2905" WIDTH="46"/>
						<String ID="P1_ST00206" HPOS="291" VPOS="2837" WIDTH="92" HEIGHT="50" CONTENT="und" WC="1.00" CC="000"/>
						<SP ID="P1_SP00179" HPOS="383" VPOS="2905" WIDTH="43"/>
						<String ID="P1_ST00207" HPOS="426" VPOS="2835" WIDTH="314" HEIGHT="51" CONTENT="vollkommen" WC="1.00" CC="0004000000"/>
						<SP ID="P1_SP00180" HPOS="740" VPOS="2905" WIDTH="43"/>
						<String ID="P1_ST00208" HPOS="783" VPOS="2832" WIDTH="233" HEIGHT="69" CONTENT="gebildete" WC="1.00" CC="004000003"/>
						<SP ID="P1_SP00181" HPOS="1016" VPOS="2905" WIDTH="44"/>
						<String ID="P1_ST00209" HPOS="1060" VPOS="2834" WIDTH="243" HEIGHT="49" CONTENT="Stimmen." WC="0.98" CC="53090454"/>
						<SP ID="P1_SP00182" HPOS="1303" VPOS="2905" WIDTH="42"/>
						<String ID="P1_ST00210" HPOS="1345" VPOS="2832" WIDTH="105" HEIGHT="50" CONTENT="Nur" WC="0.94" CC="726"/>
						<SP ID="P1_SP00183" HPOS="1450" VPOS="2905" WIDTH="43"/>
						<String ID="P1_ST00211" HPOS="1493" VPOS="2831" WIDTH="158" HEIGHT="50" CONTENT="solche" WC="0.99" CC="006004"/>
					</TextLine>
					<TextLine ID="P1_TL00029" HPOS="87" VPOS="2911" WIDTH="1566" HEIGHT="64">
						<String ID="P1_ST00212" HPOS="87" VPOS="2917" WIDTH="190" HEIGHT="51" CONTENT="können" WC="0.98" CC="005706"/>
						<SP ID="P1_SP00184" HPOS="277" VPOS="2968" WIDTH="44"/>
						<String ID="P1_ST00213" HPOS="321" VPOS="2917" WIDTH="72" HEIGHT="50" CONTENT="die" WC="1.00" CC="000"/>
						<SP ID="P1_SP00185" HPOS="393" VPOS="2968" WIDTH="36"/>
						<String ID="P1_ST00214" HPOS="429" VPOS="2917" WIDTH="184" HEIGHT="58" CONTENT="Action," WC="0.79" CC="3050300"/>
						<SP ID="P1_SP00186" HPOS="613" VPOS="2975" WIDTH="45"/>
						<String ID="P1_ST00215" HPOS="658" VPOS="2915" WIDTH="217" HEIGHT="51" CONTENT="Scenerie" WC="0.96" CC="02000000"/>
						<SP ID="P1_SP00187" HPOS="875" VPOS="2975" WIDTH="42"/>
						<String ID="P1_ST00216" HPOS="917" VPOS="2912" WIDTH="95" HEIGHT="51" CONTENT="und" WC="0.98" CC="500"/>
						<SP ID="P1_SP00188" HPOS="1012" VPOS="2975" WIDTH="46"/>
						<String ID="P1_ST00217" HPOS="1058" VPOS="2914" WIDTH="110" HEIGHT="49" CONTENT="alles" WC="0.99" CC="00306"/>
						<SP ID="P1_SP00189" HPOS="1168" VPOS="2975" WIDTH="29"/>
						<String ID="P1_ST00218" HPOS="1197" VPOS="2912" WIDTH="352" HEIGHT="50" CONTENT="Theatralische" WC="0.99" CC="0000069500056"/>
						<SP ID="P1_SP00190" HPOS="1549" VPOS="2975" WIDTH="41"/>
						<String ID="P1_ST00219" HPOS="1590" VPOS="2911" WIDTH="63" HEIGHT="50" CONTENT="im" WC="1.00" CC="00"/>
					</TextLine>
					<TextLine ID="P1_TL00030" HPOS="87" VPOS="2992" WIDTH="1568" HEIGHT="70">
						<String ID="P1_ST00220" HPOS="87" VPOS="2997" WIDTH="332" HEIGHT="50" CONTENT="Concertsaale" WC="0.81" CC="743000400001"/>
						<SP ID="P1_SP00191" HPOS="419" VPOS="3047" WIDTH="42"/>
						<String ID="P1_ST00221" HPOS="461" VPOS="3011" WIDTH="246" HEIGHT="51" CONTENT="vergessen" WC="1.00" CC="002000005"/>
						<SP ID="P1_SP00192" HPOS="707" VPOS="3062" WIDTH="45"/>
						<String ID="P1_ST00222" HPOS="752" VPOS="2995" WIDTH="214" HEIGHT="57" CONTENT="machen," WC="0.99" CC="0603043"/>
						<SP ID="P1_SP00193" HPOS="966" VPOS="3062" WIDTH="43"/>
						<String ID="P1_ST00223" HPOS="1009" VPOS="2994" WIDTH="152" HEIGHT="49" CONTENT="zumal" WC="0.97" CC="56063"/>
						<SP ID="P1_SP00194" HPOS="1161" VPOS="3062" WIDTH="44"/>
						<String ID="P1_ST00224" HPOS="1205" VPOS="2992" WIDTH="74" HEIGHT="50" CONTENT="die" WC="0.95" CC="903"/>
						<SP ID="P1_SP00195" HPOS="1279" VPOS="3062" WIDTH="45"/>
						<String ID="P1_ST00225" HPOS="1324" VPOS="2992" WIDTH="155" HEIGHT="50" CONTENT="Chöre" WC="0.99" CC="60040"/>
						<SP ID="P1_SP00196" HPOS="1479" VPOS="3062" WIDTH="44"/>
						<String ID="P1_ST00226" HPOS="1523" VPOS="2992" WIDTH="132" HEIGHT="49" CONTENT="meist" WC="0.99" CC="00006"/>
					</TextLine>
					<TextLine ID="P1_TL00031" HPOS="90" VPOS="3071" WIDTH="1565" HEIGHT="66">
						<String ID="P1_ST00227" HPOS="90" VPOS="3075" WIDTH="312" HEIGHT="49" CONTENT="Nebensache" WC="0.99" CC="2050304092"/>
						<SP ID="P1_SP00197" HPOS="402" VPOS="3124" WIDTH="30"/>
						<String ID="P1_ST00228" HPOS="432" VPOS="3075" WIDTH="118" HEIGHT="57" CONTENT="sind," WC="0.97" CC="30790"/>
						<SP ID="P1_SP00198" HPOS="550" VPOS="3132" WIDTH="34"/>
						<String ID="P1_ST00229" HPOS="584" VPOS="3074" WIDTH="95" HEIGHT="50" CONTENT="und" WC="0.98" CC="040"/>
						<SP ID="P1_SP00199" HPOS="679" VPOS="3132" WIDTH="31"/>
						<String ID="P1_ST00230" HPOS="710" VPOS="3090" WIDTH="162" HEIGHT="33" CONTENT="wenn" WC="1.00" CC="0002"/>
						<SP ID="P1_SP00200" HPOS="872" VPOS="3132" WIDTH="31"/>
						<String ID="P1_ST00231" HPOS="903" VPOS="3072" WIDTH="284" HEIGHT="58" CONTENT="wesentlich," WC="0.99" CC="90006060041"/>
						<SP ID="P1_SP00201" HPOS="1187" VPOS="3132" WIDTH="31"/>
						<String ID="P1_ST00232" HPOS="1218" VPOS="3071" WIDTH="118" HEIGHT="51" CONTENT="doch" WC="0.98" CC="0603"/>
						<SP ID="P1_SP00202" HPOS="1336" VPOS="3132" WIDTH="33"/>
						<String ID="P1_ST00233" HPOS="1369" VPOS="3071" WIDTH="286" HEIGHT="66" CONTENT="keineswegs" WC="0.99" CC="0200020195"/>
					</TextLine>
					<TextLine ID="P1_TL00032" HPOS="87" VPOS="3150" WIDTH="1568" HEIGHT="70">
						<String ID="P1_ST00234" HPOS="87" VPOS="3155" WIDTH="130" HEIGHT="50" CONTENT="einer" WC="0.98" CC="16070"/>
						<SP ID="P1_SP00203" HPOS="217" VPOS="3205" WIDTH="29"/>
						<String ID="P1_ST00235" HPOS="246" VPOS="3155" WIDTH="344" HEIGHT="50" CONTENT="massenhaften" WC="1.00" CC="002400600504"/>
						<SP ID="P1_SP00204" HPOS="590" VPOS="3205" WIDTH="24"/>
						<String ID="P1_ST00236" HPOS="614" VPOS="3156" WIDTH="262" HEIGHT="64" CONTENT="Besetzung" WC="0.99" CC="203007009"/>
						<SP ID="P1_SP00205" HPOS="876" VPOS="3220" WIDTH="24"/>
						<String ID="P1_ST00237" HPOS="900" VPOS="3151" WIDTH="244" HEIGHT="51" CONTENT="bedürfen." WC="0.98" CC="608909040"/>
						<SP ID="P1_SP00206" HPOS="1144" VPOS="3220" WIDTH="31"/>
						<String ID="P1_ST00238" HPOS="1175" VPOS="3154" WIDTH="74" HEIGHT="56" CONTENT="Ja," WC="0.97" CC="260"/>
						<SP ID="P1_SP00207" HPOS="1249" VPOS="3220" WIDTH="30"/>
						<String ID="P1_ST00239" HPOS="1279" VPOS="3151" WIDTH="73" HEIGHT="50" CONTENT="die" WC="1.00" CC="000"/>
						<SP ID="P1_SP00208" HPOS="1352" VPOS="3220" WIDTH="28"/>
						<String ID="P1_ST00240" HPOS="1380" VPOS="3150" WIDTH="275" HEIGHT="66" CONTENT="Erfahrung" WC="0.99" CC="450040200"/>
					</TextLine>
					<TextLine ID="P1_TL00033" HPOS="89" VPOS="3229" WIDTH="1566" HEIGHT="71">
						<String ID="P1_ST00241" HPOS="89" VPOS="3234" WIDTH="152" HEIGHT="49" CONTENT="dürfte" WC="0.96" CC="794906"/>
						<SP ID="P1_SP00209" HPOS="241" VPOS="3283" WIDTH="29"/>
						<String ID="P1_ST00242" HPOS="270" VPOS="3250" WIDTH="141" HEIGHT="50" CONTENT="sogar" WC="0.98" CC="60005"/>
						<SP ID="P1_SP00210" HPOS="411" VPOS="3300" WIDTH="36"/>
						<String ID="P1_ST00243" HPOS="447" VPOS="3234" WIDTH="178" HEIGHT="57" CONTENT="lehren," WC="0.99" CC="3034200"/>
						<SP ID="P1_SP00211" HPOS="625" VPOS="3300" WIDTH="44"/>
						<String ID="P1_ST00244" HPOS="669" VPOS="3232" WIDTH="104" HEIGHT="50" CONTENT="dass" WC="0.63" CC="0904"/>
						<SP ID="P1_SP00212" HPOS="773" VPOS="3300" WIDTH="43"/>
						<String ID="P1_ST00245" HPOS="816" VPOS="3234" WIDTH="74" HEIGHT="47" CONTENT="ein" WC="0.97" CC="105"/>
						<SP ID="P1_SP00213" HPOS="890" VPOS="3300" WIDTH="43"/>
						<String ID="P1_ST00246" HPOS="933" VPOS="3240" WIDTH="172" HEIGHT="57" CONTENT="guter" WC="0.98" CC="06605"/>
						<SP ID="P1_SP00214" HPOS="1105" VPOS="3300" WIDTH="43"/>
						<String ID="P1_ST00247" HPOS="1148" VPOS="3230" WIDTH="376" HEIGHT="58" CONTENT="Theater-Chor," WC="1.00" CC="0000300075200"/>
						<SP ID="P1_SP00215" HPOS="1524" VPOS="3300" WIDTH="43"/>
						<String ID="P1_ST00248" HPOS="1567" VPOS="3229" WIDTH="88" HEIGHT="49" CONTENT="wie" WC="0.96" CC="900"/>
					</TextLine>
					<TextLine ID="P1_TL00034" HPOS="87" VPOS="3309" WIDTH="1568" HEIGHT="67">
						<String ID="P1_ST00249" HPOS="87" VPOS="3333" WIDTH="36" HEIGHT="30" CONTENT="z." WC="0.40" CC="74"/>
						<SP ID="P1_SP00216" HPOS="123" VPOS="3363" WIDTH="32"/>
						<String ID="P1_ST00250" HPOS="155" VPOS="3315" WIDTH="51" HEIGHT="48" CONTENT="B." WC="0.47" CC="64"/>
						<SP ID="P1_SP00217" HPOS="206" VPOS="3363" WIDTH="31"/>
						<String ID="P1_ST00251" HPOS="237" VPOS="3314" WIDTH="45" HEIGHT="48" CONTENT="in" WC="0.84" CC="30"/>
						<SP ID="P1_SP00218" HPOS="282" VPOS="3363" WIDTH="30"/>
						<String ID="P1_ST00252" HPOS="312" VPOS="3312" WIDTH="174" HEIGHT="58" CONTENT="Berlin," WC="0.99" CC="6017041"/>
						<SP ID="P1_SP00219" HPOS="486" VPOS="3370" WIDTH="31"/>
						<String ID="P1_ST00253" HPOS="517" VPOS="3314" WIDTH="271" HEIGHT="56" CONTENT="Hannover," WC="0.99" CC="600130003"/>
						<SP ID="P1_SP00220" HPOS="788" VPOS="3370" WIDTH="30"/>
						<String ID="P1_ST00254" HPOS="818" VPOS="3311" WIDTH="236" HEIGHT="50" CONTENT="München" WC="0.99" CC="2040003"/>
						<SP ID="P1_SP00221" HPOS="1054" VPOS="3370" WIDTH="29"/>
						<String ID="P1_ST00255" HPOS="1083" VPOS="3328" WIDTH="46" HEIGHT="31" CONTENT="u." WC="0.63" CC="70"/>
						<SP ID="P1_SP00222" HPOS="1129" VPOS="3370" WIDTH="30"/>
						<String ID="P1_ST00256" HPOS="1159" VPOS="3326" WIDTH="35" HEIGHT="33" CONTENT="s." WC="0.59" CC="34"/>
						<SP ID="P1_SP00223" HPOS="1194" VPOS="3370" WIDTH="31"/>
						<String ID="P1_ST00257" HPOS="1225" VPOS="3326" WIDTH="77" HEIGHT="40" CONTENT="w.," WC="1.00" CC="000"/>
						<SP ID="P1_SP00224" HPOS="1302" VPOS="3370" WIDTH="43"/>
						<String ID="P1_ST00258" HPOS="1345" VPOS="3309" WIDTH="310" HEIGHT="67" CONTENT="Opernchöre" WC="0.99" CC="5030506020"/>
					</TextLine>
					<TextLine ID="P1_TL00035" HPOS="89" VPOS="3386" WIDTH="1566" HEIGHT="71">
						<String ID="P1_ST00259" HPOS="89" VPOS="3391" WIDTH="109" HEIGHT="50" CONTENT="weit" WC="0.99" CC="0300"/>
						<SP ID="P1_SP00225" HPOS="198" VPOS="3441" WIDTH="34"/>
						<String ID="P1_ST00260" HPOS="232" VPOS="3391" WIDTH="221" HEIGHT="66" CONTENT="richtiger" WC="0.99" CC="270160000"/>
						<SP ID="P1_SP00226" HPOS="453" VPOS="3457" WIDTH="41"/>
						<String ID="P1_ST00261" HPOS="494" VPOS="3390" WIDTH="95" HEIGHT="49" CONTENT="und" WC="0.95" CC="670"/>
						<SP ID="P1_SP00227" HPOS="589" VPOS="3457" WIDTH="45"/>
						<String ID="P1_ST00262" HPOS="634" VPOS="3389" WIDTH="392" HEIGHT="50" CONTENT="eindrucksvoller" WC="1.00" CC="000005000001068"/>
						<SP ID="P1_SP00228" HPOS="1026" VPOS="3457" WIDTH="42"/>
						<String ID="P1_ST00263" HPOS="1068" VPOS="3391" WIDTH="222" HEIGHT="62" CONTENT="vorträgt," WC="0.99" CC="462006910"/>
						<SP ID="P1_SP00229" HPOS="1290" VPOS="3457" WIDTH="45"/>
						<String ID="P1_ST00264" HPOS="1335" VPOS="3387" WIDTH="64" HEIGHT="50" CONTENT="als" WC="0.94" CC="545"/>
						<SP ID="P1_SP00230" HPOS="1399" VPOS="3457" WIDTH="31"/>
						<String ID="P1_ST00265" HPOS="1430" VPOS="3387" WIDTH="73" HEIGHT="49" CONTENT="ein" WC="0.99" CC="001"/>
						<SP ID="P1_SP00231" HPOS="1503" VPOS="3457" WIDTH="31"/>
						<String ID="P1_ST00266" HPOS="1534" VPOS="3386" WIDTH="97" HEIGHT="50" CONTENT="drei" SUBS_TYPE="HypPart1" SUBS_CONTENT="dreibis" WC="0.92" CC="0000"/>
						<HYP HPOS="1631" VPOS="3386" WIDTH="24" CONTENT="-"/>
					</TextLine>
					<TextLine ID="P1_TL00036" HPOS="90" VPOS="3465" WIDTH="1565" HEIGHT="57">
						<String ID="P1_ST00267" HPOS="90" VPOS="3472" WIDTH="69" HEIGHT="50" CONTENT="bis" SUBS_TYPE="HypPart2" SUBS_CONTENT="dreibis" WC="0.72" CC="502"/>
						<SP ID="P1_SP00232" HPOS="159" VPOS="3522" WIDTH="27"/>
						<String ID="P1_ST00268" HPOS="186" VPOS="3471" WIDTH="191" HEIGHT="51" CONTENT="viermal" WC="1.00" CC="0000060"/>
						<SP ID="P1_SP00233" HPOS="377" VPOS="3522" WIDTH="29"/>
						<String ID="P1_ST00269" HPOS="406" VPOS="3470" WIDTH="341" HEIGHT="51" CONTENT="zahlreicherer" WC="1.00" CC="3470300700003"/>
						<SP ID="P1_SP00234" HPOS="747" VPOS="3522" WIDTH="22"/>
						<String ID="P1_ST00270" HPOS="769" VPOS="3467" WIDTH="458" HEIGHT="50" CONTENT="Dilettanten-Chor." WC="1.00" CC="20500064000230104"/>
						<SP ID="P1_SP00235" HPOS="1227" VPOS="3522" WIDTH="30"/>
						<String ID="P1_ST00271" HPOS="1257" VPOS="3466" WIDTH="172" HEIGHT="51" CONTENT="Leider" WC="1.00" CC="000000"/>
						<SP ID="P1_SP00236" HPOS="1429" VPOS="3522" WIDTH="20"/>
						<String ID="P1_ST00272" HPOS="1449" VPOS="3465" WIDTH="99" HEIGHT="51" CONTENT="sind" WC="0.97" CC="0408"/>
						<SP ID="P1_SP00237" HPOS="1548" VPOS="3522" WIDTH="33"/>
						<String ID="P1_ST00273" HPOS="1581" VPOS="3465" WIDTH="74" HEIGHT="51" CONTENT="die" WC="1.00" CC="000"/>
					</TextLine>
					<TextLine ID="P1_TL00037" HPOS="90" VPOS="3546" WIDTH="1565" HEIGHT="71">
						<String ID="P1_ST00274" HPOS="90" VPOS="3550" WIDTH="310" HEIGHT="51" CONTENT="Gluck'schen" WC="0.78" CC="94200000500"/>
						<SP ID="P1_SP00238" HPOS="400" VPOS="3601" WIDTH="30"/>
						<String ID="P1_ST00275" HPOS="430" VPOS="3550" WIDTH="163" HEIGHT="67" CONTENT="Opern" WC="0.98" CC="60007"/>
						<SP ID="P1_SP00239" HPOS="593" VPOS="3617" WIDTH="29"/>
						<String ID="P1_ST00276" HPOS="622" VPOS="3565" WIDTH="50" HEIGHT="33" CONTENT="so" WC="0.69" CC="06"/>
						<SP ID="P1_SP00240" HPOS="672" VPOS="3617" WIDTH="30"/>
						<String ID="P1_ST00277" HPOS="702" VPOS="3555" WIDTH="85" HEIGHT="60" CONTENT="gut" WC="0.97" CC="033"/>
						<SP ID="P1_SP00241" HPOS="787" VPOS="3617" WIDTH="29"/>
						<String ID="P1_ST00278" HPOS="816" VPOS="3546" WIDTH="89" HEIGHT="50" CONTENT="wie" WC="1.00" CC="000"/>
						<SP ID="P1_SP00242" HPOS="905" VPOS="3617" WIDTH="29"/>
						<String ID="P1_ST00279" HPOS="934" VPOS="3546" WIDTH="370" HEIGHT="50" CONTENT="verschwunden" WC="1.00" CC="030014072005"/>
						<SP ID="P1_SP00243" HPOS="1304" VPOS="3617" WIDTH="32"/>
						<String ID="P1_ST00280" HPOS="1336" VPOS="3563" WIDTH="86" HEIGHT="31" CONTENT="von" WC="0.97" CC="260"/>
						<SP ID="P1_SP00244" HPOS="1422" VPOS="3617" WIDTH="31"/>
						<String ID="P1_ST00281" HPOS="1453" VPOS="3561" WIDTH="202" HEIGHT="33" CONTENT="unseren" WC="0.98" CC="6450066"/>
					</TextLine>
					<TextLine ID="P1_TL00038" HPOS="91" VPOS="3625" WIDTH="1564" HEIGHT="70">
						<String ID="P1_ST00282" HPOS="91" VPOS="3631" WIDTH="200" HEIGHT="51" CONTENT="Bühnen" WC="0.99" CC="700100"/>
						<SP ID="P1_SP00245" HPOS="291" VPOS="3682" WIDTH="43"/>
						<String ID="P1_ST00283" HPOS="334" VPOS="3630" WIDTH="96" HEIGHT="51" CONTENT="und" WC="0.97" CC="420"/>
						<SP ID="P1_SP00246" HPOS="430" VPOS="3682" WIDTH="45"/>
						<String ID="P1_ST00284" HPOS="475" VPOS="3631" WIDTH="80" HEIGHT="48" CONTENT="für" WC="1.00" CC="000"/>
						<SP ID="P1_SP00247" HPOS="555" VPOS="3682" WIDTH="42"/>
						<String ID="P1_ST00285" HPOS="597" VPOS="3629" WIDTH="81" HEIGHT="49" CONTENT="das" WC="0.99" CC="002"/>
						<SP ID="P1_SP00248" HPOS="678" VPOS="3682" WIDTH="44"/>
						<String ID="P1_ST00286" HPOS="722" VPOS="3626" WIDTH="350" HEIGHT="69" CONTENT="gegenwärtige" WC="0.99" CC="009009970000"/>
						<SP ID="P1_SP00249" HPOS="1072" VPOS="3695" WIDTH="24"/>
						<String ID="P1_ST00287" HPOS="1096" VPOS="3626" WIDTH="278" HEIGHT="50" CONTENT="Geschlecht" WC="1.00" CC="2001400010"/>
						<SP ID="P1_SP00250" HPOS="1374" VPOS="3695" WIDTH="27"/>
						<String ID="P1_ST00288" HPOS="1401" VPOS="3625" WIDTH="143" HEIGHT="49" CONTENT="schon" WC="1.00" CC="00030"/>
						<SP ID="P1_SP00251" HPOS="1544" VPOS="3695" WIDTH="31"/>
						<String ID="P1_ST00289" HPOS="1575" VPOS="3641" WIDTH="54" HEIGHT="50" CONTENT="ge" SUBS_TYPE="HypPart1" SUBS_CONTENT="gewisser" WC="0.98" CC="00"/>
						<HYP HPOS="1629" VPOS="3641" WIDTH="26" CONTENT="-"/>
					</TextLine>
					<TextLine ID="P1_TL00039" HPOS="92" VPOS="3704" WIDTH="1560" HEIGHT="68">
						<String ID="P1_ST00290" HPOS="92" VPOS="3711" WIDTH="159" HEIGHT="50" CONTENT="wisser" SUBS_TYPE="HypPart2" SUBS_CONTENT="gewisser" WC="0.99" CC="005052"/>
						<SP ID="P1_SP00252" HPOS="251" VPOS="3761" WIDTH="28"/>
						<String ID="P1_ST00291" HPOS="279" VPOS="3711" WIDTH="216" HEIGHT="50" CONTENT="Maassen" WC="0.85" CC="3040002"/>
						<SP ID="P1_SP00253" HPOS="495" VPOS="3761" WIDTH="29"/>
						<String ID="P1_ST00292" HPOS="524" VPOS="3728" WIDTH="55" HEIGHT="30" CONTENT="zu" WC="1.00" CC="00"/>
						<SP ID="P1_SP00254" HPOS="579" VPOS="3761" WIDTH="33"/>
						<String ID="P1_ST00293" HPOS="612" VPOS="3709" WIDTH="227" HEIGHT="50" CONTENT="Cantaten" WC="0.92" CC="60000000"/>
						<SP ID="P1_SP00255" HPOS="839" VPOS="3761" WIDTH="36"/>
						<String ID="P1_ST00294" HPOS="875" VPOS="3705" WIDTH="273" HEIGHT="67" CONTENT="geworden," WC="1.00" CC="000010172"/>
						<SP ID="P1_SP00256" HPOS="1148" VPOS="3772" WIDTH="37"/>
						<String ID="P1_ST00295" HPOS="1185" VPOS="3721" WIDTH="99" HEIGHT="33" CONTENT="was" WC="0.97" CC="052"/>
						<SP ID="P1_SP00257" HPOS="1284" VPOS="3772" WIDTH="42"/>
						<String ID="P1_ST00296" HPOS="1326" VPOS="3705" WIDTH="124" HEIGHT="49" CONTENT="denn" WC="0.98" CC="0046"/>
						<SP ID="P1_SP00258" HPOS="1450" VPOS="3772" WIDTH="29"/>
						<String ID="P1_ST00297" HPOS="1479" VPOS="3704" WIDTH="173" HEIGHT="49" CONTENT="freilich" WC="0.99" CC="00046005"/>
					</TextLine>
					<TextLine ID="P1_TL00040" HPOS="91" VPOS="3784" WIDTH="1564" HEIGHT="67">
						<String ID="P1_ST00298" HPOS="91" VPOS="3790" WIDTH="74" HEIGHT="51" CONTENT="die" WC="0.99" CC="021"/>
						<SP ID="P1_SP00259" HPOS="165" VPOS="3841" WIDTH="46"/>
						<String ID="P1_ST00299" HPOS="211" VPOS="3789" WIDTH="147" HEIGHT="52" CONTENT="Wahl" WC="0.99" CC="4100"/>
						<SP ID="P1_SP00260" HPOS="358" VPOS="3841" WIDTH="55"/>
						<String ID="P1_ST00300" HPOS="413" VPOS="3787" WIDTH="246" HEIGHT="51" CONTENT="derselben" WC="1.00" CC="000005700"/>
						<SP ID="P1_SP00261" HPOS="659" VPOS="3841" WIDTH="57"/>
						<String ID="P1_ST00301" HPOS="716" VPOS="3787" WIDTH="79" HEIGHT="49" CONTENT="für" WC="1.00" CC="000"/>
						<SP ID="P1_SP00262" HPOS="795" VPOS="3841" WIDTH="56"/>
						<String ID="P1_ST00302" HPOS="851" VPOS="3801" WIDTH="160" HEIGHT="50" CONTENT="grosse" WC="0.99" CC="051010"/>
						<SP ID="P1_SP00263" HPOS="1011" VPOS="3851" WIDTH="44"/>
						<String ID="P1_ST00303" HPOS="1055" VPOS="3784" WIDTH="600" HEIGHT="64" CONTENT="Concert-Aufführungen" WC="0.86" CC="60500010006004003000"/>
					</TextLine>
					<TextLine ID="P1_TL00041" HPOS="92" VPOS="3862" WIDTH="1563" HEIGHT="68">
						<String ID="P1_ST00304" HPOS="92" VPOS="3871" WIDTH="121" HEIGHT="50" CONTENT="auch" WC="0.97" CC="6603"/>
						<SP ID="P1_SP00264" HPOS="213" VPOS="3921" WIDTH="31"/>
						<String ID="P1_ST00305" HPOS="244" VPOS="3870" WIDTH="148" HEIGHT="50" CONTENT="durch" WC="0.99" CC="05004"/>
						<SP ID="P1_SP00265" HPOS="392" VPOS="3921" WIDTH="31"/>
						<String ID="P1_ST00306" HPOS="423" VPOS="3869" WIDTH="133" HEIGHT="51" CONTENT="einen" WC="0.99" CC="00700"/>
						<SP ID="P1_SP00266" HPOS="556" VPOS="3921" WIDTH="43"/>
						<String ID="P1_ST00307" HPOS="599" VPOS="3873" WIDTH="219" HEIGHT="44" CONTENT="äusseren" WC="1.00" CC="04300001"/>
						<SP ID="P1_SP00267" HPOS="818" VPOS="3921" WIDTH="31"/>
						<String ID="P1_ST00308" HPOS="849" VPOS="3862" WIDTH="164" HEIGHT="52" CONTENT="Grund" WC="0.99" CC="04320"/>
						<SP ID="P1_SP00268" HPOS="1013" VPOS="3921" WIDTH="45"/>
						<String ID="P1_ST00309" HPOS="1058" VPOS="3862" WIDTH="304" HEIGHT="68" CONTENT="rechtfertigt." WC="1.00" CC="0036000400004"/>
						<SP ID="P1_SP00269" HPOS="1362" VPOS="3930" WIDTH="56"/>
						<String ID="P1_ST00310" HPOS="1418" VPOS="3864" WIDTH="122" HEIGHT="48" CONTENT="Dass" WC="0.82" CC="7000"/>
						<SP ID="P1_SP00270" HPOS="1540" VPOS="3930" WIDTH="28"/>
						<String ID="P1_ST00311" HPOS="1568" VPOS="3862" WIDTH="87" HEIGHT="49" CONTENT="wir" WC="0.99" CC="001"/>
					</TextLine>
					<TextLine ID="P1_TL00042" HPOS="91" VPOS="3941" WIDTH="1562" HEIGHT="72">
						<String ID="P1_ST00312" HPOS="91" VPOS="3950" WIDTH="149" HEIGHT="51" CONTENT="lieber" WC="0.99" CC="060100"/>
						<SP ID="P1_SP00271" HPOS="240" VPOS="4001" WIDTH="26"/>
						<String ID="P1_ST00313" HPOS="266" VPOS="3951" WIDTH="181" HEIGHT="50" CONTENT="Scenen" WC="0.92" CC="000400"/>
						<SP ID="P1_SP00272" HPOS="447" VPOS="4001" WIDTH="30"/>
						<String ID="P1_ST00314" HPOS="477" VPOS="3967" WIDTH="83" HEIGHT="31" CONTENT="aus" WC="0.98" CC="060"/>
						<SP ID="P1_SP00273" HPOS="560" VPOS="4001" WIDTH="29"/>
						<String ID="P1_ST00315" HPOS="589" VPOS="3947" WIDTH="83" HEIGHT="50" CONTENT="der" WC="0.96" CC="702"/>
						<SP ID="P1_SP00274" HPOS="672" VPOS="4001" WIDTH="28"/>
						<String ID="P1_ST00316" HPOS="700" VPOS="3945" WIDTH="240" HEIGHT="68" CONTENT="Iphigenie" WC="1.00" CC="004000000"/>
						<SP ID="P1_SP00275" HPOS="940" VPOS="4013" WIDTH="36"/>
						<String ID="P1_ST00317" HPOS="976" VPOS="3945" WIDTH="46" HEIGHT="48" CONTENT="in" WC="0.66" CC="06"/>
						<SP ID="P1_SP00276" HPOS="1022" VPOS="4013" WIDTH="31"/>
						<String ID="P1_ST00318" HPOS="1053" VPOS="3942" WIDTH="166" HEIGHT="50" CONTENT="Tauris" WC="0.70" CC="094003"/>
						<SP ID="P1_SP00277" HPOS="1219" VPOS="4013" WIDTH="30"/>
						<String ID="P1_ST00319" HPOS="1249" VPOS="3942" WIDTH="276" HEIGHT="66" CONTENT="gewünscht" WC="0.99" CC="930000071"/>
						<SP ID="P1_SP00278" HPOS="1525" VPOS="4013" WIDTH="28"/>
						<String ID="P1_ST00320" HPOS="1553" VPOS="3941" WIDTH="75" HEIGHT="50" CONTENT="hät" SUBS_TYPE="HypPart1" SUBS_CONTENT="hätten," WC="0.98" CC="400"/>
						<HYP HPOS="1628" VPOS="3941" WIDTH="25" CONTENT="-"/>
					</TextLine>
					<TextLine ID="P1_TL00043" HPOS="91" VPOS="4020" WIDTH="1564" HEIGHT="67">
						<String ID="P1_ST00321" HPOS="91" VPOS="4036" WIDTH="95" HEIGHT="51" CONTENT="ten," SUBS_TYPE="HypPart2" SUBS_CONTENT="hätten," WC="0.98" CC="5020"/>
						<SP ID="P1_SP00279" HPOS="186" VPOS="4087" WIDTH="32"/>
						<String ID="P1_ST00322" HPOS="218" VPOS="4029" WIDTH="155" HEIGHT="51" CONTENT="haben" WC="0.97" CC="53603"/>
						<SP ID="P1_SP00280" HPOS="373" VPOS="4087" WIDTH="31"/>
						<String ID="P1_ST00323" HPOS="404" VPOS="4029" WIDTH="86" HEIGHT="49" CONTENT="wir" WC="0.98" CC="041"/>
						<SP ID="P1_SP00281" HPOS="490" VPOS="4087" WIDTH="28"/>
						<String ID="P1_ST00324" HPOS="518" VPOS="4026" WIDTH="142" HEIGHT="52" CONTENT="schon" WC="0.99" CC="00601"/>
						<SP ID="P1_SP00282" HPOS="660" VPOS="4087" WIDTH="42"/>
						<String ID="P1_ST00325" HPOS="702" VPOS="4044" WIDTH="60" HEIGHT="32" CONTENT="an" WC="0.87" CC="10"/>
						<SP ID="P1_SP00283" HPOS="762" VPOS="4087" WIDTH="43"/>
						<String ID="P1_ST00326" HPOS="805" VPOS="4027" WIDTH="151" HEIGHT="46" CONTENT="einem" WC="0.98" CC="08500"/>
						<SP ID="P1_SP00284" HPOS="956" VPOS="4087" WIDTH="45"/>
						<String ID="P1_ST00327" HPOS="1001" VPOS="4022" WIDTH="205" HEIGHT="51" CONTENT="anderen" WC="0.99" CC="0300406"/>
						<SP ID="P1_SP00285" HPOS="1206" VPOS="4087" WIDTH="29"/>
						<String ID="P1_ST00328" HPOS="1235" VPOS="4022" WIDTH="119" HEIGHT="49" CONTENT="Orte" WC="0.98" CC="5050"/>
						<SP ID="P1_SP00286" HPOS="1354" VPOS="4087" WIDTH="31"/>
						<String ID="P1_ST00329" HPOS="1385" VPOS="4020" WIDTH="270" HEIGHT="66" CONTENT="(Kölnische" WC="0.99" CC="2503002060"/>
					</TextLine>
					<TextLine ID="P1_TL00044" HPOS="90" VPOS="4100" WIDTH="1563" HEIGHT="75">
						<String ID="P1_ST00330" HPOS="90" VPOS="4107" WIDTH="201" HEIGHT="68" CONTENT="Zeitung" WC="0.99" CC="2032460"/>
						<SP ID="P1_SP00287" HPOS="291" VPOS="4175" WIDTH="28"/>
						<String ID="P1_ST00331" HPOS="319" VPOS="4110" WIDTH="83" HEIGHT="50" CONTENT="Nr." WC="0.98" CC="004"/>
						<SP ID="P1_SP00288" HPOS="402" VPOS="4175" WIDTH="38"/>
						<String ID="P1_ST00332" HPOS="440" VPOS="4107" WIDTH="126" HEIGHT="68" CONTENT="155)" WC="0.55" CC="5560"/>
						<SP ID="P1_SP00289" HPOS="566" VPOS="4175" WIDTH="32"/>
						<String ID="P1_ST00333" HPOS="598" VPOS="4113" WIDTH="184" HEIGHT="62" CONTENT="gesagt;" WC="1.00" CC="0020001"/>
						<SP ID="P1_SP00290" HPOS="782" VPOS="4175" WIDTH="45"/>
						<String ID="P1_ST00334" HPOS="827" VPOS="4104" WIDTH="90" HEIGHT="49" CONTENT="den" WC="0.95" CC="705"/>
						<SP ID="P1_SP00291" HPOS="917" VPOS="4175" WIDTH="42"/>
						<String ID="P1_ST00335" HPOS="959" VPOS="4104" WIDTH="106" HEIGHT="49" CONTENT="dort" WC="0.99" CC="0230"/>
						<SP ID="P1_SP00292" HPOS="1065" VPOS="4175" WIDTH="42"/>
						<String ID="P1_ST00336" HPOS="1107" VPOS="4101" WIDTH="271" HEIGHT="52" CONTENT="erwähnten" WC="1.00" CC="010001003"/>
						<SP ID="P1_SP00293" HPOS="1378" VPOS="4175" WIDTH="44"/>
						<String ID="P1_ST00337" HPOS="1422" VPOS="4100" WIDTH="206" HEIGHT="52" CONTENT="musicali" SUBS_TYPE="HypPart1" SUBS_CONTENT="musicalischen" WC="1.00" CC="04000610"/>
						<HYP HPOS="1628" VPOS="4100" WIDTH="25" CONTENT="-"/>
					</TextLine>
					<TextLine ID="P1_TL00045" HPOS="91" VPOS="4179" WIDTH="1562" HEIGHT="76">
						<String ID="P1_ST00338" HPOS="91" VPOS="4186" WIDTH="140" HEIGHT="50" CONTENT="schen" SUBS_TYPE="HypPart2" SUBS_CONTENT="musicalischen" WC="0.97" CC="89202"/>
						<SP ID="P1_SP00294" HPOS="231" VPOS="4236" WIDTH="32"/>
						<String ID="P1_ST00339" HPOS="263" VPOS="4187" WIDTH="224" HEIGHT="53" CONTENT="Gründen" WC="0.99" CC="3563000"/>
						<SP ID="P1_SP00295" HPOS="487" VPOS="4240" WIDTH="45"/>
						<String ID="P1_ST00340" HPOS="532" VPOS="4189" WIDTH="148" HEIGHT="66" CONTENT="fügen" WC="1.00" CC="00000"/>
						<SP ID="P1_SP00296" HPOS="680" VPOS="4255" WIDTH="31"/>
						<String ID="P1_ST00341" HPOS="711" VPOS="4186" WIDTH="86" HEIGHT="51" CONTENT="wir" WC="0.96" CC="902"/>
						<SP ID="P1_SP00297" HPOS="797" VPOS="4255" WIDTH="30"/>
						<String ID="P1_ST00342" HPOS="827" VPOS="4184" WIDTH="101" HEIGHT="49" CONTENT="hier" WC="0.99" CC="3003"/>
						<SP ID="P1_SP00298" HPOS="928" VPOS="4255" WIDTH="27"/>
						<String ID="P1_ST00343" HPOS="955" VPOS="4184" WIDTH="122" HEIGHT="50" CONTENT="noch" WC="0.97" CC="2604"/>
						<SP ID="P1_SP00299" HPOS="1077" VPOS="4255" WIDTH="29"/>
						<String ID="P1_ST00344" HPOS="1106" VPOS="4182" WIDTH="90" HEIGHT="51" CONTENT="den" WC="0.94" CC="904"/>
						<SP ID="P1_SP00300" HPOS="1196" VPOS="4255" WIDTH="29"/>
						<String ID="P1_ST00345" HPOS="1225" VPOS="4180" WIDTH="294" HEIGHT="68" CONTENT="praktischen" WC="0.99" CC="05281000304"/>
						<SP ID="P1_SP00301" HPOS="1519" VPOS="4255" WIDTH="31"/>
						<String ID="P1_ST00346" HPOS="1550" VPOS="4179" WIDTH="78" HEIGHT="52" CONTENT="hin" SUBS_TYPE="HypPart1" SUBS_CONTENT="hinzu," WC="0.87" CC="500"/>
						<HYP HPOS="1628" VPOS="4179" WIDTH="25" CONTENT="-"/>
					</TextLine>
				</TextBlock>
				<TextBlock ID="P1_TB00011" HPOS="1717" VPOS="1394" WIDTH="1589" HEIGHT="2857" STYLEREFS="TXT_10 PAR_BLOCK">
					<TextLine ID="P1_TL00046" HPOS="1722" VPOS="1394" WIDTH="1579" HEIGHT="69">
						<String ID="P1_ST00347" HPOS="1722" VPOS="1416" WIDTH="72" HEIGHT="41" CONTENT="zu," SUBS_TYPE="HypPart2" SUBS_CONTENT="hinzu," WC="0.99" CC="200"/>
						<SP ID="P1_SP00302" HPOS="1794" VPOS="1457" WIDTH="31"/>
						<String ID="P1_ST00348" HPOS="1825" VPOS="1397" WIDTH="105" HEIGHT="51" CONTENT="dass" WC="1.00" CC="0000"/>
						<SP ID="P1_SP00303" HPOS="1930" VPOS="1457" WIDTH="29"/>
						<String ID="P1_ST00349" HPOS="1959" VPOS="1396" WIDTH="83" HEIGHT="51" CONTENT="das" WC="0.98" CC="040"/>
						<SP ID="P1_SP00304" HPOS="2042" VPOS="1457" WIDTH="30"/>
						<String ID="P1_ST00350" HPOS="2072" VPOS="1413" WIDTH="160" HEIGHT="50" CONTENT="grosse" WC="0.99" CC="004400"/>
						<SP ID="P1_SP00305" HPOS="2232" VPOS="1463" WIDTH="22"/>
						<String ID="P1_ST00351" HPOS="2254" VPOS="1396" WIDTH="246" HEIGHT="51" CONTENT="Publicum" WC="0.99" CC="61500020"/>
						<SP ID="P1_SP00306" HPOS="2500" VPOS="1463" WIDTH="32"/>
						<String ID="P1_ST00352" HPOS="2532" VPOS="1397" WIDTH="83" HEIGHT="50" CONTENT="mit" WC="0.98" CC="050"/>
						<SP ID="P1_SP00307" HPOS="2615" VPOS="1463" WIDTH="26"/>
						<String ID="P1_ST00353" HPOS="2641" VPOS="1396" WIDTH="105" HEIGHT="51" CONTENT="dem" WC="0.97" CC="800"/>
						<SP ID="P1_SP00308" HPOS="2746" VPOS="1463" WIDTH="25"/>
						<String ID="P1_ST00354" HPOS="2771" VPOS="1396" WIDTH="156" HEIGHT="50" CONTENT="Inhalt" WC="0.98" CC="667030"/>
						<SP ID="P1_SP00309" HPOS="2927" VPOS="1463" WIDTH="22"/>
						<String ID="P1_ST00355" HPOS="2949" VPOS="1395" WIDTH="86" HEIGHT="51" CONTENT="der" WC="0.99" CC="030"/>
						<SP ID="P1_SP00310" HPOS="3035" VPOS="1463" WIDTH="24"/>
						<String ID="P1_ST00356" HPOS="3059" VPOS="1394" WIDTH="242" HEIGHT="68" CONTENT="Iphigenie" WC="0.99" CC="604090607"/>
					</TextLine>
					<TextLine ID="P1_TL00047" HPOS="1723" VPOS="1473" WIDTH="1576" HEIGHT="68">
						<String ID="P1_ST00357" HPOS="1723" VPOS="1477" WIDTH="150" HEIGHT="50" CONTENT="durch" WC="0.98" CC="06005"/>
						<SP ID="P1_SP00311" HPOS="1873" VPOS="1527" WIDTH="32"/>
						<String ID="P1_ST00358" HPOS="1905" VPOS="1476" WIDTH="195" HEIGHT="51" CONTENT="Göthe's" WC="0.86" CC="6000011"/>
						<SP ID="P1_SP00312" HPOS="2100" VPOS="1527" WIDTH="30"/>
						<String ID="P1_ST00359" HPOS="2130" VPOS="1477" WIDTH="181" HEIGHT="49" CONTENT="Drama" WC="0.99" CC="30300"/>
						<SP ID="P1_SP00313" HPOS="2311" VPOS="1527" WIDTH="29"/>
						<String ID="P1_ST00360" HPOS="2340" VPOS="1476" WIDTH="111" HEIGHT="50" CONTENT="weit" WC="1.00" CC="0000"/>
						<SP ID="P1_SP00314" HPOS="2451" VPOS="1527" WIDTH="29"/>
						<String ID="P1_ST00361" HPOS="2480" VPOS="1476" WIDTH="260" HEIGHT="50" CONTENT="bekannter" WC="1.00" CC="000004300"/>
						<SP ID="P1_SP00315" HPOS="2740" VPOS="1527" WIDTH="28"/>
						<String ID="P1_ST00362" HPOS="2768" VPOS="1476" WIDTH="74" HEIGHT="58" CONTENT="ist," WC="0.99" CC="0310"/>
						<SP ID="P1_SP00316" HPOS="2842" VPOS="1534" WIDTH="31"/>
						<String ID="P1_ST00363" HPOS="2873" VPOS="1476" WIDTH="68" HEIGHT="50" CONTENT="als" WC="0.95" CC="715"/>
						<SP ID="P1_SP00317" HPOS="2941" VPOS="1534" WIDTH="29"/>
						<String ID="P1_ST00364" HPOS="2970" VPOS="1475" WIDTH="87" HEIGHT="49" CONTENT="mit" WC="0.98" CC="400"/>
						<SP ID="P1_SP00318" HPOS="3057" VPOS="1534" WIDTH="23"/>
						<String ID="P1_ST00365" HPOS="3080" VPOS="1473" WIDTH="83" HEIGHT="50" CONTENT="der" WC="0.95" CC="920"/>
						<SP ID="P1_SP00319" HPOS="3163" VPOS="1534" WIDTH="22"/>
						<String ID="P1_ST00366" HPOS="3185" VPOS="1475" WIDTH="86" HEIGHT="66" CONTENT="Epi" SUBS_TYPE="HypPart1" SUBS_CONTENT="Episode" WC="0.97" CC="470"/>
						<HYP HPOS="3271" VPOS="1475" WIDTH="28" CONTENT="-"/>
					</TextLine>
					<TextLine ID="P1_TL00048" HPOS="1723" VPOS="1555" WIDTH="1579" HEIGHT="67">
						<String ID="P1_ST00367" HPOS="1723" VPOS="1557" WIDTH="112" HEIGHT="52" CONTENT="sode" SUBS_TYPE="HypPart2" SUBS_CONTENT="Episode" WC="0.99" CC="0400"/>
						<SP ID="P1_SP00320" HPOS="1835" VPOS="1609" WIDTH="38"/>
						<String ID="P1_ST00368" HPOS="1873" VPOS="1575" WIDTH="84" HEIGHT="33" CONTENT="aus" WC="0.97" CC="061"/>
						<SP ID="P1_SP00321" HPOS="1957" VPOS="1609" WIDTH="30"/>
						<String ID="P1_ST00369" HPOS="1987" VPOS="1557" WIDTH="186" HEIGHT="50" CONTENT="Tasso's" WC="0.96" CC="0000001"/>
						<SP ID="P1_SP00322" HPOS="2173" VPOS="1609" WIDTH="44"/>
						<String ID="P1_ST00370" HPOS="2217" VPOS="1556" WIDTH="244" HEIGHT="50" CONTENT="befreitem" WC="0.99" CC="700304000"/>
						<SP ID="P1_SP00323" HPOS="2461" VPOS="1609" WIDTH="31"/>
						<String ID="P1_ST00371" HPOS="2492" VPOS="1557" WIDTH="279" HEIGHT="55" CONTENT="Jerusalem," WC="1.00" CC="0007001004"/>
						<SP ID="P1_SP00324" HPOS="2771" VPOS="1612" WIDTH="42"/>
						<String ID="P1_ST00372" HPOS="2813" VPOS="1555" WIDTH="95" HEIGHT="51" CONTENT="und" WC="0.96" CC="830"/>
						<SP ID="P1_SP00325" HPOS="2908" VPOS="1612" WIDTH="46"/>
						<String ID="P1_ST00373" HPOS="2954" VPOS="1555" WIDTH="189" HEIGHT="67" CONTENT="folglich" WC="0.99" CC="03296500"/>
						<SP ID="P1_SP00326" HPOS="3143" VPOS="1622" WIDTH="44"/>
						<String ID="P1_ST00374" HPOS="3187" VPOS="1555" WIDTH="115" HEIGHT="49" CONTENT="eher" WC="0.99" CC="0102"/>
					</TextLine>
					<TextLine ID="P1_TL00049" HPOS="1724" VPOS="1635" WIDTH="1577" HEIGHT="61">
						<String ID="P1_ST00375" HPOS="1724" VPOS="1639" WIDTH="60" HEIGHT="49" CONTENT="im" WC="0.83" CC="30"/>
						<SP ID="P1_SP00327" HPOS="1784" VPOS="1688" WIDTH="32"/>
						<String ID="P1_ST00376" HPOS="1816" VPOS="1636" WIDTH="193" HEIGHT="60" CONTENT="Stande," WC="0.99" CC="0351002"/>
						<SP ID="P1_SP00328" HPOS="2009" VPOS="1696" WIDTH="30"/>
						<String ID="P1_ST00377" HPOS="2039" VPOS="1636" WIDTH="74" HEIGHT="51" CONTENT="die" WC="0.98" CC="060"/>
						<SP ID="P1_SP00329" HPOS="2113" VPOS="1696" WIDTH="32"/>
						<String ID="P1_ST00378" HPOS="2145" VPOS="1636" WIDTH="260" HEIGHT="51" CONTENT="Wahrheit" WC="1.00" CC="00010002"/>
						<SP ID="P1_SP00330" HPOS="2405" VPOS="1696" WIDTH="28"/>
						<String ID="P1_ST00379" HPOS="2433" VPOS="1636" WIDTH="84" HEIGHT="50" CONTENT="der" WC="0.97" CC="015"/>
						<SP ID="P1_SP00331" HPOS="2517" VPOS="1696" WIDTH="29"/>
						<String ID="P1_ST00380" HPOS="2546" VPOS="1636" WIDTH="309" HEIGHT="50" CONTENT="Gluck'schen" WC="0.85" CC="00500006201"/>
						<SP ID="P1_SP00332" HPOS="2855" VPOS="1696" WIDTH="30"/>
						<String ID="P1_ST00381" HPOS="2885" VPOS="1636" WIDTH="153" HEIGHT="50" CONTENT="Musik" WC="0.99" CC="01600"/>
						<SP ID="P1_SP00333" HPOS="3038" VPOS="1696" WIDTH="31"/>
						<String ID="P1_ST00382" HPOS="3069" VPOS="1635" WIDTH="98" HEIGHT="49" CONTENT="und" WC="0.91" CC="679"/>
						<SP ID="P1_SP00334" HPOS="3167" VPOS="1696" WIDTH="31"/>
						<String ID="P1_ST00383" HPOS="3198" VPOS="1635" WIDTH="103" HEIGHT="49" CONTENT="ihre" WC="0.98" CC="0505"/>
					</TextLine>
					<TextLine ID="P1_TL00050" HPOS="1723" VPOS="1715" WIDTH="1576" HEIGHT="70">
						<String ID="P1_ST00384" HPOS="1723" VPOS="1719" WIDTH="158" HEIGHT="66" CONTENT="innige" WC="1.00" CC="040000"/>
						<SP ID="P1_SP00335" HPOS="1881" VPOS="1785" WIDTH="24"/>
						<String ID="P1_ST00385" HPOS="1905" VPOS="1716" WIDTH="312" HEIGHT="67" CONTENT="Verbindung" WC="0.99" CC="0036060059"/>
						<SP ID="P1_SP00336" HPOS="2217" VPOS="1785" WIDTH="29"/>
						<String ID="P1_ST00386" HPOS="2246" VPOS="1716" WIDTH="84" HEIGHT="50" CONTENT="mit" WC="0.99" CC="002"/>
						<SP ID="P1_SP00337" HPOS="2330" VPOS="1785" WIDTH="28"/>
						<String ID="P1_ST00387" HPOS="2358" VPOS="1716" WIDTH="85" HEIGHT="50" CONTENT="der" WC="1.00" CC="010"/>
						<SP ID="P1_SP00338" HPOS="2443" VPOS="1785" WIDTH="22"/>
						<String ID="P1_ST00388" HPOS="2465" VPOS="1716" WIDTH="164" HEIGHT="50" CONTENT="Poesie" WC="0.99" CC="041431"/>
						<SP ID="P1_SP00339" HPOS="2629" VPOS="1785" WIDTH="29"/>
						<String ID="P1_ST00389" HPOS="2658" VPOS="1734" WIDTH="54" HEIGHT="32" CONTENT="zu" WC="0.81" CC="30"/>
						<SP ID="P1_SP00340" HPOS="2712" VPOS="1785" WIDTH="31"/>
						<String ID="P1_ST00390" HPOS="2743" VPOS="1715" WIDTH="260" HEIGHT="66" CONTENT="würdigen." WC="0.98" CC="095800744"/>
						<SP ID="P1_SP00341" HPOS="3003" VPOS="1785" WIDTH="32"/>
						<String ID="P1_ST00391" HPOS="3035" VPOS="1715" WIDTH="264" HEIGHT="67" CONTENT="Uebrigens" WC="0.57" CC="470500397"/>
					</TextLine>
					<TextLine ID="P1_TL00051" HPOS="1723" VPOS="1794" WIDTH="1575" HEIGHT="69">
						<String ID="P1_ST00392" HPOS="1723" VPOS="1814" WIDTH="177" HEIGHT="49" CONTENT="sangen" WC="1.00" CC="001002"/>
						<SP ID="P1_SP00342" HPOS="1900" VPOS="1863" WIDTH="30"/>
						<String ID="P1_ST00393" HPOS="1930" VPOS="1796" WIDTH="74" HEIGHT="50" CONTENT="die" WC="0.99" CC="010"/>
						<SP ID="P1_SP00343" HPOS="2004" VPOS="1863" WIDTH="23"/>
						<String ID="P1_ST00394" HPOS="2027" VPOS="1797" WIDTH="185" HEIGHT="47" CONTENT="Damen" WC="0.99" CC="30005"/>
						<SP ID="P1_SP00344" HPOS="2212" VPOS="1863" WIDTH="23"/>
						<String ID="P1_ST00395" HPOS="2235" VPOS="1795" WIDTH="133" HEIGHT="49" CONTENT="Krall" WC="0.99" CC="40000"/>
						<SP ID="P1_SP00345" HPOS="2368" VPOS="1863" WIDTH="32"/>
						<String ID="P1_ST00396" HPOS="2400" VPOS="1794" WIDTH="95" HEIGHT="50" CONTENT="und" WC="0.98" CC="150"/>
						<SP ID="P1_SP00346" HPOS="2495" VPOS="1863" WIDTH="23"/>
						<String ID="P1_ST00397" HPOS="2518" VPOS="1796" WIDTH="163" HEIGHT="66" CONTENT="Meyer" WC="0.97" CC="52603"/>
						<SP ID="P1_SP00347" HPOS="2681" VPOS="1863" WIDTH="21"/>
						<String ID="P1_ST00398" HPOS="2702" VPOS="1795" WIDTH="244" HEIGHT="49" CONTENT="Einzelnes" WC="0.99" CC="016236302"/>
						<SP ID="P1_SP00348" HPOS="2946" VPOS="1863" WIDTH="31"/>
						<String ID="P1_ST00399" HPOS="2977" VPOS="1794" WIDTH="129" HEIGHT="49" CONTENT="recht" WC="1.00" CC="10000"/>
						<SP ID="P1_SP00349" HPOS="3106" VPOS="1863" WIDTH="29"/>
						<String ID="P1_ST00400" HPOS="3135" VPOS="1795" WIDTH="163" HEIGHT="53" CONTENT="schön," WC="0.98" CC="006952"/>
					</TextLine>
					<TextLine ID="P1_TL00052" HPOS="1723" VPOS="1874" WIDTH="1578" HEIGHT="68">
						<String ID="P1_ST00401" HPOS="1723" VPOS="1894" WIDTH="90" HEIGHT="33" CONTENT="nur" WC="0.97" CC="123"/>
						<SP ID="P1_SP00350" HPOS="1813" VPOS="1927" WIDTH="42"/>
						<String ID="P1_ST00402" HPOS="1855" VPOS="1876" WIDTH="141" HEIGHT="50" CONTENT="fehlte" WC="0.99" CC="004200"/>
						<SP ID="P1_SP00351" HPOS="1996" VPOS="1927" WIDTH="43"/>
						<String ID="P1_ST00403" HPOS="2039" VPOS="1875" WIDTH="75" HEIGHT="49" CONTENT="die" WC="1.00" CC="000"/>
						<SP ID="P1_SP00352" HPOS="2114" VPOS="1927" WIDTH="41"/>
						<String ID="P1_ST00404" HPOS="2155" VPOS="1875" WIDTH="157" HEIGHT="67" CONTENT="innige" WC="0.99" CC="201370"/>
						<SP ID="P1_SP00353" HPOS="2312" VPOS="1942" WIDTH="44"/>
						<String ID="P1_ST00405" HPOS="2356" VPOS="1876" WIDTH="57" HEIGHT="50" CONTENT="W" WC="1.00" CC="9"/>
						<String ID="P1_ST00406" HPOS="2414" VPOS="1875" WIDTH="13" HEIGHT="19" CONTENT="r" STYLE="superscript" WC="0.23" CC="7"/>
						<String ID="P1_ST00407" HPOS="2429" VPOS="1879" WIDTH="130" HEIGHT="45" CONTENT="ärme" WC="0.98" CC="0000"/>
						<SP ID="P1_SP00354" HPOS="2559" VPOS="1942" WIDTH="44"/>
						<String ID="P1_ST00408" HPOS="2603" VPOS="1874" WIDTH="94" HEIGHT="50" CONTENT="und" WC="0.97" CC="080"/>
						<SP ID="P1_SP00355" HPOS="2697" VPOS="1942" WIDTH="57"/>
						<String ID="P1_ST00409" HPOS="2754" VPOS="1874" WIDTH="75" HEIGHT="49" CONTENT="die" WC="0.98" CC="040"/>
						<SP ID="P1_SP00356" HPOS="2829" VPOS="1942" WIDTH="45"/>
						<String ID="P1_ST00410" HPOS="2874" VPOS="1874" WIDTH="427" HEIGHT="49" CONTENT="leidenschaftliche" WC="1.00" CC="00000050120030267"/>
					</TextLine>
					<TextLine ID="P1_TL00053" HPOS="1726" VPOS="1954" WIDTH="1575" HEIGHT="58">
						<String ID="P1_ST00411" HPOS="1726" VPOS="1955" WIDTH="397" HEIGHT="57" CONTENT="Charakteristik;" WC="1.00" CC="630100500001003"/>
						<SP ID="P1_SP00357" HPOS="2123" VPOS="2012" WIDTH="32"/>
						<String ID="P1_ST00412" HPOS="2155" VPOS="1955" WIDTH="74" HEIGHT="49" CONTENT="die" WC="1.00" CC="000"/>
						<SP ID="P1_SP00358" HPOS="2229" VPOS="2012" WIDTH="31"/>
						<String ID="P1_ST00413" HPOS="2260" VPOS="1956" WIDTH="113" HEIGHT="48" CONTENT="Arie" WC="0.99" CC="0500"/>
						<SP ID="P1_SP00359" HPOS="2373" VPOS="2012" WIDTH="44"/>
						<String ID="P1_ST00414" HPOS="2417" VPOS="1954" WIDTH="80" HEIGHT="50" CONTENT="des" WC="1.00" CC="010"/>
						<SP ID="P1_SP00360" HPOS="2497" VPOS="2012" WIDTH="36"/>
						<String ID="P1_ST00415" HPOS="2533" VPOS="1955" WIDTH="201" HEIGHT="49" CONTENT="Rinaldo" WC="0.73" CC="5000507"/>
						<SP ID="P1_SP00361" HPOS="2734" VPOS="2012" WIDTH="46"/>
						<String ID="P1_ST00416" HPOS="2780" VPOS="1955" WIDTH="43" HEIGHT="48" CONTENT="in" WC="0.99" CC="00"/>
						<SP ID="P1_SP00362" HPOS="2823" VPOS="2012" WIDTH="30"/>
						<String ID="P1_ST00417" HPOS="2853" VPOS="1954" WIDTH="176" HEIGHT="50" CONTENT="D-dur" WC="0.77" CC="02260" STYLEREFS="TXT_11"/>
						<SP ID="P1_SP00363" HPOS="3029" VPOS="2012" WIDTH="35"/>
						<String ID="P1_ST00418" HPOS="3064" VPOS="1971" WIDTH="102" HEIGHT="32" CONTENT="war" WC="0.98" CC="004"/>
						<SP ID="P1_SP00364" HPOS="3166" VPOS="2012" WIDTH="29"/>
						<String ID="P1_ST00419" HPOS="3195" VPOS="1955" WIDTH="106" HEIGHT="48" CONTENT="eine" WC="0.97" CC="2750"/>
					</TextLine>
					<TextLine ID="P1_TL00054" HPOS="1722" VPOS="2032" WIDTH="1580" HEIGHT="69">
						<String ID="P1_ST00420" HPOS="1722" VPOS="2035" WIDTH="85" HEIGHT="49" CONTENT="der" WC="0.98" CC="005"/>
						<SP ID="P1_SP00365" HPOS="1807" VPOS="2084" WIDTH="36"/>
						<String ID="P1_ST00421" HPOS="1843" VPOS="2035" WIDTH="162" HEIGHT="49" CONTENT="besten" WC="0.98" CC="645000"/>
						<SP ID="P1_SP00366" HPOS="2005" VPOS="2084" WIDTH="29"/>
						<String ID="P1_ST00422" HPOS="2034" VPOS="2035" WIDTH="284" HEIGHT="65" CONTENT="Leistungen" WC="1.00" CC="0025070002"/>
						<SP ID="P1_SP00367" HPOS="2318" VPOS="2100" WIDTH="31"/>
						<String ID="P1_ST00423" HPOS="2349" VPOS="2034" WIDTH="80" HEIGHT="50" CONTENT="des" WC="0.97" CC="006"/>
						<SP ID="P1_SP00368" HPOS="2429" VPOS="2100" WIDTH="31"/>
						<String ID="P1_ST00424" HPOS="2460" VPOS="2035" WIDTH="156" HEIGHT="48" CONTENT="Herrn" WC="0.98" CC="82005"/>
						<SP ID="P1_SP00369" HPOS="2616" VPOS="2100" WIDTH="33"/>
						<String ID="P1_ST00425" HPOS="2649" VPOS="2032" WIDTH="257" HEIGHT="52" CONTENT="Schneider" WC="0.99" CC="210400830"/>
						<SP ID="P1_SP00370" HPOS="2906" VPOS="2100" WIDTH="30"/>
						<String ID="P1_ST00426" HPOS="2936" VPOS="2050" WIDTH="60" HEIGHT="33" CONTENT="an" WC="0.67" CC="06"/>
						<SP ID="P1_SP00371" HPOS="2996" VPOS="2100" WIDTH="30"/>
						<String ID="P1_ST00427" HPOS="3026" VPOS="2032" WIDTH="107" HEIGHT="50" CONTENT="dem" WC="0.98" CC="040"/>
						<SP ID="P1_SP00372" HPOS="3133" VPOS="2100" WIDTH="48"/>
						<String ID="P1_ST00428" HPOS="3181" VPOS="2050" WIDTH="91" HEIGHT="51" CONTENT="gan" SUBS_TYPE="HypPart1" SUBS_CONTENT="ganzen" WC="0.94" CC="996"/>
						<HYP HPOS="3272" VPOS="2050" WIDTH="30" CONTENT="-"/>
					</TextLine>
					<TextLine ID="P1_TL00055" HPOS="1722" VPOS="2116" WIDTH="264" HEIGHT="48">
						<String ID="P1_ST00429" HPOS="1722" VPOS="2131" WIDTH="82" HEIGHT="33" CONTENT="zen" SUBS_TYPE="HypPart2" SUBS_CONTENT="ganzen" WC="0.97" CC="600"/>
						<SP ID="P1_SP00373" HPOS="1804" VPOS="2164" WIDTH="32"/>
						<String ID="P1_ST00430" HPOS="1836" VPOS="2116" WIDTH="150" HEIGHT="48" CONTENT="Feste." WC="0.98" CC="930004"/>
					</TextLine>
					<TextLine ID="P1_TL00056" HPOS="1844" VPOS="2194" WIDTH="1458" HEIGHT="67">
						<String ID="P1_ST00431" HPOS="1844" VPOS="2196" WIDTH="98" HEIGHT="50" CONTENT="Das" WC="0.98" CC="400"/>
						<SP ID="P1_SP00374" HPOS="1942" VPOS="2246" WIDTH="42"/>
						<String ID="P1_ST00432" HPOS="1984" VPOS="2195" WIDTH="257" HEIGHT="49" CONTENT="Orchester" WC="0.99" CC="007600603"/>
						<SP ID="P1_SP00375" HPOS="2241" VPOS="2246" WIDTH="42"/>
						<String ID="P1_ST00433" HPOS="2283" VPOS="2210" WIDTH="101" HEIGHT="33" CONTENT="war" WC="0.94" CC="095"/>
						<SP ID="P1_SP00376" HPOS="2384" VPOS="2246" WIDTH="41"/>
						<String ID="P1_ST00434" HPOS="2425" VPOS="2195" WIDTH="290" HEIGHT="49" CONTENT="vortrefflich" WC="1.00" CC="005000000073"/>
						<SP ID="P1_SP00377" HPOS="2715" VPOS="2246" WIDTH="52"/>
						<String ID="P1_ST00435" HPOS="2767" VPOS="2195" WIDTH="46" HEIGHT="48" CONTENT="in" WC="1.00" CC="00"/>
						<SP ID="P1_SP00378" HPOS="2813" VPOS="2246" WIDTH="38"/>
						<String ID="P1_ST00436" HPOS="2851" VPOS="2194" WIDTH="137" HEIGHT="67" CONTENT="jeder" WC="0.99" CC="60000"/>
						<SP ID="P1_SP00379" HPOS="2988" VPOS="2261" WIDTH="39"/>
						<String ID="P1_ST00437" HPOS="3027" VPOS="2194" WIDTH="275" HEIGHT="66" CONTENT="Beziehung" WC="0.98" CC="705003849"/>
					</TextLine>
					<TextLine ID="P1_TL00057" HPOS="1724" VPOS="2272" WIDTH="1577" HEIGHT="59">
						<String ID="P1_ST00438" HPOS="1724" VPOS="2274" WIDTH="97" HEIGHT="50" CONTENT="und" WC="0.96" CC="055"/>
						<SP ID="P1_SP00380" HPOS="1821" VPOS="2324" WIDTH="28"/>
						<String ID="P1_ST00439" HPOS="1849" VPOS="2279" WIDTH="182" HEIGHT="45" CONTENT="ärntete" WC="0.73" CC="9050300"/>
						<SP ID="P1_SP00381" HPOS="2031" VPOS="2324" WIDTH="29"/>
						<String ID="P1_ST00440" HPOS="2060" VPOS="2274" WIDTH="90" HEIGHT="49" CONTENT="den" WC="0.96" CC="046"/>
						<SP ID="P1_SP00382" HPOS="2150" VPOS="2324" WIDTH="29"/>
						<String ID="P1_ST00441" HPOS="2179" VPOS="2274" WIDTH="342" HEIGHT="49" CONTENT="ehrenvollsten" WC="0.99" CC="0030201473505"/>
						<SP ID="P1_SP00383" HPOS="2521" VPOS="2324" WIDTH="15"/>
						<String ID="P1_ST00442" HPOS="2536" VPOS="2275" WIDTH="138" HEIGHT="48" CONTENT="Lohn" WC="0.98" CC="0206"/>
						<SP ID="P1_SP00384" HPOS="2674" VPOS="2324" WIDTH="30"/>
						<String ID="P1_ST00443" HPOS="2704" VPOS="2274" WIDTH="149" HEIGHT="49" CONTENT="durch" WC="0.98" CC="06006"/>
						<SP ID="P1_SP00385" HPOS="2853" VPOS="2324" WIDTH="30"/>
						<String ID="P1_ST00444" HPOS="2883" VPOS="2274" WIDTH="91" HEIGHT="49" CONTENT="den" WC="0.98" CC="004"/>
						<SP ID="P1_SP00386" HPOS="2974" VPOS="2324" WIDTH="29"/>
						<String ID="P1_ST00445" HPOS="3003" VPOS="2272" WIDTH="187" HEIGHT="59" CONTENT="Beifall," WC="0.99" CC="40000107"/>
						<SP ID="P1_SP00387" HPOS="3190" VPOS="2331" WIDTH="22"/>
						<String ID="P1_ST00446" HPOS="3212" VPOS="2272" WIDTH="89" HEIGHT="50" CONTENT="den" WC="0.94" CC="834"/>
					</TextLine>
					<TextLine ID="P1_TL00058" HPOS="1724" VPOS="2352" WIDTH="1579" HEIGHT="68">
						<String ID="P1_ST00447" HPOS="1724" VPOS="2354" WIDTH="74" HEIGHT="49" CONTENT="die" WC="0.97" CC="610"/>
						<SP ID="P1_SP00388" HPOS="1798" VPOS="2403" WIDTH="32"/>
						<String ID="P1_ST00448" HPOS="1830" VPOS="2354" WIDTH="244" HEIGHT="49" CONTENT="heroische" WC="1.00" CC="003100060"/>
						<SP ID="P1_SP00389" HPOS="2074" VPOS="2403" WIDTH="29"/>
						<String ID="P1_ST00449" HPOS="2103" VPOS="2354" WIDTH="208" HEIGHT="49" CONTENT="Sinfonie" WC="0.99" CC="23102600"/>
						<SP ID="P1_SP00390" HPOS="2311" VPOS="2403" WIDTH="29"/>
						<String ID="P1_ST00450" HPOS="2340" VPOS="2370" WIDTH="87" HEIGHT="33" CONTENT="von" WC="0.95" CC="066"/>
						<SP ID="P1_SP00391" HPOS="2427" VPOS="2403" WIDTH="30"/>
						<String ID="P1_ST00451" HPOS="2457" VPOS="2352" WIDTH="269" HEIGHT="51" CONTENT="Beethoven" WC="0.99" CC="551041002"/>
						<SP ID="P1_SP00392" HPOS="2726" VPOS="2403" WIDTH="31"/>
						<String ID="P1_ST00452" HPOS="2757" VPOS="2352" WIDTH="74" HEIGHT="51" CONTENT="bei" WC="0.96" CC="720"/>
						<SP ID="P1_SP00393" HPOS="2831" VPOS="2403" WIDTH="38"/>
						<String ID="P1_ST00453" HPOS="2869" VPOS="2352" WIDTH="161" HEIGHT="68" CONTENT="jedem" WC="1.00" CC="00020"/>
						<SP ID="P1_SP00394" HPOS="3030" VPOS="2420" WIDTH="32"/>
						<String ID="P1_ST00454" HPOS="3062" VPOS="2354" WIDTH="136" HEIGHT="48" CONTENT="Satze" WC="0.98" CC="52040"/>
						<SP ID="P1_SP00395" HPOS="3198" VPOS="2420" WIDTH="30"/>
						<String ID="P1_ST00455" HPOS="3228" VPOS="2370" WIDTH="50" HEIGHT="32" CONTENT="er" SUBS_TYPE="HypPart1" SUBS_CONTENT="erhielt." WC="0.96" CC="52"/>
						<HYP HPOS="3278" VPOS="2370" WIDTH="25" CONTENT="-"/>
					</TextLine>
					<TextLine ID="P1_TL00059" HPOS="1723" VPOS="2431" WIDTH="1576" HEIGHT="67">
						<String ID="P1_ST00456" HPOS="1723" VPOS="2432" WIDTH="127" HEIGHT="50" CONTENT="hielt." SUBS_TYPE="HypPart2" SUBS_CONTENT="erhielt." WC="0.98" CC="460550"/>
						<SP ID="P1_SP00396" HPOS="1850" VPOS="2482" WIDTH="31"/>
						<String ID="P1_ST00457" HPOS="1881" VPOS="2434" WIDTH="91" HEIGHT="48" CONTENT="Die" WC="0.97" CC="700"/>
						<SP ID="P1_SP00397" HPOS="1972" VPOS="2482" WIDTH="23"/>
						<String ID="P1_ST00458" HPOS="1995" VPOS="2432" WIDTH="319" HEIGHT="66" CONTENT="Ausführung" WC="0.99" CC="2700054630"/>
						<SP ID="P1_SP00398" HPOS="2314" VPOS="2498" WIDTH="29"/>
						<String ID="P1_ST00459" HPOS="2343" VPOS="2431" WIDTH="249" HEIGHT="51" CONTENT="derselben" WC="0.99" CC="011132706"/>
						<SP ID="P1_SP00399" HPOS="2592" VPOS="2498" WIDTH="27"/>
						<String ID="P1_ST00460" HPOS="2619" VPOS="2450" WIDTH="104" HEIGHT="32" CONTENT="war" WC="0.94" CC="707"/>
						<SP ID="P1_SP00400" HPOS="2723" VPOS="2498" WIDTH="26"/>
						<String ID="P1_ST00461" HPOS="2749" VPOS="2432" WIDTH="46" HEIGHT="50" CONTENT="in" WC="0.34" CC="66"/>
						<SP ID="P1_SP00401" HPOS="2795" VPOS="2498" WIDTH="31"/>
						<String ID="P1_ST00462" HPOS="2826" VPOS="2431" WIDTH="85" HEIGHT="51" CONTENT="der" WC="0.99" CC="010"/>
						<SP ID="P1_SP00402" HPOS="2911" VPOS="2498" WIDTH="24"/>
						<String ID="P1_ST00463" HPOS="2935" VPOS="2432" WIDTH="124" HEIGHT="50" CONTENT="That" WC="0.97" CC="0000"/>
						<SP ID="P1_SP00403" HPOS="3059" VPOS="2498" WIDTH="28"/>
						<String ID="P1_ST00464" HPOS="3087" VPOS="2431" WIDTH="85" HEIGHT="51" CONTENT="der" WC="1.00" CC="000"/>
						<SP ID="P1_SP00404" HPOS="3172" VPOS="2498" WIDTH="21"/>
						<String ID="P1_ST00465" HPOS="3193" VPOS="2432" WIDTH="106" HEIGHT="57" CONTENT="Art," WC="0.96" CC="0970"/>
					</TextLine>
					<TextLine ID="P1_TL00060" HPOS="1722" VPOS="2510" WIDTH="1576" HEIGHT="67">
						<String ID="P1_ST00466" HPOS="1722" VPOS="2512" WIDTH="105" HEIGHT="50" CONTENT="dass" WC="1.00" CC="0000"/>
						<SP ID="P1_SP00405" HPOS="1827" VPOS="2562" WIDTH="31"/>
						<String ID="P1_ST00467" HPOS="1858" VPOS="2529" WIDTH="109" HEIGHT="33" CONTENT="man" WC="0.98" CC="005"/>
						<SP ID="P1_SP00406" HPOS="1967" VPOS="2562" WIDTH="29"/>
						<String ID="P1_ST00468" HPOS="1996" VPOS="2512" WIDTH="65" HEIGHT="49" CONTENT="sie" WC="0.99" CC="010"/>
						<SP ID="P1_SP00407" HPOS="2061" VPOS="2562" WIDTH="29"/>
						<String ID="P1_ST00469" HPOS="2090" VPOS="2512" WIDTH="62" HEIGHT="49" CONTENT="im" WC="0.82" CC="03"/>
						<SP ID="P1_SP00408" HPOS="2152" VPOS="2562" WIDTH="32"/>
						<String ID="P1_ST00470" HPOS="2184" VPOS="2511" WIDTH="192" HEIGHT="66" CONTENT="Allegro" WC="0.57" CC="0750915"/>
						<SP ID="P1_SP00409" HPOS="2376" VPOS="2577" WIDTH="32"/>
						<String ID="P1_ST00471" HPOS="2408" VPOS="2511" WIDTH="96" HEIGHT="50" CONTENT="und" WC="0.97" CC="350"/>
						<SP ID="P1_SP00410" HPOS="2504" VPOS="2577" WIDTH="27"/>
						<String ID="P1_ST00472" HPOS="2531" VPOS="2512" WIDTH="165" HEIGHT="50" CONTENT="Finale" WC="0.99" CC="530000"/>
						<SP ID="P1_SP00411" HPOS="2696" VPOS="2577" WIDTH="42"/>
						<String ID="P1_ST00473" HPOS="2738" VPOS="2512" WIDTH="109" HEIGHT="49" CONTENT="sehr" WC="0.96" CC="4760"/>
						<SP ID="P1_SP00412" HPOS="2847" VPOS="2577" WIDTH="29"/>
						<String ID="P1_ST00474" HPOS="2876" VPOS="2517" WIDTH="101" HEIGHT="60" CONTENT="gut," WC="0.98" CC="0070"/>
						<SP ID="P1_SP00413" HPOS="2977" VPOS="2577" WIDTH="40"/>
						<String ID="P1_ST00475" HPOS="3017" VPOS="2511" WIDTH="63" HEIGHT="50" CONTENT="im" WC="0.50" CC="09"/>
						<SP ID="P1_SP00414" HPOS="3080" VPOS="2577" WIDTH="31"/>
						<String ID="P1_ST00476" HPOS="3111" VPOS="2510" WIDTH="187" HEIGHT="67" CONTENT="Adagio" WC="0.98" CC="000657"/>
					</TextLine>
					<TextLine ID="P1_TL00061" HPOS="1722" VPOS="2590" WIDTH="1576" HEIGHT="52">
						<String ID="P1_ST00477" HPOS="1722" VPOS="2591" WIDTH="95" HEIGHT="51" CONTENT="und" WC="0.99" CC="300"/>
						<SP ID="P1_SP00415" HPOS="1817" VPOS="2642" WIDTH="28"/>
						<String ID="P1_ST00478" HPOS="1845" VPOS="2592" WIDTH="62" HEIGHT="49" CONTENT="im" WC="0.90" CC="02"/>
						<SP ID="P1_SP00416" HPOS="1907" VPOS="2642" WIDTH="26"/>
						<String ID="P1_ST00479" HPOS="1933" VPOS="2592" WIDTH="202" HEIGHT="49" CONTENT="Scherzo" WC="1.00" CC="6000000"/>
						<SP ID="P1_SP00417" HPOS="2135" VPOS="2642" WIDTH="29"/>
						<String ID="P1_ST00480" HPOS="2164" VPOS="2590" WIDTH="232" HEIGHT="49" CONTENT="vollendet" WC="0.99" CC="721500060"/>
						<SP ID="P1_SP00418" HPOS="2396" VPOS="2642" WIDTH="27"/>
						<String ID="P1_ST00481" HPOS="2423" VPOS="2609" WIDTH="185" HEIGHT="30" CONTENT="nennen" WC="0.98" CC="005670"/>
						<SP ID="P1_SP00419" HPOS="2608" VPOS="2642" WIDTH="30"/>
						<String ID="P1_ST00482" HPOS="2638" VPOS="2591" WIDTH="189" HEIGHT="50" CONTENT="konnte." WC="0.98" CC="9433034"/>
						<SP ID="P1_SP00420" HPOS="2827" VPOS="2642" WIDTH="33"/>
						<String ID="P1_ST00483" HPOS="2860" VPOS="2591" WIDTH="89" HEIGHT="48" CONTENT="Die" WC="0.96" CC="065"/>
						<SP ID="P1_SP00421" HPOS="2949" VPOS="2642" WIDTH="20"/>
						<String ID="P1_ST00484" HPOS="2969" VPOS="2592" WIDTH="149" HEIGHT="49" CONTENT="Leser" WC="0.99" CC="11040"/>
						<SP ID="P1_SP00422" HPOS="3118" VPOS="2642" WIDTH="28"/>
						<String ID="P1_ST00485" HPOS="3146" VPOS="2590" WIDTH="152" HEIGHT="51" CONTENT="dieser" WC="0.99" CC="020270"/>
					</TextLine>
					<TextLine ID="P1_TL00062" HPOS="1721" VPOS="2669" WIDTH="1577" HEIGHT="68">
						<String ID="P1_ST00486" HPOS="1721" VPOS="2671" WIDTH="193" HEIGHT="57" CONTENT="Blätter," WC="0.99" CC="60061004"/>
						<SP ID="P1_SP00423" HPOS="1914" VPOS="2728" WIDTH="44"/>
						<String ID="P1_ST00487" HPOS="1958" VPOS="2670" WIDTH="178" HEIGHT="51" CONTENT="welche" WC="0.99" CC="003605"/>
						<SP ID="P1_SP00424" HPOS="2136" VPOS="2728" WIDTH="44"/>
						<String ID="P1_ST00488" HPOS="2180" VPOS="2686" WIDTH="169" HEIGHT="32" CONTENT="unsere" WC="1.00" CC="001001"/>
						<SP ID="P1_SP00425" HPOS="2349" VPOS="2728" WIDTH="42"/>
						<String ID="P1_ST00489" HPOS="2391" VPOS="2670" WIDTH="400" HEIGHT="67" CONTENT="Anforderungen" WC="1.00" CC="0702100002900"/>
						<SP ID="P1_SP00426" HPOS="2791" VPOS="2737" WIDTH="59"/>
						<String ID="P1_ST00490" HPOS="2850" VPOS="2686" WIDTH="58" HEIGHT="33" CONTENT="an" WC="1.00" CC="00"/>
						<SP ID="P1_SP00427" HPOS="2908" VPOS="2737" WIDTH="45"/>
						<String ID="P1_ST00491" HPOS="2953" VPOS="2669" WIDTH="90" HEIGHT="50" CONTENT="den" WC="0.99" CC="012"/>
						<SP ID="P1_SP00428" HPOS="3043" VPOS="2737" WIDTH="44"/>
						<String ID="P1_ST00492" HPOS="3087" VPOS="2670" WIDTH="211" HEIGHT="63" CONTENT="Vortrag" WC="0.98" CC="0520459"/>
					</TextLine>
					<TextLine ID="P1_TL00063" HPOS="1721" VPOS="2749" WIDTH="1574" HEIGHT="52">
						<String ID="P1_ST00493" HPOS="1721" VPOS="2750" WIDTH="421" HEIGHT="51" CONTENT="Beethoven'scher" WC="0.73" CC="600340008060603"/>
						<SP ID="P1_SP00429" HPOS="2142" VPOS="2801" WIDTH="42"/>
						<String ID="P1_ST00494" HPOS="2184" VPOS="2749" WIDTH="269" HEIGHT="50" CONTENT="Sinfonieen" WC="0.71" CC="4030060067"/>
						<SP ID="P1_SP00430" HPOS="2453" VPOS="2801" WIDTH="45"/>
						<String ID="P1_ST00495" HPOS="2498" VPOS="2768" WIDTH="84" HEIGHT="31" CONTENT="aus" WC="0.97" CC="070"/>
						<SP ID="P1_SP00431" HPOS="2582" VPOS="2801" WIDTH="56"/>
						<String ID="P1_ST00496" HPOS="2638" VPOS="2750" WIDTH="88" HEIGHT="49" CONTENT="den" WC="1.00" CC="000"/>
						<SP ID="P1_SP00432" HPOS="2726" VPOS="2801" WIDTH="45"/>
						<String ID="P1_ST00497" HPOS="2771" VPOS="2749" WIDTH="362" HEIGHT="50" CONTENT="verschiedenen" WC="1.00" CC="0401040000102"/>
						<SP ID="P1_SP00433" HPOS="3133" VPOS="2801" WIDTH="44"/>
						<String ID="P1_ST00498" HPOS="3177" VPOS="2749" WIDTH="89" HEIGHT="50" CONTENT="Auf" SUBS_TYPE="HypPart1" SUBS_CONTENT="Aufsätzen" WC="0.95" CC="529"/>
						<HYP HPOS="3266" VPOS="2749" WIDTH="29" CONTENT="-"/>
					</TextLine>
					<TextLine ID="P1_TL00064" HPOS="1722" VPOS="2827" WIDTH="1576" HEIGHT="68">
						<String ID="P1_ST00499" HPOS="1722" VPOS="2834" WIDTH="154" HEIGHT="44" CONTENT="sätzen" SUBS_TYPE="HypPart2" SUBS_CONTENT="Aufsätzen" WC="1.00" CC="000041"/>
						<SP ID="P1_SP00434" HPOS="1876" VPOS="2878" WIDTH="40"/>
						<String ID="P1_ST00500" HPOS="1916" VPOS="2830" WIDTH="120" HEIGHT="49" CONTENT="über" WC="0.98" CC="0506"/>
						<SP ID="P1_SP00435" HPOS="2036" VPOS="2879" WIDTH="35"/>
						<String ID="P1_ST00501" HPOS="2071" VPOS="2829" WIDTH="156" HEIGHT="50" CONTENT="diesen" WC="1.00" CC="000300"/>
						<SP ID="P1_SP00436" HPOS="2227" VPOS="2879" WIDTH="35"/>
						<String ID="P1_ST00502" HPOS="2262" VPOS="2829" WIDTH="301" HEIGHT="66" CONTENT="Gegenstand" WC="0.99" CC="4400522060"/>
						<SP ID="P1_SP00437" HPOS="2563" VPOS="2895" WIDTH="43"/>
						<String ID="P1_ST00503" HPOS="2606" VPOS="2829" WIDTH="202" HEIGHT="58" CONTENT="kennen," WC="0.99" CC="0027000"/>
						<SP ID="P1_SP00438" HPOS="2808" VPOS="2895" WIDTH="42"/>
						<String ID="P1_ST00504" HPOS="2850" VPOS="2827" WIDTH="195" HEIGHT="51" CONTENT="werden" WC="0.98" CC="004037"/>
						<SP ID="P1_SP00439" HPOS="3045" VPOS="2895" WIDTH="43"/>
						<String ID="P1_ST00505" HPOS="3088" VPOS="2827" WIDTH="210" HEIGHT="51" CONTENT="darüber" WC="0.98" CC="0049008"/>
					</TextLine>
					<TextLine ID="P1_TL00065" HPOS="1724" VPOS="2907" WIDTH="1571" HEIGHT="60">
						<String ID="P1_ST00506" HPOS="1724" VPOS="2909" WIDTH="353" HEIGHT="50" CONTENT="einverstanden" WC="1.00" CC="0050034405005"/>
						<SP ID="P1_SP00440" HPOS="2077" VPOS="2959" WIDTH="45"/>
						<String ID="P1_ST00507" HPOS="2122" VPOS="2910" WIDTH="114" HEIGHT="57" CONTENT="sein," WC="0.99" CC="50220"/>
						<SP ID="P1_SP00441" HPOS="2236" VPOS="2967" WIDTH="43"/>
						<String ID="P1_ST00508" HPOS="2279" VPOS="2907" WIDTH="106" HEIGHT="51" CONTENT="dass" WC="0.49" CC="9613"/>
						<SP ID="P1_SP00442" HPOS="2385" VPOS="2967" WIDTH="28"/>
						<String ID="P1_ST00509" HPOS="2413" VPOS="2909" WIDTH="87" HEIGHT="49" CONTENT="wir" WC="0.98" CC="004"/>
						<SP ID="P1_SP00443" HPOS="2500" VPOS="2967" WIDTH="30"/>
						<String ID="P1_ST00510" HPOS="2530" VPOS="2909" WIDTH="83" HEIGHT="49" CONTENT="mit" WC="1.00" CC="000"/>
						<SP ID="P1_SP00444" HPOS="2613" VPOS="2967" WIDTH="28"/>
						<String ID="P1_ST00511" HPOS="2641" VPOS="2909" WIDTH="174" HEIGHT="49" CONTENT="diesem" WC="1.00" CC="006000"/>
						<SP ID="P1_SP00445" HPOS="2815" VPOS="2967" WIDTH="31"/>
						<String ID="P1_ST00512" HPOS="2846" VPOS="2907" WIDTH="245" HEIGHT="51" CONTENT="Prädicate" WC="0.93" CC="023000000"/>
						<SP ID="P1_SP00446" HPOS="3091" VPOS="2967" WIDTH="30"/>
						<String ID="P1_ST00513" HPOS="3121" VPOS="2907" WIDTH="150" HEIGHT="50" CONTENT="sicher" SUBS_TYPE="HypPart1" SUBS_CONTENT="sicherlich" WC="0.98" CC="000575"/>
						<HYP HPOS="3271" VPOS="2907" WIDTH="24" CONTENT="-"/>
					</TextLine>
					<TextLine ID="P1_TL00066" HPOS="1724" VPOS="2987" WIDTH="1573" HEIGHT="68">
						<String ID="P1_ST00514" HPOS="1724" VPOS="2990" WIDTH="91" HEIGHT="49" CONTENT="lich" SUBS_TYPE="HypPart2" SUBS_CONTENT="sicherlich" WC="0.98" CC="5003"/>
						<SP ID="P1_SP00447" HPOS="1815" VPOS="3039" WIDTH="29"/>
						<String ID="P1_ST00515" HPOS="1844" VPOS="2990" WIDTH="127" HEIGHT="49" CONTENT="nicht" WC="1.00" CC="10001"/>
						<SP ID="P1_SP00448" HPOS="1971" VPOS="3039" WIDTH="28"/>
						<String ID="P1_ST00516" HPOS="1999" VPOS="2989" WIDTH="454" HEIGHT="49" CONTENT="verschwenderisch" WC="1.00" CC="0023070169060600"/>
						<SP ID="P1_SP00449" HPOS="2453" VPOS="3039" WIDTH="26"/>
						<String ID="P1_ST00517" HPOS="2479" VPOS="2989" WIDTH="237" HEIGHT="66" CONTENT="umgehen" WC="0.99" CC="7000500"/>
						<SP ID="P1_SP00450" HPOS="2716" VPOS="3055" WIDTH="24"/>
						<String ID="P1_ST00518" HPOS="2740" VPOS="2989" WIDTH="190" HEIGHT="48" CONTENT="werden" WC="0.99" CC="620004"/>
						<SP ID="P1_SP00451" HPOS="2930" VPOS="3055" WIDTH="19"/>
						<String ID="P1_ST00519" HPOS="2949" VPOS="3006" WIDTH="11" HEIGHT="38" CONTENT=";" WC="0.99" CC="0"/>
						<SP ID="P1_SP00452" HPOS="2960" VPOS="3055" WIDTH="32"/>
						<String ID="P1_ST00520" HPOS="2992" VPOS="2989" WIDTH="85" HEIGHT="49" CONTENT="auf" WC="0.99" CC="110"/>
						<SP ID="P1_SP00453" HPOS="3077" VPOS="3055" WIDTH="23"/>
						<String ID="P1_ST00521" HPOS="3100" VPOS="2987" WIDTH="85" HEIGHT="50" CONTENT="der" WC="1.00" CC="000"/>
						<SP ID="P1_SP00454" HPOS="3185" VPOS="3055" WIDTH="28"/>
						<String ID="P1_ST00522" HPOS="3213" VPOS="3005" WIDTH="56" HEIGHT="32" CONTENT="an" SUBS_TYPE="HypPart1" SUBS_CONTENT="anderen" WC="0.95" CC="90"/>
						<HYP HPOS="3269" VPOS="3005" WIDTH="28" CONTENT="-"/>
					</TextLine>
					<TextLine ID="P1_TL00067" HPOS="1724" VPOS="3066" WIDTH="1570" HEIGHT="52">
						<String ID="P1_ST00523" HPOS="1724" VPOS="3069" WIDTH="144" HEIGHT="49" CONTENT="deren" SUBS_TYPE="HypPart2" SUBS_CONTENT="anderen" WC="0.99" CC="01105"/>
						<SP ID="P1_SP00455" HPOS="1868" VPOS="3118" WIDTH="25"/>
						<String ID="P1_ST00524" HPOS="1893" VPOS="3070" WIDTH="125" HEIGHT="48" CONTENT="Seite" WC="0.99" CC="30003"/>
						<SP ID="P1_SP00456" HPOS="2018" VPOS="3118" WIDTH="29"/>
						<String ID="P1_ST00525" HPOS="2047" VPOS="3069" WIDTH="155" HEIGHT="49" CONTENT="dürfte" WC="0.97" CC="090927"/>
						<SP ID="P1_SP00457" HPOS="2202" VPOS="3118" WIDTH="30"/>
						<String ID="P1_ST00526" HPOS="2232" VPOS="3085" WIDTH="47" HEIGHT="32" CONTENT="es" WC="0.67" CC="15"/>
						<SP ID="P1_SP00458" HPOS="2279" VPOS="3118" WIDTH="31"/>
						<String ID="P1_ST00527" HPOS="2310" VPOS="3067" WIDTH="115" HEIGHT="51" CONTENT="aber" WC="0.98" CC="5500"/>
						<SP ID="P1_SP00459" HPOS="2425" VPOS="3118" WIDTH="28"/>
						<String ID="P1_ST00528" HPOS="2453" VPOS="3069" WIDTH="120" HEIGHT="48" CONTENT="auch" WC="1.00" CC="0000"/>
						<SP ID="P1_SP00460" HPOS="2573" VPOS="3118" WIDTH="32"/>
						<String ID="P1_ST00529" HPOS="2605" VPOS="3067" WIDTH="88" HEIGHT="50" CONTENT="den" WC="0.99" CC="001"/>
						<SP ID="P1_SP00461" HPOS="2693" VPOS="3118" WIDTH="46"/>
						<String ID="P1_ST00530" HPOS="2739" VPOS="3066" WIDTH="354" HEIGHT="51" CONTENT="ausführenden" WC="1.00" CC="024006005000"/>
						<SP ID="P1_SP00462" HPOS="3093" VPOS="3118" WIDTH="26"/>
						<String ID="P1_ST00531" HPOS="3119" VPOS="3067" WIDTH="146" HEIGHT="49" CONTENT="Künst" SUBS_TYPE="HypPart1" SUBS_CONTENT="Künstlern" WC="0.98" CC="20077"/>
						<HYP HPOS="3265" VPOS="3067" WIDTH="29" CONTENT="-"/>
					</TextLine>
					<TextLine ID="P1_TL00068" HPOS="1724" VPOS="3145" WIDTH="1570" HEIGHT="68">
						<String ID="P1_ST00532" HPOS="1724" VPOS="3149" WIDTH="99" HEIGHT="47" CONTENT="lern" SUBS_TYPE="HypPart2" SUBS_CONTENT="Künstlern" WC="0.97" CC="1047"/>
						<SP ID="P1_SP00463" HPOS="1823" VPOS="3196" WIDTH="28"/>
						<String ID="P1_ST00533" HPOS="1851" VPOS="3147" WIDTH="98" HEIGHT="50" CONTENT="und" WC="0.93" CC="648"/>
						<SP ID="P1_SP00464" HPOS="1949" VPOS="3197" WIDTH="31"/>
						<String ID="P1_ST00534" HPOS="1980" VPOS="3146" WIDTH="104" HEIGHT="51" CONTENT="dem" WC="0.99" CC="030"/>
						<SP ID="P1_SP00465" HPOS="2084" VPOS="3197" WIDTH="32"/>
						<String ID="P1_ST00535" HPOS="2116" VPOS="3147" WIDTH="276" HEIGHT="66" CONTENT="Dirigenten" WC="0.99" CC="4000036008"/>
						<SP ID="P1_SP00466" HPOS="2392" VPOS="3213" WIDTH="45"/>
						<String ID="P1_ST00536" HPOS="2437" VPOS="3146" WIDTH="263" HEIGHT="65" CONTENT="angenehm" WC="0.99" CC="04053050"/>
						<SP ID="P1_SP00467" HPOS="2700" VPOS="3213" WIDTH="44"/>
						<String ID="P1_ST00537" HPOS="2744" VPOS="3145" WIDTH="115" HEIGHT="60" CONTENT="sein," WC="0.99" CC="20022"/>
						<SP ID="P1_SP00468" HPOS="2859" VPOS="3213" WIDTH="45"/>
						<String ID="P1_ST00538" HPOS="2904" VPOS="3161" WIDTH="137" HEIGHT="33" CONTENT="wenn" WC="0.98" CC="0046"/>
						<SP ID="P1_SP00469" HPOS="3041" VPOS="3213" WIDTH="31"/>
						<String ID="P1_ST00539" HPOS="3072" VPOS="3145" WIDTH="75" HEIGHT="49" CONTENT="ihr" WC="1.00" CC="010"/>
						<SP ID="P1_SP00470" HPOS="3147" VPOS="3213" WIDTH="30"/>
						<String ID="P1_ST00540" HPOS="3177" VPOS="3145" WIDTH="88" HEIGHT="49" CONTENT="Ver" SUBS_TYPE="HypPart1" SUBS_CONTENT="Verdienst" WC="0.96" CC="059"/>
						<HYP HPOS="3265" VPOS="3145" WIDTH="29" CONTENT="-"/>
					</TextLine>
					<TextLine ID="P1_TL00069" HPOS="1724" VPOS="3222" WIDTH="1571" HEIGHT="70">
						<String ID="P1_ST00541" HPOS="1724" VPOS="3226" WIDTH="149" HEIGHT="50" CONTENT="dienst" SUBS_TYPE="HypPart2" SUBS_CONTENT="Verdienst" WC="1.00" CC="000400"/>
						<SP ID="P1_SP00471" HPOS="1873" VPOS="3276" WIDTH="28"/>
						<String ID="P1_ST00542" HPOS="1901" VPOS="3244" WIDTH="86" HEIGHT="32" CONTENT="von" WC="0.96" CC="035"/>
						<SP ID="P1_SP00472" HPOS="1987" VPOS="3276" WIDTH="37"/>
						<String ID="P1_ST00543" HPOS="2024" VPOS="3225" WIDTH="290" HEIGHT="67" CONTENT="jemandem," WC="1.00" CC="050000022"/>
						<SP ID="P1_SP00473" HPOS="2314" VPOS="3292" WIDTH="42"/>
						<String ID="P1_ST00544" HPOS="2356" VPOS="3225" WIDTH="85" HEIGHT="49" CONTENT="der" WC="0.99" CC="010"/>
						<SP ID="P1_SP00474" HPOS="2441" VPOS="3292" WIDTH="28"/>
						<String ID="P1_ST00545" HPOS="2469" VPOS="3225" WIDTH="95" HEIGHT="49" CONTENT="sich" WC="1.00" CC="0000"/>
						<SP ID="P1_SP00475" HPOS="2564" VPOS="3292" WIDTH="34"/>
						<String ID="P1_ST00546" HPOS="2598" VPOS="3243" WIDTH="104" HEIGHT="30" CONTENT="zum" WC="0.97" CC="160"/>
						<SP ID="P1_SP00476" HPOS="2702" VPOS="3292" WIDTH="32"/>
						<String ID="P1_ST00547" HPOS="2734" VPOS="3224" WIDTH="166" HEIGHT="50" CONTENT="Loben" WC="0.98" CC="06506"/>
						<SP ID="P1_SP00477" HPOS="2900" VPOS="3292" WIDTH="28"/>
						<String ID="P1_ST00548" HPOS="2928" VPOS="3225" WIDTH="243" HEIGHT="66" CONTENT="legitimirt" WC="0.65" CC="5490260103"/>
						<SP ID="P1_SP00478" HPOS="3171" VPOS="3292" WIDTH="27"/>
						<String ID="P1_ST00549" HPOS="3198" VPOS="3222" WIDTH="97" HEIGHT="60" CONTENT="hat," WC="0.96" CC="6370"/>
					</TextLine>
					<TextLine ID="P1_TL00070" HPOS="1724" VPOS="3301" WIDTH="1570" HEIGHT="71">
						<String ID="P1_ST00550" HPOS="1724" VPOS="3305" WIDTH="262" HEIGHT="51" CONTENT="anerkannt" WC="0.99" CC="070000570"/>
						<SP ID="P1_SP00479" HPOS="1986" VPOS="3356" WIDTH="28"/>
						<String ID="P1_ST00551" HPOS="2014" VPOS="3301" WIDTH="131" HEIGHT="53" CONTENT="wird." WC="0.98" CC="80400"/>
						<SP ID="P1_SP00480" HPOS="2145" VPOS="3356" WIDTH="43"/>
						<String ID="P1_ST00552" HPOS="2188" VPOS="3305" WIDTH="127" HEIGHT="49" CONTENT="Alles" WC="1.00" CC="01000"/>
						<SP ID="P1_SP00481" HPOS="2315" VPOS="3356" WIDTH="42"/>
						<String ID="P1_ST00553" HPOS="2357" VPOS="3305" WIDTH="46" HEIGHT="48" CONTENT="in" WC="0.69" CC="06"/>
						<SP ID="P1_SP00482" HPOS="2403" VPOS="3356" WIDTH="28"/>
						<String ID="P1_ST00554" HPOS="2431" VPOS="3305" WIDTH="154" HEIGHT="49" CONTENT="Allem" WC="0.99" CC="04300"/>
						<SP ID="P1_SP00483" HPOS="2585" VPOS="3356" WIDTH="45"/>
						<String ID="P1_ST00555" HPOS="2630" VPOS="3321" WIDTH="303" HEIGHT="51" CONTENT="genommen," WC="0.99" CC="004000063"/>
						<SP ID="P1_SP00484" HPOS="2933" VPOS="3372" WIDTH="44"/>
						<String ID="P1_ST00556" HPOS="2977" VPOS="3305" WIDTH="166" HEIGHT="49" CONTENT="würde" WC="0.99" CC="90000"/>
						<SP ID="P1_SP00485" HPOS="3143" VPOS="3372" WIDTH="43"/>
						<String ID="P1_ST00557" HPOS="3186" VPOS="3321" WIDTH="108" HEIGHT="32" CONTENT="man" WC="0.91" CC="995"/>
					</TextLine>
					<TextLine ID="P1_TL00071" HPOS="1723" VPOS="3382" WIDTH="1571" HEIGHT="69">
						<String ID="P1_ST00558" HPOS="1723" VPOS="3385" WIDTH="127" HEIGHT="49" CONTENT="nicht" WC="0.97" CC="70362"/>
						<SP ID="P1_SP00486" HPOS="1850" VPOS="3434" WIDTH="42"/>
						<String ID="P1_ST00559" HPOS="1892" VPOS="3384" WIDTH="83" HEIGHT="49" CONTENT="mit" WC="0.98" CC="014"/>
						<SP ID="P1_SP00487" HPOS="1975" VPOS="3434" WIDTH="28"/>
						<String ID="P1_ST00560" HPOS="2003" VPOS="3385" WIDTH="208" HEIGHT="49" CONTENT="Unrecht" WC="0.99" CC="3702000"/>
						<SP ID="P1_SP00488" HPOS="2211" VPOS="3434" WIDTH="42"/>
						<String ID="P1_ST00561" HPOS="2253" VPOS="3384" WIDTH="75" HEIGHT="49" CONTENT="die" WC="1.00" CC="000"/>
						<SP ID="P1_SP00489" HPOS="2328" VPOS="3434" WIDTH="29"/>
						<String ID="P1_ST00562" HPOS="2357" VPOS="3384" WIDTH="269" HEIGHT="67" CONTENT="Anhörung" WC="0.98" CC="35796600"/>
						<SP ID="P1_SP00490" HPOS="2626" VPOS="3451" WIDTH="42"/>
						<String ID="P1_ST00563" HPOS="2668" VPOS="3382" WIDTH="84" HEIGHT="51" CONTENT="der" WC="1.00" CC="000"/>
						<SP ID="P1_SP00491" HPOS="2752" VPOS="3451" WIDTH="28"/>
						<String ID="P1_ST00564" HPOS="2780" VPOS="3384" WIDTH="275" HEIGHT="50" CONTENT="heroischen" WC="0.99" CC="6015000603"/>
						<SP ID="P1_SP00492" HPOS="3055" VPOS="3451" WIDTH="31"/>
						<String ID="P1_ST00565" HPOS="3086" VPOS="3382" WIDTH="208" HEIGHT="50" CONTENT="Sinfonie" WC="0.99" CC="60804050"/>
					</TextLine>
					<TextLine ID="P1_TL00072" HPOS="1727" VPOS="3462" WIDTH="1567" HEIGHT="54">
						<String ID="P1_ST00566" HPOS="1727" VPOS="3465" WIDTH="80" HEIGHT="48" CONTENT="für" WC="1.00" CC="001"/>
						<SP ID="P1_SP00493" HPOS="1807" VPOS="3513" WIDTH="28"/>
						<String ID="P1_ST00567" HPOS="1835" VPOS="3464" WIDTH="88" HEIGHT="49" CONTENT="den" WC="1.00" CC="000"/>
						<SP ID="P1_SP00494" HPOS="1923" VPOS="3513" WIDTH="25"/>
						<String ID="P1_ST00568" HPOS="1948" VPOS="3464" WIDTH="203" HEIGHT="49" CONTENT="reinsten" WC="1.00" CC="00010004"/>
						<SP ID="P1_SP00495" HPOS="2151" VPOS="3513" WIDTH="23"/>
						<String ID="P1_ST00569" HPOS="2174" VPOS="3464" WIDTH="97" HEIGHT="49" CONTENT="und" WC="0.96" CC="270"/>
						<SP ID="P1_SP00496" HPOS="2271" VPOS="3513" WIDTH="21"/>
						<String ID="P1_ST00570" HPOS="2292" VPOS="3464" WIDTH="418" HEIGHT="52" CONTENT="vollkommensten" WC="1.00" CC="50000003630007"/>
						<SP ID="P1_SP00497" HPOS="2710" VPOS="3516" WIDTH="28"/>
						<String ID="P1_ST00571" HPOS="2738" VPOS="3465" WIDTH="179" HEIGHT="48" CONTENT="Genuss" WC="0.66" CC="308610"/>
						<SP ID="P1_SP00498" HPOS="2917" VPOS="3516" WIDTH="30"/>
						<String ID="P1_ST00572" HPOS="2947" VPOS="3480" WIDTH="58" HEIGHT="33" CONTENT="an" WC="0.68" CC="14"/>
						<SP ID="P1_SP00499" HPOS="3005" VPOS="3516" WIDTH="30"/>
						<String ID="P1_ST00573" HPOS="3035" VPOS="3462" WIDTH="107" HEIGHT="51" CONTENT="dem" WC="1.00" CC="000"/>
						<SP ID="P1_SP00500" HPOS="3142" VPOS="3516" WIDTH="30"/>
						<String ID="P1_ST00574" HPOS="3172" VPOS="3462" WIDTH="98" HEIGHT="50" CONTENT="dies" SUBS_TYPE="HypPart1" SUBS_CONTENT="diesjährigen" WC="0.99" CC="0004"/>
						<HYP HPOS="3270" VPOS="3462" WIDTH="24" CONTENT="-"/>
					</TextLine>
					<TextLine ID="P1_TL00073" HPOS="1718" VPOS="3541" WIDTH="1577" HEIGHT="69">
						<String ID="P1_ST00575" HPOS="1718" VPOS="3544" WIDTH="217" HEIGHT="66" CONTENT="jährigen" SUBS_TYPE="HypPart2" SUBS_CONTENT="diesjährigen" WC="1.00" CC="00500000"/>
						<SP ID="P1_SP00501" HPOS="1935" VPOS="3610" WIDTH="28"/>
						<String ID="P1_ST00576" HPOS="1963" VPOS="3544" WIDTH="276" HEIGHT="49" CONTENT="Musikfeste" WC="1.00" CC="0400050000"/>
						<SP ID="P1_SP00502" HPOS="2239" VPOS="3610" WIDTH="29"/>
						<String ID="P1_ST00577" HPOS="2268" VPOS="3544" WIDTH="215" HEIGHT="50" CONTENT="erklären" WC="0.99" CC="06069200"/>
						<SP ID="P1_SP00503" HPOS="2483" VPOS="3610" WIDTH="30"/>
						<String ID="P1_ST00578" HPOS="2513" VPOS="3542" WIDTH="180" HEIGHT="51" CONTENT="dürfen." WC="0.99" CC="0060002"/>
						<SP ID="P1_SP00504" HPOS="2693" VPOS="3610" WIDTH="42"/>
						<String ID="P1_ST00579" HPOS="2735" VPOS="3544" WIDTH="88" HEIGHT="48" CONTENT="Ein" WC="0.98" CC="600"/>
						<SP ID="P1_SP00505" HPOS="2823" VPOS="3610" WIDTH="29"/>
						<String ID="P1_ST00580" HPOS="2852" VPOS="3542" WIDTH="111" HEIGHT="50" CONTENT="sehr" WC="0.98" CC="0052"/>
						<SP ID="P1_SP00506" HPOS="2963" VPOS="3610" WIDTH="28"/>
						<String ID="P1_ST00581" HPOS="2991" VPOS="3541" WIDTH="304" HEIGHT="51" CONTENT="erfreuliches" WC="0.99" CC="040006503467"/>
					</TextLine>
					<TextLine ID="P1_TL00074" HPOS="1723" VPOS="3620" WIDTH="1575" HEIGHT="68">
						<String ID="P1_ST00582" HPOS="1723" VPOS="3622" WIDTH="201" HEIGHT="50" CONTENT="Zeichen" WC="1.00" CC="0007000"/>
						<SP ID="P1_SP00507" HPOS="1924" VPOS="3672" WIDTH="30"/>
						<String ID="P1_ST00583" HPOS="1954" VPOS="3624" WIDTH="83" HEIGHT="49" CONTENT="für" WC="0.98" CC="104"/>
						<SP ID="P1_SP00508" HPOS="2037" VPOS="3673" WIDTH="29"/>
						<String ID="P1_ST00584" HPOS="2066" VPOS="3622" WIDTH="90" HEIGHT="51" CONTENT="den" WC="1.00" CC="000"/>
						<SP ID="P1_SP00509" HPOS="2156" VPOS="3673" WIDTH="23"/>
						<String ID="P1_ST00585" HPOS="2179" VPOS="3624" WIDTH="258" HEIGHT="49" CONTENT="Kunstsinn" WC="0.99" CC="301012066"/>
						<SP ID="P1_SP00510" HPOS="2437" VPOS="3673" WIDTH="21"/>
						<String ID="P1_ST00586" HPOS="2458" VPOS="3622" WIDTH="81" HEIGHT="51" CONTENT="des" WC="1.00" CC="000"/>
						<SP ID="P1_SP00511" HPOS="2539" VPOS="3673" WIDTH="22"/>
						<String ID="P1_ST00587" HPOS="2561" VPOS="3621" WIDTH="270" HEIGHT="50" CONTENT="Publicums" WC="0.67" CC="035063603"/>
						<SP ID="P1_SP00512" HPOS="2831" VPOS="3673" WIDTH="30"/>
						<String ID="P1_ST00588" HPOS="2861" VPOS="3620" WIDTH="97" HEIGHT="51" CONTENT="und" WC="0.97" CC="430"/>
						<SP ID="P1_SP00513" HPOS="2958" VPOS="3673" WIDTH="29"/>
						<String ID="P1_ST00589" HPOS="2987" VPOS="3620" WIDTH="164" HEIGHT="51" CONTENT="dessen" WC="0.99" CC="000024"/>
						<SP ID="P1_SP00514" HPOS="3151" VPOS="3673" WIDTH="31"/>
						<String ID="P1_ST00590" HPOS="3182" VPOS="3638" WIDTH="116" HEIGHT="50" CONTENT="rege" WC="0.95" CC="4595"/>
					</TextLine>
					<TextLine ID="P1_TL00075" HPOS="1724" VPOS="3701" WIDTH="1577" HEIGHT="69">
						<String ID="P1_ST00591" HPOS="1724" VPOS="3702" WIDTH="435" HEIGHT="68" CONTENT="Empfänglichkeit" WC="1.00" CC="090600064000000"/>
						<SP ID="P1_SP00515" HPOS="2159" VPOS="3770" WIDTH="42"/>
						<String ID="P1_ST00592" HPOS="2201" VPOS="3704" WIDTH="81" HEIGHT="49" CONTENT="für" WC="1.00" CC="000"/>
						<SP ID="P1_SP00516" HPOS="2282" VPOS="3770" WIDTH="39"/>
						<String ID="P1_ST00593" HPOS="2321" VPOS="3704" WIDTH="83" HEIGHT="48" CONTENT="das" WC="0.94" CC="097"/>
						<SP ID="P1_SP00517" HPOS="2404" VPOS="3770" WIDTH="41"/>
						<String ID="P1_ST00594" HPOS="2445" VPOS="3701" WIDTH="209" HEIGHT="50" CONTENT="wirklich" WC="1.00" CC="01000007"/>
						<SP ID="P1_SP00518" HPOS="2654" VPOS="3770" WIDTH="32"/>
						<String ID="P1_ST00595" HPOS="2686" VPOS="3701" WIDTH="187" HEIGHT="50" CONTENT="Schöne" WC="0.98" CC="502062"/>
						<SP ID="P1_SP00519" HPOS="2873" VPOS="3770" WIDTH="38"/>
						<String ID="P1_ST00596" HPOS="2911" VPOS="3701" WIDTH="99" HEIGHT="51" CONTENT="und" WC="0.98" CC="320"/>
						<SP ID="P1_SP00520" HPOS="3010" VPOS="3770" WIDTH="26"/>
						<String ID="P1_ST00597" HPOS="3036" VPOS="3701" WIDTH="265" HEIGHT="51" CONTENT="Erhabene" WC="0.99" CC="50003037"/>
					</TextLine>
					<TextLine ID="P1_TL00076" HPOS="1723" VPOS="3780" WIDTH="1575" HEIGHT="67">
						<String ID="P1_ST00598" HPOS="1723" VPOS="3781" WIDTH="47" HEIGHT="50" CONTENT="in" WC="0.71" CC="05"/>
						<SP ID="P1_SP00521" HPOS="1770" VPOS="3831" WIDTH="38"/>
						<String ID="P1_ST00599" HPOS="1808" VPOS="3781" WIDTH="84" HEIGHT="51" CONTENT="der" WC="0.99" CC="003"/>
						<SP ID="P1_SP00522" HPOS="1892" VPOS="3832" WIDTH="28"/>
						<String ID="P1_ST00600" HPOS="1920" VPOS="3782" WIDTH="157" HEIGHT="51" CONTENT="Musik" WC="1.00" CC="10000"/>
						<SP ID="P1_SP00523" HPOS="2077" VPOS="3833" WIDTH="44"/>
						<String ID="P1_ST00601" HPOS="2121" VPOS="3799" WIDTH="100" HEIGHT="34" CONTENT="war" WC="0.96" CC="054"/>
						<SP ID="P1_SP00524" HPOS="2221" VPOS="3833" WIDTH="41"/>
						<String ID="P1_ST00602" HPOS="2262" VPOS="3781" WIDTH="83" HEIGHT="51" CONTENT="der" WC="0.99" CC="002"/>
						<SP ID="P1_SP00525" HPOS="2345" VPOS="3833" WIDTH="42"/>
						<String ID="P1_ST00603" HPOS="2387" VPOS="3780" WIDTH="124" HEIGHT="51" CONTENT="beim" WC="0.98" CC="5030"/>
						<SP ID="P1_SP00526" HPOS="2511" VPOS="3833" WIDTH="30"/>
						<String ID="P1_ST00604" HPOS="2541" VPOS="3780" WIDTH="215" HEIGHT="49" CONTENT="Schlüsse" WC="0.99" CC="00162370"/>
						<SP ID="P1_SP00527" HPOS="2756" VPOS="3833" WIDTH="44"/>
						<String ID="P1_ST00605" HPOS="2800" VPOS="3781" WIDTH="126" HEIGHT="48" CONTENT="eines" WC="1.00" CC="00200"/>
						<SP ID="P1_SP00528" HPOS="2926" VPOS="3833" WIDTH="37"/>
						<String ID="P1_ST00606" HPOS="2963" VPOS="3780" WIDTH="146" HEIGHT="67" CONTENT="jeden" WC="0.99" CC="40000"/>
						<SP ID="P1_SP00529" HPOS="3109" VPOS="3847" WIDTH="30"/>
						<String ID="P1_ST00607" HPOS="3139" VPOS="3782" WIDTH="159" HEIGHT="50" CONTENT="Satzes" WC="0.97" CC="604577"/>
					</TextLine>
					<TextLine ID="P1_TL00077" HPOS="1724" VPOS="3859" WIDTH="1575" HEIGHT="67">
						<String ID="P1_ST00608" HPOS="1724" VPOS="3861" WIDTH="355" HEIGHT="51" CONTENT="ausbrechende" WC="0.99" CC="600620069000"/>
						<SP ID="P1_SP00530" HPOS="2079" VPOS="3912" WIDTH="28"/>
						<String ID="P1_ST00609" HPOS="2107" VPOS="3861" WIDTH="96" HEIGHT="51" CONTENT="und" WC="0.92" CC="668"/>
						<SP ID="P1_SP00531" HPOS="2203" VPOS="3912" WIDTH="31"/>
						<String ID="P1_ST00610" HPOS="2234" VPOS="3859" WIDTH="279" HEIGHT="52" CONTENT="anhaltende" WC="1.00" CC="0040100500"/>
						<SP ID="P1_SP00532" HPOS="2513" VPOS="3912" WIDTH="15"/>
						<String ID="P1_ST00611" HPOS="2528" VPOS="3860" WIDTH="226" HEIGHT="66" CONTENT="Applaus." WC="0.97" CC="09959654"/>
						<SP ID="P1_SP00533" HPOS="2754" VPOS="3926" WIDTH="31"/>
						<String ID="P1_ST00612" HPOS="2785" VPOS="3860" WIDTH="128" HEIGHT="51" CONTENT="Wer" WC="0.98" CC="004"/>
						<SP ID="P1_SP00534" HPOS="2913" VPOS="3926" WIDTH="27"/>
						<String ID="P1_ST00613" HPOS="2940" VPOS="3860" WIDTH="77" HEIGHT="49" CONTENT="bei" WC="0.95" CC="660"/>
						<SP ID="P1_SP00535" HPOS="3017" VPOS="3926" WIDTH="32"/>
						<String ID="P1_ST00614" HPOS="3049" VPOS="3862" WIDTH="131" HEIGHT="49" CONTENT="einer" WC="0.98" CC="03430"/>
						<SP ID="P1_SP00536" HPOS="3180" VPOS="3926" WIDTH="28"/>
						<String ID="P1_ST00615" HPOS="3208" VPOS="3862" WIDTH="69" HEIGHT="50" CONTENT="sol" SUBS_TYPE="HypPart1" SUBS_CONTENT="solchen" WC="0.96" CC="655"/>
						<HYP HPOS="3277" VPOS="3862" WIDTH="22" CONTENT="-"/>
					</TextLine>
					<TextLine ID="P1_TL00078" HPOS="1723" VPOS="3940" WIDTH="1576" HEIGHT="70">
						<String ID="P1_ST00616" HPOS="1723" VPOS="3941" WIDTH="121" HEIGHT="51" CONTENT="chen" SUBS_TYPE="HypPart2" SUBS_CONTENT="solchen" WC="0.97" CC="0706"/>
						<SP ID="P1_SP00537" HPOS="1844" VPOS="3992" WIDTH="30"/>
						<String ID="P1_ST00617" HPOS="1874" VPOS="3942" WIDTH="289" HEIGHT="68" CONTENT="Aufregung" WC="0.99" CC="030170600"/>
						<SP ID="P1_SP00538" HPOS="2163" VPOS="4010" WIDTH="40"/>
						<String ID="P1_ST00618" HPOS="2203" VPOS="3941" WIDTH="84" HEIGHT="50" CONTENT="der" WC="0.98" CC="005"/>
						<SP ID="P1_SP00539" HPOS="2287" VPOS="4010" WIDTH="33"/>
						<String ID="P1_ST00619" HPOS="2320" VPOS="3940" WIDTH="366" HEIGHT="49" CONTENT="Zuhörerschaft" WC="1.00" CC="0050300006503"/>
						<SP ID="P1_SP00540" HPOS="2686" VPOS="4010" WIDTH="40"/>
						<String ID="P1_ST00620" HPOS="2726" VPOS="3940" WIDTH="124" HEIGHT="49" CONTENT="noch" WC="0.98" CC="5020"/>
						<SP ID="P1_SP00541" HPOS="2850" VPOS="4010" WIDTH="43"/>
						<String ID="P1_ST00621" HPOS="2893" VPOS="3941" WIDTH="261" HEIGHT="56" CONTENT=',Wärme"' WC="0.70" CC="4070134"/>
						<SP ID="P1_SP00542" HPOS="3154" VPOS="4010" WIDTH="42"/>
						<String ID="P1_ST00622" HPOS="3196" VPOS="3959" WIDTH="78" HEIGHT="33" CONTENT="ver" SUBS_TYPE="HypPart1" SUBS_CONTENT="vermisst," WC="0.77" CC="050"/>
						<HYP HPOS="3274" VPOS="3959" WIDTH="25" CONTENT="-"/>
					</TextLine>
					<TextLine ID="P1_TL00079" HPOS="1724" VPOS="4019" WIDTH="1579" HEIGHT="68">
						<String ID="P1_ST00623" HPOS="1724" VPOS="4021" WIDTH="146" HEIGHT="61" CONTENT="misst," SUBS_TYPE="HypPart2" SUBS_CONTENT="vermisst," WC="0.88" CC="500010"/>
						<SP ID="P1_SP00543" HPOS="1870" VPOS="4082" WIDTH="25"/>
						<String ID="P1_ST00624" HPOS="1895" VPOS="4021" WIDTH="106" HEIGHT="51" CONTENT="dem" WC="1.00" CC="000"/>
						<SP ID="P1_SP00544" HPOS="2001" VPOS="4082" WIDTH="22"/>
						<String ID="P1_ST00625" HPOS="2023" VPOS="4021" WIDTH="143" HEIGHT="51" CONTENT="treibt" WC="0.99" CC="000070"/>
						<SP ID="P1_SP00545" HPOS="2166" VPOS="4082" WIDTH="38"/>
						<String ID="P1_ST00626" HPOS="2204" VPOS="4019" WIDTH="241" HEIGHT="52" CONTENT="entweder" WC="0.99" CC="03400400"/>
						<SP ID="P1_SP00546" HPOS="2445" VPOS="4082" WIDTH="21"/>
						<String ID="P1_ST00627" HPOS="2466" VPOS="4019" WIDTH="84" HEIGHT="50" CONTENT="der" WC="0.98" CC="004"/>
						<SP ID="P1_SP00547" HPOS="2550" VPOS="4082" WIDTH="22"/>
						<String ID="P1_ST00628" HPOS="2572" VPOS="4019" WIDTH="120" HEIGHT="50" CONTENT="Neid" WC="1.00" CC="0000"/>
						<SP ID="P1_SP00548" HPOS="2692" VPOS="4082" WIDTH="32"/>
						<String ID="P1_ST00629" HPOS="2724" VPOS="4019" WIDTH="74" HEIGHT="50" CONTENT="die" WC="1.00" CC="000"/>
						<SP ID="P1_SP00549" HPOS="2798" VPOS="4082" WIDTH="30"/>
						<String ID="P1_ST00630" HPOS="2828" VPOS="4020" WIDTH="225" HEIGHT="67" CONTENT="frostigen" WC="1.00" CC="000511001"/>
						<SP ID="P1_SP00550" HPOS="3053" VPOS="4087" WIDTH="35"/>
						<String ID="P1_ST00631" HPOS="3088" VPOS="4020" WIDTH="215" HEIGHT="52" CONTENT="Schauer" WC="0.99" CC="0040570"/>
					</TextLine>
					<TextLine ID="P1_TL00080" HPOS="1723" VPOS="4099" WIDTH="1578" HEIGHT="68">
						<String ID="P1_ST00632" HPOS="1723" VPOS="4101" WIDTH="125" HEIGHT="51" CONTENT="über" WC="0.97" CC="0634"/>
						<SP ID="P1_SP00551" HPOS="1848" VPOS="4152" WIDTH="29"/>
						<String ID="P1_ST00633" HPOS="1877" VPOS="4102" WIDTH="73" HEIGHT="50" CONTENT="die" WC="0.98" CC="050"/>
						<SP ID="P1_SP00552" HPOS="1950" VPOS="4152" WIDTH="31"/>
						<String ID="P1_ST00634" HPOS="1981" VPOS="4102" WIDTH="146" HEIGHT="58" CONTENT="Haut," WC="0.99" CC="50010"/>
						<SP ID="P1_SP00553" HPOS="2127" VPOS="4160" WIDTH="29"/>
						<String ID="P1_ST00635" HPOS="2156" VPOS="4100" WIDTH="115" HEIGHT="51" CONTENT="oder" WC="0.99" CC="2000"/>
						<SP ID="P1_SP00554" HPOS="2271" VPOS="4160" WIDTH="29"/>
						<String ID="P1_ST00636" HPOS="2300" VPOS="4099" WIDTH="73" HEIGHT="49" CONTENT="die" WC="0.99" CC="002"/>
						<SP ID="P1_SP00555" HPOS="2373" VPOS="4160" WIDTH="25"/>
						<String ID="P1_ST00637" HPOS="2398" VPOS="4099" WIDTH="134" HEIGHT="50" CONTENT="Galle" WC="0.97" CC="50660"/>
						<SP ID="P1_SP00556" HPOS="2532" VPOS="4160" WIDTH="29"/>
						<String ID="P1_ST00638" HPOS="2561" VPOS="4100" WIDTH="83" HEIGHT="49" CONTENT="hat" WC="0.97" CC="403"/>
						<SP ID="P1_SP00557" HPOS="2644" VPOS="4160" WIDTH="29"/>
						<String ID="P1_ST00639" HPOS="2673" VPOS="4100" WIDTH="95" HEIGHT="49" CONTENT="ihm" WC="1.00" CC="000"/>
						<SP ID="P1_SP00558" HPOS="2768" VPOS="4160" WIDTH="22"/>
						<String ID="P1_ST00640" HPOS="2790" VPOS="4101" WIDTH="123" HEIGHT="66" CONTENT="Aug'" WC="0.98" CC="2600"/>
						<SP ID="P1_SP00559" HPOS="2913" VPOS="4167" WIDTH="31"/>
						<String ID="P1_ST00641" HPOS="2944" VPOS="4099" WIDTH="97" HEIGHT="50" CONTENT="und" WC="0.95" CC="209"/>
						<SP ID="P1_SP00560" HPOS="3041" VPOS="4167" WIDTH="18"/>
						<String ID="P1_ST00642" HPOS="3059" VPOS="4101" WIDTH="108" HEIGHT="51" CONTENT="Ohr" WC="0.95" CC="542"/>
						<SP ID="P1_SP00561" HPOS="3167" VPOS="4167" WIDTH="29"/>
						<String ID="P1_ST00643" HPOS="3196" VPOS="4119" WIDTH="70" HEIGHT="32" CONTENT="um" SUBS_TYPE="HypPart1" SUBS_CONTENT="umdüstert." WC="0.43" CC="66"/>
						<HYP HPOS="3266" VPOS="4119" WIDTH="35" CONTENT="-"/>
					</TextLine>
					<TextLine ID="P1_TL00081" HPOS="1723" VPOS="4179" WIDTH="1583" HEIGHT="68">
						<String ID="P1_ST00644" HPOS="1723" VPOS="4180" WIDTH="197" HEIGHT="53" CONTENT="düstert." SUBS_TYPE="HypPart2" SUBS_CONTENT="umdüstert." WC="0.60" CC="69000564"/>
						<SP ID="P1_SP00562" HPOS="1920" VPOS="4233" WIDTH="56"/>
						<String ID="P1_ST00645" HPOS="1976" VPOS="4181" WIDTH="136" HEIGHT="50" CONTENT="Doch" WC="0.98" CC="0703"/>
						<SP ID="P1_SP00563" HPOS="2112" VPOS="4233" WIDTH="28"/>
						<String ID="P1_ST00646" HPOS="2140" VPOS="4180" WIDTH="136" HEIGHT="51" CONTENT="nein!" WC="0.99" CC="70000"/>
						<SP ID="P1_SP00564" HPOS="2276" VPOS="4233" WIDTH="39"/>
						<String ID="P1_ST00647" HPOS="2315" VPOS="4195" WIDTH="50" HEIGHT="34" CONTENT="es" WC="0.71" CC="05"/>
						<SP ID="P1_SP00565" HPOS="2365" VPOS="4233" WIDTH="29"/>
						<String ID="P1_ST00648" HPOS="2394" VPOS="4179" WIDTH="101" HEIGHT="68" CONTENT="gibt" WC="0.97" CC="9021"/>
						<SP ID="P1_SP00566" HPOS="2495" VPOS="4247" WIDTH="28"/>
						<String ID="P1_ST00649" HPOS="2523" VPOS="4179" WIDTH="122" HEIGHT="52" CONTENT="noch" WC="0.96" CC="3670"/>
						<SP ID="P1_SP00567" HPOS="2645" VPOS="4247" WIDTH="31"/>
						<String ID="P1_ST00650" HPOS="2676" VPOS="4186" WIDTH="165" HEIGHT="52" CONTENT="etwas," WC="0.97" CC="009664"/>
						<SP ID="P1_SP00568" HPOS="2841" VPOS="4247" WIDTH="42"/>
						<String ID="P1_ST00651" HPOS="2883" VPOS="4179" WIDTH="83" HEIGHT="52" CONTENT="das" WC="0.98" CC="600"/>
						<SP ID="P1_SP00569" HPOS="2966" VPOS="4247" WIDTH="30"/>
						<String ID="P1_ST00652" HPOS="2996" VPOS="4180" WIDTH="139" HEIGHT="52" CONTENT="einen" WC="0.96" CC="67773"/>
						<SP ID="P1_SP00570" HPOS="3135" VPOS="4247" WIDTH="30"/>
						<String ID="P1_ST00653" HPOS="3165" VPOS="4181" WIDTH="141" HEIGHT="52" CONTENT="Theil" WC="0.51" CC="76460"/>
					</TextLine>
				</TextBlock>
				<TextBlock ID="P1_TB00012" HPOS="2668" VPOS="4255" WIDTH="83" HEIGHT="57" STYLEREFS="TXT_12 PAR_RIGHT">
					<TextLine ID="P1_TL00082" HPOS="2679" VPOS="4260" WIDTH="72" HEIGHT="52">
						<String ID="P1_ST00654" HPOS="2679" VPOS="4260" WIDTH="72" HEIGHT="52" CONTENT="26" WC="0.51" CC="36"/>
					</TextLine>
				</TextBlock>
			</PrintSpace>
		</Page>
	</Layout>
</alto>
