2530 4087
458 355 66 35 LA
558 342 275 50 PREMIÈRE
868 345 240 48 COMÉDIE
1144 357 297 52 FRANÇAISE
1475 359 74 35 EN
1583 356 249 47 MUSIQUE

2097 353 92 50 533

2045 3759 20 39 3

214 507 82 55 Le
562 506 313 71 Bourgeois
1262 507 391 71 gentilhomme
1105 510 138 55 date
1277 511 73 54 de
1392 507 162 72 1670.
1596 507 111 55 Les
1755 522 208 55 usages
2012 503 141 56 musi-

101 606 157 38 caux
320 587 178 74 qu'ils
547 587 292 72 signalent
889 587 394 58 remontaient
1356 588 396 57 évidemment
1811 587 35 53 à
1906 586 283 72 quelques

103 670 233 54 années.
404 670 340 72 Rappelons
804 671 292 54 d'ailleurs
1156 689 113 53 que
1322 671 58 54 la
1444 670 265 71 musique
1782 666 299 72 religieuse
2109 667 80 53 du

105 748 192 56 même
324 755 198 67 temps
547 750 315 72 n'ignorait
888 769 109 53 pas
1022 769 122 36 non
1168 751 134 72 plus
1328 770 65 37 ce
1427 750 248 73 procédé
1712 748 441 71 d'accompagne-

104 836 166 52 ment
315 831 454 72 symphonique.
818 832 179 55 Loret
1043 832 111 53 fait
1200 832 253 55 maintes
1507 831 273 56 allusions
1835 831 36 53 à
1918 830 71 54 de
2041 845 111 38 sem-

104 912 227 56 blables
361 911 431 56 combinaisons
823 911 71 56 de
923 911 140 54 voix
1092 929 144 38 avec
1262 912 84 56 les
1374 912 201 69 violes,
1604 912 85 55 les
1714 910 276 55 théorbes
2018 913 61 51 et
2107 907 82 56 les

104 995 248 56 violons.
388 992 100 55 Un
527 993 103 55 des
662 997 218 50 motets
914 991 102 56 des
2036 991 157 56 Canti
1556 993 72 55 de
1661 993 98 54 Du
1792 993 167 52 Mont
1998 988 189 69 (1652)

104 1077 270 71 présente
405 1073 135 72 déjà
568 1072 101 56 des
695 1072 364 56 ritournelles
1087 1072 504 71 caractéristiques
1615 1090 153 55 pour
1791 1091 82 37 un
1902 1071 201 57 dessus
2131 1075 58 50 et

104 1174 117 37 une
259 1155 169 53 basse
467 1152 71 56 de
576 1152 172 69 viole,
787 1151 367 56 ritournelles
1199 1153 275 70 séparant
1512 1152 84 55 les
1632 1152 147 55 trois
1821 1151 241 72 reprises
2104 1150 80 55 du

105 1252 275 42 morceau
405 1235 165 68 (c'est
592 1232 53 56 le
669 1233 70 55 26
740 1245 22 24 e
785 1232 80 56 du
886 1232 212 56 recueil
1126 1254 9 33 :
1164 1233 45 52 0
1237 1232 242 70 gloriosa
1502 1232 271 67 Domina)
1805 1235 99 66 (1).

220 1315 50 53 Il
305 1320 89 51 est
442 1312 420 75 parfaitement
912 1312 158 56 licite
1107 1311 71 56 de
1213 1330 283 53 supposer
1531 1331 133 51 que,
1703 1311 146 56 dans
1887 1312 58 53 la
1982 1315 172 52 Pasto-

105 1396 121 57 rale
256 1395 70 56 de
355 1396 86 53 La
474 1395 234 67 Guerre,
736 1393 87 56 les
851 1392 247 69 violons,
1117 1391 148 56 dans
1293 1392 84 55 les
1404 1392 385 67 ritournelles,
1820 1397 105 50 ont
1954 1410 83 52 pu
2069 1391 122 56 être

105 1477 272 71 suppléés
415 1475 224 72 parfois
678 1492 111 55 par
829 1473 106 56 des
975 1476 191 53 flûtes.
1211 1473 52 55 Il
1303 1490 40 55 y
1385 1492 75 36 en
1510 1473 162 54 avait
1723 1471 148 57 dans
1924 1472 140 55 celle
2118 1472 71 55 de

107 1559 275 55 Cambert
418 1556 49 55 si
500 1556 121 55 l'on
655 1575 74 36 en
763 1556 146 55 croit
946 1552 555 70 Saint-Evremond,
1523 1553 194 72 lequel
1749 1552 152 55 tient
1938 1553 34 53 à
2006 1553 186 69 grand

104 1639 210 57 mérite
352 1656 77 36 au
465 1636 287 56 musicien
791 1635 226 56 d'avoir
1059 1635 113 54 fait
1215 1633 282 56 entendre
1534 1651 98 37 sur
1666 1633 53 55 le
1755 1633 250 67 théâtre,
2042 1650 149 52 pour

103 1722 57 55 la
190 1719 285 73 première
505 1719 113 53 fois
650 1717 207 71 depuis
886 1717 84 55 les
1002 1716 176 56 Grecs
1209 1721 60 50 et
1300 1715 83 54 les
1416 1715 303 70 Romains,
1745 1712 103 57 des
1879 1733 21 29 «
1924 1719 268 48 concerts

107 1802 71 56 de
222 1801 220 55 flûtes»
490 1801 102 66 (2).
640 1800 95 53 Au
778 1797 254 71 surplus,
1077 1796 84 56 les
1203 1797 175 54 flûtes
1420 1795 312 72 figuraient
1778 1793 206 72 depuis
2024 1792 132 71 long-

104 1889 197 65 temps
344 1900 76 36 au
462 1880 246 54 nombre
754 1877 102 56 des
896 1879 392 53 instruments
1331 1876 103 56 des
1474 1881 266 51 concerts
1780 1875 238 58 intimes
2047 1894 9 33 :
2103 1875 86 53 La

105 1964 272 70 musique
409 1961 72 56 de
510 1961 59 53 la
601 1960 292 56 Chambre
927 1959 80 55 du
1037 1957 87 56 roi
1156 1976 34 36 a
1222 1959 236 69 compté
1490 1976 76 36 au
1596 1956 191 56 moins
1824 1974 81 35 un
1937 1974 21 29 «
1981 1955 210 68 joueur

105 2044 71 57 de
200 2045 174 53 Hutte
400 2064 39 46 »,
467 2041 276 71 jusqu'en
771 2039 162 68 1655,
960 2040 77 53 où
1062 2039 53 54 le
1138 2037 287 69 titulaire,
1446 2037 257 55 Mathias
1727 2035 349 67 Lallemant,
2100 2039 91 50 est

107 2125 294 71 remplacé
428 2140 108 55 par
562 2141 82 37 un
669 2121 346 56 théorbiste.

218 2204 258 71 Puisque
507 2202 155 55 aussi
679 2201 136 55 bien
832 2201 86 55 les
945 2201 207 71 poètes
1180 2199 426 55 s'accordaient
1638 2197 205 71 depuis
1868 2196 58 55 la
1947 2195 208 56 Renais-

105 2305 176 38 sance
320 2288 34 52 à
390 2290 218 50 mettre
642 2284 60 54 la
740 2284 146 53 flûte
926 2300 117 36 aux
1079 2281 196 56 mains
1312 2280 101 55 des
1455 2281 252 70 bergers,
1745 2279 85 54 les
1864 2277 215 55 ballets
2121 2276 71 56 de

103 2385 142 38 cour
275 2385 75 37 en
380 2365 332 55 utilisèrent
744 2380 161 37 assez
936 2366 251 51 souvent
1218 2360 53 55 le
1300 2361 216 55 timbre
1545 2359 333 56 mélodieux
1909 2375 148 53 pour
2090 2356 102 57 des

104 2450 230 56 entrées
367 2446 71 56 de
468 2446 298 55 caractère
797 2444 359 70 champêtre.
1173 2444 165 52 Dans
1368 2442 53 55 le
1444 2441 193 55 Ballet
1670 2440 80 56 du
1766 2440 134 70 Roy
1918 2437 71 56 de
2023 2437 166 73 1619,

103 2528 539 73 particulièrement
675 2524 158 56 riche
866 2542 74 36 en
961 2524 338 54 recherches
1324 2522 327 55 imitatives
1684 2538 77 37 ou
1792 2517 400 73 symboliques

107 2613 72 54 de
212 2614 159 51 cette
406 2613 177 63 sorte,
617 2624 78 38 on
728 2604 127 57 voit
888 2605 212 71 figurer
1133 2624 21 28 «
1178 2604 91 54 six
1300 2609 230 65 satyres
1562 2618 256 38 sonnans
1851 2599 101 56 des
1984 2599 207 54 fleutes

103 2709 139 40 sous
268 2689 253 72 lesquels
547 2693 212 67 quatre
785 2685 270 72 Dryades
1081 2685 172 55 firent
1279 2686 125 54 leur
1430 2686 198 54 entrée
1652 2704 20 28 »
1703 2684 102 66 (3).

218 2773 52 52 A
315 2770 195 55 moins
556 2769 186 71 qu'un
786 2765 234 70 hasard,
1065 2765 139 55 bien
1247 2764 387 72 improbable,
1680 2762 154 54 fasse
1887 2759 304 56 découvrir

104 2872 81 38 un
221 2854 131 70 jour
390 2851 252 70 quelque
675 2848 168 73 copie
877 2848 80 55 du
997 2846 303 73 Triomphe
1337 2846 64 54 de
1439 2846 264 54 l'Amour
1736 2862 76 36 ou
1848 2841 71 56 de
1957 2841 58 54 la
2047 2841 144 54 Pas-

226 3015 62 48 (1)
333 3014 53 51 Je
402 3025 56 26 ne
488 3013 87 39 cite
591 3024 81 39 pas
688 3012 62 39 les
767 3011 208 52 préludes
992 3011 77 37 des
1086 3010 257 50 Meslanges
1361 3009 151 49 (1657)
1530 3008 61 38 du
1601 3005 367 39 mêmeDumont
1982 3003 207 50 lesquels,

105 3076 104 39 bien
236 3074 245 52 qu'établis
505 3085 122 27 assez
651 3074 197 37 souvent
870 3083 76 26 sur
968 3071 40 38 le
1030 3071 155 38 thème
1210 3071 55 38 de
1288 3070 44 38 la
1354 3069 218 45 chanson,
1597 3067 202 38 forment
1821 3062 268 40 néanmoins
2114 3063 77 37 des

107 3147 247 30 morceaux
371 3136 258 36 nettement
646 3133 193 50 séparés.
861 3132 58 38 Ni
938 3143 115 39 pour
1070 3131 44 39 la
1131 3131 146 38 même
1295 3129 163 51 raison,
1471 3130 63 36 les
1544 3126 208 53 préludes
1771 3125 77 39 des
1867 3125 120 38 deux
2006 3125 183 43 motets,

107 3208 111 28 avec
237 3195 193 46 violons,
453 3194 55 38 de
528 3193 167 38 Veillot
714 3193 77 51 qui
810 3205 46 26 se
874 3194 220 37 trouvent
1112 3204 59 26 au
1192 3189 357 40 Conservatoire.

225 3256 59 39 Ce
305 3267 57 26 ne
383 3257 106 36 sont
510 3265 82 40 pas
612 3253 44 38 là
677 3253 55 38 de
753 3253 243 38 véritables
1017 3251 299 39 ritournelles.

227 3317 62 49 (2)
323 3316 83 38 Les
436 3314 160 51 Opéra,
619 3313 201 39 Comédie
825 3343 41 10 ...
889 3312 267 51 Cependant
1186 3312 112 38 dans
1329 3310 44 39 la
1403 3309 179 53 préface
1613 3307 56 38 de
1697 3306 45 39 la
1771 3304 228 40 Pastorale
2005 3335 9 16 ,
2039 3303 154 39 Perrin

106 3390 56 26 ne
182 3377 88 38 fait
289 3388 178 27 aucune
487 3374 206 39 mention
714 3373 54 38 de
787 3385 72 26 ces
877 3373 317 38 instruments.

225 3437 46 38 Si
293 3437 93 37 Ton
408 3436 158 38 admet
588 3446 87 39 que
698 3434 66 38 La
785 3433 168 39 Guerre
975 3432 94 39 s'en
1090 3432 90 39 soit
1201 3432 132 46 servi,
1356 3443 60 26 on
1437 3441 112 28 aura
1586 3427 115 40 ainsi
1743 3425 223 53 complété
2000 3425 45 39 la
2064 3424 108 38 resti-

107 3497 158 39 tution
294 3498 94 37 très
411 3494 350 41 vraisemblable
794 3494 54 38 de
884 3505 82 26 son
997 3493 120 51 petit
1147 3493 228 38 orchestre
1408 3492 54 38 de
1507 3502 112 27 onze
1668 3488 301 39 instruments
2001 3501 11 23 :
2073 3485 121 38 deux

105 3557 232 46 théorbes,
364 3570 63 25 un
451 3556 216 45 clavecin,
695 3556 122 38 deux
839 3554 153 38 basses
1018 3554 54 37 de
1097 3553 133 46 viole,
1257 3554 161 49 quatre
1443 3551 156 38 dessus
1624 3550 55 37 de
1704 3549 168 45 violon,
1899 3547 121 38 deux
2043 3545 148 39 flûtes.

228 3618 63 51 (3)
325 3618 208 38 Relation
555 3617 59 38 du
637 3615 152 39 Grand
808 3614 149 38 Ballet
978 3613 59 38 du
1058 3613 109 49 Roy,
1192 3614 134 37 dansé
1347 3624 53 26 en
1424 3612 43 38 la
1490 3611 122 39 Salle
1634 3610 59 37 du
1714 3609 165 38 Louvre
1904 3607 37 38 le
1968 3618 48 27 12
2038 3604 155 51 février

136 3681 101 45 619,
260 3690 78 26 sur
365 3678 282 39 VAdventure
668 3677 49 37 de
741 3675 218 39 Tancrède
980 3687 52 26 en
1055 3674 44 38 la
1118 3674 132 49 forest
1268 3672 229 40 enchantée
1519 3671 165 51 (1619).
