2530 4087
353 357 92 61 564

879 368 264 35 BULLETIN
1179 369 257 49 FRANÇAIS
1473 374 70 33 DE
1578 374 65 33 LA
1682 372 40 36 S.
1760 372 34 35 I.
1832 375 55 32 M.

353 515 140 55 tible
537 532 136 37 avec
716 514 118 54 leur
877 518 224 62 nature,
1144 514 80 54 tel
1265 533 80 36 un
1387 518 243 55 coursier
1675 521 34 50 à
1751 518 224 55 bouche
2019 519 202 54 tendre
2279 537 110 52 que

352 594 116 54 l'on
496 592 275 56 briderait
802 592 138 52 d'un
969 608 152 37 mors
1149 598 131 65 trop
1309 595 319 72 énergique.

462 672 150 53 Pour
640 669 133 55 bien
801 672 370 67 comprendre
1199 672 49 54 le
1277 674 220 70 réglage
1526 675 101 55 des
1655 677 216 64 cordes,
1902 674 40 52 il
1970 673 128 56 faut
2145 675 239 55 d'abord

352 750 189 55 savoir
584 749 131 70 quel
758 749 122 53 doit
923 750 118 54 être
1084 750 120 54 leur
1249 753 272 56 diamètre
1564 773 227 52 moyen,
1835 759 58 50 et
1952 755 142 53 dans
2170 757 211 67 quelles

350 828 365 71 proportions
750 846 63 35 ce
851 828 273 56 diamètre
1163 830 121 54 doit
1321 833 226 55 différer
1585 835 169 53 d'une
1791 834 168 54 corde
1998 834 33 52 à
2081 834 223 55 l'autre.

461 908 94 53 Du
587 907 128 69 jour
745 908 74 52 où
849 907 56 53 la
935 908 241 56 lutherie
1209 912 198 53 devint
1439 932 77 34 un
1548 918 90 48 art
1670 913 261 53 raisonné
1963 918 59 50 et
2070 913 202 69 précis,
2305 913 80 53 les

349 985 239 55 luthiers
621 984 429 70 s'inquiétèrent
1083 1004 132 37 sans
1249 990 176 55 doute
1460 993 69 52 de
1562 990 418 70 perfectionner
2013 990 56 54 la
2116 992 268 70 pratique

352 1069 288 62 courante,
762 1064 289 55 d'assortir
1089 1067 80 54 les
1197 1070 195 52 cordes
1410 1110 88 28 —,
1524 1072 255 53 devenue
1817 1069 379 67 insuffisante,
2236 1070 148 54 issue

350 1143 204 70 qu'elle
618 1143 145 53 était
830 1145 99 52 des
985 1148 431 56 tâtonnements
1469 1158 59 47 et
1583 1152 68 52 de
1705 1148 360 68 l'arbitraire,
2122 1154 57 49 et
2235 1150 149 54 leurs

349 1223 325 53 recherches
710 1224 207 53 durent
954 1225 116 54 être
1105 1225 458 70 singulièrement
1599 1229 274 54 facilitées
1906 1247 105 51 par
2046 1229 81 54 les
2179 1230 170 54 décou-

349 1307 191 49 vertes
597 1303 70 53 de
724 1303 119 53 leur
902 1307 429 68 contemporain
1388 1308 293 55 Mersenne
1744 1308 378 68 (1588-1648),
2197 1308 187 68 lequel

345 1385 211 50 trouva
590 1382 474 68 empiriquement
1098 1385 80 52 les
1213 1384 105 53 lois
1355 1387 67 52 de
1456 1385 56 55 la
1547 1387 292 54 vibration
1874 1387 101 54 des
2025 1389 218 64 cordes,
2278 1387 103 53 lois

345 1459 99 70 qui
475 1459 192 56 furent
700 1462 325 68 expliquées
1054 1463 460 72 théoriquement
1545 1483 73 36 en
1652 1465 140 69 1716
1824 1483 104 52 par
1959 1465 52 55 le
2060 1467 280 57 mathéma-

352 1540 167 54 ticien
556 1540 216 70 anglais
804 1542 226 71 Taylor.

460 1617 160 54 Voici
653 1625 290 49 comment
976 1622 51 53 le
1060 1620 289 70 problème
1392 1638 58 39 se
1481 1624 260 67 présente
1780 1644 11 32 :

461 1697 58 53 Si
557 1714 145 37 nous
757 1716 245 52 prenons
1044 1717 218 38 comme
1296 1702 135 53 base
1483 1703 55 52 la
1587 1702 366 67 chanterelle,
1995 1711 55 46 et
2090 1722 108 51 que
2236 1721 145 36 nous

347 1775 80 54 lui
477 1777 280 53 donnions
794 1796 78 34 un
915 1778 500 56 demi-millimètre
1458 1780 68 54 de
1586 1780 296 68 diamètre,
1934 1783 349 53 c'est-à-dire
2329 1783 51 53 le

350 1854 303 58 minimum
696 1857 67 52 de
806 1873 61 36 ce
912 1874 108 51 que
1062 1857 373 71 l'acoustique
1476 1859 298 70 théorique
1816 1865 58 47 et
1931 1860 445 70 expérimentale

349 1933 236 54 accorde
616 1934 33 51 à
678 1953 77 34 un
783 1934 193 70 boyau
1007 1935 67 55 de
1103 1951 69 50 33
1204 1937 362 54 centimètres
1592 1959 9 31 :
1637 1951 62 39 i°
1730 1940 160 52 Dans
1934 1940 182 69 quelle
2145 1958 201 52 propor-

348 2010 123 55 tion
513 2013 415 52 devrons-nous
966 2013 203 53 établir
1220 2014 50 53 le
1374 2014 274 55 diamètre
1751 2017 98 54 des
1901 2023 193 48 autres
2132 2020 194 52 cordes
2356 2024 23 47 ?

350 2102 66 42 2°
456 2092 429 53 Devrons-nous
927 2093 119 53 leur
1091 2093 213 54 donner
1349 2112 109 35 une
1502 2094 225 55 tension
1783 2095 277 70 moindre,
2105 2098 155 70 égale
2305 2117 74 35 ou

348 2169 319 69 supérieure
696 2175 23 47 ?

457 2248 480 68 Expérimentons
980 2248 257 70 d'abord,
1280 2268 143 36 nous
1463 2250 396 57 raisonnerons
1900 2255 238 54 ensuite.

458 2325 320 55 Munissons
818 2333 161 48 notre
1020 2328 190 53 violon
1252 2329 67 53 de
1360 2335 202 63 quatre
1650 2330 195 56 cordes
1933 2332 67 54 de
2102 2334 275 57 diamètre

349 2404 123 70 égal
505 2406 92 65 (en
627 2410 244 64 prenant
900 2423 145 51 pour
1075 2412 136 63 type
1242 2406 54 53 la
1326 2409 166 52 corde
1525 2409 67 52 de
1623 2409 98 67 mi)
1754 2415 58 49 et
1843 2412 387 54 accordons-le
2273 2431 103 52 par

348 2483 228 68 quintes
628 2483 449 57 conformément
1133 2485 33 51 à
1216 2485 214 69 l'usage
1458 2507 9 32 :
1523 2503 144 37 nous
1718 2506 373 52 remarquons
2145 2508 109 51 que
2320 2492 56 53 la

347 2561 166 54 corde
552 2563 66 50 de
659 2561 57 52 la
752 2566 85 49 est
872 2561 296 70 beaucoup
1202 2563 185 57 moins
1421 2566 211 53 tendue
1670 2583 109 52 que
1815 2568 136 53 celle
1989 2569 67 53 de
2107 2569 96 67 mi,
2240 2570 135 55 celle

349 2641 67 52 de
556 2639 34 67 ré,
591 2639 149 56 moins
775 2658 107 51 que
915 2640 135 53 celle
1084 2643 68 52 de
2042 2641 74 66 la,
1295 2648 57 48 et
1388 2643 132 53 celle
1556 2644 67 53 de
1771 2646 185 53 moins
1989 2664 110 51 que
2131 2648 133 54 celle
2306 2648 67 56 de

355 2719 74 52 ré.
461 2718 242 53 Passons
739 2719 235 53 l'archet
1013 2737 94 35 sur
1143 2720 385 57 l'instrument
1557 2742 9 31 :
1606 2740 144 36 nous
1803 2730 333 49 constatons
2173 2744 108 51 que
2318 2728 54 53 la

345 2796 225 55 tension
617 2799 255 67 générale
921 2803 85 48 est
1054 2799 295 70 beaucoup
1396 2805 130 64 trop
1589 2801 171 55 faible
1807 2822 145 51 pour
1999 2805 138 55 faire
2185 2805 187 56 vibrer

345 2876 388 54 l'instrument
768 2894 139 36 avec
940 2878 261 68 l'énergie
1236 2879 327 67 nécessaire,
1600 2885 57 47 et
1693 2881 138 69 qu'il
1865 2889 120 47 sort
2022 2884 68 53 de
2125 2902 247 52 pauvres

345 2955 177 69 petits
564 2972 132 36 sons
740 2955 257 70 maigres,
1042 2972 131 36 sans
1216 2958 195 67 portée
1468 2963 58 47 et
1573 2959 68 52 de
1685 2961 292 55 mauvaise
2023 2963 232 68 qualité.
2302 2964 69 69 Je

348 3033 85 54 dis
471 3033 66 54 de
574 3034 292 54 mauvaise
903 3034 235 70 qualité,
1177 3053 93 34 car
1305 3035 63 64 si,
1389 3053 103 51 par
1528 3053 61 37 sa
1624 3039 241 66 tension,
1892 3040 53 52 la
1982 3043 168 52 corde
2189 3041 68 55 de

347 3116 102 63 est,
493 3110 142 55 dans
673 3129 61 37 ce
772 3130 113 50 cas,
924 3113 151 53 seule
1115 3113 340 69 susceptible
1495 3115 68 52 de
1601 3118 268 66 produire
1907 3138 78 33 un
2024 3137 103 35 son
2165 3138 170 37 conve-

345 3190 186 67 nable,
567 3191 40 51 il
641 3191 131 54 n'en
809 3196 85 49 est
931 3209 104 51 pas
1073 3190 66 56 de
1177 3193 182 53 même
1398 3190 97 56 des
1530 3199 212 63 autres,
1779 3196 373 72 l'expérience
2189 3205 179 64 ayant

347 3269 295 57 démontré
672 3288 108 52 que
808 3271 49 54 le
886 3288 103 35 son
1020 3270 169 55 d'une
1219 3273 165 52 corde
1412 3271 213 55 tendue
1655 3280 86 47 est
1771 3275 270 56 d'autant
2069 3278 127 70 plus
2224 3279 148 55 beau

345 3365 109 51 que
494 3354 151 48 cette
684 3351 168 52 corde
890 3354 86 49 est
1016 3350 129 69 plus
1182 3350 128 69 près
1350 3351 67 52 de
1456 3367 103 36 son
1597 3353 164 68 point
1802 3356 69 52 de
1910 3363 256 62 rupture.
2210 3358 89 52 On
2337 3377 34 34 a

344 3425 212 53 calculé
597 3445 109 51 que
744 3428 56 54 la
839 3428 225 54 tension
1107 3426 98 56 des
1244 3430 196 51 cordes
1483 3430 137 52 d'un
1660 3430 349 57 instrument
2050 3435 132 54 bien
2222 3436 149 70 réglé

341 3504 146 53 n'est
523 3504 206 68 jamais
762 3505 298 56 inférieure
1096 3525 75 35 au
1204 3506 317 70 cinquième
1559 3506 69 56 de
1664 3527 60 36 ce
1761 3511 140 70 qu'il
1934 3513 255 54 faudrait
2224 3532 144 53 pour

340 3582 80 55 les
453 3582 137 55 faire
628 3602 242 54 rompre.
