2530 4087
2103 301 91 54 557

678 310 66 34 LA
779 310 249 46 MUSIQUE
1060 311 272 36 ANGLAISE
1369 309 264 37 MODERNE

115 459 78 54 M.
226 459 158 71 John
414 459 158 54 Lane
600 459 83 56 lui
712 479 33 36 a
776 461 184 55 confié
988 461 57 55 la
1077 461 281 56 direction
1407 461 172 55 d'une
1610 457 142 55 série
1783 459 101 53 des
1913 476 21 27 «
1959 455 238 55 Maîtres

119 541 70 55 de
231 540 57 53 la
326 539 268 72 Musique
633 541 437 70 d'aujourd'hui
1096 564 20 27 »
1154 549 77 62 et,
1273 544 99 54 dès
1408 543 51 54 le
1497 541 499 54 commencement
2037 539 70 52 de
2142 536 57 54 la

118 620 193 56 saison
387 621 317 71 prochaine
778 624 337 70 1908-1909,
1206 624 142 56 c'est
1430 621 105 57 elle
1606 619 99 73 qui
1788 616 260 71 rédigera
2118 616 83 55 les

122 703 406 71 Programmes
594 704 373 71 analytiques
1044 708 69 53 de
1201 705 57 55 la
1333 704 250 72 Queen's
1675 700 138 55 Hall
1889 699 313 54 Orchestra

124 783 325 72 Company.
492 783 155 57 C'est
687 785 57 53 la
782 785 281 70 première
1103 785 109 55 fois
1253 785 217 71 qu'une
1510 784 213 54 femme
1761 798 221 52 occupe
2020 776 183 73 pareil

120 869 170 66 poste
317 884 13 48 ;
378 870 60 50 et
482 866 84 55 les
612 865 322 55 féministes
979 871 260 65 peuvent
1287 865 121 53 être
1454 861 504 57 reconnaissantes
2005 860 34 52 à
2086 859 118 53 Mrs

122 945 350 55 Newmarch
505 950 71 54 de
605 948 58 53 la
694 946 164 70 place
891 946 153 55 forte
1075 964 112 52 que
1219 963 105 37 son
1356 945 206 55 mérite
1592 944 126 54 leur
1750 962 33 35 a
1814 943 235 71 gagnée.

237 1026 118 52 Mrs
395 1026 349 55 Newmarch
783 1026 139 54 s'est
961 1025 302 55 tellement
1301 1025 296 55 identifiée
1637 1043 76 35 au
1752 1023 211 71 peuple
2024 1020 179 69 slave,

124 1105 105 55 elle
279 1125 34 35 a
359 1106 302 55 tellement
710 1105 130 53 subi
886 1105 328 55 l'influence
1265 1108 78 52 du
1392 1108 186 67 grand
1628 1103 303 57 Wladimir
1980 1099 228 57 Stassof

125 1204 132 52 que,
303 1205 107 53 par
453 1191 311 64 moments,
810 1186 40 52 il
908 1186 81 55 lui
1046 1185 220 55 semble
1323 1185 182 55 sentir
1560 1204 82 34 un
1685 1203 143 52 sang
1886 1185 195 52 chaud
2138 1184 71 53 de

124 1268 243 54 Tartare
396 1268 192 53 couler
617 1285 70 37 en
716 1284 89 37 ses
831 1266 199 55 veines
1059 1265 352 71 d'Anglaise.
1442 1266 164 52 Dans
1634 1284 81 34 un
1746 1266 71 54 de
1851 1282 89 36 ses
1971 1268 240 49 sonnets

195 1364 126 37 orae
534 1348 183 67 Amoris,
718 1348 69 54 elle
791 1353 240 49 raconte
1069 1352 316 62 comment,
1427 1348 146 53 dans
1596 1345 81 54 les
1715 1344 195 53 salons
1933 1341 276 73 placides,

127 1428 382 71 d'impérieux
556 1429 178 55 désirs
776 1433 273 51 montent
1093 1447 72 35 en
1211 1426 104 56 elle
1361 1429 69 53 de
1480 1424 299 72 parcourir
1825 1424 34 52 à
1908 1423 205 53 cheval
2155 1421 57 55 la

125 1513 206 66 steppe
362 1509 198 55 infinie
591 1515 59 49 et
684 1512 69 52 de
784 1509 199 53 laisser
1013 1509 231 53 tomber
1276 1513 212 48 autour
1521 1505 166 56 d'elle
1717 1505 81 54 les
1831 1503 383 54 conventions

124 1588 241 56 sociales
428 1609 20 28 «
472 1608 227 37 comme
759 1589 240 55 l'écorce
1061 1589 191 71 quitte
1313 1588 52 53 le
1426 1585 127 55 bois
1616 1588 70 53 de
1747 1584 253 55 bouleau
2040 1604 37 32 ».
2123 1583 93 53 En

125 1669 224 69 réalité,
377 1672 108 54 elle
523 1691 72 35 ne
630 1677 238 64 compte
906 1669 168 72 point
1122 1672 73 53 de
1238 1670 187 52 Russe
1464 1665 192 71 parmi
1703 1682 87 38 ses
1837 1664 290 65 ancêtres;
2162 1663 54 52 le

128 1750 123 55 seul
296 1750 250 57 élément
591 1753 276 70 exotique
915 1769 70 37 en
1032 1749 106 56 elle
1183 1754 88 50 est
1317 1768 80 36 un
1456 1749 252 53 élément
1766 1743 271 71 français.
2101 1743 116 53 Son

128 1833 350 71 grand-père
508 1833 303 68 maternel,
844 1833 201 68 James
1068 1832 265 69 Kenney,
1355 1846 237 39 censeur
1624 1830 80 52 du
1732 1828 232 52 théâtre
1995 1821 223 73 anglais

130 1917 58 49 et
221 1918 209 49 auteur
461 1913 288 72 comique,
782 1914 218 69 épousa
1032 1931 71 35 en
1136 1912 277 53 secondes
1444 1926 174 39 noces
1648 1909 273 52 Madame
1960 1905 257 66 Mercier,

129 1992 116 55 fille
304 1995 79 54 du
443 1993 239 56 fameux
743 1993 342 56 dramatiste
1145 1990 250 71 français
1455 1989 302 57 Sébastien
1818 1988 254 53 Mercier.
2136 1984 85 53 La

132 2075 156 54 mère
326 2077 71 53 de
435 2075 117 54 Mrs
589 2075 348 55 Newmarch
972 2073 323 56 elle-même
1332 2089 60 37 se
1430 2069 354 57 considérait
1820 2084 227 38 comme
2082 2069 136 50 tout

133 2161 213 49 autant
395 2157 309 68 Française
745 2154 375 71 qu'Anglaise
1148 2176 12 47 ;
1221 2153 106 56 elle
1393 2153 92 54 fut
1559 2150 194 55 l'amie
1835 2149 71 53 de
1974 2147 244 69 Prosper

135 2235 289 68 Mérimée,
450 2238 70 53 de
543 2235 164 70 Jules
729 2235 271 55 Sandeau
1026 2257 12 47 ;
1063 2241 58 49 et
1146 2234 99 56 dès
1267 2252 104 36 son
1393 2233 261 66 enfance,
1686 2232 158 52 Rosa
1872 2225 349 57 Newmarch

134 2334 60 39 se
250 2323 213 48 trouva
516 2315 246 73 baignée
817 2315 374 56 d'influences
1247 2319 59 51 et
1364 2315 69 54 de
1482 2309 363 75 sympathies
1886 2305 332 71 françaises.

247 2398 187 71 Après
452 2397 402 68 dîner,l'autre
870 2397 15 70 j
897 2415 122 48 our,
1032 2395 56 72 je
1103 2395 82 55 lui
1202 2393 311 57 demandai
1532 2394 70 55 de
1619 2390 226 55 vouloir
1859 2389 136 55 bien
2011 2385 180 57 rensei-

138 2497 138 52 gner
297 2483 169 50 notre
491 2478 197 71 public
713 2495 98 38 sur
831 2478 58 53 la
914 2477 268 70 musique
1209 2477 275 54 moderne
1513 2474 70 54 de
1605 2470 400 72 l'Angleterre.
2024 2468 158 53 Aima-

137 2559 278 68 blement,
435 2559 106 56 elle
570 2564 242 66 accepta
842 2563 58 51 et
932 2559 146 54 dans
1107 2576 104 37 son
1240 2558 243 66 bureau,
1502 2573 75 36 au
1606 2552 198 57 milieu
1842 2552 98 53 des
1969 2548 252 56 bibelots

139 2657 209 51 russes,
379 2642 99 53 des
505 2638 460 74 photographies
991 2643 59 50 et
1080 2639 101 54 des
1206 2637 193 67 livres,
1430 2634 54 71 je
1519 2630 359 70 commençai
1907 2630 70 55 de
2004 2629 191 53 l'inter-

141 2721 210 55 viewer
387 2740 95 35 sur
516 2721 84 55 les
636 2719 310 56 musiciens
983 2717 456 72 d'aujourd'hui.
1487 2715 214 68 Calme,
1739 2713 106 55 elle
1880 2728 93 38 me
2009 2709 213 73 parlait

143 2818 142 37 avec
336 2818 328 51 assurance,
715 2801 55 53 la
820 2799 122 55 tête
994 2798 206 69 droite,
1252 2797 176 56 assise
1480 2798 70 53 de
1600 2794 148 69 côté,
1799 2808 228 38 comme
2082 2789 143 55 c'est

142 2901 66 35 sa
241 2888 292 48 coutume.
570 2883 98 67 Et,
702 2879 288 71 toujours,
1026 2882 203 68 quand
1259 2878 56 71 je
1355 2878 57 55 la
1444 2878 257 71 regarde,
1737 2872 146 56 ainsi
1917 2870 306 68 accoudée,

143 2981 144 37 avec
330 2981 105 37 son
476 2962 160 56 front
678 2962 156 71 large
877 2980 135 36 sous
1055 2978 89 37 ses
1171 2961 264 54 cheveux
1478 2957 131 72 gris,
1635 2976 64 35 sa
1739 2953 130 55 face
1912 2952 182 68 virile,
2138 2966 88 39 ses

143 3048 189 68 gestes
362 3043 196 55 sobres
588 3048 57 51 et
677 3042 247 71 décidés,
953 3039 56 71 je
1038 3058 176 54 songe
1244 3041 34 52 à
1306 3051 94 42 ces
1427 3038 177 55 vieux
1632 3034 222 56 marins»
1887 3030 341 72 énergiques

147 3123 123 73 qui,
311 3122 331 57 immobiles
683 3124 34 53 à
754 3123 57 54 la
850 3123 188 66 barre,
1079 3123 243 52 mènent
1361 3119 124 55 leur
1524 3118 218 53 bateau
1783 3131 130 37 vers
1952 3113 57 53 la
2048 3112 180 54 haute

144 3223 124 37 mer
303 3207 100 66 (1).

260 3287 154 55 C'est
438 3291 136 49 tout
600 3284 248 55 d'abord
870 3301 106 37 son
1000 3283 261 55 attitude
1286 3301 71 37 en
1383 3278 266 71 musique
1680 3276 208 72 qu'elle
1913 3274 315 70 m'expose,

238 3458 59 48 (i)
325 3448 102 38 Une
459 3446 171 52 grande
663 3445 146 51 partie
841 3445 77 38 des
951 3444 211 51 réponses
1209 3444 77 49 qui
1325 3442 183 39 suivent
1534 3441 81 37 ont
1645 3437 72 40 été
1749 3436 370 50 communiquées
2151 3446 81 40 par

149 3509 134 47 écrit;
315 3521 75 27 car
421 3510 92 37 Mrs
547 3505 270 40 Newmarch
861 3517 45 26 se
954 3505 206 38 trouvait
1204 3503 26 38 à
1275 3502 303 49 Leamington
1613 3498 396 59 (Warwickshire),
2040 3509 51 26 sa
2129 3496 104 38 ville

151 3571 167 46 natale,
348 3583 58 26 au
440 3571 206 37 moment
680 3567 57 39 où
770 3566 43 50 je
845 3566 254 50 composais
1134 3568 72 35 cet
1237 3564 179 44 article;
1443 3561 129 46 mais,
1607 3571 113 42 pour
1752 3571 54 26 ne
1833 3571 82 39 pas
1952 3558 209 39 dérouter
2194 3556 39 38 le

149 3636 183 42 lecteur,
361 3631 80 51 j'ai
470 3627 214 42 conservé
718 3627 111 38 d'un
855 3627 115 38 bout
1000 3625 27 38 à
1058 3625 164 39 l'autre
1254 3625 44 38 la
1324 3624 142 38 forme
1505 3622 54 38 de
1590 3620 280 40 l'interview.
