2530 4087
326 315 90 47 502

835 319 260 36 BULLETIN
1130 316 254 47 FRANÇAIS
1420 316 68 33 DE
1524 315 65 33 LA
1627 315 39 34 S.
1704 315 32 33 I.
1773 316 55 33 M.

327 480 225 38 comme
595 465 312 63 lui-même,
943 462 211 53 Perrin.
1191 461 123 63 Car,
1350 458 336 69 ajoute-t-il,
1707 478 20 28 «
1757 477 63 36 ce
1843 459 96 69 qui
1972 466 86 48 est
2091 461 228 68 pareille-

330 548 159 49 ment
519 542 266 70 singulier
814 560 71 34 en
915 545 152 48 cette
1096 536 272 67 comédie,
1398 537 140 52 c'est
1567 553 112 36 une
1708 537 246 53 manière
1984 538 359 69 particulière

331 619 68 55 de
423 619 230 54 traitter
677 619 80 53 les
781 617 221 70 paroles
1028 616 69 52 de
1120 613 262 69 musique
1406 612 325 70 françoises,
1759 614 141 52 dans
1921 614 242 69 laquelle
2187 614 39 52 il
2249 633 41 52 y
2314 633 33 35 a

330 699 99 53 des
465 696 397 54 observations
899 698 56 48 et
995 694 98 52 des
1131 691 358 54 délicatesses
1533 692 285 70 jusqu'icy
1854 710 112 50 peu
2003 710 248 36 connues
2288 699 59 49 et

330 776 98 68 qui
460 774 346 54 demandent
838 788 79 36 un
948 774 92 47 art
1072 774 57 49 et
1161 788 78 35 un
1271 769 160 69 génie
1460 774 134 50 tout
1628 769 345 70 particulier.
2008 772 167 68 Quoy
2207 771 140 69 qu'il

329 871 70 35 en
426 851 129 66 soit,
584 851 119 68 j'ay
735 849 330 66 l'avantage
1106 847 218 54 d'avoir
1362 853 205 48 ouvert
1609 853 58 48 et
1708 847 254 70 applany
2000 847 52 53 le
2100 849 245 66 chemin,

330 928 221 55 d'avoir
578 928 336 52 descouvert
942 931 59 47 et
1028 926 249 53 défriché
1304 932 150 47 cette
1481 932 148 48 terre
1656 943 185 36 neuve
1868 931 60 48 et
1954 924 210 70 fourny
2193 927 33 51 à
2253 945 94 34 ma

327 1006 202 53 nation
555 1022 77 34 un
659 1002 221 54 modèle
908 1003 68 52 de
1002 1002 56 53 la
1083 1003 253 53 comédie
1361 1003 278 70 française
1669 1022 67 36 en
1763 1002 320 70 musique...
2109 1023 22 28 »
2154 1020 6 10 •

439 1082 212 67 Malgré
689 1086 165 48 toute
895 1098 64 35 sa
998 1080 281 69 jactance,
1321 1082 213 66 Perrin,
1575 1080 273 72 plagiaire
1886 1080 228 68 éhonté,
2155 1080 192 54 s'était

327 1160 172 70 gardé
541 1163 132 48 tout
719 1160 68 53 de
832 1159 183 54 même
1059 1160 69 53 de
1171 1159 221 70 publier
1448 1166 152 48 cette
1657 1159 179 70 épître
1896 1160 76 53 du
2015 1158 205 53 vivant
2279 1160 69 53 de

330 1237 226 54 Charles
580 1238 69 52 de
672 1237 167 68 Beys.
865 1235 50 52 Il
934 1235 56 54 la
1015 1239 133 52 date
1172 1237 69 53 de
1263 1256 21 28 «
1309 1237 175 67 Paris,
1509 1253 68 51 30
1601 1238 142 53 avril
1768 1258 20 28 »
1817 1238 147 53 dans
1991 1253 88 37 ses

327 1314 99 55 S'il
452 1314 241 53 l'écrivit
720 1315 284 54 vraiment
1031 1333 70 36 en
1128 1333 60 36 ce
1214 1317 288 68 temps-là,
1528 1317 39 52 il
1592 1334 59 36 se
1675 1317 182 53 borna
1884 1317 33 50 à
1942 1317 293 67 l'envoyer
2268 1332 74 35 au

329 1392 386 67 destinataire,
734 1392 147 54 alors
908 1394 352 67 archevêque
1288 1394 68 52 de
1383 1393 199 67 Turin;
1610 1394 144 52 mais
1779 1393 39 52 il
1844 1393 156 53 évita
2024 1392 293 71 soigneuse-

327 1475 158 49 ment
515 1470 130 54 d'en
669 1470 141 54 faire
837 1472 265 67 précéder
1125 1472 51 52 le
1201 1470 170 55 livret
1399 1473 68 52 de
1492 1489 64 36 sa
1901 1473 76 52 où
2001 1470 106 55 elle
2132 1475 99 49 eut
2257 1472 91 50 été

329 1549 321 67 cependant
689 1549 117 52 très
847 1549 132 53 bien
1020 1550 34 51 à
1093 1567 62 35 sa
1196 1549 179 70 place.
1420 1550 48 52 Il
1515 1549 289 55 redoutait
1846 1550 388 52 évidemment
2277 1549 70 53 de

326 1625 250 55 s'attirer
602 1627 245 68 quelque
872 1627 254 69 réplique
1152 1627 334 69 vigoureuse
1509 1629 68 52 de
1603 1628 247 56 l'auteur
1876 1629 77 52 du

341 1703 47 52 V.
433 1703 216 66 Amour,
650 1704 77 69 qui
748 1704 141 53 l'eut
914 1704 327 55 facilement
1265 1710 236 49 couvert
1525 1707 70 52 de
1616 1704 254 55 ridicule.
1896 1705 107 52 Car
2023 1705 81 52 les
2126 1705 218 69 poètes,

326 1788 231 47 surtout
587 1784 68 51 de
682 1801 61 35 ce
768 1788 210 63 temps,
1004 1789 103 47 ont
1134 1783 310 54 volontiers
1468 1783 56 53 la
1552 1784 137 52 dent
1717 1785 157 52 dure.
1902 1784 76 52 Et
2005 1788 166 48 notre
2197 1782 148 54 sieur

330 1859 194 53 Perrin
553 1859 214 70 prêtait
801 1877 155 37 assez
989 1862 33 49 à
1050 1860 57 52 la
1136 1860 191 54 satire.

440 1936 50 53 Il
527 1938 226 68 pensait
792 1939 120 52 s'en
948 1938 138 53 tirer
1122 1940 35 51 à
1194 1939 254 55 meilleur
1487 1944 229 64 compte
1756 1955 140 37 avec
1935 1957 80 34 un
2052 1938 293 67 musicien,

330 2014 130 68 déjà
487 2032 96 35 sur
611 2015 146 69 l'âge
787 2020 59 49 et
876 2015 99 69 qui
1004 2020 98 49 eut
1133 2015 132 54 bien
1295 2036 79 49 pu
1404 2015 224 70 ignorer
1656 2015 53 54 le
1738 2016 143 53 livre
1910 2015 141 70 qu'il
2079 2015 266 70 publiait.

326 2094 92 52 Au
444 2094 247 69 surplus,
721 2094 196 53 Perrin
945 2094 224 69 pensait
1197 2095 287 69 peut-être
1512 2113 71 34 ne
1610 2112 106 52 pas
1742 2094 81 53 lui
1850 2094 141 53 faire
2018 2095 183 69 grand
2226 2099 121 48 tort

327 2188 70 35 en
434 2170 52 53 le
524 2171 282 52 frustrant
847 2173 68 52 de
955 2176 152 49 cette
1145 2171 271 70 modique
1453 2171 174 70 gloire
1666 2171 240 68 d'avoir,
1948 2173 69 52 de
2055 2171 130 69 cinq
2225 2189 120 48 ans,

327 2249 237 68 précédé
613 2249 286 53 Cambert.
927 2249 159 52 Dans
1133 2265 62 37 sa
1242 2251 223 68 pensée,
1503 2249 51 54 le
1603 2249 200 54 mérite
1850 2249 276 70 principal
2178 2250 68 53 de
2292 2249 56 53 la

326 2328 255 53 comédie
614 2326 279 69 française
926 2345 69 36 en
1027 2326 262 70 musique
1321 2328 259 54 revenait
1613 2345 73 36 au
1718 2329 187 68 poète,
1939 2345 114 36 non
2071 2345 75 36 au
2177 2328 137 53 musi-

326 2404 144 54 cien.
513 2405 100 66 Là,
655 2405 41 51 il
735 2404 201 70 voyait
978 2422 153 35 assez
1172 2405 170 69 juste.
1385 2405 144 53 Mais
1571 2406 138 52 c'est
1750 2424 79 34 un
1868 2405 169 70 point
2076 2422 97 36 sur
2213 2405 135 71 quoi

326 2483 208 69 j'aurai
581 2484 33 51 à
660 2484 239 53 revenir.

440 2560 147 72 Quoi
617 2561 141 69 qu'il
786 2579 71 34 en
886 2561 131 66 soit,
1049 2579 70 34 en
1150 2561 158 70 dépit
1340 2564 69 52 de
1446 2579 90 36 ses
1580 2561 419 68 réclamations,
2031 2561 205 55 Michel
2279 2563 70 53 de

327 2640 84 52 La
434 2639 213 53 Guerre
670 2657 70 35 ne
763 2637 206 54 réussit
992 2639 167 68 guère
1185 2640 33 51 à
1239 2657 59 35 se
1322 2639 140 53 faire
1484 2641 202 51 rendre
1710 2639 224 68 justice.
1959 2640 101 53 Ses
2080 2639 267 70 plaintes,

327 2716 333 55 semble-t-il
691 2716 151 66 bien,
875 2716 259 52 n'eurent
1166 2735 186 35 aucun
1383 2717 157 53 écho.
1575 2716 152 54 Elles
1755 2717 279 54 restèrent
2066 2717 282 53 confinées

330 2796 141 54 dans
508 2813 62 35 sa
606 2794 284 67 dédicace,
927 2800 433 64 apparemment
1409 2813 111 51 peu
1567 2795 110 53 lue.
1717 2795 49 52 Il
1801 2800 86 48 est
1921 2796 118 52 très
2074 2795 274 70 probable

329 2891 109 51 que
468 2874 54 52 le
553 2874 279 68 Dialogue
866 2890 95 36 sur
997 2872 283 54 l'alliance
1313 2874 61 51 de
1411 2874 54 51 la
1497 2874 213 52 France
1745 2879 45 46 et
1822 2875 62 51 de
1921 2874 304 70 l'Espagne
2257 2874 90 53 fut

329 2951 205 54 chanté
561 2952 33 51 à
614 2951 56 54 la
696 2951 164 67 Cour,
886 2950 144 53 mais
1053 2968 133 35 sans
1208 2951 265 70 produire
1497 2968 220 37 aucune
1738 2951 337 70 impression
2098 2951 218 70 particu-

326 3027 153 55 lière.
512 3030 77 52 Le
614 3029 202 53 mérite
848 3029 69 53 de
948 3045 61 37 ce
1040 3034 229 48 concert
1298 3029 268 68 bilingue,
1596 3029 214 69 malgré
1839 3046 63 36 sa
1931 3030 327 53 nouveauté
2288 3034 57 48 et

330 3123 103 38 son
457 3107 335 69 ingéniosité
816 3125 79 36 un
919 3125 112 51 peu
1055 3107 233 69 puérile,
1313 3126 70 35 ne
1407 3107 237 54 séduisit
1669 3125 295 52 personne.
1991 3107 354 70 L'organiste

333 3185 67 52 de
426 3185 56 52 la
512 3184 506 71 Sainte-Chapelle,
1050 3185 142 53 ainsi
1223 3185 138 70 qu'il
1388 3185 53 53 le
1458 3185 407 53 reconnaissait
1882 3185 292 53 lui-même
2203 3201 139 37 avec

329 3280 109 36 une
467 3262 178 55 feinte
678 3264 282 53 modestie
985 3264 98 69 qui
1119 3264 203 53 n'était
1354 3264 209 69 qu'une
1589 3264 335 68 précaution
1978 3262 263 68 oratoire,
2271 3281 71 36 ne

330 3340 240 67 pouvait
589 3340 174 54 lutter
780 3359 141 37 avec
928 3341 81 53 les
1028 3341 303 53 musiciens
1345 3359 71 35 en
1430 3341 319 69 possession
1765 3341 132 53 delà
1916 3341 200 53 faveur
2131 3340 211 70 royale.

333 3416 49 52 Il
420 3419 365 66 appartenait
825 3420 33 51 à
895 3438 111 35 une
1044 3420 330 68 génération
1413 3420 291 53 démodée.
1746 3420 76 51 Et
1862 3436 276 52 personne
2175 3436 71 37 ne
2285 3436 58 36 se

331 3495 299 53 souvenait
659 3496 129 69 déjà
825 3497 127 69 plus
974 3499 140 68 qu'il
1140 3499 156 52 avait
1321 3516 77 36 un
1421 3497 127 69 jour
1572 3504 224 59 ouvert,
1823 3497 133 54 bien
1982 3497 363 55 timidement
