2530 4087
2095 401 94 53 577

1039 407 61 37 LE
1138 407 128 39 MOIS

222 560 143 56 Bien
428 579 115 54 que
601 562 401 54 tardivement
1062 577 146 38 nous
1268 577 183 38 avons
1512 559 34 53 à
1607 555 369 57 mentionner
2072 572 114 37 une

107 640 270 71 agréable
428 642 207 54 séance
687 642 224 54 donnée
960 658 106 53 par
1117 642 152 54 Mme
1320 640 172 54 Dietz
1543 639 35 53 à
1625 638 57 53 la
1730 635 141 56 salle
1922 634 263 56 Femina.

109 720 279 56 L'artiste
422 741 33 35 a
488 722 241 71 préludé
760 738 105 55 par
897 739 113 37 une
1044 720 264 56 Causerie
1341 738 96 37 sur
1471 720 338 55 Schumann
1844 718 122 66 (sur
1997 714 191 71 lequel

112 821 79 36 on
234 821 33 36 a
309 808 136 49 tant
487 803 144 54 écrit
676 808 58 49 et
775 808 136 48 tant
953 802 179 72 parlé,
1174 819 150 54 pour
1367 802 120 54 dire
1529 805 252 50 souvent
1824 814 159 40 assez
2025 796 160 72 peu).

115 884 154 53 Mme
306 883 176 54 Dietz
517 902 36 35 a
587 884 94 53 été
718 882 217 72 précise
972 888 58 49 et
1067 883 196 67 brève,
1302 899 61 37 ce
1400 880 100 71 qui
1538 885 89 50 est
1664 898 80 37 un
1779 878 227 61 mérite.
2049 875 137 56 Puis

111 964 106 55 elle
261 983 33 36 a
335 964 223 55 illustré
600 982 62 35 sa
691 963 254 56 causerie
987 981 104 53 par
1132 963 82 54 les
1259 960 429 70 Kreisleiriana,
1717 979 115 36 une
1875 958 189 73 partie
2108 959 79 55 du

116 1044 288 55 Carnaval
438 1050 59 49 et
534 1044 256 55 d'autres
824 1042 186 72 pièces
1045 1042 207 71 qu'elle
1288 1061 34 35 a
1357 1042 196 71 jouées
1589 1043 145 53 dans
1768 1042 52 53 le
1854 1039 126 55 vrai
2014 1038 172 72 style.

116 1124 95 56 On
233 1124 77 56 l'a
333 1125 291 55 entendue
649 1124 153 55 enfin
827 1124 145 55 dans
1000 1124 78 53 du
1101 1123 244 67 Mozart,
1372 1124 79 53 du
1481 1123 283 66 Rameau,
1792 1122 79 53 du
1889 1119 223 71 Chopin
2127 1124 60 50 et

117 1207 83 53 du
228 1207 290 68 Debussy,
550 1222 217 53 preuve
798 1203 141 54 d'un
967 1218 134 55 sage
1131 1202 326 54 éclectisme
1487 1207 59 48 et
1579 1202 141 54 d'un
1749 1202 202 69 souple
1979 1200 206 55 talent.

120 1285 134 56 Mlle
297 1285 223 54 Hélène
563 1283 249 67 Sirbain,
860 1284 70 53 de
988 1282 562 71 l'Opéra-Comique,
1595 1280 93 55 fut
1731 1282 310 69 empêchée
2083 1297 105 54 par

117 1387 83 34 un
248 1367 479 53 malencontreux
772 1364 205 53 rhume
1025 1364 70 53 de
1142 1363 243 53 chanter
1430 1378 141 37 avec
1619 1367 134 48 tout
1800 1378 106 37 son
1953 1363 235 53 charme

117 1445 265 55 habituel
409 1466 13 47 ;
473 1444 329 71 cependant
850 1442 105 56 elle
1005 1440 208 56 mérita
1261 1447 59 49 et
1371 1440 281 55 recueillit
1703 1442 101 53 des
1853 1440 302 71 applaudis-

116 1532 274 51 sements.

267 1607 52 53 A
355 1607 57 53 la
449 1603 208 57 Schola
695 1604 339 67 Cantorum,
1075 1603 76 53 M.
1191 1603 187 53 Motte
1415 1600 57 55 la
1512 1599 190 70 Croix,
1741 1618 35 37 a
1815 1602 222 69 prouvé
2075 1619 115 36 une

120 1688 110 55 fois
282 1689 70 54 de
404 1687 132 71 plus
589 1685 141 55 d'un
781 1683 268 72 puissant
1101 1684 430 70 tempérament
1585 1683 70 55 de
1707 1682 274 71 pianiste.
2037 1682 153 54 C'est

118 1787 115 36 une
271 1765 284 74 précision
591 1771 61 49 et
689 1783 113 37 une
837 1763 244 71 vigueur
1119 1763 100 71 qui
1258 1768 132 50 sont
1428 1762 174 54 allées
1636 1762 237 71 jusqu'à
1906 1760 58 55 la
2000 1762 160 54 séche-

120 1865 149 39 resse
314 1848 145 55 dans
499 1844 251 57 certains
790 1861 273 54 passages
1106 1845 69 55 de
1221 1843 264 67 Prélude,
1532 1842 209 54 Choral
1782 1848 61 50 et
1887 1843 202 70 Fugue
2133 1847 58 49 et

121 1931 147 53 dans
306 1928 57 55 la
389 1928 220 55 Sonate
649 1924 177 73 piano
866 1931 60 49 et
965 1924 216 69 violon,
1224 1925 69 55 de
1334 1924 246 54 Franck.
1623 1923 165 53 Dans
1826 1923 53 55 le
1920 1923 275 70 Debussy

118 2016 61 49 et
225 2012 145 54 dans
412 2007 306 68 l'Albeniz,
762 2011 254 64 surtout,
1061 2006 38 53 il
1142 2006 189 55 fallait
1376 2006 69 54 de
1487 2004 58 54 la
1586 2003 148 56 furie
1776 2009 61 50 et
1881 2004 78 54 M.
2006 2004 188 54 Motte

120 2089 57 55 la
207 2088 174 56 Croix
409 2107 73 38 en
511 2107 34 36 a
574 2087 130 56 mis.
734 2086 153 55 N'eu
916 2086 272 55 concluez
1218 2102 107 55 pas
1354 2084 142 71 qu'il
1527 2102 255 52 manque
1814 2084 70 55 de
1915 2083 235 55 charme
2178 2103 16 49 ;

118 2171 41 53 il
203 2188 35 37 a
281 2168 135 71 joué
461 2169 35 54 à
545 2168 57 55 la
653 2166 323 73 perfection
1031 2172 153 51 cette
1240 2166 245 55 délicate
1538 2183 201 37 œuvre
1793 2166 70 54 de
1917 2163 237 71 D'lndy
2182 2183 10 35 :

123 2271 25 28 «
172 2251 303 55 Tableaux
508 2251 69 54 de
610 2267 223 52 voyage
859 2268 39 47 »,
926 2249 144 54 dont
1104 2247 249 56 certains
1377 2252 141 49 sont
1552 2247 70 54 de
1644 2246 331 55 délicieuses
1992 2244 170 56 minia-

123 2337 162 50 tures
308 2332 74 53 où
410 2331 51 54 le
488 2329 127 56 soin
643 2332 79 53 du
750 2328 179 56 détail
953 2329 303 55 n'atténue
1282 2347 72 36 en
1381 2327 122 56 rien
1529 2327 184 56 l'effet
1741 2328 72 53 de
1837 2324 357 59 l'ensemble.

236 2412 163 55 Mlles
446 2411 304 54 Fernande
795 2416 61 49 et
903 2411 169 69 Mary
1120 2409 296 70 Pironnay
1462 2413 124 62 ont,
1637 2408 33 53 à
1715 2407 123 56 leur
1886 2404 309 69 ordinaire,

120 2492 119 56 fort
299 2492 434 71 agréablement
790 2491 230 54 chanté.
1084 2489 133 56 Mlle
1275 2489 169 70 Mary
1505 2489 301 69 Pironnay
1877 2487 143 54 s'est
2089 2484 111 56 fait

121 2588 244 40 excuser
405 2572 141 55 d'un
586 2576 379 51 enrouement
1006 2572 144 53 dont
1188 2587 76 37 on
1302 2569 138 55 s'est
1481 2568 34 53 à
1553 2568 167 73 peine
1759 2583 233 56 aperçu.
2032 2566 165 54 Nous

123 2670 185 38 avons
357 2653 133 70 déjà
539 2651 86 57 dit
673 2651 284 72 plusieurs
1005 2651 108 54 fois
1158 2651 73 54 ici
1278 2656 133 48 tout
1458 2651 51 53 le
1539 2651 233 53 charme
1809 2653 58 50 et
1905 2648 52 55 le
2006 2646 193 55 savoir

123 2734 72 55 de
234 2738 154 49 cette
426 2732 204 55 artiste
668 2732 101 71 qui
804 2737 90 50 est
931 2750 113 37 une
1084 2733 100 54 des
1221 2731 205 71 gloires
1463 2732 70 53 de
1571 2729 57 56 la
1668 2728 227 56 Schola.

1866 2852 63 52 F.
1976 2851 68 53 G.

123 3219 308 58 SCHOLA
472 3219 434 55 CANTORUM

238 3380 84 55 La
354 3379 208 55 Schola
594 3396 147 38 nous
773 3397 33 37 a
840 3380 190 54 donné
1062 3398 71 36 en
1168 3380 153 54 deux
1356 3377 111 54 fois
1497 3396 114 35 une
1643 3376 321 55 excellente
1997 3376 170 54 exécu-

122 3459 129 56 tion
295 3462 70 54 de
408 3459 57 56 la
508 3460 183 55 Messe
735 3478 71 36 en
850 3459 69 55 Si
962 3462 70 53 de
1077 3460 181 54 Bach.
1306 3458 309 54 Orchestre
1660 3457 266 67 attentif,
1970 3457 233 54 chœurs

126 3540 300 70 recueillis,
469 3540 227 55 solistes
736 3540 185 70 pleins
963 3543 69 53 de
1074 3545 223 66 respect
1338 3557 147 53 pour
1524 3538 246 56 l'œuvre
1812 3537 173 72 qu'ils
2025 3537 149 57 inter-

122 3622 314 71 prétaient,
477 3628 134 48 tout
653 3622 122 54 cela
813 3639 35 36 a
886 3620 169 56 laissé
1093 3641 111 35 une
1244 3619 343 72 impression
1631 3619 225 55 d'unité
1895 3619 181 70 qu'on
2115 3623 90 51 est

124 3702 261 56 heureux
431 3704 70 54 de
549 3707 337 52 rencontrer
931 3703 35 52 à
1009 3702 57 54 la
1112 3700 226 56 Schola.
1386 3700 78 56 Le
1511 3700 389 70 changement
1947 3700 72 55 de
2067 3699 138 56 salle
