2530 4087
352 349 59 52 59
416 339 24 44 8

864 354 261 34 BULLETIN
1162 355 254 49 FRANÇAIS
1452 360 69 34 DE
1557 358 64 34 LA
1659 358 40 34 S.
1737 358 33 34 I.
1807 358 54 33 M.

353 497 286 55 vraiment
678 496 319 57 inimitable
1035 497 255 73 lorsqu'il
1329 503 131 69 joue
1500 504 80 54 les
1618 504 150 67 Jeux
1806 501 180 64 d'eau,
2025 499 80 53 les
2146 496 238 55 Poisons

391 577 114 51 d'or
506 595 68 35 ou
603 577 80 54 les
1105 577 236 68 Jardins
1636 595 127 37 sous
1957 579 54 53 la
2121 583 172 68 pluie.

463 654 248 69 J'aurais
745 657 76 53 du
852 657 255 56 remords
1139 657 47 54 si
1216 660 55 70 je
1304 680 70 36 ne
1406 661 210 70 parlais
1647 677 105 53 pas
1783 656 321 73 également
2137 656 79 52 du
2246 671 99 37 con-

354 741 117 47 cert
513 751 109 53 que
665 736 75 52 M.
794 735 222 69 Vicens,
1044 737 57 51 M
1106 745 18 20 a
1173 740 68 53 de
1282 740 197 55 Gibert
1521 759 33 36 a
1595 740 187 55 donné
1806 741 132 50 tout
1967 734 415 56 dernièrement

354 815 34 51 à
423 812 203 70 YOrfeô
667 815 196 53 Català
900 817 140 53 dans
1077 817 49 54 le
1162 819 107 53 but
1307 823 67 52 de
1411 838 141 37 nous
1590 819 138 54 faire
1761 816 295 56 connaître
2084 814 264 70 quelques-

352 909 139 37 unes
515 894 69 52 de
607 909 85 38 ses
717 911 240 37 œuvres.
983 896 199 55 Gibert
1206 917 33 35 a
1263 900 191 55 étudié
1477 900 56 52 la
1556 895 387 72 composition
1967 911 140 37 avec
2131 892 249 55 Vincent

353 970 209 70 d'lndy
599 976 56 48 et
693 974 230 53 connaît
960 993 104 52 par
1100 979 349 68 conséquent
1486 995 103 37 son
1625 976 220 55 métier.
1887 974 50 53 Il
1972 990 76 37 va
2085 988 136 39 sans
2259 971 119 55 dire

350 1051 139 70 qu'il
526 1056 87 50 est
651 1052 333 56 Franckiste
1021 1061 57 49 et
1117 1058 304 54 adorateur
1459 1060 70 52 de
1566 1059 56 52 la
1660 1058 222 52 Forme.
1926 1055 49 52 Il
2013 1069 146 37 nous
2199 1070 33 36 a
2271 1050 107 54 fait

350 1131 273 54 entendre
649 1132 273 70 quelques
1580 1135 266 53 chansons
1243 1138 70 53 de
1338 1155 13 21 <
1368 1157 33 34 a
1426 1136 277 71 première
1730 1134 271 66 manière,
2029 1150 112 36 une

380 1209 189 67 brevis,
569 1228 71 35 en
1018 1211 56 52 ré
1188 1211 235 70 mineur,
1020 1231 146 53 pour
1195 1214 335 56 violoncello
1561 1221 58 49 et
1648 1215 193 70 piano,
1873 1219 60 48 et
1963 1230 80 36 un
2077 1210 162 68 Cycle

352 1289 54 53 la
439 1289 243 68 primera
716 1294 276 66 Jornada),
1016 1312 145 52 pour
1195 1295 173 53 chant
1404 1301 59 49 et
1498 1295 191 70 piano.
1730 1292 190 54 Parmi
1956 1291 80 55 les
2072 1290 301 65 chansons,

346 1367 40 52 il
409 1386 38 53 y
471 1386 71 36 en
567 1388 33 34 a
626 1371 70 54 de
720 1371 114 54 fort
858 1371 183 71 jolies,
1069 1375 144 53 mais
1235 1392 103 36 son
1549 1380 87 50 est
1660 1374 395 53 évidemment
2077 1370 299 69 beaucoup

345 1449 130 68 plus
507 1449 358 56 intéressant.
1476 1452 242 54 Curieux
1180 1470 129 37 sans
1338 1455 118 53 être
1836 1452 140 54 c'est
2010 1469 79 34 un
2121 1465 252 52 ouvrage

345 1527 286 56 vraiment
661 1531 395 68 remarquable
1088 1532 98 69 qui
1218 1532 277 55 renferme
1529 1534 95 52 des
1656 1548 175 53 pages
1864 1531 70 52 de
1964 1534 134 49 tout
2130 1526 246 71 premier

346 1609 182 54 ordre.
565 1607 196 70 Quant
795 1610 34 52 à
861 1609 56 54 la
1580 1610 216 69 Sonate,
1202 1611 103 55 elle
1336 1618 89 48 est
1456 1611 319 70 également
1810 1609 116 54 fort
1973 1607 398 55 intéressante.

345 1685 198 56 Gibert
576 1691 87 50 est
693 1706 79 35 un
806 1689 200 54 artiste
1037 1690 116 53 très
1185 1689 240 68 sérieux,
1456 1691 119 52 très
1608 1689 312 70 d'aplomb,
1956 1687 97 70 qui
2088 1703 144 36 nous
2264 1684 109 54 fait

343 1767 180 70 grand
581 1766 276 55 honneur.

454 1845 49 53 Il
534 1861 75 39 va
639 1863 130 38 sans
801 1846 120 55 dire
951 1864 110 52 que
1865 1847 204 68 YOrfeô
2345 1849 39 52 C
1564 1849 254 52 donnera
1850 1845 368 55 maintenant
2251 1844 119 53 des.

341 1925 210 70 grands
604 1930 273 48 concerts.
909 1925 95 53 Un
1034 1927 68 54 de
1130 1943 142 37 ceux
1300 1944 112 51 que
1439 1931 134 49 tous
1601 1943 106 35 nos
1736 1929 297 49 amateurs
2065 1922 307 55 attendent

341 2019 138 38 avec
517 2005 183 67 grand
735 2001 207 57 intérêt
978 2004 141 56 c'est
1155 2004 144 56 celui
1336 2005 178 69 qu'on
1550 2020 144 38 nous
1732 2002 199 55 offrira
1970 2021 74 36 au
2081 2018 249 36 commen-

340 2087 225 50 cement
593 2084 70 53 de
692 2082 55 54 la
773 2084 189 53 saison
989 2082 307 72 prochaine
1324 2085 266 53 consacré
1618 2101 115 36 aux
1763 2081 422 71 poliphonistes
2213 2084 126 50 cata-

336 2161 125 55 lans
500 2161 78 52 du
609 2175 105 39 xvi
715 2171 23 26 e
772 2167 58 49 et
868 2176 130 40 xvii
1001 2175 20 24 e
1059 2161 180 55 siècle.
1281 2162 90 54 On
1409 2179 144 38 nous
1592 2164 253 52 donnera
1884 2162 101 55 des

336 2245 60 51 et
420 2242 69 52 de
510 2241 57 52 la
609 2241 261 70 musique
891 2241 290 71 religieuse
1205 2242 70 54 de
1299 2242 273 66 Brudieu,
1596 2244 102 52 des
2062 2242 71 52 de
2158 2239 210 54 Flécha

336 2325 59 48 et
430 2320 98 53 des
561 2320 408 68 compositions
1003 2320 318 71 religieuses
1355 2322 70 54 de
1492 2321 185 69 Pujol,
1713 2321 156 67 Cots,
1905 2320 226 66 Milans,
2166 2322 110 50 etc.
2318 2319 52 52 A

336 2414 61 38 ce
438 2414 229 53 propos,
708 2397 55 70 je
804 2416 71 36 ne
951 2399 128 69 puis
1120 2399 380 71 m'empêcher
1539 2400 70 53 de
1648 2399 188 69 parler
1876 2399 368 54 maintenant
2286 2396 81 53 du

336 2477 205 52 maître
567 2476 239 69 Pedrell,
833 2479 209 68 auquel
1067 2495 141 37 nous
1235 2480 215 53 devons
1478 2480 69 52 de
1572 2477 116 55 fort
1712 2477 175 56 belles
1914 2479 202 53 études
2141 2493 95 36 sur
2262 2491 104 37 nos

334 2555 453 71 polyphonistes,
828 2561 57 50 et
926 2557 77 54 du
1042 2557 202 54 maître
1285 2557 185 69 Pujol,
1510 2557 178 52 Yalter
1724 2574 96 52 ego
1860 2559 69 53 de
1970 2556 203 67 Millet,
2198 2554 100 71 qui
2330 2571 35 36 a

333 2634 220 54 traduit
583 2653 71 35 en
683 2635 267 54 notation
979 2636 270 55 moderne
1279 2636 80 55 les
1387 2636 129 70 plus
1544 2636 175 56 belles
1749 2654 176 52 pages
1954 2637 71 54 de
2056 2653 104 36 nos
2191 2634 174 53 vieux

333 2712 320 56 musiciens.
692 2714 171 55 Enfin
900 2715 56 70 je
993 2715 212 71 signale
1244 2716 35 53 à
1313 2716 262 53 l'avance
1611 2734 79 37 un
1727 2716 118 53 très
1881 2715 345 56 intéressant
2263 2730 67 36 ou-

330 2809 174 54 vrage
545 2794 69 53 de
654 2795 221 54 Pedrell
914 2813 95 35 sur
1049 2811 103 37 nos
1190 2795 174 54 vieux
1403 2796 234 55 maîtres
1679 2797 98 66 (i),
1820 2795 211 71 auquel
2069 2813 76 35 on
2185 2795 178 53 devra

329 2871 263 70 toujours
646 2872 245 55 recourir
942 2874 291 69 lorsqu'on
1285 2874 222 54 voudra
1547 2874 78 54 les
1665 2874 241 54 étudier.
1948 2874 103 55 Cet
2090 2888 272 53 ouvrage,

330 2951 99 70 qui
465 2954 254 67 paraîtra
757 2954 245 67 bientôt,
1041 2970 123 38 sera
1202 2955 384 68 accompagné
1628 2955 171 54 d'une
1836 2954 337 54 traduction
2211 2950 120 54 fran-

330 3030 145 68 çaise
512 3037 58 49 et
608 3032 139 55 d'un
782 3034 149 53 beau
968 3031 361 71 supplément
1366 3032 254 55 musical.

438 3112 190 68 Enfin,
656 3130 149 52 pour
832 3114 176 69 qu'on
1034 3112 128 56 voie
1188 3117 167 50 toute
1382 3112 397 71 l'importance
1807 3116 72 54 de
1906 3114 205 67 YOrfeô
2142 3110 220 67 Català,

326 3190 329 70 j'ajouterai
684 3210 205 38 encore
919 3192 141 71 qu'il
1091 3210 34 36 a
1153 3191 175 55 fondé
1357 3192 55 54 la

327 3269 177 69 (Jeux
534 3270 224 56 floraux
792 3272 70 55 de
893 3271 58 55 la
983 3270 306 71 musique),
1323 3270 100 72 qui
1458 3289 34 37 a
1523 3270 114 56 lieu
1667 3276 135 51 tous
1832 3271 83 55 les
1949 3288 122 50 ans,
2108 3288 75 36 au
2216 3265 146 62 mois

327 3350 69 52 de
426 3347 136 70 mai,
592 3355 58 49 et
683 3351 34 52 à
747 3350 243 72 laquelle
1017 3352 254 69 peuvent
1310 3350 295 54 concourir
1646 3354 136 52 tous
1820 3351 82 55 les
1942 3349 307 55 musiciens
2291 3347 71 54 de

437 3547 58 46 (i)
517 3547 198 39 Musïchs
737 3549 101 37 vells
859 3549 47 37 de
929 3548 41 38 la
991 3554 121 33 terra.
1136 3548 230 38 Biblioteca
1388 3548 47 36 de
1457 3548 41 37 la
1519 3548 171 39 Revista
1711 3550 187 38 musical
1917 3549 210 38 Ccdalana
2150 3549 210 47 (Bulletin

322 3605 190 38 mensuel
541 3607 53 38 de
617 3607 153 46 YOrfêo
797 3607 180 49 Català).
1621 3636 5 4 -
