2530 4087
550 262 65 34 LA
651 249 273 48 PREMIÈRE
961 249 241 48 COMÉDIE
1237 259 296 50 FRANÇAISE
1570 258 73 34 EN
1678 256 247 44 MUSIQUE

2283 302 0 0 501

316 413 101 69 Or,
451 413 404 56 réfléchissons
889 416 35 53 à
953 416 58 54 la
1049 416 156 54 date.
1230 414 91 56 De
1345 413 84 55 La
1453 412 217 54 Guerre
1694 407 143 56 écrit
1862 407 123 56 cela
2020 407 147 54 dans
2197 404 84 56 les

201 494 279 71 premiers
507 493 150 56 mois
685 496 71 54 de
780 496 161 68 1662,
964 496 169 55 sinon
1162 496 35 52 à
1221 496 57 53 la
1305 494 80 55 fin
1414 493 71 56 de
1515 491 162 54 1661.
1707 489 78 52 Et
1814 506 72 35 en
1914 492 155 49 cette
2096 485 186 55 année

206 574 163 69 1661,
402 574 203 56 Perrin
633 576 166 54 vient
831 577 70 54 de
929 577 144 54 faire
1103 577 257 71 paraître
1388 574 52 55 le
1470 572 238 56 volume
1739 571 71 53 de
1839 586 89 37 ses
1957 567 234 54 Œuvres
2219 565 65 54 de

207 653 219 57 Poésie.
442 656 84 53 La
548 656 303 57 Pastorale
879 658 70 54 de
972 657 142 70 1659
1136 658 144 54 dont
1301 654 275 56 Cambert
1597 651 163 55 avait
1780 648 142 56 écrit
1940 648 57 53 la
2014 645 270 73 musique

202 755 40 53 y
268 737 183 71 figure
478 755 75 37 en
577 736 148 56 belle
752 737 185 71 place,
964 737 137 55 bien
1127 737 278 68 entendu,
1434 751 141 39 avec
1602 738 134 50 tout
1763 750 76 35 au
1863 729 155 71 long,
2047 746 63 37 ce
2144 725 141 58 titre

202 835 344 53 mensonger
574 837 10 33 :
644 837 22 29 «
703 817 281 55 Première
1039 817 240 55 comédie
1331 814 283 71 françoise
1669 831 67 35 en
1788 809 261 74 musique
2103 808 152 71 repré-

211 899 177 54 sentée
602 915 68 37 en
769 898 219 54 France
725 919 41 31 ».

316 992 150 69 Ceci,
501 1010 224 51 encore,
761 992 178 56 serait
973 1010 116 53 peu
1125 992 72 54 de
1233 992 191 55 chose.
1462 992 85 52 La
1580 990 188 53 même
1809 986 265 57 mention
2116 985 145 54 s'éta-

203 1072 111 56 lait
341 1091 72 36 en
436 1072 124 55 tête
587 1073 70 54 de
681 1072 58 54 la
764 1071 160 71 pièce
949 1071 231 71 publiée
1207 1070 156 56 seule
1390 1071 138 53 chez
1555 1070 238 53 Ballant
1826 1067 230 55 l'année
2083 1066 71 54 de
2180 1081 109 37 son

207 1152 352 74 apparition.
600 1153 78 54 Et
720 1155 70 52 de
828 1152 85 54 La
951 1151 218 55 Guerre
1207 1170 72 36 ne
1317 1150 195 71 paraît
1551 1167 107 53 pas
1696 1148 164 55 avoir
1898 1147 282 71 protesté,
2210 1146 80 54 du

205 1235 191 53 moins
437 1251 107 52 par
586 1232 142 55 écrit
774 1233 100 67 (1).
920 1230 165 68 Mais,
1133 1232 145 54 dans
1321 1247 105 37 son
1468 1230 237 53 volume
1750 1230 71 52 de
1868 1227 167 67 1661,
2088 1223 201 57 Perrin

207 1313 325 56 récidivait.
559 1313 50 55 Il
639 1311 304 74 aggravait
974 1329 205 37 encore
1211 1329 104 35 son
1346 1327 98 37 cas
1473 1327 73 37 en
1575 1308 269 72 joignant
1877 1310 35 50 à
1943 1325 111 37 son
2088 1324 201 36 œuvre

205 1393 59 54 la
291 1395 220 53 célèbre
537 1395 173 53 lettre
732 1392 34 52 à
783 1391 194 55 l'abbé
998 1391 72 53 de
1087 1391 56 53 la
1165 1391 247 66 Rovère,
1432 1388 48 54 si
1506 1388 314 55 volontiers
1847 1388 145 54 citée
2025 1405 104 53 par
2155 1392 136 48 tous

203 1475 86 54 les
314 1475 427 70 musicologues
769 1472 102 71 qui
898 1490 60 37 se
986 1477 134 51 sont
1148 1471 248 71 occupés
1424 1471 100 53 des
1550 1468 276 73 premiers
1853 1468 175 54 essais
2054 1468 236 72 d'opéra

205 1555 270 70 français.

319 1647 91 55 On
442 1654 278 48 trouvera
755 1664 63 37 ce
855 1646 316 55 document
1208 1663 74 37 en
1315 1644 186 54 entier
1537 1644 146 53 dans
1716 1641 53 55 le
1801 1641 146 55 livre
1983 1642 71 55 de
2097 1642 76 52 M.
2218 1642 71 52 A.

209 1729 224 72 Pougin
743 1730 126 69 {Les
1063 1728 150 54 vrais
1435 1728 271 54 créateurs
2046 1726 65 52 de
2249 1726 48 52 l'o
1811 1724 92 52 En
1936 1722 53 55 le
2028 1721 262 69 relisant,

207 1829 142 37 avec
377 1810 84 55 les
490 1808 446 57 commentaires
967 1809 146 53 dont
1143 1808 76 52 M.
1252 1805 227 71 Pougin
1505 1805 456 70 l'accompagne,
1993 1808 58 49 et
2083 1821 72 36 en
2183 1801 81 55 fai-

206 1896 135 49 sant
389 1890 277 55 réflexion
713 1888 143 71 qu'il
903 1888 148 53 était
1096 1891 136 50 tout
1282 1886 35 52 à
1363 1885 112 53 fait
1520 1884 334 71 impossible
1872 1901 113 54 que
2003 1882 199 55 Perrin

205 1989 208 37 encore
428 1970 198 55 mieux
643 1987 113 54 que
774 1968 273 54 Cambert
1056 1968 245 53 —n'eut
1317 1983 107 53 pas
1439 1965 419 71 parfaitement
1877 1962 414 56 connaissance

207 2054 73 53 de
306 2070 64 36 ce
396 2050 342 72 qu'avaient
765 2050 165 55 tenté
965 2054 183 48 avant
1174 2048 82 54 lui
1283 2046 209 55 Michel
1519 2048 71 53 de
1616 2046 85 52 La
1727 2045 218 55 Guerre
1970 2050 60 48 et
2058 2044 236 53 Charles

209 2134 72 53 de
319 2134 174 70 Beys,
531 2150 78 36 on
644 2148 127 37 sera
808 2130 132 71 plus
973 2130 165 53 tenté
1178 2128 312 55 d'admirer
1526 2126 393 70 l'impudence
1969 2122 293 56 extraordi-

206 2214 161 55 naire
405 2214 79 53 du
520 2228 362 54 personnage
918 2228 113 53 que
1066 2210 57 53 la
1166 2208 257 71 sagacité
1461 2209 71 53 de
1580 2224 90 37 ses
1720 2205 307 55 réflexions
2069 2222 99 36 sur
2210 2204 83 54 les

210 2293 236 56 défauts
483 2293 71 54 de
588 2291 221 72 l'opéra
844 2289 203 56 italien
1082 2307 78 36 ou
1195 2305 106 37 son
1336 2286 344 73 ingéniosité
1719 2288 34 52 à
1786 2285 82 55 les
1913 2284 187 54 éviter
2141 2300 150 55 pour

206 2392 109 37 son
351 2378 254 66 compte.

323 2467 51 53 Il
422 2465 147 55 était
624 2463 233 57 difficile
911 2462 184 72 d'agir
1148 2481 143 36 avec
1341 2479 116 37 une
1509 2460 396 55 désinvolture
1964 2458 133 72 plus
2149 2458 109 54 mal-

210 2547 275 56 honnête.
530 2547 155 53 Tout
729 2564 76 35 au
844 2543 139 72 long
1026 2545 72 54 de
1141 2548 156 49 cette
1336 2543 212 70 longue
1588 2542 175 54 lettre
1806 2542 34 50 à
1880 2540 197 54 l'abbé
2127 2539 70 55 de
2239 2538 57 54 la

211 2628 249 67 Rovère,
474 2627 202 54 Perrin
683 2625 185 72 —qui
892 2624 293 55 d'ailleurs
1208 2623 268 54 s'entend
1499 2623 34 53 à
1547 2622 296 54 merveille
1867 2622 34 52 à
1922 2620 200 54 laisser
2149 2620 147 54 dans

207 2708 248 55 l'ombre
484 2708 59 53 la
573 2712 136 66 part
743 2707 71 54 de
846 2723 107 37 son
984 2705 430 54 collaborateur
1447 2703 275 54 Cambert
1885 2702 227 53 s'étend
2152 2716 143 38 avec

210 2788 430 72 complaisance
666 2804 98 37 sur
786 2787 54 54 le
865 2785 226 69 mérite,
1109 2785 165 55 infini
1301 2785 33 52 à
1348 2784 115 55 l'en
1490 2784 201 67 croire,
1708 2783 144 71 qu'il
1877 2788 102 48 eut
2006 2783 35 52 à
2064 2779 231 56 réaliser

210 2887 109 38 son
365 2886 218 37 œuvre.
631 2888 22 28 «
680 2865 340 73 Entreprise
1063 2867 169 70 jugée
1277 2863 337 72 impossible
1658 2869 59 50 et
1762 2863 247 54 trouvée
2054 2859 242 57 ridicule

212 2968 120 37 aux
363 2949 192 71 pièces
586 2947 310 56 italiennes
929 2948 71 55 de
1033 2952 156 49 cette
1222 2951 211 49 nature
1458 2967 41 47 »,
1533 2943 348 56 affirme-t-il
1896 2964 13 47 ;
1942 2943 185 67 faute,
2161 2940 136 55 bien

211 3031 283 66 entendu,
525 3028 226 56 d'avoir
777 3028 213 55 trouvé
1018 3047 21 28 «
1064 3028 102 53 des
1191 3027 205 71 poètes
1423 3024 312 56 musiciens
1762 3023 104 72 qui
1893 3022 404 56 entendissent

209 3111 86 55 les
338 3127 132 37 vers
513 3113 60 51 et
616 3108 84 55 les
744 3107 426 72 compositions
1212 3105 260 72 lyriques
1517 3123 77 37 ou
1637 3121 243 54 propres
1926 3121 76 37 au
2047 3104 181 54 chant
2254 3123 43 46 »,

329 3333 37 48 (1
380 3333 11 47 )
411 3331 38 37 Il
467 3333 69 36 est
553 3330 105 38 bien
676 3330 200 38 entendu
895 3341 87 39 que
999 3341 113 27 nous
1131 3341 55 26 ne
1203 3338 208 41 pouvons
1429 3326 151 40 savoir
1597 3326 69 39 s'il
1684 3326 75 38 n'a
1776 3337 81 39 pas
1874 3326 204 51 protesté
2096 3326 178 38 verbale-

210 3396 129 36 ment
371 3393 111 38 dans
514 3403 83 26 son
629 3393 262 47 entourage.
924 3389 115 40 Mais
1070 3390 32 37 il
1132 3402 46 26 se
1209 3391 112 50 peut
1351 3388 92 39 fort
1472 3388 121 45 bien,
1625 3386 132 39 eût-il
1787 3386 202 39 entendu
2020 3387 191 38 l'œuvre
2243 3387 56 38 de

211 3453 156 40 Perrin
388 3455 47 36 et
456 3453 54 38 de
533 3451 226 44 Cambert,
783 3462 49 27 ce
854 3450 77 50 qui
952 3462 56 26 ne
1029 3451 153 50 paraît
1203 3461 81 40 pas
1307 3449 218 51 probable
1538 3450 67 47 (ce
1626 3447 224 51 spectacle
1866 3447 165 39 n'était
2045 3458 81 40 pas
2144 3446 155 52 public

211 3518 49 35 et
279 3516 158 43 certes,
455 3513 47 40 ni
518 3512 155 39 Perrin
687 3511 46 38 ni
749 3510 215 39 Cambert
993 3511 210 39 n'eurent
1231 3510 130 39 l'idée
1393 3509 214 39 d'inviter
1637 3521 61 25 un
1728 3507 115 40 rival
1862 3509 292 50 dangereux),
2187 3507 112 52 qu'il

209 3574 120 39 n'ait
345 3573 168 51 jamais
533 3585 56 26 eu
609 3571 245 40 l'occasion
872 3571 54 39 de
943 3571 100 39 voir
1058 3572 40 38 le
1116 3572 148 45 livret,
1284 3582 103 28 sans
1406 3571 140 39 doute
1563 3570 85 38 tiré
1668 3569 27 39 à
1710 3569 91 39 fort
1817 3570 118 50 petit
1951 3568 202 41 nombre.
