2530 4087
311 341 92 62 614

815 353 262 35 BULLETIN
1114 350 260 47 FRANÇAIS
1412 348 69 34 DE
1516 347 65 34 LA
1622 348 39 33 S.
1700 348 32 33 I.
1771 349 54 32 M.

409 502 68 46 Le
504 515 55 32 11
587 500 139 54 avril,
754 498 169 49 André
947 500 254 45 Wonnser
1225 500 75 43 est
1324 510 135 33 venu
1484 493 182 62 diriger
1689 493 305 51 l'exécution
2018 497 62 46 de
2105 498 244 60 plusieurs

311 566 61 45 de
405 581 75 32 ses
515 581 210 38 œuvres,
768 566 323 45 notamment
1131 563 50 46 la
1228 560 136 50 Suite
1412 559 189 62 tzigane
1644 574 130 47 pour
1806 559 179 48 violon
2009 566 51 43 et
2095 566 252 49 orchestre

311 646 119 31 avec
467 632 113 45 Mlle
618 633 59 46 R.
719 630 188 47 Billard
940 644 196 33 comme
1190 628 170 47 soliste
1399 627 27 45 l'
1431 625 188 60 Enfant
1655 625 246 65 Prodigue
1953 632 51 42 et
2053 644 70 32 un
2159 634 190 47 certain

310 698 207 47 nombre
550 698 61 45 de
642 712 270 31 morceaux
946 696 63 46 de
1041 696 158 46 chant
1252 694 140 58 (Nuit
1600 693 62 47 de
1695 694 168 61 Hugo,
2234 700 111 47 d'A.

308 761 249 55 Silvestre,
585 762 112 60 etc.)
728 762 124 47 dans
876 761 213 62 lesquels
1114 761 115 47 Mlle
1252 761 47 60 J.
1338 760 198 47 Leclerc
1561 775 29 32 a
1613 759 81 47 été
1718 759 103 47 fort
1845 760 285 62 applaudie.

404 827 68 46 Le
500 840 75 47 24,
607 842 127 32 nous
759 842 163 32 avons
952 827 225 47 entendu
1205 842 70 32 un
1305 826 74 48 air
1407 827 33 46 d
1912 827 63 46 de
2004 827 161 48 Gluck
2197 836 52 41 et
2279 849 70 32 un

696 893 87 47 Antiche
784 893 64 47 de
849 892 192 49 Caldara
1077 893 211 47 chantés
1322 908 91 46 par
1446 893 134 46 Mme
1613 891 433 52 Clavet-Dalnert.
2084 896 70 48 Le
2187 898 162 47 même

308 958 113 55 soir,
447 958 44 47 le
512 959 218 61 pianiste
752 959 240 62 espagnol
1012 958 278 62 Alejandro
1313 959 135 49 Ribo
1465 974 31 32 a
1517 959 281 61 interprété
1822 961 104 47 très
1940 961 347 50 brillamment
2304 966 44 45 le

308 1024 247 48 Concerto
569 1042 61 32 en
640 1030 51 44 ut
715 1024 136 48 dièze
872 1025 198 49 mineur
1083 1027 62 45 de
1162 1025 523 63 Rimsky-Korsakow
1699 1041 130 45 pour
1840 1025 155 63 piano
2011 1033 50 43 et
2078 1030 267 56 orchestre,

307 1100 70 36 un
420 1090 211 50 Prélude
661 1090 262 50 d'Albeniz
954 1094 52 47 et
1036 1091 51 47 la
1117 1093 256 61 Rapsodie
1402 1091 265 63 hongroise
1698 1093 62 45 de
1789 1093 153 48 Liszt.

402 1157 70 47 Le
494 1170 44 48 7,
565 1160 133 47 Mme
720 1157 154 50 Doire
901 1157 248 63 (Marcelle
1173 1159 69 45 Le
1266 1159 127 61 Rey)
1423 1175 31 31 a
1476 1156 116 62 joué
1618 1156 152 50 d'une
1793 1159 224 50 manière
2041 1162 308 63 impeccable

303 1221 46 47 le
369 1225 244 47 Concerto
634 1241 62 32 en
714 1226 49 48 ré
781 1225 197 48 mineur
995 1241 130 46 pour
1143 1225 153 62 piano
1317 1230 52 43 et
1388 1227 254 46 orchestre
1662 1225 62 47 de
1744 1226 198 48 Mozart
1963 1232 51 43 et
2034 1228 45 49 le
2099 1230 249 49 Concerto

305 1286 174 52 italien
503 1291 62 47 de
592 1292 152 47 Bach.
771 1291 84 49 On
879 1291 191 54 l'avait,
1098 1292 69 46 du
1192 1295 148 52 reste,
1369 1291 114 62 déjà
1507 1291 264 48 vivement
1798 1292 263 58 acclamée,
2090 1296 35 48 il
2147 1312 35 46 y
2208 1312 31 31 a
2263 1312 55 33 en-

303 1354 148 50 viron
474 1358 132 47 deux
630 1358 142 57 mois,
799 1359 127 47 dans
948 1373 100 32 une
1070 1358 88 47 des
1181 1358 215 60 grandes
1418 1361 205 44 sonates
1648 1358 61 46 de
1735 1358 301 52 Beethoven
2060 1366 52 43 et
2135 1378 70 31 un
2229 1378 87 33 con-

305 1425 139 45 certo
486 1424 61 47 de
590 1425 212 49 Franck.

401 1491 69 47 Le
494 1491 127 47 mois
645 1491 123 49 s'est
794 1491 212 49 terminé
1030 1505 92 49 par
1147 1505 71 33 un
1241 1491 161 61 grand
1429 1490 203 48 festival
1657 1491 268 63 Reynaldo
1953 1494 173 52 Hahn,

1845 1623 67 51 H.
1977 1627 234 51 GUÉRIN.

302 1861 147 51 Lille.

1655 1955 3 20 ,
1681 1955 8 16 \
1975 1964 8 10 4
2046 1955 4 20 .
2201 1966 8 6 r
2221 1966 5 3 -

397 1996 74 47 La
501 1996 351 62 dix-septième
885 1997 157 47 année
1073 1996 88 47 des
1192 1997 240 47 Concerts
1463 1999 211 63 Maquet
1704 1999 122 49 s'est
1869 2001 221 47 clôturée
2121 2017 94 47 par
2244 2018 99 32 une

302 2059 385 50 manifestation
706 2060 135 50 d'art
856 2060 189 63 grande
1075 2067 51 42 et
1143 2060 311 51 émouvante
1483 2069 116 43 tout
1630 2067 30 45 à
1680 2067 48 45 la
1761 2067 111 54 fois,
1892 2064 259 52 célébrant
2168 2068 144 61 digne-

301 2131 141 42 ment
466 2143 93 47 par
581 2144 70 33 un
675 2128 204 48 festival
904 2144 61 32 en
989 2129 132 47 deux
1148 2128 231 61 journées
1409 2130 78 60 (12
1516 2135 51 42 et
1595 2145 57 46 13
1681 2131 143 63 avril)
1854 2133 46 45 le
1925 2133 142 59 génie
2099 2135 62 46 de
2187 2135 124 49 Schu-

301 2194 127 54 bert,
458 2199 51 43 et
534 2195 256 49 honorant
815 2210 62 32 en
901 2198 163 44 même
1091 2198 164 58 temps
1281 2195 48 47 la
1354 2198 237 48 mémoire
1618 2200 68 46 du
1712 2198 275 49 fondateur
2013 2201 62 46 de
2100 2201 218 49 l'institu-

302 2261 123 53 tion,
454 2262 65 45 M.
550 2261 223 62 Maquet,
804 2261 181 50 décédé
1012 2261 34 46 il
1069 2276 34 46 y
1133 2276 29 31 a
1186 2261 243 62 quelques
1454 2265 142 47 mois.
1651 2266 147 47 Cette
1825 2265 186 48 double
2038 2269 267 47 commémo-

298 2326 169 48 ration
501 2327 126 48 était
661 2331 116 46 tout
813 2327 233 62 indiquée
1081 2327 41 46 si
1155 2326 103 47 l'on
1293 2342 50 32 se
1378 2331 219 61 rappelle
1629 2346 101 47 que
1764 2347 56 32 ce
1853 2331 203 49 festival
2090 2335 250 48 Schubert

300 2393 139 47 avait
472 2393 80 46 été
585 2394 209 61 préparé
829 2408 121 32 avec
984 2393 180 47 ardeur
1195 2407 94 46 par
1322 2394 63 47 M.
1423 2397 213 61 Maquet
1667 2396 258 49 lui-même
1959 2413 64 33 en
2055 2416 100 32 vue
2189 2399 153 50 d'une

297 2459 246 47 solennité
579 2462 61 45 de
675 2462 141 45 Noël.
890 2459 503 56 Malheureusement,
1431 2463 50 46 la
1515 2467 136 43 mort
1685 2463 442 63 presqu'inopinée
2164 2468 62 47 de
2260 2473 79 42 cet

298 2524 177 49 artiste
518 2528 361 53 enthousiaste,
926 2526 61 46 de
1028 2540 55 31 ce
1125 2524 217 51 vaillant
1387 2530 397 60 accomplisseur,
1830 2530 114 49 vint
1987 2534 263 60 empêcher
2292 2534 48 48 la

296 2591 288 50 réalisation
614 2594 61 47 de
705 2610 53 31 ce
786 2592 168 64 projet
983 2592 29 46 à
1041 2591 50 47 la
1117 2591 145 48 veille
1290 2596 163 46 même
1482 2596 61 46 de
1572 2612 93 34 son
1691 2598 268 48 exécution
1984 2598 77 61 (23
2079 2600 260 48 décembre

300 2660 156 59 1907).
493 2660 85 49 On
614 2661 216 61 pouvait
867 2659 156 48 croire
1060 2660 85 46 dès
1182 2659 98 47 lors
1316 2675 99 46 que
1451 2660 331 52 l'institution
1818 2667 117 45 tout
1972 2666 189 47 entière
2199 2666 140 48 allait

297 2725 301 61 disparaître
627 2742 121 32 avec
774 2742 55 32 ce
856 2726 114 47 chef
994 2726 89 62 qui
1110 2728 86 44 eut
1223 2730 117 44 tant
1368 2728 29 46 à
1423 2730 159 48 lutter
1606 2745 130 48 pour
1763 2731 124 48 faire
1916 2732 205 48 aboutir
2147 2737 52 43 et
2226 2749 84 31 sou-

294 2791 134 47 tenir
458 2808 92 32 son
584 2808 171 32 œuvre
790 2808 63 32 au
888 2796 214 44 sommet
1138 2794 64 45 où
1238 2793 90 48 elle
1361 2794 129 49 était
1523 2812 273 46 parvenue.
1834 2797 346 51 L'extinction
2216 2801 123 48 d'un

294 2859 144 60 foyer
460 2859 134 48 d'art
614 2860 211 47 musical
848 2860 134 47 aussi
1004 2859 122 48 actif
1147 2862 50 43 et
1219 2868 292 53 rayonnant
1534 2866 88 45 eût
1643 2866 80 47 été
1745 2879 131 47 pour
1895 2866 49 47 la
1964 2866 218 59 Flandre
2203 2868 108 48 fran-

293 2925 131 60 çaise
454 2942 100 31 une
583 2929 142 58 perte
755 2925 360 55 considérable,
1148 2928 52 43 et
1230 2925 49 47 la
1308 2929 281 58 possibilité
1619 2932 151 48 d'une
1801 2930 116 47 telle
1948 2932 149 48 chose
2127 2933 81 47 fut
2240 2949 98 32 une

294 2993 86 45 des
402 2991 248 49 dernières
674 2993 319 60 inquiétudes
1016 2993 62 45 de
1102 2991 126 47 celui
1249 2993 88 60 qui
1359 3010 52 32 se
1434 2996 188 47 sentait
1644 2999 173 61 partir.
1865 2998 312 61 Cependant,
2216 3015 90 47 pen-

294 3059 126 45 dant
452 3057 68 49 les
554 3059 322 48 nombreuses
910 3059 183 47 années
1128 3057 61 47 de
1220 3073 57 31 sa
1308 3061 209 48 carrière
1552 3065 282 62 artistique,
1869 3064 222 48 Maurice
2123 3067 212 61 Maquet

293 3125 141 47 avait
454 3140 63 32 eu
538 3142 63 32 en
621 3141 56 32 sa
697 3125 183 49 femme
901 3141 98 32 une
1022 3126 109 47 aide
1154 3126 375 63 incomparable
1552 3133 52 44 et
1625 3131 225 48 dév'ouée
1869 3130 89 62 qui
1980 3130 80 49 fut
2080 3135 254 47 vraiment

293 3191 147 47 l'âme
463 3192 61 46 de
546 3192 330 48 l'institution
898 3207 10 41 ;
932 3208 56 32 ce
1008 3192 80 47 fut
1110 3192 29 46 à
1161 3196 134 43 cette
1317 3210 278 48 compagne
1615 3197 125 62 qu'il
1761 3197 229 62 exprima
2010 3212 61 33 en
2091 3206 243 43 mourant

293 3255 45 47 le
359 3272 118 32 vœu
503 3258 61 47 de
584 3258 112 47 voir
717 3273 51 32 se
791 3258 267 48 continuer
1078 3273 93 46 par
1194 3258 88 47 elle
1305 3258 210 49 l'œuvre
1536 3262 126 62 qu'il
1686 3263 141 48 avait
1850 3263 197 48 fondée.
2074 3266 138 47 Avec
2235 3282 98 33 une

293 3321 132 61 piété
451 3325 294 54 touchante,
773 3341 98 31 une
898 3325 209 47 fermeté
1133 3324 282 56 inlassable,
1443 3343 68 31 un
1538 3329 278 48 admirable
1841 3344 228 49 courage,
2097 3332 50 48 la
2170 3348 163 33 veuve

293 3387 67 47 du
388 3391 160 59 grand
578 3391 175 46 artiste
783 3407 28 31 a
838 3391 103 61 pris
970 3391 175 61 depuis
1173 3407 85 31 sur
1286 3391 290 59 elle-même,
1608 3399 147 44 toute
1783 3396 49 47 la
1859 3398 384 59 responsabilité
2271 3401 61 46 de

293 3457 134 44 cette
468 3457 273 60 entreprise
785 3457 214 47 difficile.
1046 3457 334 49 Surmontant
1421 3474 57 32 sa
1520 3462 224 55 douleur,
1788 3464 221 48 bravant
2051 3468 170 45 toutes
2263 3468 69 45 les

293 3520 233 63 fatigues,
562 3522 69 47 les
663 3523 246 63 préjugés,
946 3525 69 47 les
1048 3525 270 48 difficultés
1351 3526 64 51 de
1449 3530 170 44 toutes
1652 3532 174 54 sortes,
1863 3531 91 47 elle
1989 3548 30 31 a
2052 3534 197 47 assumé
2282 3534 47 45 la

292 3587 245 48 direction
566 3588 234 48 effective
829 3592 61 46 de
919 3589 290 49 l'orchestre
1238 3595 51 43 et
1317 3592 86 47 des
1432 3593 214 56 chœurs,
1677 3596 256 48 confiante
1962 3614 61 30 en
2053 3597 276 50 elle-même
