2214 2816
534 345 43 21 tritt
589 348 46 27 jetzt
647 352 38 16 erst
694 347 33 22 die
735 348 58 22 Tiefe
802 350 62 22 seines
873 352 47 22 echt
929 353 112 23 deutschen
1050 357 98 21 Gemütes
1158 356 22 22 in
1191 357 56 21 einer

534 378 65 22 Reihe
611 387 41 14 von
664 380 138 24 weihevollen
814 383 81 24 Bildern
907 386 84 27 hervor;
1004 396 23 13 so
1043 390 93 21 entstand
1153 390 55 21 noch
1225 390 22 21 in

533 410 82 23 Florenz
629 412 35 22 der
676 414 85 26 Eremit,
777 414 55 24 dann
846 419 53 21 nach
915 419 34 22 der
961 420 114 23 Rückkehr
1090 422 31 22 ins
1134 422 112 23 Vaterland

533 443 32 22 die
580 445 114 23 Heimkehr
710 447 33 22 des
760 449 161 29 Landsknechts,
942 453 33 22 die
991 454 61 22 Alten
1069 455 21 21 in
1107 456 35 21 der
1158 457 77 20 Garten-

533 476 60 23 laube
611 479 44 21 und
674 479 81 23 endlich
772 481 34 22 das
823 482 120 33 fünfteilige
958 486 102 24 Altarbild
1079 488 35 22 der
1131 489 102 22 Himmels-

533 508 87 33 königin
634 512 39 22 mit
685 512 34 23 der
728 513 110 33 Anbetung
849 517 33 22 des
893 519 176 30 Neugeborenen,
1084 522 47 21 dem
1142 521 104 23 Abschied

532 551 49 14 vom
593 544 75 27 Grabe,
689 546 47 23 dem
753 548 46 31 Zug
817 549 35 22 der
864 552 86 22 Weisen
969 561 35 13 aus
1025 555 148 30 Morgenland.
1208 556 39 20 Die

532 576 131 31 wildgeniale
675 579 119 24 Kraftnatur
806 582 84 23 berührt
902 585 43 22 sich
954 585 44 22 hier
1010 587 39 21 mit
1060 588 67 21 einem
1141 588 105 25 Künstler,

532 607 35 23 der
579 618 28 14 im
620 610 82 24 kleinen
714 613 55 29 grofs
783 624 50 17 war,
850 617 38 22 mit
900 618 91 31 Ludwig
1004 620 90 23 Richter.

579 645 41 20 Der
634 644 123 24 Aufenthalt
773 647 21 22 in
809 650 75 22 Zürich
903 651 41 22 und
962 652 32 22 die
1012 653 70 31 innige
1098 652 149 23 Freundschaft

531 680 38 16 mit
582 676 104 24 Gottfried
698 679 67 23 Keller
779 680 83 24 brachte
873 685 57 21 noch
942 685 73 22 andere
1027 687 153 29 Stimmungen.
1205 688 42 19 Der

531 707 109 25 drastische
649 712 90 26 Humor,
750 712 27 23 ob
786 714 69 23 dessen
865 716 88 23 Böcklin
963 727 42 13 von
1013 719 80 30 Jugend
1103 719 39 22 auf
1149 719 97 22 berühmt

530 749 56 18 war,
601 749 44 24 regt
656 745 44 22 sich
712 751 38 17 erst
761 749 46 27 jetzt
819 749 57 22 recht
888 750 21 22 in
921 751 68 22 seinen
1002 751 91 27 Bildern,
1109 753 42 21 wie
1164 753 20 21 in
1197 752 49 21 dem

531 775 114 24 Centauren
656 778 22 22 in
689 778 36 23 der
738 779 164 29 Dorfschmiede,
919 784 22 21 in
953 784 40 22 den
1004 785 97 30 Najaden
1113 786 22 21 in
1147 785 65 26 Basel,
1225 785 21 21 in

530 806 35 22 der
577 807 120 26 berühmten
710 813 91 23 Susanna
813 815 42 22 und
867 816 22 21 in
900 816 36 22 der
948 817 145 31 Fischpredigt.

579 843 37 21 Die
628 844 144 31 Stimmungen
785 848 111 26 wechseln,
912 850 33 21 die
957 850 76 22 Freude
1046 860 25 12 an
1085 851 39 21 den
1136 851 110 29 bewegten

530 873 103 24 Umrissen
640 876 32 22 des
679 878 123 23 Blattwerks
809 881 107 31 verdrängt
923 883 78 23 wieder
1008 889 64 17 etwas
1080 884 33 22 die
1120 884 124 30 plastischen

529 907 84 22 Formen
626 909 34 22 des
669 911 84 26 Südens,
766 913 41 21 wie
819 913 41 23 dies
867 914 22 30 ja
899 917 54 21 auch
961 916 48 22 dem
1018 917 101 22 milderen
1129 917 116 22 Charakter

529 939 63 23 seiner
610 943 87 30 jetzigen
712 945 144 32 Stimmungen
871 950 124 28 entspricht;
1013 949 48 23 aber
1075 950 35 22 der
1129 950 115 22 rechnende

529 972 98 24 Verstand
642 976 58 23 sucht
717 977 74 23 immer
805 980 54 21 nach
875 989 66 14 neuen
952 983 85 22 Mitteln
1049 983 33 22 die
1093 983 151 30 Farbenpracht

528 1013 24 14 zu
562 1007 89 23 erhöhen
661 1010 42 21 und
712 1010 39 23 den
758 1013 70 21 Raum
838 1021 23 14 zu
871 1014 106 24 vertiefen.
996 1016 71 22 Dahin
1076 1016 47 22 zielt
1133 1016 33 21 die
1175 1021 70 24 streng

528 1041 153 25 symmetrische
690 1044 86 30 Anlage,
787 1045 32 21 die
831 1046 40 22 den
880 1047 58 22 Blick
950 1056 43 14 von
1002 1048 73 23 beiden
1085 1049 68 22 Seiten
1165 1049 22 21 in
1199 1049 46 22 eine

529 1070 48 23 tiefe
589 1074 61 22 Mitte
662 1074 69 29 führt;
743 1077 61 22 wohl
816 1085 66 16 zuerst
893 1080 22 22 in
926 1081 48 23 dem
986 1082 44 22 hier
1042 1082 138 30 mitgeteilten
1193 1083 39 20 Ent-

528 1104 59 22 wurf
595 1114 24 13 zu
634 1107 55 23 einer
701 1110 132 31 Darstellung
844 1114 125 23 „Francesca
981 1115 25 22 da
1140 1115 35 22 der
1187 1115 58 21 noch

529 1144 34 15 aus
575 1137 35 23 der
621 1139 117 25 florentiner
750 1143 44 22 Zeit
805 1150 101 17 stammen
918 1145 77 28 dürfte,
1008 1148 54 23 dann
1075 1148 23 22 in
1109 1148 48 22 dem
1169 1148 76 26 „Vitae

529 1171 109 23 Somnium
649 1173 73 23 breve«
734 1176 44 22 und
790 1176 21 22 in
824 1176 36 23 der
868 1180 178 24 „Gartenlaube«.
1064 1183 22 21 In
1098 1182 91 30 gleicher
1200 1180 30 23 Ab-

528 1203 51 22 sicht
586 1206 105 22 entstehen
698 1209 46 28 jetzt
750 1210 53 21 auch
809 1210 32 22 die
847 1212 141 30 mehrteiligen
994 1214 73 23 Bilder.
1075 1215 39 22 Die
1119 1213 114 24 beschränk-

529 1241 39 17 tere
580 1237 58 22 Tiefe
650 1239 33 22 des
696 1242 97 25 Raumes,
808 1243 22 22 in
841 1243 36 22 der
888 1245 33 21 die
933 1247 126 30 Mittelfigur
1071 1248 61 25 steht,
1148 1247 40 22 soll
1205 1247 40 21 den

528 1269 105 23 Eindruck
642 1271 35 23 der
685 1275 102 21 Fernsicht
796 1275 39 23 auf
841 1276 39 22 den
886 1277 85 31 Flügeln
981 1281 100 25 erhöhen,
1092 1281 34 21 das
1137 1280 95 21 undurch-

528 1302 106 30 sichtigere
640 1306 91 26 Wasser,
739 1308 20 21 in
767 1308 46 22 dem
820 1309 32 22 die
859 1310 69 22 Fische
935 1318 63 16 unten
1008 1313 42 22 sich
1060 1313 128 30 gegenseitig
1197 1310 36 24 auf-

529 1333 84 28 fressen,
630 1337 39 22 soll
684 1339 54 22 oben
753 1341 21 21 in
789 1341 36 23 der
841 1342 168 33 durchsichtigen
1021 1345 50 23 Luft
1087 1346 34 21 des
1133 1347 67 28 Tages
1213 1344 32 22 die

529 1368 99 23 Fernsicht
645 1369 49 23 über
711 1371 33 23 die
758 1374 62 22 weite
834 1376 159 27 Meeresfläche,
1010 1387 38 13 wo
1066 1379 33 21 die
1114 1378 70 22 Fische
1201 1378 45 21 ihre

528 1398 154 27 heuchlerische
704 1405 96 23 Andacht
812 1408 122 28 verrichten,
947 1412 96 29 steigern.

577 1436 38 20 Die
627 1436 147 32 Farbenpracht
789 1440 48 22 aber
851 1441 64 23 dieser
932 1443 73 22 letzten
1020 1445 85 30 Epoche
1120 1444 55 22 stellt
1191 1443 55 23 auch

529 1465 33 21 die
570 1467 67 22 Bilder
648 1469 52 22 eines
713 1471 83 23 Rubens
809 1474 124 30 wenigstens
946 1476 20 22 in
980 1477 65 22 ihrem
1057 1478 85 29 jetzigen
1153 1477 92 22 Zustand

529 1505 21 14 in
562 1498 39 23 den
614 1502 103 22 Schatten.

1361 355 66 22 Noch
1436 355 63 21 heute
1509 352 94 23 verwirft
1614 353 34 21 der
1654 350 162 31 Siebzigjährige

1312 397 20 13 es
1348 387 80 32 gröfser
1442 387 45 22 und
1502 385 62 24 reifer
1579 386 94 21 erstehen
1690 392 25 14 zu
1730 384 73 22 lassen.
1830 382 31 21 Zu
1877 384 68 17 seinen
1968 378 9 14 e

1311 420 131 24 Vorwürfen
1451 420 75 30 gehört
1536 420 45 21 eine
1590 420 62 21 Scene
1663 425 35 14 aus
1707 416 49 22 dem
1765 414 97 24 Orlando
1872 411 87 24 furioso,
1967 409 20 17 V
2007 409 20 21 «3

1312 454 125 31 göttlichem
1449 455 86 20 Humor
1550 453 55 21 seine
1621 449 179 23 unverwüstliche
1812 442 134 27 Lebenskraft
1961 442 33 16 tm

1312 488 75 31 phiert.
1406 488 26 21 Er
1444 487 37 21 hat
1492 486 44 22 sein
1548 484 85 31 Kapital
1646 484 56 21 noch
1715 483 75 21 immer
1801 480 58 23 nicht
1872 474 119 33 angegriffen-

1667 538 17 19 *
1786 538 102 47 •
1990 558 38 27 und

1362 584 70 27 Kraft,
1448 583 141 25 Gesundheit,
1605 582 124 22 nüchterner
1741 579 110 24 Verstand,
1863 573 111 26 Geradheit

1312 619 34 22 ein
1356 624 182 24 ungezwungenes
1545 614 160 27 Wohlwollen,
1718 613 35 22 das
1763 613 46 22 sind
1820 613 33 21 die
1863 612 65 27 Züge,
1940 605 32 20 die
1981 607 10 14 a

1312 660 27 14 an
1354 652 36 21 der
1402 653 75 20 Person
1489 650 64 21 dieses
1566 647 108 23 Künstlers
1687 652 67 16 zuerst
1767 646 21 22 in
1800 646 34 21 die
1845 646 77 26 Augen

1312 685 48 22 dem
1372 692 49 14 man
1433 681 127 24 krankhafte
1573 680 170 25 Ueberreiztheit,
1758 676 151 24 künstlerische
1920 671 75 23 Verlog
1990 696 38 22 hati

1312 718 44 22 heit
1365 717 44 22 und
1418 714 179 25 Effekthascherei
1605 714 43 22 wie
1658 712 83 22 keinem
1753 712 90 22 zweiten
1856 705 123 31 nachgesagt

1362 749 47 23 Auf
1422 750 68 21 einem
1507 747 147 32 gedrungenen
1673 745 152 29 stiernackigen
1841 744 80 27 Körper
1940 742 32 15 ein

1312 783 95 23 Runzeln
1427 782 154 29 durchzogenes
1600 779 95 25 Gesicht,
1716 779 39 21 mit
1775 778 69 21 einem
1862 770 167 48 löwenmalslg«j

1312 816 77 22 blauen
1401 817 66 28 Auge.
1496 815 40 21 Die
1553 820 65 24 ganze
1629 812 145 28 Erscheinung
1788 818 26 14 an
1830 809 40 21 den
1883 803 84 25 Offizier

1313 849 124 23 Civilarmee
1449 847 52 22 oder
1513 855 25 14 an
1552 847 60 21 einen
1625 845 55 22 alten
1693 844 100 22 Seebären
1806 838 115 26 erinnernd.
1942 837 30 19 Im

1310 890 56 22 gang
1380 882 51 21 kühl
1444 880 44 22 und
1501 879 52 22 stolz
1563 887 39 13 nur
1612 886 68 22 gegen
1689 877 78 25 solche,
1780 876 32 21 die
1822 875 37 21 ihn
1869 872 28 23 als
1907 876 44 16 eine
1960 869 30 18 XU

1310 916 55 24 sität,
1374 915 28 22 als
1409 913 97 31 Original
1514 921 25 13 zu
1547 911 117 22 behandeln
1674 910 125 24 versuchen,
1809 912 58 18 sonst
1873 904 113 24 liebenswu

1311 948 43 22 und
1367 955 42 15 von
1421 947 125 22 vornehmer
1554 943 167 23 Natürlichkeit.
1739 944 24 20 In
1772 942 35 22 der

1310 981 44 29 jede
1360 983 53 28 Spur
1419 988 42 14 von
1470 978 115 25 Bestreben,
1593 977 110 30 geistreich
1710 984 25 14 zu
1742 975 43 22 sein
1792 974 46 22 und
1845 971 108 23 berühmte

1310 1022 26 14 zu
1352 1014 109 30 sprechen,
1480 1011 46 23 aber
1542 1016 48 17 stets
1607 1010 87 30 geladen
1709 1009 39 21 mit
1761 1006 126 24 drastischen
1899 1000 91 29 Vergieß

1310 1046 44 23 und
1364 1046 115 22 trockenen
1487 1045 93 21 Witzen.
1593 1044 58 21 Beim
1660 1041 69 23 Urteil
1739 1041 49 21 über
1797 1038 98 23 Künstler
1905 1033 42 24 und
1957 1033 31 18 XU

1310 1079 72 23 werke
1390 1078 44 22 Lob
1443 1077 44 23 und
1493 1077 65 22 Tadel
1568 1076 116 29 vorsichtig
1693 1073 125 31 abwägend,
1829 1071 44 22 und
1880 1073 48 19 stets
1934 1071 34 17 wa

1311 1113 35 21 des
1353 1112 111 31 Sprechens
1470 1110 54 22 nach
1531 1107 243 25 Ausdrückensuchend,
1784 1106 58 21 mehr
1851 1104 67 22 einem
1925 1099 49 22 Gele

1311 1146 93 25 ähnlich,
1418 1145 29 21 als
1459 1144 69 21 einem
1537 1142 104 22 Künstler.
1984 1151 46 26 .^t

1360 1180 49 19 Von
1420 1179 72 20 Natur
1508 1175 56 31 grofs
1582 1174 107 30 angelegt,
1704 1174 34 21 ein
1753 1174 68 20 Mann
1835 1171 35 22 der
1884 1172 55 18 seine
1950 1167 22 17 fr

1311 1212 34 21 nie
1357 1209 104 26 verkauft,
1477 1210 39 21 mit
1528 1209 40 21 den
1580 1206 156 24 Verhältnissen
1747 1205 34 22 nie
1793 1204 91 31 paktiert
1895 1198 45 23 und
1952 1203 9 14 a

1312 1244 48 21 dem
1372 1242 84 27 Berufe,
1471 1242 40 22 den
1527 1250 21 14 er
1560 1240 105 31 gewählt,
1683 1240 22 20 in
1719 1238 79 22 vollem
1814 1235 69 24 Mafse
1901 1232 68 22 beslßt
1973 1242 6 8 '
1986 1254 44 22 dern

1312 1286 20 13 er
1348 1277 32 22 die
1397 1275 129 23 Ehrlichkeit
1542 1274 35 22 des
1590 1272 98 26 Starken;
1709 1280 43 13 von
1763 1270 88 30 Ehrgeiz
1867 1266 65 24 nicht,
1948 1265 35 17 son
1983 1265 12 44 .
1995 1289 35 20 nen

1312 1319 40 12 nur
1370 1318 42 13 von
1430 1307 165 24 Schaffensdurst
1613 1305 83 31 geplagt
1717 1303 44 23 und
1782 1300 124 25 bescheiden
1926 1303 21 15 in
1967 1297 63 42 W£J

1312 1341 152 25 Bedürfnissen,
1480 1342 34 21 nie
1530 1341 22 21 in
1563 1340 36 21 der
1611 1338 140 29 Versuchung
1763 1336 66 22 durch
1841 1335 54 22 Liste
1908 1331 42 21 und
1963 1331 16 16 K

1313 1375 79 22 äufsere
1404 1375 67 22 Ehren
1484 1382 25 14 zu
1521 1372 114 25 erwerben,
1647 1371 108 22 bewahrte
1768 1378 20 13 er
1800 1369 45 22 sich
1857 1364 55 25 auch
1923 1363 33 21 die

1312 1408 36 22 des
1360 1408 119 22 Ehrlichen.
1585 1408 105 28 .
1796 1408 106 28 .
2008 1422 9 14 z
2018 1419 13 14 u

1362 1441 63 22 Auch
1439 1441 70 21 seinen
1521 1438 100 23 Schülern
1634 1439 70 29 prägte
1717 1444 20 14 er
1749 1443 39 15 vor
1802 1434 71 23 Allem
1889 1437 43 16 ein,
1951 1432 9 14 s
2022 1456 9 5 _

1313 1474 74 31 geben,
1403 1474 43 22 wie
1462 1481 49 14 man
1526 1473 33 21 ist.
1583 1472 82 25 „Hütet
1678 1469 54 22 euch
1744 1476 38 14 vor
1795 1468 48 21 dem
1852 1468 44 19 Gro
1909 1462 93 45 j^\ii
2004 1489 12 13 n
2017 1485 14 14 s.

1536 1504 35 22 das
1587 1504 27 21 ist
1629 1503 35 22 das
1677 1501 145 23 Vermächtnis
1839 1495 81 26 Arnold
1933 1495 40 19 Buc

1706 1568 109 21 Heinrich
1829 1566 83 22 Alfred
1924 1557 77 24 SchMIP

930 2406 61 11 ARNOLD
1000 2409 78 13 BOECKLIN,
1088 2411 85 10 AKTSTUDIE

1048 2725 0 0 80
