2214 2816
723 1297 249 53 ARNOLD
1013 1297 308 53 BOECKLN

319 1441 16 57 ]
341 1447 39 24 NT
381 1453 16 45 f
399 1454 17 22 R
431 1458 40 24 den
488 1465 83 28 grofsen
585 1467 132 24 Koloristen,
734 1464 41 25 die,
793 1462 20 21 in
826 1460 37 22 den
876 1459 112 23 zwanziger

347 1489 26 16 Un
395 1488 41 24 drei
439 1492 62 33 %er
506 1499 73 27 Jahren
587 1501 97 27 geboren,
692 1499 36 22 seit
735 1497 35 22 der
776 1495 62 22 Mitte
845 1496 79 17 unseres
931 1488 57 27 Jahr-

384 1528 17 14 el
403 1530 12 34 ?
418 1532 10 12 e
440 1534 53 16 neue
509 1531 13 21 d
524 1534 84 21 «tsche
621 1535 68 20 Kunst
706 1526 158 33 heraufgeführt
876 1521 72 24 haben,
964 1522 24 16 ist

295 1548 58 22 TOold
364 1551 87 29 Böcklin
461 1560 35 23 der
505 1564 78 23 älteste.
609 1567 58 21 1827
678 1565 98 30 geboren,
786 1560 58 22 feiert
856 1565 20 14 er
888 1556 21 20 in
921 1554 67 21 diesen

273 1607 18 21 u
294 1585 34 36 T
330 1588 13 14 n
369 1592 53 18 seine
424 1598 13 14 n
458 1594 121 33 siebzigsten
600 1599 133 28 Geburtstag.
766 1594 54 23 Aber
841 1586 98 27 während
956 1585 32 20 die

294 1619 23 12 CD
386 1623 58 23 meist
453 1628 66 23 schon
529 1632 110 27 gestorben
649 1632 50 21 oder
707 1630 55 22 doch
769 1635 42 15 von
818 1626 34 22 der
859 1620 129 25 modernsten

273 1647 119 39 **?Bung
413 1656 98 28 überholt
530 1664 56 28 sind,
608 1665 37 22 hat
666 1664 98 23 Böcklin,
785 1660 34 22 der
838 1658 67 28 längst
924 1652 64 22 schon

272 1698 47 31 eb/
395 1687 47 25 aber
459 1701 41 15 nur
516 1697 30 21 als
671 1696 124 28 Sonderling
811 1689 112 25 anerkannt
938 1691 50 16 war,

272 1719 50 42 _./
329 1718 7 43 ,
336 1722 39 16 erst
375 1718 8 43 .
390 1719 24 23 Be
415 1730 85 23 g°nnen
513 1729 40 23 auf
562 1731 34 22 die
607 1733 103 20 vorwärts
723 1725 121 26 strebenden
855 1721 78 23 Geister
945 1718 42 21 und

324 1752 12 16 d
340 1755 17 15 e
372 1752 99 28 breiteren
485 1762 113 24 Schichten
614 1764 35 22 der
661 1762 187 28 Kunstbewegung
862 1763 25 14 zu
899 1752 88 23 wirken.

319 1913 39 22 Die
367 1918 67 28 Stadt,
444 1930 36 16 aus
490 1924 35 23 der
534 1927 90 23 Böcklin
633 1929 182 28 hervorgegangen
823 1922 33 24 ist,
865 1918 45 23 liefs
919 1918 21 20 in
949 1914 39 22 den

285 1948 90 30 felsiger
379 1951 74 28 Jahren
471 1965 81 16 unseres
557 1961 148 28 Jahrhunderts
717 1959 58 22 nicht
786 1960 108 19 erwarten,
905 1948 44 24 dafs
960 1955 28 14 sie

285 1982 5 14 '
292 1983 11 13 e
314 1980 86 26 Heimat
417 1988 54 23 eines
487 1992 98 30 Apostels
600 1993 128 30 sprühender
742 1988 119 25 Lebenslust
876 1984 43 23 und
935 1988 53 16 eines

360 2018 86 25 werden
460 2023 72 28 sollte,
551 2026 40 22 den
607 2028 33 21 die
656 2025 97 24 Künstler
770 2031 25 14 zu
811 2019 56 25 Ende
884 2018 33 22 des
931 2015 45 29 Jahr-

270 2047 99 22 hunderts
386 2051 29 22 als
428 2053 39 24 den
480 2057 93 29 grüfsten
586 2061 79 21 Genius
678 2060 54 21 ihrer
743 2057 46 22 Zeit
800 2053 95 24 verehren
907 2048 80 24 sollten.

318 2080 67 24 Nicht
402 2084 36 24 der
455 2089 154 25 schimmernde
622 2093 73 24 Glanz,
707 2091 36 22 der
758 2090 34 21 das
805 2085 143 24 Künstlerturn
961 2088 26 14 an

270 2112 144 27 Musenhöfen
429 2123 106 28 umgiebt,
551 2126 37 21 hat
601 2126 88 22 Böcklin
706 2123 39 23 auf
758 2123 54 22 seine
828 2116 110 26 Laufbahn
953 2121 24 23 ge-

270 2145 85 27 geben,
365 2151 90 24 sondern
463 2156 36 21 das
509 2157 96 23 einfache
612 2155 192 25 Lebensbedürfnis.
816 2152 35 23 Als
861 2159 20 13 er
888 2149 44 23 sich
940 2147 47 21 über

270 2180 70 20 «einen
347 2181 65 24 Beruf
418 2189 112 26 entschied,
540 2200 46 13 war
595 2192 42 21 sein
645 2189 171 28 Schaffensdrang
826 2185 63 22 schon
897 2179 91 26 erwacht

270 2211 43 19 und
330 2219 28 15 im
371 2217 87 24 Grunde
473 2222 55 22 auch
543 2224 55 22 seine
613 2224 170 27 Kunstrichtung
798 2220 64 22 schon
877 2213 110 33 gefunden.

317 2244 23 22 In
353 2248 57 24 Basel
427 2252 33 26 ist,
476 2255 43 22 wie
535 2256 22 22 in
572 2257 28 22 all
618 2257 39 22 den
674 2255 85 32 grofsen
771 2250 171 31 Handelsplätzen
955 2252 33 15 am

270 2277 17 17 K
289 2282 56 22 nein,
357 2282 37 22 seit
406 2283 49 25 dem
466 2287 179 34 dreifsigjährigen
658 2290 74 29 Kriege
747 2288 67 22 nichts
827 2281 128 25 Erhebliches
967 2286 21 13 in

1052 1443 74 25 Plastik
1146 1439 41 23 und
1206 1435 83 25 Malerei
1309 1432 91 31 geleistet
1415 1427 86 23 worden
1518 1425 42 22 und
1577 1425 36 20 seit
1631 1423 34 21 der
1681 1421 63 23 Refor-

1052 1477 78 23 mation
1142 1472 65 23 nichts
1220 1467 82 25 Grofses
1315 1465 63 23 mehr.
1466 1465 87 35 .
1641 1465 87 35 .

1100 1507 55 24 Basel
1174 1505 60 22 selbst
1256 1509 44 14 war
1319 1498 71 23 zudem
1413 1504 21 12 in
1456 1492 97 23 Böckhns
1571 1488 118 32 Jugendzeit
1712 1496 44 14 eine

1052 1541 99 24 Handels-
1166 1537 42 23 und
1226 1527 208 30 Universitäts-Stadt
1454 1534 41 14 von
1513 1524 58 21 nicht
1589 1522 41 22 viel
1649 1521 58 22 mehr
1727 1521 28 22 als

1150 1569 139 24 Einwohnern
1306 1564 41 22 und
1365 1559 99 25 während
1480 1565 47 15 man
1543 1565 24 13 an
1583 1555 32 21 die
1630 1556 125 20 Universität

1060 1615 64 17 mmer
1130 1604 76 24 wieder
1216 1597 123 26 bedeutende
1346 1599 63 27 junge
1418 1590 70 25 Kräfte
1499 1590 51 22 auch
1560 1597 36 13 aus
1606 1588 47 22 dem
1661 1586 93 23 Ausland

1052 1637 157 28 anzuziehen
1218 1638 82 18 wusste,
1311 1638 22 14 so
1343 1636 43 14 war
1395 1627 34 21 das
1438 1627 94 20 Interesse
1541 1621 34 22 für
1584 1620 95 23 bildende
1688 1621 57 20 Runs

1052 1676 13 22 k
1079 1682 36 15 um
1133 1665 137 29 hinreichend,
1288 1672 36 14 um
1341 1661 65 29 einige
1426 1665 81 22 wenige
1527 1654 144 22 einheimische
1688 1652 56 21 Male

1052 1703 134 28 kummerlich
1199 1709 24 14 zu
1234 1696 133 25 unterhalten.
1388 1693 47 21 Nur
1444 1687 132 25 Architekten
1585 1686 66 22 haben
1662 1685 93 29 jederzeit

1052 1713 116 51 tirkhches
1186 1730 128 26 Verständnis
1335 1726 41 23 und
1394 1722 102 26 lohnende
1512 1720 111 30 Aufgaben
1641 1717 112 31 gefunden.

1052 1772 66 24 Wohl
1140 1770 38 26 gab
1195 1768 41 21 dies
1254 1765 21 21 in
1293 1763 39 22 den
1349 1758 158 31 angesehensten
1525 1753 96 22 Familien
1639 1752 40 21 den
1695 1759 59 13 einen

1067 1808 10 14 J
1097 1783 99 39 \,nLen
1220 1799 34 22 der
1266 1797 41 22 sich
1319 1794 34 22 der
1365 1790 84 24 Malerei
1460 1788 99 22 widmete
1571 1786 41 21 und
1625 1792 47 14 man
1685 1789 69 16 unter-

1052 1808 59 53 St
1135 1845 24 14 au
1173 1843 12 14 n
1195 1833 32 22 die
1239 1830 78 23 minder
1328 1834 49 14 vom
1386 1822 69 25 Glück
1464 1819 140 31 begünstigten
1614 1817 67 22 Maler
1689 1816 66 21 durch

1053 1877 32 21 Au
1126 1878 24 22 ge
1180 1867 46 23 aber
1248 1864 41 21 dies
1311 1858 87 33 geschah
1422 1857 20 21 in
1463 1854 34 22 der
1517 1853 115 27 Meinung,
1654 1848 44 23 dafs
1721 1847 34 22 für

1052 1906 41 24 bild
1106 1879 39 48 nie
1156 1903 66 21 Kunst
1234 1897 53 22 doch
1299 1892 52 24 auch
1364 1897 63 16 etwas
1439 1887 76 32 gethan
1527 1884 83 23 werden
1621 1891 66 13 müsse
1702 1881 50 22 oder

1052 1908 42 55 S
1107 1945 47 15 man
1166 1934 88 22 ehrsame
1269 1927 115 28 Mitbürger
1400 1922 57 22 nicht
1470 1919 127 28 verhungern
1612 1916 64 21 lassen
1688 1913 65 22 dürfe.

1052 1974 37 22 Die
1101 1973 64 20 Kunst
1177 1965 58 23 selbst
1251 1969 44 15 war
1310 1967 40 14 nur
1364 1957 34 22 das
1410 1956 122 28 Vergnügen
1544 1949 99 31 müßiger
1654 1947 99 26 Stunden,

1052 1977 35 19 Die
1088 1989 91 32 ,r„„
1190 2007 24 14 en
1217 1996 67 23 tfernt,
1295 1986 182 29 Lebensbedürfnis
1489 1985 49 22 oder
1553 1991 35 22 gar
1604 1991 32 13 ein
1648 1980 70 23 Mittel
1729 1988 25 14 zu

1119 2044 35 14 um
1180 2040 24 14 en
1222 2035 45 16 ste«
1285 2025 55 23 noch
1356 2021 119 30 lebendigen
1493 2016 139 30 municipalen
1649 2013 54 23 Stolz
1720 2013 34 22 der

1052 2044 184 51 Stadilikzu
1248 2058 134 30 befriedigen;
1400 2054 52 21 denn
1472 2051 35 22 der
1522 2049 121 29 bedachtige
1654 2049 49 19 Sinn
1720 2046 33 22 der

1052 2105 55 24 Bask
1131 2108 43 15 war
1191 2105 37 15 vor
1243 2095 59 22 allem
1317 2089 39 24 auf
1368 2087 109 32 gesicherte
1492 2085 91 21 Existenz
1598 2080 105 31 gerichtet.
1731 2080 22 20 In

1052 2109 99 52 SieSadt
1172 2132 31 22 die
1219 2129 51 22 einst
1285 2126 43 21 eine
1344 2123 34 22 der
1394 2120 105 29 lustigsten
1514 2124 34 14 am
1560 2115 77 22 Rheine
1652 2120 101 23 gewesen,

1076 2179 19 10 «
1108 2169 37 20 mit
1156 2167 34 21 der
1201 2158 142 27 Reformation
1355 2156 31 21 ein
1399 2150 144 34 puritanischer
1553 2150 57 20 Geist
1621 2153 132 22 eingezogen,

1052 2181 23 41 I
1135 2210 11 12 n
1163 2200 17 20 V
1194 2193 97 26 «tändnis
1311 2191 55 21 hatte
1383 2186 33 23 für
1433 2185 33 21 die
1477 2180 124 25 Sittlichkeit
1618 2187 53 14 eines
1689 2177 65 29 völhg

1133 2236 8 12 t
1317 2222 43 23 und
1369 2221 31 22 die
1410 2216 104 25 altererbte
1523 2218 59 18 meist
1591 2210 163 33 ungeheuchelte

1052 2230 276 68 KäSES:
1339 2254 57 24 «eist
1411 2251 30 22 bis
1454 2248 38 24 auf
1505 2256 69 14 unsere
1585 2247 56 29 Tage
1655 2244 98 22 erhalten.

903 1110 36 17 ü„Tt
945 1118 23 9 ic»
977 1116 26 11 ALS
1013 1115 28 9 DEN
1051 1110 77 12 SECHZIGER
1137 1107 57 14 JAHRES
1207 1106 9 10 6

874 1121 94 11 VERMUTLICH
1184 1121 34 21 _

1074 2440 0 0 73
