3304 4767
3041 4621 82 62 29

186 331 40 63 à
282 329 119 63 des
457 323 415 69 excitations
929 323 93 64 du
1090 326 305 78 système
1462 343 326 59 nerveux,
1845 329 241 75 alcool,
2131 331 437 81 stupéfiants.
2621 333 328 66 Résultat
2992 356 15 43 :
3053 334 67 65 la

186 426 194 79 perte
419 417 221 66 totale
684 417 83 63 de
819 419 161 59 tout
1032 416 307 62 contrôle
1391 434 117 46 sur
1559 419 433 83 l'organisme
2052 422 357 83 physique.

365 534 242 63 Avant
655 549 74 44 ce
777 529 220 73 stade,
1024 546 134 63 que
1207 529 315 81 présente
1567 531 363 68 l'individu
1964 538 32 62 ?
2047 538 103 62 De
2196 539 64 63 la
2309 539 344 82 souplesse
2699 539 429 85 intelligente

189 631 237 71 certes,
467 644 125 65 pas
628 624 83 64 de
746 622 378 65 sensibilité
1158 622 630 83 particulièrement
1823 629 215 83 aiguë,
2077 632 90 65 du
2204 634 227 63 savoir
2465 634 188 75 faire,
2692 634 173 64 mais
2898 654 230 46 aucun

187 722 398 85 symptôme
629 719 315 64 révélant
988 737 95 43 un
1126 719 509 81 tempérament
1681 727 472 63 constructeur
2194 727 242 65 latent.
2487 729 276 63 Durant
2807 748 73 44 ce
2926 729 201 64 stade

187 819 73 62 et
304 815 224 83 après,
562 812 47 63 il
656 831 39 44 a
743 810 323 65 l'illusion
1117 809 217 66 d'être
1378 812 210 63 libéré
1635 814 117 64 des
1796 817 124 63 lois
1967 819 369 83 physiques
2385 820 117 82 qui
2553 841 171 44 nous
2770 822 357 83 régissent.

187 910 193 66 Dans
426 908 368 82 l'hypnose
841 905 117 63 des
1005 903 420 83 stupéfiants
1473 908 142 63 cela
1662 914 105 57 est
1811 929 246 57 connu,
2106 914 171 62 mais
2324 934 134 62 que
2504 919 183 59 cette
2731 915 274 65 illusion
3054 934 71 46 se

187 1003 329 87 prolonge
567 1002 200 83 après
817 1000 65 64 la
936 998 169 65 crise
1156 998 169 65 c'est
1376 1002 153 83 plus
1579 1019 227 66 grave.
1862 1007 93 62 Le
2008 1008 316 63 domaine
2377 1010 178 63 dada
2607 1010 293 64 s'ouvrit
2954 1012 39 62 à
3047 1027 77 46 ce

186 1100 335 64 moment.
573 1093 568 85 L'impossibilité
1192 1095 83 62 de
1324 1096 398 77 construire,
1776 1098 415 85 d'organiser
2238 1101 161 83 quoi
2448 1122 134 62 que
2631 1122 76 46 ce
2754 1105 155 73 soit,
2963 1105 162 63 n'en

186 1196 222 80 ayant
448 1188 225 66 même
717 1208 126 63 pas
883 1190 66 62 la
997 1186 281 64 confuse
1322 1190 339 81 présence,
1708 1193 139 63 cela
1898 1195 79 62 fit
2037 1195 301 64 décréter
2419 1215 134 64 que
2617 1217 80 59 ça
2766 1196 359 66 n'existait

187 1305 124 62 pas
347 1289 72 60 et
452 1283 169 83 qu'il
658 1283 119 81 n'y
811 1281 196 64 avait
1041 1281 164 83 qu'à
1239 1281 171 66 faire
1444 1283 366 83 n'importe
1843 1286 163 81 quoi
2040 1306 156 46 sous
2230 1288 61 64 le
2324 1308 285 63 masque
2644 1291 83 63 de
2760 1289 360 65 l'instinct.

364 1396 198 76 Mais,
616 1394 360 75 l'instinct,
1002 1400 550 77 apparemment,
1586 1398 168 62 c'est
1803 1418 93 44 un
1948 1401 195 65 ordre
2194 1401 374 83 psychique
2621 1401 118 83 qui
2790 1422 39 44 a
2883 1401 239 65 besoin

189 1491 219 66 d'être
458 1489 273 66 traduit
785 1508 176 64 pour
1015 1488 197 64 avoir
1264 1506 126 48 son
1444 1489 361 66 exécution
1862 1493 273 81 précise.
2191 1496 193 63 Dans
2456 1496 61 63 le
2570 1499 205 78 règne
2846 1496 276 81 végétal

187 1606 88 46 ou
309 1587 163 63 chez
506 1586 118 62 des
655 1582 333 66 animaux
1017 1582 357 66 inférieurs
1405 1603 88 45 ou
1523 1584 248 64 vivant
1799 1587 38 63 à
1869 1587 196 65 l'état
2094 1606 320 66 sauvage,
2448 1591 217 73 ordre,
2697 1589 425 75 traduction,

186 1681 367 66 exécution
589 1684 161 58 sont
795 1677 429 75 simultanés,
1273 1677 337 66 l'instinct
1657 1699 68 44 se
1767 1681 361 66 manifeste
2158 1682 170 65 libre
2362 1684 83 63 de
2475 1687 198 60 toute
2707 1684 413 64 contrainte.

187 1775 178 65 Chez
402 1775 97 63 les
540 1772 333 64 animaux
912 1770 469 83 domestiqués
1420 1775 70 60 et
1529 1772 160 64 chez
1727 1772 347 66 l'Homme
2111 1774 301 84 empêtré
2453 1777 171 63 dans
2663 1777 117 63 des
2819 1777 300 73 notions,

187 1874 183 59 cette
402 1867 473 64 simultanéité
907 1885 85 45 ne
1024 1885 69 45 se
1126 1867 282 81 produit
1437 1867 247 81 jamais
1716 1869 39 62 à
1788 1887 72 44 ce
1893 1887 130 65 que
2053 1870 453 83 j'appellerais
2538 1870 198 65 l'état
2768 1872 83 63 de
2895 1870 224 65 veille.

191 1963 57 63 Il
289 1962 157 64 faut
489 1960 337 66 certaines
872 1960 504 64 circonstances
1420 1962 569 81 exceptionnelles
2033 1982 171 63 pour
2245 1982 134 64 que
2419 1963 337 65 l'instinct
2797 1982 71 44 se
2909 1963 213 65 libère

187 2058 117 63 des
348 2057 508 81 contingences,
904 2055 503 64 circonstances
1451 2057 120 81 qui
1615 2055 389 83 dépendent
2048 2058 114 63 des
2206 2058 438 63 événements
2687 2062 71 59 et
2800 2058 120 81 qui
2961 2077 119 64 rap-

184 2155 286 78 portent
521 2153 163 61 tout
709 2150 39 62 à
802 2167 178 64 coup
1032 2148 202 64 l'état
1285 2165 321 66 sauvage.
1662 2150 95 62 Le
1811 2150 315 64 désordre
2179 2151 113 63 des
2345 2151 450 63 conventions
2849 2151 273 63 d'ordre

184 2244 325 85 pratique
558 2243 364 66 humaines
975 2261 84 46 ne
1109 2243 347 83 témoigne
1508 2244 176 63 donc
1735 2244 376 63 nullement
2162 2246 201 63 d'une
2412 2244 520 65 manifestation
2981 2244 104 63 ins-

182 2339 317 66 tinctive.
550 2339 110 63 En
706 2358 270 46 aucune
1022 2336 305 64 manière
1371 2355 90 45 on
1508 2356 83 44 ne
1637 2338 261 64 saurait
1942 2339 338 65 attribuer
2324 2358 73 44 ce
2440 2343 513 59 renversement
3000 2339 119 63 des

182 2432 276 65 valeurs
509 2432 39 65 à
597 2431 342 64 l'instinct
987 2431 199 64 sinon
1236 2431 40 64 à
1327 2449 75 46 ce
1452 2431 212 81 qu'on
1713 2451 39 44 a
1801 2431 241 83 appelé
2089 2432 535 82 improprement
2673 2431 322 64 l'instinct
3042 2431 80 62 de

182 2527 397 65 destruction
636 2527 120 83 qui
809 2527 181 63 n'est
1043 2546 84 44 en
1183 2526 219 62 vérité
1456 2526 255 81 qu'une
1764 2526 378 64 résultante
2196 2527 162 61 d'un
2412 2526 146 64 état
2611 2526 418 64 atrabilaire.

360 2632 131 63 Les
519 2629 452 85 productions
1002 2631 173 62 dans
1202 2631 62 62 le
1291 2629 200 64 stade
1522 2629 83 63 de
1634 2629 570 83 développement
2231 2631 83 62 de
2340 2627 330 66 l'humain
2700 2649 83 43 ne
2814 2631 308 79 peuvent

182 2744 124 66 pas
355 2724 146 64 être
545 2722 459 66 instinctives.
1054 2724 110 62 Au
1214 2741 198 45 cours
1461 2722 83 64 de
1588 2722 393 64 recherches
2028 2742 86 44 on
2162 2742 39 44 a
2248 2727 291 59 souvent
2587 2724 117 61 des
2748 2720 371 65 intuitions

182 2837 159 48 sans
370 2819 234 76 doute,
634 2817 175 66 mais
836 2817 120 84 qui
983 2820 344 80 prennent
1352 2817 146 64 leur
1523 2815 459 83 signification
2009 2817 449 81 uniquement
2484 2834 121 64 par
2629 2815 493 64 l'ordonnance

181 2912 494 66 constructive.
736 2912 290 66 Vouloir
1083 2915 361 61 retrouver
1501 2910 337 64 l'instinct
1898 2930 123 63 par
2081 2910 301 83 principe
2443 2910 168 63 c'est
2670 2913 442 60 exactement

181 3027 269 46 comme
492 3008 56 63 si
589 3027 95 44 un
724 3008 281 63 homme
1046 3006 127 83 âgé
1214 3005 267 66 voulait
1523 3025 124 63 par
1688 3005 303 83 principe
2031 3008 353 59 retrouver
2423 3005 93 62 les
2558 3003 327 83 premiers
2924 3003 191 81 jours

184 3103 83 66 de
306 3122 74 45 sa
421 3101 132 65 vie.
607 3103 115 64 Un
792 3101 322 65 individu
1154 3105 109 59 est
1339 3100 281 64 retombé
1698 3118 74 44 en
1833 3100 290 78 enfance,
2209 3098 141 64 cela
2424 3101 170 60 veut
2673 3098 444 81 simplement

182 3194 144 66 dire
365 3196 171 85 qu'il
575 3215 41 47 a
656 3196 219 83 perdu
914 3200 161 60 tous
1115 3213 105 46 ses
1259 3213 288 64 moyens
1588 3194 81 63 de
1710 3193 321 73 contrôle,
2074 3196 228 59 toutes
2341 3210 104 44 ses
2485 3189 413 85 possibilités
2941 3189 145 65 d'or-

179 3289 394 85 ganisation
604 3294 71 60 et
704 3291 85 63 de
817 3288 496 66 construction.
1349 3288 68 64 Si
1444 3288 139 62 l'on
1611 3291 168 59 veut
1806 3284 148 65 voir
1982 3305 132 44 une
2142 3284 308 81 analogie
2478 3288 194 59 entre
2697 3284 96 63 les
2822 3282 263 83 vagisse-

179 3387 230 61 ments
463 3384 94 66 du
609 3382 444 68 nouveau-né
1103 3386 72 61 et
1224 3382 96 63 les
1371 3381 601 64 bredouillements
2025 3381 117 61 des
2191 3379 277 81 gâteux,
2524 3377 56 63 si
2629 3377 141 65 l'on
2822 3381 171 78 peut
3044 3396 73 44 se

179 3479 411 83 méprendre
618 3498 116 45 sur
760 3479 183 64 leurs
971 3476 431 74 similitudes,
1435 3476 168 64 c'est
1630 3474 208 83 qu'on
1869 3492 37 44 a
1937 3472 213 83 perdu
2179 3476 198 60 toute
2406 3470 240 65 notion
2677 3472 118 63 des
2822 3472 298 63 valeurs.

358 3584 131 64 Les
548 3584 535 74 dadas-leaders,
1141 3582 69 83 je
1264 3581 254 82 répète,
1579 3582 158 59 sont
1789 3577 437 81 intelligents.
2292 3577 54 63 Il
2402 3596 85 42 en
2543 3579 105 61 est
2702 3575 225 82 parmi
2983 3594 137 46 eux

182 3679 83 62 de
297 3677 295 66 cultivés
624 3682 92 71 et,
751 3697 83 44 en
865 3677 298 83 général,
1195 3675 47 63 il
1276 3694 85 44 ne
1390 3675 384 80 manquent
1805 3689 120 64 pas
1959 3670 203 65 d'une
2194 3670 298 63 certaine
2528 3669 265 74 finesse,
2817 3674 303 59 souvent

181 3770 347 68 d'ailleurs
562 3772 83 64 ils
680 3772 300 64 abusent
1000 3770 439 65 lourdement
1466 3767 81 64 de
1574 3770 181 61 cette
1786 3765 240 63 finesse
2055 3765 171 63 dont
2250 3765 81 63 ils
2360 3768 124 60 ont
2509 3768 157 78 trop
2694 3763 421 65 conscience.

179 3865 435 85 Egalement,
653 3867 83 62 ils
773 3870 163 59 sont
973 3863 213 65 doués
1225 3863 94 65 du
1356 3880 154 46 sens
1547 3858 307 83 critique.
1896 3858 90 65 Ce
2021 3877 154 44 sens
2214 3857 290 83 critique
2541 3860 71 59 et
2650 3860 184 59 cette
2870 3857 223 64 intelli-

177 3977 212 67 gence
424 3962 99 64 les
560 3965 127 61 ont
722 3962 321 81 toujours
1078 3958 132 64 fait
1246 3958 283 81 côtoyer
1562 3956 95 61 les
1694 3953 260 64 bonnes
1989 3951 395 75 tendances,
2426 3951 173 65 mais
2634 3951 148 63 leur
2817 3970 307 64 manque

177 4055 244 66 absolu
462 4055 84 64 de
601 4053 418 85 possibilités
1075 4050 499 66 constructives
1628 4048 95 63 les
1777 4065 38 46 a
1872 4044 393 65 maintenus
2321 4044 171 65 dans
2545 4043 443 83 l'équivoque
3039 4044 85 63 de

179 4166 108 48 ces
330 4149 401 67 tendances.
777 4151 216 65 Leurs
1034 4165 271 47 œuvres
1349 4144 232 65 furent
1622 4141 313 81 toujours
1976 4139 440 83 l'équivoque
2460 4139 167 63 d'un
2668 4139 236 82 visage
2948 4139 176 65 dont

176 4241 83 68 ils
314 4265 87 44 ne
458 4244 452 66 concevaient
966 4261 124 65 pas
1144 4243 66 62 la
1268 4238 503 66 déterminante
1827 4234 548 64 architecturale.
2433 4234 338 64 Donnant
2829 4232 173 65 dans
3056 4234 66 63 le

177 4336 197 84 piège
426 4339 85 64 de
560 4337 273 66 l'avant
883 4336 364 86 gardisme,
1300 4332 81 63 ils
1430 4331 488 81 inaugurèrent
1967 4327 163 65 l'ère
2182 4327 115 65 des
2348 4326 561 66 manifestations
2959 4326 124 66 sub-

177 4432 452 66 conscientes.
