3304 4767
2905 4570 35 55 5

998 346 371 71 Sommeil.

997 549 215 69 Rien.

1000 652 122 68 Du
1173 657 320 83 temps...

617 884 29 36 «
685 898 97 8 —
826 857 149 68 Fils
1020 855 270 70 chéri...
1340 876 87 66 ça
1471 876 96 49 va
1610 855 252 70 mieux
1896 857 39 66 ?
1980 882 28 31 »
2053 855 313 70 Sourire.

616 960 93 66 Je
758 957 286 69 reviens
1095 959 271 67 étonné
1415 960 44 68 à
1510 957 71 69 la
1630 959 310 69 surface.

617 1060 207 68 Dans
868 1060 69 68 la
981 1058 202 70 main
1232 1060 90 66 de
1364 1079 303 49 maman
1715 1113 16 28 ,
1781 1060 69 66 la
1896 1058 316 82 mienne,

1007 1162 264 67 Inerte.

616 1263 106 68 La
778 1262 283 69 fenêtre
1117 1268 113 61 est
1284 1284 100 47 un
1442 1263 203 70 carré
1701 1263 249 68 clair...

433 1604 96 67 Ils
580 1610 134 61 ont
763 1609 171 62 tous
986 1604 60 67 ri
1098 1604 90 66 de
1240 1604 407 67 Chaterton

433 1707 96 68 Ils
575 1712 135 63 ont
756 1707 203 88 parlé
1007 1705 89 68 de
1142 1707 151 66 mal
1340 1705 100 66 du
1491 1705 212 68 siècle

428 1807 166 68 Une
648 1807 161 79 fois,
866 1807 129 88 j'ai
1049 1807 230 68 voulu
1334 1805 181 68 faire
1569 1807 129 66 des
1752 1807 223 68 bouts
2028 1807 220 68 rimés

433 1907 96 69 Ils
573 1907 244 68 m'ont
863 1907 112 68 dit
1024 1929 18 46 :
1093 1934 27 34 «
1166 1907 159 68 Ton
1373 1925 198 68 papa
1616 1925 44 48 a
1708 1925 144 50 une
1896 1905 188 70 belle
2128 1905 386 71 industrie.
2568 1934 27 34 »

426 2010 239 80 Alors,
712 2010 73 86 je
831 2029 120 47 me
998 2008 151 68 suis
1195 2007 140 69 fais
1381 2029 144 47 une
1572 2007 149 69 raie
1770 2034 28 35 «
1843 2029 97 47 au
1985 2008 251 68 milieu
2285 2035 29 36 »

426 2108 149 70 J'ai
631 2110 151 88 pris
834 2130 146 46 une
1036 2113 303 63 cravate
1393 2108 240 68 mince
1687 2127 287 49 comme
2026 2129 102 47 un
2187 2108 102 82 fil,

429 2212 121 66 Un
602 2212 174 86 jonc
827 2212 242 86 pliant
1120 2230 144 46 une
1315 2210 295 78 badine,

998 2310 102 68 Et
1154 2310 127 68 des
1334 2310 304 68 souliers
1687 2312 304 86 pointus

1000 2411 273 68 C'était
1323 2411 290 68 facile...

429 2513 102 68 Et
566 2532 177 49 mon
783 2513 207 69 oncle
1030 2513 349 83 François
1417 2513 150 68 m'a
1606 2513 112 68 dit
1759 2535 17 44 :
1818 2538 29 38 «
1882 2513 92 68 Je
2011 2513 151 68 suis
2199 2513 350 80 heureux,

428 2613 140 69 Car
614 2618 88 63 tu
749 2613 381 69 redeviens
1178 2615 308 79 sérieux,

429 2713 112 69 Tu
599 2713 142 69 fais
798 2715 337 67 honneur
1191 2715 43 67 à
1293 2715 71 67 la
1422 2713 299 71 famille.
1784 2738 27 37 »

424 2816 192 70 Mais
666 2838 104 46 un
820 2816 170 88 jour
1041 2814 228 90 qu'on
1318 2814 317 70 m'avait
1686 2816 213 68 laissé
1952 2816 186 68 dans
2185 2816 68 68 le
2302 2816 285 70 bureau

428 2918 208 67 Dont
688 2918 72 67 la
812 2918 283 67 fenêtre
1149 2938 149 47 aux
1350 2918 231 67 vitres
1635 2918 323 86 dépolies

424 3016 253 69 Laisse
727 3036 251 70 passer
1025 3038 146 47 une
1220 3016 303 69 lumière
1572 3016 493 90 d'aquarium,

424 3118 151 69 J'ai
626 3119 223 88 rongé
897 3119 66 68 le
1012 3119 315 68 manche
1378 3119 98 68 du
1527 3119 497 87 porte-plume

426 3221 115 68 En
597 3221 415 68 entendant
1066 3241 252 68 passer
1371 3221 66 68 le
1489 3221 405 68 marchand
1952 3221 91 68 de
2096 3239 337 50 marrons
2463 3243 19 57 ;

429 3319 102 68 Et
582 3341 79 47 ce
712 3321 295 88 jour-là,
1061 3321 129 88 j'ai
1244 3322 252 68 décidé

431 3421 445 69 D'endosser
931 3443 99 47 un
1090 3422 213 68 habit
1356 3443 145 69 que
1557 3422 127 68 nul
1740 3443 90 45 ne
1887 3422 473 70 connaîtrait.

1183 3756 101 64 Le
1337 3753 217 89 poète

710 3856 380 68 Souffrant
1149 3858 100 66 du
1310 3876 201 48 cœur
1571 3861 76 61 et
1704 3856 92 68 de
1853 3856 72 66 la
1984 3854 156 70 tête

424 3956 197 67 Pour
663 3956 208 67 avoir
912 3978 102 45 vu
1058 3957 101 66 les
1201 3974 178 70 gens
1422 3957 91 66 de
1555 3957 166 87 plus
1762 3956 168 88 près
1972 3956 229 88 qu'au
2243 3956 301 67 Marché

710 4057 116 70 On
885 4057 90 68 fit
1027 4057 210 68 venir
1291 4078 102 47 un
1450 4057 447 88 psychiatre,

709 4157 299 90 Lequel,
1069 4164 209 63 entre
1334 4159 198 68 mille
1591 4159 291 78 détails,

424 4261 137 67 Lui
621 4261 403 67 chatouilla
1080 4262 71 66 la
1208 4261 256 89 plante
1523 4262 129 68 des
1708 4261 210 88 pieds
1974 4261 354 88 pourvoir

707 4360 127 68 S'il
887 4362 314 70 écartait
1252 4362 104 68 les
1408 4362 246 88 doigts
1706 4382 90 48 en
1850 4362 401 70 éventail...
