3304 4767
3038 4564 65 55 21

386 368 93 63 Le
516 366 164 65 Chef
716 363 210 64 sourit
965 382 164 44 avec
1166 360 317 83 placidité
1522 378 79 43 en
1642 377 107 44 me
1783 356 384 83 répondant
2201 373 134 63 que
2367 351 227 82 j'étais
2629 372 124 42 son
2788 349 305 63 meilleur

215 461 157 73 ami,
413 478 132 65 que
584 475 327 64 personne
949 475 83 42 ne
1071 453 307 81 songeait
1415 453 39 61 à
1493 470 108 44 me
1639 449 166 65 faire
1844 449 89 63 du
1974 449 137 61 mal
2150 451 69 59 et
2258 444 165 82 qu'il
2462 444 206 63 serait
2705 446 60 59 le
2804 439 293 85 premier

215 553 38 62 à
291 551 284 81 prendre
609 570 112 42 ma
758 548 288 72 défense,
1085 546 56 63 si
1176 546 292 80 quelque
1503 543 251 79 danger
1788 538 369 74 survenait,
2196 538 150 81 puis
2382 536 44 62 il
2463 534 286 66 sollicita
2787 551 91 46 un
2917 529 178 85 petit

215 646 252 61 cadeau
521 642 81 61 de
650 641 286 62 Pernod.

391 746 52 61 Il
492 744 148 75 but,
689 763 106 42 me
843 742 186 63 salua
1080 744 68 59 et
1195 737 234 83 partit.

391 846 52 61 Il
477 863 81 44 ne
590 863 68 42 se
690 861 195 63 passa
917 842 141 61 rien
1092 837 601 65 d'extraordinaire
1723 836 303 81 pendant
2057 836 93 59 les
2184 834 178 61 deux
2390 832 187 81 jours
2611 829 116 83 qui
2760 827 335 66 suivirent

215 957 84 43 au
340 937 215 63 matin
596 935 89 63 du
723 934 360 73 troisième,
1124 932 59 63 le
1222 932 151 61 chef
1410 930 151 61 vint
1598 929 433 62 m'annoncer
2069 925 164 82 qu'il
2270 927 141 59 s'en
2450 924 193 62 allait
2680 924 37 61 à
2756 922 63 63 la
2860 920 237 63 chasse

221 1047 165 44 avec
430 1047 101 43 ses
575 1029 324 69 hommes,
948 1044 128 61 que
1120 1042 121 42 son
1286 1023 287 61 absence
1615 1020 203 63 serait
1864 1020 81 61 de
1989 1022 234 59 courte
2267 1017 222 62 durée.

389 1130 83 61 Je
521 1128 95 63 lui
668 1127 339 62 souhaitai
1058 1127 222 59 bonne
1332 1127 251 59 chance
1612 1144 15 51 ;
1681 1122 291 62 aussitôt
2021 1120 166 81 qu'il
2238 1122 119 59 eût
2406 1117 244 64 tourné
2700 1117 95 62 les
2846 1113 247 73 talons,

218 1239 159 44 mon
430 1220 223 80 capita
707 1218 151 59 vint
907 1237 107 42 me
1065 1222 276 55 trouver
1393 1237 14 40 :

392 1345 26 32 «
447 1320 233 71 Blanc,
719 1320 59 61 le
816 1318 149 63 chef
999 1318 64 63 là
1097 1337 45 61 y
1178 1337 81 42 en
1295 1337 37 42 a
1369 1316 168 61 faire
1571 1315 289 62 couillon
1889 1362 10 12 .
1942 1315 64 61 la
2043 1315 253 69 chasse,
2335 1330 77 59 ça
2448 1308 298 64 manière
2778 1306 319 82 lissongo,

218 1432 166 61 yen
425 1430 38 44 a
502 1410 263 62 revenir
806 1413 177 59 cette
1022 1408 151 61 nuit
1212 1425 171 62 pour
1419 1406 225 63 foutre
1679 1406 61 63 le
1777 1406 111 61 feu
1928 1423 137 44 aux
2104 1421 253 44 cases...
2401 1418 298 63 sauvage
2726 1403 10 37 '
2848 1394 254 68 C'était

218 1503 533 64 vraisemblable.

396 1604 103 63 On
543 1623 68 42 se
655 1603 284 81 prépara
985 1601 164 61 dans
1193 1601 65 61 la
1300 1598 356 64 factorerie
1696 1598 39 62 à
1777 1596 156 64 bien
1977 1596 298 62 recevoir
2314 1596 337 78 l'attaque
2695 1591 400 64 éventuelle.

221 1697 126 61 Les
382 1696 268 61 lourdes
687 1697 227 77 portes
953 1692 113 61 des
1104 1691 365 81 palissades
1505 1689 230 63 furent
1767 1687 541 82 soigneusement
2343 1686 303 71 fermées,
2683 1704 88 43 au
2810 1682 290 63 coucher

223 1791 88 59 du
364 1787 182 63 soleil
597 1791 71 57 et
716 1785 318 80 bloquées
1083 1802 166 44 avec
1300 1784 113 59 des
1464 1785 293 77 poutres.
1810 1780 135 61 Des
1994 1779 380 62 sentinelles
2421 1777 259 63 armées
2727 1775 373 82 jusqu'aux

223 1880 196 61 dents
465 1879 229 61 furent
739 1875 341 82 désignées
1127 1892 170 63 pour
1341 1872 250 63 veiller.
1637 1872 96 63 La
1779 1872 153 61 nuit
1974 1870 288 63 s'écoula
2308 1887 154 44 sans
2507 1868 210 63 alerte
2763 1872 69 57 et
2875 1863 228 65 l'aube

221 1968 241 65 éclaira
504 1970 63 61 la
611 1987 250 44 savane
905 1967 278 61 déserte.
1229 1965 340 63 Plusieurs
1606 1963 188 82 jours
1833 1980 68 44 se
1942 1965 366 78 passèrent,
2353 1979 85 44 on
2480 1980 68 41 se
2587 1977 269 46 rassura
2898 1963 70 58 et
3009 1958 94 61 les

223 2062 381 62 sentinelles
658 2060 380 61 dormaient
1088 2077 166 42 avec
1303 2058 65 61 la
1420 2056 171 61 belle
1640 2055 424 61 insouciance
2116 2055 88 59 du
2258 2055 217 78 nègre.
3066 2062 39 55 ?•

394 2165 83 59 Je
524 2161 109 61 fus
679 2160 484 62 horriblement
1209 2158 171 63 vexé
1429 2156 262 63 d'avoir
1737 2156 107 61 été
1888 2155 179 62 aussi
2114 2153 288 73 craintif,
2451 2172 141 44 mes
2638 2153 274 61 inutiles
2959 2151 110 82 pré-

228 2255 307 62 cautions
587 2273 107 41 me
745 2256 321 76 parurent
1117 2249 310 63 ridicules
1479 2253 68 57 et
1600 2253 393 74 pourtant...

406 2688 242 76 Quand
692 2688 61 61 le
797 2686 149 63 chef
993 2690 70 57 et
1105 2703 102 43 ses
1251 2685 305 61 hommes
1600 2686 379 60 rentrèrent
2025 2683 81 61 de
2147 2683 64 61 la
2258 2681 249 71 chasse,
2558 2700 85 42 on
2689 2680 284 61 m'offrit
3019 2698 91 41 un

228 2779 415 82 magnifique
673 2778 300 79 quartier
1005 2778 82 61 de
1117 2776 269 71 viande,
1420 2778 385 78 provenant
1837 2774 161 61 d'un
2031 2773 202 62 buffle
2265 2773 244 61 abattu
2543 2773 195 79 après
2770 2790 132 42 une
2934 2771 178 61 lutte

228 2871 517 63 mouvementée
792 2871 168 61 dont
1007 2888 85 42 on
1139 2888 108 42 me
1297 2868 81 62 fit
1422 2869 63 59 le
1527 2866 186 62 récit.
1766 2866 338 61 Plusieurs
2150 2866 305 61 hommes
2501 2862 281 63 avaient
2829 2862 91 63 du
2968 2861 146 62 être

227 2964 152 61 tués
411 2964 305 80 pendant
745 2961 464 81 l'expédition,
1246 2979 112 43 car
1388 2957 408 82 j'entendais
1830 2959 261 78 pleurer
2121 2957 93 61 les
2247 2957 281 61 femmes
2560 2956 173 62 mais
2782 2973 332 62 personne

228 3055 115 80 n'y
377 3054 80 61 fit
484 3054 303 61 allusion.
819 3054 125 59 Les
973 3050 356 80 Lissongos
1356 3049 278 62 avaient
1661 3049 172 62 beau
1862 3067 68 44 se
1957 3052 244 58 vanter
2228 3045 212 63 d'être
2468 3047 83 61 de
2580 3047 131 59 fins
2739 3047 373 68 chasseurs,

228 3149 61 59 le
326 3147 204 61 buffle
567 3166 81 42 ne
685 3164 70 42 se
790 3145 195 61 laisse
1022 3162 120 63 pas
1180 3147 247 58 mettre
1464 3144 37 61 à
1540 3145 180 58 mort
1755 3159 156 44 sans
1949 3159 130 42 une
2116 3138 398 82 vigoureuse
2553 3138 271 63 défense
2853 3159 13 51 ;
2907 3138 66 80 je
3014 3137 101 62 dis

233 3240 324 80 quelques
599 3242 178 57 mots
819 3237 330 61 là-dessus
1192 3254 86 42 au
1322 3235 151 61 chef
1517 3233 115 80 qui
1674 3232 220 62 baissa
1937 3233 93 60 les
2074 3232 350 79 paupières
2468 3250 82 43 en
2594 3230 298 63 manière
2936 3230 144 61 d'ac-

231 3330 463 79 quiescement
721 3348 17 53 ;
790 3326 171 63 mais
1010 3326 46 61 il
1107 3343 322 44 conserva
1478 3325 64 61 le
1590 3323 262 63 silence.
1908 3345 24 34 «
1981 3323 254 73 Allons,
2289 3342 83 42 ne
2421 3321 127 63 fais
2599 3340 122 63 pas
2770 3321 61 61 le
2880 3320 234 72 malin,

231 3421 95 63 lui
350 3421 198 80 dis-je
568 3438 166 44 avec
753 3420 312 67 rondeur,
1090 3421 156 58 tout
1268 3418 37 61 à
1327 3418 64 61 la
1412 3416 135 80 joie
1569 3416 81 61 de
1686 3414 146 61 voir
1864 3414 386 61 s'évanouir
2270 3431 141 44 mes
2450 3413 293 62 derniers
2780 3431 337 61 soupçons

235 3514 245 80 prends
524 3518 177 57 cette
743 3511 318 64 bouteille
1105 3509 80 61 de
1225 3509 134 82 gin,
1405 3508 178 62 voilà
1628 3508 89 61 du
1761 3508 201 61 tabac
2004 3511 70 58 et
2116 3526 131 43 une
2289 3506 183 81 pièce
2516 3506 276 63 d'étoffe
2834 3525 171 61 pour
3047 3508 70 59 te

235 3606 347 62 remercier
626 3604 90 63 du
763 3602 144 63 filet
949 3621 129 63 que
1120 3604 80 59 tu
1242 3601 170 61 m'as
1457 3599 241 61 donné.
1747 3623 22 32 »
1815 3597 103 63 On
1965 3616 66 42 se
2077 3597 236 82 sépara
2357 3616 166 44 avec
2567 3596 348 62 cordialité

408 3709 83 61 Je
538 3704 306 83 mangeai
892 3706 63 61 la
1004 3702 249 63 viande
1300 3702 81 61 de
1429 3702 133 61 bon
1613 3701 286 81 appétit,
1952 3701 120 61 elle
2121 3701 171 62 était
2338 3699 488 63 furieusement
2871 3699 246 61 truffée

233 3801 85 61 de
342 3799 281 81 piment,
650 3817 86 43 au
763 3795 192 83 point
982 3795 81 61 de
1087 3794 262 62 n'avoir
1373 3812 122 61 pas
1522 3794 264 61 d'autre
1808 3794 166 78 goût
1999 3812 14 53 ;
2042 3792 59 61 le
2128 3792 181 61 drôle
2335 3790 116 82 qui
2475 3790 230 63 faisait
2727 3809 109 44 ma
2863 3795 254 77 popote

235 3911 122 61 par
397 3909 119 42 son
558 3907 237 44 amour
834 3887 278 81 exagéré
1156 3887 112 61 des
1308 3885 239 80 épices,
1591 3885 134 61 m'a
1766 3884 127 60 fait
1930 3899 249 64 gagner
2219 3902 131 42 une
2387 3882 362 81 gastralgie
2790 3882 166 61 dont
2998 3882 119 79 j'ai

235 3983 279 63 souffert
562 3983 401 78 longtemps.

404 4085 92 61 Le
530 4083 128 63 soir
687 4085 66 80 je
789 4083 77 61 fis
900 4100 236 44 encore
1166 4100 93 43 un
1292 4080 132 61 bon
1456 4097 194 63 repas
1683 4078 81 63 de
1796 4095 75 44 ce
1904 4077 144 62 filet
2077 4077 119 83 qui
2226 4077 192 62 avait
2448 4077 107 62 été
2587 4077 125 61 mis
2748 4077 37 61 à
2816 4077 64 62 la
2914 4077 160 62 mari-

233 4178 175 61 nade
443 4176 81 61 de
560 4175 254 62 crainte
848 4193 130 61 que
1010 4173 65 61 la
1110 4171 271 63 chaleur
1413 4190 83 42 ne
1529 4171 59 60 le
1623 4170 83 61 fit
1739 4175 294 56 tourner.

406 4280 95 61 La
536 4280 109 59 vie
675 4278 210 81 reprit
919 4295 120 44 son
1073 4275 174 81 petit
1280 4271 391 66 train-train
1705 4275 387 69 monotone,
2130 4270 140 62 rien
2308 4271 396 73 d'anormal,
2741 4271 376 63 seulement

238 4371 236 75 j'avais
523 4371 237 80 mangé
807 4388 87 42 un
944 4386 293 44 morceau
1288 4366 76 61 de
1412 4363 262 66 Walker
1701 4364 12 61 !
