3304 4767
3011 4480 80 56 15

226 268 188 69 Mais
466 268 449 90 impuissant
967 270 44 67 à
1067 268 154 69 rien
1277 268 203 81 faire,
1540 270 71 67 la
1667 271 218 68 tâche
1941 271 188 68 était
2182 270 384 69 tellement
2620 270 388 69 au-dessus

227 369 112 68 De
390 390 157 49 mes
595 369 257 82 forces,
908 391 144 68 que
1105 390 186 51 nous
1342 371 128 88 qui
1523 391 233 50 avons
1807 375 66 66 le
1924 373 149 68 bon
2126 391 166 50 sens

981 473 188 69 Sous
1220 473 469 89 l'apparence
1741 474 90 68 de
1880 474 171 70 folie

226 573 208 71 Nous
486 574 127 92 qui
666 595 269 49 savons
988 581 76 63 et
1116 574 359 70 devinons
1526 576 71 68 la
1650 576 118 68 vie

227 676 207 69 Nous
485 678 127 89 qui
664 676 239 69 étions
956 678 689 89 orgueilleusement
1694 678 166 69 fous
1907 718 97 10 —

978 778 257 69 Avons
1281 779 198 68 cessé
1526 779 232 68 d'être
1802 779 415 68 immobiles

224 879 102 68 Et
373 899 285 50 comme
705 881 103 68 les
856 881 337 68 hommes
1240 881 283 68 étaient
1569 884 171 85 trop
1789 881 147 68 loin
1988 899 187 70 pour
2222 899 186 50 nous
2458 879 355 70 entendre

222 981 104 67 Et
385 1001 283 49 comme
727 1003 359 67 personne
1147 1003 91 49 ne
1298 982 313 88 pouvait
1672 1003 186 47 nous
1916 982 162 68 voir

221 1081 154 69 Nos
420 1082 266 90 figures
727 1089 173 63 sont
940 1086 451 67 redevenues
1431 1084 312 68 soudain
1787 1104 286 48 comme
2117 1103 134 49 nos
2292 1084 203 68 âmes

974 1184 102 68 Et
1133 1189 292 64 cessant
1482 1186 90 66 de
1629 1186 278 67 sourire

221 1286 206 71 Nous
475 1306 235 51 avons
756 1287 250 88 pleuré
1055 1287 185 70 dans
1287 1287 104 68 les
1436 1287 171 70 bras
1655 1287 156 68 l'un
1860 1287 91 68 de
1999 1287 289 68 l'autre.

216 1474 96 8 —
353 1448 93 54 Je
486 1436 112 66 dis
642 1435 176 79 cela,
864 1440 76 62 et
983 1455 81 47 ce
1106 1433 192 68 n'est
1338 1451 136 70 pas
1516 1451 217 68 parce
1777 1451 142 68 que
1961 1429 71 90 je
2077 1431 186 68 crois

222 1534 158 87 Que
434 1538 154 68 cela
642 1536 244 90 puisse
940 1540 154 64 être
1149 1534 171 68 bien
1377 1534 180 68 utile

216 1636 188 69 Mais
453 1656 188 68 pour
686 1638 71 67 la
810 1636 354 88 première
1213 1634 140 68 fois
1399 1634 75 88 je
1523 1633 149 67 n'ai
1723 1651 132 70 pas
1905 1653 102 68 pu
2056 1636 232 64 rester
2332 1633 381 69 immobile

219 1738 107 88 (et
378 1738 130 88 j'ai
564 1739 190 68 senti
812 1758 144 68 que
1011 1739 92 66 de
1157 1738 242 86 parler
1452 1734 154 70 cela
1662 1734 250 68 faisait
1970 1734 98 68 du
2124 1734 193 68 bien.

976 1838 159 79 Car,
1186 1838 211 88 après
1442 1841 172 63 tout
1657 1836 71 86 je
1773 1841 190 63 reste
2007 1836 381 68 humain...

217 1939 473 68 Maintenant
744 1959 286 48 comme
1084 1959 102 46 un
1242 1936 262 69 enfant
1557 1936 250 88 purgé,
1865 1936 71 86 je
1988 1956 119 46 me
2161 1954 254 70 repose

219 2039 200 68 Vous
470 2059 91 50 ne
610 2039 505 70 m'entendrez
1167 2039 164 88 plus
1384 2037 240 87 parler
1677 2037 90 66 de
1817 2041 195 62 cette
2065 2037 215 68 chose

978 2139 157 86 Que
1193 2159 189 48 vous
1445 2137 301 88 appelez
1806 2137 71 68 la
1938 2137 306 68 douleur
2298 2176 99 10 —

219 2241 91 66 Je
363 2241 301 69 resterai
718 2242 266 66 obscur
1030 2280 98 8 —
1181 2241 196 67 C'est
1430 2259 122 46 ma
1606 2237 261 88 simple
1917 2237 309 88 pudeur.

217 2340 278 82 Allons,
551 2344 183 68 c'est
790 2342 204 68 fini...
1050 2340 149 70 J'ai
1254 2342 213 87 passé
1518 2359 156 48 mes
1728 2340 196 67 deux
1975 2339 240 68 mains
2266 2359 124 48 sur
2441 2359 154 49 mes
2647 2359 198 70 yeux

979 2442 225 70 Merci
1237 2442 17 68 !
1309 2440 102 70 Ca
1462 2461 100 47 va
1614 2440 168 88 déjà
1834 2440 170 68 bien
2055 2440 252 68 mieux

222 2593 92 68 Je
363 2593 159 69 vais
569 2594 258 67 tâcher
876 2591 254 68 d'aller
1176 2611 166 48 vers
1391 2610 122 47 ma
1562 2589 533 88 philosophie...

226 2694 354 70 Heureux
612 2713 189 69 pour
830 2713 212 59 vous,
1076 2693 388 84 beaucoup
1499 2710 188 69 pour
1716 2691 176 76 moi,
1928 2689 57 66 si
2017 2710 188 47 vous
2239 2708 90 49 ne
2361 2708 432 71 comprenez
2827 2710 137 69 pas
2993 2730 15 8 -

972 2840 226 68 Viens
1257 2838 474 88 excentrique
1792 2838 364 68 Sancho...

972 2942 163 67 Sois
1177 2940 173 88 poli,
1396 2940 112 66 dis
1548 2938 298 68 bonsoir
1887 2940 42 64 à
1972 2957 116 47 ces
2129 2937 252 67 dames

969 3086 335 81 Bonsoir,
1350 3087 388 68 messieurs
1770 3084 15 68 !

1309 3275 97 9 —
1462 3236 374 68 Grimaces
1885 3274 97 8 —

974 3336 200 68 Pour
1221 3356 190 48 vous
1462 3336 384 85 beaucoup
1904 3353 188 68 pour
2124 3333 147 68 moi

969 3438 73 69 Si
1093 3458 188 49 vous
1316 3458 90 48 ne
1458 3455 431 70 comprenez
1941 3455 154 67 pas.

2189 3584 212 66 Jean
2455 3582 435 68 Charazac.
