3304 4767
3048 4533 75 60 31

248 341 396 81 triomphes.
702 338 86 62 Ils
837 337 153 62 font
1040 338 114 62 des
1203 339 188 63 billes
1440 361 163 44 avec
1650 344 63 63 la
1762 348 277 62 matière
2087 349 227 75 fécale,
2365 351 77 61 ils
2488 353 322 81 galopent
2859 354 254 73 dessus,

248 432 80 65 ils
377 431 311 64 fouillent
739 429 276 61 dedans.
1068 431 125 61 Cas
1244 429 150 63 bien
1449 451 218 46 connu
1719 437 112 61 des
1880 441 496 81 neurologistes,
2429 443 78 60 ils
2558 444 415 63 confondent
3020 446 95 61 les

250 524 372 79 déjections
673 539 168 44 avec
890 519 95 62 les
1039 522 437 78 productions
1530 526 88 60 du
1672 546 300 47 cerveau.
2033 532 84 61 Ils
2170 532 364 82 emploient
2583 536 63 62 le
2695 536 220 64 même
2966 541 149 57 mot

250 634 171 63 pour
461 612 307 81 désigner
808 612 178 63 deux
1025 612 232 64 choses
1299 615 404 66 différentes.

419 724 96 62 La
549 722 353 64 confusion
937 722 166 63 c'est
1135 722 154 63 bien
1323 742 73 44 ce
1430 725 115 82 qui
1579 732 388 63 caractérise
1997 734 61 61 le
2090 742 432 58 mouvement
2558 737 299 65 niveleur
2888 741 220 62 Dada.

251 817 55 62 Il
329 834 70 45 se
421 815 171 63 mele
614 813 39 65 à
678 832 107 44 ces
808 813 503 65 substantielles
1333 817 266 62 réalites
1623 820 112 61 des
1758 824 295 62 vélléités
2077 827 543 81 philosophiques
2642 830 468 66 émouvantes.

245 910 128 63 Les
427 923 319 65 penseurs
800 905 90 62 du
942 922 254 64 groupe
1249 913 122 56 ont
1421 910 231 79 acquis
1706 913 81 63 de
1838 915 235 63 solides
2126 918 383 65 certitudes.
2564 922 171 62 Rien
2801 922 310 66 n'existe.

245 1000 184 62 Tout
465 998 176 61 n'est
673 995 499 83 qu'apparence
1210 1001 67 60 et
1313 1001 427 65 convention.
1784 1005 52 61 Il
1870 1006 115 80 n'y
2019 1025 39 44 a
2094 1027 120 61 pas
2251 1010 80 61 de
2366 1011 353 63 différence
2754 1017 188 59 entre
2979 1030 134 46 une

250 1089 171 65 belle
465 1106 233 46 œuvre
742 1093 70 57 et
854 1106 134 44 une
1032 1106 234 46 œuvre
1305 1091 196 63 laide.
1550 1093 169 62 Rien
1765 1096 171 63 n'est
1980 1100 132 59 mal
2156 1105 68 56 et
2266 1101 139 61 rien
2451 1103 173 63 n'est
2666 1103 174 64 bien.
2895 1105 52 62 Il
2993 1105 117 81 n'y

246 1201 43 44 a
322 1199 122 65 pas
482 1181 81 62 de
598 1179 359 64 différence
991 1184 188 59 entre
1215 1199 90 44 un
1342 1184 291 80 complet
1667 1203 112 44 sur
1811 1206 257 46 mesure
2100 1196 70 56 et
2204 1210 88 42 un
2327 1196 154 59 tout
2515 1193 126 62 fait
2669 1196 183 61 Belle
2886 1196 188 63 Jardi-

246 1274 202 73 nière,
480 1277 191 60 entre
698 1291 93 44 un
819 1276 193 59 tacot
1039 1277 69 58 et
1137 1293 130 42 une
1296 1274 169 63 belle
1493 1276 264 64 voiture
1784 1282 427 63 automobile.
2243 1284 259 75 Malins,
2531 1286 79 62 ils
2637 1286 476 83 s'empressent

250 1365 233 63 d'aller
529 1364 379 64 au-devant
954 1365 83 61 de
1079 1365 65 61 la
1191 1365 283 82 critique
1520 1369 203 79 qu'on
1770 1374 298 76 pourrait
2111 1374 142 63 leur
2295 1374 163 64 faire
2500 1377 349 71 aisément,
2896 1377 215 66 d'être

248 1457 352 81 illogiques
624 1457 167 62 dans
815 1455 63 63 la
917 1455 108 63 vie
1059 1462 325 59 courante
1418 1477 163 44 avec
1616 1462 173 61 leurs
1823 1462 198 71 idées,
2045 1484 81 42 en
2160 1465 313 80 ajoutant
2510 1492 24 33 «
2569 1469 336 64 d'ailleurs
2940 1491 171 42 nous

250 1569 169 42 nous
460 1548 464 63 contredisons
961 1548 311 80 toujours
1315 1574 40 39 ».
1404 1550 85 63 Ils
1528 1553 410 63 confondent
1973 1555 424 64 visiblement
2434 1560 166 61 dans
2637 1562 142 61 leur
2813 1565 298 76 système

250 1640 526 81 métaphysique
825 1640 288 62 l'absolu
1167 1658 166 46 avec
1384 1641 61 63 le
1498 1643 221 63 relatif
1770 1646 295 65 humain.
2121 1648 167 63 Mais
2339 1650 43 61 il
2436 1655 103 58 est
2588 1652 385 81 impossible
3027 1653 84 63 de

251 1733 366 63 s'attarder
664 1733 36 61 à
756 1733 117 61 des
924 1731 404 65 discussions
1377 1753 114 43 sur
1540 1753 73 44 ce
1662 1736 210 78 point,
1926 1740 345 79 puisqu'ils
2319 1741 335 65 affirment
2700 1745 411 79 qu'affirmer

253 1828 105 59 est
400 1843 132 42 une
575 1823 255 62 hérésie
871 1828 71 57 et
985 1823 165 81 qu'il
1195 1824 116 80 n'y
1354 1845 39 42 a
1438 1824 138 63 rien
1620 1826 138 63 rien
1801 1828 162 64 rien.

422 1934 376 75 Toutefois,
880 1934 45 63 il
1008 1939 104 60 est
1203 1934 406 82 réjouissant
1682 1938 80 62 de
1838 1941 93 61 les
2014 1941 219 63 suivre
2310 1961 112 44 sur
2490 1945 61 60 le
2617 1946 244 63 terrain
2949 1963 122 63 pro-

253 2026 332 83 pagande.
673 2026 264 64 Jamais
993 2046 90 42 un
1162 2033 446 76 groupement
1686 2029 108 63 n'a
1884 2031 259 79 disposé
2222 2033 82 62 de
2378 2038 154 59 tant
2630 2036 82 61 de
2790 2036 323 81 capitaux

255 2138 172 62 pour
463 2138 81 42 ne
580 2117 142 65 rien
761 2117 161 75 dire,
959 2119 246 80 jamais
1242 2138 90 44 un
1369 2126 442 74 groupement
1846 2141 82 42 ne
1963 2124 158 61 s'est
2155 2127 154 60 tant
2341 2126 223 62 remué
2600 2146 169 61 pour
2805 2127 308 82 pénétrer

251 2210 63 63 le
348 2210 228 82 public
610 2214 71 59 et
715 2229 83 44 ne
832 2210 95 63 lui
961 2215 322 77 apporter
1316 2212 163 64 rien.
1521 2214 183 61 Nous
1740 2232 167 44 nous
1940 2219 392 59 retrouvons
2365 2217 286 63 aussitôt
2683 2237 81 43 en
2805 2219 308 78 présence

260 2302 203 64 d'une
517 2302 513 66 manifestation
1088 2310 359 75 purement
1503 2305 81 63 de
1640 2307 347 63 mentalité
2039 2307 387 81 bourgeoise
2476 2309 83 62 où
2615 2310 65 63 la
2735 2310 231 63 vanité
3022 2312 89 63 du

261 2393 263 63 tréteau
568 2395 357 81 l'emporte
969 2414 114 44 sur
1127 2397 62 61 la
1235 2395 422 66 consistance
1701 2397 81 62 de
1824 2397 195 62 l'idée
2060 2400 39 61 à
2141 2400 315 63 soutenir.
2525 2400 90 63 Ici
2658 2400 45 63 il
2747 2402 117 79 n'y
2906 2420 38 44 a
2993 2420 122 63 pas

253 2486 286 63 l'ombre
593 2486 207 63 d'une
854 2486 522 65 contradiction.
1433 2490 151 62 Une
1636 2490 266 81 logique
1957 2490 284 81 parfaite
2295 2491 205 82 dirige
2551 2491 91 61 les
2695 2510 281 63 moyens
3030 2493 85 63 de

255 2578 310 64 réclame.
631 2580 111 62 Un
808 2576 558 66 déclanchement
1426 2581 492 81 systématique
1977 2585 269 59 ramène
2305 2583 657 81 automatiquement
3020 2585 96 62 les

253 2688 240 46 revues
534 2674 71 58 et
644 2671 95 63 les
781 2671 414 64 sarabandes
1235 2671 369 81 scéniques.
1650 2674 86 63 Ce
1777 2676 152 59 sont
1973 2674 82 61 de
2094 2678 154 57 tons
2287 2674 91 61 les
2419 2674 308 65 humains
2766 2676 95 61 les
2903 2676 212 63 dadas

256 2766 119 78 qui
429 2764 395 80 apprécient
878 2769 57 58 le
991 2767 224 60 mieux
1271 2764 66 63 la
1393 2766 403 62 découverte
1850 2767 81 61 de
1980 2766 468 81 l'imprimerie.
2510 2767 87 63 Ils
2646 2767 376 80 répandent
3076 2769 35 59 à

255 2854 350 81 profusion
636 2856 176 62 leurs
841 2872 238 46 revues
1110 2861 68 57 et
1208 2856 178 62 leurs
1413 2856 218 64 livres.
1670 2857 88 63 Ils
1787 2876 81 42 ne
1897 2857 93 63 les
2019 2857 293 63 vendent
2344 2859 209 80 point,
2583 2857 78 63 ils
2690 2859 93 61 les
2815 2859 301 63 donnent

256 2950 72 60 et
366 2947 80 63 ils
488 2952 122 59 ont
651 2947 66 64 la
758 2947 318 64 manière.
1122 2949 357 64 D'ailleurs
1518 2950 81 63 ils
1640 2950 315 80 s'agitent
1995 2969 121 61 par
2155 2949 299 81 hygiène.
2498 2950 126 65 Car
2661 2967 108 46 ces
2810 2950 305 65 hommes

256 3038 119 80 qui
417 3059 83 44 ne
544 3040 222 63 disent
807 3040 164 75 rien,
1015 3040 164 75 rien,
1223 3042 143 62 rien
1408 3047 122 57 ont
1569 3042 64 64 la
1675 3047 253 57 terreur
1968 3042 87 62 du
2099 3040 259 64 silence.
2407 3040 85 64 Ils
2534 3060 81 44 ne
2654 3045 302 78 peuvent
2995 3060 123 63 pas

256 3130 192 64 vivre
483 3132 197 64 seuls.
727 3132 87 64 Ils
849 3132 437 64 recherchent
1322 3133 62 63 la
1421 3133 180 63 foule
1636 3133 166 63 dans
1838 3133 281 80 laquelle
2155 3132 76 62 ils
2265 3133 274 63 croient.
2583 3132 88 64 Ils
2705 3137 157 59 sont
2898 3133 32 60 à
2971 3133 147 82 plat

255 3228 240 58 ventre
522 3225 259 62 devant
808 3225 121 64 elle
957 3243 88 44 ou
1071 3225 81 62 ils
1178 3243 69 44 se
1272 3225 249 64 livrent
1548 3226 38 61 à
1613 3228 223 61 toutes
1863 3225 92 62 les
1982 3225 488 62 bouffonneries
2498 3242 166 61 pour
2688 3225 95 61 lui
2808 3225 312 64 arracher

260 3316 117 63 des
410 3316 236 64 sifflets
681 3336 90 46 ou
810 3318 115 62 des
959 3323 395 59 invectives.
1388 3320 86 60 Ils
1508 3320 62 62 la
1609 3318 315 64 convient
1957 3318 38 62 à
2029 3318 175 61 leurs
2226 3316 538 64 manifestations
2788 3321 71 58 et
2891 3335 75 45 ce
3001 3316 119 81 qui

256 3413 104 57 est
410 3408 151 81 plus
609 3409 277 82 étrange
934 3414 179 58 cette
1135 3409 183 65 foule
1340 3411 190 61 vient
1555 3414 65 58 et
1643 3411 142 61 leur
1807 3408 200 64 obéit.
2043 3408 406 81 Lorsqu'elle
2487 3426 67 46 se
2595 3409 295 80 disperse
2925 3409 197 80 après

256 3501 68 64 la
365 3501 259 74 séance,
666 3502 97 65 les
807 3502 213 65 dadas
1061 3521 69 46 se
1169 3502 291 65 frottent
1499 3504 93 61 les
1633 3502 213 63 mains
1887 3506 68 57 et
1997 3501 219 62 disent
2256 3524 24 34 «
2319 3501 208 81 grand
2569 3502 226 61 succès
2837 3524 46 39 ».
2927 3502 195 63 Cette

258 3594 185 62 foule
537 3599 105 59 est
739 3596 354 81 composée
1195 3596 81 62 de
1352 3596 274 62 curieux
1728 3599 69 59 et
1896 3594 389 62 d'éléments
2382 3592 497 63 boulevardiers
2986 3594 137 61 très

256 3685 349 82 parisiens,
651 3687 288 64 arbitres
983 3689 117 61 des
1142 3689 234 62 modes
1416 3687 386 81 artistiques
1845 3704 167 63 pour
2053 3684 274 62 milieux
2368 3684 220 62 snobs.
2634 3684 122 64 Ces
2796 3684 326 66 éléments

255 3783 159 58 sont
448 3799 84 44 en
568 3778 207 83 quête
812 3780 83 63 de
927 3780 66 63 la
1032 3804 24 34 «
1091 3780 307 64 tendance
1432 3780 293 63 moderne
1760 3804 42 37 ».
1841 3778 97 63 La
1975 3794 163 64 peur
2173 3777 83 62 de
2290 3795 81 43 ne
2409 3777 149 74 plus
2592 3773 142 65 être
2769 3775 356 63 modernes

258 3870 97 64 les
397 3872 276 62 tenaille
717 3877 71 59 et
827 3873 81 63 ils
952 3873 478 82 s'interrogent
1474 3872 510 62 mutuellement
2024 3887 173 64 pour
2238 3868 230 63 savoir
2509 3885 72 46 ce
2605 3866 198 82 qu'ils
2846 3866 279 63 doivent

256 3961 188 65 faire.
495 3963 214 78 Qu'ils
753 3983 71 46 se
864 3970 347 57 rassurent
1254 3970 71 57 et
1369 3963 198 83 qu'ils
1613 3960 437 66 enfourchent
2092 3960 196 62 Dada
2331 3977 154 45 sans
2529 3960 149 79 plus
2720 3956 249 65 hésiter
3011 3975 114 46 car

258 4054 198 65 Dada
499 4061 105 59 est
644 4059 342 73 moderne,
1030 4058 56 62 si
1128 4076 124 65 par
1291 4076 75 44 ce
1404 4061 148 59 mot
1591 4056 44 63 il
1677 4056 149 63 faut
1865 4053 320 64 entendre
2224 4051 66 63 la
2329 4049 252 83 grande
2620 4049 369 65 attraction
3032 4049 91 65 du

263 4146 175 81 jour,
463 4149 63 61 le
571 4173 29 34 «
646 4154 195 77 great
888 4154 205 60 event
1140 4149 70 65 of
1255 4149 119 65 the
1418 4166 234 46 season
1701 4171 44 38 ».

431 4261 59 63 A
531 4261 152 64 côté
727 4261 117 64 des
885 4261 398 64 fondateurs
1325 4261 90 64 du
1457 4258 362 72 dadaisme,
1863 4256 94 64 les
1995 4254 175 65 seuls
2209 4253 117 83 qui
2368 4253 218 64 soient
2620 4251 302 85 logiques
2959 4268 166 47 avec

260 4352 418 66 eux-mêmes
725 4359 70 59 et
844 4356 168 64 dont
1057 4356 63 62 le
1164 4373 115 45 cas
1322 4352 237 66 mérite
1604 4351 359 73 attention,
2011 4352 157 60 sont
2211 4364 250 48 venues
2505 4364 70 46 se
2617 4363 239 64 ranger
2898 4347 229 63 toutes
