3304 4767
2989 4475 77 55 53

275 369 530 65 fondamentales
852 388 66 42 se
967 368 312 71 forment,
1330 386 127 43 une
1504 369 284 61 certaine
1834 371 295 73 humeur,
2181 390 87 42 un
2315 371 247 61 certain
2610 371 144 61 état
2801 368 275 79 d'esprit

273 467 154 58 sont
468 461 174 62 créés
679 496 87 7 -—
803 461 58 57 le
901 459 125 59 but
1067 459 80 59 de
1186 459 154 59 l'art
1379 462 101 56 est
1518 461 240 59 atteint
1805 461 121 78 (*).
1970 461 105 62 Un
2117 462 281 78 portrait
2439 462 79 60 de
2556 461 289 61 Matisse.
2889 461 186 59 Dans

275 572 128 43 une
434 550 183 61 vraie
649 549 398 61 civilisation
1079 549 85 59 où
1196 549 59 59 le
1286 549 267 61 tableau
1585 569 82 41 ne
1697 552 196 59 serait
1924 552 66 59 ni
2036 571 127 42 une
2191 556 175 55 sorte
2398 552 80 59 de
2520 552 208 78 grand
2774 550 302 78 seigneur

270 644 37 59 à
337 642 351 61 audiences
718 638 66 60 ni
825 638 207 60 l'hôte
1074 638 452 72 encombrant,
1558 638 329 78 président
1917 642 78 59 de
2022 659 119 42 son
2169 642 192 61 cadre
2393 640 284 61 définitif
2705 659 133 42 aux
2867 638 208 61 situa<-

273 733 173 60 tions
485 730 115 80 qui
640 730 85 59 lui
766 733 154 56 sont
955 730 60 59 le
1052 730 145 76 plus
1235 728 391 80 étrangères,
1667 730 160 61 dans
1863 750 88 41 un
1990 732 183 71 Etat,
2213 732 163 61 dans
2412 750 89 41 un
2537 730 311 61 intérieur
2886 745 149 61 orga-

271 821 171 61 nisés
493 821 81 61 où
625 820 266 76 l'image
935 855 83 7 —
1065 818 342 78 guerrière,
1457 818 355 80 religieuse,
1861 821 347 78 pastorale,
2258 821 294 77 érotique
2598 857 85 7 —
2728 818 344 61 existerait

271 933 80 41 en
386 909 300 63 fonction
723 909 82 60 de
837 908 261 62 besoins
1130 909 161 60 réels
1324 913 68 56 et
1426 909 410 72 déterminés,
1870 911 57 59 le
1959 911 282 78 portrait
2274 911 78 61 de
2385 911 267 59 Matisse
2684 909 200 61 serait
2916 928 116 41 con-

271 1003 181 62 sacré
496 1003 33 59 à
581 1019 88 43 un
713 1001 178 61 culte
932 999 274 61 familial
1253 1001 78 59 de
1379 999 332 63 tendresse
1753 1001 427 79 domestique.
2225 1003 215 59 D'une
2488 1001 203 78 figure
2732 999 340 78 religieuse

270 1094 45 61 il
359 1113 39 40 a
447 1092 148 60 bien
645 1092 58 60 le
749 1092 330 60 caractère
1128 1089 645 63 d'indétermination
1819 1092 322 78 physique
2185 1096 66 56 et
2296 1091 453 61 d'universelle
2793 1089 274 78 qualité.

271 1185 269 61 Comme
578 1180 279 61 i'artiste
891 1201 37 40 a
964 1199 74 42 su
1076 1197 164 44 nous
1274 1180 161 61 faire
1467 1180 61 61 la
1563 1182 371 61 concession
1971 1182 78 59 de
2083 1201 115 40 son
2232 1182 234 59 silence
2500 1182 189 78 après
2725 1179 184 61 avoir
2945 1179 122 69 dit,

270 1292 159 42 avec
461 1290 129 43 une
620 1270 344 61 définitive
989 1270 295 71 fermeté,
1313 1273 150 56 tout
1492 1289 73 42 ce
1590 1272 156 76 qu'il
1777 1272 166 61 était
1966 1272 366 78 important
2359 1272 80 59 de
2466 1270 135 61 dire
2628 1273 12 58 !
2674 1270 90 59 Le
2793 1287 276 59 masque

271 1363 80 59 de
383 1365 61 57 la
481 1363 288 58 douceur
798 1360 332 61 attentive
1162 1363 68 56 et
1262 1358 210 61 fidèle.
1507 1360 170 62 C'est
1711 1363 166 58 tout.
1915 1360 171 62 C'est
2117 1378 198 43 assez.
2356 1360 49 59 Il
2437 1358 195 80 s'agit
2664 1360 78 59 de
2772 1377 248 40 commu-

271 1453 234 78 niquer
546 1470 84 42 au
676 1451 212 70 fidèle,
935 1468 151 43 sans
1128 1450 403 77 compliquer
1570 1468 100 43 ses
1711 1451 381 78 problèmes,
2136 1468 147 43 sans
2324 1448 362 61 introduire
2725 1467 79 40 en
2847 1467 68 40 sa
2962 1446 105 61 vie

273 1563 86 41 un
424 1560 304 42 nouveau
791 1555 406 64 personnage
1253 1539 254 71 inutile,
1567 1539 61 63 la
1689 1539 528 80 compréhensive
2274 1538 290 61 émotion
2625 1539 80 58 de
2760 1538 304 69 l'artiste,

270 1634 44 59 il
351 1632 196 80 s'agit
585 1634 79 59 de
698 1632 61 61 le
791 1632 342 78 replonger
1170 1632 163 60 dans
1369 1632 60 58 la
1467 1649 216 61 nappe
1717 1631 400 61 souterraine
2151 1636 66 54 et
2254 1631 217 59 divine
2506 1629 105 71 où,
2652 1627 229 80 depuis
2918 1632 111 55 tou-

276 1726 197 77 jours,
529 1724 186 59 coule
764 1726 174 57 cette
989 1721 291 60 émotion
1333 1722 164 59 dont
1545 1722 89 59 les
1685 1721 344 71 créatures,
2081 1739 78 41 en
2208 1721 138 59 leur
2395 1736 364 62 apparence
2808 1717 256 70 visible,

271 1832 80 43 ne
403 1817 173 68 sont,
630 1814 39 61 à
718 1815 258 58 travers
1026 1812 92 59 les
1169 1812 171 78 âges,
1407 1829 129 61 que
1584 1812 62 59 la
1699 1812 355 59 décevante
2105 1810 591 78 phosphorescente
2745 1809 203 57 lueur.
3013 1807 52 59 Il

271 1905 195 76 s'agit
502 1903 77 61 de
612 1903 59 61 le
701 1907 242 57 mettre
976 1920 79 43 en
1089 1905 269 58 contact
1387 1919 161 42 avec
1577 1900 276 61 l'intime
1883 1900 224 63 réalité
2141 1900 110 59 des
2281 1898 186 61 êtres.
2505 1897 188 61 Aussi
2728 1898 114 58 nul
2874 1897 193 59 reflet

273 1995 80 59 de
403 1993 432 80 quotidienne
884 1991 344 61 humanité
1280 1991 161 60 dans
1492 2008 103 43 ces
1645 2010 174 59 yeux
1863 2027 85 7 —
1995 1990 202 69 effroi,
2249 1990 515 64 contentement,
2815 1985 214 78 suppli-

271 2085 242 71 cation,
562 2083 170 61 désir
771 2118 84 9 —
898 2083 174 61 nulle
1115 2081 313 61 inflexion
1472 2080 411 79 particulière
1926 2081 160 59 dans
2127 2083 173 56 cette
2339 2078 274 69 bouche,
2655 2076 138 61 rien
2835 2095 129 57 que
3004 2076 61 58 le

270 2174 164 61 trait
483 2174 79 61 de
612 2173 406 71 distinction,
1069 2173 113 78 qui
1230 2191 79 41 en
1357 2171 345 61 sous-tend
1751 2171 90 59 les
1887 2171 223 59 modes
2137 2191 16 48 ;
2202 2169 59 60 le
2307 2171 313 66 costume,
2671 2164 304 78 simplifié
3025 2164 39 59 à

270 2264 345 61 l'extrême
666 2264 171 61 n'est
888 2281 118 61 pas
1057 2262 159 61 d'un
1265 2266 237 73 temps,
1556 2262 158 60 d'un
1765 2259 327 61 couturier
2141 2295 79 6 —
2266 2257 135 61 rien
2451 2257 245 77 qu'une
2747 2254 282 61 architec-

273 2361 147 54 ture
464 2356 80 59 de
588 2354 286 61 surfaces
918 2354 290 61 sombres
1252 2357 66 56 et
1360 2352 78 59 de
1480 2356 495 74 transparences
2004 2371 13 47 ;
2064 2347 177 80 prêts
2280 2349 38 59 à
2359 2350 219 56 toutes
2618 2345 92 60 les
2752 2342 279 61 bienveil-

270 2445 215 60 lantes
520 2444 346 71 attitudes,
901 2444 92 59 les
1026 2442 153 61 bras
1214 2461 80 40 ne
1330 2445 321 75 prennent
1685 2459 117 59 pas
1838 2437 455 62 d'attitudes...
2329 2435 166 61 Rien
2532 2435 79 59 de
2642 2432 422 78 temporaire,

271 2535 137 59 rien
466 2535 80 59 de
600 2549 327 64 passager,
981 2532 345 61 l'essentiel
1384 2535 98 56 est
1536 2530 117 61 dit.
1711 2528 218 61 L'idée
1983 2525 407 63 d'humanité
2440 2523 243 61 semble
2735 2521 256 61 écartée
3045 2542 15 39 :

271 2626 119 60 elle
434 2630 100 56 est
574 2626 60 60 là
678 2630 152 56 tout
874 2625 264 67 entière,
1184 2623 36 59 à
1264 2640 162 42 nous
1470 2621 147 60 d'en
1665 2620 269 79 prendre
1976 2616 381 80 possession.
2403 2616 54 58 A
2500 2632 164 42 nous
2706 2613 356 69 d'amener,

271 2735 120 59 par
429 2716 245 59 l'effort
715 2716 79 59 de
832 2716 57 58 la
935 2713 208 79 prière
1184 2711 357 61 l'intuition
1578 2711 359 61 lentement
1976 2706 317 63 assimilée
2330 2706 38 59 à
2407 2704 243 60 l'heure
2691 2703 80 59 de
2811 2703 60 59 la
2911 2720 115 40 con-

271 2806 418 76 templation,
735 2806 37 59 à
816 2823 165 42 nous
1026 2804 78 60 de
1145 2804 63 60 la
1250 2801 308 61 conduire
1601 2801 35 61 à
1678 2801 58 59 la
1780 2799 269 59 lumière
2090 2797 78 60 de
2208 2796 276 78 l'espace
2525 2811 110 41 sur
2674 2792 139 60 leur
2854 2789 211 61 vérité

271 2896 366 61 essentielle
679 2933 70 7 —
781 2896 296 59 devenue
1108 2896 186 57 nôtre
1323 2928 81 7 —
1438 2892 108 58 des
1578 2891 326 59 créatures
1934 2889 176 57 selon
2141 2887 61 59 la
2234 2884 196 71 chair,
2466 2884 35 59 à
2535 2901 163 40 nous
2732 2882 79 58 de
2840 2897 187 43 recon-

273 2987 215 59 naître
522 2985 47 60 si
608 2984 403 67 rencontrée,
1047 2984 62 59 la
1142 2982 240 61 femme
1414 2980 153 60 chez
1616 2979 112 78 qui
1772 2975 394 78 resplendira
2222 2975 80 58 de
2352 2970 381 61 maternelle
2777 2970 288 59 douceur

273 3075 415 80 inspiratrice
722 3079 64 57 et
847 3075 80 59 de
979 3073 88 60 lui
1104 3072 342 79 répondre,
1484 3087 149 44 sans
1682 3085 188 53 errer,
1909 3084 162 61 pour
2124 3063 184 61 avoir
2359 3080 54 41 si
2467 3062 151 57 bien
2672 3077 214 42 connu
2943 3075 121 43 son

273 3167 168 69 âme,
485 3184 162 42 avec
684 3167 92 59 les
815 3165 255 78 parloes
1104 3167 66 57 et
1192 3163 90 60 les
1321 3165 213 73 gestes
1572 3158 113 80 qui
1722 3156 458 68 conviennent,
2222 3153 36 61 à
2298 3168 163 44 nous
2501 3151 78 58 de
2618 3148 347 78 reprendre
3006 3150 58 56 le

275 3258 332 58 flambeau
651 3260 66 56 et
757 3256 83 60 de
876 3255 233 61 refaire
1147 3272 128 40 une
1313 3270 227 42 œuvre
1578 3250 188 61 d'art.

443 3682 91 59 Le
581 3680 353 61 dilettante
978 3681 67 56 et
1088 3695 116 42 son
1250 3671 285 82 produit,
1580 3671 59 57 le
1682 3665 377 69 marchand,
2104 3664 59 58 le
2206 3660 276 77 critique
2524 3661 66 58 et
2635 3676 117 41 son
2798 3654 268 78 produit

273 3773 112 74 (ou
425 3772 131 59 vice
593 3780 223 68 versa),
856 3770 61 58 le
954 3765 221 81 public
1214 3767 298 58 amateur
1550 3763 117 57 ont
1705 3758 224 77 perdu,
1970 3754 434 66 absolument,
2444 3749 60 58 le
2542 3745 278 80 pouvoir
2860 3765 35 38 a
2930 3744 125 76 agii

274 3881 83 41 au
402 3863 269 58 rvthme
713 3860 82 60 de
837 3859 197 61 l'art;
1081 3857 77 59 ils
1200 3853 346 79 regardent
1591 3870 14 40 :
1653 3867 81 41 on
1778 3848 90 57 les
1911 3844 140 59 voit
2094 3861 30 40 s
2152 3842 289 59 esclaffer
2484 3854 192 61 paice
2720 3853 126 59 que
2891 3837 176 55 cette

277 3952 207 78 figure
524 3956 99 55 est
665 3951 178 59 drôle
884 3973 24 31 «
948 3947 112 78 qui
1100 3947 108 59 n'a
1246 3941 235 81 jamais
1520 3940 103 59 été
1663 3953 251 44 comme
1953 3952 73 57 ça
2066 3956 22 26 v
2130 3951 83 40 ou
2255 3949 28 41 s
2312 3927 512 62 enthousisamer
2871 3941 194 60 parce

276 4042 237 76 qu'elle
561 4041 213 70 flatte,
826 4058 78 42 en
953 4057 68 41 sa
1072 4032 457 69 déformation,
1577 4030 137 58 leur
1759 4024 222 61 besoin
2031 4022 79 59 de
2156 4018 399 79 singularité.

441 4133 153 57 Aux
624 4132 183 78 jours
839 4127 312 62 lointains
1186 4125 81 60 où
1301 4123 152 59 l'art
1484 4115 393 81 imprégnait
1911 4114 80 59 de
2022 4111 239 61 beauté
2295 4111 89 57 les
2419 4106 341 61 ustensiles
2794 4106 89 56 les
2920 4104 147 76 plus

274 4240 344 41 communs
661 4222 80 58 de
778 4221 64 58 la
882 4218 106 61 vie
1031 4218 78 60 de
1150 4216 251 76 chaque
1439 4212 148 77 jour
1627 4227 77 40 en
1746 4204 210 61 même
1996 4207 214 72 temps
2251 4218 88 59 qu
2369 4199 38 57 il
2453 4195 332 62 soutenait
2825 4195 89 57 les
2958 4192 71 59 dé-

274 4312 299 60 marches
622 4312 91 60 les
760 4311 147 77 plus
957 4306 247 62 élevées
1258 4305 77 59 de
1384 4304 61 57 la
1496 4300 104 60 vie
1649 4295 376 80 spirituelle,
2076 4293 61 58 la
2189 4291 206 59 forme
2459 4287 162 59 était
2694 4282 373 63 considérée
