3304 4767
3001 4585 77 56 47

211 320 114 61 des
374 315 357 83 systèmes.
785 312 95 63 Et
928 315 184 61 aussi
1161 336 87 44 on
1297 322 379 68 tranforma
1723 347 78 44 en
1852 334 296 69 doctrine
2198 342 111 65 des
2353 344 273 85 blagues
2675 352 81 63 de
2802 354 159 63 salle
3010 352 85 63 de

206 410 229 85 garde,
487 405 121 85 qui
660 405 364 83 perdaient
1070 408 174 65 ainsi
1292 412 145 64 leur
1485 417 277 68 drôlerie
1810 430 68 58 et
1922 429 140 64 leur
2108 454 167 46 sens.
2328 439 91 63 Et
2465 444 176 61 aussi
2692 464 85 44 on
2826 446 267 78 prenait

210 508 167 61 dans
408 522 134 44 une
570 502 271 82 époque
872 520 88 44 ou
994 502 169 64 dans
1195 525 132 44 une
1358 508 401 71 civilisation
1786 518 352 73 lointaines
2169 530 112 63 des
2309 532 244 66 formes
2582 540 68 60 et
2680 540 114 61 des
2822 546 270 76 aspects

208 598 139 85 qui,
404 615 126 64 par
580 595 260 62 l'effort
894 595 84 62 de
1029 596 525 85 l'éloignement,
1610 608 381 71 simulaient
2038 620 295 68 l'éternel
2387 632 68 57 et
2502 629 61 62 le
2616 630 308 66 définitif.
2983 634 107 62 On

210 693 189 68 avait
492 689 160 65 bien
743 689 230 65 raison
1068 691 285 68 d'aimer
1475 700 94 64 les
1668 708 257 64 statues
2038 717 229 79 nègres
2387 725 68 59 et
2570 725 92 63 les
2767 744 323 64 gravures

216 791 82 61 de
381 786 189 64 1840.
653 783 176 66 Mais
907 784 49 63 il
1033 784 223 66 fallait
1331 791 96 63 les
1505 794 210 66 aimer
1790 822 167 61 pour
2032 810 431 67 elles-mêmes
2540 822 67 57 et
2682 838 134 45 non
2895 820 195 81 point

208 903 80 44 en
325 881 150 62 tirei
525 879 116 63 des
677 877 334 65 tableaux
1046 884 407 80 composites
1486 889 180 80 (sens
1700 911 84 46 ou
1817 894 22 63 1
1866 915 86 45 on
1986 905 244 60 entend
2265 923 71 46 ce
2369 913 144 58 mot
2548 911 166 63 dans
2746 913 63 63 la
2844 915 203 79 photo-

208 976 332 86 graphie).

379 1065 369 68 Vlaminck
796 1067 230 64 aurait
1072 1089 91 63 pu
1210 1070 241 67 fonder
1495 1098 130 44 une
1668 1082 177 65 école
1891 1089 66 58 et
2003 1106 212 47 même
2260 1094 322 80 plusieurs
2624 1099 232 73 écoles,
2905 1101 182 61 aussi

206 1165 154 65 bien
398 1164 216 83 qu'un
653 1165 219 60 autre.
906 1162 372 86 Beaucoup
1312 1169 230 64 mieux
1576 1174 208 79 qu'un
1820 1184 210 59 autre.
2067 1184 388 81 Cependant
2487 1187 236 78 même,
2760 1192 100 63 s'il
2895 1194 192 63 avait

208 1258 232 73 voulu,
496 1257 298 81 quelque
848 1255 203 66 chose
1100 1258 95 63 lui
1248 1264 225 62 aurait
1522 1270 293 80 manqué
1867 1294 14 41 :
1933 1274 60 62 le
2044 1275 435 82 pédantisme.
2531 1284 229 62 Mieux
2811 1304 128 63 que
2990 1289 95 59 les

206 1353 281 65 ardents
516 1350 469 83 dialectiques,
1017 1353 44 61 il
1090 1357 227 62 aurait
1341 1357 294 79 inventé,
1668 1363 99 63 s'il
1796 1372 114 56 eut
1939 1368 235 83 daigné
2199 1392 68 43 se
2294 1379 347 61 contenter
2668 1379 80 62 de
2775 1380 305 82 prendre,

206 1448 85 63 ici
328 1467 87 42 ou
452 1446 88 75 là,
582 1463 269 44 comme
887 1465 83 42 en
1009 1467 134 44 une
1178 1457 369 76 mosaïque,
1590 1455 113 63 des
1739 1477 357 47 morceaux
2132 1465 84 63 où
2253 1467 149 81 déjà
2440 1468 223 65 s'était
2699 1472 386 64 cristallisée

205 1545 64 61 la
304 1540 375 64 sensibilité
718 1540 115 62 des
868 1545 254 61 autres.
1161 1543 168 78 Quel
1363 1545 174 66 beau
1571 1553 291 76 système
1894 1553 45 63 il
1989 1560 115 57 eut
2157 1556 142 65 bâti
2347 1562 79 60 de
2479 1582 103 42 ces
2634 1567 326 78 systèmes
2993 1567 89 61 où

206 1636 330 64 l'humour
569 1638 71 59 et
674 1634 66 63 la
774 1634 531 85 métaphysique
1353 1658 69 44 se
1468 1643 384 64 combinent
1915 1653 68 58 et
2027 1668 66 44 se
2140 1651 252 76 dosent,
2430 1656 123 61 tels
2601 1656 160 80 qu'il
2809 1678 81 41 en
2938 1660 147 61 naît

208 1733 168 62 dans
421 1731 65 63 la
535 1729 154 83 plus
736 1729 530 85 métaphysique
1304 1736 115 61 des
1456 1739 477 82 atmosphères,
1988 1744 189 63 celles
2237 1746 111 63 des
2387 1748 173 64 cafés
2614 1770 88 42 un
2763 1772 127 60 peu
2933 1751 150 81 plus

206 1826 154 62 tard
401 1843 134 64 que
572 1822 276 77 minuit,
890 1824 129 63 tels
1058 1844 134 63 que
1227 1827 95 63 les
1364 1829 334 83 adoptent
1757 1834 92 61 les
1886 1836 229 79 jeunes
2165 1854 158 65 gens
2364 1841 179 63 oisifs
2602 1843 117 81 qui
2760 1843 323 64 viennent

243 1921 39 62 à
323 1917 193 66 Paris
560 1921 70 60 et
670 1917 158 64 font
870 1919 81 62 de
992 1921 66 62 la
1100 1921 312 81 peinture
1449 1943 259 45 comme
1776 1926 78 64 ils
1908 1927 308 66 faisaient
2269 1934 284 73 enfants,
2612 1936 114 62 des
2782 1936 264 62 décalco-

206 2012 280 66 manies.

381 2117 139 63 J'ai
564 2115 94 65 bu
706 2117 93 63 du
845 2117 147 63 café
1017 2137 166 44 avec
1226 2120 379 77 Vlaminck,
1635 2124 165 62 dans
1844 2146 128 42 une
2016 2127 80 63 de
2138 2146 102 44 ces
2282 2129 298 62 terribles
2621 2134 212 59 tasses
2873 2132 207 63 Louis

205 2212 337 81 Philippe,
580 2210 334 64 horribles
951 2217 71 57 et
1060 2213 450 77 charmantes,
1551 2235 81 43 en
1671 2219 369 79 porcelaine
2077 2239 71 44 or
2203 2222 318 74 chocolat,
2563 2224 168 62 dont
2765 2225 64 61 la
2865 2224 215 62 forme

206 2312 104 57 est
340 2308 164 61 d'un
535 2307 210 62 Louis
775 2307 154 74 XV,
963 2307 225 64 écrasé
1217 2329 124 62 par
1366 2310 93 63 les
1491 2310 221 83 doigts
1742 2313 159 63 d'un
1932 2315 255 63 notoire
2215 2335 84 44 ou
2330 2317 157 62 d'un
2518 2317 144 81 pair
2690 2318 82 61 de
2799 2318 277 63 France.

206 2400 351 83 Pourquoi
601 2401 178 61 donc
823 2400 376 66 n'aurait-il
1243 2423 120 61 pas
1409 2405 143 62 créé
1593 2405 227 64 l'école
1864 2407 80 62 de
1983 2408 121 63 l'or
2145 2410 318 61 chocolat.
2511 2412 100 61 Ne
2651 2415 429 58 sentez-vous

208 2515 120 63 pas
362 2496 64 61 la
462 2495 295 62 richesse
789 2511 210 65 grave
1034 2496 82 61 de
1148 2496 66 63 la
1246 2515 288 64 gamme.
1573 2498 93 63 Et
1698 2500 344 62 n'eut-elle
2072 2520 119 63 pas
2225 2503 154 61 valu
2411 2503 64 61 la
2526 2518 263 65 gamme
2853 2503 227 63 érable

206 2589 117 83 qui
362 2589 393 82 longtemps
797 2610 39 44 a
878 2591 197 61 servi.
1122 2591 93 63 Et
1256 2610 73 45 ce
1368 2593 247 62 monde
1656 2593 113 62 des
1810 2613 423 63 apparences,
2274 2596 62 63 la
2377 2600 235 59 nature
2651 2596 298 73 naturée,
2993 2615 87 42 ne

208 2705 83 42 ne
342 2684 470 83 pourrait-elle
863 2703 122 62 pas
1036 2705 71 42 se
1153 2689 391 80 transposer
1593 2706 80 43 en
1725 2706 73 43 or
1847 2688 322 62 chocolat.

379 2788 367 62 Vlaminck
777 2786 178 64 aime
970 2788 95 62 les
1095 2789 325 63 tableaux
1449 2789 173 63 naïfs
1652 2791 82 61 de
1762 2808 168 44 ceux
1957 2789 115 81 qui
2101 2791 190 63 n'ont
2320 2810 116 62 pas
2465 2789 222 83 appris
2716 2789 39 63 à
2778 2788 300 82 peindre*

211 2882 55 63 Il
303 2882 134 65 sait
460 2882 361 65 découvrir
843 2882 157 63 bien
1028 2882 113 63 des
1165 2884 374 75 Rousseau,
1563 2903 130 62 que
1715 2884 91 63 les
1828 2884 393 63 théoriciens
2245 2886 88 62 du
2357 2884 721 63 néo-Rousseaunisme

206 2997 83 43 ne
340 2975 593 83 remarqueraient
983 2997 143 61 pas,
1183 2996 200 64 parce
1434 2977 196 81 qu'ils
1683 2977 313 83 peignent
2045 2981 385 59 naïvement
2479 2977 37 63 à
2565 2979 144 59 leur
2756 2975 317 72 manière,

206 3089 156 46 sans
387 3072 356 63 connaître
765 3091 227 42 aucun
1017 3072 261 81 dogme,
1300 3070 219 63 même
1541 3072 59 61 le
1620 3070 236 82 dogme
1878 3070 362 63 Rousseau.
2275 3069 353 64 Vlaminck
2651 3069 134 61 m'a
2811 3067 267 63 montré

210 3167 113 61 des
379 3167 369 62 danseuses
802 3167 83 61 de
936 3165 405 64 cauchemar
1390 3167 350 62 entourées
1791 3165 80 63 de
1918 3163 198 63 fleurs
2167 3163 493 82 pestilentielles
2711 3182 81 42 en
2844 3160 234 81 papier

206 3262 498 62 tue-mouches.
765 3262 107 61 Ah
902 3262 14 61 !
975 3260 232 63 l'école
1261 3260 81 61 de
1393 3260 65 63 la
1512 3260 167 61 fleur
1732 3258 477 82 pestilentielle,
2267 3275 127 44 une
2445 3255 484 81 transposition
2985 3255 90 61 du

205 3355 252 62 monde
497 3373 160 46 sous
699 3356 95 61 les
836 3356 271 80 espèces
1149 3355 92 62 du
1283 3353 232 83 papier
1558 3351 279 75 dentelé,
1879 3350 469 73 accordéonné,
2391 3346 306 83 tuyauté,
2743 3346 330 82 perforé...

377 3458 368 64 Vlaminck
784 3460 139 61 m'a
960 3458 271 63 montré
1268 3456 178 65 aussi
1483 3477 90 40 un
1612 3456 269 63 tableau
1918 3453 188 81 peint
2140 3472 147 42 vers
2330 3451 161 63 1840
2529 3468 121 63 par
2685 3468 92 43 un
2814 3448 262 81 peintre

206 3553 364 63 ambulant
618 3553 118 81 qui
784 3578 25 32 «
853 3553 195 63 tirait
1092 3577 24 33 »
1160 3553 94 61 les
1300 3551 288 63 artisans
1634 3555 67 57 et
1742 3551 92 59 les
1878 3548 293 61 fermiers
2216 3546 36 61 à
2298 3544 164 73 l'air,
2509 3563 81 42 en
2636 3546 303 58 costume
2985 3541 90 61 du

208 3646 379 63 dimanche.
635 3648 89 64 Ce
762 3648 279 61 tableau
1080 3646 383 81 représente
1498 3644 61 61 le
1598 3644 171 80 père,
1808 3641 63 63 la
1908 3643 178 59 mère
2123 3643 66 57 et
2226 3639 61 60 la
2330 3636 208 81 petite
2579 3634 132 61 fille
2746 3634 115 80 qui
2900 3632 178 61 tient

206 3741 37 61 à
272 3741 65 63 la
355 3741 188 63 main
558 3761 134 43 une
721 3759 169 46 rose.
917 3741 95 61 Le
1043 3739 271 65 charme
1342 3758 82 42 en
1453 3741 103 57 est
1581 3736 242 81 ingénu
1852 3737 68 60 et
1944 3749 221 66 grave.
2193 3732 149 63 Cela
2372 3729 125 63 fait
2519 3746 234 63 penser
2780 3727 39 61 à
2844 3726 194 64 Velas-

205 3853 171 62 quez
408 3839 69 59 et
509 3837 39 61 à
586 3836 330 64 Cézanne.
951 3834 193 63 Ainsi
1175 3832 310 65 auraient
1517 3831 186 81 peint
1749 3827 366 80 Velasquez
2147 3829 68 57 et
2260 3824 319 69 Cézanne,
2614 3820 134 61 s'ils
2799 3817 279 64 avaient

205 3929 106 62 été
355 3929 278 64 forains.
679 3929 435 64 Vlaminck...
1160 3947 133 61 que
1336 3927 431 61 n'avez-vous
1806 3919 273 64 inventé
2118 3915 479 83 l'ingénuisme,
2640 3912 228 63 l'école
2912 3912 41 59 d
2983 3929 92 44 un

205 4025 359 63 Rousseau
623 4025 164 63 frais
821 4025 173 82 puis,
1061 4024 161 61 d'un
1283 4022 349 63 Rousseau
1691 4012 402 83 champêtre.

377 4129 88 61 Je
509 4147 85 44 ne
640 4147 184 44 veux
870 4147 124 61 pas
1036 4125 328 83 imaginer
1410 4122 293 63 d'autres
1747 4118 322 82 systèmes
2115 4134 83 42 ou
2245 4113 293 61 d'autres
2584 4107 316 62 formules
2943 4105 99 61 ins-

205 4222 176 79 pirés
431 4223 207 63 d'une
689 4222 372 64 sensibilité
1114 4222 330 79 d'époque
1493 4237 85 42 ou
1629 4215 159 63 d'un
1837 4210 201 64 détail
2089 4208 80 61 de
2218 4205 300 83 procédé.
2570 4205 34 61 J
2643 4200 218 64 aurais
2910 4217 166 62 peur

205 4334 130 62 que
387 4337 124 61 par
562 4337 135 42 une
746 4322 158 78 trop
956 4317 327 61 heureuse
1332 4310 439 69 coïncidence,
1822 4305 78 61 ils
1949 4301 470 63 n'existassent
2469 4317 81 42 en
2599 4295 227 61 laits...

379 4420 96 64 Et
520 4422 348 81 j'oubliais
919 4439 132 64 que
1099 4420 66 63 la
1212 4411 539 83 mathématique
1798 4405 176 66 aussi
2021 4410 100 57 est
2171 4422 128 44 une
2345 4418 230 46 source
2623 4398 323 61 heureuse
2995 4393 83 62 de
