3505 4424
1765 196 56 51 10

203 331 169 54 lautem
403 332 240 53 Gelächter
673 332 145 51 davon
849 332 222 68 gemacht,
1117 334 85 51 wie
1240 351 101 32 man
1373 334 78 49 das
1482 334 116 49 denn
1630 335 114 50 auch

203 418 169 50 wieder
402 418 71 49 bei
504 418 103 49 dem
638 416 195 51 Concert
873 434 71 32 am
982 416 88 51 10.
1099 416 254 51 December
1383 418 196 66 gesehen

327 503 75 48 Du
433 501 154 57 siehst,
628 500 100 50 dass
758 500 153 50 Scudo
941 500 42 50 in
1015 500 80 50 der
1123 500 291 67 Hauptsache
1443 501 80 49 mit
1552 501 192 50 meinem

201 584 203 49 Urtheile
435 602 110 48 ganz
578 583 370 57 übereinstimmt,
979 583 92 49 und
1101 600 79 32 zur
1212 584 165 48 Steuer
1406 584 80 48 der
1504 584 240 49 Wahrheit

201 684 127 33 muss
360 684 103 32 man
492 683 150 48 sagen,
687 665 102 50 dass
822 683 46 32 es
898 665 114 48 noch
1044 665 98 50 eine
1172 683 157 49 grosse
1359 666 109 49 Zahl
1499 684 85 32 von
1613 665 109 51 hiesi-

203 768 88 50 gen
315 750 247 50 Künstlern
592 750 92 49 und
703 749 227 50 Kritikern
962 749 91 50 und
1080 749 277 48 Dilettanten
1390 749 108 66 gibt,
1531 749 67 50 die
1630 749 114 51 eben

203 852 51 32 so
285 834 199 56 denken;
526 832 127 49 allein
686 833 60 48 sie
776 849 160 49 wagen
967 832 133 57 nicht,
1147 849 47 32 es
1233 832 44 49 in
1308 833 285 48 öffentlichen
1622 833 98 49 Blät-

202 926 102 40 tern
333 915 376 66 auszusprechen,
741 914 91 50 und
863 932 49 30 so
944 913 142 49 bleibt
1117 932 78 32 aus
1222 914 260 50 Schlaffheit
1509 914 91 50 und
1626 914 89 52 Con-

202 999 183 48 venienz
428 998 94 49 und
565 997 455 66 Charakterlosigkeit
1065 997 77 49 das
1183 997 113 49 Feld
1340 998 86 48 den
1468 999 276 60 Posaunern,

202 1083 87 50 den
317 1084 227 49 Prdneurs
572 1080 273 50 überlassen.

327 1167 137 47 Trotz
489 1164 107 49 aller
619 1164 329 65 Anstrengung
971 1164 144 49 dieser
1136 1163 296 66 Blechpfeifer
1461 1163 150 67 dringt
1632 1166 84 48 Ber-

201 1248 82 50 lioz
329 1246 203 50 dennoch
576 1246 95 48 hier
713 1246 122 49 nicht
878 1246 155 57 durch,
1079 1246 91 49 und
1209 1246 69 48 die
1308 1246 257 49 Franzosen
1595 1247 146 49 haben

201 1331 168 49 meiner
397 1328 215 66 Meinung
642 1328 113 50 nach
785 1328 114 50 auch
930 1328 104 50 sehr
1061 1328 157 59 Recht,
1247 1345 135 33 wenn
1406 1329 61 47 sie
1491 1329 120 49 seine
1639 1332 67 48 Mu-

202 1414 66 50 sik
297 1413 122 51 nicht
449 1413 114 48 nach
591 1412 142 49 ihrem
765 1412 307 49 Geschmacke
1103 1412 165 48 finden.
1305 1412 194 49 Richard
1529 1413 211 66 Wagner

197 1496 74 49 bei
294 1496 128 49 Euch
454 1494 176 50 drüben
672 1493 170 51 scheint
872 1494 83 49 mir
987 1493 114 51 doch
1131 1493 274 66 wenigstens
1437 1494 68 49 ein
1538 1494 169 51 Charak-

196 1588 71 41 ter
297 1580 63 49 als
384 1578 199 50 Musiker
615 1596 56 32 zu
701 1577 108 60 sein,
840 1577 70 50 ein
931 1578 151 59 Mann,
1114 1577 79 50 der
1217 1577 76 50 das
1317 1577 108 58 Ziel,
1456 1578 76 49 das
1564 1596 49 32 er
1644 1578 90 51 sich

196 1661 289 68 vorgesteckt
515 1661 90 58 hat,
644 1661 80 48 mit
752 1661 247 66 Festigkeit
1038 1660 93 50 und
1161 1660 141 49 einem
1335 1661 222 65 gewissen
1587 1662 149 50 Feuer

196 1746 81 49 der
306 1745 364 64 Ueberzeugung
698 1743 204 66 verfolgt,
931 1761 135 32 wenn
1095 1743 114 50 auch
1239 1742 217 51 vielleicht
1486 1745 69 48 die
1585 1751 150 43 ersten

193 1827 183 50 Zünder
405 1827 141 50 dieses
576 1828 172 47 Feuers
779 1826 91 49 sich
899 1826 129 49 mehr
1058 1844 55 30 an
1142 1825 81 49 der
1246 1823 271 52 Oberfläche
1547 1831 160 62 persön-

192 1911 146 50 lichen
366 1910 244 66 Ehrgeizes
642 1926 78 32 zur
748 1910 202 48 Flamme
982 1907 211 68 gerieben
1222 1907 147 50 haben
1399 1912 177 64 mögen.
1608 1909 127 50 Aber

192 1995 175 48 Hector
412 1992 174 50 Berlioz
640 1991 212 50 versucht
906 1991 119 58 alles,
1071 2009 93 32 was
1207 1990 146 49 Effect
1393 1992 202 57 machen,
1640 2010 93 32 was

191 2076 232 51 Aufsehen
455 2093 188 48 erregen
667 2075 145 58 kann;
845 2091 48 33 er
916 2075 175 67 springt
1113 2091 79 32 aus
1217 2074 102 49 dem
1335 2074 150 50 Feuer
1510 2075 66 49 ins
1594 2076 105 51 Was-

190 2176 73 33 ser
294 2159 91 49 und
414 2175 80 32 aus
526 2157 102 50 dem
658 2159 196 49 Wasser
882 2156 66 51 ins
978 2159 164 57 Feuer,
1176 2156 47 66 je
1253 2157 217 50 nachdem
1512 2174 49 32 er
1590 2159 141 49 durch

192 2243 85 48 den
318 2243 129 47 einen
478 2243 183 64 Sprung
705 2240 128 48 einen
875 2239 286 49 brausenden
1189 2239 357 66 Wellenschlag,
1590 2240 141 50 durch

191 2324 86 49 den
323 2323 198 50 anderen
567 2321 67 50 ein
698 2321 449 68 funkensprühendes
1189 2321 208 49 Prasseln
1444 2339 55 31 zu
1542 2339 189 48 erregen

190 2406 130 57 hofft,
350 2405 162 50 Beides
540 2406 51 49 in
619 2405 213 66 majorem
861 2405 74 48 sui
962 2405 207 65 gloriam.
1200 2404 105 48 Man
1338 2404 184 58 erzählt,
1553 2404 100 49 dass
1684 2423 50 30 er

190 2490 71 48 die
287 2490 134 48 Fuite
449 2507 50 31 en
531 2489 178 65 Egyple
736 2505 78 31 vor
842 2486 183 59 Jahren,
1067 2486 62 50 als
1160 2503 101 32 man
1292 2485 95 50 hier
1426 2486 44 49 in
1500 2488 123 48 Paris
1654 2505 51 32 an-

190 2573 106 66 fing,
337 2573 70 48 die
437 2571 149 50 Musik
630 2570 175 66 voriger
835 2570 334 50 Jahrhunderte
1211 2569 326 66 auszugraben,
1578 2571 42 49 in
1651 2571 80 50 der

187 2655 190 50 Absicht
408 2653 292 67 geschrieben
734 2653 130 59 habe,
907 2671 78 31 um
1028 2653 67 49 die
1136 2654 146 48 Leute
1322 2653 275 49 anzuführen
1637 2655 92 49 und

187 2739 81 48 mit
296 2739 121 47 ihrer
445 2735 491 69 Retrospectivomanie
968 2754 52 30 zu
1053 2735 229 49 blamiren.
1329 2734 125 50 Aber
1484 2735 119 50 diese
1634 2738 62 48 Ma-

184 2822 73 48 nie
286 2822 135 49 nahm
451 2819 247 59 überhand,
725 2818 214 51 Berlioz's
967 2817 324 67 Nachbildung,
1322 2818 201 49 obschon
1650 2837 52 48 ge-

186 2922 89 48 gen
304 2904 68 50 die
400 2903 301 66 Erzeugnisse
732 2903 79 48 der
841 2902 118 48 alten
987 2900 184 49 Meister
1202 2900 205 66 gehalten
1541 2902 96 49 eine
1665 2903 41 48 af-

184 2987 176 49 fectirte
391 2985 210 58 Ziererei,
644 2984 69 50 die
753 2984 108 50 aller
889 2983 247 51 Wahrheit
1176 2983 80 48 der
1283 2982 311 67 Empfindung
1634 2985 92 50 und

187 3069 77 50 des
296 3071 106 47 Stils
444 3068 226 57 entbehrt,
715 3067 146 67 gefiel,
908 3067 92 49 und
1045 3067 121 48 siehe
1208 3065 79 50 da!
1331 3083 50 32 er
1420 3065 174 65 schlägt
1635 3068 90 48 sich

186 3152 141 49 selbst
355 3152 80 48 auf
457 3151 70 49 die
558 3151 122 49 Seite
709 3151 80 48 der
812 3148 369 65 Todtengräber;
1214 3148 80 48 der
1315 3148 302 67 Vorkämpfer
1647 3151 79 48 der

187 3234 248 50 modernen
461 3233 179 57 Schule,
682 3233 170 48 welche
898 3232 69 48 die
997 3231 242 50 Romantik
1284 3231 42 48 in
1368 3231 78 49 das
1489 3232 236 49 Formlose

187 3323 116 43 setzt
329 3317 94 51 und
454 3317 83 48 den
569 3316 148 49 Inhalt
747 3316 80 49 der
851 3314 148 50 Musik
1030 3332 87 32 von
1146 3314 81 49 der
1251 3313 294 50 Aussenwelt
1576 3313 149 67 borgt,

186 3419 76 30 um
292 3401 94 48 ihre
417 3401 154 48 innere
602 3398 198 50 Armuth
845 3416 54 30 zu
932 3398 243 57 verhüllen,
1218 3397 112 49 wird
1359 3397 267 67 urplötzlich
1656 3399 69 49 ein

183 3483 249 65 Anhänger
461 3482 80 50 der
563 3483 293 49 Renaissance
879 3481 93 48 und
1007 3481 78 48 des
1112 3482 176 56 Rococo,
1321 3479 90 49 und
1435 3481 120 48 seine
1578 3481 117 49 Phan-

183 3566 127 57 tasie,
365 3584 54 30 zu
465 3565 206 50 schwach
717 3582 80 31 zur
837 3565 224 63 Zeugung
1108 3563 212 65 kräftiger
1366 3563 231 49 Gestalten
1639 3581 86 32 von

184 3647 398 67 eigenthümlicher
631 3646 359 67 Physiognomie,
1040 3643 152 68 bringt
1231 3645 128 48 einen
1399 3645 326 67 Wechselbalg

183 3730 178 61 hervor,
393 3730 94 58 der,
516 3747 86 33 von
629 3730 145 49 Natur
803 3727 278 69 paralytisch,
1105 3728 79 49 mit
1214 3727 132 48 Hülfe
1377 3727 80 50 der
1485 3728 240 50 morschen

183 3812 229 60 Krücken,
454 3812 68 50 die
560 3829 80 31 aus
671 3811 416 51 mittelalterlichem
1118 3810 322 66 Rumpelkram
1470 3811 94 48 und
1593 3811 108 48 aller-

183 3902 214 44 neuester
436 3895 342 51 Musik-Plastik
819 3892 444 68 zusammengeleimt
1301 3892 112 60 sind,
1454 3892 69 50 die
1564 3894 160 49 Stufen

186 3996 104 32 zum
319 3979 187 67 Tempel
536 3979 78 49 des
642 3976 203 51 Ruhmes
873 3976 134 50 hinan
1039 3994 51 30 zu
1122 3975 162 49 hinken
1315 3975 160 49 strebt.

310 4061 102 51 Und
451 4062 79 47 auf
558 4061 173 50 welche
760 4060 160 51 Weise
959 4057 172 51 fordert
1160 4059 68 48 ein
1258 4059 124 48 Thei!
1415 4059 79 49 der
1523 4059 198 67 hiesigen

182 4145 148 50 Kritik
361 4144 69 51 die
457 4144 272 58 Franzosen,
746 4141 86 62 auf,
874 4141 142 54 dieses
1043 4140 183 67 jüngste
1255 4140 117 51 Kind
1404 4141 80 50 der
1512 4141 208 51 Berlioz'-

1841 337 134 49 sehen
2003 338 156 49 Laune
2190 339 265 66 gebührend
2495 344 378 52 anzuerkennen?
2914 348 108 54 Man
3057 349 90 51 ruft
3179 353 86 49 den
3293 357 56 49 Pa-

1838 420 142 50 risern
2012 439 80 32 zu:
2134 423 161 57 „Eilet,
2322 425 68 48 die
2406 426 301 51 Herrlichkeit
2730 429 143 49 dieser
2896 433 201 66 genialen
3122 435 263 71 Schöpfung

1839 504 360 58 anzuerkennen,
2253 506 80 49 auf
2370 508 102 49 dass
2519 510 307 51 Deutschland
2870 514 130 50 Euch
3051 517 120 50 nicht
3222 538 133 33 zuvor-

1842 585 193 60 komme,
2077 588 192 49 welches
2299 590 79 49 mit
2408 590 255 51 Sehnsucht
2703 594 67 48 ihr
2801 599 341 65 entgegensieht
3173 603 90 49 und
3295 604 87 50 den

1843 668 320 67 Componisten
2195 672 138 49 schon
2365 673 128 67 lange
2533 693 56 31 zu
2619 694 147 32 neuen
2798 678 276 70 Triumphen

1968 754 60 47 So
2069 754 107 48 weit
2216 754 55 50 ist
2312 772 48 33 es
2407 755 142 51 durch
2581 758 69 49 die
2681 759 253 62 Coterieen,
2977 764 170 50 welche
3178 768 90 48 sich
3298 788 80 32 aus

1839 837 308 49 Deutschland
2177 837 66 49 bis
2276 839 153 48 hieher
2459 842 90 48 und
3342 843 43 48 vic
2862 848 290 66 verzweigen,
3194 852 155 65 gekom-

1838 919 128 48 men!
2023 919 103 50 Und
2171 938 95 31 wer
2309 923 147 58 weiss,
2501 941 91 32 was
2639 926 82 48 wir
2763 927 120 49 nicht
2921 945 80 34 aus
3039 932 209 51 Weimar
3286 936 94 49 und

1839 1002 243 49 Frankfurt
2111 1002 113 49 über
2253 1004 78 50 das
2373 1023 115 31 neue
2519 1008 278 66 Mysterium,
2836 1009 113 50 über
2992 1012 69 49 die
3090 1013 159 69 heilige
3279 1018 74 48 Tri-

1839 1083 115 67 logie
1984 1084 142 50 hören
2155 1087 200 58 werden,
2387 1106 133 32 wenn
2550 1091 80 48 der
2660 1092 209 65 gallische
2898 1094 232 51 Eroberer
3160 1098 94 50 hier
3285 1101 92 48 sein

1838 1166 222 61 Schwert,
2091 1167 119 49 nicht
2242 1168 82 50 wie
2355 1171 207 49 Brennus
2594 1190 83 31 von
2708 1174 150 59 Eisen,
2898 1176 108 49 aber
3037 1178 115 50 doch
3182 1197 85 33 von
3297 1199 51 33 an-

1835 1248 153 51 derem
2018 1251 168 59 Metall,
2215 1252 43 49 in
2289 1252 67 51 die
2383 1254 274 66 Wagschale
2688 1258 132 59 wirft,
2851 1260 103 50 dort
2984 1279 80 31 vor
3094 1262 102 50 dem
3226 1265 150 50 hohen

1834 1332 240 49 Protector
2105 1333 91 48 sich
2227 1334 62 50 als
2318 1336 239 49 fahrender
2586 1340 189 49 Schüler
2804 1341 233 67 demüthig
3066 1343 175 68 beugt?

1955 1414 280 51 Schliesslich
2263 1418 115 49 noch
2409 1420 70 48 ein
2505 1420 136 50 Aviso
2672 1422 69 48 für
2761 1423 115 50 Dich
2907 1427 264 65 persönlich,
3201 1427 145 52 betref-

1832 1496 101 51 fend
1964 1498 95 49 eine
2089 1500 206 66 Anklage
2326 1502 188 50 Scudo's
2556 1520 144 49 gegen
2742 1506 216 52 deutsche
2986 1508 265 68 Zeitungen,
3291 1511 53 51 be-

1830 1580 187 49 sonders
2045 1582 439 70 Musik-Zeitungen,
2516 1587 214 50 worüber
2757 1590 75 48 Du
2872 1590 73 51 ihn
2986 1591 259 52 hoffentlich
3288 1614 52 30 zu-

1828 1662 128 51 recht
1987 1663 165 50 weisen
2182 1665 126 50 wirst
2336 1685 43 32 u.
2412 1685 34 32 s.
2476 1685 57 33 w.

1951 1747 140 60 Paris,
2116 1747 85 51 den
2234 1747 92 52 31.
2356 1751 257 51 December
2650 1754 167 50 1854.

3114 1842 52 50 B.
3197 1845 49 47 P.

2139 1914 384 52 Nachschrift
2568 1919 102 51 der
2706 1920 346 53 Redaction.

1950 2004 84 48 Die
2073 2004 166 49 letzten
2270 2006 151 50 Zeilen
2464 2025 187 35 unseres
2684 2011 428 69 Correspondenten
3154 2015 214 54 beziehen

1825 2085 92 50 sich
1959 2086 80 49 auf
2073 2086 69 50 die
2173 2089 334 51 Schlussworte
2548 2091 77 51 des
2656 2094 152 49 Herrn
2839 2098 49 47 P.
2921 2098 151 49 Scudo
3114 2118 54 31 zu
3201 2100 165 51 seinem

1824 2169 174 48 Artikel
2050 2208 15 18 „
2081 2171 148 50 Revue
2267 2174 209 49 musicale
2556 2174 43 49 in
2639 2176 79 51 der
2760 2180 147 49 Revue
2935 2183 73 47 des
3036 2183 122 48 deux
3185 2184 183 50 Mondes

1823 2268 101 32 vom
1974 2250 86 50 15.
2089 2254 258 48 December
2385 2273 38 30 v.
2454 2258 57 56 J.,
2557 2258 46 48 S.
2655 2256 168 53 1253.
2882 2263 118 47 Dort
3043 2263 160 49 erhebt
3246 2265 121 49 Herr

1827 2333 152 49 Scudo
2020 2373 16 18 „
2051 2334 120 48 seine
2194 2335 186 50 Stimme
2403 2354 144 50 gegen
2573 2339 69 50 die
2666 2340 277 51 zahlreichen
2966 2344 261 50 Diebstähle
3255 2347 88 67 (lar-

1834 2415 125 68 cins),
1980 2417 136 49 deren
2148 2418 143 67 Opfer
2321 2436 49 31 er
2401 2422 82 49 seit
2514 2422 167 67 einiger
2710 2424 97 50 Zeit
2996 2428 238 56 „Mehrere
3263 2447 77 32 aus-

1821 2498 225 49 ländische
2496 2504 117 48 fährt
2652 2522 50 32 er
2741 2505 103 58 fort,
2892 2510 353 67 „reproduciren
3285 2512 52 49 be-

1823 2582 176 66 ständig
2028 2582 70 49 die
2130 2583 231 57 Arbeiten,
2404 2587 171 49 welche
2615 2588 83 49 wir
2736 2589 43 50 in
2811 2589 146 51 dieser
3164 2594 201 50 drucken

1823 2663 161 60 lassen,
2017 2665 116 49 ohne
2175 2683 45 32 es
2269 2667 80 49 der
2379 2668 138 49 Mühe
2556 2671 146 49 werth
2742 2690 55 31 zu
2832 2673 165 60 halten,
3044 2692 195 33 unseren
3274 2678 59 48 Na-

1821 2763 105 32 men
1951 2764 52 32 zu
2027 2764 192 42 nennen,
2244 2748 60 67 ja,
2336 2752 247 49 manchmal
2614 2771 149 48 sogar,
2794 2756 116 48 ohne
2942 2757 68 48 die
3033 2757 163 58 Quelle
3226 2777 109 32 anzu-

1823 2829 160 66 geben,
2013 2847 80 33 aus
2122 2832 197 49 welcher
2349 2834 62 49 sie
2441 2834 226 69 schöpfen.
2726 2838 85 50 Die
2841 2839 376 68 augsburger
3246 2842 87 49 All-

1823 2914 264 63 gemeine
2128 2914 270 68 Zeitung,
2444 2918 76 48 das
2549 2919 159 50 Echo
2750 2921 42 48 in
2822 2922 165 58 Berlin,
3033 2923 142 48 zwei
3220 2925 141 49 oder

1821 2994 125 50 drei
1976 2996 164 48 andere
2173 3015 60 31 so
2263 3001 345 67 genannte*)
2628 3002 587 70 Musik-Zeitungen,
3232 3007 95 48 wel-

1821 3076 106 49 che
1956 3078 55 48 in
2042 3079 106 47 den
2182 3081 523 67 Rheinprovinzen
2736 3085 514 62 herauskommen,
3281 3090 52 48 ha-

1820 3159 88 50 ben
1938 3180 83 32 uns
2053 3179 109 49 ganz
2194 3165 271 67 neuerdings
2497 3167 69 48 die
2595 3167 122 48 Ehre
2747 3168 183 68 erzeigt,
2971 3187 85 32 uns
3098 3171 68 49 die
3202 3172 157 48 Studie

1819 3242 113 50 über
1959 3246 40 47 II
2013 3245 93 48 übi
2121 3264 27 29 n
2162 3245 11 48 i
2204 3246 306 68 abzuborgen,
2550 3250 93 49 und
2672 3250 146 50 haben
2857 3269 256 49 vergessen,
3156 3253 83 50 den
3269 3256 60 47 Na-

1818 3342 103 32 men
1952 3327 78 50 des
2060 3327 255 52 Verfassers
2357 3349 54 30 zu
2453 3349 193 33 nennen.
2702 3333 129 50 Eben
2863 3351 49 32 so
2943 3335 175 48 Blätter
3146 3336 43 48 in
3218 3337 141 49 Turin

1816 3407 94 52 und
1938 3410 206 50 Mailand.
2187 3412 85 50 Die
2303 3413 227 50 Direction
2569 3415 81 49 der
2688 3419 149 48 Revue
2876 3416 113 51 wird
3028 3419 119 49 wohl
3188 3419 69 48 ihr
3285 3420 48 48 In-

1815 3496 172 44 teresse
2013 3509 146 49 gegen
2188 3493 97 49 eine
2315 3495 150 49 solche
2496 3496 230 51 heimliche
2745 3497 294 51 Seeräuberei
3065 3519 53 30 zu
3142 3500 215 49 schützen

1866 3573 8 8 •
1922 3561 12 16 *

1818 3590 188 42 wissen;
2035 3591 98 42 wir,
2163 3576 62 50 als
2252 3576 282 69 demüthiger
2557 3580 199 48 Priester
2785 3581 79 48 der
2895 3589 139 59 guten
3064 3582 158 59 Sache,
3257 3600 72 32 ver-

1818 3656 161 67 langen
2008 3659 125 49 bloss

1943 3741 182 51 Weiter
2178 3742 200 68 verlangt
2431 3745 70 48 die
2544 3746 363 50 unterzeichnete
2949 3747 249 51 Redaction
3241 3749 115 51 auch

1816 3822 144 51 nichts
2004 3825 92 48 und
2140 3825 170 49 fordert
2349 3826 208 50 desshalb
2597 3829 152 49 Herrn
2782 3830 149 50 Scudo
2975 3831 86 59 auf,
3107 3831 250 66 diejenigen

1818 3905 108 49 zwei
1968 3906 110 50 oder
2117 3906 93 50 drei
2251 3909 421 67 Musik-Zeitungen
2713 3929 79 32 aus
2834 3913 85 48 den
2949 3913 405 68 Rheinprovinzen,

1885 4097 31 46 *)
1947 4097 108 35 Deux
2097 4110 47 22 ou
2181 4099 90 34 trois
2309 4104 124 29 autres
2461 4099 200 35 Journaux
2692 4101 198 46 pretendus
2928 4102 42 35 de
3007 4103 165 46 musique
3214 4105 63 46 qui
3317 4116 36 22 se

1942 4167 165 48 pablient
2135 4167 91 37 dam
2255 4168 49 35 les
2328 4169 192 47 provinces
2546 4170 192 37 rhenanes.
