2710 4089
694 383 219 42 MUSIQUE
945 381 279 44 FRANÇAISE
1257 381 61 35 EN
1348 380 332 34 ANGLETERRE

2146 384 89 44 275

161 546 53 53 et
246 533 326 73 cependant
607 527 195 56 animé
838 527 175 58 d'une
1047 526 94 56 vie
1174 529 244 54 ardente
1456 546 11 35 :
1500 526 59 55 la
1590 526 272 71 musique
1893 548 73 37 ne
1997 529 252 71 pouvait

160 630 274 55 manquer
466 614 70 54 de
564 610 53 56 le
646 609 231 56 séduire
906 613 60 50 et
995 606 59 56 la
1082 607 311 72 puissance
1422 606 224 73 parfois
1674 606 232 57 brutale
1939 610 69 55 de
2037 609 57 54 la
2122 628 84 37 mu-

160 701 155 69 sique
362 693 326 55 allemande
738 687 248 58 actuelle
1054 705 73 38 ne
1166 687 252 73 pouvait
1458 687 294 56 satisiaire
1793 689 456 73 complètement

160 784 73 55 les
261 776 301 71 exigences
597 775 68 53 de
697 790 66 36 sa
793 770 343 57 sensibilité.
1173 769 116 71 J'ai
1323 789 74 36 eu
1426 770 52 56 le
1508 767 205 75 plaisir
1746 771 69 54 de
1846 771 405 57 m'entretenir

165 865 30 54 à
226 856 283 75 plusieurs
545 851 247 73 reprises
829 868 144 38 avec
1011 856 92 50 cet
1140 849 328 61 admirable
1506 849 207 56 artiste
1741 870 13 47 ;
1792 851 81 55 les
1911 867 230 40 œuvres
2180 854 71 53 de

161 939 309 66 Mallarmé,
508 939 70 53 de
612 933 250 68 Villiers,
901 935 70 55 de
1006 931 270 57 Verlaine
1309 931 81 56 lui
1427 936 135 51 sont
1597 930 154 56 aussi
1789 931 315 60 familières
2137 950 114 54 que

162 1024 156 56 celles
351 1020 101 56 des
484 1016 204 73 poètes
722 1014 226 71 anglais
975 1035 14 47 ;
1022 1019 137 49 tout
1192 1032 65 36 ce
1290 1013 100 71 qui
1426 1013 216 55 touche
1677 1013 35 53 à
1742 1011 57 56 la
1832 1013 228 55 culture
2091 1013 128 55 fran-

161 1104 141 71 çaise
339 1098 222 56 l'attire
605 1118 11 32 :
652 1095 46 53 il
735 1094 337 68 l'examine,
1112 1095 125 55 s'en
1273 1094 261 71 pénètre,
1576 1091 132 57 unit
1750 1093 34 52 à
1825 1112 110 35 une
1976 1093 275 54 curiosité

160 1185 250 64 ardente,
443 1198 84 37 un
558 1194 131 41 sens
722 1175 253 71 critique
1008 1175 100 71 qui
1144 1174 80 57 lui
1260 1174 113 54 fait
1406 1193 59 37 se
1497 1176 207 54 rendre
1737 1179 236 66 compte
2010 1175 98 53 des
2140 1174 84 54 élé-

161 1269 182 57 ments
369 1264 70 55 de
463 1279 108 38 son
594 1256 265 63 émotion
884 1263 59 49 et
974 1259 100 55 des
1097 1256 227 56 raisons
1352 1255 244 57 d'aimer
1624 1273 61 37 ce
1712 1254 100 71 qai
1839 1259 136 51 tout
2004 1254 249 57 d'abord

160 1349 45 56 le
228 1344 235 72 surprit,
491 1349 59 48 et
576 1361 82 36 un
682 1340 130 70 jour
844 1338 160 57 vient
1032 1339 76 55 où
1127 1338 46 53 il
1196 1336 263 74 exprime
1484 1354 107 38 son
1616 1335 362 60 admiration
2002 1354 143 37 avec
2169 1336 82 56 les

160 1443 311 42 ressources
499 1422 235 57 infinies
768 1420 144 56 d'un
946 1422 100 54 des
1078 1420 204 73 poètes
1314 1419 83 53 les
1428 1418 133 71 plus
1592 1418 156 71 épris
1784 1419 70 53 de
1884 1418 219 54 beauté
2136 1435 114 53 que

160 1510 49 72 je
250 1509 170 55 sache
466 1507 34 53 à
541 1509 157 51 cette
743 1502 196 54 heure.
986 1502 73 69 Je
1101 1499 349 57 n'oublierai
1502 1498 215 72 jamais
1759 1515 149 54 pour
1952 1514 97 42 ma
2091 1503 158 66 part,

158 1589 293 56 l'émotion
496 1588 146 54 dont
682 1583 45 53 il
768 1582 354 72 témoignait
1167 1582 171 71 après
1379 1579 320 56 l'audition
1743 1580 80 55 du
1867 1579 268 71 Quatuor
2182 1580 69 54 de

161 1672 292 54 Chausson
487 1673 60 50 et
581 1665 306 55 l'andante
928 1665 79 55 du
1044 1667 256 67 quatuor
1338 1664 70 52 de
1444 1660 275 71 Debussy
1752 1658 212 56 l'hiver
2002 1658 248 68 dernier,

162 1756 32 53 à
233 1753 276 55 Londres.

264 1834 246 54 Devenu
531 1828 205 74 depuis
755 1848 82 37 un
853 1846 78 38 an
947 1824 253 72 critique
1218 1823 247 60 musical
1483 1824 34 52 à
1533 1823 57 53 la
2149 1820 101 69 (i),

156 1916 39 54 il
232 1921 97 50 eut
369 1910 319 58 l'occasion
730 1913 34 52 à
804 1908 290 74 plusieurs
1135 1904 248 73 reprises
1427 1905 69 55 de
1538 1903 190 71 parler
1773 1902 69 55 de
1882 1902 58 53 la
1981 1900 270 71 musique

160 1996 277 69 française
478 1993 280 60 moderne
800 1997 59 49 et
905 1992 70 54 de
1018 1988 220 56 Claude
1279 1985 275 70 Debussy
1594 2002 74 38 en
1707 1980 342 75 particulier
2096 2002 11 33 :
2150 1980 104 56 nul

160 2079 122 73 plus
313 2096 113 53 que
458 2074 81 56 lui
575 2093 74 38 ne
682 2074 138 55 s'est
853 2070 187 73 réjoui
1075 2088 74 37 en
1180 2068 342 71 Angleterre
1559 2068 101 53 des
1690 2064 208 56 efforts
1929 2063 143 56 faits
2103 2079 150 56 pour

160 2177 35 54 y
232 2161 297 71 présenter
571 2157 59 53 la
673 2153 272 70 musique
988 2149 289 70 française
1322 2147 268 70 actuelle,
1634 2152 59 49 et
1737 2149 321 69 permettre
2103 2142 147 55 ainsi

164 2242 62 55 de
255 2260 58 38 se
344 2239 208 56 rendre
583 2241 237 68 compte
856 2238 68 51 de
957 2251 90 37 ses
1079 2231 255 71 qualités
1366 2247 78 38 ou
1477 2231 70 54 de
1578 2246 90 38 ses
1698 2227 240 59 limites.

264 2323 84 55 La
392 2337 188 40 venue
626 2321 70 53 de
740 2316 219 55 Claude
1000 2313 276 69 Debussy
1319 2311 35 53 à
1395 2311 262 54 Londres
1698 2326 150 54 pour
1888 2324 41 54 y
1969 2304 282 56 conduire

158 2402 49 56 le
246 2399 245 58 Prélude
536 2402 34 52 à
616 2396 382 75 Vaprès-midi
1042 2393 141 55 d'un
1225 2393 206 52 Faune
1472 2396 59 49 et
1604 2389 57 54 la
1704 2389 133 52 Mer
1879 2406 78 37 au
1999 2385 254 72 Queen's

161 2483 131 56 Hall
327 2485 268 66 Concert,
636 2482 80 55 du
754 2496 28 37 lerI
786 2491 42 23 er
863 2477 215 54 février
1117 2473 163 72 1908,
1318 2472 93 54 fut
1447 2488 150 56 pour
1633 2472 77 52 M.
1750 2471 252 69 Symons
2037 2468 53 53 le
2126 2467 96 72 pré-

160 2570 155 50 texte
359 2566 34 52 à
433 2563 180 55 écrire
655 2561 124 56 l'un
823 2561 100 54 des
965 2556 295 61 meilleurs
1303 2552 233 56 articles
1577 2567 180 57 parus
1797 2568 75 37 en
1911 2548 343 71 Angleterre

160 2647 282 55 touchant
482 2648 170 52 notre
693 2638 305 70 musicien,
1044 2655 62 38 ce
1145 2637 154 55 n'est
1340 2633 170 74 point
1550 2634 59 52 là
1652 2650 77 38 un
1769 2629 212 73 simple
2018 2631 236 67 compte

161 2730 193 66 rendu,
391 2726 152 57 mais
579 2744 72 36 en
685 2722 252 72 quelque
973 2726 157 48 sorte
1166 2737 80 36 un
1280 2714 155 74 petit
1469 2714 147 55 essai
1654 2713 78 53 où
1765 2717 169 49 toute
1968 2711 59 53 la
2061 2707 194 56 vision

162 2810 64 54 de
257 2811 173 71 poète
466 2810 70 53 de
569 2824 108 36 son
710 2810 212 50 auteur
955 2820 59 37 se
1047 2799 112 56 lait
1193 2798 150 70 jour.

266 2891 69 70 Je
373 2909 72 37 ne
482 2886 229 57 saurais
748 2885 137 55 n'en
919 2900 108 54 pas
1064 2876 264 59 traduire
1366 2874 282 73 quelques
1685 2888 274 58 passages
2001 2891 12 33 :

268 2993 21 27 «
329 2971 275 68 Debussy
646 2972 89 51 est
776 2967 53 53 le
871 2962 305 58 Mallarmé
1221 2962 69 53 de
1331 2958 58 55 la
1431 2956 290 71 musique,
1765 2972 121 37 non
1926 2951 325 57 seulement

164 3071 19 29 «
218 3071 170 54 parce
420 3050 145 72 qu'il
594 3069 36 34 a
660 3045 333 62 commenté
1028 3037 402 77 l'Après-midi
1460 3038 141 54 d'un
1646 3037 205 53 Faune
1855 3080 13 23 ,
1900 3032 151 60 mais
2080 3046 175 56 parce

164 3151 19 29 «
221 3151 109 52 que
368 3151 66 36 sa
471 3128 272 72 musique
783 3147 35 35 a
853 3131 201 51 toutes
1091 3125 82 54 les
1214 3120 255 73 qualités
1508 3120 80 54 du
1625 3117 206 72 poème
1870 3118 60 50 et
1969 3128 120 38 non
2126 3125 127 54 pas,

165 3231 19 29 «
219 3233 105 53 par
358 3211 289 72 exemple,
684 3210 172 54 celles
894 3211 68 52 de
999 3205 291 57 Verlaine.

270 3315 21 28 «
331 3292 272 57 Verlaine
644 3296 88 50 est
774 3307 82 37 un
896 3306 113 55 pur
1047 3287 177 70 poète
1263 3282 251 71 lyrique,
1557 3276 428 58 extrêmement
2027 3268 227 72 simple,

164 3394 20 29 «
221 3394 80 38 un
322 3376 287 53 chanteur
630 3370 299 57 instinctif
959 3389 8 33 :
994 3367 103 55 nul
1120 3363 176 57 effort
1322 3362 151 56 n'est
1498 3357 210 56 visiole
1735 3357 144 53 dans
1902 3371 108 37 son
2035 3366 220 49 œuvie,

247 3530 60 43 (i)
338 3522 86 38 Les
470 3513 379 59 préoccupations
900 3506 240 41 musicales
1182 3503 55 39 de
1295 3501 64 41 M.
1395 3499 176 42 Arthur
1625 3497 196 53 Symons
1872 3492 216 43 s'étaient
2147 3487 110 53 déjà

165 3581 284 40 manifestées
478 3578 295 52 auparavant
805 3579 47 35 et
882 3575 130 39 entre
1044 3573 157 35 autres
1234 3583 18 24 «
1263 3564 115 50 Play
1381 3574 33 34 s,
1436 3561 138 39 Aetin
1578 3570 27 38 g
1634 3561 40 36 et
1704 3556 226 40 Music».

244 3641 36 40 11
315 3655 28 27 a
374 3641 73 42 été
478 3638 158 54 publié
665 3636 229 40 ici-même
938 3643 64 28 un
1033 3628 158 41 article
1248 3628 56 39 de
1356 3622 64 41 M.
1454 3621 198 51 Symons
1705 3629 75 32 sur
1835 3614 202 44 Richard
2071 3614 180 39 Strauss

166 3700 62 51 (15
261 3700 248 43 novembre
541 3709 142 48 1907).
