2710 4089
1057 1331 292 109 LE
1524 1334 647 114 MOIS

605 1761 300 47 CONCERT
937 1764 302 46 BLANCHE
1271 1766 442 49 SELVA-FIRMIN
1745 1770 264 48 TOUCHE

703 1898 62 44 La
788 1900 171 44 séance
982 1900 56 44 de
1061 1909 187 40 sonates
1269 1912 65 33 XX
1337 1904 15 17 e
1375 1903 142 46 siècle
1540 1918 114 40 pour
1677 1906 134 54 piano
1836 1916 43 36 et
1902 1909 169 54 violon,
2098 1910 181 46 donnée
2303 1913 41 43 le
2370 1926 22 30 2
2419 1914 163 54 février,

605 1977 79 41 par
722 1965 112 45 Mlle
874 1966 152 54 Selva,
1068 1982 113 29 avec
1220 1969 42 44 le
1301 1984 225 31 concours
1566 1973 55 43 de
1660 1973 62 44 M.
1767 1974 171 45 Firmin
1978 1977 201 55 Touche,
2222 1982 274 52 comprenait
2530 1984 54 42 les

605 2032 110 44 trois
752 2046 187 32 œuvres
976 2035 58 43 de
1069 2048 53 30 ce
1160 2049 142 39 genre
1339 2037 159 54 qu'ont
1535 2039 169 45 écrites
1740 2041 116 45 MM.
1897 2043 54 43 A.
1992 2044 239 54 Magnard,
2273 2046 52 45 V.
2366 2048 152 54 d'lndy
2549 2058 35 35 et

604 2098 53 44 A.
688 2099 210 45 Roussel.
928 2101 64 43 Le
1016 2105 162 42 maître
1204 2104 108 43 était
1337 2105 116 44 ainsi
1480 2108 198 43 encadré
1705 2117 130 37 entre
1861 2110 119 44 deux
2006 2111 218 55 disciples
2249 2114 102 53 plus
2376 2128 55 32 ou
2457 2117 127 44 moins

604 2164 183 46 directs.

705 2232 62 44 La
802 2242 161 37 sonate
999 2249 56 30 en
1093 2241 47 39 ut
1174 2238 56 44 de
1267 2238 61 43 M.
1369 2239 176 55 d'lndy,
1585 2241 291 54 aujourd'hui
1912 2247 94 42 très
2041 2248 251 53 répandue,
2331 2262 24 30 a
2391 2252 69 42 été
2493 2250 88 43 bien

598 2299 81 43 des
713 2300 88 43 fois
832 2304 218 50 analysée
1083 2311 43 36 et
1158 2308 316 51 commentée;
1507 2307 115 45 c'est
1654 2323 60 29 un
1748 2310 89 44 fort
1870 2312 116 44 beau
2020 2316 165 50 poème
2218 2317 57 41 où
2309 2314 90 45 l'on
2431 2329 54 30 ne
2513 2316 71 43 sait

604 2366 280 54 qu'admirer
921 2369 41 43 le
998 2370 116 54 plus,
1156 2372 55 42 de
1248 2372 41 43 la
1325 2373 234 44 fraîcheur
1596 2376 81 43 des
1714 2377 129 43 idées
1880 2391 58 31 ou
1975 2380 57 42 de
2069 2380 40 44 la
2147 2382 218 43 cohésion
2403 2384 53 43 de
2490 2383 74 43 l'en-

602 2434 193 44 semble.
830 2435 34 42 Il
893 2449 58 30 ne
980 2449 103 31 sera
1112 2451 81 40 pas
1223 2453 108 30 sans
1359 2440 167 45 intérêt
1555 2443 56 42 de
1641 2443 97 43 dire
1768 2454 232 36 comment
2030 2446 195 46 l'œuvre
2255 2450 284 52 apparaissait
2563 2452 18 41 à

604 2512 81 30 son
712 2509 162 35 auteur
900 2504 201 51 pendant
1128 2505 41 43 la
1196 2506 188 53 période
1410 2508 57 43 de
1493 2510 241 51 gestation.
1768 2528 22 24 «
1823 2511 70 45 Ce
1919 2514 200 52 premier
2147 2525 294 36 mouvement
2467 2516 115 51 (alors

603 2568 99 42 seul
734 2568 234 56 terminé),
1002 2571 241 45 écrivait-il
1276 2587 55 29 en
1370 2587 137 42 1903,
1542 2584 70 36 est
1642 2591 134 30 assez
1806 2579 205 53 curieux,
2045 2594 137 40 parce
2213 2596 89 40 que
2332 2584 42 52 je
2405 2597 69 30 me
2502 2582 80 45 suis

595 2633 138 44 laissé
762 2636 113 43 aller
905 2637 23 42 à
957 2638 41 41 la
1029 2639 212 49 mélodie,
1274 2640 344 54 simplement...
1654 2643 70 45 Ce
1754 2645 139 54 qu'on
1924 2660 56 31 va
2010 2662 75 30 me
2115 2649 157 44 traiter
2302 2651 55 43 de
2386 2650 174 44 réaction-

597 2699 177 44 naire!!
811 2709 44 37 et
888 2704 257 52 cependant
1176 2706 44 52 je
1255 2706 120 45 crois
1409 2708 322 46 franchement
1765 2725 90 40 que
1890 2726 51 41 ça
1976 2728 58 29 ne
2069 2714 104 45 l'est
2208 2730 94 40 pas,
2340 2730 105 30 sans
2477 2714 102 56 quoi,

602 2775 95 36 tout
724 2769 125 43 aussi
879 2770 335 56 franchement,
1244 2773 44 54 je
1318 2774 42 45 le
1388 2775 297 54 déchirerais,
1719 2786 43 36 et
1789 2779 44 54 je
1862 2780 90 44 n'ai
1982 2794 82 40 pas
2092 2783 137 43 envie
2258 2784 56 43 de
2344 2785 40 42 le
2414 2784 116 43 faire.
2561 2799 17 23 »

693 2835 249 55 Beaucoup
973 2838 103 52 plus
1108 2843 199 50 austère,
1342 2849 45 36 et
1418 2843 150 43 moins
1600 2845 121 43 belle
1754 2846 139 53 aussi,
1929 2848 40 42 la
2001 2857 162 36 sonate
2194 2851 56 43 de
2282 2850 213 54 Magnard
2524 2856 56 37 est

599 2900 135 54 jouée
763 2915 133 31 assez
924 2913 245 37 rarement.
1202 2907 374 47 L'individualité
1605 2913 203 52 robuste,
1841 2916 94 42 très
1963 2916 137 43 noble
2129 2925 44 36 et
2201 2931 61 30 un
2291 2931 88 41 peu
2408 2917 171 44 distante

601 2968 59 43 du
695 2970 311 52 compositeur
1041 2972 75 54 qui
1152 2986 52 31 se
1239 2976 214 53 complaît
1486 2990 57 30 en
1578 2991 83 30 son
1697 2979 245 46 isolement
1978 2982 70 54 s'y
2082 2984 167 45 traduit
2283 2998 112 31 avec
2428 2983 147 55 âpreté,

600 3035 115 43 mais
754 3050 88 30 non
882 3052 108 29 sans
1028 3041 242 51 grandeur.
1313 3041 137 46 Cette
1488 3045 215 54 musique
1741 3055 109 45 peut
1888 3049 188 45 rebuter
2114 3051 199 44 certains
2351 3051 224 47 auditeurs,

601 3102 88 43 elle
716 3116 59 31 ne
800 3105 172 44 saurait
999 3107 96 44 être
1122 3107 298 47 indifférente
1448 3113 24 41 à
1498 3124 256 41 personne;
1785 3121 44 38 et
1855 3114 29 44 il
1913 3115 198 46 faudrait
2138 3118 206 53 plaindre
2371 3131 109 32 ceux
2506 3128 71 41 que

600 3171 312 44 trouveraient
949 3171 281 47 insensibles
1268 3175 41 44 la
1347 3176 138 45 haute
1523 3180 204 44 sérénité
1764 3180 59 44 du
1862 3184 171 43 second
2072 3193 310 45 mouvement,
2422 3193 155 35 comme

600 3235 41 43 la
670 3246 139 42 grave
840 3239 274 46 mélancolie
1145 3241 58 44 du
1234 3241 138 46 finale
1404 3243 323 51 (introduction
1759 3256 44 36 et
1832 3250 305 52 péroraison).
2172 3252 124 45 L'art
2326 3253 56 43 de
2410 3251 58 44 M.
2499 3248 52 45 Ma-

600 3303 140 50 gnard
776 3305 159 43 révèle
969 3319 61 31 un
1068 3311 258 50 caractère;
1364 3312 286 45 résolument
1686 3314 203 54 abstrait,
1928 3316 30 43 il
1995 3318 202 53 méprise
2235 3320 67 43 les
2339 3316 236 47 séductions

600 3367 175 54 faciles,
811 3377 44 37 et
887 3384 82 31 son
1002 3374 103 45 trait
1138 3375 235 46 dominant
1404 3386 71 36 est
1507 3379 264 45 l'élévation
1804 3383 199 53 morale;
2038 3398 80 40 par
2150 3386 41 43 là
2224 3386 115 45 c'est
2370 3398 83 31 aux
2483 3382 74 44 clas-

600 3434 156 53 siques
792 3450 103 41 que,
933 3441 268 52 par-dessus
1235 3450 103 37 tous
1372 3457 116 31 ceux
1523 3447 56 43 de
1614 3460 50 30 sa
1698 3449 284 53 génération,
2020 3464 53 31 ce
2107 3466 85 40 pur
2225 3452 221 45 musicien
2479 3449 77 51 s'ap-

599 3509 203 45 parente.

701 3568 154 53 Quant
889 3573 23 41 à
947 3571 62 44 M.
1046 3575 161 44 Albert
1242 3577 211 55 Roussel,
1491 3579 108 45 dont
1633 3581 41 43 la
1709 3589 160 37 sonate
1902 3584 121 45 avait
2057 3586 101 53 déjà
2194 3588 73 43 été
2302 3583 198 57 produite
2528 3591 45 32 au

600 3635 182 44 dernier
815 3636 136 45 Salon
984 3640 279 55 d'automne,
1298 3643 27 44 il
1359 3647 198 51 possède
1589 3661 91 30 une
1712 3649 192 54 exquise
1937 3652 272 53 sensibilité,
2245 3654 106 44 dont
2384 3652 168 52 l'expres-
