2710 4089
591 350 93 43 240

1124 351 249 36 BULLETIN
1402 351 246 45 FRANÇAIS
1675 354 64 34 DE
1771 353 62 34 LA
1863 353 39 35 S.
1936 353 28 35 I.
1999 353 49 33 M.

684 500 205 55 Baptiste
912 500 122 46 avait
1058 501 122 46 alors
1211 515 57 42 19
1292 517 96 30 ans.
1418 503 34 44 Il
1479 503 153 44 devait
1655 505 99 42 être
1780 503 101 53 déjà
1907 515 57 32 en
1990 503 267 54 possession
2284 504 106 46 d'un
2417 508 154 48 double

585 566 139 45 talent
750 567 58 44 de
833 567 310 55 compositeur
1170 578 44 36 et
1240 570 57 44 de
1324 569 243 45 violoniste
1594 569 76 54 qui
1698 570 182 44 méritât
1907 569 204 45 d'attirer
2136 584 80 30 sur
2243 570 60 44 lui
2333 571 237 51 l'attention

585 635 55 43 de
676 634 231 45 l'aimable
943 635 228 47 Lambert.
1209 636 118 46 Sans
1360 637 153 52 doute,
1550 636 180 46 celui-ci
1767 637 61 45 lui
1865 637 150 45 donna
2049 639 227 53 quelques
2309 642 193 45 conseils
2533 655 38 36 et

585 714 118 31 noua
729 715 115 30 avec
869 702 61 45 lui
958 702 68 45 les
1053 702 117 46 liens
1195 705 58 43 de
1278 703 41 45 la
1345 703 107 46 vive
1477 703 157 45 amitié
1659 705 77 53 qui
1763 705 154 44 devait
1943 705 69 43 les
2037 705 103 44 unir
2167 712 126 38 toute
2319 706 97 44 leur
2440 708 70 45 vie
2533 721 38 36 et

588 780 90 41 que
701 767 153 46 devait
878 781 234 32 resserrer
1134 782 169 32 encore
1326 783 56 31 en
1415 769 114 46 1661
1560 771 43 43 le
1626 771 204 53 mariage
1853 771 57 44 de
1936 771 133 54 Lully
2093 783 115 32 avec
2232 772 39 44 la
2299 772 95 44 fille
2417 776 158 56 unique

583 834 57 45 de
667 834 172 45 Michel
868 834 228 47 Lambert.

681 900 199 47 Celui-ci
910 903 123 45 avait
1061 917 77 33 ses
1167 907 186 43 entrées
1382 912 179 47 partout
1590 913 46 37 et
1664 905 281 45 connaissait
1975 913 95 38 tout
2100 919 54 32 ce
2183 907 111 54 qu'il
2323 921 29 40 y
2382 909 115 46 avait
2524 913 49 44 de

585 969 252 46 musiciens
872 973 24 42 à
934 970 142 45 Paris.
1118 971 33 45 Il
1188 980 77 47 put
1300 985 218 41 procurer
1552 975 26 42 à
1616 973 207 54 Baptiste
1857 973 84 45 des
1974 974 220 44 relations
2228 974 137 46 utiles
2399 976 107 46 dans
2537 980 34 45 la

586 1034 214 55 musique
830 1036 58 45 du
919 1035 81 46 roi.
1033 1036 236 46 Peut-être
1298 1039 43 43 le
1371 1039 303 53 présenta-t-il
1705 1041 24 41 à
1761 1037 130 55 Luigi
1924 1039 134 45 Rossi
2091 1039 68 53 (1)
2192 1040 110 46 dont
2331 1041 28 43 il
2390 1040 183 51 chantait

585 1102 67 45 les
684 1102 92 46 airs
808 1111 44 36 et
884 1103 182 46 celui-ci
1099 1105 355 45 s'intéressa-t-il
1490 1108 24 42 à
1547 1120 83 30 son
1664 1107 314 55 compatriote.
2018 1107 129 46 Nous
2178 1108 187 45 aurions
2397 1110 108 45 ainsi
2538 1114 34 44 la

583 1169 92 45 clef
694 1169 57 45 de
772 1171 41 43 la
835 1171 242 45 formation
1100 1172 221 46 musicale
1341 1173 58 45 de
1420 1173 146 55 Lully.
1592 1173 120 46 Mais
1731 1187 56 32 ce
1808 1187 58 32 ne
1888 1182 102 37 sont
2011 1176 42 43 là
2075 1189 91 40 que
2187 1176 83 44 des
2290 1176 281 56 hypothèses.

681 1237 146 56 Lully,
854 1239 24 42 à
902 1246 121 38 cette
1046 1242 195 52 époque,
1267 1239 153 47 devait
1442 1255 296 31 commencer
1761 1243 24 43 à
1810 1242 216 54 produire
2049 1243 84 45 des
2154 1257 188 32 œuvres
2364 1244 209 49 vraiment

583 1304 346 53 intéressantes,
955 1304 212 56 puisque,
1194 1307 164 54 depuis
1381 1321 82 30 son
1489 1310 161 42 entrée
1674 1309 114 43 chez
1813 1308 368 54 Mademoiselle,
2209 1310 29 44 il
2263 1309 169 48 n'avait
2453 1317 120 42 cessé

583 1370 57 45 de
671 1387 23 24 <(
728 1370 282 56 s'appliquer
1039 1385 114 31 avec
1184 1373 221 45 assiduité
1437 1376 24 41 à
1493 1375 40 43 la
1564 1375 303 55 composition
1899 1376 83 45 des
2012 1376 93 45 airs
2134 1390 58 31 en
2224 1384 125 38 toute
2379 1387 117 38 sorte
2524 1382 49 43 de

587 1437 227 55 musique.
847 1455 25 24 »
902 1437 67 52 (2)
1000 1439 148 44 Outre
1174 1440 114 51 cela,
1317 1440 30 44 il
1374 1440 154 46 devait
1552 1443 131 44 avoir
1710 1443 160 54 acquis
1898 1444 202 54 quelque
2126 1445 257 53 réputation
2412 1459 164 33 comme

582 1505 218 44 virtuose.
839 1505 73 44 On
946 1506 87 44 sait
1066 1519 56 31 en
1156 1506 114 46 effet
1303 1507 155 55 quelle
1491 1509 271 44 admiration
1797 1511 191 45 souleva
2022 1511 229 55 quelques
2281 1514 172 44 années
2483 1515 90 53 plus

582 1572 96 46 tard
706 1586 83 30 son
819 1580 69 38 art
916 1573 57 45 de
1001 1573 130 54 jouer
1160 1575 58 44 du
1247 1575 169 44 violon.
1451 1591 23 25 «
1509 1575 178 55 Depuis
1716 1576 192 56 Orphée
1937 1585 46 38 et
2011 1578 246 55 Amphion,
2290 1594 116 31 nous
2432 1581 60 46 dit
2517 1581 55 44 La

587 1638 212 52 Viéville,
827 1652 59 31 on
912 1639 75 45 n'a
1014 1636 127 58 point'
1164 1639 87 46 tiré
1277 1641 108 45 d'un
1413 1641 153 47 violon
1592 1643 69 43 les
1687 1656 110 32 sons
1824 1643 138 56 qu'en
1990 1643 122 47 tirait
2139 1644 133 56 Lully
2300 1644 84 56 (3).
2418 1663 23 25 »
2468 1647 108 46 Pour

578 1718 104 41 que,
717 1705 102 54 plus
849 1705 58 46 de
935 1714 151 37 trente
1115 1721 84 30 ans
1228 1710 136 51 après
1396 1708 109 55 qu'il
1540 1712 77 43 eût
1646 1713 134 41 cessé
1813 1712 58 43 de
1902 1712 193 43 toucher
2124 1726 61 30 un
2216 1713 172 53 archet,
2421 1727 53 30 on
2506 1717 67 42 eût

579 1773 140 53 gardé
748 1785 60 31 un
841 1774 60 43 tel
932 1774 220 44 souvenir
1181 1775 59 43 de
1269 1788 83 32 son
1383 1774 91 53 jeu,
1508 1777 29 44 il
1571 1775 144 46 fallait
1745 1777 111 55 qu'il
1889 1782 79 42 eût
1998 1780 75 44 été
2105 1788 96 37 tout
2232 1780 137 54 jeune
2399 1794 55 31 en
2484 1794 66 41 pos-

582 1840 179 44 session
794 1841 109 45 d'un
934 1841 254 46 admirable
1218 1844 155 44 talent.
1409 1843 67 45 En
1509 1846 201 52 résumé,
1744 1859 88 32 aux
1862 1846 220 46 environs
2112 1849 59 43 de
2206 1848 137 56 1651,
2376 1849 30 44 il
2436 1849 137 44 devait

582 1910 96 42 être
708 1921 61 31 un
800 1909 225 44 musicien
1056 1910 237 54 accompli.
1327 1910 275 54 Lui-même,
1635 1914 200 54 quelque
1867 1921 149 47 temps
2045 1923 138 36 avant
2213 1929 49 32 sa
2294 1924 128 46 mort,
2453 1916 119 45 disait

583 1990 23 24 «
640 1976 26 41 à
694 1987 92 31 une
816 1987 231 41 personne
1076 1976 137 53 digne
1242 1976 58 46 de
1330 1977 79 55 foy
1438 1978 112 55 qu'il
1581 1980 172 44 n'avait
1782 1980 161 53 jamais
1974 1981 154 55 appris
2157 1982 103 54 plus
2290 1982 57 45 de
2378 1984 195 54 musique

586 2039 110 56 qu'il
727 2042 105 43 n'en
861 2041 148 44 savait
1034 2043 25 43 à
1087 2043 120 54 l'âge
1233 2042 58 46 de
1325 2053 53 45 17
1409 2057 84 32 ans
1522 2043 84 56 (4).
1641 2062 23 26 »
1698 2046 33 44 Il
1762 2055 109 45 peut
1900 2050 197 52 paraître
2126 2051 191 52 étrange
2345 2062 101 42 que,
2476 2050 100 44 dans

581 2122 80 30 ces
686 2108 272 55 conditions,
987 2109 31 45 il
1046 2123 59 32 ne
1132 2109 67 46 fut
1226 2124 178 41 pourvu
1432 2113 115 43 chez
1574 2113 353 47 Mademoiselle
1955 2116 228 45 d'aucune
2211 2117 169 54 charge
2408 2131 142 40 propre-

582 2182 126 38 ment
737 2174 223 46 musicale
990 2183 45 38 et
1065 2189 91 42 que
1185 2178 43 43 le
1265 2191 17 31 lerI
1291 2179 34 18 er
1354 2178 178 54 janvier
1569 2179 137 56 1652,
1741 2182 228 54 quelques
1999 2183 120 46 mois
2149 2192 137 37 avant
2317 2197 80 32 son
2429 2185 144 44 entrée

581 2243 115 43 chez
728 2241 43 45 le
802 2241 82 55 roi,
919 2243 29 44 il
982 2243 69 45 fut
1080 2258 170 32 encore
1282 2258 167 43 garçon
1482 2248 58 43 de
1573 2248 40 44 la
1645 2248 234 45 chambre.
1917 2249 134 55 Mais,
2088 2264 179 33 somme
2299 2259 137 46 toute,
2469 2264 103 32 nous

581 2307 218 55 ignorons
822 2307 55 55 si,
905 2311 24 43 à
953 2318 120 38 cette
1098 2312 195 54 époque,
1321 2311 155 47 c'était
1500 2321 131 37 autre
1655 2315 142 44 chose
1821 2329 116 41 pour
1961 2316 62 45 lui
2050 2318 142 53 qu'un
2220 2318 104 45 titre
2349 2325 223 48 purement

582 2376 302 55 honorifique.
922 2376 113 46 Rien
1070 2390 58 32 ne
1160 2391 118 32 nous
1308 2380 65 44 dit
1405 2380 112 54 qu'il
1551 2395 58 30 ne
1642 2382 69 45 fut
1743 2396 81 41 pas
1857 2396 168 42 garçon
2059 2384 57 44 de
2150 2385 41 44 la
2224 2386 217 45 chambre
2470 2385 102 44 chez

583 2443 365 54 Mademoiselle,
973 2457 196 42 comme,
1195 2446 115 44 chez
1334 2447 42 46 le
1400 2447 98 53 Roi,
1524 2447 217 47 Lambert
1766 2450 68 45 fut
1856 2452 123 45 valet
2002 2452 57 45 de
2082 2452 220 46 chambre
2324 2460 45 38 et
2392 2452 181 45 Antoine

585 2511 209 53 Boesset,
819 2512 164 43 maître
1006 2512 187 46 d'hôtel.
1221 2513 119 53 Quoi
1366 2514 110 55 qu'il
1503 2530 56 29 en
1583 2516 103 52 soit,
1712 2517 84 44 des
1818 2519 306 45 événements
2148 2519 235 55 imprévus
2404 2518 168 46 allaient

582 2577 334 55 brusquement
946 2578 63 44 lui
1043 2578 116 44 faire
1192 2580 168 54 quitter
1394 2582 68 43 les
1494 2582 228 47 Tuileries
1755 2597 115 41 pour
1902 2584 41 45 le
1978 2586 197 45 Louvre.

680 2643 73 44 On
790 2652 109 47 peut
935 2645 83 43 lire
1053 2646 114 44 dans
1202 2654 152 38 toutes
1391 2649 67 43 les
1494 2649 296 55 biographies
1824 2660 234 37 comment
2093 2653 134 56 Lully
2263 2654 68 45 fut
2366 2652 206 55 congédié

582 2723 108 33 sans
722 2713 303 54 récompense
1058 2726 115 41 pour
1206 2714 128 44 avoir
1366 2715 88 44 mis
1487 2729 58 30 en
1579 2718 216 54 musique
1828 2720 174 45 certain
2036 2721 184 54 couplet
2255 2734 218 43 moqueur
2505 2718 66 55 qui

579 2777 127 45 n'eut
750 2791 80 41 pas
874 2779 150 45 l'heur
1066 2780 57 44 de
1165 2780 143 54 plaire
1353 2785 23 41 à
1421 2782 354 47 Mademoiselle
1818 2785 85 56 (5).
1950 2786 249 46 L'histoire
2242 2796 70 37 est
2354 2789 214 54 piquante,

578 2845 456 47 malheureusement
1095 2861 81 31 son
1208 2848 259 46 exactitude
1531 2865 57 30 ne
1620 2855 143 51 paraît
1794 2867 81 41 pas
1937 2856 219 43 certaine.
2191 2856 128 44 Nous
2382 2852 167 48 connais-

582 2925 109 31 sons
722 2912 40 44 la
794 2913 146 45 vérité
972 2928 80 40 par
1082 2928 60 31 un
1175 2930 196 40 passage
1401 2918 83 43 des
2459 2920 118 43 Mém
1800 2921 56 44 de
1889 2921 113 44 Mlle
2032 2923 59 44 de
2122 2922 327 56 Montpensier.
2483 2920 89 44 Elle

581 2991 28 39 y
637 2978 151 44 donne
817 2979 39 45 la
884 2979 153 46 raison
1066 2980 60 46 du
1156 2983 159 53 départ
1343 2983 57 46 de
1429 2983 146 56 Lully.
1609 3002 25 24 «
1668 2987 150 53 Après
1846 2988 128 45 avoir
2002 2991 75 43 été
2107 2991 225 53 quelques
2360 2989 165 45 années
2550 2987 21 40 à

581 3044 106 55 moi,
714 3045 45 55 je
784 3048 74 43 fus
882 3048 175 54 exilée;
1082 3049 30 45 il
1140 3063 57 31 ne
1221 3052 161 44 voulut
1406 3066 81 40 pas
1513 3053 246 46 demeurer
1785 3058 24 41 à
1837 3057 40 43 la
1902 3069 278 42 campagne;
2209 3058 28 43 il
2265 3072 73 30 me
2364 3053 208 48 demanda

583 3125 82 31 son
699 3115 170 52 congé;
905 3114 41 54 je
979 3116 44 42 le
1056 3115 61 46 lui
1148 3116 167 46 donnai
1350 3127 45 36 et
1427 3120 163 54 depuis
1623 3120 30 45 il
1687 3134 27 32 a
1747 3121 81 46 fait
1862 3121 198 55 fortune,
2096 3138 77 30 car
2205 3124 116 46 c'est
2352 3137 59 31 un
2444 3119 127 57 grand

587 3179 180 44 baladin
803 3179 85 53 (6).
927 3198 26 25 »
990 3182 90 45 Les
1115 3182 107 46 faits
1255 3184 278 48 confirment
1567 3187 284 54 pleinement
1885 3190 113 44 ceci.
2036 3190 53 44 L'
2125 3208 23 24 «
2189 3190 130 46 hiver
2352 3191 56 43 de
2449 3186 123 54 1651,

715 3351 10 43 (
737 3360 13 26 i
761 3351 11 45 )
790 3351 121 36 Rossi
927 3353 144 36 devait
1087 3364 44 27 se
1148 3358 169 33 trouver
1334 3365 146 28 encore
1496 3358 27 35 à
1540 3358 116 36 Paris
1673 3359 24 35 à
1714 3363 111 33 cette
1843 3361 111 42 date,
1973 3363 106 35 mais
2095 3363 87 38 cela
2199 3364 108 37 n'est
2324 3373 74 38 pas
2415 3354 162 42 certain!

585 3403 49 40 V.
668 3406 179 35 ROMAIN
875 3405 226 36 ROLLAND.
1129 3406 230 38 Musiciens
1386 3410 262 45 d'Autrefois,
1677 3412 225 42 Hachette,
1936 3416 123 42 1908.'

696 3459 59 46 (2)
784 3458 147 37 Lettres
957 3461 45 35 de
1029 3461 243 43 Naturalitê,
1300 3463 185 37 Minutes
1510 3466 126 36 Ader.

698 3513 58 45 (3)
999 3513 165 45 Comparaison
1165 3515 89 42 lll,
1255 3527 47 35 173,
1329 3516 100 39 édit.
1454 3518 270 52 Bourdelot.f

695 3566 58 48 (4)
783 3565 71 35 Du
878 3566 217 38 TRALAGE.
1123 3568 173 39 Arsenal
1322 3598 9 7 .
1355 3571 75 37 Ms.
1457 3572 135 46 6.541.

666 3621 87 48 T(S)
788 3618 63 37 LA
872 3619 221 45 VIÉVILLE,
1118 3622 314 48 Comparaisons
1453 3626 81 43 111,
1561 3637 89 36 171,

684 3675 71 48 '(6)
995 3670 107 47 Mémoires,
1103 3675 85 38 édit.
1189 3676 146 39 Cheruel
1358 3679 81 43 111,
1461 3690 42 37 p.
1527 3680 89 46 348.
