2710 4089
497 896 211 103 LE
825 893 815 106 RYTHME

1698 893 77 69 (I)

124 1196 67 54 X.
224 1196 33 54 -
290 1196 67 54 LE
394 1211 208 34 RYTHME
639 1211 61 34 ET
738 1211 61 34 LA
836 1211 201 34 MESURE
1074 1209 127 36 SONT
1239 1198 378 46 INDÉPENDANTS
1654 1197 114 44 L'UN
1804 1207 65 33 DE
1905 1196 215 44 L'AUTRE

180 1306 78 56 La
298 1321 223 40 mesure
561 1303 127 58 naît
731 1303 80 56 du
851 1303 253 71 rythme.
1146 1302 105 56 Ces
1293 1302 155 56 deux
1493 1300 283 55 éléments
1817 1297 346 58 néanmoins

89 1392 190 54 restent
314 1386 437 72 indépendants
797 1386 146 56 dans
981 1382 498 74 l'interprétation
1531 1405 11 34 :
1588 1382 84 55 La
1711 1397 227 40 mesure
1978 1383 89 54 est
2111 1380 54 57 le

91 1485 183 56 moyen
319 1466 267 57 matériel
633 1466 297 57 d'évaluer
973 1466 84 56 les
1104 1482 249 56 groupes
1404 1463 71 58 de
1522 1480 137 39 sons
1702 1461 203 57 tandis
1950 1479 114 53 que
2114 1461 52 56 le

92 1551 204 72 rythme
313 1548 154 56 estla
482 1547 176 73 façon
668 1547 166 57 deles
844 1547 294 73 exprimer
1145 1546 466 57 conformément
1621 1543 34 55 à
1665 1541 143 58 laloi
1829 1540 330 73 artistique.

186 1630 508 72 Théoriquement,
756 1627 83 59 les
896 1635 170 52 notes
1130 1626 100 74 qui
1301 1628 405 55 commencent
1773 1622 84 56 les
1911 1640 256 39 mesures

94 1711 274 58 devraient
446 1711 167 56 avoir
684 1714 58 55 la
831 1711 189 56 même
1095 1707 449 73 accentuation,
1612 1705 150 56 mais
1820 1703 45 56 il
1946 1721 74 38 en
2086 1721 80 38 va

94 1797 301 54 autrement
444 1792 146 59 dans
633 1792 354 59 l'exécution
1030 1810 174 56 parce
1255 1810 112 53 que
1413 1791 54 56 le
1516 1790 254 72 rythme,
1820 1787 59 56 la
1916 1785 252 57 tonalité

94 1880 46 52 et
172 1875 53 56 la
265 1875 392 72 ponctuation
717 1874 261 59 donnent
1022 1872 544 60 accidentellement
1611 1889 76 37 au
1747 1875 195 67 temps
1988 1865 180 57 faible

94 1975 93 38 une
214 1956 366 73 importance
615 1955 376 74 particulière
1042 1954 101 73 qui
1183 1955 214 57 annule
1437 1955 54 57 le
1531 1960 198 65 temps
1770 1950 137 56 fort.

186 2039 157 56 Nous
373 2056 72 40 ne
475 2036 268 59 saurions
771 2043 139 67 trop
939 2039 230 71 répéter
1199 2055 115 55 que
1342 2036 250 56 l'accent
1622 2031 292 72 métrique
1951 2050 36 38 a
2020 2046 150 57 pour

96 2117 137 73 objet
270 2117 373 60 d'accentuer
679 2117 387 59 l'évaluation
1104 2119 103 57 des
1244 2117 208 58 durées
1470 2138 13 48 ;
1509 2116 45 54 il
1587 2134 73 38 ne
1700 2111 128 60 doit
1867 2110 153 60 donc
2059 2128 109 57 pas

96 2197 99 58 être
218 2199 111 56 mis
352 2219 74 38 en
451 2199 163 57 relief
641 2197 204 74 quand
865 2197 44 56 il
934 2204 246 52 entrave
1204 2199 54 56 le
1282 2215 133 40 sens
1432 2195 343 75 rythmique
1791 2210 76 40 ou
1883 2189 285 76 expressif

98 2280 149 58 d'une
275 2281 228 73 phrase.
538 2283 86 54 La
651 2283 172 54 barre
855 2283 73 54 de
957 2297 228 40 mesure
1216 2281 152 56 n'est
1399 2299 73 37 en
1502 2276 207 57 réalité
1739 2275 186 74 qu'un
1955 2271 185 60 rensei-

96 2368 249 64 gnement
373 2380 151 55 pour
549 2361 381 70 l'exécutant,
962 2379 65 37 sa
1053 2360 200 57 raison
1283 2359 186 59 d'être
1497 2364 88 52 est
1617 2359 71 56 de
1716 2354 254 58 faciliter
1996 2354 145 56 l'exé-

96 2441 178 59 cution
305 2463 73 38 en
407 2443 322 73 indiquant
765 2446 297 54 comment
1096 2448 135 50 sont
1267 2441 290 57 mesurées
1589 2439 84 57 les
1707 2436 233 57 valeurs
1975 2436 104 68 (2).
2119 2431 51 57 Il

98 2540 55 38 ne
183 2523 124 57 faut
343 2526 153 56 donc
529 2543 110 55 pas
672 2524 59 54 la
766 2523 332 57 considérer
1131 2540 228 40 comme
1394 2521 172 73 point
1604 2519 72 57 de
1710 2517 199 73 repère
1945 2514 225 58 certain

97 2620 124 54 pour
261 2606 293 58 délimiter
592 2604 296 58 l'étendue
930 2605 144 57 d'un
1116 2604 212 57 dessin.
1372 2604 60 56 Si
1475 2622 84 38 un
1599 2599 196 58 dessin
1834 2613 336 42 commence

98 2700 78 38 sur
206 2686 50 56 le
293 2704 26 37 l
323 2700 42 26 er
398 2694 194 66 temps
628 2705 79 39 ou
741 2685 133 60 finit
909 2704 99 38 sur
1039 2685 55 56 le
1130 2684 229 58 dernier
1396 2685 71 56 de
1500 2683 60 54 la
1593 2697 230 40 mesure
1857 2679 142 56 c'est
2032 2679 138 53 tout

98 2763 348 76 simplement
474 2788 116 37 une
619 2766 372 58 coïncidence
1020 2765 80 59 du
1128 2766 242 73 rythmé
1395 2769 60 52 et
1486 2763 71 58 de
1584 2763 59 54 la
1669 2777 247 40 mesure.

191 2849 84 56 De
313 2868 63 38 ce
414 2869 115 54 que
564 2850 55 55 le
656 2850 237 71 rythme
931 2853 59 51 et
1028 2848 58 54 la
1086 2848 12 12 r
1126 2864 228 40 mesure
1391 2846 170 56 n'ont
1597 2860 109 56 pas
1742 2841 53 56 le
1832 2839 192 57 même
2058 2838 112 55 but

97 2923 32 56 il
149 2947 64 38 ne
237 2930 117 57 suit
380 2932 325 58 nullement
732 2949 114 54 que
872 2947 95 39 ces
994 2930 155 56 deux
1173 2929 282 56 éléments
1483 2925 191 56 soient
1696 2919 472 75 incompatibles.

192 3012 80 54 La
305 3010 398 60 concordance
738 3009 80 60 du
850 3012 236 71 rythme
1121 3015 61 51 et
1217 3010 71 56 de
1320 3008 58 56 la
1406 3024 229 40 mesure
1660 3009 89 52 est
1777 3020 76 39 au
1881 2998 291 59 contraire

102 3089 320 75 obligatoire
473 3093 147 57 dans
665 3092 58 57 la
771 3090 405 59 construction
1225 3090 175 56 d'une
1446 3088 214 72 phrase
1707 3081 298 58 musicale.
2054 3079 79 54 Au-

101 3172 228 59 trement
376 3175 110 69 dit,
531 3173 83 58 tel
658 3174 237 71 rythme
938 3172 186 72 exige,
1170 3188 151 55 pour
1364 3187 107 38 son
1512 3161 480 75 interprétation,
2035 3159 140 56 telle

102 3267 201 46 mesure
352 3257 36 54 à
435 3254 344 59 l'exclusion
830 3255 72 56 de
948 3258 171 51 toute
1170 3255 186 52 autre.
1410 3249 216 74 Quand
1672 3246 54 55 le
1776 3240 399 74 compositeur

103 3339 118 50 veut
257 3337 180 56 écrire
475 3356 115 37 une
628 3337 211 70 phrase
878 3332 298 69 musicale,
1213 3332 44 53 il
1293 3328 216 58 choisit
1546 3328 58 53 la
1643 3340 227 41 mesure
1909 3324 146 55 dont
2093 3319 83 57 les

197 3457 60 60 (i)
296 3459 108 41 Voir
430 3460 40 38 le
493 3457 187 42 numéro
702 3457 40 41 le
764 3455 184 40 Février
973 3465 123 39 1909.

147 3516 55 51 (a)
246 3520 106 39 Plus
395 3520 108 39 l'art
544 3517 194 44 musical
779 3528 28 28 a
835 3516 251 53 progressé,
1116 3514 104 53 plus
1248 3513 31 38 il
1309 3514 69 39 est
1410 3512 178 38 devenu
1617 3507 238 51 complexe
1885 3502 290 40 d'exécution

101 3586 16 26 e
119 3579 17 36 t
183 3580 99 51 plus
324 3583 33 38 il
408 3594 28 27 a
484 3593 59 28 eu
591 3579 161 41 besoin
794 3579 56 40 de
898 3588 195 41 moyens
1140 3577 56 38 de
1241 3574 215 40 notation
1503 3582 114 42 pour
1668 3568 194 53 préciser
1893 3569 47 37 et
1979 3563 194 42 faciliter

102 3645 65 32 son
194 3640 364 56 interprétation.
594 3640 121 41 C'est
746 3639 117 42 ainsi
896 3650 87 41 que
1015 3638 45 39 la
1091 3638 132 39 barre
1258 3635 56 39 de
1345 3644 177 36 mesure
1554 3634 70 38 est
1657 3630 208 39 devenue
1926 3624 249 40 nécessaire

102 3695 20 39 à
145 3705 131 47 partir
308 3705 61 39 du
398 3711 107 33 xvi«
531 3702 145 42 siècle.
