<?xml version="1.0" encoding="UTF-8"?>
<alto xmlns:xsi="http://www.w3.org/2001/XMLSchema-instance" xmlns="http://www.loc.gov/standards/alto/ns-v2#" xsi:schemaLocation="http://www.loc.gov/standards/alto/ns-v2# http://www.loc.gov/standards/alto/alto-v2.0.xsd" xmlns:xlink="http://www.w3.org/1999/xlink">
	<Description>
		<MeasurementUnit>mm10</MeasurementUnit>
		<sourceImageInformation>
			<fileName>//fileserver7/IN2/Princeton/Batch3/bmtnabh/1909/03/15_01/00000252.tif</fileName>
		</sourceImageInformation>
		<OCRProcessing ID="OCRPROCESSING_1">
			<preProcessingStep>
				<processingSoftware>
					<softwareCreator>CCS Content Conversion Specialists GmbH, Germany</softwareCreator>
					<softwareName>CCS docWORKS</softwareName>
					<softwareVersion>6.6-1.18</softwareVersion>
				</processingSoftware>
			</preProcessingStep>
			<ocrProcessingStep>
				<processingSoftware>
					<softwareCreator>ABBYY (BIT Software), Russia</softwareCreator>
					<softwareName>FineReader</softwareName>
					<softwareVersion>10.0</softwareVersion>
				</processingSoftware>
			</ocrProcessingStep>
		</OCRProcessing>
	</Description>
	<Styles>
		<TextStyle ID="TXT_0" FONTSIZE="14" FONTFAMILY="Times New Roman"/>
		<TextStyle ID="TXT_1" FONTSIZE="13" FONTFAMILY="Times New Roman" FONTSTYLE="bold"/>
		<TextStyle ID="TXT_2" FONTSIZE="16" FONTFAMILY="Times New Roman"/>
		<TextStyle ID="TXT_3" FONTSIZE="14" FONTFAMILY="Unknown"/>
		<TextStyle ID="TXT_4" FONTSIZE="13" FONTFAMILY="Times New Roman"/>
		<TextStyle ID="TXT_5" FONTSIZE="14" FONTFAMILY="Times New Roman" FONTSTYLE="italics"/>
		<TextStyle ID="TXT_6" FONTSIZE="14" FONTFAMILY="Times New Roman" FONTSTYLE="bold"/>
		<TextStyle ID="TXT_7" FONTSIZE="32" FONTFAMILY="Times New Roman"/>
		<ParagraphStyle ID="PAR_LEFT" ALIGN="Left"/>
		<ParagraphStyle ID="PAR_RIGHT" ALIGN="Right"/>
		<ParagraphStyle ID="PAR_BLOCK" ALIGN="Block"/>
	</Styles>
	<Layout>
		<Page ID="P3" PHYSICAL_IMG_NR="3" HEIGHT="4089" WIDTH="2710" PC="0.921">
			<TopMargin ID="P3_TM00001" HPOS="0" VPOS="0" WIDTH="2710" HEIGHT="388">
				<TextBlock ID="P3_TB00001" HPOS="710" VPOS="335" WIDTH="93" HEIGHT="45" STYLEREFS="TXT_0 PAR_LEFT">
					<TextLine ID="P3_TL00001" HPOS="710" VPOS="335" WIDTH="93" HEIGHT="45">
						<String ID="P3_ST00001" HPOS="710" VPOS="335" WIDTH="93" HEIGHT="45" CONTENT="226" WC="0.68" CC="630"/>
					</TextLine>
				</TextBlock>
				<TextBlock ID="P3_TB00002" HPOS="1245" VPOS="340" WIDTH="925" HEIGHT="45" STYLEREFS="TXT_1 PAR_RIGHT">
					<TextLine ID="P3_TL00002" HPOS="1246" VPOS="340" WIDTH="924" HEIGHT="45">
						<String ID="P3_ST00002" HPOS="1246" VPOS="343" WIDTH="245" HEIGHT="35" CONTENT="BULLETIN" WC="0.99" CC="01400235"/>
						<SP ID="P3_SP00001" HPOS="1491" VPOS="378" WIDTH="33"/>
						<String ID="P3_ST00003" HPOS="1524" VPOS="342" WIDTH="244" HEIGHT="43" CONTENT="FRANÇAIS" WC="0.99" CC="12060050"/>
						<SP ID="P3_SP00002" HPOS="1768" VPOS="385" WIDTH="29"/>
						<String ID="P3_ST00004" HPOS="1797" VPOS="342" WIDTH="64" HEIGHT="33" CONTENT="DE" WC="0.69" CC="60"/>
						<SP ID="P3_SP00003" HPOS="1861" VPOS="385" WIDTH="33"/>
						<String ID="P3_ST00005" HPOS="1894" VPOS="340" WIDTH="60" HEIGHT="35" CONTENT="LA" WC="1.00" CC="00"/>
						<SP ID="P3_SP00004" HPOS="1954" VPOS="385" WIDTH="33"/>
						<String ID="P3_ST00006" HPOS="1987" VPOS="340" WIDTH="36" HEIGHT="35" CONTENT="S." WC="1.00" CC="00"/>
						<SP ID="P3_SP00005" HPOS="2023" VPOS="385" WIDTH="36"/>
						<String ID="P3_ST00007" HPOS="2059" VPOS="340" WIDTH="28" HEIGHT="33" CONTENT="1." WC="0.77" CC="40"/>
						<SP ID="P3_SP00006" HPOS="2087" VPOS="385" WIDTH="34"/>
						<String ID="P3_ST00008" HPOS="2121" VPOS="340" WIDTH="49" HEIGHT="33" CONTENT="M." WC="0.51" CC="90"/>
					</TextLine>
				</TextBlock>
			</TopMargin>
			<LeftMargin ID="P3_LM00001" HPOS="0" VPOS="388" WIDTH="691" HEIGHT="3370"/>
			<RightMargin ID="P3_RM00001" HPOS="2651" VPOS="388" WIDTH="59" HEIGHT="3370"/>
			<BottomMargin ID="P3_BM00001" HPOS="0" VPOS="3758" WIDTH="2710" HEIGHT="331"/>
			<PrintSpace ID="P3_PS00001" HPOS="691" VPOS="388" WIDTH="1960" HEIGHT="3370">
				<TextBlock ID="P3_TB00003" HPOS="700" VPOS="493" WIDTH="1951" HEIGHT="863" STYLEREFS="TXT_2 PAR_BLOCK">
					<TextLine ID="P3_TL00003" HPOS="701" VPOS="494" WIDTH="1946" HEIGHT="61">
						<String ID="P3_ST00009" HPOS="701" VPOS="506" WIDTH="102" HEIGHT="37" CONTENT="teur" WC="1.00" CC="0000"/>
						<SP ID="P3_SP00007" HPOS="803" VPOS="543" WIDTH="29"/>
						<String ID="P3_ST00010" HPOS="832" VPOS="497" WIDTH="86" HEIGHT="46" CONTENT="sait" WC="1.00" CC="0100"/>
						<SP ID="P3_SP00008" HPOS="918" VPOS="543" WIDTH="30"/>
						<String ID="P3_ST00011" HPOS="948" VPOS="500" WIDTH="205" HEIGHT="53" CONTENT="évoquer" WC="1.00" CC="0000000"/>
						<SP ID="P3_SP00009" HPOS="1153" VPOS="553" WIDTH="30"/>
						<String ID="P3_ST00012" HPOS="1183" VPOS="505" WIDTH="195" HEIGHT="38" CONTENT="souvent" WC="1.00" CC="0000000"/>
						<SP ID="P3_SP00010" HPOS="1378" VPOS="553" WIDTH="31"/>
						<String ID="P3_ST00013" HPOS="1409" VPOS="510" WIDTH="57" HEIGHT="30" CONTENT="en" WC="1.00" CC="00"/>
						<SP ID="P3_SP00011" HPOS="1466" VPOS="553" WIDTH="30"/>
						<String ID="P3_ST00014" HPOS="1496" VPOS="496" WIDTH="228" HEIGHT="54" CONTENT="quelques" WC="1.00" CC="00030000"/>
						<SP ID="P3_SP00012" HPOS="1724" VPOS="553" WIDTH="30"/>
						<String ID="P3_ST00015" HPOS="1754" VPOS="494" WIDTH="161" HEIGHT="54" CONTENT="lignes," WC="0.99" CC="0495000"/>
						<SP ID="P3_SP00013" HPOS="1915" VPOS="553" WIDTH="33"/>
						<String ID="P3_ST00016" HPOS="1948" VPOS="507" WIDTH="88" HEIGHT="32" CONTENT="aux" WC="0.98" CC="400"/>
						<SP ID="P3_SP00014" HPOS="2036" VPOS="553" WIDTH="29"/>
						<String ID="P3_ST00017" HPOS="2065" VPOS="507" WIDTH="121" HEIGHT="41" CONTENT="yeux" WC="0.97" CC="0049"/>
						<SP ID="P3_SP00015" HPOS="2186" VPOS="553" WIDTH="30"/>
						<String ID="P3_ST00018" HPOS="2216" VPOS="494" WIDTH="59" HEIGHT="45" CONTENT="du" WC="1.00" CC="00"/>
						<SP ID="P3_SP00016" HPOS="2275" VPOS="553" WIDTH="30"/>
						<String ID="P3_ST00019" HPOS="2305" VPOS="494" WIDTH="167" HEIGHT="46" CONTENT="lecteur" WC="1.00" CC="0012000"/>
						<SP ID="P3_SP00017" HPOS="2472" VPOS="553" WIDTH="26"/>
						<String ID="P3_ST00020" HPOS="2498" VPOS="505" WIDTH="149" HEIGHT="50" CONTENT="attentif," WC="0.99" CC="005006070"/>
					</TextLine>
					<TextLine ID="P3_TL00004" HPOS="706" VPOS="559" WIDTH="1945" HEIGHT="59">
						<String ID="P3_ST00021" HPOS="706" VPOS="564" WIDTH="103" HEIGHT="45" CONTENT="l'art" WC="1.00" CC="20100"/>
						<SP ID="P3_SP00018" HPOS="809" VPOS="609" WIDTH="29"/>
						<String ID="P3_ST00022" HPOS="838" VPOS="563" WIDTH="263" HEIGHT="55" CONTENT="wagnérien" WC="0.86" CC="350000300"/>
						<SP ID="P3_SP00019" HPOS="1101" VPOS="618" WIDTH="32"/>
						<String ID="P3_ST00023" HPOS="1133" VPOS="571" WIDTH="97" HEIGHT="38" CONTENT="tout" WC="1.00" CC="0000"/>
						<SP ID="P3_SP00020" HPOS="1230" VPOS="618" WIDTH="30"/>
						<String ID="P3_ST00024" HPOS="1260" VPOS="563" WIDTH="163" HEIGHT="52" CONTENT="entier," WC="1.00" CC="0004000"/>
						<SP ID="P3_SP00021" HPOS="1423" VPOS="618" WIDTH="34"/>
						<String ID="P3_ST00025" HPOS="1457" VPOS="562" WIDTH="203" HEIGHT="44" CONTENT="suffisait" WC="0.99" CC="006630400"/>
						<SP ID="P3_SP00022" HPOS="1660" VPOS="618" WIDTH="31"/>
						<String ID="P3_ST00026" HPOS="1691" VPOS="564" WIDTH="24" HEIGHT="42" CONTENT="à" WC="1.00" CC="0"/>
						<SP ID="P3_SP00023" HPOS="1715" VPOS="618" WIDTH="30"/>
						<String ID="P3_ST00027" HPOS="1745" VPOS="560" WIDTH="201" HEIGHT="55" CONTENT="justifier" WC="0.99" CC="410255101"/>
						<SP ID="P3_SP00024" HPOS="1946" VPOS="618" WIDTH="33"/>
						<String ID="P3_ST00028" HPOS="1979" VPOS="562" WIDTH="41" HEIGHT="43" CONTENT="la" WC="0.69" CC="51"/>
						<SP ID="P3_SP00025" HPOS="2020" VPOS="618" WIDTH="34"/>
						<String ID="P3_ST00029" HPOS="2054" VPOS="577" WIDTH="23" HEIGHT="25" CONTENT="«" WC="0.32" CC="6"/>
						<SP ID="P3_SP00026" HPOS="2077" VPOS="618" WIDTH="35"/>
						<String ID="P3_ST00030" HPOS="2112" VPOS="559" WIDTH="118" HEIGHT="46" CONTENT="mise" WC="0.99" CC="0300"/>
						<SP ID="P3_SP00027" HPOS="2230" VPOS="618" WIDTH="32"/>
						<String ID="P3_ST00031" HPOS="2262" VPOS="562" WIDTH="24" HEIGHT="42" CONTENT="à" WC="1.00" CC="0"/>
						<SP ID="P3_SP00028" HPOS="2286" VPOS="618" WIDTH="31"/>
						<String ID="P3_ST00032" HPOS="2317" VPOS="560" WIDTH="96" HEIGHT="54" CONTENT="jour" WC="0.98" CC="4300"/>
						<SP ID="P3_SP00029" HPOS="2413" VPOS="618" WIDTH="33"/>
						<String ID="P3_ST00033" HPOS="2446" VPOS="580" WIDTH="22" HEIGHT="24" CONTENT="»" WC="0.41" CC="5"/>
						<SP ID="P3_SP00030" HPOS="2468" VPOS="618" WIDTH="32"/>
						<String ID="P3_ST00034" HPOS="2500" VPOS="566" WIDTH="48" HEIGHT="43" CONTENT="de" WC="1.00" CC="00"/>
						<SP ID="P3_SP00031" HPOS="2548" VPOS="618" WIDTH="27"/>
						<String ID="P3_ST00035" HPOS="2575" VPOS="568" WIDTH="61" HEIGHT="47" CONTENT="l'ou" SUBS_TYPE="HypPart1" SUBS_CONTENT="l'ouvrage" WC="0.99" CC="0103"/>
						<HYP HPOS="2636" VPOS="568" WIDTH="15" CONTENT="-"/>
					</TextLine>
					<TextLine ID="P3_TL00005" HPOS="701" VPOS="630" WIDTH="1949" HEIGHT="56">
						<String ID="P3_ST00036" HPOS="701" VPOS="644" WIDTH="141" HEIGHT="42" CONTENT="vrage" SUBS_TYPE="HypPart2" SUBS_CONTENT="l'ouvrage" WC="0.99" CC="00350"/>
						<SP ID="P3_SP00032" HPOS="842" VPOS="686" WIDTH="28"/>
						<String ID="P3_ST00037" HPOS="870" VPOS="646" WIDTH="59" HEIGHT="31" CONTENT="au" WC="0.58" CC="34"/>
						<SP ID="P3_SP00033" HPOS="929" VPOS="686" WIDTH="29"/>
						<String ID="P3_ST00038" HPOS="958" VPOS="632" WIDTH="126" HEIGHT="54" CONTENT="point" WC="0.99" CC="00600"/>
						<SP ID="P3_SP00034" HPOS="1084" VPOS="686" WIDTH="29"/>
						<String ID="P3_ST00039" HPOS="1113" VPOS="633" WIDTH="57" HEIGHT="43" CONTENT="de" WC="1.00" CC="00"/>
						<SP ID="P3_SP00035" HPOS="1170" VPOS="686" WIDTH="29"/>
						<String ID="P3_ST00040" HPOS="1199" VPOS="646" WIDTH="90" HEIGHT="30" CONTENT="vue" WC="1.00" CC="000"/>
						<SP ID="P3_SP00036" HPOS="1289" VPOS="686" WIDTH="30"/>
						<String ID="P3_ST00041" HPOS="1319" VPOS="630" WIDTH="262" HEIGHT="55" CONTENT="technique," WC="1.00" CC="2020040003"/>
						<SP ID="P3_SP00037" HPOS="1581" VPOS="686" WIDTH="35"/>
						<String ID="P3_ST00042" HPOS="1616" VPOS="630" WIDTH="183" HEIGHT="55" CONTENT="d'après" WC="1.00" CC="0000000"/>
						<SP ID="P3_SP00038" HPOS="1799" VPOS="686" WIDTH="30"/>
						<String ID="P3_ST00043" HPOS="1829" VPOS="630" WIDTH="69" HEIGHT="44" CONTENT="les" WC="1.00" CC="000"/>
						<SP ID="P3_SP00039" HPOS="1898" VPOS="686" WIDTH="30"/>
						<String ID="P3_ST00044" HPOS="1928" VPOS="632" WIDTH="189" HEIGHT="52" CONTENT="acquêts" WC="0.99" CC="5004010"/>
						<SP ID="P3_SP00040" HPOS="2117" VPOS="686" WIDTH="31"/>
						<String ID="P3_ST00045" HPOS="2148" VPOS="642" WIDTH="240" HEIGHT="32" CONTENT="nouveaux" WC="0.99" CC="10000307"/>
						<SP ID="P3_SP00041" HPOS="2388" VPOS="686" WIDTH="29"/>
						<String ID="P3_ST00046" HPOS="2417" VPOS="632" WIDTH="52" HEIGHT="44" CONTENT="de" WC="0.63" CC="70"/>
						<SP ID="P3_SP00042" HPOS="2469" VPOS="686" WIDTH="29"/>
						<String ID="P3_ST00047" HPOS="2498" VPOS="633" WIDTH="84" HEIGHT="47" CONTENT="l'art" WC="1.00" CC="01002"/>
						<SP ID="P3_SP00043" HPOS="2582" VPOS="686" WIDTH="23"/>
						<String ID="P3_ST00048" HPOS="2605" VPOS="651" WIDTH="30" HEIGHT="31" CONTENT="or" SUBS_TYPE="HypPart1" SUBS_CONTENT="orchestral," WC="0.96" CC="15"/>
						<HYP HPOS="2635" VPOS="651" WIDTH="15" CONTENT="-"/>
					</TextLine>
					<TextLine ID="P3_TL00006" HPOS="704" VPOS="694" WIDTH="1751" HEIGHT="58">
						<String ID="P3_ST00049" HPOS="704" VPOS="699" WIDTH="213" HEIGHT="51" CONTENT="chestral," SUBS_TYPE="HypPart2" SUBS_CONTENT="orchestral," WC="1.00" CC="000040501"/>
						<SP ID="P3_SP00044" HPOS="917" VPOS="750" WIDTH="31"/>
						<String ID="P3_ST00050" HPOS="948" VPOS="699" WIDTH="423" HEIGHT="53" CONTENT="particulièrement" WC="1.00" CC="0000000550104004"/>
						<SP ID="P3_SP00045" HPOS="1371" VPOS="752" WIDTH="26"/>
						<String ID="P3_ST00051" HPOS="1397" VPOS="712" WIDTH="56" HEIGHT="30" CONTENT="au" WC="0.82" CC="30"/>
						<SP ID="P3_SP00046" HPOS="1453" VPOS="752" WIDTH="29"/>
						<String ID="P3_ST00052" HPOS="1482" VPOS="696" WIDTH="126" HEIGHT="56" CONTENT="point" WC="0.99" CC="03004"/>
						<SP ID="P3_SP00047" HPOS="1608" VPOS="752" WIDTH="28"/>
						<String ID="P3_ST00053" HPOS="1636" VPOS="698" WIDTH="56" HEIGHT="43" CONTENT="de" WC="1.00" CC="00"/>
						<SP ID="P3_SP00048" HPOS="1692" VPOS="752" WIDTH="27"/>
						<String ID="P3_ST00054" HPOS="1719" VPOS="710" WIDTH="91" HEIGHT="31" CONTENT="vue" WC="1.00" CC="001"/>
						<SP ID="P3_SP00049" HPOS="1810" VPOS="752" WIDTH="28"/>
						<String ID="P3_ST00055" HPOS="1838" VPOS="696" WIDTH="56" HEIGHT="45" CONTENT="de" WC="1.00" CC="00"/>
						<SP ID="P3_SP00050" HPOS="1894" VPOS="752" WIDTH="30"/>
						<String ID="P3_ST00056" HPOS="1924" VPOS="695" WIDTH="197" HEIGHT="45" CONTENT="Richard" WC="0.99" CC="6003100"/>
						<SP ID="P3_SP00051" HPOS="2121" VPOS="752" WIDTH="28"/>
						<String ID="P3_ST00057" HPOS="2149" VPOS="694" WIDTH="200" HEIGHT="54" CONTENT="Wagner" WC="0.98" CC="567000"/>
						<SP ID="P3_SP00052" HPOS="2349" VPOS="752" WIDTH="27"/>
						<String ID="P3_ST00058" HPOS="2376" VPOS="695" WIDTH="79" HEIGHT="53" CONTENT="(1)." WC="0.93" CC="0011"/>
					</TextLine>
					<TextLine ID="P3_TL00007" HPOS="797" VPOS="762" WIDTH="1510" HEIGHT="58">
						<String ID="P3_ST00059" HPOS="797" VPOS="765" WIDTH="53" HEIGHT="55" CONTENT="Je" WC="1.00" CC="00"/>
						<SP ID="P3_SP00053" HPOS="850" VPOS="820" WIDTH="27"/>
						<String ID="P3_ST00060" HPOS="877" VPOS="778" WIDTH="75" HEIGHT="31" CONTENT="me" WC="1.00" CC="00"/>
						<SP ID="P3_SP00054" HPOS="952" VPOS="820" WIDTH="26"/>
						<String ID="P3_ST00061" HPOS="978" VPOS="765" WIDTH="97" HEIGHT="44" CONTENT="suis" WC="0.98" CC="2040"/>
						<SP ID="P3_SP00055" HPOS="1075" VPOS="820" WIDTH="28"/>
						<String ID="P3_ST00062" HPOS="1103" VPOS="765" WIDTH="116" HEIGHT="44" CONTENT="donc" WC="1.00" CC="0100"/>
						<SP ID="P3_SP00056" HPOS="1219" VPOS="820" WIDTH="27"/>
						<String ID="P3_ST00063" HPOS="1246" VPOS="765" WIDTH="161" HEIGHT="44" CONTENT="décidé" WC="1.00" CC="000100"/>
						<SP ID="P3_SP00057" HPOS="1407" VPOS="820" WIDTH="28"/>
						<String ID="P3_ST00064" HPOS="1435" VPOS="766" WIDTH="25" HEIGHT="42" CONTENT="à" WC="1.00" CC="0"/>
						<SP ID="P3_SP00058" HPOS="1460" VPOS="820" WIDTH="29"/>
						<String ID="P3_ST00065" HPOS="1489" VPOS="764" WIDTH="332" HEIGHT="54" CONTENT="entreprendre" WC="1.00" CC="000400000010"/>
						<SP ID="P3_SP00059" HPOS="1821" VPOS="820" WIDTH="26"/>
						<String ID="P3_ST00066" HPOS="1847" VPOS="764" WIDTH="43" HEIGHT="43" CONTENT="le" WC="0.82" CC="30"/>
						<SP ID="P3_SP00060" HPOS="1890" VPOS="820" WIDTH="28"/>
						<String ID="P3_ST00067" HPOS="1918" VPOS="765" WIDTH="187" HEIGHT="52" CONTENT="présent" WC="1.00" CC="0000000"/>
						<SP ID="P3_SP00061" HPOS="2105" VPOS="820" WIDTH="28"/>
						<String ID="P3_ST00068" HPOS="2133" VPOS="762" WIDTH="174" HEIGHT="45" CONTENT="travail." WC="0.99" CC="60003060"/>
					</TextLine>
					<TextLine ID="P3_TL00008" HPOS="802" VPOS="830" WIDTH="1848" HEIGHT="57">
						<String ID="P3_ST00069" HPOS="802" VPOS="832" WIDTH="89" HEIGHT="45" CONTENT="Par" WC="1.00" CC="010"/>
						<SP ID="P3_SP00062" HPOS="891" VPOS="877" WIDTH="34"/>
						<String ID="P3_ST00070" HPOS="925" VPOS="846" WIDTH="61" HEIGHT="31" CONTENT="un" WC="1.00" CC="00"/>
						<SP ID="P3_SP00063" HPOS="986" VPOS="877" WIDTH="37"/>
						<String ID="P3_ST00071" HPOS="1023" VPOS="834" WIDTH="216" HEIGHT="53" CONTENT="scrupule" WC="1.00" CC="00000030"/>
						<SP ID="P3_SP00064" HPOS="1239" VPOS="887" WIDTH="35"/>
						<String ID="P3_ST00072" HPOS="1274" VPOS="832" WIDTH="227" HEIGHT="45" CONTENT="aisément" WC="1.00" CC="35000000"/>
						<SP ID="P3_SP00065" HPOS="1501" VPOS="887" WIDTH="35"/>
						<String ID="P3_ST00073" HPOS="1536" VPOS="831" WIDTH="418" HEIGHT="55" CONTENT="compréhensible," WC="1.00" CC="020012300045500"/>
						<SP ID="P3_SP00066" HPOS="1954" VPOS="887" WIDTH="38"/>
						<String ID="P3_ST00074" HPOS="1992" VPOS="830" WIDTH="76" HEIGHT="54" CONTENT="j'ai" WC="0.97" CC="2053"/>
						<SP ID="P3_SP00067" HPOS="2068" VPOS="887" WIDTH="37"/>
						<String ID="P3_ST00075" HPOS="2105" VPOS="837" WIDTH="109" HEIGHT="37" CONTENT="tenu" WC="0.99" CC="0040"/>
						<SP ID="P3_SP00068" HPOS="2214" VPOS="887" WIDTH="37"/>
						<String ID="P3_ST00076" HPOS="2251" VPOS="832" WIDTH="24" HEIGHT="41" CONTENT="à" WC="1.00" CC="0"/>
						<SP ID="P3_SP00069" HPOS="2275" VPOS="887" WIDTH="37"/>
						<String ID="P3_ST00077" HPOS="2312" VPOS="844" WIDTH="56" HEIGHT="30" CONTENT="ne" WC="1.00" CC="00"/>
						<SP ID="P3_SP00070" HPOS="2368" VPOS="887" WIDTH="35"/>
						<String ID="P3_ST00078" HPOS="2403" VPOS="832" WIDTH="182" HEIGHT="46" CONTENT="modifier" WC="1.00" CC="05000001"/>
						<SP ID="P3_SP00071" HPOS="2585" VPOS="887" WIDTH="26"/>
						<String ID="P3_ST00079" HPOS="2611" VPOS="851" WIDTH="39" HEIGHT="31" CONTENT="en" WC="0.73" CC="05"/>
					</TextLine>
					<TextLine ID="P3_TL00009" HPOS="701" VPOS="898" WIDTH="1949" HEIGHT="54">
						<String ID="P3_ST00080" HPOS="701" VPOS="901" WIDTH="98" HEIGHT="43" CONTENT="rien" WC="0.99" CC="0600"/>
						<SP ID="P3_SP00072" HPOS="799" VPOS="944" WIDTH="31"/>
						<String ID="P3_ST00081" HPOS="830" VPOS="901" WIDTH="42" HEIGHT="43" CONTENT="le" WC="0.92" CC="10"/>
						<SP ID="P3_SP00073" HPOS="872" VPOS="944" WIDTH="30"/>
						<String ID="P3_ST00082" HPOS="902" VPOS="908" WIDTH="123" HEIGHT="37" CONTENT="texte" WC="0.99" CC="00800"/>
						<SP ID="P3_SP00074" HPOS="1025" VPOS="945" WIDTH="28"/>
						<String ID="P3_ST00083" HPOS="1053" VPOS="901" WIDTH="57" HEIGHT="44" CONTENT="de" WC="0.84" CC="03"/>
						<SP ID="P3_SP00075" HPOS="1110" VPOS="945" WIDTH="28"/>
						<String ID="P3_ST00084" HPOS="1138" VPOS="908" WIDTH="121" HEIGHT="37" CONTENT="cette" WC="0.99" CC="00220"/>
						<SP ID="P3_SP00076" HPOS="1259" VPOS="945" WIDTH="28"/>
						<String ID="P3_ST00085" HPOS="1287" VPOS="914" WIDTH="162" HEIGHT="31" CONTENT="œuvre" WC="0.99" CC="26000"/>
						<SP ID="P3_SP00077" HPOS="1449" VPOS="945" WIDTH="30"/>
						<String ID="P3_ST00086" HPOS="1479" VPOS="900" WIDTH="397" HEIGHT="44" CONTENT="essentiellement" WC="1.00" CC="000040500600000"/>
						<SP ID="P3_SP00078" HPOS="1876" VPOS="945" WIDTH="29"/>
						<String ID="P3_ST00087" HPOS="1905" VPOS="900" WIDTH="261" HEIGHT="52" CONTENT="homogène" WC="0.99" CC="00938050"/>
						<SP ID="P3_SP00079" HPOS="2166" VPOS="952" WIDTH="29"/>
						<String ID="P3_ST00088" HPOS="2195" VPOS="906" WIDTH="46" HEIGHT="37" CONTENT="et" WC="0.96" CC="00"/>
						<SP ID="P3_SP00080" HPOS="2241" VPOS="952" WIDTH="29"/>
						<String ID="P3_ST00089" HPOS="2270" VPOS="900" WIDTH="23" HEIGHT="41" CONTENT="à" WC="1.00" CC="0"/>
						<SP ID="P3_SP00081" HPOS="2293" VPOS="952" WIDTH="31"/>
						<String ID="P3_ST00090" HPOS="2324" VPOS="898" WIDTH="206" HEIGHT="46" CONTENT="formuler" WC="0.99" CC="41090000"/>
						<SP ID="P3_SP00082" HPOS="2530" VPOS="952" WIDTH="24"/>
						<String ID="P3_ST00091" HPOS="2554" VPOS="902" WIDTH="80" HEIGHT="46" CONTENT="isolé" SUBS_TYPE="HypPart1" SUBS_CONTENT="isolément" WC="1.00" CC="00000"/>
						<HYP HPOS="2634" VPOS="902" WIDTH="16" CONTENT="-"/>
					</TextLine>
					<TextLine ID="P3_TL00010" HPOS="704" VPOS="964" WIDTH="1944" HEIGHT="59">
						<String ID="P3_ST00092" HPOS="704" VPOS="976" WIDTH="126" HEIGHT="35" CONTENT="ment" SUBS_TYPE="HypPart2" SUBS_CONTENT="isolément" WC="1.00" CC="0011"/>
						<SP ID="P3_SP00083" HPOS="830" VPOS="1011" WIDTH="30"/>
						<String ID="P3_ST00093" HPOS="860" VPOS="981" WIDTH="99" HEIGHT="30" CONTENT="mes" WC="1.00" CC="000"/>
						<SP ID="P3_SP00084" HPOS="959" VPOS="1011" WIDTH="29"/>
						<String ID="P3_ST00094" HPOS="988" VPOS="967" WIDTH="323" HEIGHT="44" CONTENT="observations" WC="1.00" CC="000000006057"/>
						<SP ID="P3_SP00085" HPOS="1311" VPOS="1011" WIDTH="29"/>
						<String ID="P3_ST00095" HPOS="1340" VPOS="974" WIDTH="45" HEIGHT="37" CONTENT="et" WC="1.00" CC="00"/>
						<SP ID="P3_SP00086" HPOS="1385" VPOS="1011" WIDTH="31"/>
						<String ID="P3_ST00096" HPOS="1416" VPOS="966" WIDTH="286" HEIGHT="54" CONTENT="adjonctions" WC="1.00" CC="10410003030"/>
						<SP ID="P3_SP00087" HPOS="1702" VPOS="1020" WIDTH="32"/>
						<String ID="P3_ST00097" HPOS="1734" VPOS="964" WIDTH="84" HEIGHT="54" CONTENT="(2)." WC="0.93" CC="0002"/>
						<SP ID="P3_SP00088" HPOS="1818" VPOS="1020" WIDTH="35"/>
						<String ID="P3_ST00098" HPOS="1853" VPOS="964" WIDTH="90" HEIGHT="45" CONTENT="Les" WC="1.00" CC="000"/>
						<SP ID="P3_SP00089" HPOS="1943" VPOS="1020" WIDTH="31"/>
						<String ID="P3_ST00099" HPOS="1974" VPOS="964" WIDTH="239" HEIGHT="54" CONTENT="exemples" WC="0.99" CC="04000620"/>
						<SP ID="P3_SP00090" HPOS="2213" VPOS="1020" WIDTH="30"/>
						<String ID="P3_ST00100" HPOS="2243" VPOS="978" WIDTH="57" HEIGHT="30" CONTENT="ne" WC="1.00" CC="00"/>
						<SP ID="P3_SP00091" HPOS="2300" VPOS="1020" WIDTH="31"/>
						<String ID="P3_ST00101" HPOS="2331" VPOS="976" WIDTH="227" HEIGHT="43" CONTENT="manquant" WC="0.99" CC="04070505"/>
						<SP ID="P3_SP00092" HPOS="2558" VPOS="1020" WIDTH="25"/>
						<String ID="P3_ST00102" HPOS="2583" VPOS="983" WIDTH="65" HEIGHT="40" CONTENT="pas," WC="0.99" CC="0120"/>
					</TextLine>
					<TextLine ID="P3_TL00011" HPOS="700" VPOS="1032" WIDTH="1947" HEIGHT="57">
						<String ID="P3_ST00103" HPOS="700" VPOS="1034" WIDTH="75" HEIGHT="55" CONTENT="j'ai" WC="0.97" CC="5026"/>
						<SP ID="P3_SP00093" HPOS="775" VPOS="1089" WIDTH="28"/>
						<String ID="P3_ST00104" HPOS="803" VPOS="1034" WIDTH="123" HEIGHT="45" CONTENT="évité" WC="1.00" CC="00110"/>
						<SP ID="P3_SP00094" HPOS="926" VPOS="1089" WIDTH="26"/>
						<String ID="P3_ST00105" HPOS="952" VPOS="1034" WIDTH="58" HEIGHT="45" CONTENT="de" WC="1.00" CC="00"/>
						<SP ID="P3_SP00095" HPOS="1010" VPOS="1089" WIDTH="23"/>
						<String ID="P3_ST00106" HPOS="1033" VPOS="1033" WIDTH="269" HEIGHT="56" CONTENT="reproduire" WC="1.00" CC="0000100000"/>
						<SP ID="P3_SP00096" HPOS="1302" VPOS="1089" WIDTH="27"/>
						<String ID="P3_ST00107" HPOS="1329" VPOS="1033" WIDTH="56" HEIGHT="44" CONTENT="ici" WC="0.96" CC="603"/>
						<SP ID="P3_SP00097" HPOS="1385" VPOS="1089" WIDTH="28"/>
						<String ID="P3_ST00108" HPOS="1413" VPOS="1047" WIDTH="129" HEIGHT="39" CONTENT="ceux," WC="0.99" CC="00060"/>
						<SP ID="P3_SP00098" HPOS="1542" VPOS="1089" WIDTH="31"/>
						<String ID="P3_ST00109" HPOS="1573" VPOS="1032" WIDTH="422" HEIGHT="56" CONTENT="particulièrement" WC="1.00" CC="0440200040009000"/>
						<SP ID="P3_SP00099" HPOS="1995" VPOS="1089" WIDTH="26"/>
						<String ID="P3_ST00110" HPOS="2021" VPOS="1032" WIDTH="269" HEIGHT="53" CONTENT="importants" WC="1.00" CC="0000000020"/>
						<SP ID="P3_SP00100" HPOS="2290" VPOS="1089" WIDTH="27"/>
						<String ID="P3_ST00111" HPOS="2317" VPOS="1039" WIDTH="44" HEIGHT="36" CONTENT="et" WC="1.00" CC="00"/>
						<SP ID="P3_SP00101" HPOS="2361" VPOS="1089" WIDTH="26"/>
						<String ID="P3_ST00112" HPOS="2387" VPOS="1032" WIDTH="260" HEIGHT="53" CONTENT="intéressants," WC="1.00" CC="0010000030250"/>
					</TextLine>
					<TextLine ID="P3_TL00012" HPOS="701" VPOS="1098" WIDTH="1946" HEIGHT="57">
						<String ID="P3_ST00113" HPOS="701" VPOS="1109" WIDTH="225" HEIGHT="37" CONTENT="contenus" WC="1.00" CC="00050020"/>
						<SP ID="P3_SP00102" HPOS="926" VPOS="1146" WIDTH="31"/>
						<String ID="P3_ST00114" HPOS="957" VPOS="1101" WIDTH="113" HEIGHT="45" CONTENT="dans" WC="0.99" CC="0500"/>
						<SP ID="P3_SP00103" HPOS="1070" VPOS="1146" WIDTH="30"/>
						<String ID="P3_ST00115" HPOS="1100" VPOS="1101" WIDTH="236" HEIGHT="53" CONTENT="l'ouvrage" WC="0.99" CC="302100180"/>
						<SP ID="P3_SP00104" HPOS="1336" VPOS="1154" WIDTH="30"/>
						<String ID="P3_ST00116" HPOS="1366" VPOS="1101" WIDTH="57" HEIGHT="44" CONTENT="de" WC="0.98" CC="00"/>
						<SP ID="P3_SP00105" HPOS="1423" VPOS="1154" WIDTH="31"/>
						<String ID="P3_ST00117" HPOS="1454" VPOS="1100" WIDTH="206" HEIGHT="45" CONTENT="Gevaert" WC="0.96" CC="0000100"/>
						<SP ID="P3_SP00106" HPOS="1660" VPOS="1154" WIDTH="31"/>
						<String ID="P3_ST00118" HPOS="1691" VPOS="1100" WIDTH="100" HEIGHT="54" CONTENT="déjà" WC="0.98" CC="0035"/>
						<SP ID="P3_SP00107" HPOS="1791" VPOS="1154" WIDTH="30"/>
						<String ID="P3_ST00119" HPOS="1821" VPOS="1099" WIDTH="103" HEIGHT="44" CONTENT="cité." WC="1.00" CC="00020"/>
						<SP ID="P3_SP00108" HPOS="1924" VPOS="1154" WIDTH="35"/>
						<String ID="P3_ST00120" HPOS="1959" VPOS="1098" WIDTH="198" HEIGHT="45" CONTENT="Celui-ci" WC="0.99" CC="00606004"/>
						<SP ID="P3_SP00109" HPOS="2157" VPOS="1154" WIDTH="31"/>
						<String ID="P3_ST00121" HPOS="2188" VPOS="1099" WIDTH="200" HEIGHT="43" CONTENT="contient" WC="0.99" CC="01054003"/>
						<SP ID="P3_SP00110" HPOS="2388" VPOS="1154" WIDTH="28"/>
						<String ID="P3_ST00122" HPOS="2416" VPOS="1113" WIDTH="52" HEIGHT="30" CONTENT="au" WC="0.80" CC="21"/>
						<SP ID="P3_SP00111" HPOS="2468" VPOS="1154" WIDTH="28"/>
						<String ID="P3_ST00123" HPOS="2496" VPOS="1103" WIDTH="151" HEIGHT="52" CONTENT="surplus," WC="1.00" CC="00000000"/>
					</TextLine>
					<TextLine ID="P3_TL00013" HPOS="701" VPOS="1166" WIDTH="1947" HEIGHT="57">
						<String ID="P3_ST00124" HPOS="701" VPOS="1183" WIDTH="59" HEIGHT="32" CONTENT="ne" WC="0.90" CC="10"/>
						<SP ID="P3_SP00112" HPOS="760" VPOS="1215" WIDTH="25"/>
						<String ID="P3_ST00125" HPOS="785" VPOS="1169" WIDTH="142" HEIGHT="44" CONTENT="fût-ce" WC="1.00" CC="000000"/>
						<SP ID="P3_SP00113" HPOS="927" VPOS="1215" WIDTH="25"/>
						<String ID="P3_ST00126" HPOS="952" VPOS="1169" WIDTH="138" HEIGHT="54" CONTENT="qu'au" WC="0.99" CC="00051"/>
						<SP ID="P3_SP00114" HPOS="1090" VPOS="1223" WIDTH="25"/>
						<String ID="P3_ST00127" HPOS="1115" VPOS="1168" WIDTH="126" HEIGHT="55" CONTENT="point" WC="1.00" CC="00300"/>
						<SP ID="P3_SP00115" HPOS="1241" VPOS="1223" WIDTH="25"/>
						<String ID="P3_ST00128" HPOS="1266" VPOS="1169" WIDTH="56" HEIGHT="43" CONTENT="de" WC="1.00" CC="00"/>
						<SP ID="P3_SP00116" HPOS="1322" VPOS="1223" WIDTH="24"/>
						<String ID="P3_ST00129" HPOS="1346" VPOS="1182" WIDTH="92" HEIGHT="30" CONTENT="vue" WC="1.00" CC="000"/>
						<SP ID="P3_SP00117" HPOS="1438" VPOS="1223" WIDTH="25"/>
						<String ID="P3_ST00130" HPOS="1463" VPOS="1169" WIDTH="57" HEIGHT="43" CONTENT="de" WC="1.00" CC="00"/>
						<SP ID="P3_SP00118" HPOS="1520" VPOS="1223" WIDTH="26"/>
						<String ID="P3_ST00131" HPOS="1546" VPOS="1168" WIDTH="42" HEIGHT="44" CONTENT="la" WC="0.76" CC="40"/>
						<SP ID="P3_SP00119" HPOS="1588" VPOS="1223" WIDTH="24"/>
						<String ID="P3_ST00132" HPOS="1612" VPOS="1168" WIDTH="250" HEIGHT="54" CONTENT="technique" WC="1.00" CC="000500000"/>
						<SP ID="P3_SP00120" HPOS="1862" VPOS="1223" WIDTH="24"/>
						<String ID="P3_ST00133" HPOS="1886" VPOS="1168" WIDTH="352" HEIGHT="43" CONTENT="instrumentale" WC="1.00" CC="0605000001000"/>
						<SP ID="P3_SP00121" HPOS="2238" VPOS="1223" WIDTH="25"/>
						<String ID="P3_ST00134" HPOS="2263" VPOS="1174" WIDTH="45" HEIGHT="37" CONTENT="et" WC="1.00" CC="00"/>
						<SP ID="P3_SP00122" HPOS="2308" VPOS="1223" WIDTH="25"/>
						<String ID="P3_ST00135" HPOS="2333" VPOS="1166" WIDTH="79" HEIGHT="45" CONTENT="des" WC="1.00" CC="000"/>
						<SP ID="P3_SP00123" HPOS="2412" VPOS="1223" WIDTH="23"/>
						<String ID="P3_ST00136" HPOS="2435" VPOS="1168" WIDTH="76" HEIGHT="43" CONTENT="lois" WC="1.00" CC="0000"/>
						<SP ID="P3_SP00124" HPOS="2511" VPOS="1223" WIDTH="20"/>
						<String ID="P3_ST00137" HPOS="2531" VPOS="1182" WIDTH="98" HEIGHT="31" CONTENT="acous" SUBS_TYPE="HypPart1" SUBS_CONTENT="acoustiques" WC="0.99" CC="60104"/>
						<HYP HPOS="2629" VPOS="1182" WIDTH="19" CONTENT="-"/>
					</TextLine>
					<TextLine ID="P3_TL00014" HPOS="701" VPOS="1234" WIDTH="1946" HEIGHT="55">
						<String ID="P3_ST00138" HPOS="701" VPOS="1236" WIDTH="151" HEIGHT="53" CONTENT="tiques" SUBS_TYPE="HypPart2" SUBS_CONTENT="acoustiques" WC="1.00" CC="000000"/>
						<SP ID="P3_SP00125" HPOS="852" VPOS="1289" WIDTH="31"/>
						<String ID="P3_ST00139" HPOS="883" VPOS="1235" WIDTH="82" HEIGHT="44" CONTENT="des" WC="1.00" CC="000"/>
						<SP ID="P3_SP00126" HPOS="965" VPOS="1289" WIDTH="30"/>
						<String ID="P3_ST00140" HPOS="995" VPOS="1235" WIDTH="316" HEIGHT="53" CONTENT="instruments," WC="1.00" CC="000000602000"/>
						<SP ID="P3_SP00127" HPOS="1311" VPOS="1289" WIDTH="34"/>
						<String ID="P3_ST00141" HPOS="1345" VPOS="1236" WIDTH="83" HEIGHT="43" CONTENT="des" WC="1.00" CC="000"/>
						<SP ID="P3_SP00128" HPOS="1428" VPOS="1289" WIDTH="30"/>
						<String ID="P3_ST00142" HPOS="1458" VPOS="1235" WIDTH="164" HEIGHT="44" CONTENT="détails" WC="1.00" CC="0002050"/>
						<SP ID="P3_SP00129" HPOS="1622" VPOS="1289" WIDTH="29"/>
						<String ID="P3_ST00143" HPOS="1651" VPOS="1235" WIDTH="38" HEIGHT="44" CONTENT="si" WC="0.84" CC="03"/>
						<SP ID="P3_SP00130" HPOS="1689" VPOS="1289" WIDTH="32"/>
						<String ID="P3_ST00144" HPOS="1721" VPOS="1234" WIDTH="271" HEIGHT="54" CONTENT="instructifs," WC="1.00" CC="400000000301"/>
						<SP ID="P3_SP00131" HPOS="1992" VPOS="1289" WIDTH="34"/>
						<String ID="P3_ST00145" HPOS="2026" VPOS="1234" WIDTH="140" HEIGHT="54" CONTENT="qu'on" WC="0.98" CC="03350"/>
						<SP ID="P3_SP00132" HPOS="2166" VPOS="1289" WIDTH="31"/>
						<String ID="P3_ST00146" HPOS="2197" VPOS="1246" WIDTH="58" HEIGHT="31" CONTENT="ne" WC="0.82" CC="30"/>
						<SP ID="P3_SP00133" HPOS="2255" VPOS="1289" WIDTH="30"/>
						<String ID="P3_ST00147" HPOS="2285" VPOS="1234" WIDTH="164" HEIGHT="44" CONTENT="saurait" WC="0.99" CC="0600404"/>
						<SP ID="P3_SP00134" HPOS="2449" VPOS="1289" WIDTH="28"/>
						<String ID="P3_ST00148" HPOS="2477" VPOS="1248" WIDTH="110" HEIGHT="31" CONTENT="assez" WC="0.99" CC="60001"/>
						<SP ID="P3_SP00135" HPOS="2587" VPOS="1289" WIDTH="23"/>
						<String ID="P3_ST00149" HPOS="2610" VPOS="1250" WIDTH="37" HEIGHT="31" CONTENT="en" WC="0.91" CC="01"/>
					</TextLine>
					<TextLine ID="P3_TL00015" HPOS="700" VPOS="1300" WIDTH="1621" HEIGHT="55">
						<String ID="P3_ST00150" HPOS="700" VPOS="1302" WIDTH="246" HEIGHT="46" CONTENT="conseiller" WC="1.00" CC="0000040600"/>
						<SP ID="P3_SP00136" HPOS="946" VPOS="1348" WIDTH="33"/>
						<String ID="P3_ST00151" HPOS="979" VPOS="1302" WIDTH="192" HEIGHT="53" CONTENT="l'usage," WC="0.99" CC="53162003"/>
						<SP ID="P3_SP00137" HPOS="1171" VPOS="1355" WIDTH="36"/>
						<String ID="P3_ST00152" HPOS="1207" VPOS="1310" WIDTH="402" HEIGHT="38" CONTENT="concurremment" WC="1.00" CC="0000000000003"/>
						<SP ID="P3_SP00138" HPOS="1609" VPOS="1355" WIDTH="33"/>
						<String ID="P3_ST00153" HPOS="1642" VPOS="1315" WIDTH="113" HEIGHT="32" CONTENT="avec" WC="1.00" CC="0000"/>
						<SP ID="P3_SP00139" HPOS="1755" VPOS="1355" WIDTH="35"/>
						<String ID="P3_ST00154" HPOS="1790" VPOS="1302" WIDTH="43" HEIGHT="45" CONTENT="le" WC="0.93" CC="10"/>
						<SP ID="P3_SP00140" HPOS="1833" VPOS="1355" WIDTH="32"/>
						<String ID="P3_ST00155" HPOS="1865" VPOS="1301" WIDTH="133" HEIGHT="46" CONTENT="traité" WC="0.99" CC="000060"/>
						<SP ID="P3_SP00141" HPOS="1998" VPOS="1355" WIDTH="34"/>
						<String ID="P3_ST00156" HPOS="2032" VPOS="1301" WIDTH="57" HEIGHT="44" CONTENT="de" WC="1.00" CC="00"/>
						<SP ID="P3_SP00142" HPOS="2089" VPOS="1355" WIDTH="35"/>
						<String ID="P3_ST00157" HPOS="2124" VPOS="1300" WIDTH="197" HEIGHT="44" CONTENT="Berlioz." WC="0.99" CC="20062030"/>
					</TextLine>
				</TextBlock>
				<TextBlock ID="P3_TB00004" HPOS="695" VPOS="1552" WIDTH="1953" HEIGHT="1841" STYLEREFS="TXT_2 PAR_BLOCK">
					<TextLine ID="P3_TL00016" HPOS="802" VPOS="1552" WIDTH="1846" HEIGHT="56">
						<String ID="P3_ST00158" HPOS="802" VPOS="1555" WIDTH="68" HEIGHT="44" CONTENT="En" WC="0.94" CC="01"/>
						<SP ID="P3_SP00143" HPOS="870" VPOS="1599" WIDTH="65"/>
						<String ID="P3_ST00159" HPOS="935" VPOS="1555" WIDTH="193" HEIGHT="44" CONTENT="matière" WC="1.00" CC="3000030"/>
						<SP ID="P3_SP00144" HPOS="1128" VPOS="1599" WIDTH="32"/>
						<String ID="P3_ST00160" HPOS="1160" VPOS="1554" WIDTH="399" HEIGHT="52" CONTENT="d'orchestration," WC="1.00" CC="0001000000406100"/>
						<SP ID="P3_SP00145" HPOS="1559" VPOS="1606" WIDTH="129"/>
						<String ID="P3_ST00161" HPOS="1688" VPOS="1566" WIDTH="183" HEIGHT="31" CONTENT="comme" WC="0.99" CC="00130"/>
						<SP ID="P3_SP00146" HPOS="1871" VPOS="1606" WIDTH="63"/>
						<String ID="P3_ST00162" HPOS="1934" VPOS="1566" WIDTH="58" HEIGHT="31" CONTENT="en" WC="1.00" CC="00"/>
						<SP ID="P3_SP00147" HPOS="1992" VPOS="1606" WIDTH="34"/>
						<String ID="P3_ST00163" HPOS="2026" VPOS="1560" WIDTH="126" HEIGHT="38" CONTENT="toute" WC="1.00" CC="00010"/>
						<SP ID="P3_SP00148" HPOS="2152" VPOS="1606" WIDTH="64"/>
						<String ID="P3_ST00164" HPOS="2216" VPOS="1552" WIDTH="188" HEIGHT="46" CONTENT="matière" WC="1.00" CC="2000000"/>
						<SP ID="P3_SP00149" HPOS="2404" VPOS="1606" WIDTH="60"/>
						<String ID="P3_ST00165" HPOS="2464" VPOS="1554" WIDTH="184" HEIGHT="54" CONTENT="artistique" WC="1.00" CC="4200040010"/>
					</TextLine>
					<TextLine ID="P3_TL00017" HPOS="700" VPOS="1621" WIDTH="1944" HEIGHT="56">
						<String ID="P3_ST00166" HPOS="700" VPOS="1622" WIDTH="250" HEIGHT="55" CONTENT="d'ailleurs," WC="1.00" CC="00554000000"/>
						<SP ID="P3_SP00150" HPOS="950" VPOS="1677" WIDTH="129"/>
						<String ID="P3_ST00167" HPOS="1079" VPOS="1623" WIDTH="68" HEIGHT="45" CONTENT="les" WC="0.98" CC="500"/>
						<SP ID="P3_SP00151" HPOS="1147" VPOS="1677" WIDTH="29"/>
						<String ID="P3_ST00168" HPOS="1176" VPOS="1636" WIDTH="230" HEIGHT="41" CONTENT="ouvrages" WC="1.00" CC="00002000"/>
						<SP ID="P3_SP00152" HPOS="1406" VPOS="1677" WIDTH="31"/>
						<String ID="P3_ST00169" HPOS="1437" VPOS="1622" WIDTH="269" HEIGHT="55" CONTENT="théoriques" WC="1.00" CC="0000160000"/>
						<SP ID="P3_SP00153" HPOS="1706" VPOS="1677" WIDTH="30"/>
						<String ID="P3_ST00170" HPOS="1736" VPOS="1629" WIDTH="105" HEIGHT="38" CONTENT="sont" WC="1.00" CC="0000"/>
						<SP ID="P3_SP00154" HPOS="1841" VPOS="1677" WIDTH="29"/>
						<String ID="P3_ST00171" HPOS="1870" VPOS="1622" WIDTH="143" HEIGHT="43" CONTENT="chose" WC="1.00" CC="00000"/>
						<SP ID="P3_SP00155" HPOS="2013" VPOS="1677" WIDTH="32"/>
						<String ID="P3_ST00172" HPOS="2045" VPOS="1621" WIDTH="411" HEIGHT="55" CONTENT="particulièrement" WC="1.00" CC="0301203530009000"/>
						<SP ID="P3_SP00156" HPOS="2456" VPOS="1677" WIDTH="30"/>
						<String ID="P3_ST00173" HPOS="2486" VPOS="1621" WIDTH="158" HEIGHT="44" CONTENT="délicate." WC="1.00" CC="000000700"/>
					</TextLine>
					<TextLine ID="P3_TL00018" HPOS="698" VPOS="1690" WIDTH="1946" HEIGHT="57">
						<String ID="P3_ST00174" HPOS="698" VPOS="1691" WIDTH="240" HEIGHT="54" CONTENT="J'entends" WC="1.00" CC="030420000"/>
						<SP ID="P3_SP00157" HPOS="938" VPOS="1745" WIDTH="24"/>
						<String ID="P3_ST00175" HPOS="962" VPOS="1705" WIDTH="81" HEIGHT="42" CONTENT="par" WC="1.00" CC="000"/>
						<SP ID="P3_SP00158" HPOS="1043" VPOS="1747" WIDTH="23"/>
						<String ID="P3_ST00176" HPOS="1066" VPOS="1692" WIDTH="40" HEIGHT="44" CONTENT="là" WC="0.70" CC="50"/>
						<SP ID="P3_SP00159" HPOS="1106" VPOS="1747" WIDTH="26"/>
						<String ID="P3_ST00177" HPOS="1132" VPOS="1692" WIDTH="142" HEIGHT="55" CONTENT="qu'un" WC="0.99" CC="00140"/>
						<SP ID="P3_SP00160" HPOS="1274" VPOS="1747" WIDTH="24"/>
						<String ID="P3_ST00178" HPOS="1298" VPOS="1691" WIDTH="226" HEIGHT="45" CONTENT="musicien" WC="0.99" CC="00060500"/>
						<SP ID="P3_SP00161" HPOS="1524" VPOS="1747" WIDTH="26"/>
						<String ID="P3_ST00179" HPOS="1550" VPOS="1691" WIDTH="120" HEIGHT="45" CONTENT="doué" WC="0.99" CC="0600"/>
						<SP ID="P3_SP00162" HPOS="1670" VPOS="1747" WIDTH="24"/>
						<String ID="P3_ST00180" HPOS="1694" VPOS="1691" WIDTH="318" HEIGHT="54" CONTENT="d'inspiration" WC="1.00" CC="0060002062114"/>
						<SP ID="P3_SP00163" HPOS="2012" VPOS="1747" WIDTH="25"/>
						<String ID="P3_ST00181" HPOS="2037" VPOS="1698" WIDTH="45" HEIGHT="38" CONTENT="et" WC="0.94" CC="01"/>
						<SP ID="P3_SP00164" HPOS="2082" VPOS="1747" WIDTH="23"/>
						<String ID="P3_ST00182" HPOS="2105" VPOS="1690" WIDTH="257" HEIGHT="55" CONTENT="pratiquant" WC="0.99" CC="0131600400"/>
						<SP ID="P3_SP00165" HPOS="2362" VPOS="1747" WIDTH="23"/>
						<String ID="P3_ST00183" HPOS="2385" VPOS="1692" WIDTH="23" HEIGHT="42" CONTENT="à" WC="0.90" CC="0"/>
						<SP ID="P3_SP00166" HPOS="2408" VPOS="1747" WIDTH="23"/>
						<String ID="P3_ST00184" HPOS="2431" VPOS="1690" WIDTH="213" HEIGHT="44" CONTENT="l'orchestre" WC="0.99" CC="13200720623"/>
					</TextLine>
					<TextLine ID="P3_TL00019" HPOS="699" VPOS="1759" WIDTH="1947" HEIGHT="56">
						<String ID="P3_ST00185" HPOS="699" VPOS="1775" WIDTH="61" HEIGHT="30" CONTENT="un" WC="1.00" CC="00"/>
						<SP ID="P3_SP00167" HPOS="760" VPOS="1805" WIDTH="29"/>
						<String ID="P3_ST00186" HPOS="789" VPOS="1761" WIDTH="277" HEIGHT="45" CONTENT="instrument" WC="1.00" CC="7001000000"/>
						<SP ID="P3_SP00168" HPOS="1066" VPOS="1806" WIDTH="28"/>
						<String ID="P3_ST00187" HPOS="1094" VPOS="1761" WIDTH="291" HEIGHT="54" CONTENT="quelconque" WC="1.00" CC="0004010000"/>
						<SP ID="P3_SP00169" HPOS="1385" VPOS="1815" WIDTH="28"/>
						<String ID="P3_ST00188" HPOS="1413" VPOS="1773" WIDTH="52" HEIGHT="32" CONTENT="se" WC="1.00" CC="00"/>
						<SP ID="P3_SP00170" HPOS="1465" VPOS="1815" WIDTH="26"/>
						<String ID="P3_ST00189" HPOS="1491" VPOS="1768" WIDTH="216" HEIGHT="38" CONTENT="trouvera" WC="1.00" CC="00030000"/>
						<SP ID="P3_SP00171" HPOS="1707" VPOS="1815" WIDTH="29"/>
						<String ID="P3_ST00190" HPOS="1736" VPOS="1761" WIDTH="58" HEIGHT="43" CONTENT="de" WC="1.00" CC="00"/>
						<SP ID="P3_SP00172" HPOS="1794" VPOS="1815" WIDTH="27"/>
						<String ID="P3_ST00191" HPOS="1821" VPOS="1759" WIDTH="149" HEIGHT="55" CONTENT="prime" WC="0.99" CC="00500"/>
						<SP ID="P3_SP00173" HPOS="1970" VPOS="1815" WIDTH="28"/>
						<String ID="P3_ST00192" HPOS="1998" VPOS="1759" WIDTH="156" HEIGHT="52" CONTENT="abord," WC="1.00" CC="500000"/>
						<SP ID="P3_SP00174" HPOS="2154" VPOS="1815" WIDTH="33"/>
						<String ID="P3_ST00193" HPOS="2187" VPOS="1767" WIDTH="45" HEIGHT="37" CONTENT="et" WC="1.00" CC="00"/>
						<SP ID="P3_SP00175" HPOS="2232" VPOS="1815" WIDTH="29"/>
						<String ID="P3_ST00194" HPOS="2261" VPOS="1772" WIDTH="105" HEIGHT="32" CONTENT="sans" WC="0.97" CC="0660"/>
						<SP ID="P3_SP00176" HPOS="2366" VPOS="1815" WIDTH="27"/>
						<String ID="P3_ST00195" HPOS="2393" VPOS="1772" WIDTH="159" HEIGHT="31" CONTENT="aucune" WC="1.00" CC="000000"/>
						<SP ID="P3_SP00177" HPOS="2552" VPOS="1815" WIDTH="23"/>
						<String ID="P3_ST00196" HPOS="2575" VPOS="1770" WIDTH="54" HEIGHT="31" CONTENT="con" SUBS_TYPE="HypPart1" SUBS_CONTENT="connaissance" WC="0.99" CC="003"/>
						<HYP HPOS="2629" VPOS="1770" WIDTH="17" CONTENT="-"/>
					</TextLine>
					<TextLine ID="P3_TL00020" HPOS="699" VPOS="1827" WIDTH="1945" HEIGHT="58">
						<String ID="P3_ST00197" HPOS="699" VPOS="1830" WIDTH="244" HEIGHT="45" CONTENT="naissance" SUBS_TYPE="HypPart2" SUBS_CONTENT="connaissance" WC="0.99" CC="453000200"/>
						<SP ID="P3_SP00178" HPOS="943" VPOS="1875" WIDTH="29"/>
						<String ID="P3_ST00198" HPOS="972" VPOS="1830" WIDTH="82" HEIGHT="45" CONTENT="des" WC="1.00" CC="000"/>
						<SP ID="P3_SP00179" HPOS="1054" VPOS="1875" WIDTH="28"/>
						<String ID="P3_ST00199" HPOS="1082" VPOS="1829" WIDTH="233" HEIGHT="56" CONTENT="principes" WC="1.00" CC="007005000"/>
						<SP ID="P3_SP00180" HPOS="1315" VPOS="1885" WIDTH="30"/>
						<String ID="P3_ST00200" HPOS="1345" VPOS="1830" WIDTH="57" HEIGHT="45" CONTENT="de" WC="1.00" CC="00"/>
						<SP ID="P3_SP00181" HPOS="1402" VPOS="1885" WIDTH="30"/>
						<String ID="P3_ST00201" HPOS="1432" VPOS="1829" WIDTH="452" HEIGHT="54" CONTENT="l'instrumentation," WC="1.00" CC="006001000065407001"/>
						<SP ID="P3_SP00182" HPOS="1884" VPOS="1885" WIDTH="33"/>
						<String ID="P3_ST00202" HPOS="1917" VPOS="1829" WIDTH="104" HEIGHT="55" CONTENT="plus" WC="0.98" CC="0620"/>
						<SP ID="P3_SP00183" HPOS="2021" VPOS="1885" WIDTH="29"/>
						<String ID="P3_ST00203" HPOS="2050" VPOS="1837" WIDTH="160" HEIGHT="47" CONTENT="expert" WC="1.00" CC="000000"/>
						<SP ID="P3_SP00184" HPOS="2210" VPOS="1885" WIDTH="29"/>
						<String ID="P3_ST00204" HPOS="2239" VPOS="1842" WIDTH="56" HEIGHT="32" CONTENT="en" WC="0.88" CC="02"/>
						<SP ID="P3_SP00185" HPOS="2295" VPOS="1885" WIDTH="31"/>
						<String ID="P3_ST00205" HPOS="2326" VPOS="1837" WIDTH="70" HEIGHT="35" CONTENT="cet" WC="0.98" CC="004"/>
						<SP ID="P3_SP00186" HPOS="2396" VPOS="1885" WIDTH="27"/>
						<String ID="P3_ST00206" HPOS="2423" VPOS="1836" WIDTH="61" HEIGHT="36" CONTENT="art" WC="0.96" CC="325"/>
						<SP ID="P3_SP00187" HPOS="2484" VPOS="1885" WIDTH="26"/>
						<String ID="P3_ST00207" HPOS="2510" VPOS="1841" WIDTH="72" HEIGHT="40" CONTENT="que" WC="0.97" CC="530"/>
						<SP ID="P3_SP00188" HPOS="2582" VPOS="1885" WIDTH="23"/>
						<String ID="P3_ST00208" HPOS="2605" VPOS="1827" WIDTH="39" HEIGHT="43" CONTENT="tel" WC="0.98" CC="600"/>
					</TextLine>
					<TextLine ID="P3_TL00021" HPOS="699" VPOS="1897" WIDTH="1944" HEIGHT="59">
						<String ID="P3_ST00209" HPOS="699" VPOS="1900" WIDTH="197" HEIGHT="56" CONTENT="pianiste" WC="0.98" CC="96646200"/>
						<SP ID="P3_SP00189" HPOS="896" VPOS="1956" WIDTH="25"/>
						<String ID="P3_ST00210" HPOS="921" VPOS="1900" WIDTH="206" HEIGHT="46" CONTENT="éminent" WC="0.71" CC="2074050"/>
						<SP ID="P3_SP00190" HPOS="1127" VPOS="1956" WIDTH="24"/>
						<String ID="P3_ST00211" HPOS="1151" VPOS="1914" WIDTH="58" HEIGHT="32" CONTENT="ou" WC="1.00" CC="00"/>
						<SP ID="P3_SP00191" HPOS="1209" VPOS="1956" WIDTH="26"/>
						<String ID="P3_ST00212" HPOS="1235" VPOS="1902" WIDTH="62" HEIGHT="44" CONTENT="tel" WC="0.99" CC="002"/>
						<SP ID="P3_SP00192" HPOS="1297" VPOS="1956" WIDTH="25"/>
						<String ID="P3_ST00213" HPOS="1322" VPOS="1900" WIDTH="158" HEIGHT="55" CONTENT="prince" WC="1.00" CC="000000"/>
						<SP ID="P3_SP00193" HPOS="1480" VPOS="1956" WIDTH="27"/>
						<String ID="P3_ST00214" HPOS="1507" VPOS="1900" WIDTH="57" HEIGHT="45" CONTENT="de" WC="1.00" CC="00"/>
						<SP ID="P3_SP00194" HPOS="1564" VPOS="1956" WIDTH="24"/>
						<String ID="P3_ST00215" HPOS="1588" VPOS="1899" WIDTH="42" HEIGHT="46" CONTENT="la" WC="0.53" CC="62"/>
						<SP ID="P3_SP00195" HPOS="1630" VPOS="1956" WIDTH="25"/>
						<String ID="P3_ST00216" HPOS="1655" VPOS="1899" WIDTH="197" HEIGHT="56" CONTENT="critique" WC="0.99" CC="01707100"/>
						<SP ID="P3_SP00196" HPOS="1852" VPOS="1956" WIDTH="25"/>
						<String ID="P3_ST00217" HPOS="1877" VPOS="1898" WIDTH="92" HEIGHT="56" CONTENT="qui," WC="0.98" CC="0361"/>
						<SP ID="P3_SP00197" HPOS="1969" VPOS="1956" WIDTH="29"/>
						<String ID="P3_ST00218" HPOS="1998" VPOS="1912" WIDTH="51" HEIGHT="32" CONTENT="se" WC="1.00" CC="00"/>
						<SP ID="P3_SP00198" HPOS="2049" VPOS="1956" WIDTH="25"/>
						<String ID="P3_ST00219" HPOS="2074" VPOS="1905" WIDTH="183" HEIGHT="39" CONTENT="sentant" WC="1.00" CC="0002300"/>
						<SP ID="P3_SP00199" HPOS="2257" VPOS="1956" WIDTH="24"/>
						<String ID="P3_ST00220" HPOS="2281" VPOS="1910" WIDTH="87" HEIGHT="32" CONTENT="non" WC="0.98" CC="310"/>
						<SP ID="P3_SP00200" HPOS="2368" VPOS="1956" WIDTH="25"/>
						<String ID="P3_ST00221" HPOS="2393" VPOS="1897" WIDTH="133" HEIGHT="45" CONTENT="moins" WC="0.99" CC="51001"/>
						<SP ID="P3_SP00201" HPOS="2526" VPOS="1956" WIDTH="22"/>
						<String ID="P3_ST00222" HPOS="2548" VPOS="1897" WIDTH="95" HEIGHT="44" CONTENT="doué," WC="0.99" CC="00530"/>
					</TextLine>
					<TextLine ID="P3_TL00022" HPOS="706" VPOS="1965" WIDTH="1937" HEIGHT="59">
						<String ID="P3_ST00223" HPOS="706" VPOS="1970" WIDTH="146" HEIGHT="45" CONTENT="aurait" WC="0.99" CC="500016"/>
						<SP ID="P3_SP00202" HPOS="852" VPOS="2015" WIDTH="22"/>
						<String ID="P3_ST00224" HPOS="874" VPOS="1969" WIDTH="89" HEIGHT="55" CONTENT="pâli" WC="0.97" CC="0265"/>
						<SP ID="P3_SP00203" HPOS="963" VPOS="2024" WIDTH="24"/>
						<String ID="P3_ST00225" HPOS="987" VPOS="1983" WIDTH="80" HEIGHT="32" CONTENT="sur" WC="1.00" CC="000"/>
						<SP ID="P3_SP00204" HPOS="1067" VPOS="2024" WIDTH="20"/>
						<String ID="P3_ST00226" HPOS="1087" VPOS="1969" WIDTH="70" HEIGHT="46" CONTENT="les" WC="0.98" CC="600"/>
						<SP ID="P3_SP00205" HPOS="1157" VPOS="2024" WIDTH="22"/>
						<String ID="P3_ST00227" HPOS="1179" VPOS="1969" WIDTH="160" HEIGHT="46" CONTENT="traités" WC="0.99" CC="5047000"/>
						<SP ID="P3_SP00206" HPOS="1339" VPOS="2024" WIDTH="23"/>
						<String ID="P3_ST00228" HPOS="1362" VPOS="1968" WIDTH="397" HEIGHT="53" CONTENT="d'orchestration," WC="1.00" CC="0120000060367220"/>
						<SP ID="P3_SP00207" HPOS="1759" VPOS="2024" WIDTH="27"/>
						<String ID="P3_ST00229" HPOS="1786" VPOS="1968" WIDTH="118" HEIGHT="45" CONTENT="mais" WC="0.97" CC="0560"/>
						<SP ID="P3_SP00208" HPOS="1904" VPOS="2024" WIDTH="23"/>
						<String ID="P3_ST00230" HPOS="1927" VPOS="1980" WIDTH="109" HEIGHT="32" CONTENT="sans" WC="0.99" CC="0300"/>
						<SP ID="P3_SP00209" HPOS="2036" VPOS="2024" WIDTH="23"/>
						<String ID="P3_ST00231" HPOS="2059" VPOS="1968" WIDTH="161" HEIGHT="53" CONTENT="jamais" WC="0.98" CC="710070"/>
						<SP ID="P3_SP00210" HPOS="2220" VPOS="2024" WIDTH="24"/>
						<String ID="P3_ST00232" HPOS="2244" VPOS="1968" WIDTH="125" HEIGHT="43" CONTENT="avoir" WC="0.99" CC="70200"/>
						<SP ID="P3_SP00211" HPOS="2369" VPOS="2024" WIDTH="20"/>
						<String ID="P3_ST00233" HPOS="2389" VPOS="1965" WIDTH="197" HEIGHT="56" CONTENT="approché" WC="0.99" CC="09405040"/>
						<SP ID="P3_SP00212" HPOS="2586" VPOS="2024" WIDTH="18"/>
						<String ID="P3_ST00234" HPOS="2604" VPOS="1975" WIDTH="39" HEIGHT="32" CONTENT="un" WC="0.79" CC="04"/>
					</TextLine>
					<TextLine ID="P3_TL00023" HPOS="705" VPOS="2034" WIDTH="1936" HEIGHT="58">
						<String ID="P3_ST00235" HPOS="705" VPOS="2037" WIDTH="278" HEIGHT="46" CONTENT="instrument" WC="0.99" CC="5406000034"/>
						<SP ID="P3_SP00213" HPOS="983" VPOS="2083" WIDTH="22"/>
						<String ID="P3_ST00236" HPOS="1005" VPOS="2037" WIDTH="57" HEIGHT="45" CONTENT="de" WC="1.00" CC="00"/>
						<SP ID="P3_SP00214" HPOS="1062" VPOS="2083" WIDTH="20"/>
						<String ID="P3_ST00237" HPOS="1082" VPOS="2037" WIDTH="104" HEIGHT="55" CONTENT="plus" WC="1.00" CC="0000"/>
						<SP ID="P3_SP00215" HPOS="1186" VPOS="2092" WIDTH="22"/>
						<String ID="P3_ST00238" HPOS="1208" VPOS="2040" WIDTH="107" HEIGHT="52" CONTENT="près" WC="1.00" CC="0020"/>
						<SP ID="P3_SP00216" HPOS="1315" VPOS="2092" WIDTH="23"/>
						<String ID="P3_ST00239" HPOS="1338" VPOS="2051" WIDTH="90" HEIGHT="41" CONTENT="que" WC="1.00" CC="000"/>
						<SP ID="P3_SP00217" HPOS="1428" VPOS="2092" WIDTH="23"/>
						<String ID="P3_ST00240" HPOS="1451" VPOS="2037" WIDTH="57" HEIGHT="45" CONTENT="de" WC="1.00" CC="00"/>
						<SP ID="P3_SP00218" HPOS="1508" VPOS="2092" WIDTH="23"/>
						<String ID="P3_ST00241" HPOS="1531" VPOS="2037" WIDTH="42" HEIGHT="45" CONTENT="la" WC="0.52" CC="62"/>
						<SP ID="P3_SP00219" HPOS="1573" VPOS="2092" WIDTH="24"/>
						<String ID="P3_ST00242" HPOS="1597" VPOS="2036" WIDTH="205" HEIGHT="46" CONTENT="distance" WC="0.99" CC="00035400"/>
						<SP ID="P3_SP00220" HPOS="1802" VPOS="2092" WIDTH="25"/>
						<String ID="P3_ST00243" HPOS="1827" VPOS="2036" WIDTH="57" HEIGHT="45" CONTENT="de" WC="1.00" CC="00"/>
						<SP ID="P3_SP00221" HPOS="1884" VPOS="2092" WIDTH="23"/>
						<String ID="P3_ST00244" HPOS="1907" VPOS="2050" WIDTH="50" HEIGHT="31" CONTENT="sa" WC="0.77" CC="04"/>
						<SP ID="P3_SP00222" HPOS="1957" VPOS="2092" WIDTH="23"/>
						<String ID="P3_ST00245" HPOS="1980" VPOS="2036" WIDTH="134" HEIGHT="45" CONTENT="stalle" WC="0.99" CC="065300"/>
						<SP ID="P3_SP00223" HPOS="2114" VPOS="2092" WIDTH="24"/>
						<String ID="P3_ST00246" HPOS="2138" VPOS="2037" WIDTH="24" HEIGHT="42" CONTENT="à" WC="0.60" CC="3"/>
						<SP ID="P3_SP00224" HPOS="2162" VPOS="2092" WIDTH="23"/>
						<String ID="P3_ST00247" HPOS="2185" VPOS="2035" WIDTH="212" HEIGHT="44" CONTENT="l'estrade" WC="1.00" CC="300310300"/>
						<SP ID="P3_SP00225" HPOS="2397" VPOS="2092" WIDTH="23"/>
						<String ID="P3_ST00248" HPOS="2420" VPOS="2034" WIDTH="50" HEIGHT="44" CONTENT="de" WC="1.00" CC="00"/>
						<SP ID="P3_SP00226" HPOS="2470" VPOS="2092" WIDTH="21"/>
						<String ID="P3_ST00249" HPOS="2491" VPOS="2037" WIDTH="150" HEIGHT="40" CONTENT="concert." WC="0.99" CC="04000070"/>
					</TextLine>
					<TextLine ID="P3_TL00024" HPOS="805" VPOS="2097" WIDTH="1838" HEIGHT="64">
						<String ID="P3_ST00250" HPOS="805" VPOS="2105" WIDTH="133" HEIGHT="46" CONTENT="C'est" WC="1.00" CC="00000"/>
						<SP ID="P3_SP00227" HPOS="938" VPOS="2151" WIDTH="25"/>
						<String ID="P3_ST00251" HPOS="963" VPOS="2105" WIDTH="239" HEIGHT="56" CONTENT="pourquoi," WC="0.99" CC="005000054"/>
						<SP ID="P3_SP00228" HPOS="1202" VPOS="2161" WIDTH="30"/>
						<String ID="P3_ST00252" HPOS="1232" VPOS="2107" WIDTH="24" HEIGHT="42" CONTENT="à" WC="0.96" CC="0"/>
						<SP ID="P3_SP00229" HPOS="1256" VPOS="2161" WIDTH="27"/>
						<String ID="P3_ST00253" HPOS="1283" VPOS="2112" WIDTH="104" HEIGHT="39" CONTENT="tous" WC="1.00" CC="0100"/>
						<SP ID="P3_SP00230" HPOS="1387" VPOS="2161" WIDTH="27"/>
						<String ID="P3_ST00254" HPOS="1414" VPOS="2119" WIDTH="117" HEIGHT="32" CONTENT="ceux" WC="0.99" CC="0030"/>
						<SP ID="P3_SP00231" HPOS="1531" VPOS="2161" WIDTH="25"/>
						<String ID="P3_ST00255" HPOS="1556" VPOS="2105" WIDTH="108" HEIGHT="46" CONTENT="dont" WC="0.98" CC="0303"/>
						<SP ID="P3_SP00232" HPOS="1664" VPOS="2161" WIDTH="27"/>
						<String ID="P3_ST00256" HPOS="1691" VPOS="2104" WIDTH="255" HEIGHT="45" CONTENT="l'ambition" WC="0.99" CC="1300176715"/>
						<SP ID="P3_SP00233" HPOS="1946" VPOS="2161" WIDTH="27"/>
						<String ID="P3_ST00257" HPOS="1973" VPOS="2104" WIDTH="109" HEIGHT="44" CONTENT="tend" WC="0.98" CC="5050"/>
						<SP ID="P3_SP00234" HPOS="2082" VPOS="2161" WIDTH="26"/>
						<String ID="P3_ST00258" HPOS="2108" VPOS="2104" WIDTH="102" HEIGHT="54" CONTENT="plus" WC="0.99" CC="0600"/>
						<SP ID="P3_SP00235" HPOS="2210" VPOS="2161" WIDTH="27"/>
						<String ID="P3_ST00259" HPOS="2237" VPOS="2102" WIDTH="108" HEIGHT="46" CONTENT="haut" WC="0.99" CC="6000"/>
						<SP ID="P3_SP00236" HPOS="2345" VPOS="2161" WIDTH="25"/>
						<String ID="P3_ST00260" HPOS="2370" VPOS="2101" WIDTH="97" HEIGHT="56" CONTENT="qu'à" WC="0.99" CC="0002"/>
						<SP ID="P3_SP00237" HPOS="2467" VPOS="2161" WIDTH="26"/>
						<String ID="P3_ST00261" HPOS="2493" VPOS="2097" WIDTH="150" HEIGHT="56" CONTENT="gratifier" WC="0.99" CC="404610008" STYLEREFS="TXT_3"/>
					</TextLine>
					<TextLine ID="P3_TL00025" HPOS="698" VPOS="2171" WIDTH="1946" HEIGHT="57">
						<String ID="P3_ST00262" HPOS="698" VPOS="2175" WIDTH="125" HEIGHT="53" CONTENT="leurs" WC="0.97" CC="20970"/>
						<SP ID="P3_SP00238" HPOS="823" VPOS="2228" WIDTH="24"/>
						<String ID="P3_ST00263" HPOS="847" VPOS="2173" WIDTH="372" HEIGHT="55" CONTENT="contemporains" WC="1.00" CC="0040000006640"/>
						<SP ID="P3_SP00239" HPOS="1219" VPOS="2228" WIDTH="26"/>
						<String ID="P3_ST00264" HPOS="1245" VPOS="2173" WIDTH="57" HEIGHT="45" CONTENT="de" WC="1.00" CC="00"/>
						<SP ID="P3_SP00240" HPOS="1302" VPOS="2228" WIDTH="25"/>
						<String ID="P3_ST00265" HPOS="1327" VPOS="2173" WIDTH="228" HEIGHT="55" CONTENT="quelques" WC="0.99" CC="80068000"/>
						<SP ID="P3_SP00241" HPOS="1555" VPOS="2228" WIDTH="24"/>
						<String ID="P3_ST00266" HPOS="1579" VPOS="2186" WIDTH="248" HEIGHT="32" CONTENT="morceaux" WC="1.00" CC="03000500"/>
						<SP ID="P3_SP00242" HPOS="1827" VPOS="2228" WIDTH="25"/>
						<String ID="P3_ST00267" HPOS="1852" VPOS="2173" WIDTH="57" HEIGHT="45" CONTENT="de" WC="1.00" CC="00"/>
						<SP ID="P3_SP00243" HPOS="1909" VPOS="2228" WIDTH="25"/>
						<String ID="P3_ST00268" HPOS="1934" VPOS="2171" WIDTH="204" HEIGHT="46" CONTENT="sonorité" WC="0.99" CC="00510640"/>
						<SP ID="P3_SP00244" HPOS="2138" VPOS="2228" WIDTH="25"/>
						<String ID="P3_ST00269" HPOS="2163" VPOS="2171" WIDTH="225" HEIGHT="54" CONTENT="agréable," WC="0.99" CC="471242400"/>
						<SP ID="P3_SP00245" HPOS="2388" VPOS="2228" WIDTH="28"/>
						<String ID="P3_ST00270" HPOS="2416" VPOS="2172" WIDTH="228" HEIGHT="42" CONTENT="savamment" WC="0.99" CC="000466098" STYLEREFS="TXT_3"/>
					</TextLine>
					<TextLine ID="P3_TL00026" HPOS="699" VPOS="2232" WIDTH="1943" HEIGHT="63">
						<String ID="P3_ST00271" HPOS="699" VPOS="2243" WIDTH="264" HEIGHT="45" CONTENT="orchestrés" WC="1.00" CC="0000005000"/>
						<SP ID="P3_SP00246" HPOS="963" VPOS="2288" WIDTH="24"/>
						<String ID="P3_ST00272" HPOS="987" VPOS="2242" WIDTH="184" HEIGHT="47" CONTENT="suivant" WC="0.99" CC="0070510"/>
						<SP ID="P3_SP00247" HPOS="1171" VPOS="2289" WIDTH="23"/>
						<String ID="P3_ST00273" HPOS="1194" VPOS="2242" WIDTH="45" HEIGHT="44" CONTENT="le" WC="0.66" CC="60"/>
						<SP ID="P3_SP00248" HPOS="1239" VPOS="2289" WIDTH="24"/>
						<String ID="P3_ST00274" HPOS="1263" VPOS="2244" WIDTH="109" HEIGHT="51" CONTENT="goût" WC="0.97" CC="7260"/>
						<SP ID="P3_SP00249" HPOS="1372" VPOS="2295" WIDTH="25"/>
						<String ID="P3_ST00275" HPOS="1397" VPOS="2242" WIDTH="59" HEIGHT="44" CONTENT="du" WC="1.00" CC="00"/>
						<SP ID="P3_SP00250" HPOS="1456" VPOS="2295" WIDTH="26"/>
						<String ID="P3_ST00276" HPOS="1482" VPOS="2242" WIDTH="113" HEIGHT="53" CONTENT="jour," WC="0.98" CC="74200"/>
						<SP ID="P3_SP00251" HPOS="1595" VPOS="2295" WIDTH="30"/>
						<String ID="P3_ST00277" HPOS="1625" VPOS="2243" WIDTH="24" HEIGHT="43" CONTENT="à" WC="1.00" CC="0"/>
						<SP ID="P3_SP00252" HPOS="1649" VPOS="2295" WIDTH="24"/>
						<String ID="P3_ST00278" HPOS="1673" VPOS="2248" WIDTH="105" HEIGHT="37" CONTENT="tous" WC="0.99" CC="0040"/>
						<SP ID="P3_SP00253" HPOS="1778" VPOS="2295" WIDTH="24"/>
						<String ID="P3_ST00279" HPOS="1802" VPOS="2253" WIDTH="119" HEIGHT="32" CONTENT="ceux" WC="1.00" CC="0000"/>
						<SP ID="P3_SP00254" HPOS="1921" VPOS="2295" WIDTH="25"/>
						<String ID="P3_ST00280" HPOS="1946" VPOS="2239" WIDTH="225" HEIGHT="55" CONTENT="auxquels" WC="0.99" CC="02060050"/>
						<SP ID="P3_SP00255" HPOS="2171" VPOS="2295" WIDTH="24"/>
						<String ID="P3_ST00281" HPOS="2195" VPOS="2239" WIDTH="29" HEIGHT="45" CONTENT="il" WC="0.89" CC="02"/>
						<SP ID="P3_SP00256" HPOS="2224" VPOS="2295" WIDTH="25"/>
						<String ID="P3_ST00282" HPOS="2249" VPOS="2239" WIDTH="74" HEIGHT="45" CONTENT="n'a" WC="0.96" CC="622"/>
						<SP ID="P3_SP00257" HPOS="2323" VPOS="2295" WIDTH="26"/>
						<String ID="P3_ST00283" HPOS="2349" VPOS="2251" WIDTH="76" HEIGHT="42" CONTENT="pas" WC="0.98" CC="050"/>
						<SP ID="P3_SP00258" HPOS="2425" VPOS="2295" WIDTH="24"/>
						<String ID="P3_ST00284" HPOS="2449" VPOS="2237" WIDTH="63" HEIGHT="43" CONTENT="été" WC="0.97" CC="160" STYLEREFS="TXT_3"/>
						<SP ID="P3_SP00259" HPOS="2512" VPOS="2295" WIDTH="23"/>
						<String ID="P3_ST00285" HPOS="2535" VPOS="2232" WIDTH="107" HEIGHT="46" CONTENT="donné" WC="0.96" CC="75175" STYLEREFS="TXT_3"/>
					</TextLine>
					<TextLine ID="P3_TL00027" HPOS="699" VPOS="2300" WIDTH="1940" HEIGHT="64">
						<String ID="P3_ST00286" HPOS="699" VPOS="2311" WIDTH="57" HEIGHT="44" CONTENT="de" WC="1.00" CC="00"/>
						<SP ID="P3_SP00260" HPOS="756" VPOS="2355" WIDTH="38"/>
						<String ID="P3_ST00287" HPOS="794" VPOS="2323" WIDTH="53" HEIGHT="32" CONTENT="se" WC="0.99" CC="00"/>
						<SP ID="P3_SP00261" HPOS="847" VPOS="2355" WIDTH="38"/>
						<String ID="P3_ST00288" HPOS="885" VPOS="2318" WIDTH="187" HEIGHT="38" CONTENT="trouver" WC="1.00" CC="6000000"/>
						<SP ID="P3_SP00262" HPOS="1072" VPOS="2356" WIDTH="40"/>
						<String ID="P3_ST00289" HPOS="1112" VPOS="2309" WIDTH="355" HEIGHT="55" CONTENT="journellement" WC="0.99" CC="7120407700002"/>
						<SP ID="P3_SP00263" HPOS="1467" VPOS="2364" WIDTH="40"/>
						<String ID="P3_ST00290" HPOS="1507" VPOS="2323" WIDTH="58" HEIGHT="31" CONTENT="en" WC="0.76" CC="04"/>
						<SP ID="P3_SP00264" HPOS="1565" VPOS="2364" WIDTH="41"/>
						<String ID="P3_ST00291" HPOS="1606" VPOS="2317" WIDTH="194" HEIGHT="46" CONTENT="contact," WC="0.99" CC="02560051"/>
						<SP ID="P3_SP00265" HPOS="1800" VPOS="2364" WIDTH="44"/>
						<String ID="P3_ST00292" HPOS="1844" VPOS="2309" WIDTH="113" HEIGHT="45" CONTENT="dans" WC="0.99" CC="0030"/>
						<SP ID="P3_SP00266" HPOS="1957" VPOS="2364" WIDTH="40"/>
						<String ID="P3_ST00293" HPOS="1997" VPOS="2308" WIDTH="70" HEIGHT="44" CONTENT="les" WC="0.97" CC="600"/>
						<SP ID="P3_SP00267" HPOS="2067" VPOS="2364" WIDTH="40"/>
						<String ID="P3_ST00294" HPOS="2107" VPOS="2307" WIDTH="228" HEIGHT="45" CONTENT="fonctions" WC="0.99" CC="601067130"/>
						<SP ID="P3_SP00268" HPOS="2335" VPOS="2364" WIDTH="38"/>
						<String ID="P3_ST00295" HPOS="2373" VPOS="2300" WIDTH="266" HEIGHT="50" CONTENT="directoriales," WC="1.00" CC="07000630012043" STYLEREFS="TXT_3"/>
					</TextLine>
					<TextLine ID="P3_TL00028" HPOS="696" VPOS="2365" WIDTH="1943" HEIGHT="67">
						<String ID="P3_ST00296" HPOS="696" VPOS="2392" WIDTH="115" HEIGHT="32" CONTENT="avec" WC="0.99" CC="4000"/>
						<SP ID="P3_SP00269" HPOS="811" VPOS="2424" WIDTH="27"/>
						<String ID="P3_ST00297" HPOS="838" VPOS="2379" WIDTH="70" HEIGHT="45" CONTENT="les" WC="0.99" CC="200"/>
						<SP ID="P3_SP00270" HPOS="908" VPOS="2424" WIDTH="28"/>
						<String ID="P3_ST00298" HPOS="936" VPOS="2379" WIDTH="154" HEIGHT="45" CONTENT="forces" WC="0.99" CC="640000"/>
						<SP ID="P3_SP00271" HPOS="1090" VPOS="2424" WIDTH="29"/>
						<String ID="P3_ST00299" HPOS="1119" VPOS="2379" WIDTH="334" HEIGHT="53" CONTENT="démoniaques" WC="0.99" CC="00034756300"/>
						<SP ID="P3_SP00272" HPOS="1453" VPOS="2432" WIDTH="29"/>
						<String ID="P3_ST00300" HPOS="1482" VPOS="2378" WIDTH="83" HEIGHT="44" CONTENT="des" WC="1.00" CC="000"/>
						<SP ID="P3_SP00273" HPOS="1565" VPOS="2432" WIDTH="28"/>
						<String ID="P3_ST00301" HPOS="1593" VPOS="2377" WIDTH="193" HEIGHT="45" CONTENT="timbres" WC="0.99" CC="1706000"/>
						<SP ID="P3_SP00274" HPOS="1786" VPOS="2432" WIDTH="29"/>
						<String ID="P3_ST00302" HPOS="1815" VPOS="2378" WIDTH="314" HEIGHT="51" CONTENT="orchestraux," WC="0.99" CC="300603656300"/>
						<SP ID="P3_SP00275" HPOS="2129" VPOS="2432" WIDTH="124"/>
						<String ID="P3_ST00303" HPOS="2253" VPOS="2378" WIDTH="24" HEIGHT="42" CONTENT="à" WC="1.00" CC="0"/>
						<SP ID="P3_SP00276" HPOS="2277" VPOS="2432" WIDTH="30"/>
						<String ID="P3_ST00304" HPOS="2307" VPOS="2383" WIDTH="97" HEIGHT="37" CONTENT="tous" WC="0.98" CC="6030"/>
						<SP ID="P3_SP00277" HPOS="2404" VPOS="2432" WIDTH="27"/>
						<String ID="P3_ST00305" HPOS="2431" VPOS="2370" WIDTH="160" HEIGHT="47" CONTENT="ceux-là," WC="0.99" CC="00420780" STYLEREFS="TXT_3"/>
						<SP ID="P3_SP00278" HPOS="2591" VPOS="2432" WIDTH="24"/>
						<String ID="P3_ST00306" HPOS="2615" VPOS="2365" WIDTH="24" HEIGHT="45" CONTENT="ie" WC="0.38" CC="56" STYLEREFS="TXT_3"/>
					</TextLine>
					<TextLine ID="P3_TL00029" HPOS="698" VPOS="2441" WIDTH="1943" HEIGHT="59">
						<String ID="P3_ST00307" HPOS="698" VPOS="2446" WIDTH="119" HEIGHT="45" CONTENT="tiens" WC="0.98" CC="57000"/>
						<SP ID="P3_SP00279" HPOS="817" VPOS="2491" WIDTH="30"/>
						<String ID="P3_ST00308" HPOS="847" VPOS="2449" WIDTH="26" HEIGHT="42" CONTENT="à" WC="0.64" CC="3"/>
						<SP ID="P3_SP00280" HPOS="873" VPOS="2491" WIDTH="32"/>
						<String ID="P3_ST00309" HPOS="905" VPOS="2448" WIDTH="175" HEIGHT="44" CONTENT="donner" WC="1.00" CC="002000"/>
						<SP ID="P3_SP00281" HPOS="1080" VPOS="2492" WIDTH="29"/>
						<String ID="P3_ST00310" HPOS="1109" VPOS="2454" WIDTH="98" HEIGHT="38" CONTENT="tout" WC="0.99" CC="0051"/>
						<SP ID="P3_SP00282" HPOS="1207" VPOS="2492" WIDTH="30"/>
						<String ID="P3_ST00311" HPOS="1237" VPOS="2446" WIDTH="188" HEIGHT="45" CONTENT="d'abord" WC="0.99" CC="0066100"/>
						<SP ID="P3_SP00283" HPOS="1425" VPOS="2492" WIDTH="33"/>
						<String ID="P3_ST00312" HPOS="1458" VPOS="2460" WIDTH="55" HEIGHT="31" CONTENT="ce" WC="1.00" CC="00"/>
						<SP ID="P3_SP00284" HPOS="1513" VPOS="2492" WIDTH="30"/>
						<String ID="P3_ST00313" HPOS="1543" VPOS="2446" WIDTH="174" HEIGHT="45" CONTENT="conseil" WC="0.99" CC="0050005"/>
						<SP ID="P3_SP00285" HPOS="1717" VPOS="2492" WIDTH="19"/>
						<String ID="P3_ST00314" HPOS="1736" VPOS="2465" WIDTH="9" HEIGHT="25" CONTENT=":" WC="1.00" CC="0"/>
						<SP ID="P3_SP00286" HPOS="1745" VPOS="2492" WIDTH="33"/>
						<String ID="P3_ST00315" HPOS="1778" VPOS="2445" WIDTH="139" HEIGHT="55" CONTENT="qu'ils" WC="0.99" CC="030600"/>
						<SP ID="P3_SP00287" HPOS="1917" VPOS="2500" WIDTH="31"/>
						<String ID="P3_ST00316" HPOS="1948" VPOS="2459" WIDTH="51" HEIGHT="31" CONTENT="se" WC="0.88" CC="20"/>
						<SP ID="P3_SP00288" HPOS="1999" VPOS="2500" WIDTH="32"/>
						<String ID="P3_ST00317" HPOS="2031" VPOS="2445" WIDTH="203" HEIGHT="45" CONTENT="donnent" WC="0.99" CC="0305052"/>
						<SP ID="P3_SP00289" HPOS="2234" VPOS="2500" WIDTH="29"/>
						<String ID="P3_ST00318" HPOS="2263" VPOS="2445" WIDTH="42" HEIGHT="43" CONTENT="la" WC="0.53" CC="72"/>
						<SP ID="P3_SP00290" HPOS="2305" VPOS="2500" WIDTH="31"/>
						<String ID="P3_ST00319" HPOS="2336" VPOS="2441" WIDTH="138" HEIGHT="56" CONTENT="peine," WC="0.99" CC="007600"/>
						<SP ID="P3_SP00291" HPOS="2474" VPOS="2500" WIDTH="31"/>
						<String ID="P3_ST00320" HPOS="2505" VPOS="2444" WIDTH="76" HEIGHT="39" CONTENT="tout" WC="0.96" CC="0666" STYLEREFS="TXT_3"/>
						<SP ID="P3_SP00292" HPOS="2581" VPOS="2500" WIDTH="22"/>
						<String ID="P3_ST00321" HPOS="2603" VPOS="2444" WIDTH="38" HEIGHT="32" CONTENT="en" WC="0.66" CC="06" STYLEREFS="TXT_3"/>
					</TextLine>
					<TextLine ID="P3_TL00030" HPOS="698" VPOS="2509" WIDTH="1944" HEIGHT="61">
						<String ID="P3_ST00322" HPOS="698" VPOS="2515" WIDTH="205" HEIGHT="46" CONTENT="étudiant" WC="0.99" CC="06000454"/>
						<SP ID="P3_SP00293" HPOS="903" VPOS="2561" WIDTH="28"/>
						<String ID="P3_ST00323" HPOS="931" VPOS="2515" WIDTH="70" HEIGHT="44" CONTENT="les" WC="0.97" CC="700"/>
						<SP ID="P3_SP00294" HPOS="1001" VPOS="2561" WIDTH="29"/>
						<String ID="P3_ST00324" HPOS="1030" VPOS="2515" WIDTH="240" HEIGHT="55" CONTENT="partitions" WC="0.99" CC="0301025330"/>
						<SP ID="P3_SP00295" HPOS="1270" VPOS="2570" WIDTH="31"/>
						<String ID="P3_ST00325" HPOS="1301" VPOS="2515" WIDTH="81" HEIGHT="44" CONTENT="des" WC="0.99" CC="002"/>
						<SP ID="P3_SP00296" HPOS="1382" VPOS="2570" WIDTH="31"/>
						<String ID="P3_ST00326" HPOS="1413" VPOS="2518" WIDTH="203" HEIGHT="49" CONTENT="maîtres," WC="0.99" CC="93010000"/>
						<SP ID="P3_SP00297" HPOS="1616" VPOS="2570" WIDTH="35"/>
						<String ID="P3_ST00327" HPOS="1651" VPOS="2515" WIDTH="56" HEIGHT="44" CONTENT="de" WC="1.00" CC="00"/>
						<SP ID="P3_SP00298" HPOS="1707" VPOS="2570" WIDTH="31"/>
						<String ID="P3_ST00328" HPOS="1738" VPOS="2529" WIDTH="52" HEIGHT="30" CONTENT="se" WC="1.00" CC="00"/>
						<SP ID="P3_SP00299" HPOS="1790" VPOS="2570" WIDTH="29"/>
						<String ID="P3_ST00329" HPOS="1819" VPOS="2521" WIDTH="166" HEIGHT="38" CONTENT="mettre" WC="0.99" CC="033200"/>
						<SP ID="P3_SP00300" HPOS="1985" VPOS="2570" WIDTH="31"/>
						<String ID="P3_ST00330" HPOS="2016" VPOS="2526" WIDTH="57" HEIGHT="33" CONTENT="en" WC="0.65" CC="07"/>
						<SP ID="P3_SP00301" HPOS="2073" VPOS="2570" WIDTH="32"/>
						<String ID="P3_ST00331" HPOS="2105" VPOS="2520" WIDTH="183" HEIGHT="47" CONTENT="rapport" WC="0.98" CC="0690901"/>
						<SP ID="P3_SP00302" HPOS="2288" VPOS="2570" WIDTH="29"/>
						<String ID="P3_ST00332" HPOS="2317" VPOS="2524" WIDTH="106" HEIGHT="32" CONTENT="avec" WC="0.99" CC="5000"/>
						<SP ID="P3_SP00303" HPOS="2423" VPOS="2570" WIDTH="30"/>
						<String ID="P3_ST00333" HPOS="2453" VPOS="2509" WIDTH="71" HEIGHT="43" CONTENT="des" WC="0.98" CC="004"/>
						<SP ID="P3_SP00304" HPOS="2524" VPOS="2570" WIDTH="24"/>
						<String ID="P3_ST00334" HPOS="2548" VPOS="2510" WIDTH="79" HEIGHT="44" CONTENT="prati" SUBS_TYPE="HypPart1" SUBS_CONTENT="praticiens" WC="0.97" CC="66765"/>
						<HYP HPOS="2627" VPOS="2510" WIDTH="15" CONTENT="-"/>
					</TextLine>
					<TextLine ID="P3_TL00031" HPOS="698" VPOS="2575" WIDTH="1930" HEIGHT="61">
						<String ID="P3_ST00335" HPOS="698" VPOS="2582" WIDTH="128" HEIGHT="46" CONTENT="ciens" SUBS_TYPE="HypPart2" SUBS_CONTENT="praticiens" WC="0.99" CC="07020"/>
						<SP ID="P3_SP00305" HPOS="826" VPOS="2628" WIDTH="35"/>
						<String ID="P3_ST00336" HPOS="861" VPOS="2582" WIDTH="82" HEIGHT="46" CONTENT="des" WC="0.98" CC="400"/>
						<SP ID="P3_SP00306" HPOS="943" VPOS="2628" WIDTH="38"/>
						<String ID="P3_ST00337" HPOS="981" VPOS="2582" WIDTH="155" HEIGHT="46" CONTENT="divers" WC="0.99" CC="070000"/>
						<SP ID="P3_SP00307" HPOS="1136" VPOS="2628" WIDTH="35"/>
						<String ID="P3_ST00338" HPOS="1171" VPOS="2582" WIDTH="316" HEIGHT="54" CONTENT="instruments," WC="0.99" CC="640003803600"/>
						<SP ID="P3_SP00308" HPOS="1487" VPOS="2636" WIDTH="40"/>
						<String ID="P3_ST00339" HPOS="1527" VPOS="2582" WIDTH="90" HEIGHT="45" CONTENT="afin" WC="0.99" CC="4000"/>
						<SP ID="P3_SP00309" HPOS="1617" VPOS="2636" WIDTH="38"/>
						<String ID="P3_ST00340" HPOS="1655" VPOS="2582" WIDTH="59" HEIGHT="45" CONTENT="de" WC="1.00" CC="00"/>
						<SP ID="P3_SP00310" HPOS="1714" VPOS="2636" WIDTH="35"/>
						<String ID="P3_ST00341" HPOS="1749" VPOS="2596" WIDTH="51" HEIGHT="31" CONTENT="se" WC="1.00" CC="00"/>
						<SP ID="P3_SP00311" HPOS="1800" VPOS="2636" WIDTH="38"/>
						<String ID="P3_ST00342" HPOS="1838" VPOS="2581" WIDTH="307" HEIGHT="50" CONTENT="familiariser," WC="0.99" CC="5307170070004"/>
						<SP ID="P3_SP00312" HPOS="2145" VPOS="2636" WIDTH="41"/>
						<String ID="P3_ST00343" HPOS="2186" VPOS="2594" WIDTH="109" HEIGHT="33" CONTENT="sous" WC="0.98" CC="0530"/>
						<SP ID="P3_SP00313" HPOS="2295" VPOS="2636" WIDTH="34"/>
						<String ID="P3_ST00344" HPOS="2329" VPOS="2580" WIDTH="94" HEIGHT="43" CONTENT="leur" WC="0.98" CC="5300" STYLEREFS="TXT_3"/>
						<SP ID="P3_SP00314" HPOS="2423" VPOS="2636" WIDTH="33"/>
						<String ID="P3_ST00345" HPOS="2456" VPOS="2575" WIDTH="172" HEIGHT="44" CONTENT="direction" WC="0.99" CC="001006796" STYLEREFS="TXT_3"/>
					</TextLine>
					<TextLine ID="P3_TL00032" HPOS="696" VPOS="2637" WIDTH="1942" HEIGHT="69">
						<String ID="P3_ST00346" HPOS="696" VPOS="2665" WIDTH="116" HEIGHT="32" CONTENT="avec" WC="0.99" CC="5000"/>
						<SP ID="P3_SP00315" HPOS="812" VPOS="2697" WIDTH="25"/>
						<String ID="P3_ST00347" HPOS="837" VPOS="2652" WIDTH="42" HEIGHT="45" CONTENT="la" WC="0.55" CC="61"/>
						<SP ID="P3_SP00316" HPOS="879" VPOS="2697" WIDTH="29"/>
						<String ID="P3_ST00348" HPOS="908" VPOS="2651" WIDTH="249" HEIGHT="55" CONTENT="technique" WC="0.98" CC="002757930"/>
						<SP ID="P3_SP00317" HPOS="1157" VPOS="2706" WIDTH="28"/>
						<String ID="P3_ST00349" HPOS="1185" VPOS="2659" WIDTH="173" HEIGHT="43" CONTENT="exacte," WC="0.99" CC="0060500"/>
						<SP ID="P3_SP00318" HPOS="1358" VPOS="2706" WIDTH="32"/>
						<String ID="P3_ST00350" HPOS="1390" VPOS="2651" WIDTH="70" HEIGHT="44" CONTENT="les" WC="0.97" CC="800"/>
						<SP ID="P3_SP00319" HPOS="1460" VPOS="2706" WIDTH="27"/>
						<String ID="P3_ST00351" HPOS="1487" VPOS="2651" WIDTH="193" HEIGHT="46" CONTENT="timbres" WC="0.99" CC="2602000"/>
						<SP ID="P3_SP00320" HPOS="1680" VPOS="2706" WIDTH="28"/>
						<String ID="P3_ST00352" HPOS="1708" VPOS="2665" WIDTH="192" HEIGHT="41" CONTENT="propres" WC="0.99" CC="0009000"/>
						<SP ID="P3_SP00321" HPOS="1900" VPOS="2706" WIDTH="28"/>
						<String ID="P3_ST00353" HPOS="1928" VPOS="2665" WIDTH="88" HEIGHT="30" CONTENT="aux" WC="0.98" CC="400"/>
						<SP ID="P3_SP00322" HPOS="2016" VPOS="2706" WIDTH="28"/>
						<String ID="P3_ST00354" HPOS="2044" VPOS="2650" WIDTH="244" HEIGHT="44" CONTENT="différents" WC="0.99" CC="0755000550"/>
						<SP ID="P3_SP00323" HPOS="2288" VPOS="2706" WIDTH="27"/>
						<String ID="P3_ST00355" HPOS="2315" VPOS="2646" WIDTH="200" HEIGHT="54" CONTENT="registres" WC="0.99" CC="007006002" STYLEREFS="TXT_3"/>
						<SP ID="P3_SP00324" HPOS="2515" VPOS="2706" WIDTH="24"/>
						<String ID="P3_ST00356" HPOS="2539" VPOS="2647" WIDTH="34" HEIGHT="36" CONTENT="et" WC="0.65" CC="06" STYLEREFS="TXT_3"/>
						<SP ID="P3_SP00325" HPOS="2573" VPOS="2706" WIDTH="21"/>
						<String ID="P3_ST00357" HPOS="2594" VPOS="2637" WIDTH="28" HEIGHT="42" CONTENT="!e" WC="0.67" CC="60" STYLEREFS="TXT_3"/>
						<String ID="P3_ST00358" HPOS="2627" VPOS="2647" WIDTH="11" HEIGHT="20" CONTENT="ç" STYLE="superscript" WC="0.54" CC="4" STYLEREFS="TXT_3"/>
					</TextLine>
					<TextLine ID="P3_TL00033" HPOS="696" VPOS="2717" WIDTH="1477" HEIGHT="57">
						<String ID="P3_ST00359" HPOS="696" VPOS="2719" WIDTH="137" HEIGHT="55" CONTENT="petits" WC="0.99" CC="003740"/>
						<SP ID="P3_SP00326" HPOS="833" VPOS="2774" WIDTH="25"/>
						<String ID="P3_ST00360" HPOS="858" VPOS="2718" WIDTH="218" HEIGHT="56" CONTENT="préludes" WC="1.00" CC="00072000"/>
						<SP ID="P3_SP00327" HPOS="1076" VPOS="2774" WIDTH="23"/>
						<String ID="P3_ST00361" HPOS="1099" VPOS="2726" WIDTH="178" HEIGHT="37" CONTENT="secrets" WC="1.00" CC="0000020"/>
						<SP ID="P3_SP00328" HPOS="1277" VPOS="2774" WIDTH="24"/>
						<String ID="P3_ST00362" HPOS="1301" VPOS="2718" WIDTH="57" HEIGHT="45" CONTENT="de" WC="1.00" CC="00"/>
						<SP ID="P3_SP00329" HPOS="1358" VPOS="2774" WIDTH="24"/>
						<String ID="P3_ST00363" HPOS="1382" VPOS="2718" WIDTH="175" HEIGHT="45" CONTENT="chacun" WC="0.98" CC="076020"/>
						<SP ID="P3_SP00330" HPOS="1557" VPOS="2774" WIDTH="28"/>
						<String ID="P3_ST00364" HPOS="1585" VPOS="2718" WIDTH="57" HEIGHT="45" CONTENT="de" WC="1.00" CC="00"/>
						<SP ID="P3_SP00331" HPOS="1642" VPOS="2774" WIDTH="25"/>
						<String ID="P3_ST00365" HPOS="1667" VPOS="2731" WIDTH="85" HEIGHT="32" CONTENT="nos" WC="0.98" CC="400"/>
						<SP ID="P3_SP00332" HPOS="1752" VPOS="2774" WIDTH="25"/>
						<String ID="P3_ST00366" HPOS="1777" VPOS="2717" WIDTH="165" HEIGHT="55" CONTENT="engins" WC="0.97" CC="058750"/>
						<SP ID="P3_SP00333" HPOS="1942" VPOS="2774" WIDTH="24"/>
						<String ID="P3_ST00367" HPOS="1966" VPOS="2731" WIDTH="207" HEIGHT="30" CONTENT="sonores." WC="1.00" CC="00620000"/>
					</TextLine>
					<TextLine ID="P3_TL00034" HPOS="791" VPOS="2777" WIDTH="1846" HEIGHT="64">
						<String ID="P3_ST00368" HPOS="791" VPOS="2786" WIDTH="68" HEIGHT="45" CONTENT="Le" WC="0.89" CC="20"/>
						<SP ID="P3_SP00334" HPOS="859" VPOS="2831" WIDTH="33"/>
						<String ID="P3_ST00369" HPOS="892" VPOS="2787" WIDTH="211" HEIGHT="44" CONTENT="moindre" WC="0.99" CC="0360000"/>
						<SP ID="P3_SP00335" HPOS="1103" VPOS="2831" WIDTH="34"/>
						<String ID="P3_ST00370" HPOS="1137" VPOS="2786" WIDTH="451" HEIGHT="55" CONTENT="perfectionnement" WC="0.99" CC="0006003716709006"/>
						<SP ID="P3_SP00336" HPOS="1588" VPOS="2841" WIDTH="33"/>
						<String ID="P3_ST00371" HPOS="1621" VPOS="2788" WIDTH="188" HEIGHT="52" CONTENT="apporté" WC="0.98" CC="3993002"/>
						<SP ID="P3_SP00337" HPOS="1809" VPOS="2841" WIDTH="35"/>
						<String ID="P3_ST00372" HPOS="1844" VPOS="2798" WIDTH="82" HEIGHT="41" CONTENT="par" WC="0.98" CC="040"/>
						<SP ID="P3_SP00338" HPOS="1926" VPOS="2841" WIDTH="33"/>
						<String ID="P3_ST00373" HPOS="1959" VPOS="2798" WIDTH="62" HEIGHT="32" CONTENT="un" WC="0.82" CC="20"/>
						<SP ID="P3_SP00339" HPOS="2021" VPOS="2841" WIDTH="37"/>
						<String ID="P3_ST00374" HPOS="2058" VPOS="2782" WIDTH="357" HEIGHT="47" CONTENT="instrumentiste" WC="0.99" CC="76060180467160"/>
						<SP ID="P3_SP00340" HPOS="2415" VPOS="2841" WIDTH="31"/>
						<String ID="P3_ST00375" HPOS="2446" VPOS="2777" WIDTH="191" HEIGHT="49" CONTENT="ingénieux" WC="0.98" CC="657074057" STYLEREFS="TXT_4"/>
					</TextLine>
					<TextLine ID="P3_TL00035" HPOS="696" VPOS="2839" WIDTH="1940" HEIGHT="68">
						<String ID="P3_ST00376" HPOS="696" VPOS="2857" WIDTH="24" HEIGHT="42" CONTENT="à" WC="0.59" CC="4"/>
						<SP ID="P3_SP00341" HPOS="720" VPOS="2899" WIDTH="27"/>
						<String ID="P3_ST00377" HPOS="747" VPOS="2854" WIDTH="365" HEIGHT="52" CONTENT="l'embouchure," WC="1.00" CC="5009000060000"/>
						<SP ID="P3_SP00342" HPOS="1112" VPOS="2906" WIDTH="30"/>
						<String ID="P3_ST00378" HPOS="1142" VPOS="2869" WIDTH="58" HEIGHT="31" CONTENT="au" WC="0.81" CC="30"/>
						<SP ID="P3_SP00343" HPOS="1200" VPOS="2906" WIDTH="28"/>
						<String ID="P3_ST00379" HPOS="1228" VPOS="2857" WIDTH="205" HEIGHT="50" CONTENT="svstème" WC="0.75" CC="0043900"/>
						<SP ID="P3_SP00344" HPOS="1433" VPOS="2907" WIDTH="29"/>
						<String ID="P3_ST00380" HPOS="1462" VPOS="2854" WIDTH="57" HEIGHT="45" CONTENT="de" WC="0.72" CC="50"/>
						<SP ID="P3_SP00345" HPOS="1519" VPOS="2907" WIDTH="27"/>
						<String ID="P3_ST00381" HPOS="1546" VPOS="2853" WIDTH="118" HEIGHT="46" CONTENT="clefs" WC="0.98" CC="06050"/>
						<SP ID="P3_SP00346" HPOS="1664" VPOS="2907" WIDTH="27"/>
						<String ID="P3_ST00382" HPOS="1691" VPOS="2868" WIDTH="58" HEIGHT="31" CONTENT="ou" WC="1.00" CC="00"/>
						<SP ID="P3_SP00347" HPOS="1749" VPOS="2907" WIDTH="29"/>
						<String ID="P3_ST00383" HPOS="1778" VPOS="2855" WIDTH="24" HEIGHT="42" CONTENT="à" WC="0.42" CC="5"/>
						<SP ID="P3_SP00348" HPOS="1802" VPOS="2907" WIDTH="30"/>
						<String ID="P3_ST00384" HPOS="1832" VPOS="2860" WIDTH="96" HEIGHT="39" CONTENT="tout" WC="0.98" CC="0122"/>
						<SP ID="P3_SP00349" HPOS="1928" VPOS="2907" WIDTH="28"/>
						<String ID="P3_ST00385" HPOS="1956" VPOS="2860" WIDTH="130" HEIGHT="39" CONTENT="autre" WC="0.97" CC="93700"/>
						<SP ID="P3_SP00350" HPOS="2086" VPOS="2907" WIDTH="28"/>
						<String ID="P3_ST00386" HPOS="2114" VPOS="2852" WIDTH="135" HEIGHT="44" CONTENT="détail" WC="0.98" CC="005563"/>
						<SP ID="P3_SP00351" HPOS="2249" VPOS="2907" WIDTH="30"/>
						<String ID="P3_ST00387" HPOS="2279" VPOS="2852" WIDTH="54" HEIGHT="43" CONTENT="de" WC="1.00" CC="00"/>
						<SP ID="P3_SP00352" HPOS="2333" VPOS="2907" WIDTH="28"/>
						<String ID="P3_ST00388" HPOS="2361" VPOS="2849" WIDTH="38" HEIGHT="44" CONTENT="la" WC="0.60" CC="07"/>
						<SP ID="P3_SP00353" HPOS="2399" VPOS="2907" WIDTH="27"/>
						<String ID="P3_ST00389" HPOS="2426" VPOS="2839" WIDTH="210" HEIGHT="57" CONTENT="disposition" WC="0.98" CC="95667227070" STYLEREFS="TXT_4"/>
					</TextLine>
					<TextLine ID="P3_TL00036" HPOS="704" VPOS="2907" WIDTH="1932" HEIGHT="69">
						<String ID="P3_ST00390" HPOS="704" VPOS="2938" WIDTH="58" HEIGHT="30" CONTENT="ou" WC="0.46" CC="28"/>
						<SP ID="P3_SP00354" HPOS="762" VPOS="2968" WIDTH="26"/>
						<String ID="P3_ST00391" HPOS="788" VPOS="2924" WIDTH="57" HEIGHT="43" CONTENT="de" WC="0.56" CC="80"/>
						<SP ID="P3_SP00355" HPOS="845" VPOS="2968" WIDTH="23"/>
						<String ID="P3_ST00392" HPOS="868" VPOS="2924" WIDTH="42" HEIGHT="43" CONTENT="la" WC="0.33" CC="66"/>
						<SP ID="P3_SP00356" HPOS="910" VPOS="2968" WIDTH="25"/>
						<String ID="P3_ST00393" HPOS="935" VPOS="2923" WIDTH="193" HEIGHT="45" CONTENT="matière" WC="0.99" CC="0008400"/>
						<SP ID="P3_SP00357" HPOS="1128" VPOS="2968" WIDTH="24"/>
						<String ID="P3_ST00394" HPOS="1152" VPOS="2923" WIDTH="57" HEIGHT="44" CONTENT="de" WC="1.00" CC="00"/>
						<SP ID="P3_SP00358" HPOS="1209" VPOS="2968" WIDTH="26"/>
						<String ID="P3_ST00395" HPOS="1235" VPOS="2923" WIDTH="312" HEIGHT="44" CONTENT="l'instrument" WC="0.99" CC="707506000045"/>
						<SP ID="P3_SP00359" HPOS="1547" VPOS="2968" WIDTH="23"/>
						<String ID="P3_ST00396" HPOS="1570" VPOS="2921" WIDTH="112" HEIGHT="55" CONTENT="qu'il" WC="0.99" CC="03060"/>
						<SP ID="P3_SP00360" HPOS="1682" VPOS="2976" WIDTH="25"/>
						<String ID="P3_ST00397" HPOS="1707" VPOS="2921" WIDTH="225" HEIGHT="55" CONTENT="pratique," WC="0.99" CC="025060001"/>
						<SP ID="P3_SP00361" HPOS="1932" VPOS="2976" WIDTH="27"/>
						<String ID="P3_ST00398" HPOS="1959" VPOS="2921" WIDTH="44" HEIGHT="45" CONTENT="le" WC="0.65" CC="70"/>
						<SP ID="P3_SP00362" HPOS="2003" VPOS="2976" WIDTH="24"/>
						<String ID="P3_ST00399" HPOS="2027" VPOS="2920" WIDTH="208" HEIGHT="46" CONTENT="moindre" WC="0.99" CC="0070800"/>
						<SP ID="P3_SP00363" HPOS="2235" VPOS="2976" WIDTH="27"/>
						<String ID="P3_ST00400" HPOS="2262" VPOS="2920" WIDTH="79" HEIGHT="43" CONTENT="des" WC="1.00" CC="000"/>
						<SP ID="P3_SP00364" HPOS="2341" VPOS="2976" WIDTH="24"/>
						<String ID="P3_ST00401" HPOS="2365" VPOS="2915" WIDTH="126" HEIGHT="46" CONTENT="effets" WC="0.98" CC="010477"/>
						<SP ID="P3_SP00365" HPOS="2491" VPOS="2976" WIDTH="21"/>
						<String ID="P3_ST00402" HPOS="2512" VPOS="2907" WIDTH="101" HEIGHT="46" CONTENT="tectrn" WC="0.47" CC="303788" STYLEREFS="TXT_3"/>
						<String ID="P3_ST00403" HPOS="2618" VPOS="2916" WIDTH="5" HEIGHT="18" CONTENT="1" STYLE="superscript" WC="0.55" CC="4" STYLEREFS="TXT_3"/>
						<String ID="P3_ST00404" HPOS="2628" VPOS="2926" WIDTH="8" HEIGHT="4" CONTENT="-" WC="0.54" CC="4" STYLEREFS="TXT_3"/>
					</TextLine>
					<TextLine ID="P3_TL00037" HPOS="698" VPOS="2977" WIDTH="1938" HEIGHT="68">
						<String ID="P3_ST00405" HPOS="698" VPOS="3005" WIDTH="115" HEIGHT="38" CONTENT="ques" WC="0.71" CC="9100"/>
						<SP ID="P3_SP00366" HPOS="813" VPOS="3043" WIDTH="36"/>
						<String ID="P3_ST00406" HPOS="849" VPOS="2990" WIDTH="110" HEIGHT="55" CONTENT="qu'il" WC="0.98" CC="00066"/>
						<SP ID="P3_SP00367" HPOS="959" VPOS="3045" WIDTH="38"/>
						<String ID="P3_ST00407" HPOS="997" VPOS="2990" WIDTH="113" HEIGHT="46" CONTENT="s'est" WC="0.99" CC="00007"/>
						<SP ID="P3_SP00368" HPOS="1110" VPOS="3045" WIDTH="35"/>
						<String ID="P3_ST00408" HPOS="1145" VPOS="2993" WIDTH="162" HEIGHT="43" CONTENT="amusé" WC="0.99" CC="20700" STYLEREFS="TXT_4"/>
						<SP ID="P3_SP00369" HPOS="1307" VPOS="3045" WIDTH="36"/>
						<String ID="P3_ST00409" HPOS="1343" VPOS="2993" WIDTH="24" HEIGHT="40" CONTENT="à" WC="1.00" CC="0"/>
						<SP ID="P3_SP00370" HPOS="1367" VPOS="3045" WIDTH="37"/>
						<String ID="P3_ST00410" HPOS="1404" VPOS="2989" WIDTH="237" HEIGHT="45" CONTENT="combiner" WC="0.99" CC="09056200"/>
						<SP ID="P3_SP00371" HPOS="1641" VPOS="3045" WIDTH="36"/>
						<String ID="P3_ST00411" HPOS="1677" VPOS="3003" WIDTH="56" HEIGHT="30" CONTENT="en" WC="0.69" CC="06"/>
						<SP ID="P3_SP00372" HPOS="1733" VPOS="3045" WIDTH="38"/>
						<String ID="P3_ST00412" HPOS="1771" VPOS="3003" WIDTH="91" HEIGHT="30" CONTENT="une" WC="0.97" CC="260"/>
						<SP ID="P3_SP00373" HPOS="1862" VPOS="3045" WIDTH="36"/>
						<String ID="P3_ST00413" HPOS="1898" VPOS="2990" WIDTH="146" HEIGHT="43" CONTENT="heure" WC="0.99" CC="60100"/>
						<SP ID="P3_SP00374" HPOS="2044" VPOS="3045" WIDTH="37"/>
						<String ID="P3_ST00414" HPOS="2081" VPOS="2989" WIDTH="57" HEIGHT="44" CONTENT="de" WC="1.00" CC="00"/>
						<SP ID="P3_SP00375" HPOS="2138" VPOS="3045" WIDTH="35"/>
						<String ID="P3_ST00415" HPOS="2173" VPOS="2986" WIDTH="362" HEIGHT="46" CONTENT="désoeuvrement," WC="0.99" CC="00297805070700" STYLEREFS="TXT_4"/>
						<SP ID="P3_SP00376" HPOS="2535" VPOS="3045" WIDTH="32"/>
						<String ID="P3_ST00416" HPOS="2567" VPOS="2985" WIDTH="36" HEIGHT="30" CONTENT="s°" WC="0.22" CC="78"/>
						<String ID="P3_ST00417" HPOS="2608" VPOS="2977" WIDTH="28" HEIGHT="29" CONTENT="nf" STYLE="superscript" WC="0.55" CC="44"/>
					</TextLine>
					<TextLine ID="P3_TL00038" HPOS="696" VPOS="3046" WIDTH="1937" HEIGHT="67">
						<String ID="P3_ST00418" HPOS="696" VPOS="3057" WIDTH="309" HEIGHT="56" CONTENT="susceptibles" WC="0.99" CC="101000370606"/>
						<SP ID="P3_SP00377" HPOS="1005" VPOS="3113" WIDTH="29"/>
						<String ID="P3_ST00419" HPOS="1034" VPOS="3057" WIDTH="205" HEIGHT="46" CONTENT="d'ouvrir" WC="0.99" CC="84200061"/>
						<SP ID="P3_SP00378" HPOS="1239" VPOS="3113" WIDTH="29"/>
						<String ID="P3_ST00420" HPOS="1268" VPOS="3057" WIDTH="82" HEIGHT="45" CONTENT="des" WC="0.99" CC="002"/>
						<SP ID="P3_SP00379" HPOS="1350" VPOS="3113" WIDTH="30"/>
						<String ID="P3_ST00421" HPOS="1380" VPOS="3056" WIDTH="318" HEIGHT="55" CONTENT="perspectives" WC="1.00" CC="000000066000"/>
						<SP ID="P3_SP00380" HPOS="1698" VPOS="3113" WIDTH="29"/>
						<String ID="P3_ST00422" HPOS="1727" VPOS="3056" WIDTH="375" HEIGHT="55" CONTENT="insoupçonnées" WC="0.99" CC="6000192356000"/>
						<SP ID="P3_SP00381" HPOS="2102" VPOS="3113" WIDTH="28"/>
						<String ID="P3_ST00423" HPOS="2130" VPOS="3059" WIDTH="23" HEIGHT="40" CONTENT="à" WC="1.00" CC="9"/>
						<SP ID="P3_SP00382" HPOS="2153" VPOS="3113" WIDTH="32"/>
						<String ID="P3_ST00424" HPOS="2185" VPOS="3053" WIDTH="186" HEIGHT="46" CONTENT="l'artiste" WC="0.99" CC="605040070"/>
						<SP ID="P3_SP00383" HPOS="2371" VPOS="3113" WIDTH="28"/>
						<String ID="P3_ST00425" HPOS="2399" VPOS="3050" WIDTH="178" HEIGHT="44" CONTENT="créateur" WC="0.99" CC="00066093" STYLEREFS="TXT_4"/>
						<SP ID="P3_SP00384" HPOS="2577" VPOS="3113" WIDTH="20"/>
						<String ID="P3_ST00426" HPOS="2597" VPOS="3046" WIDTH="36" HEIGHT="32" CONTENT="en" WC="0.79" CC="40" STYLEREFS="TXT_4"/>
					</TextLine>
					<TextLine ID="P3_TL00039" HPOS="696" VPOS="3113" WIDTH="1937" HEIGHT="67">
						<String ID="P3_ST00427" HPOS="696" VPOS="3128" WIDTH="139" HEIGHT="42" CONTENT="ciuête" WC="0.63" CC="885000"/>
						<SP ID="P3_SP00385" HPOS="835" VPOS="3170" WIDTH="33"/>
						<String ID="P3_ST00428" HPOS="868" VPOS="3125" WIDTH="344" HEIGHT="55" CONTENT="d'expressions" WC="1.00" CC="0200000007300"/>
						<SP ID="P3_SP00386" HPOS="1212" VPOS="3180" WIDTH="33"/>
						<String ID="P3_ST00429" HPOS="1245" VPOS="3125" WIDTH="242" HEIGHT="45" CONTENT="nouvelles" WC="0.99" CC="403007600"/>
						<SP ID="P3_SP00387" HPOS="1487" VPOS="3180" WIDTH="32"/>
						<String ID="P3_ST00430" HPOS="1519" VPOS="3139" WIDTH="116" HEIGHT="39" CONTENT="pour" WC="0.99" CC="0400"/>
						<SP ID="P3_SP00388" HPOS="1635" VPOS="3180" WIDTH="34"/>
						<String ID="P3_ST00431" HPOS="1669" VPOS="3125" WIDTH="83" HEIGHT="44" CONTENT="des" WC="1.00" CC="100"/>
						<SP ID="P3_SP00389" HPOS="1752" VPOS="3180" WIDTH="31"/>
						<String ID="P3_ST00432" HPOS="1783" VPOS="3123" WIDTH="132" HEIGHT="46" CONTENT="idées" WC="0.98" CC="74000"/>
						<SP ID="P3_SP00390" HPOS="1915" VPOS="3180" WIDTH="33"/>
						<String ID="P3_ST00433" HPOS="1948" VPOS="3123" WIDTH="256" HEIGHT="49" CONTENT="nouvelles," WC="0.99" CC="6140067006"/>
						<SP ID="P3_SP00391" HPOS="2204" VPOS="3180" WIDTH="38"/>
						<String ID="P3_ST00434" HPOS="2242" VPOS="3130" WIDTH="43" HEIGHT="35" CONTENT="et" WC="0.65" CC="07"/>
						<SP ID="P3_SP00392" HPOS="2285" VPOS="3180" WIDTH="33"/>
						<String ID="P3_ST00435" HPOS="2318" VPOS="3121" WIDTH="184" HEIGHT="53" CONTENT="peuvent" WC="0.98" CC="0089027"/>
						<SP ID="P3_SP00393" HPOS="2502" VPOS="3180" WIDTH="28"/>
						<String ID="P3_ST00436" HPOS="2530" VPOS="3117" WIDTH="86" HEIGHT="36" CONTENT="se^'" WC="0.29" CC="8784"/>
						<String ID="P3_ST00437" HPOS="2623" VPOS="3113" WIDTH="10" HEIGHT="28" CONTENT="r" STYLE="superscript" WC="0.28" CC="7"/>
					</TextLine>
					<TextLine ID="P3_TL00040" HPOS="698" VPOS="3172" WIDTH="1935" HEIGHT="75">
						<String ID="P3_ST00438" HPOS="698" VPOS="3193" WIDTH="254" HEIGHT="54" CONTENT="davantage" WC="0.98" CC="530555590"/>
						<SP ID="P3_SP00394" HPOS="952" VPOS="3247" WIDTH="34"/>
						<String ID="P3_ST00439" HPOS="986" VPOS="3192" WIDTH="44" HEIGHT="46" CONTENT="le" WC="0.64" CC="70"/>
						<SP ID="P3_SP00395" HPOS="1030" VPOS="3247" WIDTH="35"/>
						<String ID="P3_ST00440" HPOS="1065" VPOS="3194" WIDTH="190" HEIGHT="53" CONTENT="progrès" WC="0.99" CC="9000030"/>
						<SP ID="P3_SP00396" HPOS="1255" VPOS="3247" WIDTH="36"/>
						<String ID="P3_ST00441" HPOS="1291" VPOS="3193" WIDTH="139" HEIGHT="54" CONTENT="qu'un" WC="0.99" CC="00006"/>
						<SP ID="P3_SP00397" HPOS="1430" VPOS="3247" WIDTH="37"/>
						<String ID="P3_ST00442" HPOS="1467" VPOS="3205" WIDTH="203" HEIGHT="40" CONTENT="ouvrage" WC="0.99" CC="0300670"/>
						<SP ID="P3_SP00398" HPOS="1670" VPOS="3247" WIDTH="35"/>
						<String ID="P3_ST00443" HPOS="1705" VPOS="3191" WIDTH="243" HEIGHT="56" CONTENT="théorique" WC="0.99" CC="050408150"/>
						<SP ID="P3_SP00399" HPOS="1948" VPOS="3247" WIDTH="35"/>
						<String ID="P3_ST00444" HPOS="1983" VPOS="3205" WIDTH="58" HEIGHT="30" CONTENT="ne" WC="0.79" CC="40"/>
						<SP ID="P3_SP00400" HPOS="2041" VPOS="3247" WIDTH="36"/>
						<String ID="P3_ST00445" HPOS="2077" VPOS="3191" WIDTH="268" HEIGHT="54" CONTENT="s'appuyant" WC="0.77" CC="0050052702"/>
						<SP ID="P3_SP00401" HPOS="2345" VPOS="3247" WIDTH="33"/>
						<String ID="P3_ST00446" HPOS="2378" VPOS="3196" WIDTH="81" HEIGHT="43" CONTENT="que" WC="0.96" CC="900"/>
						<SP ID="P3_SP00402" HPOS="2459" VPOS="3247" WIDTH="32"/>
						<String ID="P3_ST00447" HPOS="2491" VPOS="3189" WIDTH="63" HEIGHT="33" CONTENT="sur" WC="0.96" CC="460"/>
						<SP ID="P3_SP00403" HPOS="2554" VPOS="3247" WIDTH="27"/>
						<String ID="P3_ST00448" HPOS="2581" VPOS="3172" WIDTH="37" HEIGHT="42" CONTENT="de" WC="0.30" CC="76" STYLEREFS="TXT_4"/>
						<String ID="P3_ST00449" HPOS="2622" VPOS="3179" WIDTH="11" HEIGHT="19" CONTENT="c" STYLE="superscript" WC="0.55" CC="4" STYLEREFS="TXT_4"/>
					</TextLine>
					<TextLine ID="P3_TL00041" HPOS="699" VPOS="3259" WIDTH="401" HEIGHT="46">
						<String ID="P3_ST00450" HPOS="699" VPOS="3260" WIDTH="104" HEIGHT="45" CONTENT="faits" WC="0.97" CC="31570"/>
						<SP ID="P3_SP00404" HPOS="803" VPOS="3305" WIDTH="25"/>
						<String ID="P3_ST00451" HPOS="828" VPOS="3259" WIDTH="272" HEIGHT="46" CONTENT="antérieurs." WC="0.99" CC="42520700010"/>
					</TextLine>
					<TextLine ID="P3_TL00042" HPOS="794" VPOS="3307" WIDTH="1836" HEIGHT="74">
						<String ID="P3_ST00452" HPOS="794" VPOS="3327" WIDTH="36" HEIGHT="44" CONTENT="Il" WC="0.74" CC="32"/>
						<SP ID="P3_SP00405" HPOS="830" VPOS="3371" WIDTH="29"/>
						<String ID="P3_ST00453" HPOS="859" VPOS="3327" WIDTH="96" HEIGHT="44" CONTENT="faut" WC="0.96" CC="5615"/>
						<SP ID="P3_SP00406" HPOS="955" VPOS="3371" WIDTH="26"/>
						<String ID="P3_ST00454" HPOS="981" VPOS="3341" WIDTH="52" HEIGHT="31" CONTENT="se" WC="1.00" CC="00"/>
						<SP ID="P3_SP00407" HPOS="1033" VPOS="3372" WIDTH="28"/>
						<String ID="P3_ST00455" HPOS="1061" VPOS="3327" WIDTH="164" HEIGHT="53" CONTENT="garder" WC="0.99" CC="070000"/>
						<SP ID="P3_SP00408" HPOS="1225" VPOS="3380" WIDTH="26"/>
						<String ID="P3_ST00456" HPOS="1251" VPOS="3327" WIDTH="258" HEIGHT="54" CONTENT="cependant" WC="0.99" CC="009004664"/>
						<SP ID="P3_SP00409" HPOS="1509" VPOS="3381" WIDTH="25"/>
						<String ID="P3_ST00457" HPOS="1534" VPOS="3324" WIDTH="272" HEIGHT="56" CONTENT="d'exagérer" WC="1.00" CC="0000590000"/>
						<SP ID="P3_SP00410" HPOS="1806" VPOS="3381" WIDTH="28"/>
						<String ID="P3_ST00458" HPOS="1834" VPOS="3327" WIDTH="316" HEIGHT="53" CONTENT="l'importance" WC="1.00" CC="700003061200"/>
						<SP ID="P3_SP00411" HPOS="2150" VPOS="3381" WIDTH="30"/>
						<String ID="P3_ST00459" HPOS="2180" VPOS="3325" WIDTH="55" HEIGHT="43" CONTENT="de" WC="0.98" CC="00"/>
						<SP ID="P3_SP00412" HPOS="2235" VPOS="3381" WIDTH="27"/>
						<String ID="P3_ST00460" HPOS="2262" VPOS="3337" WIDTH="52" HEIGHT="30" CONTENT="ce" WC="1.00" CC="00"/>
						<SP ID="P3_SP00413" HPOS="2314" VPOS="3381" WIDTH="29"/>
						<String ID="P3_ST00461" HPOS="2343" VPOS="3321" WIDTH="169" HEIGHT="44" CONTENT="facteur." WC="0.99" CC="37030701"/>
						<SP ID="P3_SP00414" HPOS="2512" VPOS="3381" WIDTH="28"/>
						<String ID="P3_ST00462" HPOS="2540" VPOS="3307" WIDTH="33" HEIGHT="45" CONTENT="Si" WC="0.56" CC="71"/>
						<String ID="P3_ST00463" HPOS="2595" VPOS="3311" WIDTH="35" HEIGHT="33" CONTENT="en" STYLE="superscript" WC="0.48" CC="54"/>
					</TextLine>
				</TextBlock>
				<TextBlock ID="P3_TB00005" HPOS="691" VPOS="3416" WIDTH="1943" HEIGHT="342" STYLEREFS="TXT_0 PAR_LEFT">
					<TextLine ID="P3_TL00043" HPOS="805" VPOS="3428" WIDTH="1827" HEIGHT="61">
						<String ID="P3_ST00464" HPOS="805" VPOS="3442" WIDTH="35" HEIGHT="42" CONTENT="(i" WC="0.49" CC="53"/>
						<SP ID="P3_SP00415" HPOS="840" VPOS="3484" WIDTH="10"/>
						<String ID="P3_ST00465" HPOS="850" VPOS="3447" WIDTH="11" HEIGHT="36" CONTENT=")" WC="0.31" CC="6"/>
						<SP ID="P3_SP00416" HPOS="861" VPOS="3484" WIDTH="24"/>
						<String ID="P3_ST00466" HPOS="885" VPOS="3440" WIDTH="64" HEIGHT="38" CONTENT="Ne" WC="0.76" CC="40"/>
						<SP ID="P3_SP00417" HPOS="949" VPOS="3484" WIDTH="15"/>
						<String ID="P3_ST00467" HPOS="964" VPOS="3454" WIDTH="76" HEIGHT="35" CONTENT="pas" WC="0.94" CC="725"/>
						<SP ID="P3_SP00418" HPOS="1040" VPOS="3489" WIDTH="17"/>
						<String ID="P3_ST00468" HPOS="1057" VPOS="3442" WIDTH="161" HEIGHT="37" CONTENT="oublier" WC="0.98" CC="0806606"/>
						<SP ID="P3_SP00419" HPOS="1218" VPOS="3489" WIDTH="14"/>
						<String ID="P3_ST00469" HPOS="1232" VPOS="3443" WIDTH="103" HEIGHT="46" CONTENT="qu'il" WC="0.99" CC="17010"/>
						<SP ID="P3_SP00420" HPOS="1335" VPOS="3489" WIDTH="14"/>
						<String ID="P3_ST00470" HPOS="1349" VPOS="3442" WIDTH="122" HEIGHT="47" CONTENT="s'agit" WC="0.98" CC="204720"/>
						<SP ID="P3_SP00421" HPOS="1471" VPOS="3489" WIDTH="18"/>
						<String ID="P3_ST00471" HPOS="1489" VPOS="3442" WIDTH="52" HEIGHT="37" CONTENT="ici" WC="0.96" CC="505"/>
						<SP ID="P3_SP00422" HPOS="1541" VPOS="3489" WIDTH="16"/>
						<String ID="P3_ST00472" HPOS="1557" VPOS="3442" WIDTH="51" HEIGHT="36" CONTENT="de" WC="0.69" CC="60"/>
						<SP ID="P3_SP00423" HPOS="1608" VPOS="3489" WIDTH="17"/>
						<String ID="P3_ST00473" HPOS="1625" VPOS="3440" WIDTH="304" HEIGHT="48" CONTENT="l'opportunité" WC="0.99" CC="0306205018601"/>
						<SP ID="P3_SP00424" HPOS="1929" VPOS="3489" WIDTH="17"/>
						<String ID="P3_ST00474" HPOS="1946" VPOS="3442" WIDTH="126" HEIGHT="36" CONTENT="d'une" WC="0.98" CC="02670"/>
						<SP ID="P3_SP00425" HPOS="2072" VPOS="3489" WIDTH="15"/>
						<String ID="P3_ST00475" HPOS="2087" VPOS="3441" WIDTH="189" HEIGHT="37" CONTENT="nouvelle" WC="1.00" CC="40100000"/>
						<SP ID="P3_SP00426" HPOS="2276" VPOS="3489" WIDTH="18"/>
						<String ID="P3_ST00476" HPOS="2294" VPOS="3436" WIDTH="150" HEIGHT="39" CONTENT="édition" WC="0.99" CC="2600415"/>
						<SP ID="P3_SP00427" HPOS="2444" VPOS="3489" WIDTH="166"/>
						<String ID="P3_ST00477" HPOS="2610" VPOS="3428" WIDTH="22" HEIGHT="22" CONTENT="'•" WC="0.41" CC="38"/>
					</TextLine>
					<TextLine ID="P3_TL00044" HPOS="694" VPOS="3478" WIDTH="1938" HEIGHT="61">
						<String ID="P3_ST00478" HPOS="694" VPOS="3494" WIDTH="78" HEIGHT="34" CONTENT="Les" WC="0.97" CC="501"/>
						<SP ID="P3_SP00428" HPOS="772" VPOS="3528" WIDTH="25"/>
						<String ID="P3_ST00479" HPOS="797" VPOS="3494" WIDTH="182" HEIGHT="37" CONTENT="éditeurs" WC="0.99" CC="09200810"/>
						<SP ID="P3_SP00429" HPOS="979" VPOS="3531" WIDTH="26"/>
						<String ID="P3_ST00480" HPOS="1005" VPOS="3495" WIDTH="180" HEIGHT="44" CONTENT="français" WC="0.98" CC="03644555"/>
						<SP ID="P3_SP00430" HPOS="1185" VPOS="3539" WIDTH="31"/>
						<String ID="P3_ST00481" HPOS="1216" VPOS="3498" WIDTH="54" HEIGHT="36" CONTENT="du" WC="0.13" CC="88"/>
						<SP ID="P3_SP00431" HPOS="1270" VPOS="3539" WIDTH="648"/>
						<String ID="P3_ST00482" HPOS="1918" VPOS="3497" WIDTH="137" HEIGHT="37" CONTENT="Traité" WC="0.97" CC="665057" STYLEREFS="TXT_5"/>
						<SP ID="P3_SP00432" HPOS="2055" VPOS="3539" WIDTH="208"/>
						<String ID="P3_ST00483" HPOS="2263" VPOS="3495" WIDTH="47" HEIGHT="37" CONTENT="de" WC="0.63" CC="42" STYLEREFS="TXT_5"/>
						<SP ID="P3_SP00433" HPOS="2310" VPOS="3539" WIDTH="108"/>
						<String ID="P3_ST00484" HPOS="2418" VPOS="3494" WIDTH="168" HEIGHT="42" CONTENT="Berlioz," WC="0.99" CC="09520520" STYLEREFS="TXT_5"/>
						<String ID="P3_ST00485" HPOS="1750" VPOS="3492" WIDTH="102" HEIGHT="38" CONTENT="MM." WC="0.97" CC="044"/>
						<SP ID="P3_SP00434" HPOS="2586" VPOS="3539" WIDTH="-709"/>
						<String ID="P3_ST00486" HPOS="1877" VPOS="3495" WIDTH="198" HEIGHT="37" CONTENT="Lemoine" WC="0.62" CC="5040752"/>
						<SP ID="P3_SP00435" HPOS="2586" VPOS="3539" WIDTH="-481"/>
						<String ID="P3_ST00487" HPOS="2105" VPOS="3498" WIDTH="40" HEIGHT="33" CONTENT="et" WC="0.64" CC="07"/>
						<SP ID="P3_SP00436" HPOS="2586" VPOS="3539" WIDTH="-411"/>
						<String ID="P3_ST00488" HPOS="2175" VPOS="3494" WIDTH="76" HEIGHT="42" CONTENT="Cie," WC="0.85" CC="0500"/>
						<SP ID="P3_SP00437" HPOS="2586" VPOS="3539" WIDTH="-301"/>
						<String ID="P3_ST00489" HPOS="2285" VPOS="3502" WIDTH="48" HEIGHT="26" CONTENT="en" WC="0.70" CC="05"/>
						<SP ID="P3_SP00438" HPOS="2586" VPOS="3539" WIDTH="-230"/>
						<String ID="P3_ST00490" HPOS="2356" VPOS="3492" WIDTH="69" HEIGHT="33" CONTENT="ont" WC="0.94" CC="464"/>
						<SP ID="P3_SP00439" HPOS="2586" VPOS="3539" WIDTH="-140"/>
						<String ID="P3_ST00491" HPOS="2446" VPOS="3478" WIDTH="118" HEIGHT="53" CONTENT="publie" WC="0.96" CC="467766"/>
						<SP ID="P3_SP00440" HPOS="2586" VPOS="3539" WIDTH="-6"/>
						<String ID="P3_ST00492" HPOS="2580" VPOS="3478" WIDTH="52" HEIGHT="29" CONTENT="unf" WC="0.30" CC="667"/>
					</TextLine>
					<TextLine ID="P3_TL00045" HPOS="691" VPOS="3548" WIDTH="898" HEIGHT="50">
						<String ID="P3_ST00493" HPOS="691" VPOS="3548" WIDTH="158" HEIGHT="35" CONTENT="édition" WC="0.98" CC="7860430"/>
						<SP ID="P3_SP00441" HPOS="849" VPOS="3583" WIDTH="24"/>
						<String ID="P3_ST00494" HPOS="873" VPOS="3550" WIDTH="203" HEIGHT="43" CONTENT="nouvelle," WC="0.99" CC="410904600"/>
						<SP ID="P3_SP00442" HPOS="1076" VPOS="3593" WIDTH="30"/>
						<String ID="P3_ST00495" HPOS="1106" VPOS="3563" WIDTH="126" HEIGHT="24" CONTENT="revue" WC="0.99" CC="00080"/>
						<SP ID="P3_SP00443" HPOS="1232" VPOS="3593" WIDTH="23"/>
						<String ID="P3_ST00496" HPOS="1255" VPOS="3561" WIDTH="76" HEIGHT="37" CONTENT="par" WC="0.97" CC="008"/>
						<SP ID="P3_SP00444" HPOS="1331" VPOS="3598" WIDTH="19"/>
						<String ID="P3_ST00497" HPOS="1350" VPOS="3551" WIDTH="56" HEIGHT="36" CONTENT="M." WC="0.96" CC="00"/>
						<SP ID="P3_SP00445" HPOS="1406" VPOS="3598" WIDTH="24"/>
						<String ID="P3_ST00498" HPOS="1430" VPOS="3551" WIDTH="159" HEIGHT="36" CONTENT="Widor." WC="0.80" CC="050006"/>
					</TextLine>
					<TextLine ID="P3_TL00046" HPOS="807" VPOS="3587" WIDTH="1813" HEIGHT="65">
						<String ID="P3_ST00499" HPOS="807" VPOS="3602" WIDTH="56" HEIGHT="46" CONTENT="(2)" WC="0.49" CC="257" STYLEREFS="TXT_3"/>
						<SP ID="P3_SP00446" HPOS="863" VPOS="3648" WIDTH="26"/>
						<String ID="P3_ST00500" HPOS="889" VPOS="3603" WIDTH="108" HEIGHT="42" CONTENT="Seul," WC="0.99" CC="02001"/>
						<SP ID="P3_SP00447" HPOS="997" VPOS="3648" WIDTH="29"/>
						<String ID="P3_ST00501" HPOS="1026" VPOS="3602" WIDTH="94" HEIGHT="38" CONTENT='le"c*' WC="0.71" CC="00607" STYLEREFS="TXT_3"/>
						<SP ID="P3_SP00448" HPOS="1120" VPOS="3648" WIDTH="16"/>
						<String ID="P3_ST00502" HPOS="1136" VPOS="3605" WIDTH="349" HEIGHT="42" CONTENT="apitre'consacré" WC="0.75" CC="085005000050056"/>
						<SP ID="P3_SP00449" HPOS="1485" VPOS="3648" WIDTH="22"/>
						<String ID="P3_ST00503" HPOS="1507" VPOS="3606" WIDTH="24" HEIGHT="34" CONTENT="à" WC="1.00" CC="0"/>
						<SP ID="P3_SP00450" HPOS="1531" VPOS="3648" WIDTH="26"/>
						<String ID="P3_ST00504" HPOS="1557" VPOS="3605" WIDTH="159" HEIGHT="38" CONTENT="l'orgue" WC="0.99" CC="0205720"/>
						<SP ID="P3_SP00451" HPOS="1716" VPOS="3648" WIDTH="15"/>
						<String ID="P3_ST00505" HPOS="1731" VPOS="3617" WIDTH="24" HEIGHT="24" CONTENT="a" WC="1.00" CC="0"/>
						<SP ID="P3_SP00452" HPOS="1755" VPOS="3648" WIDTH="26"/>
						<String ID="P3_ST00506" HPOS="1781" VPOS="3607" WIDTH="54" HEIGHT="34" CONTENT="dû" WC="0.60" CC="61" STYLEREFS="TXT_6"/>
						<SP ID="P3_SP00453" HPOS="1835" VPOS="3648" WIDTH="26"/>
						<String ID="P3_ST00507" HPOS="1861" VPOS="3606" WIDTH="101" HEIGHT="37" CONTENT="êtrel" WC="0.63" CC="40058"/>
						<SP ID="P3_SP00454" HPOS="1962" VPOS="3648" WIDTH="25"/>
						<String ID="P3_ST00508" HPOS="1987" VPOS="3606" WIDTH="306" HEIGHT="46" CONTENT="partiellement" WC="0.99" CC="9954005602000"/>
						<SP ID="P3_SP00455" HPOS="2293" VPOS="3652" WIDTH="36"/>
						<String ID="P3_ST00509" HPOS="2329" VPOS="3592" WIDTH="166" HEIGHT="46" CONTENT="remanié" WC="0.98" CC="0771607"/>
						<SP ID="P3_SP00456" HPOS="2495" VPOS="3652" WIDTH="15"/>
						<String ID="P3_ST00510" HPOS="2510" VPOS="3592" WIDTH="32" HEIGHT="32" CONTENT="et" WC="0.74" CC="23" STYLEREFS="TXT_6"/>
						<SP ID="P3_SP00457" HPOS="2542" VPOS="3652" WIDTH="14"/>
						<String ID="P3_ST00511" HPOS="2556" VPOS="3587" WIDTH="64" HEIGHT="32" CONTENT="cotn" WC="0.46" CC="0668"/>
					</TextLine>
					<TextLine ID="P3_TL00047" HPOS="720" VPOS="3643" WIDTH="1857" HEIGHT="65">
						<String ID="P3_ST00512" HPOS="720" VPOS="3654" WIDTH="96" HEIGHT="42" CONTENT="lété," WC="0.68" CC="42034"/>
						<SP ID="P3_SP00458" HPOS="816" VPOS="3696" WIDTH="28"/>
						<String ID="P3_ST00513" HPOS="844" VPOS="3657" WIDTH="151" HEIGHT="35" CONTENT="travail" WC="0.99" CC="0006055"/>
						<SP ID="P3_SP00459" HPOS="995" VPOS="3696" WIDTH="33"/>
						<String ID="P3_ST00514" HPOS="1028" VPOS="3659" WIDTH="132" HEIGHT="36" CONTENT="confié" WC="0.99" CC="004006"/>
						<SP ID="P3_SP00460" HPOS="1160" VPOS="3696" WIDTH="46"/>
						<String ID="P3_ST00515" HPOS="1206" VPOS="3659" WIDTH="25" HEIGHT="36" CONTENT="à" WC="0.54" CC="4"/>
						<SP ID="P3_SP00461" HPOS="1231" VPOS="3696" WIDTH="22"/>
						<String ID="P3_ST00516" HPOS="1253" VPOS="3658" WIDTH="10" HEIGHT="15" CONTENT="r" STYLE="superscript" WC="0.24" CC="7"/>
						<String ID="P3_ST00517" HPOS="1265" VPOS="3659" WIDTH="41" HEIGHT="36" CONTENT="la" WC="0.88" CC="02"/>
						<SP ID="P3_SP00462" HPOS="1306" VPOS="3696" WIDTH="42"/>
						<String ID="P3_ST00518" HPOS="1348" VPOS="3658" WIDTH="269" HEIGHT="47" CONTENT="compétence" WC="1.00" CC="0060000000"/>
						<SP ID="P3_SP00463" HPOS="1617" VPOS="3705" WIDTH="33"/>
						<String ID="P3_ST00519" HPOS="1650" VPOS="3659" WIDTH="179" HEIGHT="46" CONTENT="spéciale" WC="0.99" CC="09407000"/>
						<SP ID="P3_SP00464" HPOS="1829" VPOS="3705" WIDTH="39"/>
						<String ID="P3_ST00520" HPOS="1868" VPOS="3659" WIDTH="51" HEIGHT="36" CONTENT="de" WC="0.49" CC="63" STYLEREFS="TXT_6"/>
						<SP ID="P3_SP00465" HPOS="1919" VPOS="3705" WIDTH="21"/>
						<String ID="P3_ST00521" HPOS="1940" VPOS="3662" WIDTH="69" HEIGHT="34" CONTENT="-M." WC="1.00" CC="000" STYLEREFS="TXT_6"/>
						<SP ID="P3_SP00466" HPOS="2009" VPOS="3705" WIDTH="51"/>
						<String ID="P3_ST00522" HPOS="2060" VPOS="3659" WIDTH="37" HEIGHT="36" CONTENT="le" WC="1.00" CC="00"/>
						<SP ID="P3_SP00467" HPOS="2097" VPOS="3705" WIDTH="29"/>
						<String ID="P3_ST00523" HPOS="2126" VPOS="3658" WIDTH="230" HEIGHT="50" CONTENT="professeur" WC="1.00" CC="0005000004"/>
						<SP ID="P3_SP00468" HPOS="2356" VPOS="3708" WIDTH="36"/>
						<String ID="P3_ST00524" HPOS="2392" VPOS="3643" WIDTH="185" HEIGHT="40" CONTENT="Wolfruni," WC="0.43" CC="780765472" STYLEREFS="TXT_3"/>
					</TextLine>
					<TextLine ID="P3_TL00048" HPOS="692" VPOS="3708" WIDTH="257" HEIGHT="49">
						<String ID="P3_ST00525" HPOS="692" VPOS="3708" WIDTH="257" HEIGHT="49" CONTENT="Heidelberg." WC="0.76" CC="20080500404" STYLEREFS="TXT_6"/>
					</TextLine>
				</TextBlock>
				<ComposedBlock ID="P3_CB00001" HPOS="1665" VPOS="1412" WIDTH="84" HEIGHT="85" STYLEREFS="TXT_7 PAR_LEFT" TYPE="Illustration">
					<GraphicalElement ID="P3_CB00001_SUB" HPOS="1665" VPOS="1412" WIDTH="84" HEIGHT="85"/>
				</ComposedBlock>
			</PrintSpace>
		</Page>
	</Layout>
</alto>
