2710 4089
768 321 0 0 318

1220 277 251 35 BULLETIN
1498 278 247 45 FRANÇAIS
1770 279 64 34 DE
1863 279 61 34 LA
1952 279 38 35 S.
2023 280 27 34 I.
2080 280 50 34 M.

670 423 232 51 MOZART,
1310 427 69 42 als
1520 426 340 54 achtjaehriger
2271 428 323 52 Komponist...
1787 428 99 45 Von
1926 430 74 54 D.,
2041 430 58 45 G.
2142 431 355 61 Schuenemann.
2532 454 24 38 (T

772 490 258 56 Breitkopf,
1060 492 99 54 in-4
1164 493 18 19 0
1214 493 131 53 obi.).

769 625 35 45 Il
838 625 203 46 n'arrive
1072 640 82 41 pas
1185 637 199 36 souvent
1416 630 24 43 à
1473 642 93 31 une
1598 642 144 31 revue
1777 630 59 45 du
1868 640 66 33 XX
1937 630 16 19 e
1985 630 146 46 siècle
2161 633 272 53 d'annoncer
2462 645 146 60 l'apparj

675 691 94 45 tion
801 691 140 46 d'une
971 706 164 32 œuvre
1164 694 174 45 inédite
1371 695 60 44 du
1463 696 164 43 maître
1658 695 58 44 de
1747 695 282 56 Sallzbourg!
2065 696 165 47 Seules
2262 704 214 56 quelques
2503 719 108 47 collée

667 757 120 46 tions
824 758 320 55 particulières
1180 769 103 38 sont
1318 775 135 32 assez
1490 762 240 46 fortunées
1766 776 116 41 pour
1918 765 224 53 posséder
2178 780 168 34 encore
2379 774 74 45 des
2485 793 125 40 manus

665 824 112 45 crits
808 826 57 43 de
896 826 181 45 Mozart
1107 827 228 44 inconnus
1368 828 59 45 du
1462 828 153 54 public
1647 830 210 44 musical.
1893 828 173 49 C'était
2098 833 305 52 précisément
2432 842 38 45 le
2498 859 62 35 cas
2586 856 36 45 de

672 892 42 43 la
744 891 319 57 bibliothèque
1091 893 631 57 Mendelssohn-Bartholdy,
1755 896 93 54 qui,
1882 910 57 30 en
1976 897 140 56 1908,
2149 898 68 46 fut
2248 901 159 54 léguée
2433 910 23 43 à
2483 911 120 61 l'empe-

664 971 108 31 reur
802 958 338 54 d'Allemagne,
1175 968 47 37 et
1252 973 136 42 passa
1420 962 114 44 dans
1567 962 42 44 la
1642 962 330 57 Bibliothèque
2003 965 157 54 royale
2192 967 57 44 de
2282 968 163 50 Berlin.

763 1024 153 46 Parmi
952 1026 242 55 beaucoup
1229 1028 206 44 d'autres
1469 1030 189 52 trésors,
1697 1030 109 45 dont
1839 1043 119 33 nous
1992 1045 147 31 avons
2174 1033 56 44 ici
2266 1039 146 43 même
2443 1043 126 49 donné
2596 1053 25 46 la

663 1090 105 47 liste
802 1092 265 55 sommaire,
1105 1108 52 30 se
1192 1095 199 46 trouvait
1426 1096 114 45 dans
1576 1096 69 45 les
1679 1104 184 38 cartons
1899 1099 58 44 de
1991 1098 334 49 Mendelssohn
2360 1119 57 31 un
2450 1112 94 50 petit
2569 1129 35 32 vo-

663 1160 139 53 lume,
838 1160 166 56 simple
1035 1161 157 46 album
1224 1165 60 40 où
1318 1162 42 45 le
1392 1164 138 53 jeune
1563 1162 179 47 Mozart
1774 1165 222 54 consigna
2029 1167 229 55 quelques
2288 1175 188 50 pensées
2504 1183 99 45 enfan-

670 1225 136 54 tines,
844 1227 121 45 mais
997 1227 209 53 géniales
1239 1228 121 55 déjà.
1399 1230 65 44 La
1500 1230 106 45 date
1639 1231 59 44 de
1732 1239 75 38 cet
1840 1232 156 45 album
2032 1233 209 46 coïncide
2276 1250 110 33 avec
2418 1241 39 43 le
2487 1256 134 47 voyage

660 1293 61 45 du
748 1293 112 55 petit
885 1296 191 53 prodige
1102 1297 24 42 à
1154 1296 224 53 Londres,
1410 1310 57 31 en
1533 1297 139 56 1764.
1737 1298 257 48 L'écriture
2055 1308 72 38 est
2186 1315 166 34 encore
2407 1311 212 55 malhabile,

660 1367 198 38 souvent
888 1373 58 31 au
976 1374 185 41 crayon,
1195 1374 58 32 en
1284 1376 189 40 grosses
1502 1372 134 38 notes
1667 1366 78 54 qui
1777 1374 232 38 montrent
2039 1367 308 57 l'application
2376 1373 99 47 d'un
2502 1381 119 48 enfant

660 1425 107 46 bien
797 1426 134 55 stylé,
964 1434 46 38 et
1037 1430 96 43 très
1162 1430 222 45 surveillé
1413 1444 82 41 par
1524 1446 61 31 un
1615 1434 112 52 père
1756 1434 196 45 attentif.

757 1493 72 44 Ce
863 1501 105 38 sont
1001 1495 58 44 de
1093 1495 168 55 petites
1297 1496 172 56 pièces,
1507 1508 230 44 menuets,
1774 1500 215 55 allégros,
2027 1510 197 47 prestos,
2262 1505 189 55 adagios.
2487 1509 134 52 Mozart

656 1559 199 47 s'essaie
886 1574 89 32 aux
1006 1561 277 47 différentes
1314 1564 177 45 formes
1523 1565 379 48 instrumentales
1934 1570 24 42 à
1992 1570 41 43 la
2066 1570 150 53 mode,
2252 1580 44 37 et
2326 1574 108 46 dans
2461 1589 46 33 ce
2535 1583 85 52 style

658 1640 58 32 en
742 1641 152 41 vogue
918 1636 165 38 autour
1107 1631 59 44 de
1191 1630 78 54 lui,
1298 1631 109 47 dont
1432 1632 31 45 il
1490 1641 176 38 restera
1694 1635 43 44 le
1763 1637 323 52 représentant
2112 1637 202 57 typique.

756 1693 66 46 Le
858 1696 40 43 D
903 1697 15 16 r
955 1694 359 47 Schuenemann
1352 1712 26 31 a
1413 1712 55 31 su
1506 1702 243 52 présenter
1785 1715 55 33 ce
1876 1703 188 45 volume
2100 1717 115 32 avec
2250 1720 61 32 un
2347 1710 101 52 goût
2480 1712 139 57 parfait,

656 1774 92 42 que
776 1769 104 42 tous
908 1763 70 44 les
1007 1764 296 56 bibliophiles
1332 1767 337 54 apprécieront.

2467 1842 33 56 J.
2531 1844 39 46 E.

659 1962 255 45 Almanach
945 1966 56 42 de
1035 1965 209 44 Genève.
1371 1965 232 55 (Genève,
1636 1966 89 47 Ch.
1758 1969 257 56 Eggimann
2047 1979 46 38 et
2121 1971 103 55 Cie,
2257 1973 161 54 in-12).

752 2096 128 47 Dans
914 2111 55 32 ce
1003 2098 113 56 petit
1149 2098 131 57 livre,
1318 2101 29 44 il
1384 2101 98 47 faut
1516 2105 238 52 parcourir
1788 2105 69 45 les
1893 2122 23 25 «
1957 2106 338 56 Ephémérides
2332 2126 40 37 »,
2408 2110 123 47 tirées
2559 2112 58 45 des

654 2162 230 47 Archives
922 2166 57 44 de
1018 2166 214 54 Genève,
1272 2169 59 44 où
1369 2168 235 55 plusieurs
1641 2178 128 38 actes
1807 2172 283 47 intéressent
2128 2176 42 43 la
2207 2176 208 56 musique
2450 2191 50 30 au
2531 2188 74 33 xvn
2607 2180 12 17 9

651 2229 159 47 siècle.
842 2232 35 44 Il
904 2232 98 48 faut
1027 2233 84 44 lire
1137 2242 181 39 surtout
1344 2235 316 49 l'intéressant
1685 2239 160 46 article
1873 2241 59 44 de
1957 2241 63 45 M.
2052 2242 154 56 Kling,
2235 2257 79 32 sur
2339 2244 65 46 les
2427 2247 155 43 cloches
2601 2248 16 42 à

651 2295 214 57 Genève,
898 2305 98 40 tout
1025 2301 24 44 à
1079 2300 83 46 fait
1191 2301 107 46 bien
1330 2303 290 47 documenté.

2452 2378 43 45 L.
2526 2379 43 44 N.

734 2498 34 44 A
818 2498 273 55 llgemeiner
1431 2503 252 44 deutscher
2005 2505 249 45 Kalender.
1675 2506 196 55 (Berlin,
1911 2509 158 45 Raabe
2104 2517 45 40 et
2187 2511 216 53 Plothow,
2440 2511 106 44 in-12
2577 2510 42 45 de

748 2575 95 45 700
870 2566 113 56 pp.).

745 2699 98 47 Ces
869 2702 248 45 annuaires
1145 2704 352 55 appartiennent
1525 2709 24 43 à
1578 2708 42 44 la
1648 2708 352 58 bibliographie,
2031 2719 45 40 et
2104 2712 215 48 méritent
2346 2713 133 47 d'être
2502 2712 95 54 signa-

646 2768 69 43 lés
750 2768 59 44 ici
846 2771 167 44 même.
1054 2770 107 55 Que
1197 2773 58 44 de
1291 2774 209 44 services
1537 2788 59 33 ne
1632 2776 300 47 rendront-ils
1967 2793 83 41 pas
2086 2793 89 32 aux
2211 2789 184 38 savants
2428 2782 74 44 des
2531 2782 83 50 âges

645 2832 240 47 lointains!
918 2834 66 45 Le
1457 2836 213 46 Musiker
1942 2839 236 45 Kalender
1523 2841 76 55 qui
1631 2841 260 57 s'applique
1921 2845 334 56 spécialement
2285 2850 24 42 à
2339 2848 272 50 l'Allemagne,

644 2901 118 44 mais
795 2905 251 53 comprend
1081 2919 61 30 un
1177 2906 259 47 inventaire
1471 2910 250 46 sommaire
1755 2912 84 45 des
1872 2921 157 38 autres
2064 2916 169 54 grands
2267 2929 109 43 pays
2409 2915 203 52 d'Europe,

644 2975 72 38 est
745 2981 63 32 un
841 2971 82 43 des
956 2970 141 47 livres
1129 2972 57 46 de
1218 2981 73 38 cet
1322 2977 170 52 espèce
1525 2976 69 44 les
1625 2977 157 46 mieux
1812 2978 122 46 faits.

645 3166 119 47 LEVI
796 3169 280 56 (EUGENIA).
1834 3175 151 45 Lirica
2196 3175 185 47 italiana
2622 3166 1 59 n

736 3239 383 51 produzzioni...e
1150 3243 199 44 mélodie
1379 3245 76 43 del
1484 3248 205 52 tempo...
1723 3246 230 59 (Firenze,
1987 3249 96 46 Léo
2114 3250 209 54 Olschki,
2362 3260 126 45 1909,
2516 3243 91 47 in-8°

742 3304 57 44 de
822 3314 97 44 450
942 3306 114 55 pp.).

744 3436 105 45 Une
888 3437 90 46 fois
1016 3439 57 45 de
1110 3441 119 54 pilus,
1270 3441 63 47 M.
1377 3443 210 55 Olschki,
1628 3446 43 44 le
1709 3447 276 56 bibliophile
2023 3448 217 47 florentin
2280 3450 104 47 bien
2419 3457 142 37 connu,
2593 3452 17 31 a

645 3503 147 44 rendu
820 3505 183 45 service
1031 3519 88 33 aux
1149 3508 305 55 Beaux-Arts,
1486 3525 58 31 en
1572 3514 234 46 associant
1835 3516 113 44 dans
1977 3531 61 30 un
2069 3521 153 42 même
2252 3528 193 42 ouvrage
2471 3513 36 45 la
2531 3507 60 57 poé-

637 3569 84 55 sie,
757 3570 40 45 la
828 3571 227 59 peinture,
1091 3577 40 44 la
1164 3578 251 56 sculpture,
1450 3580 41 45 la
1523 3580 247 47 miniature
1802 3591 46 38 et
1878 3583 42 47 la
1952 3584 231 56 musique.
