2710 4089
547 307 95 56 278

1146 312 249 37 BULLETIN
1420 310 245 45 FRANÇAIS
1688 311 65 33 DE
1778 311 61 33 LA
1865 311 38 34 S.
1932 311 28 34 I.
1988 312 50 32 M.

659 465 93 54 En
793 479 63 38 ce
898 462 99 71 qui
1040 462 218 53 touche
1301 460 218 55 Claude
1561 459 290 67 Debussy,
1877 475 192 37 aucun
2110 458 147 54 écrit
2298 459 200 58 n'aura
2535 469 75 59 été

549 543 151 57 aussi
736 543 143 54 utile
913 543 35 52 à
977 542 57 53 la
1065 542 379 69 propagande
1480 539 174 57 d'une
1687 538 275 56 curiosité
1996 557 148 52 pour
2175 557 101 35 son
2316 557 209 56 œuvre,
2553 568 57 41 en

548 623 357 72 Angleterre,
930 639 113 52 que
1081 622 301 69 l'ouvrage
1423 638 113 52 que
1574 619 82 56 lui
1700 638 34 36 a
1773 619 275 56 consacré

552 707 144 53 dans
726 704 57 53 la
813 702 310 54 collection
1155 703 99 53 des
2030 700 212 70 Living
2512 700 73 54 M
2589 718 21 36 a

661 784 155 53 Mme
865 780 244 56 Liebich
1155 779 103 56 eût
1307 779 227 69 mérité,
1585 779 190 58 même
1824 797 135 37 sans
2008 784 92 48 cet
2152 796 254 54 ouvrage
2455 783 154 61 d'être

548 863 268 57 nommée
856 862 96 68 ici,
1000 879 96 37 car
1141 860 106 55 elle
1289 864 97 52 lut
1429 862 119 53 très
1594 859 619 56 vraisemblablement
2257 859 57 55 la
2357 864 253 66 première

549 947 36 52 à
618 944 179 55 écrire
835 962 76 37 au
948 943 155 70 sujet
1142 943 70 54 de
1250 942 292 69 Debussy,
1580 959 74 37 en
1689 940 359 73 Angleterre.
2091 940 98 55 Un
2225 939 202 57 article
2462 956 148 58 parut

548 1041 73 40 en
670 1023 143 58 effet
863 1041 136 38 sous
1048 1039 65 37 sa
1162 1020 322 74 signature,
1536 1022 289 54 touchant
1877 1025 171 50 notre
2097 1020 389 71 compatriote
2533 1028 77 55 dès

550 1122 145 56 1904
723 1108 99 66 (2).
851 1104 148 56 Sans
1023 1103 127 57 rien
1175 1108 278 67 apporter
1482 1104 69 53 de
1576 1121 276 36 nouveau
1876 1102 36 52 à
1935 1100 57 55 la
2013 1100 252 70 critique
2289 1102 68 54 de
2378 1100 230 74 l'œuvre,

549 1193 91 50 cet
682 1185 204 56 article
931 1184 268 56 dénotait
1246 1184 134 70 déjà
1421 1202 113 37 une
1579 1183 277 54 curiosité
1898 1187 59 49 et
2002 1201 113 35 une
2161 1182 449 71 compréhension

548 1269 120 52 très
709 1267 378 54 attachantes
1166 1264 99 71 qui
1338 1282 59 37 se
1465 1264 433 71 témoignèrent
1938 1268 60 48 et
2040 1281 60 36 se
2140 1262 350 71 précisèrent
2526 1284 83 53 par

554 1349 152 55 deux
743 1363 317 38 nouveaux
1096 1345 233 55 articles
1387 1361 178 54 parus
1606 1363 75 36 au
2364 1362 72 38 en
2476 1361 133 56 1904,

553 1429 34 52 à
612 1444 215 55 propos
859 1427 77 54 du
1386 1425 248 54 Prélude
1968 1427 34 52 à
2092 1424 384 71 l'après-midi
1895 1425 221 68 Faune,
2138 1431 77 59 et,
2237 1425 51 55 le
2319 1439 66 40 12
2415 1425 195 70 janvier

552 1521 161 58 1907,
741 1507 291 54 touchant
1583 1504 226 55 Pelléas
2096 1511 48 48 et
2244 1504 350 70 Mêlisande,
1771 1504 157 57 enfin
1956 1523 106 52 par
2081 1505 298 70 l'ouvrage

555 1587 230 54 Achille
1080 1587 152 70 Debussy.
1233 1585 163 56 L'article
1435 1588 69 53 de
1541 1587 154 53 Mme
1731 1585 245 55 Liebich
2011 1605 76 35 au
2121 1587 155 70 sujet
2314 1587 68 53 de

546 1671 253 68 prendra
826 1686 114 37 une
968 1665 271 58 nouvelle
1268 1665 284 56 actualité
1579 1672 156 51 cette
1763 1665 198 56 saison
1988 1665 319 72 puisqu'on
2336 1667 122 54 doit
2484 1668 125 55 enfin

550 1752 220 54 donner
806 1749 33 52 à
872 1749 278 66 Londres,
1188 1767 76 36 au
1315 1749 226 54 Covent
1576 1749 253 68 Garden,
1866 1766 62 35 ce
1965 1749 199 54 drame
2196 1747 229 72 lyrique
2453 1748 126 71 impa-

545 1829 314 56 tiemment
903 1831 256 53 attendu
1206 1846 106 54 par
1359 1828 82 56 les
1493 1829 374 70 debussystes
1917 1828 244 71 anglais,
2192 1846 98 37 car
2336 1825 247 74 l'impossi-

546 1911 171 53 bilité
757 1913 69 53 de
868 1909 165 56 venir
1071 1928 74 37 en
1183 1911 222 54 France
1444 1928 118 37 aux
1599 1916 137 64 trop
1775 1926 158 38 rares
1970 1911 258 69 époques
2269 1909 77 54 où
2382 1909 227 71 ï'Opéra-

549 1991 282 71 Comique
866 1987 54 58 le
960 1992 215 67 donna,
1212 1991 283 71 empêcha
1527 1991 250 58 nombre
1818 1991 223 54 d'entre
2079 2008 116 37 eux
2234 1992 69 53 de
2340 1988 269 56 connaître

548 2071 247 57 l'œuvre
842 2069 257 75 capitale
1150 2074 77 55 du
1275 2073 210 57 maître
1533 2077 336 53 autrement
1918 2090 113 52 que
2077 2088 109 54 par
2232 2069 378 57 l'insuiftsante

548 2153 351 70 impression
926 2156 69 52 de
1018 2149 58 57 la
1099 2151 239 57 lecture.
1367 2152 273 56 L'article
1668 2153 68 55 de
1762 2152 117 53 Mrs
1905 2152 245 54 Liebich
2172 2158 152 50 reste
2351 2151 258 57 d'ailleurs

549 2233 52 55 le
633 2233 263 59 meilleur
926 2232 421 60 commentaire
1378 2233 233 71 général
1642 2233 181 70 qu'on
1853 2232 87 55 ait
1971 2232 202 72 publié
2203 2251 73 37 en
2305 2231 304 72 Angleterre

549 2331 99 38 sur
830 2314 228 54 Pelléas
1363 2320 48 48 et
1427 2314 168 54 Mêlisande.
1596 2316 99 70 Quant
1696 2316 67 52 à
1764 2331 117 38 son
1881 2332 277 52 ouvrage,
2194 2312 44 55 il
2275 2314 122 54 ale
2434 2311 175 59 mérite

548 2394 184 56 d'être
770 2394 221 72 unique
1030 2394 250 72 puisque
1319 2394 156 56 nulle
1514 2401 135 65 part
1689 2394 251 69 ailleurs,
1971 2394 190 59 même
2199 2415 68 35 en
2302 2396 226 63 France,
2553 2408 57 37 on

548 2476 99 53 n'a
685 2492 209 38 encore
935 2477 274 53 consacré
1251 2494 80 38 un
1372 2474 147 56 essai
1566 2477 70 53 de
1679 2481 155 48 cette
1875 2476 253 54 étendue
2172 2476 34 53 à
2246 2476 249 54 l'auteur
2533 2472 75 55 des

552 2556 245 70 Images.

663 2636 206 56 Publié
899 2638 145 55 dans
1072 2652 113 40 une
1214 2636 310 56 collection
1548 2637 121 55 très
1696 2636 209 70 suivie,
1923 2637 52 60 il
2002 2654 143 38 aura
2173 2654 135 38 sans
2333 2634 102 56 nul
2463 2636 146 53 doute

552 2716 219 56 atteint
800 2717 58 55 la
888 2718 239 71 plupart
1160 2720 70 54 de
1261 2736 146 37 ceux
1438 2717 99 71 qui
1570 2736 60 36 se
1660 2718 219 56 mêlent
1912 2720 70 54 de
2012 2718 269 71 musique
2313 2732 138 40 avec
2479 2712 104 72 quel-

549 2815 112 53 que
700 2798 280 55 curiosité
1016 2803 60 50 et
1115 2798 252 71 quelque
1406 2800 297 54 méthode.
1744 2800 94 53 Au
1875 2805 173 63 reste,
2088 2817 108 37 son
2234 2805 206 48 auteur
2477 2812 62 37 ne
2570 2792 38 52 le

548 2878 302 56 considère
889 2878 171 71 point
1101 2896 226 42 comme
1371 2896 110 38 une
1523 2895 199 40 œuvre
1766 2880 303 54 définitive
2109 2880 151 58 mais
2300 2894 214 41 comme
2548 2888 61 39 un

548 2958 170 71 point
756 2961 69 53 de
861 2961 207 71 départ
1101 2965 60 50 et
1194 2979 83 36 un
1308 2960 314 55 stimulant
1658 2962 34 53 à
1726 2962 258 55 d'autres
2018 2977 285 55 ouvrages
2337 2957 97 72 qui
2468 2968 112 59 pour-

548 3038 191 56 raient
776 3040 125 55 être
936 3040 143 54 faits
1114 3056 98 39 sur
1249 3059 63 38 ce
1347 3040 156 71 sujet
1573 3046 59 51 et
1669 3059 64 38 ce
1768 3042 266 55 modeste
2069 3041 319 54 sentiment
2422 3055 68 35 ne
2523 3029 85 58 fait

552 3136 113 53 que
703 3122 219 55 donner
955 3121 134 71 plus
1124 3123 71 55 de
1228 3122 135 71 prix
1399 3123 34 53 à
1465 3140 106 37 son
1607 3137 273 56 ouvrage.
1919 3122 51 54 Il
2006 3120 216 58 débute
2256 3139 105 54 par
2394 3136 76 38 un
2500 3115 80 54 cha-

548 3201 153 70 pitre
727 3202 362 71 dépeignant
1118 3202 57 55 la
1203 3202 376 71 psychologie
1608 3203 266 70 générale
1905 3205 69 53 de
2002 3203 245 55 l'œuvre
2279 3200 326 67 debussyste,

670 3382 63 48 (1)
768 3380 359 41 Claude-Achille
1161 3382 198 51 Debussy
1364 3414 9 15 ,
1406 3395 83 39 par
1516 3382 93 39 Mrs
1642 3382 145 39 Franz
1818 3382 202 46 Liebich,
2060 3381 240 39 collection
2345 3379 75 38 des
2474 3372 130 43 Living

550 3440 56 37 M
609 3444 110 35 aster
720 3454 20 26 s
771 3442 43 49 of
844 3443 153 38 Music
1000 3474 10 15 ,
1043 3455 104 27 sous
1177 3444 44 38 la
1253 3443 223 39 direction
1507 3444 55 38 de
1592 3444 121 38 Mme
1745 3443 124 39 Rosa
1900 3443 282 44 Newmarch,
2213 3442 122 38 in-8°
2364 3448 115 29 cour.
2510 3429 94 54 John

546 3500 124 39 Lane
696 3502 108 50 pub.
832 3503 193 38 London
1055 3515 122 38 1907,
1207 3515 23 27 2
1263 3513 34 29 s.
1325 3504 44 39 b.
1398 3504 43 39 d.

665 3562 62 48 (2)
759 3562 75 38 An
868 3563 343 51 impressionnai
1252 3568 218 46 composer
1507 3577 13 26 :
1555 3563 169 40 Claude
1766 3563 213 52 Debussy
2014 3563 88 39 and
2136 3563 68 39 his
2239 3560 139 42 music
2410 3557 41 50 of
2484 3543 120 59 legend

550 3621 89 38 and
664 3622 145 39 dream
814 3653 9 13 ,
853 3622 107 41 Feb.
988 3635 69 28 20.
1092 3635 122 38 1904.
1246 3624 87 39 The
1359 3624 190 39 musical
1575 3624 233 39 Standard+
