<?xml version="1.0" encoding="UTF-8"?>
<alto xmlns:xsi="http://www.w3.org/2001/XMLSchema-instance" xmlns="http://www.loc.gov/standards/alto/ns-v2#" xsi:schemaLocation="http://www.loc.gov/standards/alto/ns-v2# http://www.loc.gov/standards/alto/alto-v2.0.xsd" xmlns:xlink="http://www.w3.org/1999/xlink">
	<Description>
		<MeasurementUnit>mm10</MeasurementUnit>
		<sourceImageInformation>
			<fileName>//fileserver7/IN2/Princeton/Batch3/bmtnabh/1909/03/15_01/00000260.tif</fileName>
		</sourceImageInformation>
		<OCRProcessing ID="OCRPROCESSING_1">
			<preProcessingStep>
				<processingSoftware>
					<softwareCreator>CCS Content Conversion Specialists GmbH, Germany</softwareCreator>
					<softwareName>CCS docWORKS</softwareName>
					<softwareVersion>6.6-1.18</softwareVersion>
				</processingSoftware>
			</preProcessingStep>
			<ocrProcessingStep>
				<processingSoftware>
					<softwareCreator>ABBYY (BIT Software), Russia</softwareCreator>
					<softwareName>FineReader</softwareName>
					<softwareVersion>10.0</softwareVersion>
				</processingSoftware>
			</ocrProcessingStep>
		</OCRProcessing>
	</Description>
	<Styles>
		<TextStyle ID="TXT_0" FONTSIZE="44" FONTFAMILY="Times New Roman"/>
		<TextStyle ID="TXT_1" FONTSIZE="16" FONTFAMILY="Times New Roman"/>
		<TextStyle ID="TXT_2" FONTSIZE="15" FONTFAMILY="Times New Roman" FONTSTYLE="bold"/>
		<TextStyle ID="TXT_3" FONTSIZE="16" FONTFAMILY="Times New Roman" FONTSTYLE="italics"/>
		<TextStyle ID="TXT_4" FONTSIZE="14" FONTFAMILY="Times New Roman" FONTSTYLE="bold"/>
		<TextStyle ID="TXT_5" FONTSIZE="13" FONTFAMILY="Times New Roman" FONTSTYLE="bold"/>
		<TextStyle ID="TXT_6" FONTSIZE="14" FONTFAMILY="Times New Roman" FONTSTYLE="bold italics"/>
		<TextStyle ID="TXT_7" FONTSIZE="14" FONTFAMILY="Times New Roman" FONTSTYLE="italics"/>
		<TextStyle ID="TXT_8" FONTSIZE="12" FONTFAMILY="Times New Roman" FONTSTYLE="bold"/>
		<TextStyle ID="TXT_9" FONTSIZE="14" FONTFAMILY="Times New Roman"/>
		<TextStyle ID="TXT_10" FONTSIZE="32" FONTFAMILY="Times New Roman"/>
		<ParagraphStyle ID="PAR_CENTER" ALIGN="Center"/>
		<ParagraphStyle ID="PAR_BLOCK" ALIGN="Block"/>
		<ParagraphStyle ID="PAR_LEFT" ALIGN="Left"/>
	</Styles>
	<Layout>
		<Page ID="P11" PHYSICAL_IMG_NR="11" HEIGHT="4089" WIDTH="2710" PC="0.926">
			<TopMargin ID="P11_TM00001" HPOS="0" VPOS="0" WIDTH="2710" HEIGHT="372"/>
			<LeftMargin ID="P11_LM00001" HPOS="0" VPOS="372" WIDTH="490" HEIGHT="3341"/>
			<RightMargin ID="P11_RM00001" HPOS="2614" VPOS="372" WIDTH="96" HEIGHT="3341"/>
			<BottomMargin ID="P11_BM00001" HPOS="0" VPOS="3713" WIDTH="2710" HEIGHT="376"/>
			<PrintSpace ID="P11_PS00001" HPOS="490" VPOS="372" WIDTH="2124" HEIGHT="3341">
				<TextBlock ID="P11_TB00001" HPOS="621" VPOS="1190" WIDTH="1901" HEIGHT="145" STYLEREFS="TXT_0 PAR_CENTER">
					<TextLine ID="P11_TL00001" HPOS="621" VPOS="1190" WIDTH="1901" HEIGHT="145">
						<String ID="P11_ST00001" HPOS="621" VPOS="1190" WIDTH="195" HEIGHT="107" CONTENT="LA" WC="1.00" CC="00"/>
						<SP ID="P11_SP00001" HPOS="816" VPOS="1297" WIDTH="74"/>
						<String ID="P11_ST00002" HPOS="890" VPOS="1195" WIDTH="770" HEIGHT="140" CONTENT="JEUNESSE" WC="1.00" CC="00000003"/>
						<SP ID="P11_SP00002" HPOS="1660" VPOS="1335" WIDTH="81"/>
						<String ID="P11_ST00003" HPOS="1741" VPOS="1200" WIDTH="203" HEIGHT="107" CONTENT="DE" WC="0.74" CC="50"/>
						<SP ID="P11_SP00003" HPOS="1944" VPOS="1335" WIDTH="89"/>
						<String ID="P11_ST00004" HPOS="2033" VPOS="1205" WIDTH="489" HEIGHT="110" CONTENT="LULLY" WC="1.00" CC="00000"/>
					</TextLine>
				</TextBlock>
				<TextBlock ID="P11_TB00002" HPOS="1414" VPOS="1367" WIDTH="318" HEIGHT="56" STYLEREFS="TXT_1 PAR_CENTER">
					<TextLine ID="P11_TL00002" HPOS="1415" VPOS="1367" WIDTH="317" HEIGHT="56">
						<String ID="P11_ST00005" HPOS="1415" VPOS="1367" WIDTH="317" HEIGHT="56" CONTENT="(1632-1662)" WC="0.81" CC="00050420150"/>
					</TextLine>
				</TextBlock>
				<TextBlock ID="P11_TB00003" HPOS="1043" VPOS="1621" WIDTH="1057" HEIGHT="64" STYLEREFS="TXT_1 PAR_CENTER">
					<TextLine ID="P11_TL00003" HPOS="1044" VPOS="1621" WIDTH="1056" HEIGHT="63">
						<String ID="P11_ST00006" HPOS="1044" VPOS="1621" WIDTH="175" HEIGHT="46" CONTENT="ESSAI" WC="1.00" CC="00003"/>
						<SP ID="P11_SP00004" HPOS="1219" VPOS="1667" WIDTH="33"/>
						<String ID="P11_ST00007" HPOS="1252" VPOS="1623" WIDTH="83" HEIGHT="45" CONTENT="DE" WC="0.76" CC="40"/>
						<SP ID="P11_SP00005" HPOS="1335" VPOS="1668" WIDTH="34"/>
						<String ID="P11_ST00008" HPOS="1369" VPOS="1625" WIDTH="397" HEIGHT="48" CONTENT="BIOGRAPHIE" WC="1.00" CC="2000600010"/>
						<SP ID="P11_SP00006" HPOS="1766" VPOS="1673" WIDTH="33"/>
						<String ID="P11_ST00009" HPOS="1799" VPOS="1628" WIDTH="301" HEIGHT="56" CONTENT="CRITIQUE" WC="0.99" CC="16402010"/>
					</TextLine>
				</TextBlock>
				<TextBlock ID="P11_TB00004" HPOS="913" VPOS="1749" WIDTH="1645" HEIGHT="399" STYLEREFS="TXT_1 PAR_BLOCK">
					<TextLine ID="P11_TL00004" HPOS="914" VPOS="1750" WIDTH="1644" HEIGHT="61">
						<String ID="P11_ST00010" HPOS="914" VPOS="1756" WIDTH="128" HEIGHT="36" CONTENT="ULLY" WC="0.76" CC="7010" STYLEREFS="TXT_2"/>
						<SP ID="P11_SP00007" HPOS="1042" VPOS="1792" WIDTH="33"/>
						<String ID="P11_ST00011" HPOS="1075" VPOS="1750" WIDTH="57" HEIGHT="44" CONTENT="de" WC="1.00" CC="00"/>
						<SP ID="P11_SP00008" HPOS="1132" VPOS="1794" WIDTH="32"/>
						<String ID="P11_ST00012" HPOS="1164" VPOS="1764" WIDTH="83" HEIGHT="32" CONTENT="son" WC="0.98" CC="320"/>
						<SP ID="P11_SP00009" HPOS="1247" VPOS="1796" WIDTH="44"/>
						<String ID="P11_ST00013" HPOS="1291" VPOS="1752" WIDTH="157" HEIGHT="47" CONTENT="vivant" WC="1.00" CC="000000"/>
						<SP ID="P11_SP00010" HPOS="1448" VPOS="1799" WIDTH="31"/>
						<String ID="P11_ST00014" HPOS="1479" VPOS="1756" WIDTH="153" HEIGHT="43" CONTENT="même" WC="1.00" CC="0000"/>
						<SP ID="P11_SP00011" HPOS="1632" VPOS="1799" WIDTH="35"/>
						<String ID="P11_ST00015" HPOS="1667" VPOS="1763" WIDTH="76" HEIGHT="37" CONTENT="eut" WC="0.99" CC="003"/>
						<SP ID="P11_SP00012" HPOS="1743" VPOS="1800" WIDTH="68"/>
						<String ID="P11_ST00016" HPOS="1811" VPOS="1769" WIDTH="51" HEIGHT="32" CONTENT="sa" WC="0.65" CC="15"/>
						<SP ID="P11_SP00013" HPOS="1862" VPOS="1801" WIDTH="33"/>
						<String ID="P11_ST00017" HPOS="1895" VPOS="1757" WIDTH="209" HEIGHT="54" CONTENT="légende." WC="1.00" CC="00000003"/>
						<SP ID="P11_SP00014" HPOS="2104" VPOS="1811" WIDTH="44"/>
						<String ID="P11_ST00018" HPOS="2148" VPOS="1759" WIDTH="63" HEIGHT="45" CONTENT="La" WC="0.69" CC="06"/>
						<SP ID="P11_SP00015" HPOS="2211" VPOS="1811" WIDTH="35"/>
						<String ID="P11_ST00019" HPOS="2246" VPOS="1761" WIDTH="181" HEIGHT="45" CONTENT="fortune" WC="0.99" CC="6015000"/>
						<SP ID="P11_SP00016" HPOS="2427" VPOS="1811" WIDTH="30"/>
						<String ID="P11_ST00020" HPOS="2457" VPOS="1761" WIDTH="81" HEIGHT="44" CONTENT="écla" SUBS_TYPE="HypPart1" SUBS_CONTENT="éclatante" WC="0.99" CC="0000"/>
						<HYP HPOS="2538" VPOS="1761" WIDTH="20" CONTENT="-"/>
					</TextLine>
					<TextLine ID="P11_TL00005" HPOS="992" VPOS="1818" WIDTH="1566" HEIGHT="65">
						<String ID="P11_ST00021" HPOS="992" VPOS="1824" WIDTH="125" HEIGHT="38" CONTENT="tante" SUBS_TYPE="HypPart2" SUBS_CONTENT="éclatante" WC="1.00" CC="10000"/>
						<SP ID="P11_SP00017" HPOS="1117" VPOS="1862" WIDTH="33"/>
						<String ID="P11_ST00022" HPOS="1150" VPOS="1818" WIDTH="60" HEIGHT="46" CONTENT="du" WC="1.00" CC="00"/>
						<SP ID="P11_SP00018" HPOS="1210" VPOS="1864" WIDTH="37"/>
						<String ID="P11_ST00023" HPOS="1247" VPOS="1819" WIDTH="247" HEIGHT="55" CONTENT="Florentin," WC="1.00" CC="0001002400"/>
						<SP ID="P11_SP00019" HPOS="1494" VPOS="1874" WIDTH="38"/>
						<String ID="P11_ST00024" HPOS="1532" VPOS="1822" WIDTH="243" HEIGHT="45" CONTENT="détenteur" WC="1.00" CC="000006000"/>
						<SP ID="P11_SP00020" HPOS="1775" VPOS="1874" WIDTH="35"/>
						<String ID="P11_ST00025" HPOS="1810" VPOS="1825" WIDTH="326" HEIGHT="54" CONTENT="tout-puissant" WC="1.00" CC="6000430300200"/>
						<SP ID="P11_SP00021" HPOS="2136" VPOS="1879" WIDTH="35"/>
						<String ID="P11_ST00026" HPOS="2171" VPOS="1827" WIDTH="59" HEIGHT="45" CONTENT="du" WC="1.00" CC="00"/>
						<SP ID="P11_SP00022" HPOS="2230" VPOS="1879" WIDTH="34"/>
						<String ID="P11_ST00027" HPOS="2264" VPOS="1827" WIDTH="217" HEIGHT="56" CONTENT="privilège" WC="0.99" CC="500002050"/>
						<SP ID="P11_SP00023" HPOS="2481" VPOS="1883" WIDTH="30"/>
						<String ID="P11_ST00028" HPOS="2511" VPOS="1829" WIDTH="47" HEIGHT="43" CONTENT="de" WC="1.00" CC="00"/>
					</TextLine>
					<TextLine ID="P11_TL00006" HPOS="993" VPOS="1884" WIDTH="1565" HEIGHT="64">
						<String ID="P11_ST00029" HPOS="993" VPOS="1884" WIDTH="205" HEIGHT="56" CONTENT="l'Opéra," WC="1.00" CC="04000000"/>
						<SP ID="P11_SP00024" HPOS="1198" VPOS="1940" WIDTH="41"/>
						<String ID="P11_ST00030" HPOS="1239" VPOS="1887" WIDTH="121" HEIGHT="45" CONTENT="aimé" WC="0.99" CC="5100"/>
						<SP ID="P11_SP00025" HPOS="1360" VPOS="1940" WIDTH="38"/>
						<String ID="P11_ST00031" HPOS="1398" VPOS="1889" WIDTH="56" HEIGHT="44" CONTENT="de" WC="1.00" CC="00"/>
						<SP ID="P11_SP00026" HPOS="1454" VPOS="1940" WIDTH="39"/>
						<String ID="P11_ST00032" HPOS="1493" VPOS="1889" WIDTH="140" HEIGHT="46" CONTENT="Louis" WC="1.00" CC="00000"/>
						<SP ID="P11_SP00027" HPOS="1633" VPOS="1940" WIDTH="39"/>
						<String ID="P11_ST00033" HPOS="1672" VPOS="1890" WIDTH="120" HEIGHT="54" CONTENT="XIV," WC="0.81" CC="2400"/>
						<SP ID="P11_SP00028" HPOS="1792" VPOS="1944" WIDTH="42"/>
						<String ID="P11_ST00034" HPOS="1834" VPOS="1893" WIDTH="181" HEIGHT="44" CONTENT="comblé" WC="1.00" CC="010200"/>
						<SP ID="P11_SP00029" HPOS="2015" VPOS="1944" WIDTH="38"/>
						<String ID="P11_ST00035" HPOS="2053" VPOS="1907" WIDTH="80" HEIGHT="41" CONTENT="par" WC="0.98" CC="500"/>
						<SP ID="P11_SP00030" HPOS="2133" VPOS="1948" WIDTH="38"/>
						<String ID="P11_ST00036" HPOS="2171" VPOS="1894" WIDTH="61" HEIGHT="45" CONTENT="lui" WC="1.00" CC="000"/>
						<SP ID="P11_SP00031" HPOS="2232" VPOS="1948" WIDTH="40"/>
						<String ID="P11_ST00037" HPOS="2272" VPOS="1895" WIDTH="57" HEIGHT="44" CONTENT="de" WC="1.00" CC="00"/>
						<SP ID="P11_SP00032" HPOS="2329" VPOS="1948" WIDTH="36"/>
						<String ID="P11_ST00038" HPOS="2365" VPOS="1895" WIDTH="122" HEIGHT="45" CONTENT="titres" WC="1.00" CC="000100"/>
						<SP ID="P11_SP00033" HPOS="2487" VPOS="1948" WIDTH="34"/>
						<String ID="P11_ST00039" HPOS="2521" VPOS="1903" WIDTH="37" HEIGHT="38" CONTENT="et" WC="0.48" CC="54"/>
					</TextLine>
					<TextLine ID="P11_TL00007" HPOS="992" VPOS="1952" WIDTH="1566" HEIGHT="62">
						<String ID="P11_ST00040" HPOS="992" VPOS="1952" WIDTH="298" HEIGHT="57" CONTENT="d'honneurs," WC="1.00" CC="04020300400"/>
						<SP ID="P11_SP00034" HPOS="1290" VPOS="2009" WIDTH="67"/>
						<String ID="P11_ST00041" HPOS="1357" VPOS="1956" WIDTH="270" HEIGHT="55" CONTENT="pensionné," WC="1.00" CC="6000400000"/>
						<SP ID="P11_SP00035" HPOS="1627" VPOS="2011" WIDTH="68"/>
						<String ID="P11_ST00042" HPOS="1695" VPOS="1959" WIDTH="168" HEIGHT="54" CONTENT="anobli," WC="1.00" CC="0000030"/>
						<SP ID="P11_SP00036" HPOS="1863" VPOS="2013" WIDTH="67"/>
						<String ID="P11_ST00043" HPOS="1930" VPOS="1973" WIDTH="276" HEIGHT="41" CONTENT="possesseur" WC="1.00" CC="6020001000"/>
						<SP ID="P11_SP00037" HPOS="2206" VPOS="2014" WIDTH="31"/>
						<String ID="P11_ST00044" HPOS="2237" VPOS="1963" WIDTH="57" HEIGHT="43" CONTENT="de" WC="1.00" CC="00"/>
						<SP ID="P11_SP00038" HPOS="2294" VPOS="2014" WIDTH="30"/>
						<String ID="P11_ST00045" HPOS="2324" VPOS="1963" WIDTH="234" HEIGHT="43" CONTENT="nombreux" WC="1.00" CC="03100010"/>
					</TextLine>
					<TextLine ID="P11_TL00008" HPOS="993" VPOS="2020" WIDTH="1565" HEIGHT="64">
						<String ID="P11_ST00046" HPOS="993" VPOS="2020" WIDTH="277" HEIGHT="46" CONTENT="immeubles" WC="1.00" CC="400000102"/>
						<SP ID="P11_SP00039" HPOS="1270" VPOS="2066" WIDTH="30"/>
						<String ID="P11_ST00047" HPOS="1300" VPOS="2024" WIDTH="25" HEIGHT="43" CONTENT="à" WC="1.00" CC="0"/>
						<SP ID="P11_SP00040" HPOS="1325" VPOS="2067" WIDTH="32"/>
						<String ID="P11_ST00048" HPOS="1357" VPOS="2023" WIDTH="131" HEIGHT="45" CONTENT="Paris" WC="0.99" CC="04010"/>
						<SP ID="P11_SP00041" HPOS="1488" VPOS="2068" WIDTH="31"/>
						<String ID="P11_ST00049" HPOS="1519" VPOS="2032" WIDTH="45" HEIGHT="37" CONTENT="et" WC="1.00" CC="00"/>
						<SP ID="P11_SP00042" HPOS="1564" VPOS="2069" WIDTH="30"/>
						<String ID="P11_ST00050" HPOS="1594" VPOS="2025" WIDTH="57" HEIGHT="44" CONTENT="de" WC="1.00" CC="00"/>
						<SP ID="P11_SP00043" HPOS="1651" VPOS="2069" WIDTH="31"/>
						<String ID="P11_ST00051" HPOS="1682" VPOS="2038" WIDTH="205" HEIGHT="32" CONTENT="sommes" WC="1.00" CC="000000"/>
						<SP ID="P11_SP00044" HPOS="1887" VPOS="2070" WIDTH="30"/>
						<String ID="P11_ST00052" HPOS="1917" VPOS="2027" WIDTH="361" HEIGHT="55" CONTENT="considérables," WC="1.00" CC="02002000302000"/>
						<SP ID="P11_SP00045" HPOS="2278" VPOS="2082" WIDTH="35"/>
						<String ID="P11_ST00053" HPOS="2313" VPOS="2030" WIDTH="245" HEIGHT="54" CONTENT="frappèrent" WC="0.99" CC="6007000005"/>
					</TextLine>
					<TextLine ID="P11_TL00009" HPOS="995" VPOS="2086" WIDTH="1559" HEIGHT="62">
						<String ID="P11_ST00054" HPOS="995" VPOS="2086" WIDTH="330" HEIGHT="55" CONTENT="l'imagination" WC="1.00" CC="3410100023040"/>
						<SP ID="P11_SP00046" HPOS="1325" VPOS="2141" WIDTH="45"/>
						<String ID="P11_ST00055" HPOS="1370" VPOS="2090" WIDTH="83" HEIGHT="44" CONTENT="des" WC="0.99" CC="002"/>
						<SP ID="P11_SP00047" HPOS="1453" VPOS="2141" WIDTH="42"/>
						<String ID="P11_ST00056" HPOS="1495" VPOS="2093" WIDTH="373" HEIGHT="53" CONTENT="contemporains" WC="1.00" CC="0255005000102"/>
						<SP ID="P11_SP00048" HPOS="1868" VPOS="2146" WIDTH="44"/>
						<String ID="P11_ST00057" HPOS="1912" VPOS="2108" WIDTH="89" HEIGHT="40" CONTENT="peu" WC="0.95" CC="930"/>
						<SP ID="P11_SP00049" HPOS="2001" VPOS="2148" WIDTH="44"/>
						<String ID="P11_ST00058" HPOS="2045" VPOS="2096" WIDTH="215" HEIGHT="44" CONTENT="habitués" WC="1.00" CC="03000000"/>
						<SP ID="P11_SP00050" HPOS="2260" VPOS="2148" WIDTH="44"/>
						<String ID="P11_ST00059" HPOS="2304" VPOS="2098" WIDTH="24" HEIGHT="42" CONTENT="à" WC="1.00" CC="0"/>
						<SP ID="P11_SP00051" HPOS="2328" VPOS="2148" WIDTH="43"/>
						<String ID="P11_ST00060" HPOS="2371" VPOS="2097" WIDTH="94" HEIGHT="44" CONTENT="voir" WC="0.99" CC="0020"/>
						<SP ID="P11_SP00052" HPOS="2465" VPOS="2148" WIDTH="38"/>
						<String ID="P11_ST00061" HPOS="2503" VPOS="2109" WIDTH="51" HEIGHT="31" CONTENT="un" WC="0.44" CC="46"/>
					</TextLine>
				</TextBlock>
				<TextBlock ID="P11_TB00005" HPOS="557" VPOS="2154" WIDTH="2001" HEIGHT="869" STYLEREFS="TXT_1 PAR_BLOCK">
					<TextLine ID="P11_TL00010" HPOS="569" VPOS="2154" WIDTH="1988" HEIGHT="64">
						<String ID="P11_ST00062" HPOS="569" VPOS="2154" WIDTH="225" HEIGHT="44" CONTENT="musicien" WC="0.99" CC="54040400"/>
						<SP ID="P11_SP00053" HPOS="794" VPOS="2198" WIDTH="38"/>
						<String ID="P11_ST00063" HPOS="832" VPOS="2157" WIDTH="141" HEIGHT="51" CONTENT="grand" WC="1.00" CC="00200"/>
						<SP ID="P11_SP00054" HPOS="973" VPOS="2208" WIDTH="38"/>
						<String ID="P11_ST00064" HPOS="1011" VPOS="2155" WIDTH="230" HEIGHT="55" CONTENT="seigneur." WC="0.99" CC="005000504"/>
						<SP ID="P11_SP00055" HPOS="1241" VPOS="2210" WIDTH="41"/>
						<String ID="P11_ST00065" HPOS="1282" VPOS="2156" WIDTH="197" HEIGHT="47" CONTENT="Comme" WC="0.99" CC="00430"/>
						<SP ID="P11_SP00056" HPOS="1479" VPOS="2210" WIDTH="35"/>
						<String ID="P11_ST00066" HPOS="1514" VPOS="2158" WIDTH="30" HEIGHT="45" CONTENT="il" WC="0.92" CC="00"/>
						<SP ID="P11_SP00057" HPOS="1544" VPOS="2210" WIDTH="37"/>
						<String ID="P11_ST00067" HPOS="1581" VPOS="2159" WIDTH="160" HEIGHT="45" CONTENT="n'était" WC="0.98" CC="9404002"/>
						<SP ID="P11_SP00058" HPOS="1741" VPOS="2210" WIDTH="35"/>
						<String ID="P11_ST00068" HPOS="1776" VPOS="2175" WIDTH="82" HEIGHT="40" CONTENT="pas" WC="0.99" CC="020"/>
						<SP ID="P11_SP00059" HPOS="1858" VPOS="2215" WIDTH="211"/>
						<String ID="P11_ST00069" HPOS="2069" VPOS="2176" WIDTH="58" HEIGHT="31" CONTENT="on" WC="0.81" CC="30"/>
						<SP ID="P11_SP00060" HPOS="2127" VPOS="2215" WIDTH="36"/>
						<String ID="P11_ST00070" HPOS="2163" VPOS="2166" WIDTH="128" HEIGHT="52" CONTENT="prêta" WC="0.99" CC="00050"/>
						<SP ID="P11_SP00061" HPOS="2291" VPOS="2218" WIDTH="35"/>
						<String ID="P11_ST00071" HPOS="2326" VPOS="2163" WIDTH="231" HEIGHT="45" CONTENT="volontiers" WC="1.00" CC="0343020000"/>
					</TextLine>
					<TextLine ID="P11_TL00011" HPOS="565" VPOS="2220" WIDTH="1989" HEIGHT="65">
						<String ID="P11_ST00072" HPOS="565" VPOS="2220" WIDTH="194" HEIGHT="45" CONTENT="l'oreille" WC="1.00" CC="040011000"/>
						<SP ID="P11_SP00062" HPOS="759" VPOS="2265" WIDTH="26"/>
						<String ID="P11_ST00073" HPOS="785" VPOS="2224" WIDTH="24" HEIGHT="41" CONTENT="à" WC="1.00" CC="0"/>
						<SP ID="P11_SP00063" HPOS="809" VPOS="2265" WIDTH="27"/>
						<String ID="P11_ST00074" HPOS="836" VPOS="2230" WIDTH="103" HEIGHT="37" CONTENT="tous" WC="1.00" CC="1000"/>
						<SP ID="P11_SP00064" HPOS="939" VPOS="2267" WIDTH="28"/>
						<String ID="P11_ST00075" HPOS="967" VPOS="2224" WIDTH="68" HEIGHT="43" CONTENT="les" WC="1.00" CC="000"/>
						<SP ID="P11_SP00065" HPOS="1035" VPOS="2267" WIDTH="26"/>
						<String ID="P11_ST00076" HPOS="1061" VPOS="2224" WIDTH="146" HEIGHT="45" CONTENT="bruits" WC="0.99" CC="016040"/>
						<SP ID="P11_SP00066" HPOS="1207" VPOS="2269" WIDTH="27"/>
						<String ID="P11_ST00077" HPOS="1234" VPOS="2224" WIDTH="76" HEIGHT="55" CONTENT="qui" WC="0.98" CC="006"/>
						<SP ID="P11_SP00067" HPOS="1310" VPOS="2279" WIDTH="28"/>
						<String ID="P11_ST00078" HPOS="1338" VPOS="2225" WIDTH="238" HEIGHT="47" CONTENT="couraient" WC="1.00" CC="010102006"/>
						<SP ID="P11_SP00068" HPOS="1576" VPOS="2279" WIDTH="26"/>
						<String ID="P11_ST00079" HPOS="1602" VPOS="2241" WIDTH="79" HEIGHT="30" CONTENT="sur" WC="1.00" CC="000"/>
						<SP ID="P11_SP00069" HPOS="1681" VPOS="2279" WIDTH="26"/>
						<String ID="P11_ST00080" HPOS="1707" VPOS="2241" WIDTH="83" HEIGHT="31" CONTENT="son" WC="1.00" CC="000"/>
						<SP ID="P11_SP00070" HPOS="1790" VPOS="2279" WIDTH="28"/>
						<String ID="P11_ST00081" HPOS="1818" VPOS="2237" WIDTH="182" HEIGHT="46" CONTENT="compte" WC="0.99" CC="030040"/>
						<SP ID="P11_SP00071" HPOS="2000" VPOS="2283" WIDTH="27"/>
						<String ID="P11_ST00082" HPOS="2027" VPOS="2237" WIDTH="46" HEIGHT="38" CONTENT="et" WC="0.69" CC="06"/>
						<SP ID="P11_SP00072" HPOS="2073" VPOS="2283" WIDTH="25"/>
						<String ID="P11_ST00083" HPOS="2098" VPOS="2244" WIDTH="58" HEIGHT="30" CONTENT="on" WC="0.73" CC="05"/>
						<SP ID="P11_SP00073" HPOS="2156" VPOS="2283" WIDTH="29"/>
						<String ID="P11_ST00084" HPOS="2185" VPOS="2232" WIDTH="68" HEIGHT="43" CONTENT="les" WC="0.98" CC="003"/>
						<SP ID="P11_SP00074" HPOS="2253" VPOS="2283" WIDTH="26"/>
						<String ID="P11_ST00085" HPOS="2279" VPOS="2233" WIDTH="154" HEIGHT="52" CONTENT="répéta" WC="0.99" CC="200050"/>
						<SP ID="P11_SP00075" HPOS="2433" VPOS="2285" WIDTH="25"/>
						<String ID="P11_ST00086" HPOS="2458" VPOS="2243" WIDTH="96" HEIGHT="31" CONTENT="sans" WC="0.99" CC="0600"/>
					</TextLine>
					<TextLine ID="P11_TL00012" HPOS="564" VPOS="2290" WIDTH="1989" HEIGHT="62">
						<String ID="P11_ST00087" HPOS="564" VPOS="2300" WIDTH="168" HEIGHT="42" CONTENT="songer" WC="1.00" CC="002000"/>
						<SP ID="P11_SP00076" HPOS="732" VPOS="2342" WIDTH="25"/>
						<String ID="P11_ST00088" HPOS="757" VPOS="2290" WIDTH="25" HEIGHT="42" CONTENT="à" WC="1.00" CC="0"/>
						<SP ID="P11_SP00077" HPOS="782" VPOS="2342" WIDTH="27"/>
						<String ID="P11_ST00089" HPOS="809" VPOS="2302" WIDTH="56" HEIGHT="31" CONTENT="en" WC="1.00" CC="00"/>
						<SP ID="P11_SP00078" HPOS="865" VPOS="2342" WIDTH="26"/>
						<String ID="P11_ST00090" HPOS="891" VPOS="2290" WIDTH="187" HEIGHT="45" CONTENT="vérifier" WC="0.99" CC="00006800"/>
						<SP ID="P11_SP00079" HPOS="1078" VPOS="2342" WIDTH="26"/>
						<String ID="P11_ST00091" HPOS="1104" VPOS="2291" WIDTH="347" HEIGHT="46" CONTENT="l'authenticité." WC="1.00" CC="045020001400403"/>
						<SP ID="P11_SP00080" HPOS="1451" VPOS="2342" WIDTH="31"/>
						<String ID="P11_ST00092" HPOS="1482" VPOS="2293" WIDTH="75" HEIGHT="45" CONTENT="On" WC="0.81" CC="03"/>
						<SP ID="P11_SP00081" HPOS="1557" VPOS="2342" WIDTH="28"/>
						<String ID="P11_ST00093" HPOS="1585" VPOS="2307" WIDTH="50" HEIGHT="31" CONTENT="se" WC="1.00" CC="00"/>
						<SP ID="P11_SP00082" HPOS="1635" VPOS="2342" WIDTH="28"/>
						<String ID="P11_ST00094" HPOS="1663" VPOS="2295" WIDTH="96" HEIGHT="54" CONTENT="plut" WC="0.99" CC="0500"/>
						<SP ID="P11_SP00083" HPOS="1759" VPOS="2349" WIDTH="25"/>
						<String ID="P11_ST00095" HPOS="1784" VPOS="2298" WIDTH="24" HEIGHT="41" CONTENT="à" WC="1.00" CC="0"/>
						<SP ID="P11_SP00084" HPOS="1808" VPOS="2349" WIDTH="26"/>
						<String ID="P11_ST00096" HPOS="1834" VPOS="2297" WIDTH="212" HEIGHT="54" CONTENT="rappeler" WC="0.99" CC="02770302"/>
						<SP ID="P11_SP00085" HPOS="2046" VPOS="2351" WIDTH="27"/>
						<String ID="P11_ST00097" HPOS="2073" VPOS="2297" WIDTH="110" HEIGHT="55" CONTENT="qu'il" WC="0.98" CC="20314"/>
						<SP ID="P11_SP00086" HPOS="2183" VPOS="2352" WIDTH="28"/>
						<String ID="P11_ST00098" HPOS="2211" VPOS="2298" WIDTH="120" HEIGHT="45" CONTENT="avait" WC="0.99" CC="00520"/>
						<SP ID="P11_SP00087" HPOS="2331" VPOS="2352" WIDTH="26"/>
						<String ID="P11_ST00099" HPOS="2357" VPOS="2300" WIDTH="71" HEIGHT="42" CONTENT="été" WC="0.98" CC="050"/>
						<SP ID="P11_SP00088" HPOS="2428" VPOS="2352" WIDTH="24"/>
						<String ID="P11_ST00100" HPOS="2452" VPOS="2310" WIDTH="76" HEIGHT="32" CONTENT="mar" SUBS_TYPE="HypPart1" SUBS_CONTENT="marmiton" WC="0.97" CC="510"/>
						<HYP HPOS="2528" VPOS="2310" WIDTH="25" CONTENT="-"/>
					</TextLine>
					<TextLine ID="P11_TL00013" HPOS="565" VPOS="2355" WIDTH="1987" HEIGHT="64">
						<String ID="P11_ST00101" HPOS="565" VPOS="2355" WIDTH="141" HEIGHT="44" CONTENT="miton" SUBS_TYPE="HypPart2" SUBS_CONTENT="marmiton" WC="0.99" CC="02330"/>
						<SP ID="P11_SP00089" HPOS="706" VPOS="2399" WIDTH="26"/>
						<String ID="P11_ST00102" HPOS="732" VPOS="2356" WIDTH="115" HEIGHT="44" CONTENT="chez" WC="1.00" CC="1000"/>
						<SP ID="P11_SP00090" HPOS="847" VPOS="2400" WIDTH="24"/>
						<String ID="P11_ST00103" HPOS="871" VPOS="2356" WIDTH="366" HEIGHT="47" CONTENT="Mademoiselle." WC="1.00" CC="3200003004004"/>
						<SP ID="P11_SP00091" HPOS="1237" VPOS="2403" WIDTH="30"/>
						<String ID="P11_ST00104" HPOS="1267" VPOS="2359" WIDTH="74" HEIGHT="45" CONTENT="On" WC="1.00" CC="00"/>
						<SP ID="P11_SP00092" HPOS="1341" VPOS="2404" WIDTH="26"/>
						<String ID="P11_ST00105" HPOS="1367" VPOS="2360" WIDTH="228" HEIGHT="55" CONTENT="s'indigna" WC="1.00" CC="044000000"/>
						<SP ID="P11_SP00093" HPOS="1595" VPOS="2415" WIDTH="26"/>
						<String ID="P11_ST00106" HPOS="1621" VPOS="2361" WIDTH="58" HEIGHT="45" CONTENT="de" WC="1.00" CC="00"/>
						<SP ID="P11_SP00094" HPOS="1679" VPOS="2415" WIDTH="24"/>
						<String ID="P11_ST00107" HPOS="1703" VPOS="2375" WIDTH="83" HEIGHT="31" CONTENT="son" WC="1.00" CC="000"/>
						<SP ID="P11_SP00095" HPOS="1786" VPOS="2415" WIDTH="27"/>
						<String ID="P11_ST00108" HPOS="1813" VPOS="2363" WIDTH="276" HEIGHT="54" CONTENT="ingratitude" WC="1.00" CC="00030050000"/>
						<SP ID="P11_SP00096" HPOS="2089" VPOS="2417" WIDTH="26"/>
						<String ID="P11_ST00109" HPOS="2115" VPOS="2378" WIDTH="169" HEIGHT="32" CONTENT="envers" WC="1.00" CC="000040"/>
						<SP ID="P11_SP00097" HPOS="2284" VPOS="2417" WIDTH="25"/>
						<String ID="P11_ST00110" HPOS="2309" VPOS="2373" WIDTH="116" HEIGHT="38" CONTENT="cette" WC="0.99" CC="04050"/>
						<SP ID="P11_SP00098" HPOS="2425" VPOS="2417" WIDTH="24"/>
						<String ID="P11_ST00111" HPOS="2449" VPOS="2364" WIDTH="83" HEIGHT="55" CONTENT="prin" SUBS_TYPE="HypPart1" SUBS_CONTENT="princesse" WC="0.98" CC="6600"/>
						<HYP HPOS="2532" VPOS="2364" WIDTH="20" CONTENT="-"/>
					</TextLine>
					<TextLine ID="P11_TL00014" HPOS="564" VPOS="2424" WIDTH="1988" HEIGHT="60">
						<String ID="P11_ST00112" HPOS="564" VPOS="2434" WIDTH="134" HEIGHT="32" CONTENT="cesse" SUBS_TYPE="HypPart2" SUBS_CONTENT="princesse" WC="1.00" CC="00000"/>
						<SP ID="P11_SP00099" HPOS="698" VPOS="2466" WIDTH="26"/>
						<String ID="P11_ST00113" HPOS="724" VPOS="2431" WIDTH="45" HEIGHT="36" CONTENT="et" WC="0.78" CC="04"/>
						<SP ID="P11_SP00100" HPOS="769" VPOS="2467" WIDTH="26"/>
						<String ID="P11_ST00114" HPOS="795" VPOS="2424" WIDTH="56" HEIGHT="43" CONTENT="de" WC="1.00" CC="00"/>
						<SP ID="P11_SP00101" HPOS="851" VPOS="2467" WIDTH="26"/>
						<String ID="P11_ST00115" HPOS="877" VPOS="2438" WIDTH="77" HEIGHT="30" CONTENT="ses" WC="1.00" CC="000"/>
						<SP ID="P11_SP00102" HPOS="954" VPOS="2468" WIDTH="26"/>
						<String ID="P11_ST00116" HPOS="980" VPOS="2425" WIDTH="164" HEIGHT="45" CONTENT="basses" WC="1.00" CC="200000"/>
						<SP ID="P11_SP00103" HPOS="1144" VPOS="2470" WIDTH="27"/>
						<String ID="P11_ST00117" HPOS="1171" VPOS="2425" WIDTH="224" HEIGHT="55" CONTENT="intrigues" WC="1.00" CC="000000000"/>
						<SP ID="P11_SP00104" HPOS="1395" VPOS="2480" WIDTH="26"/>
						<String ID="P11_ST00118" HPOS="1421" VPOS="2441" WIDTH="115" HEIGHT="41" CONTENT="pour" WC="0.97" CC="8300"/>
						<SP ID="P11_SP00105" HPOS="1536" VPOS="2482" WIDTH="28"/>
						<String ID="P11_ST00119" HPOS="1564" VPOS="2429" WIDTH="283" HEIGHT="55" CONTENT="déposséder" WC="1.00" CC="0060000000"/>
						<SP ID="P11_SP00106" HPOS="1847" VPOS="2484" WIDTH="28"/>
						<String ID="P11_ST00120" HPOS="1875" VPOS="2431" WIDTH="161" HEIGHT="45" CONTENT="Perrin" WC="0.94" CC="000300"/>
						<SP ID="P11_SP00107" HPOS="2036" VPOS="2484" WIDTH="29"/>
						<String ID="P11_ST00121" HPOS="2065" VPOS="2439" WIDTH="45" HEIGHT="37" CONTENT="et" WC="1.00" CC="00"/>
						<SP ID="P11_SP00108" HPOS="2110" VPOS="2484" WIDTH="27"/>
						<String ID="P11_ST00122" HPOS="2137" VPOS="2432" WIDTH="223" HEIGHT="46" CONTENT="Cambert" WC="0.84" CC="1200006"/>
						<SP ID="P11_SP00109" HPOS="2360" VPOS="2484" WIDTH="25"/>
						<String ID="P11_ST00123" HPOS="2385" VPOS="2433" WIDTH="54" HEIGHT="44" CONTENT="de" WC="0.73" CC="05"/>
						<SP ID="P11_SP00110" HPOS="2439" VPOS="2484" WIDTH="26"/>
						<String ID="P11_ST00124" HPOS="2465" VPOS="2432" WIDTH="87" HEIGHT="43" CONTENT="leur" WC="0.97" CC="4135"/>
					</TextLine>
					<TextLine ID="P11_TL00015" HPOS="564" VPOS="2488" WIDTH="1987" HEIGHT="66">
						<String ID="P11_ST00125" HPOS="564" VPOS="2488" WIDTH="236" HEIGHT="55" CONTENT="privilège." WC="1.00" CC="0020300004"/>
						<SP ID="P11_SP00111" HPOS="800" VPOS="2543" WIDTH="35"/>
						<String ID="P11_ST00126" HPOS="835" VPOS="2489" WIDTH="131" HEIGHT="47" CONTENT="C'est" WC="1.00" CC="04000"/>
						<SP ID="P11_SP00112" HPOS="966" VPOS="2543" WIDTH="29"/>
						<String ID="P11_ST00127" HPOS="995" VPOS="2492" WIDTH="115" HEIGHT="45" CONTENT="ainsi" WC="0.99" CC="02002"/>
						<SP ID="P11_SP00113" HPOS="1110" VPOS="2543" WIDTH="31"/>
						<String ID="P11_ST00128" HPOS="1141" VPOS="2507" WIDTH="91" HEIGHT="40" CONTENT="que" WC="1.00" CC="000"/>
						<SP ID="P11_SP00114" HPOS="1232" VPOS="2547" WIDTH="28"/>
						<String ID="P11_ST00129" HPOS="1260" VPOS="2507" WIDTH="52" HEIGHT="30" CONTENT="se" WC="1.00" CC="00"/>
						<SP ID="P11_SP00115" HPOS="1312" VPOS="2547" WIDTH="29"/>
						<String ID="P11_ST00130" HPOS="1341" VPOS="2495" WIDTH="147" HEIGHT="44" CONTENT="forma" WC="0.99" CC="30100"/>
						<SP ID="P11_SP00116" HPOS="1488" VPOS="2547" WIDTH="29"/>
						<String ID="P11_ST00131" HPOS="1517" VPOS="2509" WIDTH="89" HEIGHT="41" CONTENT="peu" WC="0.99" CC="300"/>
						<SP ID="P11_SP00117" HPOS="1606" VPOS="2550" WIDTH="29"/>
						<String ID="P11_ST00132" HPOS="1635" VPOS="2498" WIDTH="25" HEIGHT="42" CONTENT="à" WC="1.00" CC="0"/>
						<SP ID="P11_SP00118" HPOS="1660" VPOS="2550" WIDTH="30"/>
						<String ID="P11_ST00133" HPOS="1690" VPOS="2510" WIDTH="90" HEIGHT="41" CONTENT="peu" WC="0.97" CC="600"/>
						<SP ID="P11_SP00119" HPOS="1780" VPOS="2551" WIDTH="29"/>
						<String ID="P11_ST00134" HPOS="1809" VPOS="2498" WIDTH="42" HEIGHT="43" CONTENT="la" WC="0.93" CC="01"/>
						<SP ID="P11_SP00120" HPOS="1851" VPOS="2551" WIDTH="30"/>
						<String ID="P11_ST00135" HPOS="1881" VPOS="2498" WIDTH="196" HEIGHT="54" CONTENT="légende" WC="1.00" CC="0000000"/>
						<SP ID="P11_SP00121" HPOS="2077" VPOS="2552" WIDTH="30"/>
						<String ID="P11_ST00136" HPOS="2107" VPOS="2500" WIDTH="58" HEIGHT="43" CONTENT="de" WC="1.00" CC="00"/>
						<SP ID="P11_SP00122" HPOS="2165" VPOS="2552" WIDTH="29"/>
						<String ID="P11_ST00137" HPOS="2194" VPOS="2500" WIDTH="145" HEIGHT="54" CONTENT="Lully." WC="0.88" CC="002004"/>
						<SP ID="P11_SP00123" HPOS="2339" VPOS="2554" WIDTH="33"/>
						<String ID="P11_ST00138" HPOS="2372" VPOS="2500" WIDTH="93" HEIGHT="44" CONTENT="Elle" WC="0.99" CC="0320"/>
						<SP ID="P11_SP00124" HPOS="2465" VPOS="2554" WIDTH="28"/>
						<String ID="P11_ST00139" HPOS="2493" VPOS="2498" WIDTH="58" HEIGHT="44" CONTENT="fut" WC="0.94" CC="457"/>
					</TextLine>
					<TextLine ID="P11_TL00016" HPOS="560" VPOS="2554" WIDTH="1989" HEIGHT="65">
						<String ID="P11_ST00140" HPOS="560" VPOS="2554" WIDTH="176" HEIGHT="46" CONTENT="bientôt" WC="1.00" CC="0300003"/>
						<SP ID="P11_SP00125" HPOS="736" VPOS="2600" WIDTH="35"/>
						<String ID="P11_ST00141" HPOS="771" VPOS="2555" WIDTH="38" HEIGHT="44" CONTENT="si" WC="0.76" CC="04"/>
						<SP ID="P11_SP00126" HPOS="809" VPOS="2600" WIDTH="37"/>
						<String ID="P11_ST00142" HPOS="846" VPOS="2558" WIDTH="237" HEIGHT="53" CONTENT="populaire" WC="0.99" CC="008021200"/>
						<SP ID="P11_SP00127" HPOS="1083" VPOS="2611" WIDTH="37"/>
						<String ID="P11_ST00143" HPOS="1120" VPOS="2573" WIDTH="90" HEIGHT="40" CONTENT="que" WC="0.98" CC="400"/>
						<SP ID="P11_SP00128" HPOS="1210" VPOS="2613" WIDTH="35"/>
						<String ID="P11_ST00144" HPOS="1245" VPOS="2574" WIDTH="231" HEIGHT="41" CONTENT="personne" WC="1.00" CC="70000100"/>
						<SP ID="P11_SP00129" HPOS="1476" VPOS="2615" WIDTH="36"/>
						<String ID="P11_ST00145" HPOS="1512" VPOS="2576" WIDTH="58" HEIGHT="30" CONTENT="ne" WC="1.00" CC="00"/>
						<SP ID="P11_SP00130" HPOS="1570" VPOS="2615" WIDTH="36"/>
						<String ID="P11_ST00146" HPOS="1606" VPOS="2564" WIDTH="137" HEIGHT="44" CONTENT="douta" WC="0.98" CC="00073"/>
						<SP ID="P11_SP00131" HPOS="1743" VPOS="2615" WIDTH="37"/>
						<String ID="P11_ST00147" HPOS="1780" VPOS="2565" WIDTH="102" HEIGHT="54" CONTENT="plus" WC="0.98" CC="4200"/>
						<SP ID="P11_SP00132" HPOS="1882" VPOS="2619" WIDTH="36"/>
						<String ID="P11_ST00148" HPOS="1918" VPOS="2566" WIDTH="57" HEIGHT="44" CONTENT="de" WC="1.00" CC="00"/>
						<SP ID="P11_SP00133" HPOS="1975" VPOS="2619" WIDTH="37"/>
						<String ID="P11_ST00149" HPOS="2012" VPOS="2566" WIDTH="293" HEIGHT="45" CONTENT="l'exactitude" WC="1.00" CC="040000035000"/>
						<SP ID="P11_SP00134" HPOS="2305" VPOS="2619" WIDTH="37"/>
						<String ID="P11_ST00150" HPOS="2342" VPOS="2567" WIDTH="79" HEIGHT="44" CONTENT="des" WC="1.00" CC="000"/>
						<SP ID="P11_SP00135" HPOS="2421" VPOS="2619" WIDTH="35"/>
						<String ID="P11_ST00151" HPOS="2456" VPOS="2564" WIDTH="93" HEIGHT="45" CONTENT="faits" WC="0.98" CC="66000"/>
					</TextLine>
					<TextLine ID="P11_TL00017" HPOS="564" VPOS="2621" WIDTH="1985" HEIGHT="60">
						<String ID="P11_ST00152" HPOS="564" VPOS="2621" WIDTH="172" HEIGHT="55" CONTENT="qu'elle" WC="0.99" CC="4030010"/>
						<SP ID="P11_SP00136" HPOS="736" VPOS="2676" WIDTH="26"/>
						<String ID="P11_ST00153" HPOS="762" VPOS="2624" WIDTH="271" HEIGHT="54" CONTENT="rapportait;" WC="0.99" CC="10340060023"/>
						<SP ID="P11_SP00137" HPOS="1033" VPOS="2678" WIDTH="30"/>
						<String ID="P11_ST00154" HPOS="1063" VPOS="2632" WIDTH="59" HEIGHT="46" CONTENT="et," WC="1.00" CC="000"/>
						<SP ID="P11_SP00138" HPOS="1122" VPOS="2678" WIDTH="30"/>
						<String ID="P11_ST00155" HPOS="1152" VPOS="2627" WIDTH="186" HEIGHT="54" CONTENT="lorsque" WC="1.00" CC="3030000"/>
						<SP ID="P11_SP00139" HPOS="1338" VPOS="2681" WIDTH="28"/>
						<String ID="P11_ST00156" HPOS="1366" VPOS="2627" WIDTH="64" HEIGHT="44" CONTENT="La" WC="0.74" CC="05"/>
						<SP ID="P11_SP00140" HPOS="1430" VPOS="2681" WIDTH="28"/>
						<String ID="P11_ST00157" HPOS="1458" VPOS="2627" WIDTH="198" HEIGHT="46" CONTENT="Viéville" WC="0.85" CC="00005500"/>
						<SP ID="P11_SP00141" HPOS="1656" VPOS="2681" WIDTH="29"/>
						<String ID="P11_ST00158" HPOS="1685" VPOS="2630" WIDTH="112" HEIGHT="45" CONTENT="l'eut" WC="1.00" CC="03000"/>
						<SP ID="P11_SP00142" HPOS="1797" VPOS="2681" WIDTH="27"/>
						<String ID="P11_ST00159" HPOS="1824" VPOS="2632" WIDTH="240" HEIGHT="45" CONTENT="recueillie" WC="0.99" CC="0000008108"/>
						<SP ID="P11_SP00143" HPOS="2064" VPOS="2681" WIDTH="27"/>
						<String ID="P11_ST00160" HPOS="2091" VPOS="2641" WIDTH="45" HEIGHT="37" CONTENT="et" WC="0.81" CC="03"/>
						<SP ID="P11_SP00144" HPOS="2136" VPOS="2681" WIDTH="28"/>
						<String ID="P11_ST00161" HPOS="2164" VPOS="2633" WIDTH="183" HEIGHT="45" CONTENT="insérée" WC="1.00" CC="2000000"/>
						<SP ID="P11_SP00145" HPOS="2347" VPOS="2681" WIDTH="28"/>
						<String ID="P11_ST00162" HPOS="2375" VPOS="2633" WIDTH="106" HEIGHT="45" CONTENT="dans" WC="1.00" CC="0001"/>
						<SP ID="P11_SP00146" HPOS="2481" VPOS="2681" WIDTH="26"/>
						<String ID="P11_ST00163" HPOS="2507" VPOS="2643" WIDTH="42" HEIGHT="31" CONTENT="sa" WC="0.80" CC="04"/>
					</TextLine>
					<TextLine ID="P11_TL00018" HPOS="567" VPOS="2690" WIDTH="1982" HEIGHT="64">
						<String ID="P11_ST00164" HPOS="567" VPOS="2690" WIDTH="332" HEIGHT="54" CONTENT="Comparaison" WC="1.00" CC="00030000304" STYLEREFS="TXT_3"/>
						<SP ID="P11_SP00147" HPOS="899" VPOS="2744" WIDTH="32"/>
						<String ID="P11_ST00165" HPOS="931" VPOS="2693" WIDTH="56" HEIGHT="42" CONTENT="de" WC="1.00" CC="00" STYLEREFS="TXT_3"/>
						<SP ID="P11_SP00148" HPOS="987" VPOS="2744" WIDTH="34"/>
						<String ID="P11_ST00166" HPOS="1021" VPOS="2693" WIDTH="43" HEIGHT="43" CONTENT="la" WC="1.00" CC="00" STYLEREFS="TXT_3"/>
						<SP ID="P11_SP00149" HPOS="1064" VPOS="2744" WIDTH="32"/>
						<String ID="P11_ST00167" HPOS="1096" VPOS="2694" WIDTH="212" HEIGHT="53" CONTENT="musique" WC="0.99" CC="0640303" STYLEREFS="TXT_3"/>
						<SP ID="P11_SP00150" HPOS="1308" VPOS="2747" WIDTH="36"/>
						<String ID="P11_ST00168" HPOS="1344" VPOS="2695" WIDTH="217" HEIGHT="43" CONTENT="italienne" WC="1.00" CC="000002050" STYLEREFS="TXT_3"/>
						<SP ID="P11_SP00151" HPOS="1561" VPOS="2747" WIDTH="36"/>
						<String ID="P11_ST00169" HPOS="1597" VPOS="2700" WIDTH="45" HEIGHT="40" CONTENT="et" WC="1.00" CC="00" STYLEREFS="TXT_3"/>
						<SP ID="P11_SP00152" HPOS="1642" VPOS="2747" WIDTH="33"/>
						<String ID="P11_ST00170" HPOS="1675" VPOS="2699" WIDTH="56" HEIGHT="41" CONTENT="de" WC="1.00" CC="00" STYLEREFS="TXT_3"/>
						<SP ID="P11_SP00153" HPOS="1731" VPOS="2747" WIDTH="35"/>
						<String ID="P11_ST00171" HPOS="1766" VPOS="2699" WIDTH="43" HEIGHT="42" CONTENT="la" WC="1.00" CC="00" STYLEREFS="TXT_3"/>
						<SP ID="P11_SP00154" HPOS="1809" VPOS="2747" WIDTH="35"/>
						<String ID="P11_ST00172" HPOS="1844" VPOS="2700" WIDTH="212" HEIGHT="53" CONTENT="musique" WC="0.99" CC="0600290" STYLEREFS="TXT_3"/>
						<SP ID="P11_SP00155" HPOS="2056" VPOS="2753" WIDTH="33"/>
						<String ID="P11_ST00173" HPOS="2089" VPOS="2700" WIDTH="232" HEIGHT="54" CONTENT="française" WC="1.00" CC="060000020" STYLEREFS="TXT_3"/>
						<SP ID="P11_SP00156" HPOS="2321" VPOS="2754" WIDTH="35"/>
						<String ID="P11_ST00174" HPOS="2356" VPOS="2698" WIDTH="81" HEIGHT="53" CONTENT="(1)," WC="0.90" CC="0300"/>
						<SP ID="P11_SP00157" HPOS="2437" VPOS="2754" WIDTH="35"/>
						<String ID="P11_ST00175" HPOS="2472" VPOS="2697" WIDTH="77" HEIGHT="44" CONTENT="elle" WC="0.97" CC="6006"/>
					</TextLine>
					<TextLine ID="P11_TL00019" HPOS="558" VPOS="2756" WIDTH="1985" HEIGHT="66">
						<String ID="P11_ST00176" HPOS="558" VPOS="2756" WIDTH="51" HEIGHT="44" CONTENT="fit" WC="0.99" CC="003"/>
						<SP ID="P11_SP00158" HPOS="609" VPOS="2800" WIDTH="28"/>
						<String ID="P11_ST00177" HPOS="637" VPOS="2758" WIDTH="209" HEIGHT="45" CONTENT="autorité." WC="0.99" CC="400040624"/>
						<SP ID="P11_SP00159" HPOS="846" VPOS="2803" WIDTH="31"/>
						<String ID="P11_ST00178" HPOS="877" VPOS="2758" WIDTH="122" HEIGHT="45" CONTENT="Tour" WC="1.00" CC="0000"/>
						<SP ID="P11_SP00160" HPOS="999" VPOS="2803" WIDTH="28"/>
						<String ID="P11_ST00179" HPOS="1027" VPOS="2761" WIDTH="24" HEIGHT="42" CONTENT="à" WC="1.00" CC="0"/>
						<SP ID="P11_SP00161" HPOS="1051" VPOS="2803" WIDTH="30"/>
						<String ID="P11_ST00180" HPOS="1081" VPOS="2767" WIDTH="102" HEIGHT="38" CONTENT="tour" WC="0.99" CC="2003"/>
						<SP ID="P11_SP00162" HPOS="1183" VPOS="2805" WIDTH="31"/>
						<String ID="P11_ST00181" HPOS="1214" VPOS="2760" WIDTH="197" HEIGHT="45" CONTENT="Boindin" WC="0.94" CC="1020000"/>
						<SP ID="P11_SP00163" HPOS="1411" VPOS="2805" WIDTH="31"/>
						<String ID="P11_ST00182" HPOS="1442" VPOS="2762" WIDTH="113" HEIGHT="45" CONTENT="dans" WC="1.00" CC="0000"/>
						<SP ID="P11_SP00164" HPOS="1555" VPOS="2807" WIDTH="30"/>
						<String ID="P11_ST00183" HPOS="1585" VPOS="2776" WIDTH="49" HEIGHT="31" CONTENT="sa" WC="0.81" CC="12"/>
						<SP ID="P11_SP00165" HPOS="1634" VPOS="2807" WIDTH="30"/>
						<String ID="P11_ST00184" HPOS="1664" VPOS="2765" WIDTH="154" HEIGHT="45" CONTENT="Lettre" WC="1.00" CC="200000" STYLEREFS="TXT_3"/>
						<SP ID="P11_SP00166" HPOS="1818" VPOS="2810" WIDTH="30"/>
						<String ID="P11_ST00185" HPOS="1848" VPOS="2778" WIDTH="79" HEIGHT="30" CONTENT="sur" WC="1.00" CC="000" STYLEREFS="TXT_3"/>
						<SP ID="P11_SP00167" HPOS="1927" VPOS="2810" WIDTH="29"/>
						<String ID="P11_ST00186" HPOS="1956" VPOS="2766" WIDTH="193" HEIGHT="54" CONTENT="VOpéra" WC="0.81" CC="801100" STYLEREFS="TXT_3"/>
						<SP ID="P11_SP00168" HPOS="2149" VPOS="2820" WIDTH="31"/>
						<String ID="P11_ST00187" HPOS="2180" VPOS="2766" WIDTH="85" HEIGHT="54" CONTENT="(2)," WC="1.00" CC="0000"/>
						<SP ID="P11_SP00169" HPOS="2265" VPOS="2820" WIDTH="35"/>
						<String ID="P11_ST00188" HPOS="2300" VPOS="2767" WIDTH="243" HEIGHT="55" CONTENT="Delaporte," WC="0.83" CC="0006100403"/>
					</TextLine>
					<TextLine ID="P11_TL00020" HPOS="560" VPOS="2824" WIDTH="1986" HEIGHT="64">
						<String ID="P11_ST00189" HPOS="560" VPOS="2824" WIDTH="112" HEIGHT="44" CONTENT="dans" WC="0.98" CC="0700"/>
						<SP ID="P11_SP00170" HPOS="672" VPOS="2868" WIDTH="31"/>
						<String ID="P11_ST00190" HPOS="703" VPOS="2824" WIDTH="68" HEIGHT="44" CONTENT="les" WC="1.00" CC="000"/>
						<SP ID="P11_SP00171" HPOS="771" VPOS="2868" WIDTH="30"/>
						<String ID="P11_ST00191" HPOS="801" VPOS="2827" WIDTH="263" HEIGHT="43" CONTENT="Anecdotes" WC="1.00" CC="000000000" STYLEREFS="TXT_3"/>
						<SP ID="P11_SP00172" HPOS="1064" VPOS="2870" WIDTH="30"/>
						<String ID="P11_ST00192" HPOS="1094" VPOS="2828" WIDTH="326" HEIGHT="54" CONTENT="Dramatiques" WC="1.00" CC="00000007000" STYLEREFS="TXT_3"/>
						<SP ID="P11_SP00173" HPOS="1420" VPOS="2882" WIDTH="31"/>
						<String ID="P11_ST00193" HPOS="1451" VPOS="2828" WIDTH="85" HEIGHT="55" CONTENT="(3)," WC="0.82" CC="1410"/>
						<SP ID="P11_SP00174" HPOS="1536" VPOS="2883" WIDTH="35"/>
						<String ID="P11_ST00194" HPOS="1571" VPOS="2831" WIDTH="43" HEIGHT="43" CONTENT="le" WC="0.94" CC="10"/>
						<SP ID="P11_SP00175" HPOS="1614" VPOS="2883" WIDTH="32"/>
						<String ID="P11_ST00195" HPOS="1646" VPOS="2831" WIDTH="194" HEIGHT="46" CONTENT="Prévost" WC="1.00" CC="0000000"/>
						<SP ID="P11_SP00176" HPOS="1840" VPOS="2883" WIDTH="31"/>
						<String ID="P11_ST00196" HPOS="1871" VPOS="2832" WIDTH="220" HEIGHT="46" CONTENT="d'Exmes" WC="0.94" CC="0300000"/>
						<SP ID="P11_SP00177" HPOS="2091" VPOS="2883" WIDTH="30"/>
						<String ID="P11_ST00197" HPOS="2121" VPOS="2835" WIDTH="113" HEIGHT="44" CONTENT="dans" WC="0.99" CC="0402"/>
						<SP ID="P11_SP00178" HPOS="2234" VPOS="2883" WIDTH="31"/>
						<String ID="P11_ST00198" HPOS="2265" VPOS="2836" WIDTH="129" HEIGHT="52" CONTENT="Lully" WC="0.91" CC="40000" STYLEREFS="TXT_3"/>
						<SP ID="P11_SP00179" HPOS="2394" VPOS="2888" WIDTH="31"/>
						<String ID="P11_ST00199" HPOS="2425" VPOS="2832" WIDTH="97" HEIGHT="44" CONTENT="musi" SUBS_TYPE="HypPart1" SUBS_CONTENT="musicien" WC="0.98" CC="0550" STYLEREFS="TXT_3"/>
						<HYP HPOS="2522" VPOS="2832" WIDTH="24" CONTENT="-"/>
					</TextLine>
					<TextLine ID="P11_TL00021" HPOS="559" VPOS="2890" WIDTH="1984" HEIGHT="60">
						<String ID="P11_ST00200" HPOS="559" VPOS="2892" WIDTH="103" HEIGHT="41" CONTENT="cien" SUBS_TYPE="HypPart2" SUBS_CONTENT="musicien" WC="1.00" CC="0000" STYLEREFS="TXT_3"/>
						<SP ID="P11_SP00180" HPOS="662" VPOS="2933" WIDTH="27"/>
						<String ID="P11_ST00201" HPOS="689" VPOS="2890" WIDTH="84" HEIGHT="56" CONTENT="(4)," WC="0.90" CC="0400"/>
						<SP ID="P11_SP00181" HPOS="773" VPOS="2946" WIDTH="29"/>
						<String ID="P11_ST00202" HPOS="802" VPOS="2892" WIDTH="41" HEIGHT="44" CONTENT="la" WC="0.77" CC="03"/>
						<SP ID="P11_SP00182" HPOS="843" VPOS="2946" WIDTH="25"/>
						<String ID="P11_ST00203" HPOS="868" VPOS="2894" WIDTH="362" HEIGHT="53" CONTENT="reproduisirent" WC="1.00" CC="00200000004000"/>
						<SP ID="P11_SP00183" HPOS="1230" VPOS="2947" WIDTH="25"/>
						<String ID="P11_ST00204" HPOS="1255" VPOS="2909" WIDTH="200" HEIGHT="41" CONTENT="presque" WC="1.00" CC="4300000"/>
						<SP ID="P11_SP00184" HPOS="1455" VPOS="2950" WIDTH="26"/>
						<String ID="P11_ST00205" HPOS="1481" VPOS="2899" WIDTH="362" HEIGHT="45" CONTENT="textuellement." WC="1.00" CC="40000001000054"/>
						<SP ID="P11_SP00185" HPOS="1843" VPOS="2950" WIDTH="32"/>
						<String ID="P11_ST00206" HPOS="1875" VPOS="2899" WIDTH="74" HEIGHT="45" CONTENT="On" WC="1.00" CC="00"/>
						<SP ID="P11_SP00186" HPOS="1949" VPOS="2950" WIDTH="26"/>
						<String ID="P11_ST00207" HPOS="1975" VPOS="2901" WIDTH="42" HEIGHT="44" CONTENT="la" WC="0.97" CC="00"/>
						<SP ID="P11_SP00187" HPOS="2017" VPOS="2950" WIDTH="26"/>
						<String ID="P11_ST00208" HPOS="2043" VPOS="2909" WIDTH="217" HEIGHT="38" CONTENT="retrouve" WC="1.00" CC="10410000"/>
						<SP ID="P11_SP00188" HPOS="2260" VPOS="2950" WIDTH="26"/>
						<String ID="P11_ST00209" HPOS="2286" VPOS="2903" WIDTH="109" HEIGHT="43" CONTENT="dans" WC="0.99" CC="0302"/>
						<SP ID="P11_SP00189" HPOS="2395" VPOS="2950" WIDTH="27"/>
						<String ID="P11_ST00210" HPOS="2422" VPOS="2897" WIDTH="121" HEIGHT="51" CONTENT="Fétis," WC="0.97" CC="001000"/>
					</TextLine>
					<TextLine ID="P11_TL00022" HPOS="560" VPOS="2958" WIDTH="1262" HEIGHT="62">
						<String ID="P11_ST00211" HPOS="560" VPOS="2958" WIDTH="190" HEIGHT="55" CONTENT="Pougin," WC="0.91" CC="0200300"/>
						<SP ID="P11_SP00190" HPOS="750" VPOS="3013" WIDTH="32"/>
						<String ID="P11_ST00212" HPOS="782" VPOS="2958" WIDTH="145" HEIGHT="47" CONTENT="Radet" WC="0.80" CC="63000"/>
						<SP ID="P11_SP00191" HPOS="927" VPOS="3013" WIDTH="27"/>
						<String ID="P11_ST00213" HPOS="954" VPOS="2968" WIDTH="45" HEIGHT="37" CONTENT="et" WC="1.00" CC="00"/>
						<SP ID="P11_SP00192" HPOS="999" VPOS="3013" WIDTH="27"/>
						<String ID="P11_ST00214" HPOS="1026" VPOS="2960" WIDTH="68" HEIGHT="45" CONTENT="les" WC="0.98" CC="105"/>
						<SP ID="P11_SP00193" HPOS="1094" VPOS="3013" WIDTH="28"/>
						<String ID="P11_ST00215" HPOS="1122" VPOS="2969" WIDTH="188" HEIGHT="38" CONTENT="auteurs" WC="1.00" CC="0020000"/>
						<SP ID="P11_SP00194" HPOS="1310" VPOS="3013" WIDTH="28"/>
						<String ID="P11_ST00216" HPOS="1338" VPOS="2965" WIDTH="371" HEIGHT="54" CONTENT="contemporains" WC="1.00" CC="0400002011001"/>
						<SP ID="P11_SP00195" HPOS="1709" VPOS="3019" WIDTH="29"/>
						<String ID="P11_ST00217" HPOS="1738" VPOS="2965" WIDTH="84" HEIGHT="55" CONTENT="(5)." WC="0.86" CC="0104"/>
					</TextLine>
				</TextBlock>
				<TextBlock ID="P11_TB00006" HPOS="545" VPOS="3073" WIDTH="2009" HEIGHT="640" STYLEREFS="TXT_4 PAR_LEFT">
					<TextLine ID="P11_TL00023" HPOS="665" VPOS="3074" WIDTH="1888" HEIGHT="58">
						<String ID="P11_ST00218" HPOS="665" VPOS="3074" WIDTH="37" HEIGHT="45" CONTENT="(I" WC="1.00" CC="00"/>
						<SP ID="P11_SP00196" HPOS="702" VPOS="3119" WIDTH="11"/>
						<String ID="P11_ST00219" HPOS="713" VPOS="3076" WIDTH="13" HEIGHT="46" CONTENT=")" WC="1.00" CC="0"/>
						<SP ID="P11_SP00197" HPOS="726" VPOS="3122" WIDTH="29"/>
						<String ID="P11_ST00220" HPOS="755" VPOS="3076" WIDTH="230" HEIGHT="43" CONTENT="Bruxelles," WC="0.99" CC="5460202003"/>
						<SP ID="P11_SP00198" HPOS="985" VPOS="3122" WIDTH="17"/>
						<String ID="P11_ST00221" HPOS="1002" VPOS="3079" WIDTH="239" HEIGHT="45" CONTENT="1704-1706." WC="0.77" CC="4640400200" STYLEREFS="TXT_5"/>
						<SP ID="P11_SP00199" HPOS="1241" VPOS="3124" WIDTH="433"/>
						<String ID="P11_ST00222" HPOS="1674" VPOS="3081" WIDTH="24" HEIGHT="37" CONTENT="Y" WC="0.15" CC="8" STYLEREFS="TXT_6"/>
						<SP ID="P11_SP00200" HPOS="1698" VPOS="3124" WIDTH="7"/>
						<String ID="P11_ST00223" HPOS="1705" VPOS="3081" WIDTH="181" HEIGHT="38" CONTENT="Histoire" WC="0.98" CC="02463267" STYLEREFS="TXT_6"/>
						<SP ID="P11_SP00201" HPOS="1886" VPOS="3124" WIDTH="17"/>
						<String ID="P11_ST00224" HPOS="1903" VPOS="3085" WIDTH="44" HEIGHT="34" CONTENT="de" WC="1.00" CC="00" STYLEREFS="TXT_7"/>
						<SP ID="P11_SP00202" HPOS="1947" VPOS="3124" WIDTH="15"/>
						<String ID="P11_ST00225" HPOS="1962" VPOS="3083" WIDTH="253" HEIGHT="49" CONTENT="IciïMusique" WC="0.65" CC="07880610040" STYLEREFS="TXT_6"/>
						<SP ID="P11_SP00203" HPOS="2215" VPOS="3132" WIDTH="17"/>
						<String ID="P11_ST00226" HPOS="2232" VPOS="3086" WIDTH="50" HEIGHT="35" CONTENT="de" WC="0.83" CC="20"/>
						<SP ID="P11_SP00204" HPOS="2282" VPOS="3132" WIDTH="15"/>
						<String ID="P11_ST00227" HPOS="2297" VPOS="3085" WIDTH="256" HEIGHT="36" CONTENT="BOURDELOT." WC="0.61" CC="1553653410" STYLEREFS="TXT_5"/>
					</TextLine>
					<TextLine ID="P11_TL00024" HPOS="662" VPOS="3128" WIDTH="521" HEIGHT="49">
						<String ID="P11_ST00228" HPOS="662" VPOS="3129" WIDTH="60" HEIGHT="44" CONTENT="(2)" WC="0.50" CC="860" STYLEREFS="TXT_5"/>
						<SP ID="P11_SP00205" HPOS="722" VPOS="3173" WIDTH="29"/>
						<String ID="P11_ST00229" HPOS="751" VPOS="3128" WIDTH="131" HEIGHT="44" CONTENT="Paris," WC="0.98" CC="607005"/>
						<SP ID="P11_SP00206" HPOS="882" VPOS="3173" WIDTH="32"/>
						<String ID="P11_ST00230" HPOS="914" VPOS="3139" WIDTH="113" HEIGHT="38" CONTENT="1753," WC="0.69" CC="40514" STYLEREFS="TXT_5"/>
						<SP ID="P11_SP00207" HPOS="1027" VPOS="3177" WIDTH="28"/>
						<String ID="P11_ST00231" HPOS="1055" VPOS="3131" WIDTH="60" HEIGHT="36" CONTENT="in-" WC="0.96" CC="054"/>
						<String ID="P11_ST00232" HPOS="1124" VPOS="3142" WIDTH="59" HEIGHT="26" CONTENT="12." WC="0.56" CC="354" STYLEREFS="TXT_5"/>
					</TextLine>
					<TextLine ID="P11_TL00025" HPOS="663" VPOS="3182" WIDTH="522" HEIGHT="48">
						<String ID="P11_ST00233" HPOS="663" VPOS="3182" WIDTH="58" HEIGHT="46" CONTENT="(3)" WC="0.76" CC="060" STYLEREFS="TXT_5"/>
						<SP ID="P11_SP00208" HPOS="721" VPOS="3228" WIDTH="31"/>
						<String ID="P11_ST00234" HPOS="752" VPOS="3183" WIDTH="132" HEIGHT="43" CONTENT="Paris," WC="0.98" CC="572004"/>
						<SP ID="P11_SP00209" HPOS="884" VPOS="3228" WIDTH="30"/>
						<String ID="P11_ST00235" HPOS="914" VPOS="3194" WIDTH="114" HEIGHT="36" CONTENT="1775," WC="0.70" CC="60044" STYLEREFS="TXT_5"/>
						<SP ID="P11_SP00210" HPOS="1028" VPOS="3230" WIDTH="28"/>
						<String ID="P11_ST00236" HPOS="1056" VPOS="3195" WIDTH="20" HEIGHT="35" CONTENT="3" WC="0.61" CC="3"/>
						<SP ID="P11_SP00211" HPOS="1076" VPOS="3230" WIDTH="25"/>
						<String ID="P11_ST00237" HPOS="1101" VPOS="3186" WIDTH="84" HEIGHT="36" CONTENT="vol." WC="0.97" CC="9004"/>
					</TextLine>
					<TextLine ID="P11_TL00026" HPOS="664" VPOS="3236" WIDTH="891" HEIGHT="47">
						<String ID="P11_ST00238" HPOS="664" VPOS="3237" WIDTH="58" HEIGHT="44" CONTENT="(4)" WC="0.65" CC="064" STYLEREFS="TXT_5"/>
						<SP ID="P11_SP00212" HPOS="722" VPOS="3281" WIDTH="30"/>
						<String ID="P11_ST00239" HPOS="752" VPOS="3236" WIDTH="102" HEIGHT="38" CONTENT="Vers" WC="0.98" CC="0072"/>
						<SP ID="P11_SP00213" HPOS="854" VPOS="3281" WIDTH="31"/>
						<String ID="P11_ST00240" HPOS="885" VPOS="3239" WIDTH="113" HEIGHT="44" CONTENT="1780." WC="0.48" CC="59801" STYLEREFS="TXT_5"/>
						<SP ID="P11_SP00214" HPOS="998" VPOS="3283" WIDTH="28"/>
						<String ID="P11_ST00241" HPOS="1026" VPOS="3238" WIDTH="107" HEIGHT="36" CONTENT="Bibl." WC="0.67" CC="45005" STYLEREFS="TXT_7"/>
						<SP ID="P11_SP00215" HPOS="1133" VPOS="3283" WIDTH="29"/>
						<String ID="P11_ST00242" HPOS="1162" VPOS="3241" WIDTH="54" HEIGHT="35" CONTENT="du" WC="0.89" CC="02" STYLEREFS="TXT_7"/>
						<SP ID="P11_SP00216" HPOS="1216" VPOS="3283" WIDTH="27"/>
						<String ID="P11_ST00243" HPOS="1243" VPOS="3241" WIDTH="312" HEIGHT="39" CONTENT="Conservatoire." WC="0.99" CC="02607340201502" STYLEREFS="TXT_7"/>
					</TextLine>
					<TextLine ID="P11_TL00027" HPOS="663" VPOS="3291" WIDTH="1889" HEIGHT="58">
						<String ID="P11_ST00244" HPOS="663" VPOS="3291" WIDTH="57" HEIGHT="44" CONTENT="(5)" WC="0.78" CC="050"/>
						<SP ID="P11_SP00217" HPOS="720" VPOS="3335" WIDTH="31"/>
						<String ID="P11_ST00245" HPOS="751" VPOS="3291" WIDTH="78" HEIGHT="35" CONTENT="Les" WC="0.98" CC="400"/>
						<SP ID="P11_SP00218" HPOS="829" VPOS="3335" WIDTH="18"/>
						<String ID="P11_ST00246" HPOS="847" VPOS="3302" WIDTH="113" HEIGHT="26" CONTENT="rares" WC="0.99" CC="40500"/>
						<SP ID="P11_SP00219" HPOS="960" VPOS="3335" WIDTH="20"/>
						<String ID="P11_ST00247" HPOS="980" VPOS="3292" WIDTH="219" HEIGHT="44" CONTENT="écrivains," WC="1.00" CC="3030000104"/>
						<SP ID="P11_SP00220" HPOS="1199" VPOS="3336" WIDTH="22"/>
						<String ID="P11_ST00248" HPOS="1221" VPOS="3295" WIDTH="73" HEIGHT="47" CONTENT="qui" WC="0.96" CC="073"/>
						<SP ID="P11_SP00221" HPOS="1294" VPOS="3342" WIDTH="16"/>
						<String ID="P11_ST00249" HPOS="1310" VPOS="3300" WIDTH="75" HEIGHT="32" CONTENT="ont" WC="1.00" CC="000"/>
						<SP ID="P11_SP00222" HPOS="1385" VPOS="3342" WIDTH="25"/>
						<String ID="P11_ST00250" HPOS="1410" VPOS="3297" WIDTH="201" HEIGHT="49" CONTENT="appliqué" WC="0.98" CC="77600175"/>
						<SP ID="P11_SP00223" HPOS="1611" VPOS="3346" WIDTH="24"/>
						<String ID="P11_ST00251" HPOS="1635" VPOS="3299" WIDTH="25" HEIGHT="35" CONTENT="à" WC="1.00" CC="0"/>
						<SP ID="P11_SP00224" HPOS="1660" VPOS="3346" WIDTH="24"/>
						<String ID="P11_ST00252" HPOS="1684" VPOS="3299" WIDTH="206" HEIGHT="37" CONTENT="l'histoire" WC="1.00" CC="0060004000"/>
						<SP ID="P11_SP00225" HPOS="1890" VPOS="3346" WIDTH="26"/>
						<String ID="P11_ST00253" HPOS="1916" VPOS="3302" WIDTH="50" HEIGHT="35" CONTENT="de" WC="1.00" CC="00"/>
						<SP ID="P11_SP00226" HPOS="1966" VPOS="3346" WIDTH="25"/>
						<String ID="P11_ST00254" HPOS="1991" VPOS="3302" WIDTH="41" HEIGHT="37" CONTENT="la" WC="1.00" CC="00"/>
						<SP ID="P11_SP00227" HPOS="2032" VPOS="3346" WIDTH="24"/>
						<String ID="P11_ST00255" HPOS="2056" VPOS="3300" WIDTH="276" HEIGHT="49" CONTENT="musique'les" WC="0.73" CC="07003707300"/>
						<SP ID="P11_SP00228" HPOS="2332" VPOS="3349" WIDTH="24"/>
						<String ID="P11_ST00256" HPOS="2356" VPOS="3293" WIDTH="196" HEIGHT="42" CONTENT="méthodes" WC="0.98" CC="53065550"/>
					</TextLine>
					<TextLine ID="P11_TL00028" HPOS="552" VPOS="3344" WIDTH="1999" HEIGHT="59">
						<String ID="P11_ST00257" HPOS="552" VPOS="3344" WIDTH="201" HEIGHT="47" CONTENT="critiques" WC="1.00" CC="000002600"/>
						<SP ID="P11_SP00229" HPOS="753" VPOS="3391" WIDTH="28"/>
						<String ID="P11_ST00258" HPOS="781" VPOS="3346" WIDTH="230" HEIGHT="41" CONTENT="modernes," WC="0.99" CC="806057000"/>
						<SP ID="P11_SP00230" HPOS="1011" VPOS="3391" WIDTH="31"/>
						<String ID="P11_ST00259" HPOS="1042" VPOS="3358" WIDTH="52" HEIGHT="24" CONTENT="ne" WC="0.73" CC="50"/>
						<SP ID="P11_SP00231" HPOS="1094" VPOS="3391" WIDTH="30"/>
						<String ID="P11_ST00260" HPOS="1124" VPOS="3358" WIDTH="42" HEIGHT="26" CONTENT="se" WC="0.94" CC="01"/>
						<SP ID="P11_SP00232" HPOS="1166" VPOS="3391" WIDTH="30"/>
						<String ID="P11_ST00261" HPOS="1196" VPOS="3353" WIDTH="95" HEIGHT="31" CONTENT="sont" WC="0.99" CC="0050"/>
						<SP ID="P11_SP00233" HPOS="1291" VPOS="3391" WIDTH="29"/>
						<String ID="P11_ST00262" HPOS="1320" VPOS="3361" WIDTH="77" HEIGHT="37" CONTENT="pas" WC="0.98" CC="005"/>
						<SP ID="P11_SP00234" HPOS="1397" VPOS="3398" WIDTH="28"/>
						<String ID="P11_ST00263" HPOS="1425" VPOS="3353" WIDTH="178" HEIGHT="46" CONTENT="occupés" WC="0.99" CC="4005090"/>
						<SP ID="P11_SP00235" HPOS="1603" VPOS="3399" WIDTH="29"/>
						<String ID="P11_ST00264" HPOS="1632" VPOS="3353" WIDTH="297" HEIGHT="47" CONTENT="spécialement" WC="0.99" CC="002000728670"/>
						<SP ID="P11_SP00236" HPOS="1929" VPOS="3400" WIDTH="20"/>
						<String ID="P11_ST00265" HPOS="1949" VPOS="3356" WIDTH="50" HEIGHT="35" CONTENT="de" WC="1.00" CC="00"/>
						<SP ID="P11_SP00237" HPOS="1999" VPOS="3400" WIDTH="30"/>
						<String ID="P11_ST00266" HPOS="2029" VPOS="3356" WIDTH="40" HEIGHT="37" CONTENT="la" WC="1.00" CC="00"/>
						<SP ID="P11_SP00238" HPOS="2069" VPOS="3400" WIDTH="29"/>
						<String ID="P11_ST00267" HPOS="2098" VPOS="3354" WIDTH="241" HEIGHT="49" CONTENT="biographie" WC="1.00" CC="0002500000"/>
						<SP ID="P11_SP00239" HPOS="2339" VPOS="3403" WIDTH="27"/>
						<String ID="P11_ST00268" HPOS="2366" VPOS="3353" WIDTH="48" HEIGHT="36" CONTENT="de" WC="0.93" CC="01"/>
						<SP ID="P11_SP00240" HPOS="2414" VPOS="3403" WIDTH="19"/>
						<String ID="P11_ST00269" HPOS="2433" VPOS="3347" WIDTH="118" HEIGHT="44" CONTENT="Lully." WC="0.72" CC="006017"/>
					</TextLine>
					<TextLine ID="P11_TL00029" HPOS="553" VPOS="3397" WIDTH="1997" HEIGHT="59">
						<String ID="P11_ST00270" HPOS="553" VPOS="3397" WIDTH="56" HEIGHT="35" CONTENT="M." WC="0.79" CC="04" STYLEREFS="TXT_8"/>
						<SP ID="P11_SP00241" HPOS="609" VPOS="3432" WIDTH="25"/>
						<String ID="P11_ST00271" HPOS="634" VPOS="3397" WIDTH="179" HEIGHT="37" CONTENT="ROMAIN" WC="1.00" CC="000001" STYLEREFS="TXT_8"/>
						<SP ID="P11_SP00242" HPOS="813" VPOS="3434" WIDTH="25"/>
						<String ID="P11_ST00272" HPOS="838" VPOS="3399" WIDTH="223" HEIGHT="43" CONTENT="ROLLAND," WC="0.99" CC="00390120" STYLEREFS="TXT_8"/>
						<SP ID="P11_SP00243" HPOS="1061" VPOS="3442" WIDTH="14"/>
						<String ID="P11_ST00273" HPOS="1075" VPOS="3402" WIDTH="105" HEIGHT="36" CONTENT="dans" WC="0.99" CC="0050"/>
						<SP ID="P11_SP00244" HPOS="1180" VPOS="3442" WIDTH="21"/>
						<String ID="P11_ST00274" HPOS="1201" VPOS="3413" WIDTH="5" HEIGHT="21" CONTENT=";" WC="0.15" CC="8"/>
						<SP ID="P11_SP00245" HPOS="1206" VPOS="3442" WIDTH="15"/>
						<String ID="P11_ST00275" HPOS="1221" VPOS="3413" WIDTH="42" HEIGHT="25" CONTENT="es" WC="0.57" CC="08"/>
						<SP ID="P11_SP00246" HPOS="1263" VPOS="3442" WIDTH="24"/>
						<String ID="P11_ST00276" HPOS="1287" VPOS="3402" WIDTH="114" HEIGHT="36" CONTENT="aimi" WC="0.79" CC="0800" STYLEREFS="TXT_9"/>
						<String ID="P11_ST00277" HPOS="1404" VPOS="3415" WIDTH="17" HEIGHT="14" CONTENT="r" STYLE="superscript" WC="1.00" CC="9"/>
						<String ID="P11_ST00278" HPOS="1423" VPOS="3407" WIDTH="113" HEIGHT="35" CONTENT="ables" WC="0.99" CC="00000"/>
						<SP ID="P11_SP00247" HPOS="1536" VPOS="3442" WIDTH="16"/>
						<String ID="P11_ST00279" HPOS="1552" VPOS="3405" WIDTH="123" HEIGHT="37" CONTENT="Notes" WC="0.99" CC="00301" STYLEREFS="TXT_7"/>
						<SP ID="P11_SP00248" HPOS="1675" VPOS="3442" WIDTH="16"/>
						<String ID="P11_ST00280" HPOS="1691" VPOS="3419" WIDTH="71" HEIGHT="23" CONTENT="sur" WC="0.98" CC="060" STYLEREFS="TXT_7"/>
						<SP ID="P11_SP00249" HPOS="1762" VPOS="3442" WIDTH="14"/>
						<String ID="P11_ST00281" HPOS="1776" VPOS="3407" WIDTH="133" HEIGHT="47" CONTENT="Lully," WC="0.75" CC="380002" STYLEREFS="TXT_7"/>
						<SP ID="P11_SP00250" HPOS="1909" VPOS="3454" WIDTH="18"/>
						<String ID="P11_ST00282" HPOS="1927" VPOS="3419" WIDTH="106" HEIGHT="26" CONTENT="nous" WC="0.97" CC="6070"/>
						<SP ID="P11_SP00251" HPOS="2033" VPOS="3454" WIDTH="23"/>
						<String ID="P11_ST00283" HPOS="2056" VPOS="3413" WIDTH="113" HEIGHT="32" CONTENT="trace" WC="1.00" CC="00030"/>
						<SP ID="P11_SP00252" HPOS="2169" VPOS="3454" WIDTH="23"/>
						<String ID="P11_ST00284" HPOS="2192" VPOS="3421" WIDTH="56" HEIGHT="23" CONTENT="un" WC="0.38" CC="65"/>
						<SP ID="P11_SP00253" HPOS="2248" VPOS="3454" WIDTH="22"/>
						<String ID="P11_ST00285" HPOS="2270" VPOS="3405" WIDTH="174" HEIGHT="51" CONTENT="portrait" WC="0.99" CC="00605410"/>
						<SP ID="P11_SP00254" HPOS="2444" VPOS="3456" WIDTH="18"/>
						<String ID="P11_ST00286" HPOS="2462" VPOS="3401" WIDTH="66" HEIGHT="49" CONTENT="phy" SUBS_TYPE="HypPart1" SUBS_CONTENT="physique" WC="0.96" CC="672"/>
						<HYP HPOS="2528" VPOS="3401" WIDTH="22" CONTENT="-"/>
					</TextLine>
					<TextLine ID="P11_TL00030" HPOS="551" VPOS="3450" WIDTH="1998" HEIGHT="60">
						<String ID="P11_ST00287" HPOS="551" VPOS="3450" WIDTH="120" HEIGHT="47" CONTENT="sique" SUBS_TYPE="HypPart2" SUBS_CONTENT="physique" WC="0.99" CC="00070"/>
						<SP ID="P11_SP00255" HPOS="671" VPOS="3497" WIDTH="27"/>
						<String ID="P11_ST00288" HPOS="698" VPOS="3455" WIDTH="41" HEIGHT="32" CONTENT="et" WC="1.00" CC="00"/>
						<SP ID="P11_SP00256" HPOS="739" VPOS="3497" WIDTH="28"/>
						<String ID="P11_ST00289" HPOS="767" VPOS="3454" WIDTH="132" HEIGHT="36" CONTENT="moral" WC="0.97" CC="83602"/>
						<SP ID="P11_SP00257" HPOS="899" VPOS="3497" WIDTH="28"/>
						<String ID="P11_ST00290" HPOS="927" VPOS="3454" WIDTH="49" HEIGHT="35" CONTENT="de" WC="1.00" CC="00"/>
						<SP ID="P11_SP00258" HPOS="976" VPOS="3497" WIDTH="27"/>
						<String ID="P11_ST00291" HPOS="1003" VPOS="3455" WIDTH="197" HEIGHT="39" CONTENT="l'homme" WC="0.99" CC="0400007"/>
						<SP ID="P11_SP00259" HPOS="1200" VPOS="3497" WIDTH="28"/>
						<String ID="P11_ST00292" HPOS="1228" VPOS="3457" WIDTH="98" HEIGHT="36" CONTENT="bien" WC="0.98" CC="0035"/>
						<SP ID="P11_SP00260" HPOS="1326" VPOS="3497" WIDTH="28"/>
						<String ID="P11_ST00293" HPOS="1354" VPOS="3458" WIDTH="78" HEIGHT="37" CONTENT="fait" WC="0.98" CC="0630"/>
						<SP ID="P11_SP00261" HPOS="1432" VPOS="3497" WIDTH="26"/>
						<String ID="P11_ST00294" HPOS="1458" VPOS="3471" WIDTH="106" HEIGHT="36" CONTENT="pour" WC="0.96" CC="0267"/>
						<SP ID="P11_SP00262" HPOS="1564" VPOS="3507" WIDTH="28"/>
						<String ID="P11_ST00295" HPOS="1592" VPOS="3460" WIDTH="252" HEIGHT="47" CONTENT="décourager" WC="0.99" CC="0411670307"/>
						<SP ID="P11_SP00263" HPOS="1844" VPOS="3507" WIDTH="26"/>
						<String ID="P11_ST00296" HPOS="1870" VPOS="3473" WIDTH="106" HEIGHT="25" CONTENT="ceux" WC="0.98" CC="0170"/>
						<SP ID="P11_SP00264" HPOS="1976" VPOS="3507" WIDTH="26"/>
						<String ID="P11_ST00297" HPOS="2002" VPOS="3462" WIDTH="74" HEIGHT="48" CONTENT="qui" WC="0.97" CC="070"/>
						<SP ID="P11_SP00265" HPOS="2076" VPOS="3510" WIDTH="34"/>
						<String ID="P11_ST00298" HPOS="2110" VPOS="3462" WIDTH="228" HEIGHT="38" CONTENT="essaieront" WC="1.00" CC="0000004360"/>
						<SP ID="P11_SP00266" HPOS="2338" VPOS="3510" WIDTH="26"/>
						<String ID="P11_ST00299" HPOS="2364" VPOS="3459" WIDTH="113" HEIGHT="47" CONTENT="après" WC="0.99" CC="00060"/>
						<SP ID="P11_SP00267" HPOS="2477" VPOS="3510" WIDTH="25"/>
						<String ID="P11_ST00300" HPOS="2502" VPOS="3451" WIDTH="47" HEIGHT="36" CONTENT="lui" WC="0.96" CC="541"/>
					</TextLine>
					<TextLine ID="P11_TL00031" HPOS="553" VPOS="3504" WIDTH="1997" HEIGHT="60">
						<String ID="P11_ST00301" HPOS="553" VPOS="3504" WIDTH="51" HEIGHT="35" CONTENT="de" WC="0.90" CC="10"/>
						<SP ID="P11_SP00268" HPOS="604" VPOS="3539" WIDTH="26"/>
						<String ID="P11_ST00302" HPOS="630" VPOS="3504" WIDTH="102" HEIGHT="37" CONTENT="faire" WC="0.98" CC="19020"/>
						<SP ID="P11_SP00269" HPOS="732" VPOS="3541" WIDTH="25"/>
						<String ID="P11_ST00303" HPOS="757" VPOS="3506" WIDTH="165" HEIGHT="37" CONTENT="revivre" WC="1.00" CC="2020000"/>
						<SP ID="P11_SP00270" HPOS="922" VPOS="3543" WIDTH="25"/>
						<String ID="P11_ST00304" HPOS="947" VPOS="3508" WIDTH="41" HEIGHT="36" CONTENT="la" WC="1.00" CC="00"/>
						<SP ID="P11_SP00271" HPOS="988" VPOS="3544" WIDTH="25"/>
						<String ID="P11_ST00305" HPOS="1013" VPOS="3509" WIDTH="187" HEIGHT="37" CONTENT="curieuse" WC="0.99" CC="06500700"/>
						<SP ID="P11_SP00272" HPOS="1200" VPOS="3546" WIDTH="27"/>
						<String ID="P11_ST00306" HPOS="1227" VPOS="3511" WIDTH="128" HEIGHT="45" CONTENT="figure" WC="0.98" CC="860500"/>
						<SP ID="P11_SP00273" HPOS="1355" VPOS="3556" WIDTH="28"/>
						<String ID="P11_ST00307" HPOS="1383" VPOS="3514" WIDTH="56" HEIGHT="35" CONTENT="du" WC="0.70" CC="05"/>
						<SP ID="P11_SP00274" HPOS="1439" VPOS="3556" WIDTH="27"/>
						<String ID="P11_ST00308" HPOS="1466" VPOS="3514" WIDTH="231" HEIGHT="42" CONTENT="Florentin," WC="0.99" CC="5505060050"/>
						<SP ID="P11_SP00275" HPOS="1697" VPOS="3556" WIDTH="29"/>
						<String ID="P11_ST00309" HPOS="1726" VPOS="3515" WIDTH="108" HEIGHT="37" CONTENT="mais" WC="0.98" CC="9000"/>
						<SP ID="P11_SP00276" HPOS="1834" VPOS="3556" WIDTH="25"/>
						<String ID="P11_ST00310" HPOS="1859" VPOS="3517" WIDTH="163" HEIGHT="36" CONTENT="n'entre" WC="0.99" CC="5106010"/>
						<SP ID="P11_SP00277" HPOS="2022" VPOS="3556" WIDTH="26"/>
						<String ID="P11_ST00311" HPOS="2048" VPOS="3527" WIDTH="77" HEIGHT="37" CONTENT="pas" WC="1.00" CC="000"/>
						<SP ID="P11_SP00278" HPOS="2125" VPOS="3564" WIDTH="26"/>
						<String ID="P11_ST00312" HPOS="2151" VPOS="3518" WIDTH="105" HEIGHT="35" CONTENT="dans" WC="0.99" CC="0050"/>
						<SP ID="P11_SP00279" HPOS="2256" VPOS="3564" WIDTH="25"/>
						<String ID="P11_ST00313" HPOS="2281" VPOS="3516" WIDTH="36" HEIGHT="35" CONTENT="le" WC="1.00" CC="00"/>
						<SP ID="P11_SP00280" HPOS="2317" VPOS="3564" WIDTH="26"/>
						<String ID="P11_ST00314" HPOS="2343" VPOS="3510" WIDTH="124" HEIGHT="39" CONTENT="détail" WC="0.99" CC="000336"/>
						<SP ID="P11_SP00281" HPOS="2467" VPOS="3564" WIDTH="23"/>
						<String ID="P11_ST00315" HPOS="2490" VPOS="3506" WIDTH="60" HEIGHT="36" CONTENT="des" WC="0.96" CC="703"/>
					</TextLine>
					<TextLine ID="P11_TL00032" HPOS="552" VPOS="3556" WIDTH="1998" HEIGHT="61">
						<String ID="P11_ST00316" HPOS="552" VPOS="3556" WIDTH="114" HEIGHT="37" CONTENT="faits." WC="0.99" CC="500004"/>
						<SP ID="P11_SP00282" HPOS="666" VPOS="3593" WIDTH="26"/>
						<String ID="P11_ST00317" HPOS="692" VPOS="3558" WIDTH="56" HEIGHT="36" CONTENT="M." WC="0.78" CC="04"/>
						<SP ID="P11_SP00283" HPOS="748" VPOS="3594" WIDTH="29"/>
						<String ID="P11_ST00318" HPOS="777" VPOS="3560" WIDTH="138" HEIGHT="36" CONTENT="Radet" WC="1.00" CC="00000"/>
						<SP ID="P11_SP00284" HPOS="915" VPOS="3596" WIDTH="41"/>
						<String ID="P11_ST00319" HPOS="956" VPOS="3573" WIDTH="51" HEIGHT="25" CONTENT="ne" WC="0.64" CC="70"/>
						<SP ID="P11_SP00285" HPOS="1007" VPOS="3598" WIDTH="25"/>
						<String ID="P11_ST00320" HPOS="1032" VPOS="3574" WIDTH="107" HEIGHT="26" CONTENT="nous" WC="0.97" CC="5070"/>
						<SP ID="P11_SP00286" HPOS="1139" VPOS="3600" WIDTH="25"/>
						<String ID="P11_ST00321" HPOS="1164" VPOS="3565" WIDTH="127" HEIGHT="46" CONTENT="parle," WC="0.99" CC="007000"/>
						<SP ID="P11_SP00287" HPOS="1291" VPOS="3611" WIDTH="20"/>
						<String ID="P11_ST00322" HPOS="1311" VPOS="3566" WIDTH="105" HEIGHT="36" CONTENT="dans" WC="0.99" CC="0040"/>
						<SP ID="P11_SP00288" HPOS="1416" VPOS="3611" WIDTH="25"/>
						<String ID="P11_ST00323" HPOS="1441" VPOS="3577" WIDTH="74" HEIGHT="26" CONTENT="son" WC="0.99" CC="002"/>
						<SP ID="P11_SP00289" HPOS="1515" VPOS="3611" WIDTH="26"/>
						<String ID="P11_ST00324" HPOS="1541" VPOS="3568" WIDTH="108" HEIGHT="35" CONTENT="beau" WC="0.99" CC="0004"/>
						<SP ID="P11_SP00290" HPOS="1649" VPOS="3611" WIDTH="25"/>
						<String ID="P11_ST00325" HPOS="1674" VPOS="3568" WIDTH="118" HEIGHT="42" CONTENT="livre," WC="0.99" CC="300204"/>
						<SP ID="P11_SP00291" HPOS="1792" VPOS="3611" WIDTH="29"/>
						<String ID="P11_ST00326" HPOS="1821" VPOS="3570" WIDTH="50" HEIGHT="35" CONTENT="de" WC="1.00" CC="00"/>
						<SP ID="P11_SP00292" HPOS="1871" VPOS="3611" WIDTH="25"/>
						<String ID="P11_ST00327" HPOS="1896" VPOS="3569" WIDTH="134" HEIGHT="46" CONTENT="Lully," WC="0.76" CC="090004" STYLEREFS="TXT_7"/>
						<SP ID="P11_SP00293" HPOS="2030" VPOS="3615" WIDTH="28"/>
						<String ID="P11_ST00328" HPOS="2058" VPOS="3571" WIDTH="150" HEIGHT="34" CONTENT="homme" WC="0.98" CC="00562" STYLEREFS="TXT_7"/>
						<SP ID="P11_SP00294" HPOS="2208" VPOS="3615" WIDTH="27"/>
						<String ID="P11_ST00329" HPOS="2235" VPOS="3567" WIDTH="213" HEIGHT="50" CONTENT="d'affaires," WC="0.99" CC="04633549402" STYLEREFS="TXT_7"/>
						<SP ID="P11_SP00295" HPOS="2448" VPOS="3617" WIDTH="17"/>
						<String ID="P11_ST00330" HPOS="2465" VPOS="3558" WIDTH="85" HEIGHT="50" CONTENT="qu'à" WC="0.95" CC="6547"/>
					</TextLine>
					<TextLine ID="P11_TL00033" HPOS="551" VPOS="3612" WIDTH="1999" HEIGHT="53">
						<String ID="P11_ST00331" HPOS="551" VPOS="3612" WIDTH="136" HEIGHT="45" CONTENT="partir" WC="0.96" CC="798536"/>
						<SP ID="P11_SP00296" HPOS="687" VPOS="3657" WIDTH="25"/>
						<String ID="P11_ST00332" HPOS="712" VPOS="3613" WIDTH="51" HEIGHT="34" CONTENT="de" WC="1.00" CC="00"/>
						<SP ID="P11_SP00297" HPOS="763" VPOS="3657" WIDTH="31"/>
						<String ID="P11_ST00333" HPOS="794" VPOS="3615" WIDTH="112" HEIGHT="44" CONTENT="1670," WC="0.52" CC="56064" STYLEREFS="TXT_5"/>
						<SP ID="P11_SP00298" HPOS="906" VPOS="3659" WIDTH="23"/>
						<String ID="P11_ST00334" HPOS="929" VPOS="3619" WIDTH="42" HEIGHT="31" CONTENT="et" WC="1.00" CC="00"/>
						<SP ID="P11_SP00299" HPOS="971" VPOS="3659" WIDTH="28"/>
						<String ID="P11_ST00335" HPOS="999" VPOS="3616" WIDTH="171" HEIGHT="37" CONTENT="Nuitter" WC="0.68" CC="1740007"/>
						<SP ID="P11_SP00300" HPOS="1170" VPOS="3659" WIDTH="26"/>
						<String ID="P11_ST00336" HPOS="1196" VPOS="3621" WIDTH="42" HEIGHT="33" CONTENT="et" WC="1.00" CC="00"/>
						<SP ID="P11_SP00301" HPOS="1238" VPOS="3659" WIDTH="39"/>
						<String ID="P11_ST00337" HPOS="1277" VPOS="3620" WIDTH="181" HEIGHT="37" CONTENT="Lhoinan" WC="0.17" CC="8957898"/>
						<SP ID="P11_SP00302" HPOS="1458" VPOS="3659" WIDTH="25"/>
						<String ID="P11_ST00338" HPOS="1483" VPOS="3632" WIDTH="52" HEIGHT="25" CONTENT="ne" WC="0.45" CC="73"/>
						<SP ID="P11_SP00303" HPOS="1535" VPOS="3659" WIDTH="27"/>
						<String ID="P11_ST00339" HPOS="1562" VPOS="3622" WIDTH="87" HEIGHT="34" CONTENT="s'en" WC="0.96" CC="6306"/>
						<SP ID="P11_SP00304" HPOS="1649" VPOS="3659" WIDTH="28"/>
						<String ID="P11_ST00340" HPOS="1677" VPOS="3627" WIDTH="207" HEIGHT="38" CONTENT="occupent" WC="0.99" CC="30377070"/>
						<SP ID="P11_SP00305" HPOS="1884" VPOS="3665" WIDTH="28"/>
						<String ID="P11_ST00341" HPOS="1912" VPOS="3624" WIDTH="129" HEIGHT="41" CONTENT="qu'au" WC="0.95" CC="67495"/>
						<SP ID="P11_SP00306" HPOS="2041" VPOS="3665" WIDTH="27"/>
						<String ID="P11_ST00342" HPOS="2068" VPOS="3624" WIDTH="114" HEIGHT="36" CONTENT="suiet" WC="0.71" CC="07700"/>
						<SP ID="P11_SP00307" HPOS="2182" VPOS="3665" WIDTH="26"/>
						<String ID="P11_ST00343" HPOS="2208" VPOS="3624" WIDTH="55" HEIGHT="36" CONTENT="du" WC="0.75" CC="05"/>
						<SP ID="P11_SP00308" HPOS="2263" VPOS="3665" WIDTH="26"/>
						<String ID="P11_ST00344" HPOS="2289" VPOS="3618" WIDTH="193" HEIGHT="47" CONTENT="privilège" WC="0.99" CC="660003706"/>
						<SP ID="P11_SP00309" HPOS="2482" VPOS="3665" WIDTH="25"/>
						<String ID="P11_ST00345" HPOS="2507" VPOS="3612" WIDTH="43" HEIGHT="34" CONTENT="de" WC="0.30" CC="76"/>
					</TextLine>
					<TextLine ID="P11_TL00034" HPOS="546" VPOS="3663" WIDTH="183" HEIGHT="50">
						<String ID="P11_ST00346" HPOS="546" VPOS="3663" WIDTH="183" HEIGHT="50" CONTENT="l'Opéra." WC="0.99" CC="04000570"/>
					</TextLine>
				</TextBlock>
				<ComposedBlock ID="P11_CB00001" HPOS="490" VPOS="372" WIDTH="2124" HEIGHT="619" STYLEREFS="TXT_10 PAR_LEFT" TYPE="Illustration">
					<GraphicalElement ID="P11_CB00001_SUB" HPOS="490" VPOS="372" WIDTH="2124" HEIGHT="619"/>
				</ComposedBlock>
				<ComposedBlock ID="P11_CB00002" HPOS="569" VPOS="1732" WIDTH="336" HEIGHT="409" STYLEREFS="TXT_10 PAR_LEFT" TYPE="Illustration">
					<GraphicalElement ID="P11_CB00002_SUB" HPOS="569" VPOS="1732" WIDTH="336" HEIGHT="409"/>
				</ComposedBlock>
			</PrintSpace>
		</Page>
	</Layout>
</alto>
