2710 4089
896 323 164 35 REVUE
1087 323 65 34 DE
1181 322 62 34 LA
1272 320 187 35 PRESSE

2097 315 94 45 307

178 491 40 36 de
239 485 103 49 plus,
366 478 139 49 appelé
529 477 23 35 à
573 473 220 50 remplacer
814 471 242 38 Ferdinand
1077 469 216 53 Kufferath
1315 479 148 25 comme
1486 467 228 47 professeur
1736 467 44 35 de
1804 463 251 49 contrepoint
2075 466 35 33 et
2150 463 47 36 de

176 546 114 40 fugue
318 548 53 25 au
400 529 294 42 Conservatoire
722 526 113 45 royal
863 527 44 35 de
936 523 220 39 Bruxelles.

277 591 61 37 M.
362 586 137 49 Edgar
522 583 118 38 Tinel
661 584 63 46 fut
745 581 64 36 élu
831 581 169 36 membre
1023 578 179 38 titulaire
1225 577 44 36 de
1290 575 250 39 VAcadémie
1561 575 134 46 royale
1718 576 44 34 de
1785 573 197 49 Belgique
2004 583 49 25 en
2080 580 114 36 1902,

178 650 182 39 directeur
381 644 43 35 de
446 641 41 37 la
508 638 122 37 classe
653 638 66 36 des
741 633 258 39 Beaux-Arts
1023 633 44 36 de
1089 631 248 37 VAcadémie
1360 641 50 25 en
1437 630 113 47 1908,
1575 633 34 31 et
1631 628 163 47 désigné
1818 638 150 25 comme
1990 625 207 48 président

178 706 40 36 de
239 695 238 44 VAcadémie
499 691 131 46 royale
653 696 104 44 pour
778 693 92 33 cette
893 689 122 36 même
1039 689 139 34 année.

278 755 73 35 Les
371 746 249 52 principales
643 755 150 27 œuvres
816 744 45 35 de
883 741 64 37 M.
971 742 140 46 Edgar
1134 739 118 37 Tinel
1273 743 89 32 sont
1386 749 13 27 :

282 805 116 38 Trois
425 802 185 38 tableaux
635 797 320 49 symphoniques
983 798 104 44 pour
1112 795 204 40 orchestre,
1345 791 181 49 inspirés
1550 791 45 36 de
1619 790 41 36 la
1686 789 176 47 tragédie
1890 789 241 49 Polyeucte,
2151 787 45 36 de

180 859 188 44 Corneille
388 870 13 29 ;
419 857 32 38 le
469 856 135 47 poème
623 854 157 48 lyrique
800 852 133 35 Roses
951 851 74 36 des
1042 851 111 40 Blés,
1174 852 104 43 pour
1296 849 110 35 ténor
1423 845 94 42 solo,
1538 845 153 35 chœurs
1710 847 35 31 et
1761 844 195 36 orchestre
1977 854 14 30 ;
2009 842 34 36 le
2062 842 134 35 drame

179 915 160 40 musical
359 923 47 27 en
426 910 94 38 trois
541 912 101 34 actes
663 907 144 37 Sainte
828 904 217 41 Godelive,
1068 908 35 32 et
1122 903 40 36 la
1181 902 161 48 légende
1365 899 252 47 dramatique
1638 909 48 25 en
1709 897 95 39 trois
1826 896 185 36 tableaux
2032 895 136 37 Katha-

175 973 88 37 rina
285 967 155 49 (Sainte
462 964 223 39 Catherine
707 958 329 46 d'Alexandrie),
1062 969 72 37 que
1155 968 50 25 va
1225 958 243 46 représenter
1488 953 40 37 la
1549 951 203 37 Monnaie
1771 962 16 29 ;
1808 955 35 31 et
1863 950 109 47 enfin
1994 953 103 33 toute

179 1026 94 37 série
301 1023 194 36 d'œuvres
523 1016 258 49 liturgiques,
812 1014 137 48 parmi
976 1011 207 49 lesquelles
1211 1011 33 35 le
1272 1011 58 35 Te
1359 1009 138 37 Deum,
1524 1010 105 43 pour
1656 1007 155 35 chœurs
1839 1009 35 31 et
1902 1005 202 39 orchestre,
2126 1001 72 49 qui

178 1080 57 38 lui
263 1078 59 46 fut
350 1072 191 39 demandé
569 1076 78 44 par
675 1070 36 36 le
743 1070 304 47 gouvernement
1075 1070 104 44 pour
1208 1066 55 37 les
1293 1063 96 47 fêtes
1418 1061 214 49 jubilaires
1663 1061 54 36 du
1748 1068 46 38 75
1798 1064 16 19 e
1844 1056 278 38 anniversaire
2152 1056 44 36 de

177 1129 333 50 l'lndépendance
540 1125 120 50 belge.

280 1184 291 37 Mentionnons
599 1182 24 34 à
646 1183 93 45 part
763 1176 202 39 Voratorio
991 1175 257 38 Franziskus
1274 1171 139 48 (Saint
1438 1168 232 50 François),
1700 1167 70 49 qui
1796 1179 25 25 a
1845 1167 55 35 été
1925 1166 154 36 exécuté
2104 1165 93 45 plus

181 1244 41 36 de
242 1240 89 47 cinq
352 1240 104 35 cents
479 1235 78 46 fois
579 1238 35 34 et
637 1247 24 25 a
682 1233 77 46 fait
780 1233 34 36 le
837 1235 89 33 tour
949 1231 55 35 du
1027 1232 156 35 monde.

280 1294 109 36 Pour
411 1290 111 39 avoir
543 1300 78 26 une
642 1289 87 38 idée
751 1287 55 36 du
827 1287 194 37 caractère
1045 1284 45 36 de
1113 1283 64 36 M.
1204 1280 118 39 Tinel
1345 1290 147 27 comme
1514 1277 269 47 compositeur
1805 1279 35 32 et
1862 1284 148 26 comme
2032 1273 165 39 homme,

181 1350 30 36 il
226 1348 138 49 suffira
385 1346 43 36 de
449 1345 85 36 dire
555 1354 86 38 que,
664 1341 176 39 chrétien
858 1339 228 39 convaincu
1103 1341 35 33 et
1157 1347 98 28 sans
1274 1339 114 44 peur,
1408 1334 32 37 il
1458 1332 128 47 faillit
1606 1340 198 38 manquer
1823 1340 76 25 son
1909 1327 96 48 prix
2016 1327 44 35 de
2077 1326 122 38 Rome

181 1408 110 43 parce
315 1400 99 50 qu'il
434 1397 226 49 prétendait
680 1399 195 44 emporter
896 1404 57 28 un
974 1393 96 37 livre
1094 1392 101 36 dans
1216 1402 47 25 sa
1284 1390 84 47 loge
1390 1390 45 36 de
1456 1397 205 27 concours.
1684 1385 54 35 L>e
1761 1384 111 41 livre,
1897 1394 18 24 c
1934 1381 95 37 était
2067 1379 13 33 1
2102 1379 72 39 Imi-

183 1456 132 40 tation
341 1457 49 35 de
417 1452 303 49 Jésus-Christ.
747 1449 39 37 Il
810 1450 77 36 tint
913 1449 77 36 bon
1013 1451 34 33 et
1070 1447 34 35 le
1128 1446 95 46 jury
1248 1445 109 36 céda.

282 1510 38 36 Il
343 1521 48 24 ne
415 1508 114 37 cache
556 1508 24 35 à
603 1510 196 45 personne
827 1514 86 38 que,
948 1513 18 25 «
990 1501 144 48 depuis
1159 1510 73 26 son
1256 1498 179 45 enfance,
1462 1496 32 36 il
1536 1506 25 25 a
1603 1505 58 25 un
1699 1494 161 44 concept
1896 1489 107 37 idéal
2045 1488 44 36 de
2126 1496 74 26 son

181 1569 59 34 art
267 1576 12 26 :
301 1564 92 38 c'est
417 1563 44 36 de
486 1562 34 36 le
546 1564 133 33 mettre
707 1571 55 26 au
785 1557 146 38 service
959 1555 55 38 du
1038 1555 100 37 culte
1171 1564 30 31 »,
1228 1556 34 32 et
1286 1552 31 36 il
1343 1550 152 37 déclare
1520 1560 17 25 «
1553 1548 112 37 avoir
1691 1547 134 36 trouvé
1851 1545 103 35 dans
1981 1545 93 33 cette
2099 1541 98 38 voie,

183 1619 141 47 malgré
349 1618 65 35 des
441 1619 185 44 épreuves
654 1618 35 32 et
715 1614 66 35 des
809 1611 285 37 humiliations
1120 1608 249 47 passagères,
1399 1615 58 25 un
1484 1603 284 36 contentement
1795 1600 44 35 de
1867 1599 40 35 la
1933 1597 158 47 pensée,
2120 1605 79 25 une

181 1673 73 47 joie
279 1677 33 32 et
336 1683 76 25 une
438 1670 101 48 paix
564 1670 45 36 de
635 1669 118 36 l'âme
783 1678 73 37 que
882 1665 110 37 nulle
1019 1666 111 34 autre
1158 1660 244 39 orientation
1429 1658 44 36 de
1500 1656 93 38 l'art
1618 1653 183 38 n'aurait
1826 1656 58 42 pu
1910 1650 61 37 lui
1997 1653 202 43 procurer,

183 1732 31 33 et
228 1728 136 36 devant
377 1725 168 48 lesquels
574 1722 129 39 l'éclat
732 1722 66 37 des
827 1720 95 49 plus
952 1718 276 38 retentissants
1258 1715 134 36 succès
1423 1711 215 38 extérieurs
1668 1706 240 42 s'évanouit,
1940 1713 150 28 comme
2121 1712 80 25 une

183 1783 121 36 ombre
322 1781 77 47 fuit
418 1783 34 33 et
470 1780 169 52 s'efface.
668 1788 18 25 »

271 1906 72 46 On
380 1906 42 44 le
459 1903 121 47 voit:
616 1903 117 46 dans
767 1915 63 33 un
868 1914 113 41 pays
1016 1901 60 43 où
1114 1900 43 43 le
1194 1894 241 47 ministère
1472 1898 73 40 est
1579 1887 279 56 catholique,
1898 1884 30 46 il
1968 1884 96 45 faut
2101 1884 98 42 être

187 1973 254 56 catholique
470 1985 116 42 pour
616 1969 178 47 arriver
823 1982 60 32 au
914 1968 254 43 honneurs.
1203 1963 238 55 Espérons
1471 1971 91 44 que
1594 1958 42 43 la
1667 1955 275 55 réciproque
1975 1958 70 36 est
2077 1948 127 46 aussi

188 2041 121 46 vraie
334 2042 113 45 dans
473 2039 70 46 les
569 2052 113 42 pays
708 2039 59 43 où
793 2035 44 46 le
863 2034 242 47 ministère
1132 2034 72 42 est
1228 2033 257 53 protestant
1510 2029 59 41 oh
1596 2024 152 46 athée.

280 2244 239 45 Comcedia
552 2241 179 46 illustré
765 2245 71 39 est
869 2251 62 32 un
966 2248 215 34 nouveau
1215 2230 176 47 recueil
1425 2227 78 57 qui
1537 2227 146 56 paraît
1715 2226 43 43 le
1800 2236 15 33 I
1825 2225 16 17 e
1893 2230 44 38 et
1970 2221 45 44 le
2053 2228 54 45 15
2144 2217 59 46 de

182 2312 170 56 chaque
386 2311 133 46 mois.
557 2308 134 46 C'est
727 2321 61 31 un
826 2306 57 44 de
919 2317 81 32 ces
1034 2301 202 47 recueils
1272 2310 183 34 comme
1490 2296 31 44 il
1557 2308 58 31 en
1653 2293 144 55 paraît
1833 2298 121 37 tant:

192 2381 159 43 Culina
374 2377 176 53 (sic!!),
577 2378 43 44 la
649 2377 79 43 Vie
755 2375 266 47 Heureuse,
1049 2372 42 43 le
1119 2368 239 46 Bonheur,
1385 2364 270 45 Mesdames
1681 2358 132 53 (ceci,
1841 2357 30 45 il
1898 2362 71 39 est
1992 2353 115 52 vrai,
2135 2359 71 38 est

190 2461 85 32 une
303 2447 130 56 pièce
461 2446 59 44 de
549 2443 64 46 M.
647 2439 190 47 Francis
867 2439 57 46 de
954 2434 253 54 Croisset),
1240 2438 46 41 et
1315 2437 188 43 ccetera,
1537 2433 45 41 et
1612 2432 222 40 ccetera...
1869 2423 106 45 Une
2004 2428 101 49 part
2135 2427 71 36 est

191 2514 103 45 faite
314 2517 23 42 à
357 2514 42 45 la
419 2510 218 56 musique
657 2509 114 46 dans
795 2505 244 47 Comoedia
1060 2502 177 47 illustré
1254 2518 11 27 :
1287 2499 63 46 M.
1376 2495 208 48 Bertelin
1606 2508 28 42 y
1655 2493 160 53 rédige
1836 2503 92 33 une
1950 2485 256 56 chronique

188 2582 54 44 de
268 2582 41 44 la
338 2579 262 57 quinzaine,
633 2584 46 38 et
709 2576 114 44 dans
853 2573 44 44 le
927 2570 202 56 premier
1159 2568 196 45 numéro
1388 2564 63 44 M.
1482 2562 202 55 Jacques
1716 2560 243 51 Bousquet
1989 2569 27 30 a
2045 2552 159 56 publié

191 2662 86 31 une
299 2648 151 45 notice
472 2659 80 32 sur
576 2642 62 46 M.
665 2639 274 48 Chevillard
963 2635 344 54 accompagnée
1331 2631 59 46 de
1414 2636 98 40 tout
1535 2641 63 33 un
1622 2627 65 45 lot
1710 2626 57 44 de
1791 2621 283 48 délicieuses
2098 2620 83 53 pho-

192 2716 207 55 graphies
423 2715 57 44 de
505 2716 133 42 noltre
661 2709 109 45 chef
795 2706 290 47 d'orchestre
1110 2710 45 37 et
1179 2698 107 47 ami.

280 2783 68 44 De
374 2789 72 38 cet
470 2780 176 52 article,
673 2777 45 55 je
743 2789 122 31 veux
889 2771 174 47 retenir
1089 2777 45 38 et
1160 2769 43 45 la
1227 2768 156 43 bonne
1408 2762 226 47 intention
1662 2759 78 54 (ne
1764 2766 332 38 trouvez-vous
2121 2766 83 42 pas

190 2862 52 32 en
271 2849 113 46 effet
413 2848 140 56 qu'en
585 2846 176 44 France
790 2856 59 30 on
879 2841 128 54 parle
1035 2839 243 50 beaucoup
1308 2841 102 47 trop
1441 2830 82 46 des
1552 2825 268 54 ballerines,
1853 2820 277 49 cantatrices
2159 2825 47 40 et

186 2919 214 51 ténors,et
419 2928 84 43 pas
521 2927 135 33 assez
676 2913 84 43 des
780 2908 135 47 chefs
936 2902 348 52 d'orchestre?)
1308 2908 45 38 et
1375 2898 229 56 quelques
1626 2894 150 55 lignes
1796 2890 78 57 qui
1895 2898 104 38 sont
2020 2902 61 31 un
2105 2894 100 38 acte

195 2984 52 45 de
268 2985 151 44 bonne
440 2982 166 57 justice
629 2983 24 42 à
676 2976 178 56 l'égard
877 2976 57 45 de
957 2973 96 47 l'un
1076 2971 84 46 des
1181 2971 215 44 hommes
1420 2965 78 56 qui
1522 2970 77 40 ont
1622 2963 45 44 le
1689 2961 103 55 plus
1816 2957 82 47 fait
1921 2969 115 44 pour
2059 2968 150 33 servir

191 3051 63 46 les
287 3050 252 47 musiciens
574 3049 58 44 de
668 3054 132 38 notre
836 3057 128 41 pays.
1005 3041 151 54 Après
1192 3035 129 47 avoir
1357 3032 128 58 parlé
1522 3031 60 45 du
1618 3029 163 45 travail
1818 3027 58 43 de
1913 3026 291 53 préparation

192 3131 74 41 par
290 3119 150 56 lequel
468 3116 62 46 M.
559 3111 272 50 Chevillard
856 3109 153 47 arrive
1033 3109 25 41 à
1084 3103 251 47 distribuer
1359 3102 70 43 les
1455 3110 181 34 masses
1662 3092 414 52 orchestrales.qui
2102 3095 104 38 sont

191 3199 104 33 sous
320 3200 50 30 sa
398 3184 239 52 direction,
668 3180 64 45 M.
765 3180 242 52 Bousquet
1034 3173 154 55 ajoute
1204 3189 9 26 :

291 3341 60 36 Là
378 3344 53 34 où
456 3340 127 37 réside
613 3338 223 45 davantage
864 3333 41 37 la
931 3330 275 50 personnalité
1234 3327 44 36 de
1308 3323 171 38 Camille
1509 3319 243 41 Chevillard,
1782 3316 92 36 c'est
1902 3317 101 35 dans
2031 3313 34 36 le
2093 3322 112 27 souci

249 3392 94 44 qu'il
479 3396 117 40 garde
753 3394 286 37 constamment
1363 3391 46 35 de
1493 3399 49 26 ne
1631 3387 117 48 point
1900 3383 157 38 vouloir

447 3448 39 36 Il
569 3453 88 33 veut
793 3450 76 34 être
997 3445 35 38 le
1115 3444 112 47 fidèle
1392 3443 229 36 traducteur
1898 3439 45 35 de
2040 3436 42 38 la
2171 3439 72 44 pen

245 3500 214 49 d'étranger
722 3501 70 50 qui
905 3500 42 39 la
1029 3500 139 49 puisse
1390 3493 199 40 obscurcir
1833 3504 52 25 ou
1982 3487 232 42 contrarier,

244 3553 79 38 telle
442 3556 61 35 au'
508 3554 70 38 elle
752 3556 95 36 était
978 3556 26 34 à
1061 3566 47 25 sa
1189 3551 230 41 naissance,
1689 3549 121 36 avant
1965 3545 46 37 de
2093 3545 112 36 s'être
2065 3581 5 6 .

449 3610 40 36 Il
572 3610 156 45 s'efface
934 3608 246 38 absolument
1471 3609 36 32 et
1587 3601 188 40 s'incline
2012 3600 144 36 devant

253 3671 50 26 au
393 3667 259 45 compositeur
949 3664 41 36 la
1067 3662 94 50 plus
1298 3657 278 42 merveilleuse,
1903 3655 42 38 la
2032 3652 94 51 plus
