2710 4089
496 371 93 45 268

1096 386 247 35 BULLETIN
1369 388 246 44 FRANÇAIS
1638 389 62 34 DE
1727 390 61 35 LA
1813 391 40 35 S.
1881 393 28 33 I.
1935 393 51 34 M.

499 527 250 56 Brahms
788 534 105 49 ont
935 530 205 69 depuis
1177 531 335 74 longtemps
1549 536 94 54 été
1683 538 236 69 appelés
1957 557 107 53 par
2103 560 112 39 une
2250 544 315 74 imposante

493 606 271 70 majorité
796 607 34 54 à
857 610 249 69 prendre
1134 611 166 71 place
1333 615 146 53 dans
1507 614 52 56 le
1589 615 241 72 Temple
1862 620 100 53 des
1994 620 353 59 Immortels.
2377 628 156 62 Tchaï-

493 685 222 56 kowski
754 707 33 35 a
824 689 251 71 quelque
1103 709 115 52 peu
1255 696 155 52 cessé
1441 698 70 53 de
1540 714 148 37 nous
1717 699 305 56 émouvoir
2050 707 58 49 et
2136 703 82 54 les
2246 708 176 54 essais
2450 712 86 58 hos-

489 767 131 55 tiles
644 769 67 53 de
736 767 261 58 Richard
1016 770 253 71 Strauss,
1289 774 34 53 à
1342 774 155 57 force
1517 778 69 54 de
1608 793 71 38 ne
1699 778 125 56 rien
1846 779 121 56 dire
1989 781 459 73 d'original,sous
2466 812 98 38 une

490 847 183 58 forme
705 849 365 71 compliquée
1098 858 60 48 et
1183 851 534 73 impressionnante
1747 859 264 57 finissent
2042 880 107 54 par
2178 883 147 37 nous
2359 867 166 62 lasser
2554 898 7 33 :

490 944 72 38 en
598 947 81 35 un
716 935 145 62 mot,
900 947 148 38 nous
1084 931 345 60 cherchions
1465 955 82 37 un
1582 955 276 39 nouveau
1892 940 165 70 jouet
2094 949 60 48 et
2191 944 57 70 je
2285 948 146 54 crois
2465 971 99 50 que

490 1025 147 37 nous
668 1028 73 37 en
773 1025 186 41 avons
989 1015 215 52 trouvé
1234 1033 82 37 un
1350 1018 145 54 dans
1525 1018 57 54 la
1614 1037 287 53 personne
1935 1024 70 53 de
2039 1023 218 58 Claude
2288 1028 273 77 Debussy,

489 1107 81 36 un
611 1104 273 42 nouveau
924 1094 397 71 compositeur
1361 1096 254 73 français
1658 1100 99 70 qui
1802 1118 147 38 nous
1992 1121 285 55 occupera
2318 1113 246 66 pendant

487 1168 352 73 longtemps.
885 1193 23 28 »
2046 1189 7 5 •

601 1250 186 70 Après
829 1270 81 37 un
951 1272 249 39 examen
1242 1256 303 70 judicieux
1590 1261 100 54 des
1731 1263 322 54 tendances
2095 1265 360 73 esthétiques
2495 1275 69 55 du

487 1329 210 54 maître
736 1330 272 70 français,
1053 1353 80 37 un
1172 1339 217 67 exposé
1431 1340 70 54 de
1542 1340 280 70 quelques
1851 1344 323 56 caractères
2202 1345 263 59 saillants
2503 1355 60 55 de

485 1425 65 37 sa
592 1410 317 71 technique
951 1419 60 50 et
1059 1416 70 54 de
1171 1415 226 73 l'esprit
1441 1418 389 71 spiritualiste
1877 1425 68 52 de
1989 1442 106 38 son
2141 1442 199 40 œuvre
2384 1432 94 68 qui
2519 1433 44 57 le

486 1491 272 55 rattache
787 1491 34 54 à
851 1493 307 71 Schubert,
1190 1498 339 57 Schumann
1557 1507 58 48 et
1647 1502 245 72 Chopin,
1925 1505 76 52 M.
2034 1505 328 59 Grimshaw
2390 1521 168 59 ayant

481 1568 247 72 indiqué
758 1571 83 55 les
872 1573 148 58 liens
1055 1578 69 53 de
1159 1584 154 50 cette
1347 1580 271 71 musique
1652 1598 142 41 avec
1827 1584 83 55 les
1943 1594 411 50 mouvements
2386 1592 146 70 pictu-

486 1667 148 36 raux
684 1658 61 48 et
797 1653 317 57 littéraires
1169 1660 70 54 de
1293 1665 169 50 notre
1514 1668 213 66 temps,
1784 1681 142 38 avec
1980 1667 581 76 l'impressionnisme,

481 1730 253 57 termine
767 1733 147 57 ainsi
948 1757 11 32 :
985 1757 23 29 «
1027 1736 188 58 Toute
1248 1742 299 55 tentative
1576 1743 145 57 faite
1750 1763 148 52 pour
1928 1747 209 71 élargir
2163 1748 82 56 les
2271 1750 205 58 bornes
2502 1757 58 53 de

484 1830 21 28 «
545 1811 134 55 l'art
721 1822 89 47 est
855 1816 172 72 digne
1072 1822 68 53 de
1180 1820 280 73 louanges
1506 1844 9 33 :
1559 1843 78 38 on
1676 1846 73 35 ne
1788 1827 113 56 fait
1943 1846 113 53 que
2113 1836 137 66 trop
2310 1833 250 57 d'efforts

484 1912 21 28 «
546 1894 229 69 chaque
813 1895 151 71 jour,
1006 1917 150 53 pour
1197 1903 281 71 dégrader
1516 1904 137 59 l'art
1694 1924 136 39 sous
1869 1914 200 51 toutes
2109 1928 89 37 ses
2239 1912 228 58 formes.
2508 1916 48 54 Si

484 1990 20 30 «
545 1973 250 58 cultiver
843 1984 169 50 notre
1062 1987 92 48 art
1201 1998 145 39 avec
1393 1985 344 70 sensibilité,
1788 1988 269 56 subtilité
2081 1997 60 48 et
2182 1990 376 74 raffinement,

484 2073 21 28 «
545 2060 89 49 est
669 2074 112 38 une
815 2077 214 52 erreur,
1064 2079 147 38 nous
1244 2079 271 55 pouvons
1549 2070 385 69 assurément,
1970 2091 73 35 en
2076 2072 127 56 face
2240 2076 97 53 des
2371 2076 156 55 bruta-

481 2152 23 30 «
541 2134 136 56 lités
716 2138 99 68 qui
857 2157 60 38 se
955 2144 353 69 perpétuent
1346 2152 138 66 trop
1523 2157 251 48 souvent
1807 2168 137 37 sous
1968 2152 52 56 le
2050 2161 245 49 couvert
2325 2166 67 45 de
2415 2157 141 70 l'art,

481 2233 22 28 «
542 2219 334 65 pardonner
902 2220 33 54 à
959 2239 62 38 ce
1045 2241 274 39 nouveau
1345 2229 303 69 coupable,
1674 2236 77 63 et,
1779 2250 74 36 en
1873 2238 136 50 tous
2028 2250 117 50 cas,
2164 2250 148 39 nous
2330 2236 228 57 efforcer

479 2316 21 29 «
542 2295 357 61 d'accueillir
937 2319 89 39 ses
1067 2304 356 71 aspirations
1464 2316 59 48 et
1563 2327 89 38 ses
1693 2312 205 56 efforts
1939 2332 144 38 avec
2119 2314 381 77 intelligence.
2541 2340 18 28 »

592 2378 77 53 M.
716 2379 330 59 Grimshaw
1087 2403 33 36 a
1161 2387 182 54 traité
1383 2391 57 52 la
1483 2392 276 68 question
1798 2393 121 56 fort
1961 2396 434 71 agréablement
2436 2417 122 37 sous

477 2455 56 56 la
567 2458 186 57 forme
791 2462 142 57 d'un
968 2464 308 73 plaidoyer
1310 2488 74 37 en
1418 2469 207 57 faveur
1665 2474 68 55 de
1766 2474 361 57 l'ouverture
2165 2478 258 74 d'esprit.
2492 2481 66 53 Sa

477 2538 341 58 conférence
865 2549 89 49 est
1002 2545 138 56 celle
1189 2565 113 53 que
1354 2551 306 57 devraient
1707 2556 252 69 pouvoir
2011 2557 148 55 faire
2221 2567 138 48 tous
2423 2577 135 38 ceux

480 2619 37 53 d
540 2627 163 48 entre
744 2623 81 53 les
868 2625 376 73 debussystes
1285 2631 192 54 avisés
1517 2634 120 69 qui,
1670 2653 136 39 sans
1832 2637 323 56 s'attacher
2194 2642 362 55 étroitement

472 2700 35 52 à
533 2699 57 56 la
621 2699 179 57 lettre
824 2707 71 53 de
926 2705 265 72 l'œuvre,
1223 2727 72 38 en
1318 2712 252 71 goûtent
1596 2714 201 73 plutôt
1824 2717 231 75 l'esprit
2085 2723 59 51 et
2164 2722 61 56 la
2243 2719 312 60 sensibilité

474 2785 58 49 et
576 2783 239 56 veulent
857 2805 72 38 en
970 2806 281 54 proposer
1290 2791 329 61 l'affection
1660 2815 119 37 aux
1820 2799 315 59 musiciens
2178 2803 99 73 qui
2321 2821 71 38 ne
2433 2807 122 50 sont

475 2878 108 54 pas
625 2882 23 29 «
693 2866 79 54 du
815 2869 210 55 métier
1067 2891 40 33 ».

589 2943 41 53 C
654 2952 89 47 est
772 2965 77 36 au
879 2951 289 55 contraire
1196 2953 198 70 plutôt
1425 2975 118 35 aux
1572 2977 22 29 «
1620 2977 140 52 gens
1792 2963 77 54 du
1897 2963 208 55 métier
2135 2986 21 29 »
2184 2985 112 52 que
2325 2966 202 54 s'adres-

475 3022 115 54 sait
622 3026 92 53 M.
748 3027 187 56 M.-G.
974 3031 309 55 Whittaker
1286 3079 14 23 ,
1336 3034 33 54 à
1401 3036 327 59 Newcastle
1759 3060 77 37 ou
1868 3042 182 71 Tyne,
2083 3045 52 55 le
2166 3062 74 54 30
2255 3046 117 56 mai
2404 3043 147 73 1908,

476 3103 144 55 dans
684 3125 65 36 sa
806 3112 341 56 conférence
1211 3114 276 58 intitulée
1540 3140 10 33 :

475 3180 261 77 Debussy
775 3189 16 66 {
795 3192 75 65 1).
909 3192 78 53 M.
1026 3193 178 55 M.-G.
1238 3196 354 72 Whittaker,
1632 3203 294 70 organiste
1958 3205 297 73 distingué
2291 3215 57 48 et
2391 3205 132 57 musi-

474 3264 125 57 cien
635 3285 242 40 curieux
914 3282 38 45 d
976 3278 343 68 apprendre,
1343 3285 88 48 est
1467 3297 82 38 un
1583 3291 266 63 exemple
1887 3287 70 53 de
1991 3286 59 54 la
2085 3286 469 74 compréhension

477 3362 36 36 a
575 3347 250 73 laquelle
881 3360 144 63 peut
1084 3356 295 57 atteindre
1436 3377 83 40 un
1573 3363 184 71 esprit
1821 3367 197 53 nourri
2086 3370 320 54 seulement
2464 3368 90 54 des

474 3427 237 56 maîtres
758 3432 335 72 classiques,
1143 3437 150 55 mais
1340 3440 99 69 qui
1491 3450 241 48 consent
1782 3446 34 53 à
1862 3447 321 57 s'a/ttacher
2229 3467 134 37 sans
2409 3445 141 76 parti

471 3506 121 71 pris
634 3508 34 53 à
706 3509 220 59 l'étude
968 3517 99 53 des
1109 3534 229 40 œuvres
1379 3522 316 56 nouvelles.

588 3631 37 50 (i
639 3633 11 47 )
683 3631 130 42 Cette
842 3636 263 42 conférence
1135 3652 32 26 n
1186 3653 27 27 a
1242 3653 82 41 pas
1355 3643 72 45 été
1458 3645 194 51 publiée,
1686 3649 216 52 quelques
1934 3652 151 49 copies
2117 3653 249 41 seulement
2395 3664 55 27 en
2479 3650 74 40 ont

467 3688 73 41 été
567 3691 149 42 faites.
