2710 4089
2231 401 0 0 267

685 365 220 43 MUSIQUE
935 363 282 45 FRANÇAISE
1247 363 62 34 EN
1339 360 332 36 ANGLETERRE

258 518 90 54 On
398 515 117 55 sait
566 532 114 54 que
728 513 36 54 Y
773 511 405 73 Incovporated
1227 508 220 70 Society
1499 506 57 68 of
1604 503 334 57 Musicicins
1989 508 88 51 est
2129 521 115 38 une

150 596 338 74 compagnie
535 592 301 60 nationale
887 593 70 55 de
1004 590 315 62 musiciens
1366 586 472 73 professionnels,
1885 583 359 74 professeurs

149 697 141 60 pour
323 680 57 53 la
414 677 263 73 plupart.
715 675 168 55 Cette
916 673 218 56 société
1169 671 153 56 tient
1358 686 114 39 une
1508 667 321 56 assemblée
1865 662 269 58 annuelle
2170 682 76 37 au

149 777 160 41 cours
352 760 71 54 de
463 755 251 75 laquelle
759 774 71 37 on
875 755 223 56 entend
1141 751 99 57 des
1282 747 554 70 communications,
1881 746 99 57 des
2023 744 192 56 discus-

146 842 152 57 sions
326 845 57 51 et
413 841 100 55 des
543 836 318 57 auditions.
892 836 94 53 En
1013 840 190 63 outre,
1227 832 54 56 le
1308 847 149 56 pays
1482 835 89 50 est
1602 827 185 58 divisé
1814 847 74 37 en
1914 846 82 37 un
2022 823 225 59 certain

148 922 238 59 nombre
421 922 70 55 de
522 917 276 70 sections,
834 917 146 55 dont
1010 916 83 56 les
1126 913 292 61 membres
1448 930 60 37 se
1540 908 330 59 réunissent
1902 906 308 62 mensuelle-

148 1009 156 56 ment
339 1004 147 54 dans
517 1001 54 56 le
605 1005 197 52 centre
834 997 53 57 le
920 996 206 61 mieux
1156 993 314 75 approprié
1503 1010 150 56 pour
1684 1007 41 54 y
1753 988 107 57 lire
1893 995 58 50 et
1988 988 256 56 discuter

150 1086 93 56 des
276 1081 533 62 communications
839 1080 293 54 touchant
1174 1076 100 57 des
1306 1073 187 73 sujets
1524 1072 312 59 musicaux
1870 1091 14 48 ;
1912 1070 45 53 il
1988 1086 41 56 y
2059 1087 37 36 a
2128 1085 89 38 cer-

146 1165 185 56 taines
367 1164 69 55 de
470 1180 94 38 ces
596 1160 277 58 réunions
907 1160 78 54 où
1015 1160 53 54 le
1101 1156 201 74 public
1335 1161 90 50 est
1466 1151 229 60 convié.

253 1245 170 56 Alors
455 1263 114 53 que
597 1244 59 54 la
684 1242 137 55 liste
854 1242 100 55 des
985 1236 534 60 communications
1549 1235 176 56 faites
1754 1251 75 38 en
1861 1245 145 60 1907
2037 1231 36 53 à
2098 1228 119 55 l'ln-

148 1326 315 73 corporated
489 1344 73 37 ne
592 1329 302 67 comporte
925 1340 194 37 aucun
1146 1320 154 71 sujet
1333 1321 71 53 de
1432 1338 64 36 ce
1526 1335 193 55 genre,
1773 1331 149 38 nous
1951 1327 293 58 pouvons,

148 1414 150 51 cette
333 1407 206 66 année,
582 1423 41 54 y
654 1405 223 56 relever
911 1407 211 66 quatre
1157 1400 371 57 conférences
1560 1415 99 38 sur
1692 1395 293 70 Debussy.

253 1490 156 56 Tout
449 1487 250 58 d'abord
733 1485 139 56 celle
908 1501 113 54 que
1057 1482 69 55 fit
1162 1500 78 37 au
1273 1480 237 71 Trinity
1562 1477 141 55 Hall
1739 1477 36 52 à
1808 1475 349 64 Worcester,
2192 1470 54 56 le

148 1570 67 56 16
249 1567 113 58 mai
412 1569 165 72 1908,
625 1553 34 88 D
693 1553 34 88 1
761 1553 273 88 Ralph-H.
1070 1562 254 55 Bellairs
1354 1579 98 38 sur
1484 1560 259 68 Debussy
1776 1562 46 49 et
1853 1553 253 58 Sibelius
2140 1553 103 68 (1).

256 1651 58 56 Si
348 1651 56 71 je
433 1650 59 55 la
524 1647 222 74 signale
776 1653 139 49 tout
950 1645 267 67 d'abord,
1251 1642 144 55 c'est
1428 1658 174 54 parce
1636 1637 210 73 qu'elle
1877 1641 91 51 est
1998 1635 59 54 la
2088 1631 158 58 seule

146 1750 158 38 assez
346 1736 334 55 nettement
724 1727 214 56 hostile
983 1729 36 52 à
1061 1726 275 70 Debussy
1380 1721 216 72 auquel
1640 1721 77 53 M.
1764 1716 247 58 Bellairs
2054 1715 193 56 refuse

145 1819 194 49 toutes
378 1814 83 56 les
503 1810 254 72 qualités
802 1810 68 57 de
927 1806 257 70 solidité,
1230 1807 70 54 de
1340 1804 201 68 clarté,
1587 1804 69 54 de
1712 1799 219 57 beauté
1979 1795 144 73 qu'il
2159 1813 59 38 re-

146 1895 235 56 connaît
428 1895 36 53 à
510 1891 269 57 Sibelius.

256 1975 301 57 Certaines
602 1971 275 74 opinions
925 1971 70 55 de
1042 1974 155 51 cette
1236 1964 340 59 conférence
1609 1981 74 39 ne
1714 1964 329 66 manquent
2076 1956 171 74 point

148 2058 66 56 de
249 2056 273 74 piquant,
563 2054 216 57 celle-ci
817 2058 165 50 entre
1020 2055 198 51 autres
1259 2069 10 34 :
1310 2068 21 29 «
1369 2047 93 55 On
1495 2042 330 59 trouverait
1862 2060 115 52 peu
2016 2041 70 53 de
2121 2055 97 55 per-

145 2155 208 40 sonnes
383 2155 151 55 pour
563 2136 127 58 nier
718 2135 58 53 la
806 2134 218 56 beauté
1053 2138 60 49 et
1143 2127 381 74 l'originalité
1557 2127 79 55 du
1667 2141 33 54 3
1703 2136 21 25 e
1754 2125 383 58 mouvement
2170 2120 78 54 du

146 2219 285 71 Quatuor,
475 2218 150 57 mais
667 2234 79 38 on
787 2234 73 37 en
900 2211 334 57 trouverait
1275 2225 209 40 encore
1526 2206 191 61 moins
1759 2221 150 55 pour
1952 2204 295 56 admettre

145 2299 79 57 les
273 2298 392 75 cacophonies
717 2299 100 53 des
865 2294 148 56 trois
1062 2299 199 48 autres
1312 2291 432 59 mouvements.
1797 2305 22 30 »
1870 2285 77 53 M.
2001 2280 245 61 Bellairs

149 2381 232 74 désigne
431 2381 218 55 Claude
699 2378 274 70 Debussy
1023 2375 71 56 de
1140 2373 307 72 l'épithète
1498 2371 70 54 de
2163 2361 83 55 lui

146 2462 187 55 refuse
366 2467 139 50 tout
539 2478 133 38 sens
707 2456 335 73 mélodique
1077 2459 60 51 et
1173 2473 73 37 en
1282 2453 81 54 fin
1400 2451 70 55 de
1507 2454 235 66 compte
1777 2465 60 37 se
1875 2444 288 57 demande
2197 2441 47 55 si

146 2542 243 57 l'oeuvre
445 2544 70 53 de
567 2542 277 67 Debussy
893 2536 151 56 n'est
1098 2552 108 54 pas
1256 2536 314 70 purement
1599 2535 60 50 et
1691 2526 376 74 simplement
2116 2547 21 31 «
2167 2542 81 36 un

148 2629 195 50 retour
381 2642 77 37 au
494 2623 179 54 chaos
709 2618 258 76 primitif
1005 2616 140 56 d'où
1179 2632 149 39 nous
1366 2611 166 56 avait
1559 2610 141 57 tirés
1720 2608 220 57 l'effort
1970 2602 278 59 successif

149 2705 96 55 des
284 2704 217 72 grands
525 2703 241 61 maîtres
790 2722 38 32 ».
858 2700 71 70 Je
966 2698 174 56 laisse
1179 2698 34 52 à
1250 2696 230 55 chacun
1513 2693 53 54 le
1604 2691 131 56 soin
1775 2690 69 55 de
1883 2686 250 61 méditer
2170 2703 78 35 ou

148 2803 117 38 non
312 2785 308 55 là-dessus.

259 2868 88 55 De
371 2867 57 54 la
453 2864 341 57 conférence
820 2881 114 53 que
959 2862 68 53 fit
1053 2878 76 37 au
1148 2856 251 74 Queen's
1425 2854 181 56 Hôtel
1632 2854 35 53 à
1688 2849 207 70 LeedS,
1919 2850 52 55 le
1998 2864 69 38 21
2092 2859 159 41 mais

152 2947 161 72 1908,
343 2948 93 53 M.
468 2947 175 53 A.-E.
677 2944 334 67 Grimshaw,
1043 2959 98 37 sur
1178 2936 214 59 Claude
1429 2934 258 71 Debussy
1724 2938 47 49 et
1823 2930 75 56 les
1952 2929 295 54 tendances

148 3027 284 56 nouvelles
440 3072 13 23 ,
491 3024 54 71 je
581 3025 203 56 citerai
822 3043 64 36 ce
919 3039 246 55 passage
1201 3019 99 71 qui
1338 3016 296 70 témoigne
1678 3014 174 55 d'une
1903 3011 254 58 humour
2190 3010 58 52 et

150 3107 173 58 d'une
361 3108 375 70 intelligence
778 3105 330 72 également
1148 3100 194 56 saines
1387 3099 79 67 (2)
1518 3117 9 32 :

262 3210 22 29 «
322 3189 277 70 Debussy
637 3187 167 56 vient
844 3204 78 36 au
959 3185 122 54 bon
1119 3183 285 58 moment.
1448 3178 154 52 Pour
1641 3173 192 73 parler
1871 3171 184 65 franc,
2097 3184 151 38 nous

150 3276 216 62 autres,
411 3268 237 57 enfants
696 3269 69 55 de
808 3267 57 54 la
908 3281 247 53 nursery
1197 3258 301 68 musicale,
1542 3272 149 39 nous
1735 3249 432 62 commencions
2213 3248 35 53 à

152 3367 147 39 nous
336 3351 181 54 lasser
555 3368 83 37 un
676 3367 116 53 peu
835 3349 68 54 de
944 3362 107 38 nos
1091 3343 179 54 vieux
1310 3340 194 69 jouets
1549 3357 10 32 :
1602 3339 169 51 notre
1809 3329 439 60 enthousiasme

150 3431 149 55 était
338 3450 84 36 un
461 3448 119 54 peu
620 3429 206 73 aplati,
864 3428 46 53 il
949 3424 166 57 avait
1157 3420 206 58 besoin
1406 3420 69 54 de
1515 3415 341 57 foitifiants.
1898 3411 254 72 Wagner
2192 3413 61 51 et

270 3632 62 49 (1)
365 3630 66 41 Cf.
465 3630 89 39 The
582 3629 198 52 Journal
808 3629 43 49 of
880 3622 310 54 Incofpoyuted
1213 3620 168 51 Society
1410 3618 43 50 of
1484 3616 269 39 Musicicins.
1777 3613 119 52 June
1921 3612 124 50 1908,
2073 3621 47 42 p«
2153 3610 95 39 I8I«

270 3692 63 49 (2)
365 3691 66 41 Cf.
552 3691 112 39 Id.
665 3690 50 50 April
716 3691 115 48 1908,
855 3701 46 28 -D.
930 3697 80 40 149
1033 3687 47 38 et
1955 3681 232 43 Yorkshire
1510 3690 51 39 23
1587 3674 157 42 march
1771 3674 123 51 1908.
