2710 4089
668 374 219 43 MUSIQUE
918 372 279 44 FRANÇAISE
1230 372 61 33 EN
1322 369 331 36 ANGLETERRE

2120 369 87 44 271

242 526 142 61 Mais
418 523 53 57 le
512 522 380 70 debussysme
934 519 71 55 de
1043 518 77 55 M.
1161 517 339 54 Whittaker
1538 534 73 37 ne
1649 533 59 38 se
1762 532 249 56 propose
2048 514 172 73 point

146 620 286 63 d'opposer
465 603 59 55 la
559 601 271 71 musique
869 602 79 54 du
983 599 211 55 maître
1231 595 254 72 français
1522 614 76 37 au
1632 601 153 50 reste
1813 597 71 54 de
1901 594 318 56 l'univers:

143 714 92 38 son
289 688 139 73 goût
469 683 328 56 lentement
840 679 175 70 éclos,
1062 678 455 72 profondément
1561 675 273 58 enraciné
1877 674 342 71 désormais,

140 781 182 68 ignore
366 768 81 55 les
492 769 336 66 transports
878 761 283 57 délirants
1208 759 100 73 qui
1358 763 253 51 souvent
1660 757 370 57 dissimulent
2075 757 118 56 l'ab-

144 871 148 42 sence
332 848 172 57 d'une
540 846 179 54 étude
756 842 290 56 réfléchie.
1087 841 51 54 Il
1176 846 143 50 veut
1355 857 61 38 se
1453 839 207 56 rendre
1698 843 235 66 compte
1969 835 217 75 patiem-

146 937 143 57 ment
324 931 98 56 des
452 926 299 61 moindres
783 940 247 55 rouages
1063 924 71 55 de
1167 927 93 51 cet
1293 918 349 74 organisme,
1679 921 70 54 de
1778 936 92 38 ses
1899 918 147 57 liens
2079 933 144 40 avec

144 1021 68 53 les
240 1017 192 52 autres
461 1006 371 73 expressions
860 1003 332 69 musicales,
1227 1003 69 55 de
1326 1018 65 38 sa
1420 1001 167 71 place
1620 1002 146 54 dans
1795 1004 169 51 notre
1993 999 230 71 époque

145 1092 363 74 européenne,
543 1093 61 51 et
635 1087 146 56 c'est
817 1084 147 58 ainsi
1004 1084 144 72 qu'il
1180 1082 253 57 termine
1471 1102 10 33 :
1519 1102 22 28 «
1575 1081 201 72 Quelle
1809 1097 128 38 sera
1968 1079 58 55 la
2058 1078 166 72 place

146 1204 18 29 «
201 1178 62 55 de
300 1172 271 67 Debussy
610 1169 146 56 dans
793 1166 265 68 l'avenir,
1077 1164 45 55 il
1157 1169 89 51 est
1284 1180 207 40 encore
1527 1168 136 66 trop
1700 1162 95 53 tôt
1830 1178 150 54 pour
2017 1177 74 38 en
2129 1177 64 37 au-

148 1285 17 28 «
200 1272 176 59 gurer.
399 1252 164 55 Nous
579 1266 254 39 sommes
864 1266 207 38 encore
1100 1252 136 66 trop
1270 1261 140 39 sous
1429 1243 52 57 le
1512 1261 152 55 coup
1696 1243 71 56 de
1786 1260 107 38 nos
1912 1241 315 72 premières

149 1365 18 29 «
196 1333 369 75 impressions
600 1349 150 54 pour
781 1330 54 55 le
869 1330 166 71 juger
1067 1332 398 64 exactement,
1500 1331 60 51 et
1590 1324 45 54 il
1668 1330 89 50 est
1790 1341 208 38 encore
2030 1319 169 59 relati-

149 1445 19 29 «
202 1420 229 54 vement
468 1412 194 72 jeune.
701 1411 82 56 Le
818 1410 239 73 progrès
1094 1426 114 53 que
1247 1408 285 56 dénotent
1569 1422 90 40 ses
1698 1420 230 39 œuvres
1964 1403 263 55 récentes

150 1526 18 28 «
201 1498 104 58 fait
339 1495 191 58 naître
568 1512 74 38 en
677 1510 150 39 nous
861 1490 237 72 l'espoir
1136 1491 72 54 de
1242 1488 55 56 le
1335 1486 128 57 voir
1500 1486 139 56 aller
1674 1484 134 73 plus
1842 1483 123 56 loin
2001 1498 224 41 encore.

150 1606 18 28 «
202 1575 313 61 Devra-t-il
558 1575 122 54 être
723 1572 302 57 considéré
1070 1586 228 43 comme
1343 1587 80 37 un
1466 1566 402 68 Monteverde,
1891 1580 229 39 comme
2144 1581 83 37 un

151 1688 18 28 «
201 1662 353 64 Schumann,
583 1656 163 56 selon
770 1674 65 38 ce
861 1672 115 54 que
1000 1650 221 59 semble
1245 1650 141 57 bien
1413 1647 204 58 devoir
1640 1647 124 56 être
1790 1661 143 41 avec
1957 1644 52 56 le
2035 1650 195 64 temps

150 1768 18 28 «
201 1742 48 57 le
287 1738 192 60 destin
518 1738 70 56 de
626 1737 361 66 Schumann,
1026 1754 83 37 un
1146 1731 208 57 artiste
1392 1730 101 71 qui
1532 1727 161 57 brisa
1727 1727 83 56 les
1846 1731 275 52 entraves
2161 1724 71 55 de

151 1848 18 29 «
203 1824 51 54 la
281 1820 231 57 routine
532 1825 60 49 et
621 1817 341 73 s'insurgea,
986 1817 147 55 dans
1160 1813 53 56 le
1242 1811 230 58 dessein
1505 1812 70 55 de
1602 1808 211 56 libérer
1830 1808 83 54 les
1941 1803 291 57 écrivains

151 1929 19 28 «
203 1904 205 67 futurs,
441 1906 61 51 et
536 1901 70 56 de
642 1901 222 55 donner
893 1896 149 56 libre
1073 1911 171 41 cours
1275 1895 36 53 à
1343 1912 81 36 un
1453 1892 272 55 écrasant
1755 1892 229 52 torrent
2017 1887 72 56 de
2120 1884 83 56 fer-

151 2010 19 28 «
207 2003 134 39 veur
366 2005 13 48 ;
413 1980 337 59 faudra-t-il
781 1980 54 56 le
870 1977 330 59 considérer
1233 1992 228 39 comme
1496 1992 80 37 un
1611 1970 247 73 Chopin,
1895 1968 100 73 qui
2032 1982 167 41 cousa-

153 2089 17 29 it
206 2085 90 37 cra
336 2071 58 51 et
435 2080 242 39 ramena
719 2079 114 38 une
874 2058 187 56 forme
1105 2057 154 57 d'art
1301 2056 35 55 à
1373 2072 67 37 sa
1481 2051 329 60 sensibilité
1849 2066 230 57 propre.
2124 2047 110 55 Les

153 2170 17 29 «
206 2145 365 76 générations
596 2144 230 54 futures
854 2140 185 57 seules
1066 2141 287 70 pourront
1381 2154 76 38 en
1486 2135 250 67 décider,
1761 2131 45 54 il
1829 2135 146 68 peut
2004 2126 231 58 n'avoir

154 2252 16 27 «
205 2248 101 53 pas
350 2224 425 58 l'universalité
823 2224 144 55 d'un
1014 2217 159 57 Wolf
1255 2236 80 37 ou
1378 2217 55 55 le
1480 2216 214 56 monde
1744 2210 244 58 colossal
2035 2208 167 73 qu'en-

154 2332 18 27 «
207 2310 174 60 ferme
416 2309 52 54 le
502 2324 107 55 pas
647 2306 142 56 d'un
854 2304 240 55 Strauss
1134 2321 11 33 :
1188 2299 150 55 mais
1372 2297 387 66 assurément,
1794 2309 287 57 personne
2116 2290 117 66 n'a,

154 2413 18 28 «
207 2410 68 37 en
314 2389 152 57 aussi
510 2406 116 54 peu
667 2389 71 54 de
776 2391 216 66 temps,
1038 2381 324 72 développé
1405 2380 34 53 à
1479 2396 62 37 ce
1581 2376 171 74 point
1791 2376 83 53 les
1912 2386 325 42 ressources

154 2493 18 28 «
207 2470 412 70 harmoniques
668 2488 10 34 :
725 2484 195 38 aucun
962 2462 400 73 compositeur
1405 2461 72 55 de
1520 2462 169 51 notre
1731 2456 178 55 heure
1952 2453 98 55 n'a
2093 2448 146 58 écrit

155 2573 18 29 «
211 2555 94 55 des
336 2568 227 39 œuvres
596 2550 176 56 d'une
803 2545 154 57 aussi
985 2542 350 59 inaltérable
1362 2540 255 68 suavité,
1651 2539 174 55 d'une
1854 2533 153 56 aussi
2035 2530 204 58 infinie

154 2653 19 29 «
211 2634 352 65 délicatesse,
625 2631 175 55 d'une
860 2625 334 75 originalité
1254 2622 153 56 aussi
1470 2621 471 56 déconcertante.
2003 2613 75 56 Ce
2138 2610 100 72 qui

157 2734 17 28 «
209 2720 137 66 peut
383 2714 123 54 être
538 2711 55 55 le
629 2725 277 42 nouveau
939 2707 198 72 séjour
1171 2702 384 61 merveilleux
1590 2702 73 55 de
1697 2697 245 57 beautés
1978 2693 261 67 cachées,

157 2814 17 29 «
212 2796 140 55 dans
395 2795 54 55 le
493 2794 217 58 monde
756 2790 136 71 déjà
935 2786 368 56 miraculeux
1349 2785 70 55 de
1462 2782 58 55 la
1565 2779 289 72 musique,
1900 2773 103 59 nul
2046 2793 74 35 ne
2162 2771 81 55 l'a

157 2895 19 28 «
210 2875 203 57 éclairé
449 2890 228 38 comme
713 2871 219 56 Claude
968 2869 293 68 Debussy.
1300 2887 21 27 »

259 2958 78 56 Le
381 2953 221 58 travail
652 2954 70 56 de
771 2951 76 55 M.
898 2949 341 56 Whittaker
1286 2965 73 37 ne
1405 2942 226 58 saurait
1677 2955 289 55 manquer
2015 2932 229 60 d'avoir

159 3038 135 56 dans
337 3039 54 55 le
440 3034 205 56 milieu
695 3035 100 55 des
844 3025 495 80 professionnnels
1388 3025 225 71 anglais
1663 3040 113 38 une
1824 3017 286 75 profonde
2155 3015 59 53 in-

159 3118 208 57 fluence
395 3139 12 46 ;
454 3118 53 54 le
553 3120 108 51 ton
708 3130 177 56 grave
935 3113 271 57 d'ardeur
1249 3106 346 56 concentrée
1642 3101 101 73 qui
1791 3101 91 67 s'y
1926 3094 318 58 maintient

162 3200 132 55 d'un
329 3201 148 54 bout
520 3198 34 53 à
591 3195 234 69 l'autre,
863 3194 57 54 la
958 3193 298 66 méthode,
1307 3186 221 74 précise
1580 3190 60 51 et
1659 3179 319 72 tranquille
2021 3179 143 53 donc
2201 3175 45 52 il

158 3278 104 57 fait
287 3297 234 56 preuve,
539 3283 137 51 sont
705 3278 100 56 des
831 3276 203 55 modes
1056 3268 400 74 d'expression
1481 3261 385 74 susceptibles
1886 3261 41 55 d
1950 3256 296 95 atteindre

160 3358 74 56 les
250 3362 131 71 plus
402 3358 392 67 réfractaires,
827 3362 61 49 et
917 3356 236 69 lorsque
1184 3368 145 37 aura
1348 3350 95 53 été
1467 3346 224 56 donnée
1710 3342 57 54 la
1787 3339 247 58 seconde
2055 3336 157 55 confé-

162 3455 156 42 rence
343 3461 113 54 que
483 3442 76 52 M.
591 3438 339 54 Whittaker
955 3454 60 37 se
1040 3448 249 58 propose
1319 3431 68 54 de
1414 3428 146 55 faire
1584 3444 98 37 sur
1708 3424 218 53 Claude
1952 3419 294 70 Debussy,

225 3518 432 75 Vlncorporated
1175 3516 221 73 Society
1706 3516 57 70 of
1904 3510 316 60 fyiusiciuus
1360 3509 314 71 possédera
1717 3522 98 36 sur
1860 3519 63 37 ce
1966 3497 155 72 sujet
2167 3515 84 37 un

163 3603 206 54 travail
403 3603 147 56 dont
584 3600 59 55 la
678 3599 227 72 qualité
938 3595 180 59 serait
1155 3590 270 60 enviable
1461 3588 190 59 même
1689 3588 99 53 des
1823 3580 426 71 musicologues

164 3678 259 76 français.
