3116 4059
2941 3966 40 23 181

165 91 138 31 lächelnd
326 92 59 28 und
405 92 96 28 voller
521 92 140 35 Frieden,
682 94 70 29 dem
774 95 282 32 tausendzüngigen

164 143 78 28 Laut
263 142 76 29 nach
362 142 78 29 allen
460 141 106 30 Seiten
588 151 36 21 zu
647 153 50 20 um
720 145 63 28 sich
805 145 67 32 her;
896 144 56 29 ließ
976 144 80 28 dann

163 193 139 32 langsam
322 193 105 28 seinen
446 191 125 31 Nacken
590 196 47 27 ein
657 195 77 28 klein
755 197 101 29 wenig
876 194 178 29 hintenüber

165 242 115 34 sinken,
301 244 84 28 seine
404 242 108 34 Augen
533 252 38 20 an
593 245 70 28 dem
686 245 125 28 Anblick
834 245 99 28 dieser
954 244 85 29 schat-

164 293 303 29 tendurchwobenen
496 294 125 33 Gruppe
648 304 61 20 von
738 294 216 32 Hängebirken
981 296 56 27 wei-

165 344 89 33 dend,
276 344 49 28 die
347 343 69 29 dort
440 345 82 29 dicht
543 354 57 20 vor
622 346 62 28 ihm
705 345 89 29 stand
816 363 37 2 —
875 345 106 27 mitten
1004 345 52 27 auf

165 394 68 28 dem
250 394 119 28 kleinen
388 395 118 29 runden
522 395 96 33 Platz,
636 403 36 20 an
690 395 109 28 dessen
817 394 106 32 Rande
941 402 32 21 er
992 395 62 28 saß.

218 444 127 33 Trauer,
369 445 110 29 dachte
503 455 31 20 er
557 446 97 32 gleich
678 445 143 33 nachher,
843 445 60 28 und
927 448 129 26 entsann

162 494 68 28 sich
250 498 199 26 unvermutet
471 498 82 26 einer
577 495 126 32 Person,
727 494 47 28 die
798 503 32 19 er
854 502 57 20 vor
936 496 118 31 einigen

164 543 113 29 Jahren
292 545 29 27 in
336 546 99 28 einem
451 548 99 26 seiner
567 545 120 28 Bücher
705 544 185 32 geschildert
907 545 85 30 hatte
1002 543 52 33 ■—:

161 593 128 35 Trauer,
307 603 68 22 was
393 596 47 28 für
459 597 47 28 ein
524 595 113 29 Unsinn
656 602 66 21 war
741 594 65 34 das,
825 603 33 21 es
877 595 59 31 gab
954 595 99 30 nichts

161 647 30 27 in
218 646 53 28 der
298 646 90 34 Welt,
413 654 67 21 was
505 647 52 26 mit
583 644 97 33 Recht
708 646 58 27 den
792 644 118 29 Namen
936 646 117 29 Trauer

162 698 108 30 tragen
290 696 126 30 konnte!

218 746 50 30 Ich
291 748 136 28 entsinne
447 746 87 33 mich,
555 746 138 31 grübelte
715 754 32 20 er
767 745 189 33 gemächlich
978 748 57 28 wei-

161 799 61 27 ter:
242 798 47 28 ich
308 799 136 27 entsinne
461 796 87 34 mich,
566 798 60 27 wie
644 805 33 21 es
696 797 78 28 mich
792 797 67 33 Tag
877 798 60 28 und
955 797 98 29 Nacht

162 848 110 33 quälte,
296 847 127 33 damals,
444 847 43 28 als
508 846 49 29 ich
579 855 62 20 von
665 846 117 30 diesem
804 846 96 30 Mann
922 847 131 35 schrieb,

162 898 110 29 dessen
301 906 114 24 ganzes
444 897 210 30 Lebenswerk
686 898 59 28 ihm
776 899 41 27 im
854 898 97 29 Laufe
989 907 63 20 von

160 948 141 32 wenigen
321 947 138 29 Minuten
478 948 93 32 völlig
590 948 61 28 und
669 948 159 30 unrettbar
849 950 61 28 und
931 949 47 29 für
998 951 37 27 im-

161 1007 64 20 mer
254 998 156 29 zwischen
443 999 58 28 den
531 998 130 29 Händen
691 1000 358 32 zusammengebrochen

159 1055 66 22 war
245 1067 37 3 —
302 1050 60 27 wie
383 1049 198 29 abscheulich
602 1058 32 21 es
658 1050 78 29 mich
759 1052 142 32 peinigte,
924 1051 57 28 daß
1003 1051 48 29 ich

158 1099 166 32 gleichsam
345 1100 82 27 nicht
448 1101 29 26 in
498 1100 48 30 die
565 1099 93 30 Stelle
679 1101 229 33 hineindringen
929 1101 122 34 konnte,

159 1150 106 28 woher
284 1149 56 31 das
359 1152 167 30 entsprang
542 1169 38 3 —
597 1159 68 21 was
684 1152 47 29 ich
751 1153 56 27 mir
827 1152 117 29 damals
963 1154 89 27 unter

156 1199 118 29 Trauer
296 1201 172 29 vorstellte!

214 1250 85 29 Denn
327 1252 47 28 ich
400 1251 125 33 glaubte
553 1253 28 31 ja
609 1253 70 29 steif
715 1254 59 27 und
811 1253 58 29 fest
905 1262 50 21 —:
994 1254 57 28 daß

155 1301 119 30 Trauer
299 1310 174 25 sozusagen
498 1304 47 28 ein
568 1311 79 25 ganz
672 1303 191 30 bestimmtes
887 1304 84 28 Land
997 1306 54 32 sei,

157 1354 47 26 ein
227 1352 146 35 fremdes,
397 1355 47 27 ein
468 1354 162 29 seltsames
654 1355 60 28 und
739 1354 193 33 ungeheures
955 1355 96 33 Land,

155 1402 104 30 wohin
289 1412 69 20 man
387 1406 88 26 unter
503 1405 157 31 gewissen
687 1404 192 30 Umständen
909 1406 141 32 plötzlich

155 1456 141 26 versetzt
312 1455 127 28 werden
453 1454 101 30 könne
573 1455 59 28 und
648 1463 62 21 von
727 1463 51 21 wo
796 1465 32 19 es
844 1455 110 29 keinen
973 1456 59 30 Aus-

156 1512 82 25 gang
259 1505 73 31 gab!
358 1505 93 33 Oder,
472 1514 91 20 wenn
587 1514 70 20 man
679 1506 71 34 will,
773 1507 66 28 eine
864 1507 55 29 Art
941 1508 90 31 mysti-

156 1555 90 29 sches
263 1554 185 31 Schwarzes
463 1555 87 30 Meer
566 1575 38 2 —
618 1565 50 20 wo
684 1557 54 28 der
754 1557 91 28 Wind
861 1557 107 29 weder
985 1557 66 33 Tag

154 1606 79 28 noch
249 1605 99 31 Nacht
363 1608 86 27 einen
467 1606 116 29 andern
599 1607 66 28 Ton
681 1608 93 33 hatte,
792 1608 43 29 als
853 1608 57 29 den
928 1608 122 29 Schrei:

155 1663 51 20 wo
232 1655 48 29 die
307 1655 118 30 Wellen
452 1656 64 29 sich
543 1656 221 35 unaufhörlich,
791 1657 80 34 lang,
898 1658 151 33 schwarz,

153 1714 148 23 grausam
324 1706 61 29 und
411 1708 54 28 mit
488 1707 121 29 weißen
632 1707 149 32 Kämmen
807 1708 241 34 dahinwälzten;

155 1764 52 21 wo
233 1758 66 28 eine
327 1758 209 29 schäumende
562 1757 169 34 Brandung
769 1759 61 28 und
867 1768 52 20 wo
956 1759 76 30 unbe-

155 1808 190 29 rechenbare
364 1808 215 29 Unterströme
600 1810 108 28 immer
730 1809 58 30 den
809 1809 240 33 Unglücklichen

153 1866 63 20 von
234 1865 111 23 neuem
363 1858 220 35 hinausrissen,
602 1860 40 28 im
661 1860 106 29 selben
785 1860 56 34 Nu,
860 1869 51 20 wo
932 1870 32 19 er
985 1862 63 28 sich

154 1911 135 29 gerettet
305 1910 137 32 glaubte;
463 1910 62 29 und
541 1918 52 21 wo
613 1919 93 24 sogar
724 1911 48 29 die
790 1910 97 33 Vögel
907 1911 142 31 dasselbe

154 1960 276 29 unveränderliche
447 1960 140 29 Gewand
603 1969 62 20 von
682 1963 132 31 ewigem
827 1961 222 32 Kohlschwarz

154 2010 119 29 hatten!

211 2065 89 31 Nicht
316 2069 98 34 wahr,
430 2077 35 21 so
483 2069 149 33 ungefähr
651 2070 99 29 stellte
766 2070 48 30 ich
833 2071 57 28 mir
908 2070 56 30 das
981 2079 68 26 vor,

155 2126 70 21 was
249 2127 71 20 man
348 2121 88 28 unter
465 2120 70 29 dem
571 2119 118 34 Begriff
727 2120 117 30 Trauer
882 2122 167 29 verstehen

155 2170 103 28 müsse
278 2178 49 20 —:
352 2171 46 28 ein
419 2171 228 34 grenzenloses,
670 2172 48 28 ein
739 2171 227 31 überirdisches
988 2173 41 28 Ge-

154 2219 108 30 nießen
284 2239 36 3 —
346 2229 93 21 wenn
463 2222 78 28 auch
566 2222 84 29 seine
674 2222 100 29 Farbe
799 2223 142 29 schwarz
966 2223 80 29 war!

155 2271 66 28 eine
244 2270 74 30 alles
341 2272 115 29 andere
477 2272 232 30 übertäubende
732 2272 147 33 Seligkeit
898 2291 38 4 —
955 2282 93 21 wenn

154 2323 45 27 sie
227 2322 78 28 auch
335 2323 238 33 unbarmherzig
600 2323 90 33 jeden
717 2324 174 35 verzehrte,
922 2324 53 30 der
1004 2327 44 27 sie

152 2371 123 30 kennen
304 2373 111 29 lernte!
448 2375 48 27 ein
527 2373 204 31 ekstatisches
763 2374 98 30 Glück
889 2394 38 3 —
957 2383 91 21 wenn

155 2422 78 30 auch
259 2424 53 28 mit
337 2423 69 29 dem
432 2425 275 29 starrmachenden
733 2425 113 30 Antlitz
872 2428 82 27 einer
981 2425 46 30 Me-

155 2473 77 29 dusa
248 2497 6 5 .
270 2497 6 5 .
292 2497 7 5 .
315 2474 74 29 aber
407 2483 34 21 es
456 2483 67 21 war
540 2477 56 27 mir
615 2475 51 29 auf
680 2476 91 29 keine
786 2476 105 29 Weise
907 2477 142 34 möglich,

154 2524 65 29 dies
235 2525 324 29 niederzuschreiben!
578 2535 33 20 es
627 2526 110 30 wurde
752 2526 221 35 fortwährend,
989 2528 60 29 wie

154 2575 48 28 ich
219 2583 33 21 es
270 2576 78 28 auch
367 2577 108 28 drehte
494 2577 60 28 und
574 2577 153 34 wendete,
746 2586 37 20 zu
805 2579 99 27 einem
923 2586 35 21 so
978 2586 54 22 son-

155 2625 155 30 derlichen
329 2625 217 36 Mischmasch,
565 2628 105 29 schien
690 2637 32 20 es
741 2629 56 28 mir
817 2629 107 28 immer
941 2637 51 20 —:
1012 2637 37 21 zu

156 2677 98 28 einem
276 2676 217 34 unablässigen
513 2677 167 30 Auffahren
701 2680 28 26 in
752 2678 89 34 Zorn,
862 2681 40 27 im
924 2678 76 35 Haß,
1019 2681 30 28 in

156 2725 182 36 Sehnsucht,
367 2729 60 27 und
456 2728 97 33 gleich
584 2728 110 30 darauf
720 2738 39 20 zu
796 2730 100 29 einem
934 2730 115 29 ebenso

156 2777 90 30 jähen
266 2778 61 28 und
349 2778 93 30 tiefen
463 2778 160 35 Hinfallen,
645 2780 107 29 beides
773 2781 54 29 mit
849 2780 108 30 immer
978 2782 54 31 grö-

156 2826 88 30 ßerer
267 2827 255 32 Gewaltsamkeit
543 2830 219 30 abwechselnd
784 2831 62 28 und
867 2832 54 28 mit
940 2833 109 27 immer

158 2878 143 29 steileren
320 2878 238 35 Uebergängen!
578 2889 59 20 vor
655 2881 88 29 allem
762 2881 75 30 aber
856 2883 67 28 eine
943 2882 87 29 wahn-

156 2928 135 33 witzige,
321 2930 210 29 entnervende
569 2932 60 27 und
669 2932 380 34 kraftverschwendende,

157 2980 67 27 eine
247 2979 162 34 qualvolle,
431 2980 86 29 mehr
540 2981 61 29 und
625 2982 85 28 mehr
734 2983 201 29 zerstörende
959 2982 72 34 Rast-

156 3029 142 33 losigkeit
317 3048 38 4 —
374 3031 90 29 kurz:
487 3032 68 28 eine
576 3031 117 30 Marter
714 3033 138 29 schlecht
873 3034 61 28 und
954 3034 95 34 recht,

157 3079 73 30 aber
268 3081 197 32 keineswegs
503 3083 68 30 jene
612 3082 74 29 süße
726 3083 62 28 und
826 3084 223 32 todbringende

157 3129 88 36 Qual,
264 3133 61 27 wie
345 3132 47 29 ich
413 3133 44 28 sie
477 3134 57 27 mir
552 3134 43 27 im
613 3141 116 22 voraus
748 3134 181 32 vorgestellt
950 3135 97 29 hatte!

212 3180 68 30 Und
301 3184 59 27 wie
383 3191 71 25 mag
474 3183 66 29 dies
561 3191 60 21 nun
642 3184 87 29 sein?

212 3231 92 30 Hatte
322 3233 47 29 ich
386 3232 147 35 Unrecht,
548 3236 58 26 mir
624 3234 48 30 die
689 3234 117 30 Trauer
825 3243 35 21 so
877 3236 155 29 vorzustel-

156 3281 48 28 len
229 3300 38 4 —
294 3284 58 27 und
380 3292 68 21 war
475 3293 33 20 es
537 3285 65 28 also
638 3285 117 34 richtig,
794 3286 64 33 das,
895 3294 68 20 was
999 3287 48 29 ich

157 3332 144 29 schrieb?
324 3356 9 6 .
350 3356 10 7 ,
377 3357 8 6 .

214 3382 39 28 Er
274 3385 93 28 strich
388 3384 65 30 sich
473 3386 139 31 langsam
634 3387 63 27 ein-
716 3387 75 28 oder
813 3388 140 28 zweimal
974 3388 75 29 über

160 3431 47 29 die
232 3431 95 35 Stirn;
352 3434 59 30 ließ
434 3435 111 29 darauf
568 3436 48 29 die
639 3435 89 30 Hand
753 3438 53 28 mit
832 3439 97 27 einem
954 3438 94 29 leisen

159 3481 113 33 Schlag
296 3485 116 29 wieder
437 3486 212 33 niederfallen;
677 3486 111 30 dachte
814 3488 86 28 einen
927 3488 102 32 Augen-

160 3532 80 29 blick
263 3533 104 34 daran,
390 3536 63 28 sich
478 3537 66 28 eine
569 3536 153 33 Zigarette
748 3539 208 33 anzuzünden,
979 3547 54 20 ver-

160 3582 59 32 gaß
239 3591 33 21 es
291 3584 87 28 indes
396 3586 134 32 sogleich
550 3587 127 30 wieder.

217 3633 49 29 Ich
292 3635 138 28 entsinne
454 3636 79 29 mich
559 3638 78 28 auch
663 3638 78 29 noch
767 3639 70 28 sehr
861 3639 92 34 wohl,
979 3641 54 30 grü-

162 3683 80 29 belte
266 3692 33 20 er
325 3685 98 31 gleich
448 3685 108 29 darauf
578 3695 62 21 von
666 3696 124 21 neuem:
839 3688 48 29 ich
913 3691 137 27 entsinne

157 3734 92 34 mich,
264 3735 61 28 wie
343 3735 56 28 mir
416 3734 109 31 höchst
541 3737 137 30 schlecht
694 3741 124 27 zumute
835 3747 66 20 war
920 3739 48 29 bei
988 3740 48 29 die-

162 3791 64 21 sem
242 3792 117 24 ganzen
376 3784 117 30 Passus
508 3786 28 28 in
552 3788 129 28 meinem
696 3788 128 33 Roman.
841 3789 50 28 Ich
906 3789 44 30 las
967 3790 84 29 diese

161 3831 94 32 Stelle
273 3836 117 28 wieder
408 3835 62 29 und
487 3836 116 29 wieder
622 3838 104 35 durch,
745 3839 55 28 ehe
818 3839 48 29 ich
884 3840 44 27 sie
945 3841 29 26 in
992 3840 59 29 den

162 3883 103 30 Druck
280 3886 68 33 gab,
366 3886 77 28 noch
460 3886 50 28 bei
527 3886 54 28 der
598 3886 166 32 Korrektur
782 3891 55 27 mit
853 3889 198 30 unbestimm-

1133 97 52 27 teil
1209 95 60 28 und
1293 96 251 30 entschlossenen
1567 97 124 35 Plänen,
1714 100 44 27 sie
1783 107 79 24 ganz
1884 100 61 28 und
1969 109 55 23 gar

1134 144 116 29 ändern
1269 153 38 20 zu
1326 146 112 29 wollen
1455 165 39 4 —
1512 148 73 28 aber
1604 148 79 30 doch
1702 149 78 29 ohne
1799 150 106 31 jemals
1926 153 98 26 etwas

1131 195 131 30 anderes
1282 197 224 34 auszurichten,
1526 199 43 28 als
1589 198 63 30 hier
1674 200 59 28 und
1753 200 37 28 da
1810 200 98 29 kleine
1928 200 80 29 Feile-

1133 245 92 28 reien.
1265 244 75 35 Nun,
1362 246 59 29 und
1443 247 44 30 als
1509 247 81 29 dann
1611 249 54 29 das
1686 248 85 29 Buch
1794 249 148 34 erschien,
1964 250 61 28 und

1133 294 46 28 ich
1206 298 141 32 wartete,
1375 297 58 28 daß
1458 298 141 29 Freunde
1625 299 59 28 und
1714 299 78 30 auch
1816 299 131 32 Kritiker
1976 301 47 28 die

1133 345 104 29 Geißel
1253 346 116 33 tüchtig
1385 350 110 26 tanzen
1511 349 102 29 lassen
1630 350 129 29 würden
1775 369 37 2 —
1827 350 40 28 da
1883 358 67 21 war
1968 350 55 29 das

1133 396 127 34 einzige,
1284 405 68 21 was
1376 398 90 29 ihnen
1490 400 29 27 in
1545 400 70 28 dem
1639 400 96 29 Werk
1761 401 138 29 wirklich
1924 401 98 33 gefiel,

1133 445 54 30 das
1213 448 125 32 einzige,
1364 456 66 21 was
1455 449 90 29 ihnen
1568 450 139 30 wirklich
1731 454 53 29 gut
1810 452 138 28 erschien
1971 461 49 19 —:

1132 496 55 29 das
1211 505 106 20 waren
1340 499 114 31 gerade
1478 499 83 30 diese
1583 499 118 35 Seiten;
1725 503 37 31 ja,
1787 504 108 30 sagten
1917 503 44 28 sie
1985 511 37 20 zu

1132 548 69 27 mir:
1224 548 38 28 da
1282 548 84 30 hätte
1387 549 46 28 ich
1455 551 29 27 in
1503 550 160 30 Wahrheit
1682 551 118 30 Trauer
1822 553 198 32 geschildert;

1132 597 39 28 da
1197 597 84 29 hätte
1309 599 47 27 ich
1383 601 53 27 mit
1463 600 150 32 kundiger
1640 601 88 29 Hand
1757 602 45 30 bis
1830 611 53 20 zur
1909 604 114 28 letzten

1130 647 89 29 Fiber
1235 650 46 26 ein
1295 648 246 31 Menschenherz
1557 651 134 29 entblößt
1707 652 61 28 und
1783 661 55 20 uns
1854 653 94 28 sehen
1963 654 45 28 las-

1131 706 63 25 sen,
1214 707 67 20 was
1300 699 116 29 Trauer
1437 701 161 31 eigentlich
1615 702 50 27 ist!
1687 725 6 6 .
1712 725 5 5 .
1738 725 5 5 .

1186 748 39 29 Er
1246 748 94 31 fühlte
1362 750 65 28 sich
1449 750 52 28 auf
1521 751 108 28 einmal
1651 753 125 30 gereizt.

1187 806 40 29 Es
1246 815 66 20 war
1333 807 61 29 ihm
1415 808 142 32 plötzlich
1576 809 208 30 vollkommen
1804 811 65 28 klar
1889 830 37 2 —
1944 813 78 28 ohne

1130 856 58 30 daß
1207 866 31 20 er
1256 858 95 29 selbst
1369 858 77 29 noch
1465 859 86 28 recht
1569 859 112 34 wußte,
1698 868 182 25 weswegen
1895 870 49 20 —:
1963 863 59 28 daß

1130 915 33 21 es
1188 909 29 31 ja
1244 908 306 31 selbstverständlich
1576 919 80 23 ganz
1681 911 62 28 und
1767 919 55 24 gar
1850 912 172 29 zutreffend

1129 966 76 26 war,
1222 967 67 21 was
1309 968 31 20 er
1359 960 117 29 damals
1495 960 111 30 dunkel
1624 961 184 32 empfunden
1826 962 92 29 hatte.
1955 962 67 29 Daß

1129 1010 85 29 diese
1230 1009 170 30 Menschen
1416 1019 80 24 ganz
1513 1011 119 29 einfach
1648 1020 55 24 gar
1719 1011 83 30 nicht
1818 1013 122 33 ahnten,
1954 1021 68 21 was

1129 1060 118 29 Trauer
1266 1061 79 28 war!
1369 1060 275 34 Naturnotwendig
1666 1063 94 28 nicht!
1784 1063 100 28 Wenn
1905 1063 117 30 Trauer

1129 1111 139 29 wirklich
1293 1112 99 29 nichts
1418 1114 108 27 weiter
1552 1113 75 29 oder
1653 1113 83 29 nicht
1762 1113 86 29 mehr
1874 1122 76 26 war,
1978 1115 43 28 als

1128 1170 69 21 was
1223 1171 32 20 er
1281 1162 102 29 davon
1408 1164 27 27 in
1462 1164 99 31 jenem
1587 1163 86 29 Buch
1700 1164 116 29 erzählt
1841 1165 94 33 hatte,
1961 1165 60 28 und

1128 1221 91 20 wozu
1237 1213 54 29 der
1309 1216 81 27 erste
1404 1213 87 30 beste
1507 1215 28 31 ja
1552 1214 74 29 oder
1643 1215 68 28 nein
1726 1223 97 24 sagen
1838 1216 113 28 konnte
1968 1238 6 6 .
1991 1239 6 7 .
2015 1239 6 5 .

1128 1271 67 21 was
1212 1272 68 20 war
1299 1263 79 29 dann
1398 1264 56 29 das
1473 1264 142 30 Ganze?!
1635 1264 84 35 Nein,
1738 1267 49 27 nie
1804 1266 61 28 und
1884 1268 137 32 nimmer,

1129 1314 55 29 das
1206 1314 93 29 fehlte
1321 1315 78 28 auch
1420 1315 92 29 noch!
1536 1314 85 35 Nein,
1645 1316 65 34 das,
1731 1324 68 21 was
1822 1317 60 28 ihm
1903 1317 117 28 damals

1128 1366 39 26 im
1185 1364 98 33 Wege
1302 1365 99 34 stand,
1418 1366 57 29 das
1493 1374 66 21 war
1577 1374 99 24 genau
1695 1367 142 29 dasselbe
1854 1368 60 28 wie
1933 1368 85 31 jetzt:

1128 1424 41 20 er
1204 1415 144 29 selbst
1387 1416 141 30 wußte
1570 1417 128 34 nicht,
1731 1426 68 20 was
1823 1426 33 21 es
1882 1425 77 27 war,
1983 1427 37 20 zu

1128 1466 137 28 trauern!
1285 1466 69 29 Und
1371 1468 60 28 wie
1449 1467 122 29 mochte
1592 1477 32 19 es
1643 1468 82 28 wohl
1743 1468 148 34 zugehen,
1910 1468 58 29 daß
1989 1478 31 20 er

1128 1517 55 29 das
1206 1517 82 29 nicht
1310 1517 125 30 wußte?
1460 1517 47 35 Ja,
1529 1518 54 29 der
1607 1519 105 28 Grund
1734 1527 67 21 war
1823 1542 62 6 ...
1909 1528 34 20 so
1968 1520 35 28 ab-

1126 1568 155 29 scheulich
1302 1568 60 29 und
1378 1568 298 30 lachenerweckend
1696 1578 33 21 es
1750 1570 78 29 auch
1846 1569 101 35 klang,
1966 1571 55 28 der

1125 1618 105 29 Grund
1250 1627 67 21 war
1338 1619 67 29 der:
1429 1619 57 29 daß
1507 1620 115 32 gerade
1643 1620 55 29 alle
1720 1621 47 28 die
1788 1621 162 28 andern
1970 1621 50 29 ihn

1128 1668 96 28 daran
1245 1668 169 35 hinderten,
1436 1672 125 26 trauern
1583 1678 39 20 zu
1643 1669 134 29 können!
1801 1670 75 33 Ach,
1898 1679 33 20 es
1953 1679 67 20 war

1128 1719 55 29 das
1201 1718 200 33 Bürgerliche
1418 1721 30 27 in
1465 1721 117 28 seinem
1600 1720 131 34 Herzen,
1750 1730 33 20 es
1801 1729 66 21 war
1885 1721 55 29 das
1959 1721 41 29 Ge-

1127 1771 100 28 meine
1248 1771 28 27 in
1297 1771 116 28 seinem
1433 1769 74 30 Sinn
1527 1789 39 3 —
1585 1771 58 28 daß
1665 1780 31 20 er
1719 1771 63 29 sich
1805 1773 48 28 nie
1876 1771 142 30 ernstlich

1126 1829 57 19 vor
1211 1820 78 29 allen
1315 1821 106 29 diesen
1448 1821 251 34 Gleichgültigen,
1727 1822 105 29 diesen
1858 1822 161 34 Fremden,

1126 1870 38 29 all
1187 1870 105 30 diesen
1315 1871 124 29 Andern
1462 1881 37 19 zu
1522 1872 213 29 verschließen
1759 1873 192 29 vermochte!
1978 1872 40 30 Es

1126 1929 67 21 war
1214 1922 65 28 sein
1299 1922 210 32 zerspaltenes
1530 1922 59 34 Ich,
1611 1923 55 29 das
1687 1923 60 28 ihm
1768 1924 82 28 nicht
1872 1923 146 32 erlaubte,

1126 1972 111 29 restlos
1253 1972 49 29 bei
1319 1972 53 29 der
1388 1972 94 30 Einen
1497 1975 31 27 in
1545 1973 54 29 der
1617 1973 83 29 Welt
1717 1982 38 20 zu
1772 1973 130 35 bleiben,
1919 1973 49 30 die
1986 1982 31 20 er

1124 2022 93 30 liebte
1240 2023 61 28 und
1324 2023 48 30 die
1395 2023 51 29 ihn
1468 2023 92 30 liebte
1581 2043 39 3 —
1641 2024 55 29 das
1719 2024 64 29 sich
1808 2024 73 29 aber
1905 2024 54 30 tief
1980 2025 38 28 da

1126 2073 128 29 drinnen
1279 2075 107 28 immer
1412 2083 38 20 an
1476 2074 60 29 den
1561 2074 169 29 Gedanken
1756 2083 37 20 an
1818 2075 48 28 die
1891 2075 110 33 bürger-

1124 2124 78 30 liche
1221 2124 213 35 Gesellschaft,
1452 2125 58 29 den
1528 2124 118 30 Nutzen
1665 2126 60 28 und
1743 2125 48 29 die
1808 2125 97 32 Kunst
1922 2126 78 29 klam-

1126 2177 106 32 merte,
1256 2175 306 30 selbstverständlich
1587 2176 73 29 alles
1684 2185 55 19 nur
1763 2177 54 28 mit
1839 2176 70 28 dem
1931 2178 86 28 einen

1126 2227 139 31 einzigen
1292 2226 60 28 und
1380 2226 158 29 häßlichen
1568 2225 126 30 Zweck:
1725 2227 96 29 selbst
1848 2236 39 19 zu
1914 2227 101 29 leben!

1124 2276 98 34 Haha,
1241 2277 38 33 ja,
1297 2277 74 28 das
1399 2285 67 20 war
1485 2277 61 28 ihm
1564 2277 81 29 nicht
1662 2285 74 20 vom
1752 2277 105 29 Leben
1874 2277 144 30 beschert

1124 2326 139 35 worden,
1282 2327 101 30 dieses
1402 2326 199 35 Rätselhafte,
1622 2327 114 30 Größte
1755 2336 61 20 von
1836 2328 97 34 allem,
1953 2328 65 29 dies

1124 2377 299 33 Unaussprechliche
1456 2378 61 28 und
1552 2377 191 34 Allergrößte
1775 2387 49 21 —:
1859 2379 55 29 das
1947 2377 54 30 Hei-

1126 2429 167 29 matsrecht
1307 2430 29 27 in
1352 2430 99 30 jenem
1466 2428 139 30 fremden
1622 2430 61 28 und
1700 2430 197 32 ungeheuren
1912 2430 106 28 Lande

1126 2488 38 19 zu
1187 2479 109 34 haben,
1321 2487 51 20 wo
1396 2479 48 30 die
1469 2479 117 29 Trauer
1611 2488 38 20 zu
1674 2479 104 30 Hause
1803 2481 50 28 ist!
1881 2480 28 29 in
1933 2481 84 31 jener

1125 2530 183 32 grenzenlos
1331 2532 146 31 strengen
1502 2530 60 28 und
1586 2530 197 30 strahlenden
1806 2530 109 35 Stätte,
1939 2531 79 28 noch

1125 2581 86 29 mehr
1239 2580 212 33 purpurschön
1478 2581 61 29 und
1566 2582 245 33 nachtschwarz,
1840 2582 43 29 als
1911 2582 106 32 irgend

1127 2633 99 28 etwas
1249 2632 132 29 anderes
1404 2650 39 4 —
1465 2632 49 30 die
1539 2640 37 20 zu
1602 2632 153 30 schildern
1779 2641 32 21 er
1836 2641 35 21 so
1897 2632 43 30 oft
1964 2641 36 24 ge-

1123 2683 114 29 träumt
1263 2683 93 33 hatte,
1392 2683 117 29 damals
1536 2684 29 27 in
1592 2684 100 30 jenem
1718 2683 213 35 Jugendbuch,
1957 2683 60 29 und

1126 2732 78 29 auch
1235 2740 35 21 so
1299 2732 80 29 viele
1409 2731 82 30 Male
1521 2733 117 31 später!
1681 2732 84 35 Nein,
1797 2733 47 29 für
1875 2733 50 30 ihn
1956 2733 62 33 galt

1127 2781 163 35 durchaus,
1313 2782 58 29 daß
1394 2782 61 29 ihm
1477 2782 47 29 die
1546 2782 159 33 Fähigkeit
1724 2782 94 30 fehlte
1839 2792 38 19 zu
1902 2783 116 29 diesem

1126 2831 174 31 Seltensten
1331 2833 61 29 und
1420 2832 160 33 Adligsten
1609 2841 63 20 von
1703 2833 99 34 allem,
1832 2843 37 19 zu
1901 2834 117 29 diesem

1126 2883 191 33 unbeugsam
1347 2883 214 34 Strömenden,
1593 2883 55 29 das
1679 2892 54 20 aus
1773 2885 132 34 eigener,
1944 2884 74 29 alles

1125 2933 285 33 überwältigenden
1429 2933 87 32 Kraft
1535 2934 231 32 geheimnisvoll
1784 2935 73 29 alles
1876 2935 142 29 vernich-

1126 2984 61 28 und
1215 2984 73 30 alles
1315 2985 230 32 hervorbringt!
1577 2984 121 30 Gerade
1728 2985 64 34 das,
1819 2993 116 21 wovon
1964 2986 54 29 der

1126 3034 68 30 Alte
1225 3035 144 29 dahinten
1398 3037 30 27 in
1458 3036 237 28 unbestimmten
1724 3036 129 29 Worten
1884 3036 133 33 gefabelt

1126 3085 98 29 hatte:
1251 3086 54 28 der
1331 3085 86 30 Blick
1442 3087 30 27 in
1497 3086 55 29 das
1577 3086 161 29 schwarze
1773 3086 95 35 Land,
1907 3087 111 29 dessen

1127 3135 166 30 Schönheit
1309 3137 60 28 und
1385 3136 81 30 Süße
1483 3137 78 29 allen
1576 3135 154 30 Verstand
1745 3137 148 33 überragt
1906 3155 37 4 —
1957 3137 61 29 und

1126 3194 115 21 wovon
1258 3186 61 34 Sie,
1338 3187 48 30 die
1402 3187 140 33 Fremde,
1562 3187 53 28 der
1635 3186 96 33 Vogel
1750 3187 53 29 der
1819 3187 128 34 Trauer,
1965 3189 53 28 mit

1125 3237 82 29 ihrer
1223 3238 120 32 ewigen
1359 3238 61 29 und
1435 3238 240 33 schmächtigen,
1691 3238 80 29 ihrer
1786 3238 213 29 nachtschwar-

1128 3295 65 26 zen,
1224 3288 184 32 sanghaften
1437 3288 128 30 Stimme
1595 3288 110 28 vorhin
1734 3297 159 24 gesungen
1924 3289 93 32 hatte,

1125 3338 69 28 dort
1214 3339 102 28 hinten
1336 3347 62 20 von
1420 3339 54 29 der
1497 3339 88 29 Gruft
1606 3338 63 34 her,
1691 3347 50 20 wo
1763 3340 44 28 sie
1829 3339 102 29 stand!
1955 3362 6 6 .
1983 3362 6 5 .
2011 3361 6 5 .

1183 3386 39 29 Er
1242 3387 54 29 sah
1315 3396 63 20 von
1397 3396 111 21 neuem
1526 3388 55 28 das
1602 3387 126 29 Gesicht
1746 3388 101 29 dieser
1867 3388 151 29 Fremden

1127 3445 58 21 vor
1203 3438 78 33 sich;
1302 3438 78 29 ohne
1398 3447 37 20 zu
1453 3438 161 33 beachten,
1634 3437 57 29 daß
1711 3446 32 21 er
1764 3438 126 29 diesmal
1909 3457 38 3 —
1964 3438 36 29 ob-

1127 3488 82 28 wohl
1233 3497 32 20 er
1288 3490 31 27 in
1343 3488 212 30 Wirklichkeit
1579 3488 46 29 ihr
1651 3488 111 30 Antlitz
1787 3489 230 29 ausschließlich

1126 3540 42 27 im
1193 3537 94 30 Profil
1312 3539 135 33 gesehen
1472 3540 92 32 hatte,
1599 3539 29 27 in
1654 3539 100 31 jenem
1791 3540 139 32 einzigen
1963 3538 55 34 Nu,

1127 3588 147 29 während
1298 3591 45 27 sie
1365 3598 39 20 an
1425 3590 60 28 ihm
1507 3589 208 28 vorüberkam
1736 3607 38 4 —
1795 3598 33 21 es
1851 3589 66 29 sich
1940 3589 78 29 doch

1127 3640 75 30 jetzt
1221 3647 37 20 en
1278 3639 69 30 face
1365 3640 173 33 vorstellte;
1560 3641 53 26 mit
1634 3640 167 28 zitternder
1825 3639 193 30 Zärtlichkeit

1128 3688 60 29 und
1208 3688 231 35 Ehrerbietung,
1459 3691 54 29 mit
1533 3689 163 29 atemloser
1718 3689 113 30 Demut
1851 3692 113 26 starrte
1986 3699 32 19 er

1128 3740 45 28 sie
1185 3739 55 29 än:
1259 3740 47 29 die
1322 3740 97 29 stolze
1435 3740 61 28 und
1510 3740 79 28 hohe
1606 3739 90 28 Form
1714 3740 82 30 ihres
1812 3740 140 34 Mundes,
1970 3740 48 28 die

1128 3789 125 35 großen,
1272 3792 75 27 weit
1369 3790 231 33 aufgerissenen
1622 3790 61 27 und
1706 3791 182 28 schwarzen
1911 3790 107 32 Augen

1128 3842 88 27 unter
1237 3840 59 29 den
1315 3840 109 33 Bogen
1444 3841 54 28 der
1519 3842 115 32 zarten,
1655 3840 132 29 dunklen
1808 3840 131 34 Brauen,
1963 3840 54 29 das

1128 3890 136 29 schmale
1289 3890 181 30 kaiserliche
1496 3890 79 29 Oval
1600 3890 54 29 des
1680 3890 156 34 Antlitzes,
1862 3890 48 30 die
1935 3890 82 29 Stirn

2104 110 62 19 von
2185 102 69 29 dem
2272 101 148 32 Schatten
2438 105 54 29 des
2511 106 120 30 dichten
2647 108 118 29 Haares
2785 110 138 34 bedeckt,
2942 112 48 28 die

2105 151 210 32 überirdische
2335 153 167 31 Schönheit
2521 156 52 29 der
2595 156 91 35 Haut,
2704 158 48 30 die
2775 159 68 29 kein
2863 160 128 30 Weinen

2105 202 84 29 hatte
2210 202 160 30 beflecken
2390 205 130 35 können,
2540 207 60 28 und
2622 208 53 29 tief
2696 209 124 29 drinnen
2845 218 54 22 aus
2922 211 69 29 dem

2105 251 86 29 Blick
2205 252 111 30 heraus
2334 254 64 30 dies
2414 256 110 29 lautlos
2542 258 59 27 und
2619 258 87 33 ruhig
2721 259 146 30 lodernde
2885 261 106 34 Feuer,

2106 303 65 33 ach,
2190 303 83 29 diese
2291 303 232 32 Höllenflamme
2541 307 60 28 und
2619 306 99 31 dieser
2738 309 253 36 Himmelsbrand,

2105 353 55 29 das
2177 354 175 29 strahlende
2370 355 219 31 Adelszeichen
2606 358 98 34 derer,
2721 359 47 29 die
2785 361 122 33 wissen,
2924 371 67 21 was

2106 412 32 20 es
2159 405 47 32 ist,
2224 412 37 20 zu
2281 405 98 28 lieben
2398 406 61 29 und
2477 416 36 19 zu
2532 408 152 29 verlieren
2700 428 37 2 —
2756 418 36 20 zu
2810 410 101 30 leben!
2932 435 6 5 .
2958 435 6 5 .
2984 436 6 5 .

2161 453 38 29 Er
2224 454 95 29 schob
2344 455 51 29 auf
2418 458 117 33 einmal,
2559 458 94 32 heftig
2678 462 149 32 entnervt,
2854 463 52 27 mit
2932 462 40 29 Ge-

2104 505 74 27 walt
2201 505 83 29 diese
2307 505 168 30 Gedanken
2496 516 61 20 von
2581 510 72 28 sich.

2159 562 123 35 Suchte,
2303 564 77 29 ohne
2401 565 96 30 selbst
2513 565 103 31 fassen
2636 577 36 19 zu
2692 569 129 35 können,
2843 578 53 21 aus
2916 571 55 29 wel-

2104 612 87 30 chem
2214 613 133 34 Grunde,
2370 616 64 28 sich
2457 616 96 31 gleich
2578 618 108 29 darauf
2709 619 55 29 das
2789 620 126 29 Gesicht
2935 621 54 29 des

2103 663 168 30 Aufsehers
2288 665 245 30 zurückzurufen
2548 686 37 3 —
2600 669 59 27 und
2678 669 141 32 empfand
2838 672 66 27 eine
2921 679 53 20 son-

2104 714 130 29 derbare
2251 714 129 33 Heilung
2399 716 136 30 dadurch
2551 727 49 19 —:
2620 718 42 29 So
2680 720 46 28 ein
2742 720 110 33 richtig
2868 721 122 34 braves,

2102 765 76 29 altes
2196 765 137 29 Gesicht!
2354 766 64 34 ach,
2436 767 47 30 die
2499 776 97 23 ganze
2612 769 165 33 vielfältige
2794 770 122 35 Menge,
2933 773 56 27 alle

2103 815 48 29 die
2176 815 155 29 Millionen
2355 825 62 20 von
2444 818 180 29 Gesichtern
2650 828 108 21 waren
2785 821 153 30 enthalten
2960 825 30 26 in

2103 866 105 30 diesen
2236 866 135 33 geraden
2400 868 60 28 und
2487 868 257 33 nichtssagenden
2773 872 59 28 und
2861 872 113 29 liebens-

2102 917 120 33 würdig
2245 917 158 29 einfachen
2427 918 134 30 Flächen
2581 920 60 28 und
2663 920 117 30 Linien!

2157 974 96 30 Stand
2281 976 52 28 der
2360 976 93 28 Mann
2478 977 90 34 nicht,
2596 986 171 25 sozusagen
2796 981 192 29 unmittelbar

2102 1025 144 35 sichtbar,
2269 1027 93 28 durch
2385 1027 134 30 zahllose
2552 1028 169 32 Telephon-
2754 1031 59 27 und
2846 1030 126 33 Telegra-

2102 1075 178 35 phenkabel,
2319 1078 80 29 nach
2437 1077 132 35 Norden,
2610 1079 111 34 Süden,
2761 1080 128 30 Westen
2928 1082 60 28 und

2102 1125 106 35 Osten,
2223 1128 29 27 in
2268 1127 197 34 Verbindung
2481 1131 54 27 mit
2552 1129 70 29 dem
2637 1138 117 24 ganzen
2770 1133 219 29 gesammelten

2099 1175 119 30 Haufen
2236 1178 71 28 aller
2324 1178 91 34 Welt,
2432 1181 82 32 ewig
2530 1180 140 29 derselbe
2688 1181 59 28 und
2765 1183 80 31 ewig
2861 1183 123 29 anders!

2159 1234 196 36 Gespenster,
2376 1236 75 35 Tod,
2472 1237 199 36 Aufklärung,
2693 1239 138 29 Phrasen
2853 1249 54 20 aus
2928 1240 41 33 Ro-

2099 1293 110 22 manen
2232 1286 60 28 und
2316 1286 166 34 Zeitungen
2507 1289 73 28 bunt
2606 1289 252 35 durcheinander,
2883 1291 86 30 Fried-

2100 1335 52 29 hof
2169 1336 60 28 und
2246 1336 233 37 Krematorium,
2497 1338 138 34 Unglück
2654 1341 60 27 und
2734 1340 95 29 Glück
2849 1342 60 29 und
2928 1342 40 28 Ge-

2100 1386 182 33 rechtigkeit
2301 1406 37 3 —
2358 1389 120 34 jawohl,
2501 1390 48 30 die
2570 1399 98 23 ganze
2690 1390 94 30 Skala
2805 1392 99 33 hinab,
2925 1401 62 20 von

2100 1435 121 34 Anfang
2237 1437 46 29 bis
2301 1447 38 19 zu
2356 1438 92 35 Ende,
2464 1440 55 29 das
2536 1449 99 24 ganze
2652 1442 262 32 unerschöpfliche
2932 1442 38 30 Ar-

2100 1488 85 28 senal
2211 1488 54 29 des
2291 1488 245 33 Aberglaubens!
2563 1491 67 28 Von
2656 1492 88 29 allem
2770 1494 29 27 in
2826 1493 53 29 der
2906 1493 81 29 Welt

2100 1538 136 29 wissend
2256 1557 38 4 —
2314 1541 54 27 mit
2388 1540 175 30 Ausnahme
2584 1542 54 29 des
2661 1543 96 33 einen,
2779 1552 67 20 was
2868 1552 71 20 man
2957 1545 30 27 in

2097 1588 160 30 Wahrheit
2272 1591 115 28 wissen
2405 1591 91 29 kann!
2524 1591 182 30 Unbekannt
2723 1594 52 28 mit
2792 1594 88 29 allem
2898 1594 66 33 Mög-

2100 1638 98 29 lichen
2218 1657 37 3 —
2276 1647 240 25 ausgenommen
2538 1643 54 28 mit
2615 1642 78 33 dem,
2713 1651 113 20 wovon
2848 1644 139 29 wirklich

2095 1689 143 28 niemand
2257 1689 54 30 das
2329 1691 156 32 geringste
2502 1691 92 29 weiß!
2624 1691 52 30 Bis
2695 1701 38 20 an
2752 1693 57 29 den
2828 1693 86 33 Rand
2932 1695 53 28 mit

2099 1737 213 33 Redensarten
2338 1740 152 34 angefüllt,
2527 1742 53 28 mit
2617 1742 179 33 auswendig
2831 1743 156 32 gelernten

2099 1788 142 30 Worten!
2269 1789 42 29 Zu
2334 1790 134 33 gleicher
2493 1790 65 30 Zeit
2582 1792 90 28 kaum
2698 1794 160 33 imstande,
2883 1794 103 29 seinen

2098 1840 86 28 mehr
2203 1841 45 28 als
2267 1840 226 30 bescheidenen
2512 1841 87 30 Platz
2620 1842 197 35 auszufüllen,
2837 1844 77 29 doch
2934 1846 53 28 mit

2098 1891 99 28 einem
2214 1891 89 31 jeden
2321 1891 74 30 Satz
2413 1893 134 28 darnach
2568 1893 129 32 angelnd
2716 1894 131 28 darüber
2865 1895 105 28 hinaus-

2097 1941 165 29 zureichen
2276 1960 38 3 —
2328 1942 61 28 und
2406 1943 160 34 trotzdem,
2584 1952 91 20 wenn
2692 1953 32 21 es
2742 1944 109 29 darauf
2867 1945 119 34 ankam,

2098 1991 78 30 ohne
2196 1992 77 29 auch
2293 2001 56 20 nur
2370 1994 47 28 ein
2437 1994 134 31 einziges
2589 1994 72 34 Mal,
2680 2002 55 21 nur
2757 1996 46 27 ein
2825 1994 90 31 Wort
2933 2004 36 20 an-

2097 2041 109 29 führen
2224 2051 40 19 zu
2280 2043 130 34 können,
2427 2044 57 28 das
2504 2053 54 20 aus
2576 2044 69 29 dem
2663 2044 137 30 Tiefsten
2819 2046 166 29 dadrinnen

2097 2092 186 30 herauskam
2301 2112 37 3 —
2356 2094 65 34 das,
2440 2102 115 21 wovon
2577 2095 78 29 doch
2676 2095 77 29 auch
2773 2105 32 20 er
2826 2096 87 29 einen
2932 2105 36 24 ge-

2097 2143 129 35 heimen,
2256 2145 88 28 einen
2370 2145 217 32 verborgenen
2614 2147 60 27 und
2703 2147 283 29 unauslöschlichen

2097 2194 125 29 Funken
2245 2194 108 29 besaß!
2378 2194 47 35 Ja,
2447 2204 67 19 war
2538 2196 65 29 dies
2626 2196 83 29 nicht
2733 2196 66 30 aufs
2824 2197 82 29 Haar
2929 2197 55 29 das

2097 2244 125 29 Porträt
2243 2263 38 4 —
2303 2253 62 21 von
2389 2246 89 28 ihnen
2503 2246 114 29 allen?!
2662 2246 103 30 Selbst
2787 2247 84 29 diese
2895 2250 90 27 naive

2097 2294 119 32 Freude
2238 2295 141 35 darüber,
2401 2295 58 30 daß
2481 2297 49 29 die
2549 2296 80 30 Frau
2651 2297 60 29 und
2733 2298 82 28 nicht
2836 2306 32 20 er
2890 2298 96 29 selbst

2097 2346 167 31 gestorben
2284 2347 80 28 war!
2385 2346 138 35 Hahaha,
2544 2347 84 30 diese
2649 2348 157 32 prächtige
2827 2347 140 30 Tausend-

2097 2396 124 29 kreatur
2241 2405 50 20 —:
2315 2397 93 34 siehe,
2431 2398 54 28 der
2509 2397 93 29 Mann
2623 2406 67 21 war
2712 2399 79 28 doch
2813 2398 172 30 schließlich

2097 2448 28 27 in
2149 2446 162 31 Wahrheit
2335 2449 47 28 ein
2405 2448 154 29 leiblicher
2584 2448 118 29 Bruder
2726 2457 62 20 von
2813 2457 56 22 uns
2892 2450 90 29 allen!

2098 2497 84 29 Oder
2203 2497 125 35 Unsinn,
2350 2499 61 28 viel
2432 2499 86 29 mehr
2540 2499 91 29 noch!
2675 2499 98 29 Unser
2797 2499 72 29 aller
2892 2499 93 30 Vater

2096 2556 67 21 war
2183 2557 32 20 er
2232 2567 38 4 —
2285 2549 126 29 Adam
2436 2549 96 30 selbst
2548 2551 29 27 in
2595 2558 116 21 semem
2730 2550 238 32 Paradiesesgar-

2095 2603 59 33 ten,
2180 2601 268 35 splitternackend,
2469 2603 158 34 neugierig
2650 2606 58 27 und
2733 2604 150 32 ängstlich
2905 2603 67 29 halb-

2097 2657 88 24 wegs
2205 2649 54 29 der
2279 2649 127 30 Stimme
2427 2650 54 29 der
2501 2649 152 34 Schlange
2671 2650 177 35 lauschend,
2867 2651 42 31 ja:
2930 2650 55 29 der

2097 2698 102 31 Musik
2220 2700 55 28 des
2296 2700 108 29 echten
2425 2700 135 35 Gefühls,
2580 2701 70 29 dem
2672 2701 164 34 einsamen,
2858 2700 110 30 erhabe-

2097 2758 59 21 nen
2184 2750 65 28 Ton
2276 2751 54 28 der
2357 2750 126 35 Trauer,
2519 2751 64 34 der,
2620 2751 74 29 alles
2730 2751 254 33 durchdringend,

2097 2802 85 28 seine
2208 2801 231 30 Götterstimme
2463 2802 98 29 hinter
2587 2803 99 28 einem
2713 2801 145 30 Gebüsch'
2881 2801 103 34 erhob,

2098 2851 54 30 des
2172 2851 120 30 Lebens
2314 2851 182 30 Erkenntnis
2516 2860 61 21 von
2600 2852 61 29 Gut
2679 2852 60 28 und
2759 2851 82 30 Böse
2862 2851 105 30 hinaus-

2097 2902 141 33 singend!
2262 2925 7 7 .
2291 2926 6 6 .
2319 2925 6 7 .

2153 2959 40 30 Er
2211 2968 67 21 war
2297 2960 95 33 heftig
2409 2961 256 33 aufgesprungen,
2686 2961 67 29 eilte
2774 2962 53 27 mit
2845 2959 139 34 hastigen

2097 3010 155 30 Schritten
2271 3011 50 28 hin
2338 3012 61 27 und
2418 3012 63 33 her,
2501 3012 75 27 rauh
2595 3011 189 34 auflachend,
2803 3012 56 29 mit
2876 3011 93 29 rätsel-

2097 3060 112 36 haften,
2238 3062 384 33 triumphschleudernden,
2649 3061 185 32 gehässigen
2859 3061 125 30 Blicken

2098 3112 77 28 nach
2197 3112 77 28 allen
2295 3111 113 34 Seiten,
2428 3112 58 28 den
2507 3112 126 28 rechten
2653 3111 73 29 Arm
2746 3112 52 28 mit
2819 3112 147 32 gewaltsa-

2097 3170 69 21 men
2187 3162 164 29 Gebärden
2372 3164 30 27 in
2420 3162 54 29 der
2492 3161 72 30 Luft
2584 3162 217 29 schwenkend.

2154 3220 82 29 Jetzt
2255 3220 78 29 blieb
2354 3228 32 20 er
2406 3220 117 29 wieder
2544 3220 48 29 bei
2612 3220 54 30 der
2685 3220 86 28 Bank
2792 3220 116 33 stehen,
2929 3221 42 27 zit-

2097 3273 78 27 terte
2205 3273 102 29 erregt
2335 3272 56 27 mit
2426 3271 219 29 bleischwerer
2683 3271 59 28 und
2782 3270 200 29 fieberheißer

2097 3321 91 33 Stirn,
2211 3322 52 27 mit
2284 3320 129 33 unruhig
2434 3321 189 32 pochendem
2646 3321 129 28 Herzen.

2152 3379 39 28 Er
2210 3379 135 29 streckte
2362 3380 220 29 unwillkürlich
2599 3380 49 29 die
2667 3379 87 29 Hand
2773 3380 77 28 nach
2868 3380 114 28 seinem

2098 3429 61 29 Hut
2177 3438 64 25 aus,
2262 3429 53 29 der
2334 3430 79 29 noch
2433 3429 53 30 auf
2503 3430 58 29 den
2580 3430 98 29 hellen
2699 3429 207 30 Gitterstäben
2924 3429 58 34 lag,

2097 3480 97 33 gleich
2219 3481 98 28 einem
2339 3480 222 34 zirkelrunden,
2583 3480 225 29 kreideweißen
2831 3479 95 32 Kegel
2947 3498 36 3 —

2098 3530 106 32 ergriff
2226 3530 59 34 ihn,
2310 3533 98 27 setzte
2431 3531 50 29 ihn
2502 3531 68 29 hart
2594 3530 52 30 auf
2668 3531 58 28 den
2749 3530 87 33 Kopf,
2859 3530 124 28 wandte

2097 3580 65 30 sich
2185 3588 61 27 um,
2270 3580 103 30 wollte
2398 3581 107 34 gehen,
2530 3581 78 29 nach
2632 3580 103 30 Hause
2760 3579 76 29 eilen
2861 3598 38 5 —
2922 3580 60 28 und

2097 3631 87 28 ward
2204 3631 80 28 dann
2306 3631 149 34 plötzlich,
2476 3633 196 31 unerwartet,
2693 3632 289 31 angstumsponnen,

2096 3689 61 20 von
2177 3681 69 28 dem
2265 3681 245 33 unbestimmten,
2527 3680 240 30 unerklärlichen
2786 3680 196 29 Bewußtsein

2098 3730 107 34 erfaßt,
2227 3731 105 29 diesen
2354 3731 56 29 Ort
2431 3731 116 29 wieder
2569 3739 37 20 zu
2628 3730 152 28 erkennen
2801 3739 49 19 —:
2874 3730 48 28 ihn
2944 3738 38 20 zu

2098 3780 176 30 erkennen?

2152 3839 138 29 Woher?

2152 3889 66 29 Von
2236 3890 114 28 wann?
