3116 4059
156 3962 45 21 180

163 88 77 28 noch
268 87 113 28 zurück
407 94 38 19 zu
471 88 108 30 treten,
617 86 110 27 starrte
765 80 280 35 grauenumfangen

162 137 112 30 nieder.
1025 137 4 31 :

217 188 65 27 Und
304 188 40 26 im
365 186 105 28 selben
491 185 45 28 Nu
558 193 67 21 war
649 193 32 19 es
705 183 68 32 ihm,
797 182 44 28 als
864 181 180 28 vermöchte

154 238 56 30 ,auf
226 236 108 30 einmal
350 237 65 27 sein
431 235 85 29 Blick
532 236 73 28 alles
622 242 36 20 zu
675 233 200 31 beobachten,
892 239 67 20 was
975 231 69 28 dort

160 289 89 26 unten
271 286 133 32 geschah
426 305 37 2 —
484 285 76 29 auch
581 286 81 31 jetzt,
684 282 148 28 während
856 290 31 19 er
909 281 50 28 auf
981 282 48 27 die-

162 345 64 20 sem
254 336 92 29 Fleck
376 337 57 28 still
464 335 97 32 stand,
593 332 209 30 unaufhörlich
833 331 189 29 Verstümme-

159 388 71 31 lung
252 387 59 28 und
334 386 65 29 Tod
424 388 85 26 unter
532 384 83 28 diese
640 383 223 33 unsichtbaren,
888 383 83 28 diese
996 390 32 19 ar-

158 438 168 28 beitsamen
354 436 59 28 und
448 433 210 34 geschäftigen
693 433 111 28 Völker
840 433 187 28 hinuntertre-

158 488 82 33 tend,
256 488 47 28 die
322 487 66 28 dort
406 487 90 27 unten
513 486 30 26 in
558 484 53 28 der
626 483 80 29 Erde
724 483 144 28 wohnten
884 501 37 3 —
936 483 29 27 in
982 482 41 28 Un-

159 546 129 23 mengen
316 536 171 29 Männchen
517 534 59 29 und
605 534 167 28 Weibchen
802 533 59 28 und
892 532 150 28 unfaßlich

158 589 111 30 winzig
294 587 96 28 kleine
416 584 111 32 Kinder
553 584 160 28 mordend!

214 645 38 29 Er
282 645 110 28 meinte
430 643 154 32 leibhaftig
614 643 47 28 die
691 642 174 32 gräßlichen
898 640 126 32 Zerquet-

156 694 267 32 schungswunden
443 693 234 29 unterscheiden
694 701 37 20 zu
749 692 130 32 können,
898 692 54 27 das
969 690 55 28 häß-

155 746 77 30 liche
256 744 68 29 Sich
329 744 120 28 winden
473 744 60 28 und
557 743 149 33 Springen
731 743 52 28 der
807 739 234 34 Todeskämpfe,

157 797 47 26 ein
227 795 215 32 grauenvolles
465 793 166 29 Wirrwarr
656 802 61 19 von
741 793 110 28 Tortur
875 793 30 26 in
927 791 96 28 unend-

155 845 58 29 lich
231 845 129 28 kleinem
378 845 136 32 Format;
534 845 97 28 hinter
651 845 105 28 seinen
772 841 270 30 Trommelhäuten

155 897 111 27 meinte
294 904 31 19 er
351 896 47 28 die
424 894 194 33 schwachen,
645 893 178 32 unzähligen
851 892 125 29 Schreie
1004 892 38 28 all

155 946 101 29 dieser
281 945 86 34 Qual,
394 946 54 27 das
477 944 165 29 Gekreisch
670 944 54 28 der
751 943 202 31 Hilflosigkeit
980 943 60 27 und

156 997 54 29 des
235 996 115 28 Hasses
377 998 111 30 spüren
515 1004 36 19 zu
577 995 134 32 können;
739 995 29 26 in
794 995 105 27 seinen
924 992 98 29 Nasen-

153 1047 124 28 löchern
301 1046 93 29 fühlte
420 1054 31 20 er
478 1045 57 28 den
560 1044 99 34 faden,
684 1040 141 33 Übelkeit
852 1043 190 33 erregenden

156 1096 121 29 Geruch
304 1096 54 28 des
385 1094 113 33 Blutes,
525 1095 55 28 das
604 1095 29 27 in
660 1093 142 29 Strömen
829 1092 70 34 floß,
925 1092 117 29 überall

153 1145 244 33 hinabsickernd,
416 1145 172 29 helltönend
608 1153 62 19 von
691 1143 84 29 Stein
794 1152 38 20 zu
852 1143 84 29 Stein
959 1146 66 28 trop-

153 1195 83 30 fend!
273 1195 66 29 Und
364 1195 161 32 beständig
550 1194 87 30 tiefer
665 1195 89 28 hinab
781 1195 171 30 erstreckte
978 1193 64 29 sich

153 1245 85 29 diese
255 1244 195 34 Zerstörung,
468 1244 148 29 während
633 1253 32 20 er
682 1244 64 29 hier
765 1244 107 29 stehen
891 1244 79 28 blieb
988 1252 50 20 —:

154 1294 100 35 Siehe,
277 1295 83 29 siehe
381 1296 82 32 jetzt,
487 1304 66 19 war
578 1304 32 20 es
634 1295 84 29 seine
741 1294 153 34 Sehkraft,
919 1294 47 30 die
991 1293 51 29 auf

154 1346 117 33 einmal,
287 1345 179 30 zauberhaft
483 1345 110 33 scharf,
612 1345 54 29 das
685 1345 104 28 Ganze
807 1345 233 33 durchschaute,

153 1397 75 28 oder
249 1404 67 21 war
336 1404 34 21 es
392 1397 53 28 der
468 1396 162 29 Erdboden
653 1396 105 33 selbst,
780 1396 53 28 der
858 1395 51 28 auf
931 1394 109 29 einmal

153 1446 206 33 durchsichtig
381 1447 108 28 wurde
513 1448 59 27 wie
595 1448 47 27 ein
665 1445 86 30 Meer
775 1445 74 30 oder
875 1471 5 6 .
906 1469 5 5 .
935 1469 7 6 .
965 1445 74 30 oder

153 1505 66 20 war
240 1506 32 20 es
292 1497 138 29 wirklich
451 1498 47 28 ein
518 1497 193 34 blaugrüner,
732 1497 105 29 kühler
859 1496 181 33 Schimmer,

153 1548 47 28 ein
226 1547 61 29 kalt
315 1547 350 32 phosphoreszierender
694 1546 120 35 Schein,
844 1547 53 29 der
927 1555 95 21 unver-

152 1600 96 26 mutet
274 1606 61 20 von
362 1598 69 29 dort
457 1600 92 26 unten
575 1598 53 28 her
657 1597 197 35 aufflammte,
881 1606 63 20 von
971 1597 69 29 dort

151 1656 80 24 ganz
247 1651 100 31 unten,
365 1657 54 20 aus
437 1649 54 28 der
509 1651 156 27 untersten
680 1647 87 30 Tiefe
786 1656 115 26 empor,
919 1656 51 21 wo
988 1672 5 5 .
1011 1672 6 5 .
1033 1672 7 5 .

208 1698 49 29 Ja!
285 1722 5 5 .
318 1722 7 5 .
350 1722 6 5 .

207 1749 39 29 Er
265 1750 76 28 stieß
360 1750 47 28 ein
425 1749 136 29 Stöhnen
577 1758 63 20 aus.

208 1807 63 29 Das
290 1807 81 29 Herz
389 1816 69 20 zum
476 1807 203 33 Zerspringen
698 1810 191 30 angespannt
915 1816 50 21 —:

208 1858 87 29 Denn
322 1867 33 20 es
382 1866 66 20 war
477 1859 59 27 ihm
564 1859 81 33 jetzt,
673 1859 44 28 als
745 1858 106 29 werde
877 1877 38 3 —
941 1858 98 33 gleich

153 1910 97 27 einem
276 1908 133 33 Teppich
433 1927 38 4 —
497 1909 47 28 die
578 1917 98 24 ganze
710 1908 217 30 verdeckende
964 1908 57 29 Erd-

151 1959 117 29 schicht
288 1962 204 30 weggezerrt,
515 1960 52 28 mit
587 1959 137 29 Bäumen
747 1959 60 29 und
828 1959 138 34 Blumen,
986 1961 54 27 mit

153 2009 118 30 Gittern
291 2010 60 28 und
372 2009 127 33 Gängen
520 2010 61 28 und
600 2009 71 32 Kies
692 2033 7 6 .
720 2033 5 6 .
748 2033 5 6 .
775 2010 60 29 und
857 2018 56 21 vor
934 2011 106 28 seinen

151 2060 107 32 Augen
280 2060 50 31 lag
355 2060 133 30 entblößt
513 2061 60 28 und
597 2060 134 29 sichtbar
757 2061 71 29 das
855 2061 69 29 dort
948 2063 93 27 unten

151 2109 108 29 selbst!

207 2167 62 29 Der
292 2167 144 30 Friedhof
458 2169 99 28 selber
582 2168 171 31 offenbarte
778 2169 64 29 sich
865 2169 158 29 kilometer-

151 2221 72 27 weit
249 2220 114 29 seinem
387 2218 95 35 Blick,
517 2222 46 28 ein
598 2221 265 30 unübersehbares
888 2220 74 30 Feld
989 2221 54 29 des

152 2267 111 34 Todes,
284 2267 80 33 Sarg
385 2277 38 19 an
444 2268 78 33 Sarg
545 2269 28 28 in
597 2268 75 34 Reih
694 2269 61 29 und
779 2268 87 30 Glied
890 2291 8 7 .
920 2291 8 7 .
950 2292 7 6 .
979 2270 61 28 wie

151 2318 136 33 niedrige
314 2319 60 28 und
402 2319 161 29 schwarze
590 2319 170 35 Baracken,
790 2319 159 33 sorgfältig
979 2319 60 29 und

152 2368 105 30 endlos
271 2370 30 27 in
313 2369 108 33 langen
438 2368 117 34 Reihen
569 2370 377 34 hintereinandergestellt,
964 2370 75 32 groß

152 2420 60 28 und
233 2419 79 30 klein
331 2437 37 5 —
388 2428 78 21 neue
487 2420 61 29 und
571 2420 71 29 alte!

204 2477 71 30 Hier
301 2477 217 30 schimmerten
544 2479 87 34 noch,
658 2479 96 29 durch
765 2479 60 29 den
837 2479 135 29 Schleier
985 2479 54 29 der

152 2526 216 36 Dämmerung,
395 2528 76 29 helle
499 2528 74 29 oder
600 2528 111 29 dunkle
746 2528 130 34 Farben,
910 2528 111 33 Vergol-

151 2577 131 34 dungen,
306 2577 266 35 Versilberungen,
596 2578 74 30 Zink
693 2579 62 29 und
779 2578 90 30 Eisen
892 2587 65 21 von
980 2578 40 30 Be-

152 2627 105 33 schlag
276 2628 60 28 und
355 2628 110 30 Ecken.
485 2629 46 28 Da
549 2637 107 22 waren
675 2638 34 21 es
728 2630 97 29 schon
842 2630 198 29 vermoderte

152 2677 125 35 Deckel,
297 2679 150 29 wohinter
470 2688 33 21 es
524 2679 158 34 gedämpft
705 2680 61 29 und
788 2682 78 30 grün
889 2681 149 33 glimmte;

151 2729 66 30 hier
235 2737 80 25 ganz
335 2733 146 29 zernagte
501 2729 131 35 Bretter,
654 2731 96 29 durch
770 2731 49 29 die
840 2731 48 29 die
908 2739 114 25 grauen-

151 2779 101 29 vollen
264 2779 113 30 Fetzen
391 2788 62 20 von
466 2780 117 29 Fleisch
599 2781 128 33 zundrig
742 2782 60 28 und
816 2781 123 30 naßkalt
955 2782 68 32 glüh-

151 2830 65 28 ten!
236 2829 46 29 Da
301 2830 103 29 hinten
421 2839 54 20 zur
492 2830 116 29 Linken
627 2832 54 28 saß
698 2834 48 27 ein
762 2832 133 30 Schädel
913 2832 52 29 auf
981 2832 59 30 den

153 2879 131 30 nackten
307 2880 213 34 Halswirbeln,
545 2882 78 28 nach
649 2882 79 29 oben
752 2891 39 21 zu
816 2883 153 34 geknickt,
995 2884 44 28 als

151 2930 83 30 hätte
249 2940 32 19 er
294 2931 64 30 sich
373 2931 188 35 aufgereckt,
576 2940 50 20 um
640 2933 87 28 einen
741 2934 55 29 mit
806 2933 71 30 dem
890 2933 150 30 Schwarz

152 2981 55 28 der
230 2982 196 31 ungeheuren
451 2982 219 33 Augenhöhlen
692 2986 88 27 unter
807 2983 52 30 der
884 2984 136 29 knochen-

153 3030 108 33 gelben
283 3030 115 34 Kuppel
423 3035 209 28 anzustarren.
674 3033 72 29 Hier
769 3034 103 30 rechts
894 3043 62 20 von
979 3036 61 27 ihm

151 3082 51 32 lag
222 3083 48 27 ein
288 3083 114 33 langer,
423 3084 77 28 noch
518 3084 207 28 vollkommen
743 3084 296 31 fleischbekleideter

152 3131 118 33 Körper
295 3134 213 31 ausgestreckt
534 3134 50 29 auf
609 3134 69 29 dem
703 3134 136 35 Rücken,
865 3135 47 29 die
938 3135 102 29 Zähne

151 3183 136 31 grinsten
310 3183 107 29 eiweiß
440 3184 113 29 hervor
575 3203 38 3 —
634 3185 157 29 zwischen
813 3187 79 28 zwei
915 3187 125 33 Lippen,

153 3231 49 29 die
219 3231 65 29 sich
300 3241 318 25 zusammengezogen
635 3234 114 35 hatten,
768 3236 60 28 wie
845 3244 39 19 zu
901 3236 47 28 ein
965 3243 74 24 paar

155 3281 226 30 schwellenden
412 3283 151 34 Trauben,
593 3285 214 29 schwarzblau
840 3285 59 29 und
931 3285 104 33 blank;

153 3331 61 30 und
230 3332 38 29 da
285 3333 113 31 gerade
415 3341 57 21 vor
489 3335 115 28 seinem
621 3335 63 28 Fuß
699 3336 51 32 lag
767 3337 47 29 ein
830 3345 79 23 ganz
923 3337 116 28 kleines

152 3381 90 32 Kind:
263 3382 52 29 auf
331 3385 100 27 seiner
449 3384 174 30 entblößten
638 3385 101 35 Brust,
758 3387 47 28 die
826 3389 48 26 rot
892 3394 129 25 gespren-

153 3432 62 30 kelt
242 3434 95 28 durch
366 3434 66 28 eine
461 3434 105 29 mürbe
596 3434 92 31 Stelle
713 3437 31 28 in
774 3437 70 28 dem
870 3437 170 32 gelblichen

153 3481 99 31 Hemd
275 3483 235 34 hervorguckte,
542 3484 133 30 funkelte
710 3488 45 27 ein
791 3487 147 32 goldenes
972 3487 46 29 Me-

154 3533 122 29 daillon!

209 3582 47 35 Ja,
268 3584 36 33 ja,
318 3585 77 28 nach
411 3585 77 29 allen
504 3584 190 34 Richtungen
706 3587 59 34 hin,
782 3589 160 28 unendlich
957 3590 82 32 weit,

155 3641 55 22 vor
237 3633 69 34 ihm,
331 3635 97 29 hinter
455 3636 69 33 ihm,
550 3636 102 29 rechts
680 3638 59 27 und
765 3638 87 34 links,
878 3639 103 28 wohin
1007 3648 33 19 er

155 3683 64 29 sich
240 3685 77 27 auch
337 3685 124 30 wandte
483 3694 50 20 —:
557 3686 39 28 da
616 3686 91 33 lagen
729 3688 38 28 all
790 3688 48 29 die
859 3688 181 30 Beweinten

153 3733 61 28 und
228 3732 223 38 Vergessenen,
462 3736 137 34 wortlos,
614 3736 83 30 Seite
712 3745 37 21 an
762 3737 92 36 Seite,
866 3739 61 29 und
940 3739 99 30 lösten

154 3783 64 29 sich
233 3783 139 34 langsam
388 3785 62 30 auf!
468 3785 118 32 Konnte
602 3794 71 21 man
689 3789 44 28 sie
749 3788 81 29 wohl
847 3789 174 31 wiederken-

154 3841 68 26 nen,
244 3834 113 30 konnte
380 3843 71 21 man
473 3845 40 20 an
536 3837 85 29 ihren
644 3837 290 33 übriggebliebenen
959 3839 61 32 Kno-

155 3884 76 29 chen
249 3885 82 29 wohl
349 3887 129 32 erraten,
496 3895 65 21 wer
578 3889 43 28 sie
640 3896 146 23 gewesen
804 3897 116 25 waren,
939 3890 38 28 ob
994 3891 45 28 ihr

1120 80 105 28 Leben
1244 87 64 20 arm
1328 79 73 28 oder
1422 78 81 28 reich
1524 85 146 24 gewesen
1691 83 75 27 war,
1786 77 38 28 ob
1844 78 43 28 sie
1907 78 106 30 jemals

1119 128 118 32 erlangt
1248 127 113 33 hatten,
1373 125 129 31 wonach
1517 127 43 27 sie
1573 125 62 28 sich
1649 125 136 32 sehnten,
1798 125 37 27 ob
1849 126 43 27 sie
1904 124 111 32 geliebt

1124 178 129 31 worden
1266 186 108 20 waren
1391 177 74 28 oder
1482 176 117 29 nicht?!
1639 175 74 34 Ach,
1732 184 31 20 er
1782 175 89 28 stand
1889 183 39 20 an
1945 175 70 28 dem

1125 228 57 29 Ort
1202 228 53 29 des
1275 226 193 30 Entsetzens!
1492 226 72 28 Hier
1583 226 109 28 wuchs
1710 226 115 28 zahllos
1844 226 60 28 und
1924 226 91 31 üppig

1125 279 81 33 alles,
1231 286 67 20 was
1324 278 54 28 des
1403 276 102 28 Todes
1529 285 77 24 war,
1632 276 47 28 ein
1705 275 234 34 meilenbreites,
1968 278 46 26 ein

1124 328 231 29 abscheuliches
1378 327 82 33 Feld,
1486 327 29 28 in
1538 327 70 28 dem
1634 327 47 28 die
1706 326 138 29 bleichen
1868 325 146 31 Knochen

1123 388 34 19 so
1182 378 82 29 dicht
1287 379 59 27 wie
1373 377 181 28 Grashalme
1579 376 154 33 gepflanzt
1757 384 108 20 waren
1889 394 39 3 —
1953 376 61 28 und

1123 429 76 28 hoch
1219 428 75 29 über
1315 428 89 28 ihnen
1425 427 153 29 leuchtete
1597 426 66 30 hier
1682 426 62 29 und
1764 426 39 29 da
1823 426 49 30 die
1892 426 102 30 schwe-

1120 478 131 30 felblaue
1272 478 73 28 oder
1365 478 206 32 griinspanige
1590 476 136 30 Flamme
1747 477 53 28 der
1820 476 193 32 Verwesung

1120 529 98 32 gleich
1239 529 114 31 eisigen
1373 527 128 29 Blumen
1522 527 63 29 auf!
1607 553 7 5 .
1632 551 6 5 .
1658 550 5 6 .

1178 586 42 28 Im
1240 586 149 29 nächsten
1411 586 188 32 Augenblick
1621 586 127 28 überfiel
1769 586 49 28 ihn
1842 586 53 28 der
1919 593 76 24 unge-

1121 638 93 27 heure
1239 637 131 33 Qeruch,
1394 637 53 28 der
1473 637 218 32 entnervende,
1714 635 214 29 verheerende
1954 635 40 29 Ge-

1119 688 98 33 stank,
1242 688 53 28 der
1320 688 68 28 dick
1413 696 55 20 aus
1494 687 105 29 diesen
1623 687 89 28 allem
1736 687 65 28 hier
1827 688 186 27 ausströmte

1119 755 37 3 —
1181 738 66 28 eine
1284 737 223 33 totbringende,
1545 738 66 27 eine
1648 736 154 28 sichtbare
1838 735 157 29 Pest'atmo-

1119 788 120 33 sphäre,
1270 788 47 28 die
1348 788 95 28 kroch
1474 787 60 28 und
1565 786 51 28 lief
1647 786 60 28 und
1738 786 58 28 still
1827 786 102 28 stand!
1964 786 48 28 die

1120 837 194 29 erstickende
1345 837 59 28 und
1436 837 231 32 schwammige,
1696 835 192 33 gigantische
1918 835 92 28 Arme

1118 888 93 33 hatte,
1240 887 158 30 treibende
1426 887 269 29 Flächenwunden
1722 887 115 28 überall
1867 886 60 28 und
1955 885 42 33 gif-

1119 940 69 32 tige,
1233 937 136 32 klebrige
1415 937 104 34 Beine,
1564 938 48 27 die
1658 937 353 28 Siebenmeilenschritte

1119 988 154 29 machten!
1293 989 47 27 ein
1354 987 224 34 riesengroßer,
1595 989 47 27 ein
1656 987 179 33 kolossaler,
1854 989 47 27 ein
1916 987 76 29 weiß-

1119 1040 127 32 blasser,
1268 1038 244 33 geschwollener
1534 1037 153 34 Kadaver,
1712 1038 54 28 der
1789 1038 64 28 sich
1875 1037 52 28 auf
1950 1038 46 28 ein-

1119 1089 59 28 mal
1197 1098 57 20 vor
1275 1090 61 28 ihm
1356 1089 46 29 bis
1423 1097 70 20 zum
1513 1088 130 29 Himmel
1667 1088 94 29 erhob
1781 1107 37 3 —
1838 1089 53 28 mit
1913 1090 98 26 einem

1118 1140 99 34 Atem,
1237 1140 54 28 der
1311 1140 154 31 totschlug
1484 1139 61 28 und
1564 1141 52 27 mit
1635 1139 117 33 Augen,
1772 1140 28 26 in
1821 1139 98 28 denen
1941 1146 69 20 man

1118 1190 136 30 ertrank!

1174 1248 39 29 Er
1240 1248 81 29 warf
1348 1249 59 28 den
1434 1248 199 32 Oberkörper
1663 1248 195 29 schaudernd
1886 1248 125 33 zurück,

1119 1299 193 29 schleuderte
1333 1299 217 33 grauenerfaßt
1571 1298 89 30 beide
1681 1298 107 30 Hände
1808 1307 57 20 vor
1895 1317 37 3 —
1952 1298 59 29 und

1118 1351 88 28 hörte
1226 1350 47 34 da,
1293 1350 41 28 im
1352 1350 105 29 selben
1477 1348 56 35 £Ju,
1555 1350 58 28 den
1634 1349 266 34 tausendfältigen,
1922 1349 73 33 gräß-

1116 1401 100 29 lichen
1231 1400 79 30 Laut
1326 1409 62 20 von
1404 1400 66 29 Nah
1485 1401 61 28 und
1562 1400 92 29 Fern!
1676 1400 60 29 den
1751 1399 260 34 unaufhörlichen,

1119 1452 59 28 den
1201 1451 74 29 leise
1300 1451 184 29 murrenden
1508 1451 94 28 Lärm
1625 1459 62 21 von
1711 1451 214 33 beständigem
1951 1451 61 28 und

1117 1500 155 31 feuchtem
1296 1501 127 30 Verfall!
1451 1502 148 29 seufzend
1623 1502 101 32 gaben
1750 1502 47 29 die
1823 1501 99 33 Särge
1947 1501 64 29 hier

1119 1553 60 28 und
1197 1552 39 29 da
1254 1553 88 33 nach,
1361 1553 60 28 und
1441 1554 53 28 mit
1516 1554 99 28 einem
1635 1552 129 29 Zischen
1782 1552 161 29 entfuhren
1963 1553 48 27 die

1118 1603 126 34 Dünste,
1265 1604 132 28 rieselnd
1418 1605 116 27 stürzte
1556 1603 54 29 der
1630 1602 71 32 Kies
1723 1603 96 29 durch
1841 1602 88 33 Risse
1950 1602 61 29 und

1117 1654 127 33 Spalten
1266 1654 110 33 hinein,
1400 1654 47 29 die
1471 1654 133 28 Leichen
1639 1654 126 28 rührten
1799 1654 64 28 sich
1897 1653 115 34 düster,

1118 1705 117 29 stießen
1260 1706 54 28 mit
1337 1706 98 28 einem
1458 1704 175 32 pfeifenden
1657 1704 144 29 Fauchen
1827 1704 85 29 ihren
1938 1705 60 28 stin-

1118 1755 121 29 kenden
1260 1755 107 29 Hauch
1392 1764 54 21 aus
1476 1774 38 2 —
1546 1755 60 28 und
1631 1755 104 34 horch,
1761 1755 67 33 still,
1851 1763 69 21 was
1944 1763 67 20 war

1117 1806 56 28 das
1188 1805 47 29 für
1254 1807 47 28 ein
1319 1806 224 34 entsetzliches,
1561 1806 48 28 ein
1627 1805 305 30 ununterbrochenes
1952 1805 40 29 Ge-

1117 1856 121 35 räusch,
1259 1856 55 30 das
1336 1865 70 20 man
1427 1856 86 30 mehr
1536 1857 92 29 ahnte
1651 1856 43 30 als
1714 1856 98 34 hörte,
1834 1858 47 27 ein
1903 1856 90 28 unauf-

1116 1907 161 34 hörliches,
1294 1907 232 32 winzigkleines
1543 1907 181 29 Zermahlen
1741 1907 61 29 und
1820 1906 192 30 Zermalmen

1117 1957 125 34 überall,
1265 1959 47 28 ein
1331 1957 222 33 Verschlingen
1574 1958 79 30 ohne
1674 1957 102 30 Pause
1799 1981 7 6 .
1828 1981 6 6 .
1857 1980 6 7 .
1885 1957 66 35 ach,
1974 1959 37 33 ja,

1117 2010 75 30 jetzt
1214 2008 113 33 begriff
1352 2017 32 20 er
1410 2017 46 21 es:
1482 2009 56 29 das
1564 2017 67 20 war
1657 2010 29 30 ja
1712 2009 48 28 die
1785 2007 146 30 Mahlzeit
1957 2008 54 29 der

1116 2058 156 30 Millionen
1287 2067 75 21 vom
1378 2058 131 34 Morgen
1524 2059 47 29 bis
1588 2068 72 20 zum
1676 2059 108 29 Abend
1801 2059 61 28 und
1879 2059 114 30 wieder-

1117 2118 51 20 um
1190 2118 75 20 vom
1287 2109 109 30 Abend
1418 2110 47 30 bis
1488 2119 70 20 zum
1580 2109 144 33 Morgen!
1752 2110 56 29 das
1830 2118 110 20 waren
1963 2110 48 29 die

1116 2160 149 29 Billionen
1280 2169 63 20 von
1361 2161 156 29 farblosen
1535 2161 60 29 und
1611 2161 209 29 lichtscheuen
1835 2160 176 34 Würmern,

1117 2211 49 29 die
1188 2211 108 30 fraßen
1318 2212 60 28 und
1401 2211 131 30 tranken
1554 2212 61 28 und
1639 2213 79 28 dazu
1742 2212 190 34 plauderten,
1956 2211 55 30 das

1117 2269 66 21 war
1213 2261 48 30 die
1289 2262 178 32 ungeheure
1495 2261 81 31 Erde
1604 2262 104 34 selbst,
1739 2262 48 29 die
1814 2262 197 34 mummelnd,

1115 2312 211 35 schmatzend,
1340 2313 121 28 kauend
1477 2313 64 29 ihre
1558 2313 239 29 unersättlichen
1813 2313 199 33 Eingeweide

1116 2362 84 30 füllte
1223 2385 7 7 .
1250 2385 8 8 .
1282 2385 6 7 .
1311 2365 82 27 mein
1418 2364 81 33 Gott,
1522 2372 67 20 war
1614 2364 65 30 dies
1703 2364 81 29 denn
1807 2364 110 29 wahr?
1943 2372 68 20 war

1117 2413 65 30 dies
1200 2413 221 35 Wirklichkeit,
1442 2415 65 33 das,
1524 2423 68 21 was
1613 2423 32 20 er
1664 2415 64 29 hier
1747 2415 88 28 hörte
1856 2415 60 28 und
1936 2415 75 29 roch

1119 2465 62 29 und
1206 2465 55 29 sah
1286 2474 50 19 —:
1364 2465 56 30 das
1446 2465 83 35 alles,
1555 2474 68 21 was
1649 2467 59 28 wir
1736 2466 70 29 dort
1832 2465 79 30 oben
1936 2473 75 20 vom

1115 2515 105 29 Leben
1235 2515 55 29 her
1307 2516 134 29 kannten
1456 2535 38 3 —
1507 2516 64 29 hier
1586 2516 51 32 lag
1654 2525 33 20 es
1704 2517 74 31 jetzt
1794 2516 60 29 und
1870 2516 141 29 moderte

1116 2566 63 29 hin!
1202 2566 83 35 alles,
1303 2575 68 20 was
1391 2568 57 27 wir
1468 2566 112 30 haßten
1598 2585 38 3 —
1655 2567 64 29 hier
1740 2575 67 20 war
1828 2575 33 21 es
1881 2566 112 29 verbor-

1115 2625 68 26 gen,
1198 2624 51 22 um
1263 2625 80 24 ganz
1358 2625 38 21 zu
1412 2618 251 29 verschwinden!
1682 2618 83 34 alles,
1781 2625 67 21 was
1864 2618 58 28 wir
1937 2617 61 30 lieb-

1115 2669 52 26 ten
1185 2684 38 4 —
1239 2667 64 28 hier
1324 2675 67 20 war
1413 2675 33 21 es
1466 2675 54 21 zur
1541 2667 87 33 Ruhe
1648 2668 158 33 bestattet,
1826 2675 51 20 um
1898 2667 111 29 restlos

1114 2717 196 32 ausgelöscht
1334 2726 37 20 zu
1395 2717 150 30 werden?

1169 2774 82 30 Aber
1270 2775 40 28 da
1327 2783 67 20 war
1414 2784 33 20 es
1465 2775 71 34 ihm,
1556 2776 44 28 als
1619 2776 107 28 werde
1745 2775 52 29 auf
1816 2776 109 28 einmal
1944 2776 66 30 sein

1116 2822 83 30 Herz
1222 2823 120 33 gellend
1366 2826 162 29 zerrissen.

1172 2873 40 30 Er
1234 2875 94 28 erhob
1348 2877 54 28 mit
1423 2876 98 29 einem
1543 2875 87 34 Ruck
1653 2875 105 33 dumpf
1776 2876 152 29 stöhnend
1951 2878 45 27 sei-

1115 2933 59 21 nen
1191 2923 87 35 Kopf.

1187 2976 32 28 In
1237 2976 104 29 seinen
1360 2976 169 30 Gedanken
1547 2977 130 29 brannte
1694 2978 48 28 ein
1759 2976 109 30 Schrei
1883 2987 50 20 —:

1173 3026 63 29 Sie!

1173 3076 59 34 Sie,
1255 3077 95 29 deren
1373 3087 32 20 er
1428 3078 63 29 sich
1515 3086 37 21 an
1576 3079 117 28 diesem
1715 3078 58 29 Ort
1795 3079 82 28 nicht
1900 3088 37 20 zu
1962 3088 32 20 er-

1117 3129 106 27 innern
1243 3128 141 32 wagte?!

1172 3178 68 35 SIE,
1264 3181 46 28 die
1332 3180 58 28 ihm
1411 3189 58 21 vor
1491 3183 79 27 zwei
1592 3180 111 30 Jahren
1726 3183 137 34 geraubt,
1886 3183 127 34 getötet,

1116 3230 116 27 seinem
1254 3227 86 30 Blick
1363 3229 60 29 und
1445 3230 117 28 seinem
1583 3229 104 28 Leben
1710 3232 153 30 entzogen
1884 3239 67 20 war
1974 3249 35 4 —

1116 3286 51 21 wo
1187 3286 67 21 war
1274 3280 45 28 sie
1338 3279 119 31 jetzt??
1479 3303 7 6 .
1508 3303 6 6 .
1535 3302 6 6 .

1172 3328 39 29 Er
1229 3329 107 33 schlug
1350 3331 56 29 mit
1421 3331 98 28 einem
1538 3330 123 29 Gebrüll
1677 3330 90 29 beide
1781 3331 113 30 Fäuste
1910 3340 99 24 gegen

1117 3380 64 28 sein
1204 3379 134 34 Gesicht,
1361 3380 106 32 preßte
1488 3380 74 29 wild
1583 3380 156 30 knurrend
1761 3382 48 29 die
1832 3382 108 32 Augen
1962 3391 47 25 zu,

1117 3429 103 30 wollte
1242 3430 83 29 nicht
1348 3431 95 29 sehen
1465 3450 38 3 —
1525 3431 62 28 und
1609 3431 56 29 sah
1689 3432 166 29 trotzdem:

1173 3488 83 29 Mein
1279 3489 81 34 Gott,
1383 3490 77 34 dort,
1481 3491 38 27 da
1541 3490 112 33 hinten,
1675 3492 87 28 unter
1787 3491 116 30 diesem
1925 3491 63 29 Mar-

1117 3542 254 31 mormonument,
1388 3540 54 30 das
1457 3542 30 27 in
1505 3540 53 29 der
1574 3540 99 29 Ferne
1689 3542 59 28 wie
1766 3544 47 26 ein
1829 3542 180 34 mächtiger,

1117 3589 47 28 ein
1185 3589 248 30 schneebleicher
1456 3591 147 29 Schatten
1624 3591 98 29 hinter
1746 3592 58 28 den
1826 3593 183 29 schwarzen

1117 3638 139 30 Bäumen
1285 3640 209 31 schimmerte!
1527 3643 88 27 unter
1647 3642 116 29 diesem
1792 3643 198 29 blumenüber-

1117 3688 131 30 deckten
1261 3689 108 36 Hügel,
1386 3691 154 30 umrahmt
1555 3700 62 20 von
1635 3692 99 28 einem
1752 3693 97 29 Gitter
1867 3694 55 29 mit
1938 3694 70 29 dem

1115 3738 99 30 Feuer
1237 3740 146 32 goldener
1406 3741 134 35 Spitzen,
1564 3742 40 28 da
1625 3742 106 29 hatten
1755 3745 44 28 sie
1823 3744 87 29 ihren
1932 3744 58 31 Kör-

1117 3798 53 24 per
1186 3790 195 34 hinabgelegt
1395 3811 38 4 —
1448 3792 59 30 den
1523 3792 152 33 geliebten
1691 3793 61 29 und
1768 3794 239 30 mißhandelten!

1117 3840 142 34 unzählig
1280 3841 80 29 viele
1383 3841 82 31 Male
1490 3843 114 32 geküßt
1628 3843 62 29 und
1712 3843 166 34 umfangen
1900 3846 30 28 in
1953 3854 38 20 un-

1117 3890 188 31 nennbarem
1331 3892 96 29 Glück
1451 3912 38 3 —
1513 3893 109 28 darauf
1645 3895 154 28 zerrissen
1823 3903 62 20 von
1910 3896 98 28 einem

2094 76 260 32 blindgeborenen
2371 75 116 29 Wesen
2504 79 53 27 mit
2575 79 82 27 einer
2675 77 115 34 Klinge,
2807 85 62 20 von
2887 77 98 28 einem

2095 125 69 30 Tier
2184 126 53 28 der
2253 125 90 30 Tiere
2362 127 53 27 mit
2432 126 145 32 blutigem
2596 127 83 29 Zahn
2696 147 37 4 —
2750 128 60 28 und
2828 128 82 32 jetzt,
2928 135 57 21 vor

2091 181 78 26 zwei
2190 177 157 29 unendlich
2368 179 108 31 langen
2497 178 111 30 Jahren
2627 202 5 5 .
2655 203 5 4 .
2683 204 6 5 .
2709 181 77 33 nein,
2806 180 47 27 ich
2872 179 61 28 will
2954 188 34 19 es

2095 226 90 33 nicht,
2205 226 47 29 ich
2272 226 112 28 wende
2404 225 58 29 den
2482 225 79 32 Kopf
2581 228 47 33 ab,
2649 228 46 28 ich
2716 228 99 33 fliehe,
2835 227 47 28 ich
2904 226 82 29 reiße

2095 278 55 26 mir
2173 276 48 28 die
2243 276 107 32 Augen
2372 284 65 25 aus,
2459 276 47 28 ich
2527 276 61 28 will
2610 278 81 28 nicht
2713 278 104 33 sehen,
2841 278 69 27 hört
2931 276 56 33 ihr,

2094 326 69 34 fort,
2187 327 104 28 nehmt
2315 335 32 20 es
2369 334 81 25 weg,
2473 326 45 28 ihr
2542 326 72 33 lügt,
2639 329 43 26 sie
2705 330 38 26 ist
2768 337 33 19 es
2824 327 90 33 nicht,
2939 327 47 29 ich

2095 376 78 29 weiß
2195 385 42 25 es,
2259 377 47 28 ich
2327 377 81 28 fühle
2430 385 33 20 es
2483 384 36 21 so
2540 376 132 29 deutlich
2693 378 125 33 überall,
2839 379 44 28 sie
2905 377 82 28 kann

2096 435 33 20 es
2146 427 83 29 nicht
2246 429 74 32 sein,
2337 428 45 29 sie
2400 429 38 27 ist
2457 428 55 27 das
2533 427 38 28 da
2588 428 128 28 niemals
2733 437 155 25 gewesen,
2907 427 80 29 Hilfe

2094 476 60 30 fort
2174 485 62 20 von
2258 478 72 33 hier,
2351 478 62 28 laßt
2433 478 80 28 mich
2535 478 45 28 los
2599 495 38 3 —
2657 478 78 33 nein,
2756 479 77 34 nein,
2856 478 48 29 ich
2925 477 62 29 will

2095 527 79 28 doch
2202 527 99 34 dahin,
2328 528 62 28 laßt
2416 529 80 28 mich
2519 527 104 33 gleich
2654 527 91 28 dahin
2771 529 153 33 kommen,
2953 537 33 20 es

2095 577 59 33 eilt,
2176 578 46 27 ich
2243 577 61 29 will
2326 579 64 28 ihre
2415 579 122 28 Glieder
2560 579 55 28 mit
2636 577 59 29 den
2717 579 119 28 meinen
2858 579 129 33 decken,

2095 628 47 28 ich
2166 628 61 28 will
2253 628 84 28 ihren
2363 628 118 33 Körper
2505 637 57 20 vor
2587 629 90 28 ihnen
2703 628 76 29 allen
2806 630 97 28 hinter
2930 631 56 26 mir

2094 678 95 29 selbst
2229 678 184 34 verbergen,
2451 680 49 28 ich
2540 679 61 29 will
2634 680 88 28 einen
2754 679 232 29 unerbittlichen

2093 728 101 34 Krieg,
2217 728 67 32 Tag
2307 729 61 28 und
2391 729 107 33 Nacht,
2522 738 99 24 gegen
2645 729 57 29 alle
2725 729 48 28 die
2797 729 117 34 führen,
2938 730 49 28 die

2093 779 64 28 sich
2175 779 68 28 dort
2258 779 175 32 begehrlich
2448 780 123 34 rühren,
2587 781 47 28 ich
2650 780 61 29 will
2728 781 53 27 mit
2796 779 115 28 Armen
2926 780 61 28 und

2094 829 116 29 Beinen
2232 830 61 27 und
2313 828 124 31 Zähnen
2459 830 140 33 dagegen
2623 830 185 33 ankämpfen
2830 849 37 2 —
2888 838 99 25 gegen

2095 880 83 29 diese
2199 879 159 29 Stummen
2381 880 60 28 und
2463 880 138 34 Weißen,
2623 882 47 28 die
2691 881 65 29 hier
2778 880 139 33 gefräßig
2938 889 50 20 um

2094 931 68 28 dich
2190 931 107 28 herum
2323 931 154 32 kriechen,
2505 931 105 34 Annie,
2636 932 69 28 hast
2731 932 40 28 du
2797 931 120 34 gehört,
2944 933 44 27 sei

2093 981 82 30 nicht
2197 981 87 28 mehr
2307 981 111 33 bange,
2440 982 47 28 ich
2509 981 132 34 komme,
2663 984 100 27 meine
2787 982 148 34 Geliebte,
2959 983 28 31 ja

2092 1033 38 32 ja,
2149 1032 46 28 ich
2215 1032 122 28 komme
2357 1040 35 20 so
2411 1031 115 30 schnell
2544 1032 48 29 ich
2610 1033 92 28 kann!
2723 1058 6 5 .
2749 1056 5 5 .
2774 1056 5 5 .

2149 1090 154 32 Langsam
2322 1091 89 27 ward
2431 1099 32 21 er
2483 1091 64 28 sich
2567 1092 99 27 seiner
2685 1092 95 28 selbst
2799 1092 117 28 wieder
2933 1092 37 28 be-

2092 1140 94 29 wußt.

2149 1191 38 28 Er
2203 1191 90 29 stand
2310 1191 211 29 schwindelnd
2538 1192 47 33 da,
2601 1193 55 28 mit
2667 1192 181 32 hängenden
2864 1193 124 33 Armen,

2093 1244 53 27 mit
2163 1242 212 29 keuchendem
2394 1242 99 34 Atem,
2512 1242 59 29 den
2589 1242 80 32 Kopf
2685 1243 303 33 vornübergebeugt,

2093 1295 43 29 als
2159 1297 43 27 sei
2225 1295 51 28 der
2298 1294 185 29 Halswirbel
2505 1294 185 33 gebrochen.

2149 1345 43 27 An
2216 1346 64 26 sein
2303 1344 64 29 Ohr
2390 1346 98 32 drang
2507 1346 53 27 auf
2581 1345 118 31 einmal,
2722 1347 59 27 wie
2805 1355 54 19 aus
2882 1347 108 30 weiter

2091 1393 108 33 Ferne,
2218 1393 54 29 das
2291 1393 71 29 tiefe
2382 1393 59 28 und
2458 1393 75 30 leise
2552 1393 160 29 Geräusch
2731 1394 84 27 eines
2833 1392 154 29 Stöhnens

2091 1463 37 2 —
2146 1444 97 32 gleich
2263 1444 69 28 dem
2353 1444 62 29 fast
2434 1444 195 29 unhörbaren
2652 1443 155 30 Glucksen
2829 1444 83 29 eines
2934 1451 36 22 un-

2092 1495 210 33 terirdischen,
2326 1494 127 30 reißend
2474 1494 169 30 rinnenden
2665 1494 149 30 Stromes.

2148 1552 40 29 Er
2204 1562 59 23 zog
2281 1553 47 29 die
2345 1553 116 32 Lippen
2478 1561 189 25 zusammen,
2684 1553 106 29 lüftete
2808 1553 111 28 darauf
2936 1554 53 27 mit

2093 1604 242 31 abgestorbener
2368 1603 92 31 Hand
2489 1604 105 29 seinen
2625 1603 149 30 Strohhut
2805 1606 47 26 ein
2882 1605 103 31 wenig

2089 1663 62 19 von
2169 1654 70 29 dem
2256 1654 143 34 Scheitel,
2417 1655 160 29 trocknete
2597 1657 84 27 seine
2699 1654 92 35 Stirn,
2809 1654 95 30 fühlte
2923 1655 64 29 sich

2091 1703 208 30 vollkommen
2325 1704 165 34 erschöpft,
2516 1705 155 34 todmüde,
2698 1713 33 21 es
2757 1705 174 28 schmerzte
2957 1705 31 28 in

2092 1755 105 28 seinen
2223 1755 167 34 Gelenken,
2415 1755 48 29 die
2486 1754 76 32 Knie
2587 1757 143 28 zitterten
2756 1757 87 27 unter
2870 1757 117 27 seinem

2093 1805 142 29 Gewicht
2252 1823 38 4 —
2308 1814 33 21 er
2357 1807 105 31 wagte
2479 1806 82 29 nicht
2578 1814 38 20 zu
2632 1806 185 34 versuchen,
2834 1806 66 29 sich
2918 1806 53 28 des-

2091 1865 55 20 sen
2167 1865 37 19 zu
2225 1858 151 33 erinnern,
2396 1865 68 21 was
2484 1856 117 30 soeben
2620 1857 176 32 geschehen
2817 1865 76 20 war.

2148 1907 62 29 Sah
2228 1907 63 29 sich
2310 1907 195 33 dahingegen
2519 1907 141 33 langsam
2677 1915 61 26 um,
2756 1907 146 30 erblickte
2921 1908 67 28 eine

2091 1957 88 29 Bank
2201 1959 97 31 einige
2321 1957 134 30 Schritte
2476 1958 162 29 weiterhin
2658 1976 39 4 —
2719 1957 51 30 auf
2792 1960 99 27 einem
2911 1958 58 29 Mei-

2091 2017 59 20 nen
2173 2007 123 31 offenen
2318 2008 96 29 Platz.

2148 2066 164 30 Entschloß
2333 2067 73 34 sich,
2428 2067 91 29 dahin
2540 2077 38 19 zu
2598 2068 109 33 gehen,
2728 2067 118 30 merkte
2867 2068 41 28 im
2929 2067 45 30 sel-

2091 2118 60 29 ben
2173 2117 56 35 Nu,
2251 2118 59 29 daß
2333 2127 32 20 er
2385 2118 76 29 über
2484 2117 57 30 alle
2563 2117 116 30 Maßen
2699 2118 119 33 durstig
2839 2126 77 26 war,
2938 2118 49 29 die

2092 2167 103 34 Zunge
2218 2169 103 29 klebte
2345 2169 60 28 ihm
2430 2169 69 29 dick
2523 2170 41 27 im
2587 2168 125 35 Munde,
2735 2170 84 28 seine
2843 2168 145 30 Schläfen

2091 2220 159 28 brannten.
2269 2219 39 29 Er
2326 2220 123 29 machte
2467 2221 66 28 eine
2552 2220 226 29 schmeckende
2796 2218 191 36 Bewegung,

2090 2270 48 29 für
2159 2271 66 29 eine
2244 2270 146 30 Sekunde
2410 2279 67 21 war
2498 2272 66 28 eine
2585 2270 192 33 Erinnerung
2797 2272 40 27 im
2859 2269 128 35 Begriff,

2091 2321 138 29 dadurch
2255 2322 29 27 in
2309 2322 61 28 ihm
2396 2329 37 21 zu
2471 2321 175 34 erwachen,
2683 2322 48 28 ein
2764 2320 223 33 Kälteschauer

2090 2374 109 27 rannte
2218 2372 94 29 durch
2331 2373 85 28 seine
2436 2371 123 30 Glieder
2575 2390 38 4 —
2630 2372 73 29 aber
2724 2372 80 29 dann
2824 2371 163 30 schüttelte

2091 2431 33 20 er
2145 2422 172 29 fieberwild
2339 2423 59 28 den
2416 2421 82 34 Kopf
2516 2423 62 29 und
2597 2423 65 33 fing
2683 2431 39 20 an
2743 2432 37 19 zu
2803 2423 109 33 gehen,
2933 2422 37 30 be-

2088 2474 123 32 ständig
2237 2474 59 28 den
2322 2473 63 29 Hut
2410 2475 30 27 in
2466 2473 55 30 der
2549 2473 99 35 Hand,
2685 2474 48 29 die
2770 2473 82 30 Füße
2888 2473 99 30 hinter

2090 2523 65 29 sich
2175 2523 254 33 herschleppend.

2147 2580 39 31 Er
2202 2583 152 28 erreichte
2366 2585 162 30 ungestört
2544 2583 48 28 die
2608 2583 109 33 kleine,
2732 2582 256 33 hellgestrichene

2092 2632 191 34 Gitterbank,
2308 2635 99 28 setzte
2432 2634 64 29 sich
2523 2634 123 29 schwer
2673 2634 61 28 und
2758 2634 140 32 langsam
2924 2634 48 29 nie-

2091 2684 55 28 der
2167 2702 39 3 —
2227 2684 61 28 und
2312 2684 94 30 fühlte
2430 2684 65 29 sich
2519 2684 203 29 unerklärlich
2747 2683 118 34 befreit,
2891 2684 96 30 schon

2089 2735 32 27 in
2140 2735 69 29 dem
2229 2735 198 34 Augenblick,
2448 2743 51 20 wo
2520 2743 32 21 er
2570 2734 64 30 saß.

2147 2785 32 28 In
2205 2787 98 27 einem
2329 2785 95 33 Haus,
2448 2787 74 27 weit
2547 2785 131 30 entfernt
2705 2785 78 30 nach
2809 2785 106 30 rechts
2939 2794 48 26 zu,

2093 2835 166 30 außerhalb
2290 2836 54 28 der
2375 2836 283 34 Friedhofsmauer,,
2685 2836 110 30 wurde
2825 2837 32 28 in
2886 2833 99 32 einem

2089 2886 132 30 Zimmer
2249 2886 55 30 des
2330 2888 121 28 vierten
2479 2886 203 31 Stockwerks
2721 2888 56 29 das
2805 2887 183 30 elektrische

2089 2936 87 29 Licht
2195 2936 171 33 angedreht
2382 2955 38 4 —
2437 2945 33 21 es
2490 2945 117 25 sprang
2625 2938 44 29 als
2686 2938 68 29 vier
2772 2938 99 34 gelbe,
2889 2938 98 28 kleine

2090 2985 123 30 Platten
2235 2985 51 30 auf
2309 2986 109 30 einmal
2441 2987 40 29 da
2501 2987 105 29 hinten
2627 2989 31 27 in
2681 2988 60 28 den
2762 2987 150 29 Fenstern
2937 2987 52 29 auf

2091 3037 60 28 und
2180 3037 122 31 machte
2329 3037 193 33 gleichzeitig
2551 3037 55 30 das
2635 3037 192 30 Halbdunkel
2858 3046 50 19 um
2935 3038 51 29 ihn

2090 3087 54 29 her
2162 3086 61 31 fast
2241 3088 153 29 schwarz.

2147 3138 107 29 Hinter
2271 3138 62 30 ihm
2352 3139 122 32 begann
2491 3140 49 28 die
2559 3138 275 33 Ausgangsglocke
2853 3138 54 30 auf
2923 3140 48 28 ein-

2091 3189 59 29 mal
2166 3189 118 29 wieder
2303 3198 38 20 zu
2358 3190 116 28 läuten:
2495 3189 69 34 Gut,
2580 3192 62 31 gut,
2660 3189 121 34 jawohl,
2800 3191 30 27 in
2846 3189 68 29 fünf
2928 3189 39 29 Mi-

2090 3242 93 27 nuten
2211 3240 153 29 schließen
2392 3241 44 28 sie
2464 3240 55 29 das
2556 3240 71 34 Tor,
2663 3249 37 20 es
2733 3241 40 28 ist
2807 3240 78 29 noch
2921 3239 65 30 Zeit

2090 3291 114 32 genug!
2229 3313 6 6 .
2256 3314 7 6 .
2284 3313 5 6 .

2146 3340 39 30 Er
2210 3341 93 34 hatte,
2326 3342 63 28 sich
2413 3344 108 27 immer
2544 3342 118 29 wohler
2684 3341 133 34 fühlend,
2841 3342 59 28 den
2923 3340 64 30 Hut

2090 3399 38 20 an
2147 3393 83 27 seine
2249 3391 84 30 Seite
2350 3392 113 34 gelegt,
2480 3393 84 28 hatte
2582 3392 56 28 das
2655 3393 66 28 eine
2739 3390 76 33 Knie
2832 3392 77 29 über
2928 3392 56 29 das

2091 3442 113 29 andere
2226 3443 169 33 geworfen,
2417 3443 64 29 sich
2503 3442 242 32 zurückgelehnt
2763 3461 38 3 —
2821 3443 62 28 und
2903 3443 82 33 legte

2089 3500 61 21 nun
2166 3493 59 28 den
2240 3493 128 29 rechten
2383 3493 73 28 Arm
2474 3493 75 29 über
2568 3493 47 28 die
2633 3491 177 33 Rücklehne
2827 3494 54 29 der
2897 3493 88 30 Bank

2091 3543 58 28 den
2169 3542 96 31 Stock
2283 3545 29 26 in
2331 3544 55 29 der
2406 3544 102 29 linken
2526 3543 90 28 Hand
2635 3544 124 29 haltend
2779 3544 61 29 und
2858 3544 52 29 ihn
2929 3551 37 21 un-

2089 3594 180 28 willkürlich
2296 3603 58 19 vor
2380 3594 64 29 sich
2470 3594 50 28 hin
2546 3594 61 28 und
2634 3594 54 29 her
2716 3594 139 33 führend,
2884 3594 99 29 kleine

2089 3643 203 33 Zirkelbögen
2314 3646 29 27 in
2367 3644 58 28 den
2448 3644 133 28 blonden
2604 3644 73 32 Kies
2700 3645 127 29 ritzend.

2145 3693 40 30 Es
2208 3695 84 29 hatte
2314 3697 48 27 ein
2383 3696 104 30 wenig
2507 3703 38 20 zu
2568 3695 112 29 wehen
2703 3696 170 32 begonnen,
2897 3695 65 29 wäh-

2088 3745 77 28 rend
2187 3753 33 21 es
2241 3745 193 32 gleichzeitig
2453 3745 127 29 dunkler
2601 3746 118 29 wurde.

2145 3794 57 30 Mit
2222 3794 234 33 Wohlbehagen
2475 3796 54 29 bot
2550 3805 32 20 er
2604 3798 84 27 seine
2708 3795 82 29 Stirn
2811 3796 54 29 der
2886 3795 96 32 Kühle

2090 3845 54 29 des
2168 3845 128 29 Windes
2319 3846 64 33 dar,
2406 3845 99 33 genoß
2529 3847 88 29 einen
2639 3846 189 32 Augenblick
2851 3848 30 28 in
2904 3846 78 29 allen

2088 3895 102 29 Poren
2216 3897 84 28 seine
2326 3896 134 31 Frische,
2505 3897 153 28 Lauschte
2685 3896 126 34 sodann,
2840 3897 143 32 plötzlich
