2715 3924
579 1777 369 99 IGOR
1032 1774 1011 99 STRAWINSKY

248 2005 88 55 Le
371 2002 299 81 trépidant
709 2003 212 57 essaim
957 2002 98 57 des
1089 2002 275 56 danseurs
1397 2021 186 37 russes
1617 1999 187 70 vibre,
1841 2021 238 36 comme
2118 2012 130 45 tous
2294 2001 80 54 les
2407 2020 100 37 ans
2542 1998 30 59 à

80 2092 233 80 pareille
347 2090 258 81 époque,
643 2091 140 56 dans
816 2092 53 55 la
903 2090 187 57 ruche
1136 2088 458 57 bourdonnante
1646 2087 80 57 du
1784 2087 297 58 Châtelet.
2144 2088 137 56 Une
2337 2086 112 58 fois
2502 2086 70 57 de

79 2182 144 79 plus,
258 2181 80 57 les
375 2180 281 57 Barbares
714 2180 79 56 du
851 2179 176 57 Nord
1080 2180 284 56 viennent
1422 2176 344 58 démontrer
1823 2198 115 35 aux
1998 2177 205 56 Latins
2260 2198 115 57 que
2427 2196 149 37 nous

80 2290 271 49 sommes,
402 2269 56 57 la
506 2266 355 81 supériorité
922 2267 72 56 de
1043 2267 128 56 leur
1229 2267 246 56 instinct
1521 2285 96 37 sur
1674 2279 169 42 notre
1902 2265 232 56 culture
2184 2278 55 43 et
2290 2262 289 57 humilier

79 2356 341 60 l'Occident
455 2356 70 57 de
578 2370 134 43 tout
760 2358 53 55 le
863 2355 180 58 subtil
1086 2354 153 58 éclat
1288 2354 71 57 de
1414 2355 55 56 la
1521 2373 222 58 sagesse
1800 2354 304 56 orientale.
2159 2354 174 56 Nous
2394 2352 185 56 allons

79 2445 244 80 prendre
359 2446 367 56 docilement
761 2459 169 42 notre
963 2445 173 78 leçon
1171 2444 272 56 annuelle
1489 2441 72 58 de
1607 2443 297 77 peinture,
1951 2440 146 57 d'art
2144 2438 310 72 décoratif,
2506 2439 71 57 de

82 2535 454 79 chorégraphie,
573 2535 71 56 de
680 2535 146 56 mise
860 2554 71 36 en
967 2532 171 58 scène
1173 2547 57 42 et
1264 2532 514 57 d'orchestration.

253 2626 173 55 Ceux
460 2624 106 78 qui
601 2624 235 56 suivent
872 2622 459 57 attentivement
1367 2640 91 36 ces
1494 2638 170 38 cours
1700 2631 103 43 ont
1837 2638 82 57 pu
1969 2637 342 58 remarquer
2360 2637 116 58 que
2523 2617 54 56 le

84 2713 123 78 plus
243 2713 253 57 curieux
529 2726 56 43 et
611 2712 54 56 le
699 2712 131 79 plus
864 2711 312 78 personnel
1212 2708 71 57 de
1317 2728 93 37 ces
1444 2704 357 82 professeurs
1836 2703 395 80 d'esthétique
2265 2702 315 81 comparée

83 2798 135 60 était
253 2801 341 79 également
628 2801 53 56 le
731 2801 132 77 plus
897 2800 171 69 jeune
1104 2798 71 56 de
1212 2811 149 43 tous.
1400 2797 102 56 Un
1549 2794 336 58 adolescent
1932 2793 269 57 imberbe
2257 2792 31 58 à
2342 2793 239 78 l'aspect

86 2888 190 59 chétif
308 2904 57 43 et
412 2911 72 37 au
520 2886 176 82 profil
740 2890 138 76 aigu
924 2886 92 58 fut
1066 2883 210 71 traîné,
1312 2906 79 36 un
1428 2886 136 67 soir,
1598 2904 97 37 sur
1734 2883 53 56 la
1836 2881 170 58 scène
2053 2902 103 59 par
2203 2881 285 79 Nijinsky
2524 2894 58 43 et

87 2979 321 57 Karsavina
444 2976 166 81 après
644 2999 116 35 une
794 2975 469 80 représentation
1300 2972 391 80 triomphale;
1720 2985 132 43 tout
1876 2972 150 78 pâle,
2062 2991 142 36 avec
2238 2971 55 56 la
2319 2968 226 80 gauche-

86 3068 77 57 rie
196 3083 57 42 et
286 3069 55 56 la
375 3065 267 60 timidité
679 3066 99 57 des
812 3085 249 60 myopes
1095 3062 277 80 aveuglés
1405 3083 105 58 par
1541 3062 55 56 la
1629 3081 224 58 rampe,
1885 3061 39 55 il
1959 3061 157 56 salua
2151 3057 344 60 sèchement
2529 3059 52 54 la

84 3153 156 61 foule
275 3178 71 36 en
383 3170 302 44 torturant
721 3175 104 37 son
859 3154 237 57 binocle
1124 3173 141 37 avec
1301 3173 77 35 un
1409 3149 415 58 attendrissant
1852 3148 319 58 embarras:
2210 3145 202 60 c'était
2443 3146 141 78 Igor

87 3244 362 80 Strawinsky
486 3247 124 77 qui,
647 3264 142 37 avec
1571 3243 36 58 Y
1621 3244 201 56 Oiseau
2139 3241 64 56 de
2333 3243 115 56 Feu
1353 3254 57 42 et
1853 3238 200 56 venait
2088 3236 71 58 de
2187 3255 148 37 nous
2361 3234 223 57 donner

86 3330 151 60 deux
271 3330 467 61 chefs-d'œuvre
779 3346 57 42 et
883 3332 231 77 prenait
1161 3328 141 58 dans
1347 3327 289 58 l'histoire
1683 3325 73 57 de
1800 3325 55 56 la
1898 3325 278 78 musique
2228 3335 317 65 contempo-

87 3422 155 57 raine
275 3443 115 36 une
430 3423 164 78 place
630 3442 116 59 que
780 3419 104 57 nul
919 3440 72 35 ne
1025 3418 299 79 songerait
1359 3415 423 59 actuellement
1818 3412 30 58 à
1880 3414 86 56 lui
2002 3413 283 79 disputer.

258 3513 71 56 Sa
364 3512 207 76 gloire,
607 3509 150 59 chez
806 3529 170 49 nous,
1016 3521 84 44 est
1136 3507 218 57 d'assez
1396 3503 229 59 fraîche
1663 3503 133 57 date
1830 3523 154 59 pour
2018 3502 152 79 qu'il
2215 3521 71 35 ne
2332 3499 113 57 soit
2485 3518 99 59 pas
