2715 3924
1200 207 61 70 S.
1329 206 55 71 I.
1451 206 109 71 M.

134 245 51 63 4

138 358 197 64 donné
372 361 300 57 naissance
724 355 31 59 à
811 376 117 37 une
978 352 141 73 fille,
1152 352 679 60 Anne-Marie-Louise
1865 349 315 60 d'Orléans
2238 350 288 59 duchesse
2578 350 71 58 de

140 450 429 80 Montpensier
602 447 106 80 qui
743 444 198 59 hérita
973 444 99 59 des
1106 442 166 60 biens
1307 442 71 59 de
1427 464 57 37 sa
1517 441 185 71 mère,
1736 440 95 58 fut
1882 438 201 60 élevée
2117 461 105 59 par
2254 441 80 57 les
2387 441 155 57 soins
2578 440 71 57 de

137 543 56 57 la
226 541 184 68 reine,
446 550 102 45 eut
595 538 141 55 titre
771 535 71 57 de
876 531 117 60 fille
1042 532 73 59 de
1150 534 249 68 France,
1436 529 226 82 qualité
1714 530 295 58 d'Altesse
2045 530 232 81 Royale
2329 544 57 43 et
2441 530 207 56 devint

140 626 232 63 célèbre
405 647 105 59 par
541 626 54 56 la
628 638 131 66 part
795 623 216 80 qu'elle
1042 623 122 78 prit
1197 620 32 59 à
1276 621 56 58 la
1383 640 214 60 guerre
1630 619 73 57 de
1752 620 55 56 la
1843 618 237 58 Fronde
2114 615 78 60 où
2226 619 111 56 elle
2370 618 278 78 vainquit

138 720 83 58 les
254 715 226 61 armées
514 714 81 58 du
632 715 159 79 Roy.

321 806 94 57 En
461 803 183 79 1634,
681 803 229 57 Gaston
945 797 313 61 d'Orléans
1300 797 80 80 (+
1439 797 213 78 1671),
1688 809 313 45 resserrant
2036 795 149 59 ainsi
2232 795 82 57 les
2346 795 149 57 liens
2544 795 105 79 qui

141 894 368 60 l'unissaient
566 891 31 58 à
651 892 55 56 la
757 891 231 57 maison
1045 888 71 57 de
1150 888 310 69 Lorraine,
1496 884 221 82 épouse
1770 886 384 77 Marguerite
2211 884 72 57 de
2337 884 311 70 Lorraine,

143 1005 157 38 sœur
334 982 80 57 du
448 981 117 58 duc
601 978 247 60 Charles
884 978 90 57 IV
1016 976 79 78 (+
1156 976 212 78 1674)»

325 1072 140 56 Une
498 1067 120 60 fille
667 1070 152 56 issue
867 1067 73 57 de
994 1080 156 43 cette
1208 1066 210 70 union,
1457 1063 462 59 Mademoiselle
1953 1062 71 57 de
2061 1062 225 70 Valois,
2323 1061 219 81 épouse
2577 1082 71 37 en

157 1161 182 69 1661,
376 1161 53 55 le
463 1157 187 80 grand
684 1156 116 58 duc
835 1156 72 57 de
938 1156 295 67 Toscane,
1267 1175 106 58 par
1402 1153 321 58 Monsieur
1745 1152 72 59 de
1845 1150 236 59 Béziers
2107 1173 105 35 son
2240 1150 410 58 ambassadeur

146 1247 470 61 extraordinaire
678 1242 211 82 auprès
952 1244 71 57 de
1088 1244 188 57 Louis
1331 1242 175 70 XIV,
1651 1241 319 57 Monsieur
2031 1240 53 57 le
2149 1240 115 57 duc
2328 1240 72 57 de
2462 1240 188 57 Guise

146 1339 156 57 avait
335 1338 55 56 la
423 1335 386 80 procuration
846 1333 72 55 de
954 1333 320 57 Monsieur
1307 1333 53 54 le
1394 1329 187 81 grand
1617 1329 180 58 duc...
1907 1327 158 59 C'est
2114 1349 117 58 que
2263 1329 83 56 les
2371 1329 279 56 relations

146 1441 166 44 entre
345 1427 82 55 les
462 1423 213 80 grands
710 1421 143 58 ducs
885 1421 72 56 de
992 1421 271 58 Toscane
1298 1433 57 43 et
1388 1420 81 56 les
1501 1419 236 79 princes
1771 1418 72 57 de
1891 1418 53 56 la
1978 1416 228 59 maison
2257 1418 72 56 de
2363 1418 287 56 Lorraine

147 1515 222 59 étaient
404 1512 241 58 étroites
678 1524 79 57 et,
794 1531 71 35 en
909 1509 184 79 1607,
1128 1528 148 37 nous
1327 1528 226 60 voyons
1586 1521 166 43 entre
1816 1519 193 43 autres
2056 1504 155 71 faits,
2248 1505 245 59 Charles
2528 1505 122 70 111,

148 1604 117 59 duc
300 1603 71 57 de
406 1602 309 67 Lorraine,
749 1599 146 57 dont
929 1601 54 54 la
1018 1595 336 83 quatrième
1374 1594 119 60 fille
1528 1595 307 59 Christine
1862 1597 155 56 avait
2045 1593 218 81 épousé
2290 1594 358 70 Ferdinand,

151 1691 338 81 grand-duc
526 1688 69 59 de
630 1689 293 68 Toscane,
960 1687 227 56 donner
1222 1686 309 78 quittance
1584 1684 177 57 d'une
1796 1705 231 36 somme
2079 1684 71 56 de
2191 1703 233 58 30.000
2459 1681 191 59 francs

150 1782 151 80 qu'il
357 1781 156 57 avait
570 1775 356 82 empruntée
984 1797 71 36 au
1116 1772 498 60 Mont-de-Piété
1679 1773 72 57 de
1808 1773 305 57 Florence.
2178 1771 472 81 Fréquemment

151 1870 320 67 d'ailleurs,
507 1868 80 56 les
620 1866 318 77 banquiers
971 1877 252 56 toscans,
1258 1861 359 58 avancèrent
1666 1861 98 58 des
1797 1881 259 38 sommes
2090 1862 398 78 importantes
2536 1881 114 37 aux

151 1959 142 57 ducs
330 1957 71 58 de
435 1956 306 57 Lorraine.

330 2046 108 70 Or,
474 2046 53 56 la
561 2045 230 56 maison
827 2042 69 58 de
932 2042 290 56 Lorraine
1255 2039 294 81 possédait
1585 2041 53 56 la
1689 2040 335 77 seigneurie
2065 2053 56 43 et
2175 2039 358 57 châtellenie
2582 2037 68 59 de

155 2138 209 67 Boves,
399 2135 54 56 le
486 2133 325 78 marquisat
847 2130 71 57 de
949 2131 223 78 Moiiy,
1205 2130 81 56 les
1335 2143 179 43 terres
1566 2143 57 42 et
1680 2126 196 59 duché
1935 2129 71 54 de
2043 2129 188 56 Guise
2283 2125 266 60 formant
2601 2128 49 55 le

151 2236 476 68 gouvernement
681 2220 345 80 particulier
1078 2219 71 57 de
1200 2219 188 56 Guise
1446 2218 104 78 qui
1606 2215 146 59 était
1806 2218 189 78 partie
2047 2216 78 58 du
2178 2230 472 65 gouvernement

150 2310 241 82 général
425 2310 71 58 de
534 2309 289 57 Picardie.
866 2308 298 57 Plusieurs
1199 2305 297 58 membres
1531 2305 72 58 de
1652 2307 53 54 la
1740 2305 231 58 maison
2024 2304 71 57 de
2131 2305 287 56 Lorraine
2469 2318 56 43 et
2583 2304 67 57 de

152 2403 134 69 Bar,
322 2397 367 81 occupèrent
725 2397 418 79 d'importants
1178 2394 559 57 commandements
1785 2415 154 58 pour
1971 2394 53 56 le
2061 2394 136 79 Roy
2249 2415 69 35 en
2359 2393 291 71 Picardie,

152 2491 70 57 de
256 2490 200 57 même
493 2509 115 58 que
644 2486 70 58 de
748 2484 341 59 nombreux
1121 2483 234 80 picards
1404 2497 103 43 ont
1542 2481 165 59 laissé
1757 2503 81 36 un
1874 2503 145 36 nom
2069 2482 142 57 dans
2243 2482 290 57 l'histoire
2583 2482 67 57 de

148 2580 56 57 la
239 2578 307 58 Lorraine.
585 2576 51 57 Il
669 2597 37 59 y
740 2596 32 36 a
805 2596 72 36 eu
913 2573 98 59 des
1044 2572 293 79 échanges
1371 2573 273 69 certains,
1672 2586 166 43 entre
1872 2572 80 56 les
1986 2571 158 57 deux
2170 2572 314 78 provinces
2508 2572 142 56 dont

150 2670 81 56 les
264 2666 255 58 familles
552 2664 315 58 s'allièrent
902 2662 469 80 fréquemment,
1407 2661 80 57 du
1523 2662 118 56 XV
1646 2664 16 20 e
1694 2683 75 35 au
1803 2661 189 57 XVII
1998 2666 16 20 e
2045 2658 194 60 siècle.

330 2756 239 57 Devant
603 2774 94 37 ces
729 2751 157 71 faits,
910 2751 527 80 historiquement,
1457 2750 60 79 je
1549 2747 95 60 fus
1679 2750 368 57 convaincue
2084 2770 115 57 que
2234 2749 44 57 si
2307 2749 179 80 Lully
2509 2746 140 60 était

147 2845 273 73 français,
457 2864 74 36 on
569 2844 326 56 trouverait
929 2843 54 55 la
1016 2841 334 78 seigneurie
1385 2840 72 56 de
1491 2860 82 36 ses
1608 2838 186 80 pères,
1830 2838 141 58 dans
2020 2840 172 56 celles
2225 2859 57 36 se
2316 2838 333 58 rattachant

148 2934 32 58 à
214 2956 80 35 un
330 2934 138 56 titre
503 2934 379 77 quelconque
914 2929 32 57 à
978 2930 54 56 la
1065 2930 228 56 maison
1330 2928 73 57 de
1437 2929 307 56 Lorraine.

329 3022 343 68 D'ailleurs,
706 3020 95 56 l'Y
838 3019 70 57 de
943 3039 102 37 son
1082 3039 145 36 nom
1276 3017 296 58 trahissait
1606 3038 118 36 une
1774 3017 232 77 origine
2047 3017 259 78 picarde.
2344 3017 118 55 Car
2514 3017 132 57 c'est

148 3133 80 37 un
263 3109 110 60 fait
409 3131 115 58 que
562 3126 77 61 25
674 3103 48 80 °/
724 3160 17 28 0
775 3108 97 57 des
905 3128 173 36 noms
1110 3105 256 82 picards,
1402 3127 57 37 se
1495 3107 326 56 terminent
1869 3126 106 58 par
2092 3118 57 43 et
2183 3104 138 57 c'est
2356 3105 53 56 le
2443 3103 171 81 dépar-

148 3212 232 47 tement
415 3198 71 57 de
518 3198 55 56 la
608 3198 266 67 Somme,
909 3197 104 77 qui
1046 3193 245 81 possède
1317 3194 53 58 le
1403 3194 219 79 village
1656 3193 71 57 de
1761 3194 77 69 Y,
1865 3192 143 58 dans
2032 3193 54 56 le
2113 3206 217 44 canton
2366 3192 71 58 de
2462 3194 183 68 Ham,

150 3290 104 80 qui
289 3309 58 37 se
381 3306 307 61 prononce
720 3285 34 58 i.
795 3286 160 68 Puis,
990 3283 314 80 l'analogie
1338 3281 317 82 frappante
1690 3304 116 58 que
1839 3282 54 57 le
1929 3302 145 37 nom
2123 3281 71 57 de
2231 3282 181 77 Lully
2448 3302 31 36 a
2511 3301 134 38 avec

147 3381 81 56 les
261 3396 173 38 noms
468 3375 70 58 de
571 3373 207 80 Tully,
815 3373 198 80 Bully,
1050 3373 215 79 Nully,
1302 3373 186 79 Sully,
1525 3372 105 79 qui
1688 3385 133 44 sont
1873 3371 99 57 des
2023 3391 174 37 noms
2252 3370 72 57 de
2361 3371 284 68 Picardie,

148 3465 273 80 renforça
456 3485 98 36 ma
587 3464 368 57 conviction.

320 3555 71 77 Je
425 3574 74 37 ne
532 3550 234 60 m'étais
799 3553 174 77 point
1007 3549 273 81 trompée
1316 3550 142 57 dans
1506 3570 124 37 mes
1665 3547 355 60 déductions
2069 3569 241 37 comme
2367 3569 76 37 on
2495 3570 73 36 va
2598 3547 47 58 le
