<?xml version="1.0" encoding="UTF-8"?>
<alto xmlns:xsi="http://www.w3.org/2001/XMLSchema-instance" xmlns="http://www.loc.gov/standards/alto/ns-v2#" xsi:schemaLocation="http://www.loc.gov/standards/alto/ns-v2# http://www.loc.gov/standards/alto/alto-v2.0.xsd" xmlns:xlink="http://www.w3.org/1999/xlink">
	<Description>
		<MeasurementUnit>mm10</MeasurementUnit>
		<sourceImageInformation>
			<fileName>//fileserver7/IN2/Princeton/Batch3/bmtnabh/1912/05/15_01/00000367.tif</fileName>
		</sourceImageInformation>
		<OCRProcessing ID="OCRPROCESSING_1">
			<preProcessingStep>
				<processingSoftware>
					<softwareCreator>CCS Content Conversion Specialists GmbH, Germany</softwareCreator>
					<softwareName>CCS docWORKS</softwareName>
					<softwareVersion>6.6-1.18</softwareVersion>
				</processingSoftware>
			</preProcessingStep>
			<ocrProcessingStep>
				<processingSoftware>
					<softwareCreator>ABBYY (BIT Software), Russia</softwareCreator>
					<softwareName>FineReader</softwareName>
					<softwareVersion>10.0</softwareVersion>
				</processingSoftware>
			</ocrProcessingStep>
		</OCRProcessing>
	</Description>
	<Styles>
		<TextStyle ID="TXT_0" FONTSIZE="27" FONTFAMILY="Times New Roman"/>
		<TextStyle ID="TXT_1" FONTSIZE="26" FONTFAMILY="Times New Roman"/>
		<TextStyle ID="TXT_2" FONTSIZE="21" FONTFAMILY="Times New Roman"/>
		<TextStyle ID="TXT_3" FONTSIZE="21" FONTFAMILY="Times New Roman" FONTSTYLE="italics"/>
		<TextStyle ID="TXT_4" FONTSIZE="19" FONTFAMILY="Times New Roman"/>
		<ParagraphStyle ID="PAR_CENTER" ALIGN="Center"/>
		<ParagraphStyle ID="PAR_RIGHT" ALIGN="Right"/>
		<ParagraphStyle ID="PAR_LEFT" ALIGN="Left"/>
	</Styles>
	<Layout>
		<Page ID="P43" PHYSICAL_IMG_NR="43" HEIGHT="3924" WIDTH="2715" PC="0.926">
			<TopMargin ID="P43_TM00001" HPOS="0" VPOS="0" WIDTH="2715" HEIGHT="150"/>
			<LeftMargin ID="P43_LM00001" HPOS="0" VPOS="150" WIDTH="108" HEIGHT="3417"/>
			<RightMargin ID="P43_RM00001" HPOS="2616" VPOS="150" WIDTH="99" HEIGHT="3417"/>
			<BottomMargin ID="P43_BM00001" HPOS="0" VPOS="3567" WIDTH="2715" HEIGHT="357"/>
			<PrintSpace ID="P43_PS00001" HPOS="108" VPOS="150" WIDTH="2508" HEIGHT="3417">
				<TextBlock ID="P43_TB00001" HPOS="563" VPOS="149" WIDTH="1617" HEIGHT="95" STYLEREFS="TXT_0 PAR_CENTER">
					<TextLine ID="P43_TL00001" HPOS="563" VPOS="149" WIDTH="1617" HEIGHT="95">
						<String ID="P43_ST00001" HPOS="563" VPOS="149" WIDTH="1046" HEIGHT="91" CONTENT="DÉCENTRALISATION" WC="1.00" CC="0342003000000200"/>
						<SP ID="P43_SP00001" HPOS="1609" VPOS="240" WIDTH="61"/>
						<String ID="P43_ST00002" HPOS="1670" VPOS="174" WIDTH="510" HEIGHT="70" CONTENT="MUSICALE" WC="1.00" CC="00000000"/>
						<SP ID="P43_SP00002" HPOS="2180" VPOS="244" WIDTH="0"/>
					</TextLine>
				</TextBlock>
				<TextBlock ID="P43_TB00002" HPOS="2515" VPOS="197" WIDTH="97" HEIGHT="70" STYLEREFS="TXT_1 PAR_RIGHT">
					<TextLine ID="P43_TL00002" HPOS="2517" VPOS="197" WIDTH="94" HEIGHT="67">
						<String ID="P43_ST00003" HPOS="2517" VPOS="197" WIDTH="94" HEIGHT="67" CONTENT="39" WC="0.56" CC="52"/>
					</TextLine>
				</TextBlock>
				<TextBlock ID="P43_TB00003" HPOS="108" VPOS="311" WIDTH="2508" HEIGHT="3256" STYLEREFS="TXT_2 PAR_LEFT">
					<TextLine ID="P43_TL00003" HPOS="126" VPOS="311" WIDTH="2490" HEIGHT="88">
						<String ID="P43_ST00004" HPOS="126" VPOS="311" WIDTH="189" HEIGHT="83" CONTENT="pièce," WC="0.98" CC="627054"/>
						<SP ID="P43_SP00003" HPOS="315" VPOS="394" WIDTH="40"/>
						<String ID="P43_ST00005" HPOS="355" VPOS="315" WIDTH="288" HEIGHT="79" CONTENT="quelques" WC="0.99" CC="35026500"/>
						<SP ID="P43_SP00004" HPOS="643" VPOS="394" WIDTH="51"/>
						<String ID="P43_ST00006" HPOS="694" VPOS="314" WIDTH="213" HEIGHT="58" CONTENT="années" WC="0.99" CC="300720"/>
						<SP ID="P43_SP00005" HPOS="907" VPOS="394" WIDTH="56"/>
						<String ID="P43_ST00007" HPOS="963" VPOS="317" WIDTH="129" HEIGHT="78" CONTENT="plus" WC="0.99" CC="2100"/>
						<SP ID="P43_SP00006" HPOS="1092" VPOS="395" WIDTH="33"/>
						<String ID="P43_ST00008" HPOS="1125" VPOS="317" WIDTH="149" HEIGHT="69" CONTENT="tard," WC="0.97" CC="46501"/>
						<SP ID="P43_SP00007" HPOS="1274" VPOS="395" WIDTH="57"/>
						<String ID="P43_ST00009" HPOS="1331" VPOS="318" WIDTH="254" HEIGHT="77" CONTENT="puisque" WC="1.00" CC="0000000"/>
						<SP ID="P43_SP00008" HPOS="1585" VPOS="395" WIDTH="34"/>
						<String ID="P43_ST00010" HPOS="1619" VPOS="339" WIDTH="94" HEIGHT="37" CONTENT="ces" WC="1.00" CC="000"/>
						<SP ID="P43_SP00009" HPOS="1713" VPOS="395" WIDTH="33"/>
						<String ID="P43_ST00011" HPOS="1746" VPOS="318" WIDTH="204" HEIGHT="61" CONTENT="décors" WC="0.99" CC="170000"/>
						<SP ID="P43_SP00010" HPOS="1950" VPOS="395" WIDTH="53"/>
						<String ID="P43_ST00012" HPOS="2003" VPOS="323" WIDTH="265" HEIGHT="56" CONTENT="auraient" WC="0.99" CC="91503000"/>
						<SP ID="P43_SP00011" HPOS="2268" VPOS="395" WIDTH="35"/>
						<String ID="P43_ST00013" HPOS="2303" VPOS="319" WIDTH="92" HEIGHT="60" CONTENT="été" WC="0.98" CC="040"/>
						<SP ID="P43_SP00012" HPOS="2395" VPOS="395" WIDTH="36"/>
						<String ID="P43_ST00014" HPOS="2431" VPOS="322" WIDTH="185" HEIGHT="77" CONTENT="repris" WC="0.99" CC="330000"/>
					</TextLine>
					<TextLine ID="P43_TL00004" HPOS="126" VPOS="388" WIDTH="339" HEIGHT="95">
						<String ID="P43_ST00015" HPOS="126" VPOS="424" WIDTH="104" HEIGHT="59" CONTENT="par" WC="0.98" CC="006"/>
						<SP ID="P43_SP00013" HPOS="230" VPOS="483" WIDTH="33"/>
						<String ID="P43_ST00016" HPOS="263" VPOS="388" WIDTH="202" HEIGHT="73" CONTENT="l'État." WC="0.98" CC="1072433"/>
					</TextLine>
					<TextLine ID="P43_TL00005" HPOS="305" VPOS="491" WIDTH="2309" HEIGHT="86">
						<String ID="P43_ST00017" HPOS="305" VPOS="492" WIDTH="161" HEIGHT="57" CONTENT="Pour" WC="0.98" CC="6001"/>
						<SP ID="P43_SP00014" HPOS="466" VPOS="549" WIDTH="33"/>
						<String ID="P43_ST00018" HPOS="499" VPOS="513" WIDTH="93" HEIGHT="36" CONTENT="ces" WC="1.00" CC="000"/>
						<SP ID="P43_SP00015" HPOS="592" VPOS="549" WIDTH="33"/>
						<String ID="P43_ST00019" HPOS="625" VPOS="491" WIDTH="227" HEIGHT="72" CONTENT="motifs," WC="0.99" CC="0004600"/>
						<SP ID="P43_SP00016" HPOS="852" VPOS="563" WIDTH="153"/>
						<String ID="P43_ST00020" HPOS="1005" VPOS="507" WIDTH="56" HEIGHT="43" CONTENT="et" WC="0.76" CC="04"/>
						<SP ID="P43_SP00017" HPOS="1061" VPOS="563" WIDTH="35"/>
						<String ID="P43_ST00021" HPOS="1096" VPOS="493" WIDTH="255" HEIGHT="57" CONTENT="d'autres" WC="0.99" CC="54003000"/>
						<SP ID="P43_SP00018" HPOS="1351" VPOS="563" WIDTH="34"/>
						<String ID="P43_ST00022" HPOS="1385" VPOS="513" WIDTH="233" HEIGHT="51" CONTENT="encore," WC="0.99" CC="0604000"/>
						<SP ID="P43_SP00019" HPOS="1618" VPOS="564" WIDTH="165"/>
						<String ID="P43_ST00023" HPOS="1783" VPOS="498" WIDTH="51" HEIGHT="55" CONTENT="le" WC="0.56" CC="44"/>
						<SP ID="P43_SP00020" HPOS="1834" VPOS="564" WIDTH="34"/>
						<String ID="P43_ST00024" HPOS="1868" VPOS="517" WIDTH="229" HEIGHT="60" CONTENT="groupe" WC="0.99" CC="500501"/>
						<SP ID="P43_SP00021" HPOS="2097" VPOS="577" WIDTH="34"/>
						<String ID="P43_ST00025" HPOS="2131" VPOS="498" WIDTH="69" HEIGHT="57" CONTENT="de" WC="1.00" CC="00"/>
						<SP ID="P43_SP00022" HPOS="2200" VPOS="577" WIDTH="51"/>
						<String ID="P43_ST00026" HPOS="2251" VPOS="499" WIDTH="54" HEIGHT="55" CONTENT="la" WC="0.71" CC="50"/>
						<SP ID="P43_SP00023" HPOS="2305" VPOS="577" WIDTH="33"/>
						<String ID="P43_ST00027" HPOS="2338" VPOS="498" WIDTH="276" HEIGHT="78" CONTENT="musique" WC="1.00" CC="2003000"/>
					</TextLine>
					<TextLine ID="P43_TL00006" HPOS="125" VPOS="579" WIDTH="2491" HEIGHT="64">
						<String ID="P43_ST00028" HPOS="125" VPOS="600" WIDTH="96" HEIGHT="37" CONTENT="sur" WC="1.00" CC="001"/>
						<SP ID="P43_SP00024" HPOS="221" VPOS="637" WIDTH="33"/>
						<String ID="P43_ST00029" HPOS="254" VPOS="579" WIDTH="81" HEIGHT="58" CONTENT="les" WC="1.00" CC="000"/>
						<SP ID="P43_SP00025" HPOS="335" VPOS="637" WIDTH="34"/>
						<String ID="P43_ST00030" HPOS="369" VPOS="579" WIDTH="375" HEIGHT="59" CONTENT="conclusions" WC="1.00" CC="00024000520"/>
						<SP ID="P43_SP00026" HPOS="744" VPOS="638" WIDTH="35"/>
						<String ID="P43_ST00031" HPOS="779" VPOS="579" WIDTH="71" HEIGHT="59" CONTENT="de" WC="1.00" CC="00"/>
						<SP ID="P43_SP00027" HPOS="850" VPOS="638" WIDTH="35"/>
						<String ID="P43_ST00032" HPOS="885" VPOS="581" WIDTH="182" HEIGHT="57" CONTENT="MM." WC="0.98" CC="004"/>
						<SP ID="P43_SP00028" HPOS="1067" VPOS="638" WIDTH="537"/>
						<String ID="P43_ST00033" HPOS="1604" VPOS="581" WIDTH="649" HEIGHT="57" CONTENT="Xavier" WC="0.99" CC="056002" STYLEREFS="TXT_3"/>
						<SP ID="P43_SP00029" HPOS="2253" VPOS="638" WIDTH="-15"/>
						<String ID="P43_ST00034" HPOS="2238" VPOS="582" WIDTH="59" HEIGHT="57" CONTENT="Let" WC="1.00" CC="000" STYLEREFS="TXT_3"/>
						<SP ID="P43_SP00030" HPOS="2297" VPOS="639" WIDTH="1"/>
						<String ID="P43_ST00035" HPOS="2298" VPOS="586" WIDTH="150" HEIGHT="57" CONTENT="s'en" WC="0.98" CC="0035"/>
						<SP ID="P43_SP00031" HPOS="2448" VPOS="643" WIDTH="1"/>
						<String ID="P43_ST00036" HPOS="2449" VPOS="587" WIDTH="139" HEIGHT="56" CONTENT="tint" WC="0.98" CC="0332"/>
						<SP ID="P43_SP00032" HPOS="2588" VPOS="643" WIDTH="1"/>
						<String ID="P43_ST00037" HPOS="2589" VPOS="606" WIDTH="27" HEIGHT="36" CONTENT="au" WC="1.00" CC="00"/>
					</TextLine>
					<TextLine ID="P43_TL00007" HPOS="125" VPOS="666" WIDTH="2489" HEIGHT="86">
						<String ID="P43_ST00038" HPOS="125" VPOS="666" WIDTH="217" HEIGHT="59" CONTENT="double" WC="0.99" CC="010403"/>
						<SP ID="P43_SP00033" HPOS="342" VPOS="725" WIDTH="51"/>
						<String ID="P43_ST00039" HPOS="393" VPOS="670" WIDTH="273" HEIGHT="77" CONTENT="principe" WC="1.00" CC="00000000"/>
						<SP ID="P43_SP00034" HPOS="666" VPOS="747" WIDTH="35"/>
						<String ID="P43_ST00040" HPOS="701" VPOS="668" WIDTH="98" HEIGHT="57" CONTENT="des" WC="0.99" CC="010"/>
						<SP ID="P43_SP00035" HPOS="799" VPOS="747" WIDTH="48"/>
						<String ID="P43_ST00041" HPOS="847" VPOS="670" WIDTH="223" HEIGHT="77" CONTENT="primes" WC="0.99" CC="034300"/>
						<SP ID="P43_SP00036" HPOS="1070" VPOS="747" WIDTH="33"/>
						<String ID="P43_ST00042" HPOS="1103" VPOS="675" WIDTH="36" HEIGHT="24" CONTENT='"' WC="0.62" CC="3"/>
						<SP ID="P43_SP00037" HPOS="1139" VPOS="747" WIDTH="23"/>
						<String ID="P43_ST00043" HPOS="1162" VPOS="667" WIDTH="394" HEIGHT="60" CONTENT="échelonnées" WC="0.99" CC="90620070000"/>
						<SP ID="P43_SP00038" HPOS="1556" VPOS="747" WIDTH="27"/>
						<String ID="P43_ST00044" HPOS="1583" VPOS="671" WIDTH="31" HEIGHT="20" CONTENT='"' WC="0.65" CC="3"/>
						<SP ID="P43_SP00039" HPOS="1614" VPOS="747" WIDTH="38"/>
						<String ID="P43_ST00045" HPOS="1652" VPOS="686" WIDTH="56" HEIGHT="42" CONTENT="et" WC="1.00" CC="00"/>
						<SP ID="P43_SP00040" HPOS="1708" VPOS="747" WIDTH="35"/>
						<String ID="P43_ST00046" HPOS="1743" VPOS="672" WIDTH="70" HEIGHT="57" CONTENT="de" WC="0.93" CC="01"/>
						<SP ID="P43_SP00041" HPOS="1813" VPOS="747" WIDTH="34"/>
						<String ID="P43_ST00047" HPOS="1847" VPOS="672" WIDTH="373" HEIGHT="59" CONTENT="l'indemnité" WC="0.99" CC="40050100055"/>
						<SP ID="P43_SP00042" HPOS="2220" VPOS="747" WIDTH="33"/>
						<String ID="P43_ST00048" HPOS="2253" VPOS="695" WIDTH="74" HEIGHT="36" CONTENT="au" WC="0.79" CC="04"/>
						<SP ID="P43_SP00043" HPOS="2327" VPOS="747" WIDTH="34"/>
						<String ID="P43_ST00049" HPOS="2361" VPOS="694" WIDTH="211" HEIGHT="58" CONTENT="compo" SUBS_TYPE="HypPart1" SUBS_CONTENT="compositeur" WC="0.99" CC="40000"/>
						<HYP HPOS="2572" VPOS="694" WIDTH="42" CONTENT="-"/>
					</TextLine>
					<TextLine ID="P43_TL00008" HPOS="125" VPOS="756" WIDTH="962" HEIGHT="58">
						<String ID="P43_ST00050" HPOS="125" VPOS="756" WIDTH="181" HEIGHT="57" CONTENT="siteur" SUBS_TYPE="HypPart2" SUBS_CONTENT="compositeur" WC="0.99" CC="030056"/>
						<SP ID="P43_SP00044" HPOS="306" VPOS="813" WIDTH="33"/>
						<String ID="P43_ST00051" HPOS="339" VPOS="770" WIDTH="57" HEIGHT="43" CONTENT="et" WC="0.96" CC="00"/>
						<SP ID="P43_SP00045" HPOS="396" VPOS="813" WIDTH="35"/>
						<String ID="P43_ST00052" HPOS="431" VPOS="756" WIDTH="30" HEIGHT="57" CONTENT="à" WC="0.28" CC="7"/>
						<SP ID="P43_SP00046" HPOS="461" VPOS="813" WIDTH="33"/>
						<String ID="P43_ST00053" HPOS="494" VPOS="757" WIDTH="256" HEIGHT="57" CONTENT="l'auteur" WC="1.00" CC="02000051"/>
						<SP ID="P43_SP00047" HPOS="750" VPOS="814" WIDTH="34"/>
						<String ID="P43_ST00054" HPOS="784" VPOS="757" WIDTH="77" HEIGHT="56" CONTENT="du" WC="0.82" CC="03"/>
						<SP ID="P43_SP00048" HPOS="861" VPOS="814" WIDTH="35"/>
						<String ID="P43_ST00055" HPOS="896" VPOS="757" WIDTH="191" HEIGHT="57" CONTENT="livret." WC="1.00" CC="4000003"/>
					</TextLine>
					<TextLine ID="P43_TL00009" HPOS="306" VPOS="845" WIDTH="2310" HEIGHT="81">
						<String ID="P43_ST00056" HPOS="306" VPOS="845" WIDTH="149" HEIGHT="58" CONTENT="C'est" WC="0.98" CC="60602" STYLEREFS="TXT_3"/>
						<SP ID="P43_SP00049" HPOS="455" VPOS="903" WIDTH="447"/>
						<String ID="P43_ST00057" HPOS="902" VPOS="846" WIDTH="48" HEIGHT="56" CONTENT="le" WC="0.73" CC="50" STYLEREFS="TXT_3"/>
						<SP ID="P43_SP00050" HPOS="950" VPOS="903" WIDTH="155"/>
						<String ID="P43_ST00058" HPOS="1105" VPOS="851" WIDTH="220" HEIGHT="75" CONTENT="système" WC="0.98" CC="3440704" STYLEREFS="TXT_3"/>
						<SP ID="P43_SP00051" HPOS="1325" VPOS="926" WIDTH="330"/>
						<String ID="P43_ST00059" HPOS="1655" VPOS="866" WIDTH="102" HEIGHT="59" CONTENT="que" WC="0.94" CC="547" STYLEREFS="TXT_3"/>
						<SP ID="P43_SP00052" HPOS="1757" VPOS="926" WIDTH="162"/>
						<String ID="P43_ST00060" HPOS="1919" VPOS="868" WIDTH="37" HEIGHT="54" CONTENT="j" WC="0.28" CC="7" STYLEREFS="TXT_3"/>
						<SP ID="P43_SP00053" HPOS="1956" VPOS="926" WIDTH="24"/>
						<String ID="P43_ST00061" HPOS="1980" VPOS="846" WIDTH="170" HEIGHT="57" CONTENT="aurai" WC="1.00" CC="00000" STYLEREFS="TXT_3"/>
						<SP ID="P43_SP00054" HPOS="2150" VPOS="926" WIDTH="319"/>
						<String ID="P43_ST00062" HPOS="2469" VPOS="847" WIDTH="48" HEIGHT="56" CONTENT="F" WC="0.28" CC="7" STYLEREFS="TXT_3"/>
						<SP ID="P43_SP00055" HPOS="2517" VPOS="926" WIDTH="9"/>
						<String ID="P43_ST00063" HPOS="2526" VPOS="846" WIDTH="90" HEIGHT="57" CONTENT="hon" WC="0.97" CC="061" STYLEREFS="TXT_3"/>
					</TextLine>
					<TextLine ID="P43_TL00010" HPOS="122" VPOS="931" WIDTH="2494" HEIGHT="85">
						<String ID="P43_ST00064" HPOS="122" VPOS="931" WIDTH="302" HEIGHT="82" CONTENT="invoquant" WC="0.99" CC="206240000" STYLEREFS="TXT_3"/>
						<SP ID="P43_SP00056" HPOS="424" VPOS="1013" WIDTH="47"/>
						<String ID="P43_ST00065" HPOS="471" VPOS="932" WIDTH="291" HEIGHT="58" CONTENT="Vautorité" WC="0.78" CC="600050006" STYLEREFS="TXT_3"/>
						<SP ID="P43_SP00057" HPOS="762" VPOS="1013" WIDTH="24"/>
						<String ID="P43_ST00066" HPOS="786" VPOS="934" WIDTH="64" HEIGHT="56" CONTENT="de" WC="1.00" CC="00" STYLEREFS="TXT_3"/>
						<SP ID="P43_SP00058" HPOS="850" VPOS="1013" WIDTH="54"/>
						<String ID="P43_ST00067" HPOS="904" VPOS="932" WIDTH="397" HEIGHT="59" CONTENT="/'Association" WC="0.69" CC="7005950404030" STYLEREFS="TXT_3"/>
						<SP ID="P43_SP00059" HPOS="1301" VPOS="1013" WIDTH="47"/>
						<String ID="P43_ST00068" HPOS="1348" VPOS="934" WIDTH="89" HEIGHT="57" CONTENT="des" WC="1.00" CC="000" STYLEREFS="TXT_3"/>
						<SP ID="P43_SP00060" HPOS="1437" VPOS="1013" WIDTH="33"/>
						<String ID="P43_ST00069" HPOS="1470" VPOS="949" WIDTH="242" HEIGHT="56" CONTENT="auteurs," WC="1.00" CC="50200000" STYLEREFS="TXT_3"/>
						<SP ID="P43_SP00061" HPOS="1712" VPOS="1013" WIDTH="34"/>
						<String ID="P43_ST00070" HPOS="1746" VPOS="936" WIDTH="74" HEIGHT="57" CONTENT="du" WC="1.00" CC="00" STYLEREFS="TXT_3"/>
						<SP ID="P43_SP00062" HPOS="1820" VPOS="1013" WIDTH="39"/>
						<String ID="P43_ST00071" HPOS="1859" VPOS="939" WIDTH="218" HEIGHT="77" CONTENT="Groupe" WC="0.99" CC="104004" STYLEREFS="TXT_3"/>
						<SP ID="P43_SP00063" HPOS="2077" VPOS="1016" WIDTH="30"/>
						<String ID="P43_ST00072" HPOS="2107" VPOS="938" WIDTH="64" HEIGHT="55" CONTENT="de" WC="1.00" CC="00" STYLEREFS="TXT_3"/>
						<SP ID="P43_SP00064" HPOS="2171" VPOS="1016" WIDTH="33"/>
						<String ID="P43_ST00073" HPOS="2204" VPOS="938" WIDTH="58" HEIGHT="55" CONTENT="la" WC="1.00" CC="00" STYLEREFS="TXT_3"/>
						<SP ID="P43_SP00065" HPOS="2262" VPOS="1016" WIDTH="31"/>
						<String ID="P43_ST00074" HPOS="2293" VPOS="936" WIDTH="240" HEIGHT="80" CONTENT="musique" WC="1.00" CC="0001005" STYLEREFS="TXT_3"/>
						<SP ID="P43_SP00066" HPOS="2533" VPOS="1016" WIDTH="30"/>
						<String ID="P43_ST00075" HPOS="2563" VPOS="948" WIDTH="53" HEIGHT="44" CONTENT="et" WC="0.87" CC="20" STYLEREFS="TXT_3"/>
					</TextLine>
					<TextLine ID="P43_TL00011" HPOS="140" VPOS="1020" WIDTH="2471" HEIGHT="84">
						<String ID="P43_ST00076" HPOS="140" VPOS="1020" WIDTH="63" HEIGHT="57" CONTENT="de" WC="1.00" CC="00" STYLEREFS="TXT_3"/>
						<SP ID="P43_SP00067" HPOS="203" VPOS="1077" WIDTH="164"/>
						<String ID="P43_ST00077" HPOS="367" VPOS="1023" WIDTH="50" HEIGHT="56" CONTENT="F" WC="0.27" CC="7" STYLEREFS="TXT_3"/>
						<SP ID="P43_SP00068" HPOS="417" VPOS="1079" WIDTH="6"/>
						<String ID="P43_ST00078" HPOS="423" VPOS="1021" WIDTH="301" HEIGHT="58" CONTENT="Académie" WC="0.99" CC="00006046" STYLEREFS="TXT_3"/>
						<SP ID="P43_SP00069" HPOS="724" VPOS="1079" WIDTH="417"/>
						<String ID="P43_ST00079" HPOS="1141" VPOS="1021" WIDTH="90" HEIGHT="58" CONTENT="des" WC="1.00" CC="000" STYLEREFS="TXT_3"/>
						<SP ID="P43_SP00070" HPOS="1231" VPOS="1079" WIDTH="157"/>
						<String ID="P43_ST00080" HPOS="1388" VPOS="1021" WIDTH="257" HEIGHT="70" CONTENT="théâtres," WC="0.99" CC="000020064" STYLEREFS="TXT_3"/>
						<String ID="P43_ST00081" HPOS="1038" VPOS="1023" WIDTH="101" HEIGHT="77" CONTENT="qui" WC="0.97" CC="042"/>
						<SP ID="P43_SP00071" HPOS="1645" VPOS="1100" WIDTH="-451"/>
						<String ID="P43_ST00082" HPOS="1194" VPOS="1043" WIDTH="57" HEIGHT="37" CONTENT="se" WC="0.83" CC="03"/>
						<SP ID="P43_SP00072" HPOS="1645" VPOS="1100" WIDTH="-361"/>
						<String ID="P43_ST00083" HPOS="1284" VPOS="1037" WIDTH="132" HEIGHT="43" CONTENT="sont" WC="0.98" CC="0034"/>
						<SP ID="P43_SP00073" HPOS="1645" VPOS="1100" WIDTH="-196"/>
						<String ID="P43_ST00084" HPOS="1449" VPOS="1023" WIDTH="192" HEIGHT="58" CONTENT="ralliés" WC="0.99" CC="0311200"/>
						<SP ID="P43_SP00074" HPOS="1645" VPOS="1100" WIDTH="30"/>
						<String ID="P43_ST00085" HPOS="1675" VPOS="1023" WIDTH="141" HEIGHT="58" CONTENT="àun" WC="0.93" CC="633"/>
						<SP ID="P43_SP00075" HPOS="1816" VPOS="1100" WIDTH="59"/>
						<String ID="P43_ST00086" HPOS="1875" VPOS="1026" WIDTH="192" HEIGHT="78" CONTENT="projet" WC="0.98" CC="055303"/>
						<SP ID="P43_SP00076" HPOS="2067" VPOS="1104" WIDTH="57"/>
						<String ID="P43_ST00087" HPOS="2124" VPOS="1026" WIDTH="224" HEIGHT="78" CONTENT="unique" WC="0.98" CC="663000"/>
						<SP ID="P43_SP00077" HPOS="2348" VPOS="1104" WIDTH="37"/>
						<String ID="P43_ST00088" HPOS="2385" VPOS="1047" WIDTH="12" HEIGHT="35" CONTENT=":" WC="0.25" CC="7"/>
						<SP ID="P43_SP00078" HPOS="2397" VPOS="1104" WIDTH="61"/>
						<String ID="P43_ST00089" HPOS="2458" VPOS="1025" WIDTH="153" HEIGHT="56" CONTENT="celui" WC="0.97" CC="00569"/>
					</TextLine>
					<TextLine ID="P43_TL00012" HPOS="123" VPOS="1109" WIDTH="987" HEIGHT="80">
						<String ID="P43_ST00090" HPOS="123" VPOS="1113" WIDTH="105" HEIGHT="76" CONTENT="qui" WC="0.99" CC="003"/>
						<SP ID="P43_SP00079" HPOS="228" VPOS="1189" WIDTH="34"/>
						<String ID="P43_ST00091" HPOS="262" VPOS="1109" WIDTH="108" HEIGHT="60" CONTENT="fait" WC="0.96" CC="6424"/>
						<SP ID="P43_SP00080" HPOS="370" VPOS="1189" WIDTH="33"/>
						<String ID="P43_ST00092" HPOS="403" VPOS="1109" WIDTH="203" HEIGHT="75" CONTENT="l'objet" WC="1.00" CC="0000600"/>
						<SP ID="P43_SP00081" HPOS="606" VPOS="1189" WIDTH="36"/>
						<String ID="P43_ST00093" HPOS="642" VPOS="1110" WIDTH="71" HEIGHT="57" CONTENT="de" WC="1.00" CC="00"/>
						<SP ID="P43_SP00082" HPOS="713" VPOS="1189" WIDTH="34"/>
						<String ID="P43_ST00094" HPOS="747" VPOS="1124" WIDTH="93" HEIGHT="45" CONTENT="cet" WC="1.00" CC="000"/>
						<SP ID="P43_SP00083" HPOS="840" VPOS="1189" WIDTH="33"/>
						<String ID="P43_ST00095" HPOS="873" VPOS="1109" WIDTH="237" HEIGHT="80" CONTENT="exposé." WC="0.99" CC="2210004"/>
					</TextLine>
					<TextLine ID="P43_TL00013" HPOS="610" VPOS="1255" WIDTH="1509" HEIGHT="56">
						<String ID="P43_ST00096" HPOS="610" VPOS="1256" WIDTH="324" HEIGHT="52" CONTENT="THÉÂTRES" WC="0.99" CC="04610600" STYLEREFS="TXT_4"/>
						<SP ID="P43_SP00084" HPOS="934" VPOS="1308" WIDTH="49"/>
						<String ID="P43_ST00097" HPOS="983" VPOS="1270" WIDTH="291" HEIGHT="38" CONTENT="POUVANT" WC="0.99" CC="0013300" STYLEREFS="TXT_4"/>
						<SP ID="P43_SP00085" HPOS="1274" VPOS="1308" WIDTH="51"/>
						<String ID="P43_ST00098" HPOS="1325" VPOS="1255" WIDTH="355" HEIGHT="55" CONTENT="PRÉTENDRE" WC="0.99" CC="517045600" STYLEREFS="TXT_4"/>
						<SP ID="P43_SP00086" HPOS="1680" VPOS="1310" WIDTH="50"/>
						<String ID="P43_ST00099" HPOS="1730" VPOS="1272" WIDTH="126" HEIGHT="38" CONTENT="AUX" WC="0.98" CC="040" STYLEREFS="TXT_4"/>
						<SP ID="P43_SP00087" HPOS="1856" VPOS="1310" WIDTH="49"/>
						<String ID="P43_ST00100" HPOS="1905" VPOS="1273" WIDTH="214" HEIGHT="38" CONTENT="PRIMES" WC="0.99" CC="005040" STYLEREFS="TXT_4"/>
					</TextLine>
					<TextLine ID="P43_TL00014" HPOS="212" VPOS="1390" WIDTH="2103" HEIGHT="82">
						<String ID="P43_ST00101" HPOS="212" VPOS="1392" WIDTH="96" HEIGHT="56" CONTENT="M." WC="0.96" CC="00"/>
						<SP ID="P43_SP00088" HPOS="308" VPOS="1448" WIDTH="41"/>
						<String ID="P43_ST00102" HPOS="349" VPOS="1391" WIDTH="202" HEIGHT="71" CONTENT="Silver," WC="0.79" CC="0310440"/>
						<SP ID="P43_SP00089" HPOS="551" VPOS="1462" WIDTH="55"/>
						<String ID="P43_ST00103" HPOS="606" VPOS="1390" WIDTH="140" HEIGHT="58" CONTENT="dans" WC="0.98" CC="0360"/>
						<SP ID="P43_SP00090" HPOS="746" VPOS="1462" WIDTH="33"/>
						<String ID="P43_ST00104" HPOS="779" VPOS="1411" WIDTH="103" HEIGHT="37" CONTENT="son" WC="0.99" CC="003"/>
						<SP ID="P43_SP00091" HPOS="882" VPOS="1462" WIDTH="58"/>
						<String ID="P43_ST00105" HPOS="940" VPOS="1391" WIDTH="189" HEIGHT="79" CONTENT="projet" WC="0.99" CC="020523"/>
						<SP ID="P43_SP00092" HPOS="1129" VPOS="1470" WIDTH="36"/>
						<String ID="P43_ST00106" HPOS="1165" VPOS="1391" WIDTH="329" HEIGHT="81" CONTENT="employait" WC="0.99" CC="000506830"/>
						<SP ID="P43_SP00093" HPOS="1494" VPOS="1472" WIDTH="34"/>
						<String ID="P43_ST00107" HPOS="1528" VPOS="1392" WIDTH="52" HEIGHT="56" CONTENT="la" WC="0.47" CC="09"/>
						<SP ID="P43_SP00094" HPOS="1580" VPOS="1472" WIDTH="33"/>
						<String ID="P43_ST00108" HPOS="1613" VPOS="1390" WIDTH="258" HEIGHT="59" CONTENT="formule" WC="0.99" CC="0100322"/>
						<SP ID="P43_SP00095" HPOS="1871" VPOS="1472" WIDTH="33"/>
						<String ID="P43_ST00109" HPOS="1904" VPOS="1394" WIDTH="268" HEIGHT="55" CONTENT="suivante" WC="0.99" CC="04500201"/>
						<SP ID="P43_SP00096" HPOS="2172" VPOS="1472" WIDTH="35"/>
						<String ID="P43_ST00110" HPOS="2207" VPOS="1416" WIDTH="12" HEIGHT="35" CONTENT=":" WC="0.41" CC="5"/>
						<SP ID="P43_SP00097" HPOS="2219" VPOS="1472" WIDTH="62"/>
						<String ID="P43_ST00111" HPOS="2281" VPOS="1400" WIDTH="34" HEIGHT="23" CONTENT='"' WC="0.74" CC="2"/>
					</TextLine>
					<TextLine ID="P43_TL00015" HPOS="137" VPOS="1479" WIDTH="2479" HEIGHT="81">
						<String ID="P43_ST00112" HPOS="137" VPOS="1479" WIDTH="254" HEIGHT="81" CONTENT="capables" WC="0.99" CC="03901050" STYLEREFS="TXT_3"/>
						<SP ID="P43_SP00098" HPOS="391" VPOS="1560" WIDTH="361"/>
						<String ID="P43_ST00113" HPOS="752" VPOS="1480" WIDTH="64" HEIGHT="56" CONTENT="de" WC="1.00" CC="00" STYLEREFS="TXT_3"/>
						<SP ID="P43_SP00099" HPOS="816" VPOS="1560" WIDTH="170"/>
						<String ID="P43_ST00114" HPOS="986" VPOS="1479" WIDTH="222" HEIGHT="57" CONTENT="devenir" WC="0.99" CC="0090110" STYLEREFS="TXT_3"/>
						<SP ID="P43_SP00100" HPOS="1208" VPOS="1560" WIDTH="331"/>
						<String ID="P43_ST00115" HPOS="1539" VPOS="1490" WIDTH="205" HEIGHT="46" CONTENT="centres" WC="1.00" CC="0600000" STYLEREFS="TXT_3"/>
						<SP ID="P43_SP00101" HPOS="1744" VPOS="1560" WIDTH="305"/>
						<String ID="P43_ST00116" HPOS="2049" VPOS="1479" WIDTH="64" HEIGHT="55" CONTENT="de" WC="0.84" CC="03" STYLEREFS="TXT_3"/>
						<SP ID="P43_SP00102" HPOS="2113" VPOS="1560" WIDTH="162"/>
						<String ID="P43_ST00117" HPOS="2275" VPOS="1479" WIDTH="341" HEIGHT="57" CONTENT="décentralisa" WC="1.00" CC="000000001205" STYLEREFS="TXT_3"/>
					</TextLine>
					<TextLine ID="P43_TL00016" HPOS="118" VPOS="1566" WIDTH="2493" HEIGHT="82">
						<String ID="P43_ST00118" HPOS="118" VPOS="1567" WIDTH="365" HEIGHT="79" CONTENT="organisation" WC="1.00" CC="002000000200" STYLEREFS="TXT_3"/>
						<SP ID="P43_SP00103" HPOS="483" VPOS="1646" WIDTH="54"/>
						<String ID="P43_ST00119" HPOS="537" VPOS="1567" WIDTH="65" HEIGHT="58" CONTENT="de" WC="1.00" CC="00" STYLEREFS="TXT_3"/>
						<SP ID="P43_SP00104" HPOS="602" VPOS="1646" WIDTH="55"/>
						<String ID="P43_ST00120" HPOS="657" VPOS="1567" WIDTH="148" HEIGHT="58" CONTENT="leurs" WC="1.00" CC="00000" STYLEREFS="TXT_3"/>
						<SP ID="P43_SP00105" HPOS="805" VPOS="1646" WIDTH="63"/>
						<String ID="P43_ST00121" HPOS="868" VPOS="1567" WIDTH="237" HEIGHT="58" CONTENT="théâtres" WC="1.00" CC="00000000" STYLEREFS="TXT_3"/>
						<SP ID="P43_SP00106" HPOS="1105" VPOS="1646" WIDTH="61"/>
						<String ID="P43_ST00122" HPOS="1166" VPOS="1566" WIDTH="368" HEIGHT="79" CONTENT="municipaux," WC="1.00" CC="00000300030" STYLEREFS="TXT_3"/>
						<SP ID="P43_SP00107" HPOS="1534" VPOS="1646" WIDTH="58"/>
						<String ID="P43_ST00123" HPOS="1592" VPOS="1566" WIDTH="193" HEIGHT="79" CONTENT="offrent" WC="0.99" CC="7000600" STYLEREFS="TXT_3"/>
						<SP ID="P43_SP00108" HPOS="1785" VPOS="1646" WIDTH="55"/>
						<String ID="P43_ST00124" HPOS="1840" VPOS="1589" WIDTH="116" HEIGHT="37" CONTENT="aux" WC="1.00" CC="000" STYLEREFS="TXT_3"/>
						<SP ID="P43_SP00109" HPOS="1956" VPOS="1646" WIDTH="56"/>
						<String ID="P43_ST00125" HPOS="2012" VPOS="1569" WIDTH="371" HEIGHT="79" CONTENT="compositeurs" WC="1.00" CC="040000455000" STYLEREFS="TXT_3"/>
						<SP ID="P43_SP00110" HPOS="2383" VPOS="1648" WIDTH="62"/>
						<String ID="P43_ST00126" HPOS="2445" VPOS="1581" WIDTH="166" HEIGHT="45" CONTENT="toutes" WC="0.98" CC="050057" STYLEREFS="TXT_3"/>
					</TextLine>
					<TextLine ID="P43_TL00017" HPOS="116" VPOS="1654" WIDTH="2500" HEIGHT="82">
						<String ID="P43_ST00127" HPOS="116" VPOS="1655" WIDTH="288" HEIGHT="81" CONTENT="garanties" WC="0.99" CC="400502350" STYLEREFS="TXT_3"/>
						<SP ID="P43_SP00111" HPOS="404" VPOS="1736" WIDTH="351"/>
						<String ID="P43_ST00128" HPOS="755" VPOS="1656" WIDTH="64" HEIGHT="58" CONTENT="de" WC="1.00" CC="00" STYLEREFS="TXT_3"/>
						<SP ID="P43_SP00112" HPOS="819" VPOS="1736" WIDTH="126"/>
						<String ID="P43_ST00129" HPOS="945" VPOS="1655" WIDTH="122" HEIGHT="59" CONTENT="voir" WC="0.96" CC="9620" STYLEREFS="TXT_3"/>
						<SP ID="P43_SP00113" HPOS="1067" VPOS="1736" WIDTH="184"/>
						<String ID="P43_ST00130" HPOS="1251" VPOS="1656" WIDTH="147" HEIGHT="56" CONTENT="leurs" WC="0.99" CC="06000" STYLEREFS="TXT_3"/>
						<SP ID="P43_SP00114" HPOS="1398" VPOS="1736" WIDTH="210"/>
						<String ID="P43_ST00131" HPOS="1608" VPOS="1677" WIDTH="215" HEIGHT="37" CONTENT="œuvres" WC="0.99" CC="009050" STYLEREFS="TXT_3"/>
						<SP ID="P43_SP00115" HPOS="1823" VPOS="1736" WIDTH="279"/>
						<String ID="P43_ST00132" HPOS="2102" VPOS="1654" WIDTH="117" HEIGHT="58" CONTENT="bien" WC="0.99" CC="0230" STYLEREFS="TXT_3"/>
						<SP ID="P43_SP00116" HPOS="2219" VPOS="1736" WIDTH="-630"/>
						<String ID="P43_ST00133" HPOS="1589" VPOS="1655" WIDTH="1027" HEIGHT="78" CONTENT='défendu"' WC="1.00" CC="00040003" STYLEREFS="TXT_3"/>
					</TextLine>
					<TextLine ID="P43_TL00018" HPOS="294" VPOS="1740" WIDTH="2314" HEIGHT="83">
						<String ID="P43_ST00134" HPOS="294" VPOS="1747" WIDTH="58" HEIGHT="55" CONTENT="A" WC="0.66" CC="3"/>
						<SP ID="P43_SP00117" HPOS="352" VPOS="1802" WIDTH="37"/>
						<String ID="P43_ST00135" HPOS="389" VPOS="1759" WIDTH="156" HEIGHT="43" CONTENT="cette" WC="0.99" CC="00230"/>
						<SP ID="P43_SP00118" HPOS="545" VPOS="1802" WIDTH="34"/>
						<String ID="P43_ST00136" HPOS="579" VPOS="1740" WIDTH="311" HEIGHT="61" CONTENT="définition" WC="1.00" CC="0022040301"/>
						<SP ID="P43_SP00119" HPOS="890" VPOS="1802" WIDTH="39"/>
						<String ID="P43_ST00137" HPOS="929" VPOS="1764" WIDTH="116" HEIGHT="59" CONTENT="que" WC="0.98" CC="060"/>
						<SP ID="P43_SP00120" HPOS="1045" VPOS="1823" WIDTH="54"/>
						<String ID="P43_ST00138" HPOS="1099" VPOS="1744" WIDTH="96" HEIGHT="57" CONTENT="M." WC="0.81" CC="03"/>
						<SP ID="P43_SP00121" HPOS="1195" VPOS="1823" WIDTH="40"/>
						<String ID="P43_ST00139" HPOS="1235" VPOS="1744" WIDTH="186" HEIGHT="57" CONTENT="Silver" WC="0.81" CC="040006"/>
						<SP ID="P43_SP00122" HPOS="1421" VPOS="1823" WIDTH="31"/>
						<String ID="P43_ST00140" HPOS="1452" VPOS="1743" WIDTH="194" HEIGHT="58" CONTENT="faisait" WC="0.99" CC="0060027"/>
						<SP ID="P43_SP00123" HPOS="1646" VPOS="1823" WIDTH="34"/>
						<String ID="P43_ST00141" HPOS="1680" VPOS="1745" WIDTH="193" HEIGHT="57" CONTENT="suivre" WC="0.99" CC="051014"/>
						<SP ID="P43_SP00124" HPOS="1873" VPOS="1823" WIDTH="36"/>
						<String ID="P43_ST00142" HPOS="1909" VPOS="1744" WIDTH="141" HEIGHT="57" CONTENT="d'un" WC="0.98" CC="0105"/>
						<SP ID="P43_SP00125" HPOS="2050" VPOS="1823" WIDTH="37"/>
						<String ID="P43_ST00143" HPOS="2087" VPOS="1745" WIDTH="222" HEIGHT="56" CONTENT="certain" WC="0.99" CC="0011046"/>
						<SP ID="P43_SP00126" HPOS="2309" VPOS="1823" WIDTH="50"/>
						<String ID="P43_ST00144" HPOS="2359" VPOS="1744" WIDTH="249" HEIGHT="58" CONTENT="nombre" WC="1.00" CC="001021"/>
					</TextLine>
					<TextLine ID="P43_TL00019" HPOS="120" VPOS="1832" WIDTH="2486" HEIGHT="81">
						<String ID="P43_ST00145" HPOS="120" VPOS="1834" WIDTH="69" HEIGHT="59" CONTENT="de" WC="0.71" CC="05"/>
						<SP ID="P43_SP00127" HPOS="189" VPOS="1893" WIDTH="58"/>
						<String ID="P43_ST00146" HPOS="247" VPOS="1834" WIDTH="425" HEIGHT="79" CONTENT="prescriptions" WC="1.00" CC="0000011004001"/>
						<SP ID="P43_SP00128" HPOS="672" VPOS="1913" WIDTH="57"/>
						<String ID="P43_ST00147" HPOS="729" VPOS="1832" WIDTH="482" HEIGHT="58" CONTENT='"restrictives"' WC="1.00" CC="43500030200007"/>
						<SP ID="P43_SP00129" HPOS="1211" VPOS="1913" WIDTH="58"/>
						<String ID="P43_ST00148" HPOS="1269" VPOS="1832" WIDTH="52" HEIGHT="56" CONTENT="le" WC="0.83" CC="30"/>
						<SP ID="P43_SP00130" HPOS="1321" VPOS="1913" WIDTH="53"/>
						<String ID="P43_ST00149" HPOS="1374" VPOS="1852" WIDTH="229" HEIGHT="58" CONTENT="groupe" WC="0.99" CC="000703"/>
						<SP ID="P43_SP00131" HPOS="1603" VPOS="1913" WIDTH="33"/>
						<String ID="P43_ST00150" HPOS="1636" VPOS="1832" WIDTH="71" HEIGHT="57" CONTENT="de" WC="1.00" CC="00"/>
						<SP ID="P43_SP00132" HPOS="1707" VPOS="1913" WIDTH="55"/>
						<String ID="P43_ST00151" HPOS="1762" VPOS="1833" WIDTH="53" HEIGHT="55" CONTENT="la" WC="0.94" CC="10"/>
						<SP ID="P43_SP00133" HPOS="1815" VPOS="1913" WIDTH="41"/>
						<String ID="P43_ST00152" HPOS="1856" VPOS="1834" WIDTH="275" HEIGHT="76" CONTENT="musique" WC="1.00" CC="0300040"/>
						<SP ID="P43_SP00134" HPOS="2131" VPOS="1913" WIDTH="35"/>
						<String ID="P43_ST00153" HPOS="2166" VPOS="1853" WIDTH="30" HEIGHT="36" CONTENT="a" WC="1.00" CC="0"/>
						<SP ID="P43_SP00135" HPOS="2196" VPOS="1913" WIDTH="33"/>
						<String ID="P43_ST00154" HPOS="2229" VPOS="1832" WIDTH="290" HEIGHT="58" CONTENT="substitué" WC="1.00" CC="000000000"/>
						<SP ID="P43_SP00136" HPOS="2519" VPOS="1913" WIDTH="34"/>
						<String ID="P43_ST00155" HPOS="2553" VPOS="1833" WIDTH="53" HEIGHT="56" CONTENT="la" WC="0.97" CC="00"/>
					</TextLine>
					<TextLine ID="P43_TL00020" HPOS="117" VPOS="1922" WIDTH="508" HEIGHT="81">
						<String ID="P43_ST00156" HPOS="117" VPOS="1922" WIDTH="160" HEIGHT="81" CONTENT="règle" WC="0.98" CC="07003"/>
						<SP ID="P43_SP00137" HPOS="277" VPOS="2003" WIDTH="33"/>
						<String ID="P43_ST00157" HPOS="310" VPOS="1923" WIDTH="269" HEIGHT="57" CONTENT="suivante" WC="1.00" CC="00000350"/>
						<SP ID="P43_SP00138" HPOS="579" VPOS="2003" WIDTH="35"/>
						<String ID="P43_ST00158" HPOS="614" VPOS="1942" WIDTH="11" HEIGHT="36" CONTENT=":" WC="0.44" CC="5"/>
					</TextLine>
					<TextLine ID="P43_TL00021" HPOS="294" VPOS="2007" WIDTH="2312" HEIGHT="80">
						<String ID="P43_ST00159" HPOS="294" VPOS="2018" WIDTH="36" HEIGHT="23" CONTENT='"' WC="0.85" CC="1"/>
						<SP ID="P43_SP00139" HPOS="330" VPOS="2041" WIDTH="28"/>
						<String ID="P43_ST00160" HPOS="358" VPOS="2012" WIDTH="169" HEIGHT="56" CONTENT="Tout" WC="0.97" CC="3450"/>
						<SP ID="P43_SP00140" HPOS="527" VPOS="2068" WIDTH="55"/>
						<String ID="P43_ST00161" HPOS="582" VPOS="2007" WIDTH="231" HEIGHT="60" CONTENT="théâtre" WC="0.99" CC="1565010"/>
						<SP ID="P43_SP00141" HPOS="813" VPOS="2068" WIDTH="34"/>
						<String ID="P43_ST00162" HPOS="847" VPOS="2009" WIDTH="71" HEIGHT="56" CONTENT="de" WC="1.00" CC="00"/>
						<SP ID="P43_SP00142" HPOS="918" VPOS="2068" WIDTH="36"/>
						<String ID="P43_ST00163" HPOS="954" VPOS="2009" WIDTH="226" HEIGHT="56" CONTENT="France" WC="0.99" CC="031300"/>
						<SP ID="P43_SP00143" HPOS="1180" VPOS="2068" WIDTH="56"/>
						<String ID="P43_ST00164" HPOS="1236" VPOS="2022" WIDTH="175" HEIGHT="65" CONTENT="ayant" WC="0.99" CC="05003"/>
						<SP ID="P43_SP00144" HPOS="1411" VPOS="2087" WIDTH="37"/>
						<String ID="P43_ST00165" HPOS="1448" VPOS="2029" WIDTH="77" HEIGHT="36" CONTENT="un" WC="0.64" CC="33"/>
						<SP ID="P43_SP00145" HPOS="1525" VPOS="2087" WIDTH="54"/>
						<String ID="P43_ST00166" HPOS="1579" VPOS="2008" WIDTH="319" HEIGHT="70" CONTENT="orchestre," WC="1.00" CC="0006004510"/>
						<SP ID="P43_SP00146" HPOS="1898" VPOS="2087" WIDTH="54"/>
						<String ID="P43_ST00167" HPOS="1952" VPOS="2008" WIDTH="97" HEIGHT="59" CONTENT="des" WC="1.00" CC="000"/>
						<SP ID="P43_SP00147" HPOS="2049" VPOS="2087" WIDTH="57"/>
						<String ID="P43_ST00168" HPOS="2106" VPOS="2007" WIDTH="256" HEIGHT="71" CONTENT="chœurs," WC="1.00" CC="0500002"/>
						<SP ID="P43_SP00148" HPOS="2362" VPOS="2087" WIDTH="36"/>
						<String ID="P43_ST00169" HPOS="2398" VPOS="2023" WIDTH="56" HEIGHT="42" CONTENT="et" WC="0.86" CC="02"/>
						<SP ID="P43_SP00149" HPOS="2454" VPOS="2087" WIDTH="37"/>
						<String ID="P43_ST00170" HPOS="2491" VPOS="2030" WIDTH="115" HEIGHT="35" CONTENT="une" WC="0.97" CC="042"/>
					</TextLine>
					<TextLine ID="P43_TL00022" HPOS="117" VPOS="2095" WIDTH="2488" HEIGHT="85">
						<String ID="P43_ST00171" HPOS="117" VPOS="2114" WIDTH="213" HEIGHT="64" CONTENT="troupe" WC="0.99" CC="113500"/>
						<SP ID="P43_SP00150" HPOS="330" VPOS="2178" WIDTH="32"/>
						<String ID="P43_ST00172" HPOS="362" VPOS="2100" WIDTH="235" HEIGHT="80" CONTENT="lyrique" WC="0.99" CC="0003050"/>
						<SP ID="P43_SP00151" HPOS="597" VPOS="2180" WIDTH="27"/>
						<String ID="P43_ST00173" HPOS="624" VPOS="2096" WIDTH="324" HEIGHT="58" CONTENT="sédentaire" WC="0.99" CC="2501166820"/>
						<SP ID="P43_SP00152" HPOS="948" VPOS="2180" WIDTH="33"/>
						<String ID="P43_ST00174" HPOS="981" VPOS="2117" WIDTH="236" HEIGHT="58" CONTENT="pourra," WC="1.00" CC="0340000"/>
						<SP ID="P43_SP00153" HPOS="1217" VPOS="2180" WIDTH="37"/>
						<String ID="P43_ST00175" HPOS="1254" VPOS="2097" WIDTH="148" HEIGHT="56" CONTENT="alors" WC="1.00" CC="00300"/>
						<SP ID="P43_SP00154" HPOS="1402" VPOS="2180" WIDTH="27"/>
						<String ID="P43_ST00176" HPOS="1429" VPOS="2096" WIDTH="145" HEIGHT="79" CONTENT="qu'il" WC="1.00" CC="00003"/>
						<SP ID="P43_SP00155" HPOS="1574" VPOS="2180" WIDTH="34"/>
						<String ID="P43_ST00177" HPOS="1608" VPOS="2116" WIDTH="74" HEIGHT="36" CONTENT="ne" WC="0.66" CC="60"/>
						<SP ID="P43_SP00156" HPOS="1682" VPOS="2180" WIDTH="25"/>
						<String ID="P43_ST00178" HPOS="1707" VPOS="2097" WIDTH="285" HEIGHT="56" CONTENT="recevrait" WC="0.99" CC="310005032"/>
						<SP ID="P43_SP00157" HPOS="1992" VPOS="2180" WIDTH="33"/>
						<String ID="P43_ST00179" HPOS="2025" VPOS="2116" WIDTH="100" HEIGHT="59" CONTENT="pas" WC="1.00" CC="000"/>
						<SP ID="P43_SP00158" HPOS="2125" VPOS="2180" WIDTH="28"/>
						<String ID="P43_ST00180" HPOS="2153" VPOS="2096" WIDTH="70" HEIGHT="56" CONTENT="de" WC="1.00" CC="00"/>
						<SP ID="P43_SP00159" HPOS="2223" VPOS="2180" WIDTH="28"/>
						<String ID="P43_ST00181" HPOS="2251" VPOS="2095" WIDTH="354" HEIGHT="58" CONTENT="subvention" WC="0.99" CC="0340440410"/>
					</TextLine>
					<TextLine ID="P43_TL00023" HPOS="116" VPOS="2183" WIDTH="1321" HEIGHT="84">
						<String ID="P43_ST00182" HPOS="116" VPOS="2189" WIDTH="386" HEIGHT="78" CONTENT="municipale," WC="1.00" CC="06000000401"/>
						<SP ID="P43_SP00160" HPOS="502" VPOS="2267" WIDTH="37"/>
						<String ID="P43_ST00183" HPOS="539" VPOS="2187" WIDTH="318" HEIGHT="56" CONTENT="concourir" WC="0.99" CC="004004530"/>
						<SP ID="P43_SP00161" HPOS="857" VPOS="2267" WIDTH="33"/>
						<String ID="P43_ST00184" HPOS="890" VPOS="2206" WIDTH="153" HEIGHT="59" CONTENT="pour" WC="0.98" CC="0033"/>
						<SP ID="P43_SP00162" HPOS="1043" VPOS="2267" WIDTH="32"/>
						<String ID="P43_ST00185" HPOS="1075" VPOS="2186" WIDTH="54" HEIGHT="56" CONTENT="la" WC="1.00" CC="00"/>
						<SP ID="P43_SP00163" HPOS="1129" VPOS="2267" WIDTH="35"/>
						<String ID="P43_ST00186" HPOS="1164" VPOS="2186" WIDTH="209" HEIGHT="77" CONTENT="prime." WC="0.99" CC="012003"/>
						<SP ID="P43_SP00164" HPOS="1373" VPOS="2267" WIDTH="33"/>
						<String ID="P43_ST00187" HPOS="1406" VPOS="2183" WIDTH="31" HEIGHT="22" CONTENT='"' WC="0.24" CC="7"/>
					</TextLine>
					<TextLine ID="P43_TL00024" HPOS="278" VPOS="2327" WIDTH="2172" HEIGHT="57">
						<String ID="P43_ST00188" HPOS="278" VPOS="2343" WIDTH="356" HEIGHT="41" CONTENT="GARANTIES" WC="1.00" CC="003000000" STYLEREFS="TXT_4"/>
						<SP ID="P43_SP00165" HPOS="634" VPOS="2384" WIDTH="49"/>
						<String ID="P43_ST00189" HPOS="683" VPOS="2343" WIDTH="256" HEIGHT="39" CONTENT="DEVANT" WC="1.00" CC="030000" STYLEREFS="TXT_4"/>
						<SP ID="P43_SP00166" HPOS="939" VPOS="2384" WIDTH="49"/>
						<String ID="P43_ST00190" HPOS="988" VPOS="2341" WIDTH="322" HEIGHT="39" CONTENT="ENTOURER" WC="1.00" CC="20000010" STYLEREFS="TXT_4"/>
						<SP ID="P43_SP00167" HPOS="1310" VPOS="2384" WIDTH="45"/>
						<String ID="P43_ST00191" HPOS="1355" VPOS="2341" WIDTH="82" HEIGHT="38" CONTENT="LA" WC="0.78" CC="40" STYLEREFS="TXT_4"/>
						<SP ID="P43_SP00168" HPOS="1437" VPOS="2384" WIDTH="48"/>
						<String ID="P43_ST00192" HPOS="1485" VPOS="2327" WIDTH="613" HEIGHT="52" CONTENT="DÉCENTRALISATION" WC="1.00" CC="7600000010000000" STYLEREFS="TXT_4"/>
						<SP ID="P43_SP00169" HPOS="2098" VPOS="2384" WIDTH="51"/>
						<String ID="P43_ST00193" HPOS="2149" VPOS="2341" WIDTH="301" HEIGHT="38" CONTENT="MUSICALE" WC="1.00" CC="00100004" STYLEREFS="TXT_4"/>
					</TextLine>
					<TextLine ID="P43_TL00025" HPOS="742" VPOS="2460" WIDTH="1874" HEIGHT="80">
						<String ID="P43_ST00194" HPOS="742" VPOS="2460" WIDTH="48" HEIGHT="61" CONTENT="i°" WC="0.60" CC="08" STYLEREFS="TXT_3"/>
						<SP ID="P43_SP00170" HPOS="790" VPOS="2521" WIDTH="781"/>
						<String ID="P43_ST00195" HPOS="1571" VPOS="2462" WIDTH="275" HEIGHT="78" CONTENT="Délégués" WC="0.99" CC="40007000" STYLEREFS="TXT_3"/>
						<SP ID="P43_SP00171" HPOS="1846" VPOS="2540" WIDTH="339"/>
						<String ID="P43_ST00196" HPOS="2185" VPOS="2462" WIDTH="90" HEIGHT="57" CONTENT="des" WC="0.98" CC="040" STYLEREFS="TXT_3"/>
						<SP ID="P43_SP00172" HPOS="2275" VPOS="2540" WIDTH="165"/>
						<String ID="P43_ST00197" HPOS="2440" VPOS="2463" WIDTH="176" HEIGHT="56" CONTENT="Beaux" WC="0.98" CC="63200" STYLEREFS="TXT_3"/>
						<String ID="P43_ST00198" HPOS="1692" VPOS="2495" WIDTH="87" HEIGHT="7" CONTENT="—" WC="0.20" CC="8" STYLEREFS="TXT_3"/>
					</TextLine>
					<TextLine ID="P43_TL00026" HPOS="292" VPOS="2596" WIDTH="2312" HEIGHT="83">
						<String ID="P43_ST00199" HPOS="292" VPOS="2605" WIDTH="85" HEIGHT="56" CONTENT="Le" WC="1.00" CC="00"/>
						<SP ID="P43_SP00173" HPOS="377" VPOS="2661" WIDTH="33"/>
						<String ID="P43_ST00200" HPOS="410" VPOS="2604" WIDTH="125" HEIGHT="57" CONTENT="rôle" WC="0.98" CC="4500"/>
						<SP ID="P43_SP00174" HPOS="535" VPOS="2661" WIDTH="34"/>
						<String ID="P43_ST00201" HPOS="569" VPOS="2603" WIDTH="70" HEIGHT="58" CONTENT="de" WC="1.00" CC="00"/>
						<SP ID="P43_SP00175" HPOS="639" VPOS="2661" WIDTH="51"/>
						<String ID="P43_ST00202" HPOS="690" VPOS="2603" WIDTH="188" HEIGHT="57" CONTENT="l'Etat" WC="0.99" CC="003403"/>
						<SP ID="P43_SP00176" HPOS="878" VPOS="2661" WIDTH="34"/>
						<String ID="P43_ST00203" HPOS="912" VPOS="2623" WIDTH="71" HEIGHT="35" CONTENT="ne" WC="0.86" CC="20"/>
						<SP ID="P43_SP00177" HPOS="983" VPOS="2661" WIDTH="34"/>
						<String ID="P43_ST00204" HPOS="1017" VPOS="2601" WIDTH="174" HEIGHT="57" CONTENT="serait" WC="0.99" CC="010004"/>
						<SP ID="P43_SP00178" HPOS="1191" VPOS="2661" WIDTH="53"/>
						<String ID="P43_ST00205" HPOS="1244" VPOS="2620" WIDTH="101" HEIGHT="59" CONTENT="pas" WC="0.99" CC="003"/>
						<SP ID="P43_SP00179" HPOS="1345" VPOS="2679" WIDTH="32"/>
						<String ID="P43_ST00206" HPOS="1377" VPOS="2599" WIDTH="72" HEIGHT="57" CONTENT="de" WC="1.00" CC="00"/>
						<SP ID="P43_SP00180" HPOS="1449" VPOS="2679" WIDTH="55"/>
						<String ID="P43_ST00207" HPOS="1504" VPOS="2597" WIDTH="232" HEIGHT="59" CONTENT="fournir" WC="0.98" CC="0065450"/>
						<SP ID="P43_SP00181" HPOS="1736" VPOS="2679" WIDTH="33"/>
						<String ID="P43_ST00208" HPOS="1769" VPOS="2600" WIDTH="395" HEIGHT="77" CONTENT="uniquement" WC="1.00" CC="0160000001"/>
						<SP ID="P43_SP00182" HPOS="2164" VPOS="2679" WIDTH="35"/>
						<String ID="P43_ST00209" HPOS="2199" VPOS="2619" WIDTH="116" HEIGHT="36" CONTENT="aux" WC="1.00" CC="000"/>
						<SP ID="P43_SP00183" HPOS="2315" VPOS="2679" WIDTH="35"/>
						<String ID="P43_ST00210" HPOS="2350" VPOS="2596" WIDTH="254" HEIGHT="60" CONTENT="théâtres" WC="0.99" CC="65633000"/>
					</TextLine>
					<TextLine ID="P43_TL00027" HPOS="115" VPOS="2693" WIDTH="831" HEIGHT="80">
						<String ID="P43_ST00211" HPOS="115" VPOS="2693" WIDTH="68" HEIGHT="58" CONTENT="de" WC="1.00" CC="00"/>
						<SP ID="P43_SP00184" HPOS="183" VPOS="2751" WIDTH="34"/>
						<String ID="P43_ST00212" HPOS="217" VPOS="2693" WIDTH="287" HEIGHT="80" CONTENT="province" WC="1.00" CC="03000300"/>
						<SP ID="P43_SP00185" HPOS="504" VPOS="2773" WIDTH="33"/>
						<String ID="P43_ST00213" HPOS="537" VPOS="2712" WIDTH="106" HEIGHT="37" CONTENT="DES" WC="0.95" CC="750" STYLEREFS="TXT_4"/>
						<SP ID="P43_SP00186" HPOS="643" VPOS="2773" WIDTH="34"/>
						<String ID="P43_ST00214" HPOS="677" VPOS="2695" WIDTH="269" HEIGHT="54" CONTENT="CRÉDITS." WC="0.99" CC="00670004" STYLEREFS="TXT_4"/>
					</TextLine>
					<TextLine ID="P43_TL00028" HPOS="291" VPOS="2773" WIDTH="2314" HEIGHT="86">
						<String ID="P43_ST00215" HPOS="291" VPOS="2782" WIDTH="50" HEIGHT="57" CONTENT="Il" WC="0.78" CC="04"/>
						<SP ID="P43_SP00187" HPOS="341" VPOS="2839" WIDTH="33"/>
						<String ID="P43_ST00216" HPOS="374" VPOS="2780" WIDTH="257" HEIGHT="59" CONTENT="faudrait" WC="0.99" CC="00604004"/>
						<SP ID="P43_SP00188" HPOS="631" VPOS="2839" WIDTH="55"/>
						<String ID="P43_ST00217" HPOS="686" VPOS="2793" WIDTH="155" HEIGHT="66" CONTENT="pour" WC="0.99" CC="0040"/>
						<SP ID="P43_SP00189" HPOS="841" VPOS="2859" WIDTH="34"/>
						<String ID="P43_ST00218" HPOS="875" VPOS="2779" WIDTH="226" HEIGHT="57" CONTENT="donner" WC="0.99" CC="004006"/>
						<SP ID="P43_SP00190" HPOS="1101" VPOS="2859" WIDTH="55"/>
						<String ID="P43_ST00219" HPOS="1156" VPOS="2777" WIDTH="30" HEIGHT="57" CONTENT="à" WC="0.29" CC="7"/>
						<SP ID="P43_SP00191" HPOS="1186" VPOS="2859" WIDTH="58"/>
						<String ID="P43_ST00220" HPOS="1244" VPOS="2798" WIDTH="114" HEIGHT="36" CONTENT="une" WC="0.97" CC="330"/>
						<SP ID="P43_SP00192" HPOS="1358" VPOS="2859" WIDTH="53"/>
						<String ID="P43_ST00221" HPOS="1411" VPOS="2782" WIDTH="36" HEIGHT="24" CONTENT='"' WC="0.56" CC="4"/>
						<SP ID="P43_SP00193" HPOS="1447" VPOS="2859" WIDTH="26"/>
						<String ID="P43_ST00222" HPOS="1473" VPOS="2774" WIDTH="295" HEIGHT="81" CONTENT="première" WC="0.99" CC="02003533"/>
						<SP ID="P43_SP00194" HPOS="1768" VPOS="2859" WIDTH="27"/>
						<String ID="P43_ST00223" HPOS="1795" VPOS="2774" WIDTH="29" HEIGHT="22" CONTENT='"' WC="0.55" CC="4"/>
						<SP ID="P43_SP00195" HPOS="1824" VPOS="2859" WIDTH="58"/>
						<String ID="P43_ST00224" HPOS="1882" VPOS="2789" WIDTH="132" HEIGHT="42" CONTENT="tout" WC="0.98" CC="5050"/>
						<SP ID="P43_SP00196" HPOS="2014" VPOS="2859" WIDTH="56"/>
						<String ID="P43_ST00225" HPOS="2070" VPOS="2774" WIDTH="193" HEIGHT="58" CONTENT="l'éclat" WC="0.99" CC="3260040"/>
						<SP ID="P43_SP00197" HPOS="2263" VPOS="2859" WIDTH="55"/>
						<String ID="P43_ST00226" HPOS="2318" VPOS="2773" WIDTH="287" HEIGHT="59" CONTENT="désirable" WC="1.00" CC="060060000"/>
					</TextLine>
					<TextLine ID="P43_TL00029" HPOS="112" VPOS="2865" WIDTH="1420" HEIGHT="63">
						<String ID="P43_ST00227" HPOS="112" VPOS="2871" WIDTH="193" HEIGHT="57" CONTENT="suivre" WC="1.00" CC="001000"/>
						<SP ID="P43_SP00198" HPOS="305" VPOS="2928" WIDTH="36"/>
						<String ID="P43_ST00228" HPOS="341" VPOS="2890" WIDTH="213" HEIGHT="36" CONTENT="encore" WC="1.00" CC="000000"/>
						<SP ID="P43_SP00199" HPOS="554" VPOS="2928" WIDTH="33"/>
						<String ID="P43_ST00229" HPOS="587" VPOS="2868" WIDTH="333" HEIGHT="57" CONTENT="L'EXEMPLE" WC="0.99" CC="300010615" STYLEREFS="TXT_4"/>
						<SP ID="P43_SP00200" HPOS="920" VPOS="2928" WIDTH="35"/>
						<String ID="P43_ST00230" HPOS="955" VPOS="2887" WIDTH="76" HEIGHT="36" CONTENT="DE" WC="0.85" CC="20" STYLEREFS="TXT_4"/>
						<SP ID="P43_SP00201" HPOS="1031" VPOS="2928" WIDTH="32"/>
						<String ID="P43_ST00231" HPOS="1063" VPOS="2865" WIDTH="469" HEIGHT="58" CONTENT="L'ALLEMAGNE." WC="0.99" CC="208025000034" STYLEREFS="TXT_4"/>
					</TextLine>
					<TextLine ID="P43_TL00030" HPOS="289" VPOS="2949" WIDTH="2312" HEIGHT="85">
						<String ID="P43_ST00232" HPOS="289" VPOS="2956" WIDTH="105" HEIGHT="73" CONTENT="Là," WC="0.97" CC="260"/>
						<SP ID="P43_SP00202" HPOS="394" VPOS="3029" WIDTH="56"/>
						<String ID="P43_ST00233" HPOS="450" VPOS="2978" WIDTH="79" HEIGHT="36" CONTENT="un" WC="0.90" CC="01"/>
						<SP ID="P43_SP00203" HPOS="529" VPOS="3029" WIDTH="52"/>
						<String ID="P43_ST00234" HPOS="581" VPOS="2956" WIDTH="147" HEIGHT="58" CONTENT="haut" WC="0.99" CC="6000"/>
						<SP ID="P43_SP00204" HPOS="728" VPOS="3029" WIDTH="34"/>
						<String ID="P43_ST00235" HPOS="762" VPOS="2954" WIDTH="319" HEIGHT="80" CONTENT="dignitaire" WC="1.00" CC="0002200240"/>
						<SP ID="P43_SP00205" HPOS="1081" VPOS="3034" WIDTH="57"/>
						<String ID="P43_ST00236" HPOS="1138" VPOS="2952" WIDTH="71" HEIGHT="58" CONTENT="de" WC="0.96" CC="00"/>
						<SP ID="P43_SP00206" HPOS="1209" VPOS="3034" WIDTH="51"/>
						<String ID="P43_ST00237" HPOS="1260" VPOS="2954" WIDTH="52" HEIGHT="55" CONTENT="la" WC="0.78" CC="40"/>
						<SP ID="P43_SP00207" HPOS="1312" VPOS="3034" WIDTH="59"/>
						<String ID="P43_ST00238" HPOS="1371" VPOS="2953" WIDTH="163" HEIGHT="55" CONTENT="Cour" WC="0.97" CC="3153"/>
						<SP ID="P43_SP00208" HPOS="1534" VPOS="3034" WIDTH="33"/>
						<String ID="P43_ST00239" HPOS="1567" VPOS="2952" WIDTH="196" HEIGHT="56" CONTENT="assiste" WC="0.99" CC="0005300"/>
						<SP ID="P43_SP00209" HPOS="1763" VPOS="3034" WIDTH="53"/>
						<String ID="P43_ST00240" HPOS="1816" VPOS="2971" WIDTH="116" HEIGHT="35" CONTENT="aux" WC="0.97" CC="350"/>
						<SP ID="P43_SP00210" HPOS="1932" VPOS="3034" WIDTH="44"/>
						<String ID="P43_ST00241" HPOS="1976" VPOS="2949" WIDTH="494" HEIGHT="79" CONTENT="représentations" WC="1.00" CC="000550021000300"/>
						<SP ID="P43_SP00211" HPOS="2470" VPOS="3034" WIDTH="35"/>
						<String ID="P43_ST00242" HPOS="2505" VPOS="2951" WIDTH="96" HEIGHT="57" CONTENT="des" WC="1.00" CC="000"/>
					</TextLine>
					<TextLine ID="P43_TL00031" HPOS="111" VPOS="3037" WIDTH="2491" HEIGHT="84">
						<String ID="P43_ST00243" HPOS="111" VPOS="3067" WIDTH="231" HEIGHT="38" CONTENT="œuvres" WC="1.00" CC="000001"/>
						<SP ID="P43_SP00212" HPOS="342" VPOS="3105" WIDTH="51"/>
						<String ID="P43_ST00244" HPOS="393" VPOS="3046" WIDTH="302" HEIGHT="57" CONTENT="nouvelles" WC="0.99" CC="405003400"/>
						<SP ID="P43_SP00213" HPOS="695" VPOS="3105" WIDTH="34"/>
						<String ID="P43_ST00245" HPOS="729" VPOS="3060" WIDTH="57" HEIGHT="43" CONTENT="et" WC="1.00" CC="00"/>
						<SP ID="P43_SP00214" HPOS="786" VPOS="3105" WIDTH="52"/>
						<String ID="P43_ST00246" HPOS="838" VPOS="3042" WIDTH="108" HEIGHT="58" CONTENT="fait" WC="0.99" CC="0004"/>
						<SP ID="P43_SP00215" HPOS="946" VPOS="3105" WIDTH="36"/>
						<String ID="P43_ST00247" HPOS="982" VPOS="3042" WIDTH="232" HEIGHT="79" CONTENT="chaque" WC="1.00" CC="050000"/>
						<SP ID="P43_SP00216" HPOS="1214" VPOS="3121" WIDTH="57"/>
						<String ID="P43_ST00248" HPOS="1271" VPOS="3038" WIDTH="185" HEIGHT="60" CONTENT="année" WC="0.97" CC="07662"/>
						<SP ID="P43_SP00217" HPOS="1456" VPOS="3121" WIDTH="35"/>
						<String ID="P43_ST00249" HPOS="1491" VPOS="3061" WIDTH="79" HEIGHT="36" CONTENT="un" WC="0.70" CC="05"/>
						<SP ID="P43_SP00218" HPOS="1570" VPOS="3121" WIDTH="34"/>
						<String ID="P43_ST00250" HPOS="1604" VPOS="3052" WIDTH="243" HEIGHT="65" CONTENT="rapport" WC="1.00" CC="3000210"/>
						<SP ID="P43_SP00219" HPOS="1847" VPOS="3121" WIDTH="57"/>
						<String ID="P43_ST00251" HPOS="1904" VPOS="3037" WIDTH="113" HEIGHT="58" CONTENT="très" WC="0.97" CC="4470"/>
						<SP ID="P43_SP00220" HPOS="2017" VPOS="3121" WIDTH="33"/>
						<String ID="P43_ST00252" HPOS="2050" VPOS="3041" WIDTH="267" HEIGHT="77" CONTENT="complet" WC="1.00" CC="1000100"/>
						<SP ID="P43_SP00221" HPOS="2317" VPOS="3121" WIDTH="54"/>
						<String ID="P43_ST00253" HPOS="2371" VPOS="3060" WIDTH="97" HEIGHT="37" CONTENT="sur" WC="1.00" CC="000"/>
						<SP ID="P43_SP00222" HPOS="2468" VPOS="3121" WIDTH="53"/>
						<String ID="P43_ST00254" HPOS="2521" VPOS="3039" WIDTH="81" HEIGHT="58" CONTENT="les" WC="0.98" CC="202"/>
					</TextLine>
					<TextLine ID="P43_TL00032" HPOS="109" VPOS="3132" WIDTH="948" HEIGHT="83">
						<String ID="P43_ST00255" HPOS="109" VPOS="3133" WIDTH="199" HEIGHT="82" CONTENT="pièces" WC="0.99" CC="036000"/>
						<SP ID="P43_SP00223" HPOS="308" VPOS="3215" WIDTH="25"/>
						<String ID="P43_ST00256" HPOS="333" VPOS="3132" WIDTH="204" HEIGHT="80" CONTENT="jouées" WC="0.98" CC="606600"/>
						<SP ID="P43_SP00224" HPOS="537" VPOS="3215" WIDTH="33"/>
						<String ID="P43_ST00257" HPOS="570" VPOS="3133" WIDTH="141" HEIGHT="58" CONTENT="dans" WC="0.98" CC="0900"/>
						<SP ID="P43_SP00225" HPOS="711" VPOS="3215" WIDTH="32"/>
						<String ID="P43_ST00258" HPOS="743" VPOS="3132" WIDTH="314" HEIGHT="79" CONTENT="l'Empire." WC="0.99" CC="045005304"/>
					</TextLine>
					<TextLine ID="P43_TL00033" HPOS="287" VPOS="3212" WIDTH="2314" HEIGHT="81">
						<String ID="P43_ST00259" HPOS="287" VPOS="3221" WIDTH="172" HEIGHT="58" CONTENT="Chez" WC="0.98" CC="0700"/>
						<SP ID="P43_SP00226" HPOS="459" VPOS="3279" WIDTH="48"/>
						<String ID="P43_ST00260" HPOS="507" VPOS="3243" WIDTH="169" HEIGHT="48" CONTENT="nous," WC="1.00" CC="00400"/>
						<SP ID="P43_SP00227" HPOS="676" VPOS="3291" WIDTH="34"/>
						<String ID="P43_ST00261" HPOS="710" VPOS="3222" WIDTH="53" HEIGHT="55" CONTENT="le" WC="0.68" CC="41"/>
						<SP ID="P43_SP00228" HPOS="763" VPOS="3291" WIDTH="37"/>
						<String ID="P43_ST00262" HPOS="800" VPOS="3221" WIDTH="287" HEIGHT="56" CONTENT="Ministre" WC="0.99" CC="00240050"/>
						<SP ID="P43_SP00229" HPOS="1087" VPOS="3291" WIDTH="36"/>
						<String ID="P43_ST00263" HPOS="1123" VPOS="3217" WIDTH="96" HEIGHT="57" CONTENT="des" WC="1.00" CC="000"/>
						<SP ID="P43_SP00230" HPOS="1219" VPOS="3291" WIDTH="36"/>
						<String ID="P43_ST00264" HPOS="1255" VPOS="3216" WIDTH="378" HEIGHT="58" CONTENT="Beaux-Arts" WC="0.99" CC="5260000130"/>
						<SP ID="P43_SP00231" HPOS="1633" VPOS="3291" WIDTH="36"/>
						<String ID="P43_ST00265" HPOS="1669" VPOS="3215" WIDTH="225" HEIGHT="57" CONTENT="devrait" WC="1.00" CC="0000000"/>
						<SP ID="P43_SP00232" HPOS="1894" VPOS="3291" WIDTH="53"/>
						<String ID="P43_ST00266" HPOS="1947" VPOS="3213" WIDTH="153" HEIGHT="59" CONTENT="donc" WC="0.99" CC="0060"/>
						<SP ID="P43_SP00233" HPOS="2100" VPOS="3291" WIDTH="34"/>
						<String ID="P43_ST00267" HPOS="2134" VPOS="3235" WIDTH="57" HEIGHT="37" CONTENT="se" WC="0.84" CC="03"/>
						<SP ID="P43_SP00234" HPOS="2191" VPOS="3291" WIDTH="33"/>
						<String ID="P43_ST00268" HPOS="2224" VPOS="3212" WIDTH="145" HEIGHT="59" CONTENT="faire" WC="0.99" CC="00060"/>
						<SP ID="P43_SP00235" HPOS="2369" VPOS="3291" WIDTH="35"/>
						<String ID="P43_ST00269" HPOS="2404" VPOS="3212" WIDTH="165" HEIGHT="81" CONTENT="repré" SUBS_TYPE="HypPart1" SUBS_CONTENT="représenter" WC="0.99" CC="00006"/>
						<HYP HPOS="2569" VPOS="3212" WIDTH="32" CONTENT="-"/>
					</TextLine>
					<TextLine ID="P43_TL00034" HPOS="108" VPOS="3306" WIDTH="1070" HEIGHT="84">
						<String ID="P43_ST00270" HPOS="108" VPOS="3325" WIDTH="193" HEIGHT="45" CONTENT="senter" SUBS_TYPE="HypPart2" SUBS_CONTENT="représenter" WC="0.99" CC="002204"/>
						<SP ID="P43_SP00236" HPOS="301" VPOS="3370" WIDTH="33"/>
						<String ID="P43_ST00271" HPOS="334" VPOS="3332" WIDTH="104" HEIGHT="58" CONTENT="par" WC="0.97" CC="006"/>
						<SP ID="P43_SP00237" HPOS="438" VPOS="3390" WIDTH="33"/>
						<String ID="P43_ST00272" HPOS="471" VPOS="3310" WIDTH="99" HEIGHT="57" CONTENT="des" WC="1.00" CC="000"/>
						<SP ID="P43_SP00238" HPOS="570" VPOS="3390" WIDTH="35"/>
						<String ID="P43_ST00273" HPOS="605" VPOS="3306" WIDTH="277" HEIGHT="81" CONTENT="délégués" WC="0.99" CC="06050060"/>
						<SP ID="P43_SP00239" HPOS="882" VPOS="3390" WIDTH="34"/>
						<String ID="P43_ST00274" HPOS="916" VPOS="3306" WIDTH="262" HEIGHT="57" CONTENT="officiels." WC="1.00" CC="1000300302"/>
					</TextLine>
					<TextLine ID="P43_TL00035" HPOS="286" VPOS="3390" WIDTH="2315" HEIGHT="82">
						<String ID="P43_ST00275" HPOS="286" VPOS="3401" WIDTH="206" HEIGHT="63" CONTENT="Quant" WC="0.99" CC="00044"/>
						<SP ID="P43_SP00240" HPOS="492" VPOS="3464" WIDTH="52"/>
						<String ID="P43_ST00276" HPOS="544" VPOS="3398" WIDTH="30" HEIGHT="58" CONTENT="à" WC="0.32" CC="6"/>
						<SP ID="P43_SP00241" HPOS="574" VPOS="3464" WIDTH="33"/>
						<String ID="P43_ST00277" HPOS="607" VPOS="3399" WIDTH="54" HEIGHT="57" CONTENT="la" WC="0.82" CC="30"/>
						<SP ID="P43_SP00242" HPOS="661" VPOS="3464" WIDTH="34"/>
						<String ID="P43_ST00278" HPOS="695" VPOS="3417" WIDTH="254" HEIGHT="39" CONTENT="GRANDE" WC="1.00" CC="000004" STYLEREFS="TXT_4"/>
						<SP ID="P43_SP00243" HPOS="949" VPOS="3464" WIDTH="35"/>
						<String ID="P43_ST00279" HPOS="984" VPOS="3414" WIDTH="200" HEIGHT="38" CONTENT="PRESSE" WC="0.99" CC="002003" STYLEREFS="TXT_4"/>
						<SP ID="P43_SP00244" HPOS="1184" VPOS="3464" WIDTH="34"/>
						<String ID="P43_ST00280" HPOS="1218" VPOS="3392" WIDTH="332" HEIGHT="80" CONTENT="parisienne" WC="1.00" CC="0002040300"/>
						<SP ID="P43_SP00245" HPOS="1550" VPOS="3472" WIDTH="34"/>
						<String ID="P43_ST00281" HPOS="1584" VPOS="3391" WIDTH="109" HEIGHT="57" CONTENT="elle" WC="0.99" CC="0302"/>
						<SP ID="P43_SP00246" HPOS="1693" VPOS="3472" WIDTH="32"/>
						<String ID="P43_ST00282" HPOS="1725" VPOS="3391" WIDTH="188" HEIGHT="56" CONTENT="aurait" WC="0.99" CC="044000"/>
						<SP ID="P43_SP00247" HPOS="1913" VPOS="3472" WIDTH="48"/>
						<String ID="P43_ST00283" HPOS="1961" VPOS="3390" WIDTH="53" HEIGHT="57" CONTENT="le" WC="1.00" CC="00"/>
						<SP ID="P43_SP00248" HPOS="2014" VPOS="3472" WIDTH="33"/>
						<String ID="P43_ST00284" HPOS="2047" VPOS="3390" WIDTH="207" HEIGHT="58" CONTENT="devoir" WC="1.00" CC="000000"/>
						<SP ID="P43_SP00249" HPOS="2254" VPOS="3472" WIDTH="33"/>
						<String ID="P43_ST00285" HPOS="2287" VPOS="3390" WIDTH="72" HEIGHT="57" CONTENT="de" WC="0.99" CC="00"/>
						<SP ID="P43_SP00250" HPOS="2359" VPOS="3472" WIDTH="33"/>
						<String ID="P43_ST00286" HPOS="2392" VPOS="3390" WIDTH="209" HEIGHT="57" CONTENT="rendre" WC="0.99" CC="303000"/>
					</TextLine>
					<TextLine ID="P43_TL00036" HPOS="109" VPOS="3478" WIDTH="2491" HEIGHT="89">
						<String ID="P43_ST00287" HPOS="109" VPOS="3502" WIDTH="244" HEIGHT="65" CONTENT="compte" WC="1.00" CC="000003"/>
						<SP ID="P43_SP00251" HPOS="353" VPOS="3567" WIDTH="54"/>
						<String ID="P43_ST00288" HPOS="407" VPOS="3488" WIDTH="99" HEIGHT="58" CONTENT="des" WC="1.00" CC="000"/>
						<SP ID="P43_SP00252" HPOS="506" VPOS="3567" WIDTH="56"/>
						<String ID="P43_ST00289" HPOS="562" VPOS="3494" WIDTH="36" HEIGHT="24" CONTENT='"' WC="1.00" CC="0"/>
						<SP ID="P43_SP00253" HPOS="598" VPOS="3567" WIDTH="28"/>
						<String ID="P43_ST00290" HPOS="626" VPOS="3484" WIDTH="322" HEIGHT="82" CONTENT="premières" WC="0.99" CC="000336310"/>
						<SP ID="P43_SP00254" HPOS="948" VPOS="3567" WIDTH="29"/>
						<String ID="P43_ST00291" HPOS="977" VPOS="3484" WIDTH="32" HEIGHT="20" CONTENT='"' WC="0.37" CC="6"/>
						<SP ID="P43_SP00255" HPOS="1009" VPOS="3567" WIDTH="58"/>
						<String ID="P43_ST00292" HPOS="1067" VPOS="3498" WIDTH="57" HEIGHT="43" CONTENT="et" WC="0.79" CC="04"/>
						<SP ID="P43_SP00256" HPOS="1124" VPOS="3567" WIDTH="36"/>
						<String ID="P43_ST00293" HPOS="1160" VPOS="3481" WIDTH="72" HEIGHT="58" CONTENT="de" WC="0.99" CC="00"/>
						<SP ID="P43_SP00257" HPOS="1232" VPOS="3567" WIDTH="33"/>
						<String ID="P43_ST00294" HPOS="1265" VPOS="3483" WIDTH="127" HEIGHT="56" CONTENT="leur" WC="0.98" CC="0044"/>
						<SP ID="P43_SP00258" HPOS="1392" VPOS="3567" WIDTH="33"/>
						<String ID="P43_ST00295" HPOS="1425" VPOS="3479" WIDTH="226" HEIGHT="58" CONTENT="donner" WC="0.99" CC="006500"/>
						<SP ID="P43_SP00259" HPOS="1651" VPOS="3567" WIDTH="32"/>
						<String ID="P43_ST00296" HPOS="1683" VPOS="3480" WIDTH="55" HEIGHT="56" CONTENT="la" WC="0.81" CC="30"/>
						<SP ID="P43_SP00260" HPOS="1738" VPOS="3567" WIDTH="33"/>
						<String ID="P43_ST00297" HPOS="1771" VPOS="3478" WIDTH="288" HEIGHT="80" CONTENT="publicité" WC="1.00" CC="040010005"/>
						<SP ID="P43_SP00261" HPOS="2059" VPOS="3567" WIDTH="35"/>
						<String ID="P43_ST00298" HPOS="2094" VPOS="3494" WIDTH="56" HEIGHT="42" CONTENT="et" WC="1.00" CC="00"/>
						<SP ID="P43_SP00262" HPOS="2150" VPOS="3567" WIDTH="33"/>
						<String ID="P43_ST00299" HPOS="2183" VPOS="3479" WIDTH="417" HEIGHT="79" CONTENT="l'importance" WC="1.00" CC="005000040600"/>
					</TextLine>
				</TextBlock>
			</PrintSpace>
		</Page>
	</Layout>
</alto>
