2715 3924
1181 227 63 69 S.
1312 227 54 69 I.
1435 227 110 70 M.

113 249 39 51 2
168 253 46 44 O

110 376 374 81 Strawinsky
516 374 569 82 l'épanouissement
1119 376 101 58 des
1264 373 254 83 qualités
1554 374 410 82 particulières
2012 397 119 37 aux
2187 378 328 59 musiciens
2563 381 71 60 de

105 488 59 38 sa
220 486 133 37 race
389 486 11 37 :
461 485 197 38 aucun
713 465 192 57 Russe
953 465 96 58 n'a
1098 466 133 79 plus
1288 466 525 57 instinctivement
1867 486 118 60 que
2035 466 86 58 lui
2173 467 54 57 le
2284 488 129 38 sens
2465 467 72 59 de
2580 471 53 58 la

108 554 374 71 décoration,
539 556 451 79 l'imagination
1047 556 463 57 naturellement
1561 552 294 83 féerique,
1908 556 322 80 l'aptitude
2280 556 31 59 à
2361 559 143 57 tirer
2553 559 78 59 du

106 644 259 59 folklore
400 645 268 58 national
700 645 81 57 les
816 646 132 79 plus
982 665 335 37 savoureux
1352 644 190 71 effets,
1587 642 304 61 l'écriture
1936 644 408 82 harmonique
2383 645 151 61 libre
2577 664 57 44 et

107 736 403 79 voluptueuse
543 749 59 45 et
634 735 578 59 l'instrumentation
1248 757 73 35 en
1355 733 102 59 feu
1493 731 310 63 d'artifice.
1855 735 232 59 Toutes
2133 757 94 38 ces
2279 752 203 44 vertus
2531 742 103 77 qui

107 846 151 38 nous
313 823 134 61 font
497 823 201 59 chérir
748 824 303 58 Borodine
1086 847 78 37 ou
1203 824 262 80 Rimsky
1500 838 134 44 sont
1683 824 398 81 développées
2121 824 153 60 chez
2305 828 129 57 leur
2468 829 168 59 cadet

98 913 241 81 jusqu'à
372 912 368 59 l'héroïsme.
779 913 100 58 Au
917 928 276 45 moment
1228 912 79 59 où
1341 914 81 57 les
1447 914 212 78 jeunes
1693 913 249 60 officiels
1982 914 73 57 de
2107 913 404 84 Pétersbourg
2559 940 78 38 ou

110 1004 72 59 de
243 1006 267 56 Moscou
558 1002 371 60 découvrent
977 1006 53 56 la
1080 1002 338 81 pédagogie
1467 1004 353 72 allemande,
1856 1026 58 37 se
1947 1006 389 78 passionnent
2370 1029 155 58 pour
2558 1009 80 60 les

111 1092 317 60 méthodes
463 1092 515 80 d'enseignement
1014 1093 72 57 de
1114 1093 280 57 Weimar
1428 1115 77 35 ou
1543 1093 72 57 de
1642 1095 282 80 Leipzig,
1950 1096 338 79 rougissent
2316 1095 72 58 de
2421 1097 186 60 l'auto-

110 1183 356 60 didactisme
499 1182 74 59 de
610 1182 444 83 Moussorgsky
1089 1199 58 43 et
1188 1182 331 59 cherchent
1554 1182 31 59 à
1620 1185 56 56 le
1724 1182 146 60 faire
1921 1182 235 60 oublier
2203 1206 72 37 en
2327 1186 273 61 manufac-

110 1288 203 43 turant
348 1274 101 57 des
480 1286 233 45 sonates
770 1288 58 42 et
882 1272 99 59 des
1032 1272 391 82 symphonies
1472 1275 548 70 conservatoriales,
2064 1272 168 60 l'état
2266 1275 194 60 d'âme
2495 1277 142 60 d'un

111 1361 373 80 Strawinsky
538 1377 85 43 est
677 1360 560 80 particulièrement
1289 1360 454 83 sympathique.
1800 1363 53 58 Il
1904 1384 74 37 ne
2027 1364 273 58 s'attarde
2345 1387 103 58 pas
2482 1364 30 60 à
2547 1388 92 38 ces

111 1453 261 80 analyses
407 1450 343 80 ethniques,
787 1453 45 56 si
868 1449 120 61 fort
1024 1451 30 58 à
1089 1453 52 56 la
1176 1451 179 58 mode
1390 1451 212 80 depuis
1636 1453 292 80 quelques
1969 1451 235 75 années,
2257 1457 106 78 qui
2411 1455 200 60 s'effor-

110 1557 139 43 cent
301 1540 73 59 de
430 1540 171 59 doser
649 1554 59 43 et
759 1539 392 81 d'équilibrer
1199 1540 142 59 dans
1390 1542 54 57 le
1493 1539 177 83 génie
1721 1562 158 39 russe
1918 1540 310 61 l'élément
2262 1544 71 59 de
2369 1545 272 60 slavisme

110 1629 417 61 fondamental
579 1644 59 44 et
694 1631 259 80 l'apport
1010 1631 141 58 d'un
1206 1633 409 57 orientalisme
1668 1633 184 79 qu'on
1898 1633 279 58 voudrait
2211 1655 73 36 en
2318 1637 139 56 vain
2493 1657 146 40 nous

111 1721 212 58 rendre
357 1733 256 68 suspect.
651 1719 115 60 Les
802 1721 132 80 plus
968 1719 210 60 subtils
1217 1722 474 58 raisonnements
1725 1722 499 81 n'empêcheront
2252 1745 102 60 pas
2379 1726 55 57 la
2460 1724 181 63 féerie

112 1812 294 78 asiatique
440 1811 72 57 de
546 1830 150 38 nous
731 1811 236 57 enivrer
999 1811 134 79 plus
1168 1810 304 59 sûrement
1508 1832 117 59 que
1659 1812 53 57 le
1748 1813 386 79 contrepoint
2185 1815 454 61 intellectualisé

112 1900 73 58 de
220 1920 107 37 nos
359 1897 195 60 écoles
590 1897 359 61 d'occident.
992 1900 153 57 Vive
1329 1921 159 37 russe
1523 1901 80 57 tel
1637 1902 188 79 qu'on
1858 1902 55 57 le
1947 1904 163 77 parle
2264 1925 73 36 en
2375 1905 262 61 France!

292 1990 53 57 Il
376 1987 130 61 faut
540 1987 156 60 donc
731 1990 194 58 savoir
959 2010 78 37 un
1075 1987 103 83 gré
1212 1986 173 62 infini
1433 1989 32 58 à
1513 1991 258 59 l'auteur
1815 1992 71 58 de
1946 1992 268 60 l'Oiseau
2272 1994 72 57 de
2396 1995 127 60 Feu
2572 1996 70 60 de

112 2078 287 61 défendre
433 2099 144 38 avec
610 2093 160 44 cette
797 2079 311 80 splendide
1134 2078 282 72 autorité,
1447 2081 169 69 mais,
1645 2080 613 74 malheureusement,
2286 2085 125 57 seul
2438 2100 204 45 contre

115 2184 155 55 tous,
323 2169 55 57 le
435 2166 170 59 riche
654 2165 190 61 trésor
891 2169 269 57 national
1209 2168 149 58 dont
1405 2189 86 38 ses
1531 2172 433 78 compatriotes
1996 2169 135 61 font
2166 2173 385 79 aujourd'hui
2598 2177 44 57 si

113 2258 122 60 bon
270 2257 266 61 marché.
578 2257 160 59 C'est
776 2274 172 44 notre
982 2258 229 72 devoir,
1246 2279 179 60 parce
1460 2281 120 59 que
1625 2282 150 37 nous
1823 2282 263 38 sommes
2138 2264 151 57 seuls
2323 2262 31 59 à
2389 2267 254 77 pouvoir

115 2346 315 82 apprécier
508 2347 395 80 pleinement,
985 2348 175 79 grâce
1225 2347 31 58 à
1321 2363 172 45 notre
1566 2351 238 57 culture
1881 2352 277 71 actuelle,
2225 2352 420 62 l'inestimable

116 2436 254 61 bienfait
406 2459 116 59 que
559 2434 339 84 représente
933 2457 106 40 son
1085 2438 179 59 effort
1321 2438 142 60 dans
1510 2438 361 60 l'évolution
1922 2442 316 80 artistique
2288 2459 318 66 contempo-

116 2528 164 58 raine
329 2541 59 45 et
421 2547 179 60 parce
635 2549 117 58 que
804 2527 143 59 c'est
991 2527 152 59 chez
1188 2549 171 51 nous,
1394 2544 59 43 et
1503 2550 120 37 non
1669 2530 142 58 dans
1844 2551 107 38 son
1987 2553 143 59 pays
2166 2528 78 63 où
2281 2533 362 60 Rubinstein

117 2631 88 45 est
239 2616 140 58 dieu
414 2630 59 44 et
507 2613 80 61 où
620 2616 488 81 Tschaïkowsky
1142 2630 86 46 est
1277 2638 105 38 son
1432 2617 320 83 prophète,
1796 2641 118 59 que
1960 2641 66 37 ce
2070 2622 211 79 prince
2318 2621 144 81 Igor
2495 2621 148 60 exilé

118 2720 281 45 trouvera
446 2706 100 59 des
597 2706 153 59 amis
802 2720 57 45 et
916 2706 102 60 des
1075 2705 358 61 défenseurs.
1488 2707 161 60 C'est
1698 2709 144 58 dans
1889 2711 54 57 la
1993 2711 193 80 patrie
2243 2711 73 60 de
2373 2713 272 81 Debussy

117 2812 60 43 et
257 2795 72 60 de
412 2796 190 59 Ravel
681 2818 118 58 que
879 2818 85 37 ses
1037 2796 251 60 audaces
1355 2798 435 81 harmoniques
1853 2814 201 45 seront
2120 2800 523 62 immédiatement

117 2887 352 78 comprises,
503 2885 141 60 c'est
680 2887 143 58 dans
855 2888 55 57 la
945 2888 195 79 patrie
1174 2888 72 57 de
1284 2888 211 58 Dukas
1531 2909 117 59 que
1682 2909 86 39 ses
1824 2889 429 61 éblouissantes
2305 2893 340 58 trouvailles

118 2974 393 61 orchestrales
543 2974 315 60 brilleront
891 2975 72 59 de
999 2991 134 43 tout
1166 2978 131 57 leur
1329 2975 171 61 éclat.
1541 2978 164 58 C'est
1739 2978 145 60 dans
1916 2981 130 58 l'lle
2073 2981 72 58 de
2175 2982 228 58 France
2438 2997 57 43 et
2530 3003 113 37 non

116 3064 146 61 dans
292 3064 324 59 l'Ukraine
653 3067 187 79 qu'on
877 3066 251 80 goûtera
1160 3066 32 58 à
1226 3067 129 58 leur
1388 3087 210 38 saveur
1631 3069 81 58 les
1747 3068 290 81 précieux
2070 3086 318 66 emprunts
2422 3092 117 61 que
2582 3091 64 39 ce

118 3155 299 58 musicien
451 3152 329 62 fortement
814 3155 134 59 racé
977 3171 94 44 sut
1096 3155 150 59 faire
1272 3179 120 36 aux
1418 3157 291 60 mélodies
1735 3161 344 79 populaires
2106 3161 107 80 qui
2241 3175 105 44 ont
2371 3157 272 85 parfumé

117 3265 107 39 son
258 3242 252 61 enfance
545 3265 13 37 :
595 3245 82 58 les
709 3245 395 59 admirateurs
1140 3246 71 57 de
1245 3247 55 57 la
1409 3247 381 82 Symphonie
1827 3247 367 84 Pathétique
2285 3273 71 36 ne
2397 3264 248 67 songent

122 3354 101 60 pas
256 3331 31 61 à
320 3331 445 75 s'émerveiller,
800 3356 244 37 comme
1079 3355 170 51 nous,
1284 3335 82 60 du
1401 3337 248 59 miracle
1683 3337 73 59 de
1790 3341 428 78 transposition
2247 3341 127 79 qui,
2403 3340 71 60 de
2510 3341 136 57 trois

121 3422 235 60 thèmes
392 3424 417 59 traditionnels
841 3424 353 82 empruntés
1227 3448 121 37 aux
1381 3429 253 57 recueils
1660 3428 73 58 de
1763 3429 283 81 Rimsky,
2072 3430 72 59 de
2166 3430 480 80 Tschaïkowsky

120 3528 59 44 et
214 3513 72 58 de
320 3514 409 80 Liapounow,
764 3536 31 36 a
830 3513 133 61 créé
999 3516 54 58 la
1086 3514 174 61 scène
1295 3518 100 57 des
1429 3518 354 71 Nourrices,
1818 3519 56 57 le
1905 3539 103 61 pas
2043 3519 100 60 des
2177 3520 269 60 Cochers
2490 3534 57 45 et
2595 3519 51 58 la

125 3603 200 60 Danse
362 3604 193 59 Russe
588 3603 80 60 du
703 3605 266 80 premier
1000 3619 132 45 acte
1166 3605 74 59 de
1277 3604 391 62 Pétrouchka
1705 3608 10 60 !
1754 3608 154 78 Déjà
1952 3612 482 58 sournoisement
2486 3629 161 40 com-
