2715 3924
274 929 1374 109 DÉCENTRALISATION
1762 954 671 86 MUSICALE

2471 948 12 21 I

298 1203 60 56 Si
394 1203 135 56 elles
565 1217 337 43 connurent
938 1203 99 57 des
1073 1203 254 60 chances
1361 1204 280 72 diverses,
1678 1204 137 59 elles
1848 1203 202 60 furent
2085 1206 141 58 dans
2260 1221 135 43 tous
2432 1208 82 57 les
2547 1230 91 38 cas

117 1291 137 57 bien
292 1292 119 56 mal
446 1291 403 80 encouragées
900 1314 104 58 par
1051 1293 83 57 les
1185 1312 288 40 POUVOIRS
1507 1312 254 40 PUBLICS.
1803 1295 163 57 Pour
2010 1295 120 58 s'en
2182 1297 379 71 convaincre,
2598 1300 40 56 il

117 1378 161 59 suffit
315 1378 72 58 de
422 1381 312 77 parcourir
767 1381 270 79 l'unique
1073 1380 274 81 chapitre
1383 1384 127 78 qui,
1548 1382 141 57 dans
1733 1384 55 55 le
1839 1382 228 82 budget
2103 1384 99 58 des
2239 1386 399 71 Beaux-Arts,

118 1471 177 56 traite
321 1469 73 57 de
427 1471 54 56 la
509 1469 522 59 décentralisation
1055 1497 13 45 ;
1110 1493 76 35 on
1223 1472 402 79 comprendra
1658 1474 211 56 mieux
1896 1474 146 58 ainsi
2076 1474 284 58 combien
2396 1476 242 59 difficile

117 1573 146 65 peut
298 1557 125 59 être
457 1560 53 56 le
546 1559 278 57 moindre
860 1559 247 81 progrès
1142 1582 71 36 en
1250 1577 157 41 cette
1445 1559 273 61 matière.

296 1734 211 60 Crédit
541 1735 293 59 demandé
871 1758 155 59 pour
1059 1739 316 57 l'exercice
1415 1759 69 56 19
1505 1759 70 40 12
1686 1787 12 12 .
1801 1787 10 11 .
1911 1787 10 11 .
2023 1789 11 10 .
2136 1789 11 10 .
2257 1742 273 78 108.500
2564 1742 69 62 fr.

301 1933 53 58 Il
387 1954 59 37 se
480 1932 363 81 décompose
879 1935 72 57 de
985 1936 55 56 la
1073 1933 178 82 façon
1286 1937 271 57 suivante
1594 1960 11 36 :

297 2022 385 57 Association
716 2025 314 77 artistique
1074 2026 295 75 (concerts
1404 2026 301 80 Colonne)
1799 2073 346 13 ....
2299 2048 227 59 15.000
2560 2029 69 61 fr.

298 2110 235 60 Société
568 2112 100 58 des
705 2114 345 57 Nouveaux
1086 2129 274 43 concerts
1403 2116 296 78 (concerts
1737 2115 408 81 Chevillard).
2299 2138 227 60 15.000
2577 2167 35 23 ~

298 2199 233 60 Société
568 2203 298 56 nationale
902 2201 71 58 de
1007 2205 279 78 musique
2337 2228 189 39 2.000
2578 2257 33 23 „

488 2290 251 57 Œuvres
1057 2289 64 58 de
1250 2290 477 59 décentralisation
2268 2292 171 82 artistique
2440 2297 119 59 28.000
2578 2346 33 23 „

297 2378 267 58 Théâtre
599 2379 71 57 de
702 2379 287 59 l'Œuvre
2338 2407 189 59 3.000
2577 2435 34 23 „

296 2469 292 56 Concerts
622 2471 342 77 populaires
998 2468 29 59 à
1067 2471 162 57 Paris
1262 2485 59 44 et
1356 2471 142 59 dans
1531 2473 82 57 les
1648 2471 446 81 départements
2133 2521 12 12 .
2293 2495 233 58 31.000
2578 2523 34 24 ~

302 2557 374 57 Association
733 2580 155 57 pour
921 2560 53 57 le
1027 2557 507 84 développement
1587 2561 79 58 du
1702 2561 183 58 chant
1943 2562 206 60 choral

296 2660 58 43 et
390 2646 71 58 de
494 2646 353 58 l'orchestre
881 2647 384 60 d'harmonie
2296 2673 227 61 13.500
2575 2702 35 24 „

296 2825 96 56 De
425 2825 295 57 l'examen
757 2826 71 57 de
877 2848 94 37 ces
1007 2826 244 60 chiffres
1285 2829 43 57 il
1378 2827 217 60 résulte
1631 2830 228 79 qu'une
1893 2852 233 36 somme
2177 2834 71 57 de
2302 2831 233 60 28.000
2561 2831 68 60 fr.

114 2914 333 57 seulement
482 2929 84 43 est
601 2913 226 81 prévue
860 2937 156 58 pour
1049 2918 81 56 les
1164 2938 235 38 œuvres
1435 2919 72 57 de
1609 2918 526 61 décentralisation
2170 2923 315 78 artistique
2575 2935 56 45 et

114 3023 135 37 sous
284 3017 158 43 cette
475 3004 291 80 rubrique
800 3005 44 56 il
896 3027 74 35 ne
1004 3004 129 60 faut
1184 3027 102 58 pas
1332 3009 401 79 comprendre
1768 3010 82 56 les
1901 3008 260 61 théâtres
2197 3010 72 59 de
2327 3013 299 79 province.

119 3093 113 57 Par
267 3112 203 38 œuvre
505 3092 71 58 de
676 3092 520 61 décentralisation
1234 3097 315 80 artistique
1643 3120 78 35 on
1755 3099 220 57 entend
2010 3121 74 35 en
2118 3099 144 59 effet
2299 3123 11 36 :

295 3183 115 56 Les
460 3181 259 59 théâtres
767 3186 342 77 populaires
1159 3186 71 57 de
1275 3187 53 57 la
2048 3188 590 83 M(Deux-Sèvres),
2581 3189 50 59 la

121 3269 203 60 Société
579 3271 307 81 Lyonnaise
1257 3272 92 57 des
1487 3273 218 79 grands
1991 3289 261 57 concerts^,
1344 3276 81 57 les
1454 3275 260 59 théâtres
1747 3278 343 79 populaires
2125 3300 78 37 ou
2236 3301 117 36 aux
2389 3278 244 80 champs

115 3360 674 81 d'Aulnay-sous-Bois;
830 3363 287 80 Bussang,
1148 3365 142 58 dans
1316 3365 81 58 les
1425 3366 258 81 Vosges;
1716 3366 310 75 Ploujéan,
2061 3369 142 58 dans
2227 3370 55 57 le
2311 3367 315 71 Finistère;

114 3450 80 56 les
230 3447 499 83 représentations
763 3473 120 36 aux
908 3450 201 61 arènes
1143 3452 72 59 de
1252 3455 219 57 Nimes
1505 3469 57 43 et
1598 3455 72 58 de
1707 3454 236 61 Béziers
1967 3482 13 47 ;
2033 3459 53 56 le
2122 3456 232 61 théâtre
2389 3460 240 78 antique

228 3570 11 22 1
272 3574 99 39 Voir
394 3576 35 37 S.
455 3576 33 37 I.
512 3576 66 38 M.
602 3575 54 38 du
684 3589 46 36 15
756 3575 108 40 avril.
