2715 3924
1210 180 64 71 S.
1342 181 53 69 I.
1465 180 107 69 M.

147 189 93 70 16

134 335 400 80 impertinent
569 331 72 57 de
677 327 265 60 résumer
976 349 59 37 sa
1059 327 185 79 jeune
1280 324 254 62 carrière
1561 339 59 44 et
1647 325 74 58 de
1754 324 151 59 fixer
1936 326 83 59 les
2052 327 292 79 premiers
2378 325 288 67 éléments

136 427 72 58 de
265 446 67 38 ce
386 423 104 80 qui
548 442 125 38 sera
724 441 104 36 son
882 418 251 58 histoire
1197 416 146 60 dans
1398 418 83 57 les
1539 415 462 81 encyclopédies
2058 416 73 59 de
2188 418 267 59 l'avenir.
2516 420 113 60 Tra-

136 515 251 59 vaillons
421 531 155 61 pour
609 531 87 37 ses
744 507 194 58 futurs
971 505 365 82 biographes
1388 527 71 37 en
1508 503 266 59 révélant
1832 507 258 78 qu'lgor
2136 507 394 81 Strawinsky,
2578 507 86 63 fils

136 604 142 60 d'un
312 603 205 57 artiste
550 599 381 80 remplissant
975 597 31 58 à
1058 598 55 57 la
1167 598 167 57 Cour
1389 597 81 57 les
1522 594 308 59 fonctions
1887 595 71 59 de
2013 594 528 62 chanteur-soliste
2593 602 70 58 de

133 696 404 76 l'Empereur,
574 688 249 59 articula
857 708 104 37 son
999 687 262 80 premier
1287 706 103 38 son
1418 683 31 60 à
1474 684 482 71 Oranienbaum,
1983 684 135 80 près
2145 686 72 57 de
2243 684 416 85 Pétersbourg,

133 785 55 57 le
228 801 30 60 5
288 782 137 79 juin
467 778 172 82 (style
677 776 213 80 Russe)
933 773 368 60 c'est-à-dire
1334 776 55 56 le
1427 794 76 58 23
1541 775 124 57 mai
1714 772 183 61 1882.
1936 775 54 57 Il
2023 772 94 60 fut
2152 775 247 58 d'abord
2434 778 226 80 engagé

136 874 142 58 dans
313 872 99 57 des
445 869 206 58 études
686 866 332 80 juridiques
1053 879 175 44 avant
1263 865 71 57 de
1380 885 59 37 se
1492 885 311 37 consacrer
1860 862 402 61 entièrement
2315 863 30 59 à
2399 888 104 35 son
2555 884 103 44 art.

139 962 186 68 Mais,
363 957 99 60 dès
495 957 150 79 l'âge
682 956 71 57 de
788 952 154 61 neuf
965 975 122 50 ans,
1122 955 42 56 il
1197 952 192 60 s'était
1426 951 194 58 révélé
1655 952 416 80 remarquable
2104 955 259 79 pianiste
2403 969 57 43 et
2505 959 154 58 avait

136 1048 269 63 travaillé
440 1048 367 58 assidûment
843 1067 142 35 avec
1020 1065 80 36 un
1136 1042 167 60 élève
1338 1042 73 59 de
1448 1041 386 60 Rubinstein.
1874 1045 101 56 Au
2010 1065 174 36 cours
2218 1045 144 57 d'un
2409 1067 249 59 voyage,

136 1143 42 56 il
213 1153 316 46 rencontra
584 1135 32 59 à
654 1134 396 79 Heidelberg,
1087 1154 71 36 en
1205 1153 184 57 1902,
1440 1131 640 82 Rimsky-Korsakoff
2119 1134 148 57 dont
2323 1134 336 62 l'influence

137 1230 201 59 devait
373 1228 123 57 être
532 1224 259 60 décisive
825 1244 98 37 sur
956 1244 57 37 sa
1049 1222 252 58 carrière
1336 1237 58 43 et
1430 1222 146 58 dont
1611 1222 411 58 l'affectueuse
2075 1224 212 56 estime
2340 1244 74 36 ne
2466 1224 192 61 devait

137 1322 131 79 plus
325 1340 57 35 se
435 1314 318 60 démentir.
818 1314 175 56 Cette
1039 1309 247 83 période
1334 1310 94 59 fut
1474 1332 158 60 pour
1674 1312 53 56 le
1768 1312 184 77 jeune
1996 1314 203 56 artiste
2264 1335 116 35 une
2430 1310 96 61 ère
2589 1316 69 58 de

136 1407 330 60 formation
501 1402 431 60 intellectuelle
967 1399 307 82 précieuse
1309 1415 57 43 et
1411 1399 71 58 de
1530 1401 235 57 culture
1806 1401 329 71 intensive;
2183 1402 81 57 les
2310 1402 250 72 musées,
2608 1406 51 57 la

136 1496 337 61 littérature
508 1507 57 43 et
600 1493 82 56 les
716 1506 272 43 concerts
1022 1511 57 36 se
1119 1488 382 82 partagèrent
1535 1510 103 37 son
1690 1488 248 60 activité
1975 1504 57 44 et
2072 1511 74 37 ne
2178 1492 349 79 parvinrent
2561 1515 98 58 pas

136 1589 31 57 à
200 1590 174 56 lasser
407 1606 59 36 sa
500 1580 282 62 curiosité
819 1581 269 71 toujours
1121 1601 74 36 en
1229 1578 174 60 éveil.
1444 1580 242 57 Bientôt
1715 1581 40 55 il
1783 1578 192 59 désira
2008 1600 58 37 se
2100 1580 237 58 réaliser
2370 1582 140 57 dans
2545 1605 112 37 une

137 1697 207 39 œuvre
379 1674 70 57 de
484 1671 195 59 forme
732 1670 291 79 classique
1058 1684 57 42 et
1150 1666 215 60 écrivit
1399 1689 73 37 en
1519 1689 157 58 1903
1727 1669 293 80 l'Allégro
2056 1669 181 58 d'une
2283 1672 192 58 Sonate
2508 1693 149 58 pour

137 1769 181 79 piano
353 1764 147 57 dont
533 1764 83 56 les
650 1761 145 56 trois
829 1774 194 42 autres
1058 1760 238 78 parties,
1334 1758 303 72 Andante,
1665 1758 260 58 Scherzo
1962 1773 56 44 et
2048 1760 172 57 Final
2248 1759 200 59 furent
2483 1761 138 59 ache-

134 1855 137 59 vées
303 1851 233 60 l'année
570 1853 289 56 suivante.
900 1846 262 82 Rimsky
1197 1862 245 64 accepta
1477 1848 150 57 alors
1661 1848 72 56 de
1769 1846 226 80 diriger
2029 1848 501 80 techniquement
2574 1872 80 38 ses

136 1944 227 69 études,
400 1956 77 56 et,
515 1953 135 46 tout
683 1961 70 35 en
792 1938 339 58 s'alarmant
1166 1958 82 36 un
1293 1958 119 57 peu
1465 1935 71 57 de
1590 1957 85 37 ses
1727 1938 320 57 tendances
2100 1937 551 75 révolutionnaires,

136 2057 72 36 ne
245 2047 108 66 put
390 2031 214 58 cacher
637 2031 54 55 la
725 2027 222 58 secrète
980 2025 401 82 prédilection
1409 2047 117 58 que
1561 2027 85 57 lui
1680 2027 276 78 inspirait
1983 2048 66 37 ce
2086 2027 224 59 révolté
2348 2051 72 35 au
2448 2032 202 56 milieu

136 2123 72 57 de
255 2144 85 36 ses
392 2136 136 63 trop
571 2118 222 57 dociles
859 2116 296 80 disciples.
1214 2116 372 78 Strawinsky
1643 2136 31 37 a
1721 2114 283 60 conservé
2052 2114 420 61 d'émouvants
2523 2140 98 37 sou-

132 2213 198 59 venirs
364 2211 73 57 de
471 2230 94 37 ces
598 2210 202 77 leçons
849 2203 78 60 où
969 2227 80 36 un
1093 2205 235 69 maître,
1376 2205 129 78 déjà
1550 2206 300 79 glorieux,
1907 2207 205 57 luttait
2157 2222 210 42 contre
2420 2208 228 59 l'assaut

131 2302 100 57 des
265 2299 158 58 idées
458 2297 304 59 nouvelles
795 2296 232 57 battant
1061 2316 74 36 en
1163 2292 220 60 brèche
1437 2315 104 37 son
1595 2295 142 56 vieil
1790 2293 174 73 idéal,
2018 2309 132 44 tout
2203 2318 71 35 en
2333 2296 312 60 redoutant

208 2390 317 58 d'offenser
557 2387 55 58 la
640 2384 212 59 beauté
889 2386 303 56 inconnue
1295 2405 106 59 par
1436 2405 79 36 un
1550 2385 456 77 enseignement
2042 2385 305 58 restrictif.

312 2476 391 82 Strawinsky,
740 2476 70 56 de
857 2493 160 60 1905
1055 2474 31 58 à
1131 2475 183 78 1906,
1352 2475 271 56 travailla
1670 2473 484 59 l'orchestration
2199 2497 134 36 sous
2373 2498 57 35 sa
2465 2476 155 59 direc-

132 2572 150 55 tion.
322 2569 51 57 Il
419 2582 123 54 eut,
588 2588 72 34 en
697 2565 169 79 guise
900 2564 338 57 d'exercice
1274 2564 246 56 scolaire
1554 2561 31 59 à
1630 2560 499 61 réinstrumenter
2173 2565 53 56 la
2259 2566 288 78 partition
2583 2565 66 57 de

136 2660 179 80 piano
350 2658 71 57 de
533 2657 160 57 Pane
735 2654 309 57 Voïevoda
1148 2653 147 58 dont
1338 2653 261 80 Rimsky
1634 2654 202 56 venait
1883 2653 71 58 de
1990 2655 289 56 terminer
2326 2655 55 58 la
2424 2653 198 60 réalisa-

128 2751 130 57 tion
296 2748 105 80 qui
437 2747 177 58 servit
650 2744 30 59 à
716 2746 268 77 corriger
1018 2744 146 56 celle
1200 2742 71 58 de
1304 2742 225 59 l'élève.
1569 2743 51 57 Il
1655 2742 106 58 dut
1797 2742 340 80 également
2180 2744 333 59 orchestrer
2556 2743 93 58 des

132 2837 289 60 Marches
457 2837 70 56 de
564 2833 297 60 Schubert
898 2847 55 43 et
981 2832 99 58 des
1107 2832 286 58 Andante
1428 2833 72 56 de
1555 2847 233 43 sonates
1816 2832 71 58 de
1917 2832 370 60 Beethoven.
2325 2834 94 56 En
2455 2834 191 56 même

128 2942 198 64 temps
371 2927 43 56 il
459 2925 229 57 affinait
734 2944 58 37 sa
838 2923 235 58 culture
1120 2920 343 81 esthétique
1512 2942 73 36 au
1639 2935 242 43 contact
1928 2921 99 58 des
2083 2921 288 60 familiers
2428 2921 69 60 de
2547 2942 97 39 son

129 3017 214 57 maître
378 3016 107 80 qui
522 3014 242 68 étaient,
807 3011 31 58 à
872 3011 301 81 l'époque,
1211 3012 404 70 Glazounow,
1662 3010 182 59 César
1897 3012 141 70 Cui,
2094 3011 359 81 Chaliapine
2497 3026 54 43 et
2596 3012 49 57 le

129 3104 150 62 chef
305 3104 364 59 d'orchestre
706 3100 400 60 Blumenfeld.

307 3195 88 57 Le
440 3213 64 38 11
542 3193 245 77 Janvier
832 3190 184 78 1906,
1055 3190 142 79 Igor
1234 3189 374 81 Strawinsky
1641 3210 57 37 se
1733 3190 188 57 marie
1956 3204 58 43 et
2071 3212 158 35 voue
2286 3188 357 60 résolument

124 3307 104 37 son
265 3285 301 56 existence
602 3280 31 59 à
665 3283 55 56 la
754 3280 427 80 composition.
1223 3280 51 56 Il
1308 3280 256 56 termine
1600 3299 58 37 sa
2427 3279 217 80 (1905-

137 3374 187 79 1907)
367 3369 319 61 demeurée
712 3368 248 72 inédite,
990 3391 117 58 que
1134 3368 345 58 l'orchestre
1506 3368 71 58 de
1604 3369 54 57 la
1685 3370 168 56 Cour
1875 3367 256 59 exécute
2155 3391 70 35 en
2253 3370 177 58 Avril
2467 3386 173 61 1907.

128 3466 52 57 Il
213 3462 150 60 écrit
400 3483 153 59 pour
588 3459 183 59 chant
805 3475 57 43 et
899 3458 305 58 orchestre
1238 3459 56 56 le
1327 3459 194 57 Faune
1550 3471 56 44 et
1634 3459 59 56 la
1728 3459 241 78 Bergère
2014 3457 249 81 (1906).

306 3549 174 61 L'été
515 3549 71 59 de
632 3567 164 62 1907
829 3549 130 58 voit
993 3547 302 60 s'achever
1338 3548 54 57 le
2136 3570 118 58 que
2298 3549 84 56 lui
2428 3547 215 79 inspira
