2715 3924
1190 203 63 70 S.
1322 203 55 69 I.
1447 201 109 71 M.

117 211 43 69 6

116 356 249 60 Maison
414 353 72 59 de
522 352 369 81 Picquigny,
920 351 248 80 j'appris
1217 371 117 58 que
1381 349 55 56 la
1494 347 288 58 baronnie
1832 344 72 59 de
1941 346 348 78 Picquigny
2340 344 293 79 comptait

113 468 153 38 onze
300 457 166 46 cents
498 440 130 61 fiefs
661 456 58 45 et
741 438 397 73 arrière-fiefs,
1169 441 133 80 puis
1330 438 150 82 qu'il
1507 437 243 59 arrivait
1776 457 117 58 que
1919 436 82 57 les
2029 435 199 57 cadets
2253 432 381 60 succédaient

112 556 118 37 aux
263 531 164 61 aînés
460 545 57 46 et
563 553 118 58 que
732 532 81 56 les
864 530 230 58 mêmes
1129 526 418 83 Enguerrand,
1585 523 233 60 Gérard
1871 546 78 36 ou
1987 525 222 68 Marie,
2244 521 225 60 étaient
2521 522 115 59 dits

115 624 141 58 dans
306 624 157 56 leurs
513 635 180 56 actes,
727 620 195 58 tantôt
1049 620 347 80 Picquigny
1521 616 195 57 tantôt
1850 615 180 80 Lully
2172 612 236 59 suivant
2462 611 172 80 qu'ils

113 713 343 80 excipaient
491 710 72 59 de
596 711 128 56 leur
760 708 226 81 qualité
1023 709 71 57 de
1128 708 184 58 baron
1348 706 72 59 de
1458 705 347 80 Picquigny
1829 724 79 37 ou
1936 703 71 58 de
2034 703 282 78 seigneur
2337 700 73 58 de
2432 701 201 82 Lully.

112 804 178 59 Ainsi
327 802 141 58 dans
503 822 116 37 une
653 800 207 57 charte
917 799 71 57 de
1021 798 232 81 l'église
1288 798 337 67 d'Amiens,
1663 793 325 72 Eustache,
2024 794 280 77 seigneur
2356 790 278 71 d'Encre,

115 893 106 80 qui
286 892 158 57 avait
506 888 221 83 épousé
795 889 205 57 Marie
1049 889 72 56 de
1180 888 369 80 Picquigny,
1606 882 119 59 fille
1776 883 465 79 d'Enguerrand
2299 880 71 59 de
2435 880 201 80 Lully,

190 1002 190 37 avoue
414 979 314 58 vendition
765 977 178 58 d'une
977 978 191 79 partie
1203 977 72 57 de
1324 976 233 57 dixmes
1593 973 71 57 de
1702 973 300 69 Revelles,
2036 969 174 59 faites
2250 991 106 60 par
2403 971 235 55 Guarin

192 1071 258 68 Burnez,
486 1090 73 35 au
593 1063 182 84 profit
809 1066 79 57 du
924 1066 274 80 chapitre
1249 1064 71 59 de
1368 1066 55 56 la
1479 1061 339 59 cathédrale
1853 1061 317 57 d'Amiens
2299 1059 168 58 Dans
2523 1080 115 37 une

116 1158 316 60 fondation
469 1157 215 81 qu'elle
717 1153 67 60 fit
834 1155 30 58 à
901 1156 348 81 Picquigny
1284 1155 177 57 d'une
1514 1152 271 80 chapelle
1918 1148 285 60 nommée
2239 1151 280 56 Meaulte
2567 1170 70 35 en

119 1249 363 80 compagnie
534 1247 71 56 de
640 1266 106 37 son
789 1242 89 61 fils
903 1246 149 78 Jean
1088 1245 262 57 d'Encre
1486 1244 205 57 Marie
1748 1240 72 58 de
1858 1241 348 80 Picquigny
2260 1254 85 43 est
2396 1236 242 82 appelée

120 1339 203 58 Marie
369 1336 71 59 de
474 1336 203 80 Lully,
712 1355 176 60 parce
945 1355 118 57 que
1121 1335 139 57 c'est
1316 1355 74 36 en
1448 1329 225 83 qualité
1728 1330 71 58 de
1852 1330 174 57 dame
2077 1329 74 57 de
2186 1329 183 81 Lully
2427 1326 211 81 qu'elle

117 1425 216 60 affecte
366 1426 55 58 le
454 1445 226 39 revenu
714 1423 71 58 de
818 1424 56 57 la
908 1421 163 60 dîme
1105 1423 74 57 de
1215 1423 279 57 Meaulte
1543 1420 30 57 à
1607 1420 339 57 l'entretien
1983 1419 71 56 de
2105 1418 184 57 ladite
2346 1416 290 80 chapelle.

120 1518 167 57 Dans
319 1515 318 59 l'exercice
671 1514 145 57 d'un
851 1513 159 58 droit
1046 1513 71 57 de
1143 1527 223 44 travers
1413 1532 97 38 sur
1547 1512 369 80 Picquigny,
1951 1509 53 57 la
2059 1508 203 58 même
2300 1508 204 57 Marie
2558 1520 83 45 est

119 1606 123 58 dite
279 1607 203 56 Marie
519 1604 69 59 de
625 1603 349 81 Picquigny
1011 1602 78 58 !...

300 1694 253 59 D'autre
587 1707 155 66 part,
841 1693 56 56 la
931 1692 160 57 Ville
1187 1692 146 56 dont
1367 1692 55 56 la
1455 1691 337 78 seigneurie
1832 1688 223 80 portait
2088 1688 52 56 le
2176 1707 168 50 nom,
2378 1707 72 36 en
2486 1686 156 58 avait

120 1782 235 81 changé
388 1783 56 57 la
475 1782 468 81 prononciation
972 1793 56 45 et
1061 1778 460 82 l'orthographe
1556 1777 98 58 dès
1687 1778 55 56 le
1778 1777 119 57 XV
1902 1778 16 21 e
1951 1774 197 72 siècle,
2184 1776 194 57 tandis
2413 1796 116 57 que
2563 1774 79 58 les

120 1875 306 77 seigneurs
474 1871 71 58 de
596 1871 202 79 Lully,
851 1871 155 56 leurs
1056 1868 388 59 descendants
1494 1882 58 44 et
1602 1865 391 71 collatéraux,
2043 1866 280 57 restaient
2369 1861 201 61 fidèles
2613 1861 29 58 à

117 1960 457 81 l'orthographe
609 1960 336 80 originelle.

300 2051 169 57 Mais
500 2050 55 57 le
590 2049 211 58 hasard
835 2047 141 59 dieu
1010 2047 100 58 des
1143 2046 385 70 chercheurs,
1564 2067 57 36 se
1656 2045 260 79 chargea
1965 2065 79 36 un
2087 2044 141 78 jour
2278 2042 71 59 de
2398 2042 247 80 dissiper

120 2138 345 62 l'obscurité
502 2140 107 80 qui
660 2161 97 35 me
807 2138 203 80 gênait
1044 2153 59 43 et
1138 2136 287 80 m'apprit
1462 2157 117 59 que
1627 2136 337 56 l'ancienne
2015 2135 203 79 Lully,
2255 2134 80 58 du
2370 2133 273 78 bailliage

121 2229 342 71 d'Amiens,
487 2229 72 57 de
591 2229 55 56 la
671 2225 249 83 prévôté
949 2225 71 59 de
1052 2227 357 68 Beauvaisis,
1437 2239 84 43 est
1549 2223 387 81 aujourd'hui
1971 2223 243 80 Lœuilly
2219 2271 14 22 ,
2262 2243 136 60 gros
2430 2223 215 77 village

121 2319 72 59 de
248 2318 549 60 l'arrondissement
854 2317 315 57 d'Amiens
1227 2313 79 60 où
1364 2317 211 78 naquit
1631 2317 53 56 le
1739 2313 251 58 fameux
2051 2313 281 58 médecin
2392 2312 253 80 Sylvius,

121 2407 217 60 maître
374 2408 80 57 du
488 2428 119 37 non
644 2408 196 56 moins
873 2403 249 60 fameux
1157 2403 211 60 Vésale
1404 2403 29 58 à
1470 2406 105 77 qui
1612 2404 41 56 il
1688 2403 283 79 enseigna
2003 2403 135 56 l'art
2172 2402 74 57 de
2347 2399 298 82 découper

120 2498 82 57 les
237 2497 278 60 cadavres
642 2497 51 57 Il
728 2511 145 65 peut
907 2493 388 82 aujourd'hui
1330 2495 230 71 ajouter
1593 2493 30 59 à
1659 2515 57 37 sa
1750 2493 213 79 gloire,
2004 2493 148 57 celle
2196 2492 229 58 d'avoir
2469 2488 92 60 été
2595 2491 50 56 le

120 2586 254 58 berceau
409 2586 71 58 de
513 2586 55 57 la
599 2583 227 59 famille
861 2585 72 57 de
966 2583 293 58 l'homme
1295 2583 71 58 de
1402 2582 176 80 génie
1615 2583 125 78 qui,
1771 2604 73 35 au
1880 2582 212 57 XVIP
2116 2580 198 71 siècle,
2342 2580 303 81 s'appelait

112 2677 454 78 Jean-Baptiste
595 2675 71 58 de
694 2675 202 80 Lully,
924 2675 580 79 —Jean-Baptiste,
1532 2674 53 57 le
1623 2670 381 72 Précurseur,
2040 2686 217 66 patron
2293 2670 312 58 d'Amiens
2631 2666 8 60 !

299 3109 87 58 Le
450 3108 264 80 premier
775 3106 409 61 château-fort
1250 3104 71 59 de
1378 3106 185 81 Lully
1625 3103 94 59 fut
1785 3107 296 56 construit
2145 3126 72 37 en
2294 3123 184 61 1197,
2544 3123 98 61 par

124 3197 397 81 Enguerrand
572 3197 70 57 de
693 3197 204 79 Lully,
931 3193 90 61 fils
1056 3195 172 58 cadet
1264 3195 71 58 de
1373 3193 362 60 Guermond
1772 3195 61 55 II
1883 3195 71 57 de
2007 3195 370 78 Picquigny,
2413 3193 231 57 vidame

122 3290 336 58 d'Amiens.
498 3286 54 57 Il
585 3285 94 59 fut
714 3285 226 59 démoli
976 3308 72 35 en
1095 3305 184 57 1421,
1316 3306 106 59 par
1452 3285 81 57 les
1568 3285 202 57 ordres
1804 3283 79 58 du
1918 3285 89 57 roi
2043 3283 425 80 d'Angleterre
2518 3278 124 63 allié

120 3379 80 58 du
235 3377 116 59 duc
380 3376 71 57 de
479 3376 388 79 Bourgogne,
894 3374 218 58 maître
1138 3374 79 58 du
1253 3394 162 61 pays.
1447 3374 160 57 C'est
1641 3374 254 77 l'argent
1931 3372 99 59 des
2063 3371 295 60 amiénois
2382 3374 259 66 vaincus,

120 3469 108 80 qui
272 3468 134 80 paie
454 3468 81 55 les
581 3466 266 57 ouvriers
881 3479 58 43 et
990 3465 82 57 les
1105 3464 217 58 soldats
1375 3463 165 58 loués
1593 3485 152 58 pour
1781 3461 259 60 démolir
2090 3464 54 56 la
2196 3461 314 61 forteresse
2545 3459 98 82 qui

121 3558 158 57 avait
315 3554 201 61 résisté
550 3576 120 36 aux
703 3554 430 58 envahisseurs.
