2715 3924
1151 204 119 66 LE
1354 204 241 71 MOIS

2510 232 90 71 57

120 339 162 48 Poètes
309 351 45 35 et
380 352 254 49 prosateurs
662 343 116 59 épris
805 343 54 45 de
887 343 104 64 jolis
1017 346 264 61 spectacles,
1324 349 239 46 bornaient
1599 350 98 47 leur
1732 353 97 45 zèle
1856 355 24 45 à
1907 371 236 45 composer
2181 374 58 29 en
2275 374 82 30 son
2395 358 214 46 honneur

119 411 26 44 d
167 409 204 62 élégants
416 411 243 61 badinages
702 429 58 27 en
805 412 148 47 forme
997 415 27 44 d
1047 414 165 61 épîtres
1250 433 60 29 ou
1348 418 54 44 de
1440 419 269 62 madrigaux
1748 424 280 47 enflammés.
2070 425 311 64 Aujourd'hui
2420 443 87 44 que
2547 426 60 47 les

118 478 291 47 esthéticiens
445 496 19 29 s
484 498 58 26 en
581 491 103 34 sont
722 480 141 46 mêles
981 500 61 29 ou
1083 496 114 34 vont
1233 484 42 47 le
1312 486 109 46 faire
1561 489 43 45 la
1641 489 160 49 Danse
1839 494 187 45 connaît
2063 494 75 47 des
2164 496 162 45 heures
2362 495 241 62 inquiètes.

119 548 45 45 A
190 548 163 61 l'appel
382 548 54 45 de
462 551 76 58 qui
567 549 206 46 doit-elle
800 567 44 29 se
871 552 165 45 rendre
1057 551 14 46 ?

257 618 59 45 M
321 622 51 20 me
396 616 183 48 Isadora
605 618 207 47 Duncan
840 619 11 45 1
873 638 24 27 a
923 622 359 58 profondement
1308 623 205 47 troublée
1536 647 12 36 ;
1576 626 62 46 les
1666 627 156 48 ballets
1847 647 142 30 russes
2014 643 83 34 ont
2122 632 100 60 plus
2248 649 165 30 encore
2439 633 164 46 secoué

117 703 45 29 sa
188 698 186 48 torpeur
391 708 12 35 ;
431 687 27 45 d
479 698 150 35 autres
746 689 254 46 imitateurs
1027 708 60 28 ou
1115 691 206 60 disciples
1443 705 82 34 ont
1551 695 108 46 ému
1685 697 40 44 le
1755 698 134 46 ballet
1916 701 55 44 de
1997 701 212 61 naguère,
2237 703 75 59 qui
2338 702 96 45 s'en
2460 701 139 59 allait,

117 767 217 34 mourant
359 755 298 61 doucement,
684 774 109 28 avec
818 774 81 28 son
926 760 137 44 vieux
1088 762 170 45 sourire
1284 760 90 63 figé
1399 762 158 61 depuis
1581 762 198 50 l'ancien
1805 767 173 62 régime
2004 781 45 34 et
2082 771 75 60 qui
2196 770 76 46 n'a
2309 770 115 60 plus,
2458 771 140 59 hélas,

118 826 53 44 de
196 825 241 45 séduction
464 827 47 43 ni
539 826 53 45 de
619 826 134 61 grâce
780 844 113 42 pour
920 845 238 42 personne.

252 893 76 48 En
368 896 271 45 examinant
680 896 286 59 rapidement
1007 897 62 46 les
1109 899 120 45 deux
1266 910 173 49 aspects
1463 903 180 44 suivant
1668 903 192 62 lesquels
1885 905 41 45 la
1952 907 136 46 danse
2112 906 104 47 s'est
2242 908 273 46 renouvelée
2543 908 54 45 de

116 979 81 30 nos
217 964 139 62 jours,
386 981 115 29 nous
525 966 208 44 saisirons
760 964 99 61 plus
883 966 224 46 aisément
1147 967 41 46 la
1224 969 366 61 caractéristique
1625 972 76 46 des
1731 986 208 34 concerts
1965 976 54 45 de
2047 976 58 47 M
2109 975 41 27 lie
2176 976 339 47 Trouhanowa
2551 988 46 35 et

116 1049 50 29 ce
193 1034 76 59 qui
296 1050 56 28 en
381 1034 231 45 constitue
639 1034 403 60 l'exceptionnelle
1070 1036 169 47 valeur.

251 1273 41 46 L
313 1286 68 33 art
408 1275 54 45 de
489 1274 58 46 M
553 1279 49 20 me
628 1273 182 47 Isadora
835 1275 207 46 Duncan
1070 1289 108 47 peut
1205 1278 146 45 irriter
1376 1296 61 28 ou
1462 1280 185 60 remplir
1674 1281 199 46 d'extase
1899 1300 96 41 ;sa
2032 1284 306 59 personnalité
2364 1297 108 49 peut
2498 1286 95 45 être

113 1342 217 46 haïssable
356 1360 91 28 aux
475 1360 99 42 uns,
601 1344 212 45 adorable
840 1362 89 28 aux
954 1357 151 34 autres
1127 1367 10 35 ;
1167 1363 61 28 on
1254 1347 326 60 n'empêchera
1605 1367 75 42 pas
1705 1350 167 61 qu'elle
1899 1369 57 28 ne
1982 1355 85 43 soit
2100 1352 278 48 l'initiatrice
2406 1356 59 44 du
2494 1354 99 61 plus

113 1413 141 61 grand
295 1423 303 35 mouvement
624 1415 75 58 qui
739 1430 46 28 se
822 1414 86 45 soit
947 1415 184 59 produit
1158 1415 108 46 dans
1287 1416 41 45 la
1363 1418 326 61 chorégraphie
1715 1421 157 59 depuis
1898 1421 222 47 Noverre.
2149 1422 124 46 Mais
2296 1440 82 28 son
2404 1434 83 48 art,
2515 1425 76 59 qui

111 1482 70 45 fut
206 1481 286 61 quelquefois
518 1482 141 58 divin,
701 1493 66 35 est
807 1483 388 46 essentiellement
1234 1502 63 28 un
1338 1497 68 34 art
1442 1486 169 61 égoïste
1640 1505 9 28 :
1694 1488 28 45 il
1764 1507 57 27 ne
1846 1491 109 43 tend
1981 1489 105 61 qu'à
2110 1502 166 34 mettre
2303 1508 56 29 en
2386 1491 135 46 relief
2549 1491 43 47 la

113 1549 152 47 valeur
291 1550 140 46 d'une
472 1551 264 59 interprète,
763 1553 77 59 qui
879 1569 25 28 a
941 1552 230 60 peut-être
1198 1554 62 45 du
1297 1554 148 61 génie,
1473 1557 112 44 mais
1611 1557 113 45 dont
1763 1557 62 47 les
1859 1558 261 47 définitions
2158 1571 103 35 sont
2298 1572 101 48 trop
2425 1578 167 43 vagues

111 1637 113 42 pour
250 1637 238 43 composer
528 1637 91 28 une
657 1620 233 47 méthode.
932 1620 84 48 On
1056 1639 73 28 me
1157 1623 94 45 dira
1277 1641 90 42 que
1394 1623 58 46 M
1458 1630 49 19 me
1533 1625 206 46 Duncan
1765 1644 25 28 a
1816 1627 146 45 formé
1987 1645 92 29 une
2105 1628 141 60 école,
2273 1641 46 33 et
2343 1646 87 43 que
2470 1641 122 34 cette

111 1688 140 59 école,
290 1689 60 46 où
389 1701 103 34 sont
530 1689 265 61 enseignées
820 1689 41 46 la
887 1690 133 61 grâce
1047 1691 76 45 des
1162 1704 144 48 gestes
1343 1704 46 34 et
1426 1693 42 46 la
1496 1694 202 46 noblesse
1725 1695 76 46 des
1825 1698 231 57 attitudes,
2084 1709 66 34 est
2175 1698 42 45 la
2242 1699 135 44 chose
2415 1698 42 45 la
2493 1698 99 60 plus

109 1757 209 46 adorable
358 1759 76 60 qui
472 1759 86 44 soit
596 1776 58 28 au
691 1759 186 47 monde.
918 1759 126 47 Mais
1082 1759 60 46 M
1145 1766 51 19 me
1222 1761 206 46 Duncan
1467 1764 215 61 enseigne
1717 1766 115 43 aussi
1870 1781 87 44 que
1995 1765 102 45 l'art
2231 1768 78 59 qui
2345 1765 117 47 n'est
2502 1785 88 43 que

107 1825 160 47 fiction
295 1839 45 33 et
365 1826 172 46 artifice
575 1827 118 46 alors
730 1828 153 46 même
910 1828 110 61 qu'il
1062 1840 66 34 est
1155 1830 53 44 de
1249 1847 112 42 pure
1400 1834 258 57 expression
1779 1850 88 43 que
1908 1833 102 46 l'art
2049 1846 110 48 peut
2198 1834 250 61 dépouiller
2489 1846 101 35 tout

107 1895 174 47 artifice
308 1918 12 35 ;
358 1896 87 46 elle
482 1913 137 43 pense
646 1896 140 61 qu'en
823 1909 301 48 empruntant
1150 1898 24 46 à
1200 1899 42 45 la
1268 1916 99 29 mer
1392 1917 67 28 ses
1485 1901 235 59 cadences,
1761 1919 90 28 aux
1876 1902 232 62 feuillages
2136 1903 118 46 leurs
2280 1904 307 59 ondulations,

109 1964 83 47 elle
218 1967 332 60 communique
588 1966 25 45 à
649 1982 67 29 ses
754 1983 75 43 pas
866 1978 45 33 et
948 1966 25 47 à
1009 1984 67 29 ses
1101 1980 144 49 gestes
1272 1969 76 46 des
1372 1970 240 62 rhythmes
1637 1971 200 45 naturels
1864 1992 11 36 ;
1903 1971 84 45 elle
2014 1989 134 42 pense
2174 1984 179 34 surtout
2471 1974 116 44 forte

107 2051 56 28 en
189 2035 98 45 cela
313 2034 55 46 de
393 2051 82 29 son
502 2034 122 47 cuite
651 2052 114 43 pour
791 2035 42 46 la
859 2036 101 59 plus
981 2036 114 46 belle
1123 2039 207 59 musique
1449 2037 166 61 qu'elle
1641 2056 25 28 a
1691 2038 40 46 le
1753 2039 117 46 droit
1891 2039 280 62 d'appliquer
2287 2058 100 29 sans
2413 2060 86 42 que
2525 2042 63 46 les

105 2115 183 34 auteurs
313 2105 123 44 aient
463 2121 60 42 pu
548 2121 30 45 y
605 2105 231 45 consentir
949 2105 24 45 à
999 2105 77 46 des
1101 2108 300 58 conceptions
1426 2119 245 48 purement
1696 2109 231 45 abstraites
1952 2126 90 28 une
2068 2110 261 46 traduction
2356 2112 231 44 arbitraire

106 2172 59 46 où
205 2173 42 45 la
283 2187 164 31 nature
483 2190 46 28 se
566 2173 326 46 reconnaîtrait
929 2175 247 59 peut-être,
1205 2178 112 43 mais
1353 2176 59 45 où
1450 2176 43 45 la
1530 2178 207 59 musique
1776 2194 57 28 ne
1869 2194 44 28 se
1950 2179 240 44 reconnaît
2225 2180 234 45 sûrement
2493 2197 92 42 pas.

109 2241 55 45 M
168 2246 51 21 me
246 2242 206 46 Duncan
492 2243 161 44 estime
692 2254 137 34 avant
868 2255 129 34 toute
1037 2245 135 45 chose
1209 2262 86 42 que
1334 2244 42 46 le
1408 2245 136 45 ballet
1581 2256 66 35 est
1671 2262 92 29 une
1788 2246 148 45 forme
1960 2246 116 46 d'art
2101 2248 335 45 condamnable
2474 2247 111 61 qu'il

104 2313 221 44 convient
351 2312 54 44 de
431 2328 129 45 rayer
588 2311 111 46 d'un
727 2313 106 43 trait
859 2312 54 45 de
953 2312 155 59 plume
1136 2313 61 46 du
1235 2313 180 46 tableau
1442 2315 76 44 des
1543 2331 172 28 mœurs
1739 2326 46 33 et
1811 2316 54 43 de
1891 2314 235 47 l'histoire.
2155 2316 83 47 On
2268 2333 56 28 ne
2355 2318 230 58 supprime

104 2397 75 42 pas
203 2382 114 44 aussi
355 2380 223 46 aisément
604 2397 91 28 une
721 2382 146 44 forme
894 2380 116 46 d'art
1127 2394 179 34 surtout
1343 2383 168 60 quand,
1551 2399 181 30 comme
1771 2382 196 61 celle-ci,
2002 2383 84 46 elle
2120 2401 25 28 a
2183 2384 103 46 créé
2326 2385 76 45 des
2437 2386 124 44 chefs-

104 2448 204 47 d'œuvre
347 2462 44 33 et
417 2449 165 61 qu'elle
609 2467 26 27 a
660 2462 121 33 cette
806 2450 269 60 supériorité
1102 2451 55 46 de
1195 2451 207 60 posséder
1439 2469 92 28 une
1570 2452 321 61 terminologie
1917 2451 185 61 précise,
2129 2470 91 28 une
2248 2453 232 59 méthode,
2510 2455 75 45 des

102 2517 162 61 écoles,
292 2530 45 34 et
363 2536 65 28 un
455 2517 138 61 passé.
635 2517 98 47 Des
758 2519 240 46 traditions
1023 2521 76 59 qui
1139 2519 217 47 évoluent
1394 2520 375 46 insensiblement
1807 2523 283 43 constituent
2114 2522 144 46 seules
2284 2522 61 46 les
2371 2522 213 46 échelons

101 2589 259 61 progressifs
386 2587 112 46 d'un
525 2599 82 34 art.
633 2588 127 47 C'est
786 2605 115 43 pour
920 2590 123 44 avoir
1070 2588 235 46 méconnu
1326 2600 119 34 cette
1466 2589 59 45 loi
1552 2589 342 45 fondamentale
1920 2601 46 35 et
1991 2607 114 43 pour
2129 2592 123 44 avoir
2278 2590 141 46 voulu
2446 2592 137 44 briser

100 2673 51 29 ce
177 2658 75 60 qui
282 2674 57 29 ne
365 2658 167 45 saurait
556 2674 45 28 se
628 2657 216 60 détruire,
866 2675 104 43 que,
998 2657 175 62 malgré
1198 2675 80 29 son
1306 2660 225 44 immense
1557 2658 228 46 influence
1811 2669 46 34 et
1882 2658 174 62 malgré
2081 2659 41 45 la
2149 2660 192 59 parcelle
2368 2660 54 45 de
2449 2659 133 62 génie

101 2728 73 57 qui
202 2726 63 47 lui
303 2744 26 28 a
355 2726 72 46 été
454 2725 192 46 dévolue
673 2744 79 42 par
778 2726 42 45 la
846 2726 209 61 divinité,
1092 2727 59 46 M
1156 2732 49 20 me
1231 2726 206 47 Duncan
1465 2726 76 46 n'a
1565 2744 76 43 pas
1666 2744 166 28 encore
1857 2728 166 45 suscité
2047 2728 192 45 l'œuvre
2277 2727 233 47 définitive
2536 2741 45 33 et

100 2795 276 59 exemplaire
403 2795 141 59 qu'on
572 2806 65 35 est
663 2813 57 28 en
748 2796 120 45 droit
894 2795 257 46 d'attendre
1178 2794 148 48 d'elle.

234 3041 409 47 Immédiatement
677 3040 125 61 après
840 3041 87 45 elle
968 3052 105 34 sont
1113 3058 142 29 venus
1294 3058 51 28 ce
1383 3041 142 61 qu'on
1564 3051 67 35 est
1673 3057 216 29 convenu
1927 3042 53 44 de
2016 3058 212 29 nommer
2265 3042 62 46 les
2423 3043 156 46 ballets

97 3128 142 30 russes
338 3110 283 47 c'est-à-dire
647 3110 42 45 la
713 3121 163 49 troupe
903 3111 252 59 composite
1180 3109 159 47 réunie
1365 3127 78 43 par
1471 3109 74 46 M.
1574 3111 53 43 de
1656 3109 280 61 Diaghilew.

236 3181 75 47 M.
353 3180 54 45 de
448 3179 269 61 Diaghilew
756 3191 67 34 est
858 3197 66 28 un
965 3179 269 61 prodigieux
1270 3180 153 45 artiste
1451 3196 10 29 :
1504 3179 27 44 il
1570 3189 65 35 est
1725 3179 152 45 artiste
1965 3196 58 28 en
2066 3191 128 34 toute
2234 3181 135 45 chose
2393 3202 14 36 ;
2445 3180 29 45 il
2512 3192 65 34 est

97 3252 28 24 a
145 3252 152 45 artiste
385 3259 140 36 avant
551 3259 129 35 toute
717 3250 135 44 chose
880 3265 10 31 :
926 3249 34 45 si
987 3247 43 46 le
1066 3259 92 34 sort
1183 3249 119 44 avait
1339 3248 79 45 fait
1444 3248 55 44 de
1535 3246 64 47 lui
1626 3264 64 29 un
1728 3248 213 45 cuisinier
1978 3265 61 28 ou
2065 3266 63 29 un
2167 3265 183 44 maçon,
2378 3249 29 44 il
2433 3250 145 45 aurait

94 3319 161 47 trouvé
280 3319 42 46 le
349 3335 171 46 moyen
559 3318 55 45 de
641 3328 167 35 mettre
835 3318 55 45 de
979 3316 126 46 l'Art
1193 3317 110 45 dans
1327 3333 66 29 ses
1429 3333 156 29 sauces
1609 3333 60 28 ou
1695 3316 110 46 dans
1840 3333 82 29 son
1948 3316 157 61 plâtre.
2136 3316 128 47 C'est
2289 3335 92 28 une
2407 3318 169 60 qualité

94 3390 245 60 précieuse,
362 3389 76 59 qui
479 3386 187 60 poussée
706 3386 25 47 à
769 3404 52 29 ce
858 3387 130 59 point
1025 3402 58 29 ne
1120 3403 55 28 va
1212 3403 76 42 pas
1313 3402 99 29 sans
1440 3385 378 46 inconvénients:
1861 3384 69 47 La
1955 3385 257 47 réalisation
2239 3385 112 46 d'un
2378 3403 196 45 ouvrage

95 3460 184 45 devient
318 3457 87 47 elle
448 3457 155 45 même
642 3473 93 29 une
774 3455 215 47 nouvelle
1025 3467 161 33 œuvre
1226 3454 117 46 d'art
1379 3455 77 61 qui
1496 3453 181 63 relegue
1716 3454 40 45 le
1794 3455 307 59 compositeur
2138 3472 58 28 au
2232 3456 170 44 second
2432 3473 60 29 ou
2517 3473 59 29 au

94 3528 231 47 troisième
351 3525 122 60 plan.
