2838 3048
1459 2380 75 34 266

654 562 213 43 Heimat
906 560 314 46 beschränkt
1260 560 269 57 geblieben
1570 560 131 44 sein:
1750 562 134 45 auch
1929 563 54 46 in
2025 562 164 44 dieser
2228 561 102 44 Be=

653 621 354 45 schränktheit
1032 621 135 56 zeigt
1194 620 110 44 sich
1330 620 112 44 hier
1470 619 90 44 der
1585 620 226 53 Meister,
1834 621 90 45 der
1949 621 214 45 Meister
2191 622 140 44 einer

652 681 193 51 reinen,
870 680 421 45 unverfälschten
1320 679 175 44 Rasse.
1526 678 120 44 Und
1675 693 120 31 was
1825 681 173 44 bisher
2026 681 143 44 nicht
2198 695 132 37 war,

653 741 142 44 kann
826 742 137 42 noch
988 740 235 45 werden.
1254 739 107 43 Des
1391 737 116 44 sind
1536 739 106 42 wir
1672 740 186 44 sicher:
1891 741 188 43 wohin
2104 741 226 44 Alt’sche

653 800 169 44 Kunst
841 800 153 43 heute
1016 798 135 45 auch
1172 801 248 54 getragen
1436 797 217 44 werden
1675 812 136 43 mag,
1830 800 114 43 dort
1964 800 140 43 wird
2126 801 73 43 sie
2221 800 109 44 sich

653 858 241 45 Freunde
917 858 288 45 erwerben.
2184 867 147 42 ©o©

654 926 42 42 ©
756 918 139 45 Aber
932 918 55 44 in
1025 918 89 43 der
1150 915 460 46 österreichischen
1645 916 466 58 Kunstgeschichte
2147 919 93 44 hat
2278 931 55 32 er

655 978 135 43 doch
819 978 179 44 seinen
1027 976 326 44 besonderen
1382 974 316 56 Ehrenplatz
1732 978 107 42 und
1875 978 162 43 durch
2071 978 170 44 nichts
2277 979 55 42 in

654 1037 252 43 höherem
934 1036 185 50 Grade,
1146 1035 76 44 als
1253 1034 98 44 daß
1384 1045 55 32 er
1465 1034 109 42 sich
1599 1035 137 44 noch
1763 1036 76 43 als
1864 1036 165 45 hoher
2053 1036 280 57 Achtziger

656 1095 280 50 entschloß,
959 1095 88 44 der
1071 1094 331 52 „Secession”
1428 1092 332 46 beizutreten.
1787 1095 108 44 Für
1921 1096 109 43 sich
2055 1096 108 43 und
2190 1097 142 42 seine

655 1154 284 45 Malereien
968 1154 199 44 konnte
1198 1167 55 31 er
1284 1151 166 45 damit
1475 1152 170 43 nichts
1669 1154 150 43 mehr
1848 1154 242 57 erlangen
2116 1156 214 43 wollen.

655 1214 119 44 Und
812 1214 238 44 dennoch
1086 1213 93 44 hat
1216 1227 55 31 er
1307 1215 173 40 etwas
1517 1211 216 56 erlangt,
1767 1212 309 58 Berührung
2109 1215 97 43 mit
2242 1214 90 43 der

655 1272 201 57 Jugend
885 1272 108 45 und
1022 1286 104 31 neu
1158 1269 384 47 einströmende
1567 1269 274 58 Jungkraft
1872 1273 53 43 in
1956 1273 168 43 seiner
2148 1273 182 43 Kunst.

656 1333 109 43 Das
786 1333 174 44 haben
980 1333 106 43 wir
1111 1332 226 56 gesehen
1363 1328 108 45 und
1496 1330 256 43 staunend
1778 1331 269 43 miterlebt.
2074 1332 139 43 Aber
2233 1345 99 30 vor

657 1392 153 44 allem
823 1392 184 44 wollte
1025 1404 52 31 er
1094 1392 135 44 doch
1250 1389 166 58 geben
1431 1388 110 43 und
1556 1388 92 44 hat
1665 1390 134 42 auch
1817 1390 243 56 gegeben.
2076 1390 120 44 Und
2211 1404 122 30 was

657 1464 54 30 er
744 1451 119 57 gab,
892 1463 121 32 war
1044 1450 82 45 die
1155 1447 312 46 moralische
1491 1446 202 46 Wucht
1722 1449 167 43 seines
1919 1449 411 44 künstlerischen

655 1509 233 45 Namens
912 1509 108 44 und
1046 1510 166 43 seines
1238 1505 361 59 persönlichen
1623 1506 287 45 Ansehens.
1942 1507 72 43 Er
2042 1508 99 55 gab
2170 1508 160 44 durch

656 1570 178 44 seinen
864 1569 207 44 Beitritt
1110 1569 92 43 der
1236 1564 328 55 „Secession”
1598 1565 114 44 eine
1737 1566 596 57 Vertrauenserklärung

656 1629 107 43 und
791 1629 112 43 wie
933 1628 120 45 sehr
1082 1640 55 31 er
1168 1628 139 43 diese
1337 1624 162 44 durch
1530 1623 82 44 die
1638 1624 378 56 Entwicklung
2047 1625 89 43 der
2160 1625 173 57 Dinge

657 1686 378 58 gerechtfertigt
1060 1686 137 51 fand,
1218 1686 92 44 hat
1337 1697 54 32 er
1415 1682 85 43 bei
1527 1681 335 57 Gelegenheit
1888 1684 168 43 seines
2082 1686 249 55 neunzig=

657 1751 113 40 sten
787 1746 367 56 Geburtstages
1176 1745 93 44 frei
1290 1742 108 45 und
1419 1741 219 44 fröhlich
1659 1741 247 44 bekannt.
1929 1742 201 44 Darum
2153 1744 179 56 gesellt

657 1807 109 43 sich
795 1818 92 32 zur
911 1805 305 57 Verehrung
1246 1803 85 45 bei
1358 1801 88 45 Alt
1477 1800 135 44 auch
1639 1801 89 42 der
1754 1801 157 43 Dank
1938 1802 126 44 aller
2088 1802 245 45 Freunde

658 1865 138 44 einer
816 1865 162 44 freien
998 1864 105 44 und
1125 1859 457 61 eigenwüchsigen
1601 1859 182 45 Kunst.
1812 1860 200 46 Gerade
2041 1862 91 44 das
2153 1863 179 44 Mora=

657 1924 159 44 lische
836 1925 64 43 ist
922 1924 111 44 hier
1049 1918 447 59 bedeutungsvoll.
1517 1918 151 44 Auch
1683 1920 246 44 verstand
1947 1934 53 31 es
2016 1922 110 44 sich
2144 1923 189 45 durch=

659 1995 93 31 aus
773 1984 140 43 nicht
939 1996 138 38 „von
1102 1982 202 45 selbst”.
1331 1979 72 44 Es
1428 1990 121 31 war
1576 1979 114 44 eine
1716 1979 167 58 Frage
1910 1981 89 44 des
2024 1981 174 46 Mutes
2223 1983 108 44 und

659 2042 89 44 der
772 2041 456 45 Wahrheitsliebe.
1253 2039 128 45 Wie
1412 2038 54 42 in
1496 2037 198 46 seinem
1723 2038 259 55 Schaffen,
2013 2055 56 30 so
2100 2043 91 43 hat
2220 2043 112 43 hier

659 2101 134 43 auch
822 2102 55 42 in
906 2102 198 43 seinem
1131 2100 121 44 Tun
1281 2095 194 47 Rudolf
1498 2110 108 31 von
1631 2098 88 45 Alt
1747 2100 253 55 glänzend
2029 2102 301 44 bestanden.

658 2161 202 42 Darum
882 2160 239 55 doppelte
1143 2159 140 44 Ehre
1306 2156 198 45 seinem
1528 2157 295 46 erlauchten
1845 2160 229 45 Namen!
2185 2169 147 42 ©©©

1720 2218 234 47 FRANZ
1994 2219 336 46 SERVAES.
