2799 4061
294 1024 1070 123 FÉLICIEN
1544 1040 673 107 DAVID

611 1281 259 56 D'APRÈS
922 1294 73 41 SA
1049 1294 568 42 CORRESPONDANCE
1672 1281 256 55 INÉDITE

611 1444 79 39 ET
761 1441 193 41 CELLE
1032 1440 82 39 DE
1176 1440 107 39 SES
1343 1440 151 41 AMIS
1552 1423 372 70 (1832-1864)

496 1741 545 54 ARLES-DUFOUR
1070 1741 98 47 AU
1202 1741 184 47 PERE
1421 1739 359 51 ENFANTIN

1816 1745 72 58 (1)

1876 1889 158 60 Lyon,
2063 1903 58 36 12
2142 1905 17 47 ?
2166 1901 37 22 er
2224 1902 80 50 45.

333 2028 192 49 Suchet
557 2028 105 46 m'a
694 2025 240 64 expliqué
963 2024 48 47 le
1043 2023 156 48 traité
1234 2022 190 49 Davi.d
1457 2024 62 61 Je
1550 2038 66 33 ne
1646 2024 219 61 pouvais
1896 2038 93 47 pas
2022 2023 158 49 croire
2211 2038 98 48 que

230 2112 134 33 vous
400 2094 277 63 l'ignoriez,
701 2094 125 47 c'est
865 2093 156 47 inouï.
1063 2118 66 6 —
1165 2090 94 48 Ces
1297 2090 296 48 misérables
1631 2090 249 48 Escudier
1919 2094 91 43 ont
2049 2090 157 48 abusé
2246 2090 62 48 de

648 2163 65 47 de
737 2161 316 47 l'innocence
1077 2157 66 49 de
1170 2157 174 47 David
1363 2174 10 41 ;
1401 2157 130 49 mais
1557 2157 201 49 celui-ci
1783 2163 79 43 est
1886 2157 423 63 impardonnable

226 2230 70 51 de
332 2246 66 32 ne
433 2244 131 33 vous
614 2229 146 47 avoir
804 2243 94 47 pas
944 2225 250 48 consulté.
1242 2225 225 54 Pourvu,
1504 2240 64 32 au
1616 2225 184 57 moins,
1847 2224 340 62 qu'Escudier
2230 2224 78 48 ait

229 2297 166 51 menti
430 2311 63 33 en
530 2296 232 47 écrivant
798 2295 32 45 à
865 2292 159 48 Hainl
1061 2295 72 58 (2)
1171 2291 127 63 qu'il
1334 2307 30 32 a
1400 2292 180 47 acheté
1615 2306 105 33 non
1756 2291 285 48 seulement
2076 2295 148 44 toute
2257 2290 52 48 la

229 2364 240 63 musique
506 2363 178 62 passée
717 2368 57 42 et
811 2362 252 62 présente,
1103 2362 131 44 mais
1270 2375 182 33 encore
1489 2363 148 45 toute
1673 2359 52 47 la
1762 2358 237 62 musique
2035 2358 174 47 future
2246 2357 63 48 de

229 2432 192 48 David.
452 2432 174 62 Voyez
654 2431 120 47 bien
804 2429 122 47 cela.
934 2455 65 7 —
1025 2428 45 47 Il
1098 2427 228 48 faudrait
1355 2442 201 36 remuer
1585 2427 93 47 ciel
1707 2432 52 43 et
1790 2431 133 43 terre
1951 2439 130 49 pour
2109 2438 200 50 rompre

226 2513 74 33 un
328 2498 161 63 pareil
517 2497 173 48 traité.

436 2578 137 49 Adresse
574 2594 74 31 :
778 2575 257 49 Monsieur
1062 2575 217 61 Prosper
1307 2574 252 47 Enfantin

713 2657 79 50 39,
818 2658 92 33 rue
931 2657 170 33 neuve
1126 2639 90 51 des
1237 2640 163 62 petits
1424 2640 215 64 champs

1136 2709 159 50 Paris.

1834 2839 60 49 18
1914 2837 61 65 /**
1998 2838 142 62 1845.

355 2980 67 50 Ce
456 2997 101 47 que
590 2994 130 33 vous
755 2994 81 36 me
869 2978 135 51 dites
1037 2993 68 33 au
1138 2978 136 62 sujet
1307 2977 66 49 de
1408 2975 187 59 David,
1634 2974 119 50 cher
1818 2972 122 58 ami,
1971 2983 201 52 prouve
2201 2984 106 48 que

226 3048 136 49 Dieu
385 3054 78 43 est
487 3048 164 63 grand
673 3049 51 46 et
748 3063 101 47 que
870 3060 131 35 vous
1021 3048 166 47 n'êtes
1209 3060 94 47 pas
1325 3045 150 62 petit.
2241 3032 3 79 ;
2286 3032 23 69 |

328 3116 89 50 Ses
446 3116 234 47 brioches
709 3114 285 48 m'avaient
1024 3114 131 48 vexé
1185 3128 200 35 comme
1414 3113 80 46 s'il
1523 3128 52 31 se
1606 3111 81 48 fût
1719 3109 82 62 agi
1830 3107 65 49 de
1924 3120 86 33 ma
2039 3106 185 47 bourse
2253 3106 54 45 et

224 3181 67 51 de
327 3198 122 33 mon
486 3198 194 33 œuvre.
719 3181 134 47 Dieu
888 3181 100 47 soit
1021 3180 134 57 loué,
1193 3194 131 34 vous
1358 3179 165 48 l'avez
1556 3177 182 56 libéré,,
1769 3176 195 55 autant;
1993 3185 119 34 sans
2147 3168 160 51 doute

225 3264 103 49 que
378 3251 177 47 c'était
599 3250 238 63 possible,
884 3248 64 49 de
997 3264 79 33 ses
1119 3247 332 62 exploiteurs.
1507 3243 293 52 Remerciez
1851 3238 207 51 Charles
2105 3237 48 48 le
2201 3237 103 48 bon

224 3318 173 64 poète,
421 3318 63 47 de
506 3332 86 33 ma
615 3321 135 58 part,
775 3331 131 48 pour
926 3314 154 51 l'aide
1099 3314 129 63 qu'il
1251 3328 130 35 vous
1402 3330 32 31 a
1457 3313 145 62 prêté
1623 3312 131 48 dans
1777 3312 139 44 cette
1940 3303 191 51 affaire.

327 3384 327 49 Maintenant
698 3384 217 46 tâchons
958 3397 100 47 que
1101 3382 174 47 David
1317 3380 176 49 tienne
1535 3393 86 36 ma
1663 3388 259 52 promesse
1965 3369 236 51 vis-à-vis
2241 3367 66 50 de

338 3530 59 45 (1)
415 3530 74 35 Ms.
513 3530 114 44 7665.

339 3584 58 45 (2)
424 3584 177 45 Georges
630 3582 139 42 Ilainl,
806 3582 217 44 1807-1873
1045 3592 8 32 ;
1082 3581 93 35 chef
1201 3581 252 34 d'orchestre
1481 3579 25 35 à
1531 3577 118 47 Lyon
1681 3575 148 46 (1840),
1860 3572 24 36 à
1912 3570 171 48 l'Opéra
2110 3568 50 35 de
2190 3566 114 37 Paris

230 3637 153 45 (1863),
405 3647 53 25 au
479 3635 325 42 Conservatoire,
827 3635 24 35 à
869 3635 41 35 la
929 3645 98 25 cour
1046 3635 50 34 de
1117 3634 214 47 Napoléon
1354 3633 81 35 111.
