2799 4061
492 354 95 63 296

1088 368 260 34 MERCURE
1386 368 237 36 MUSICAL
1657 369 68 35 ET
1765 371 40 34 S.
1845 371 34 34 I.
1918 372 57 35 M.

495 537 22 29 «
557 534 118 36 non
735 514 323 55 seulement
1117 515 355 68 dissonants,
1534 517 147 53 mais
1742 518 388 55 discordants.
2198 519 370 59 L'exécution

494 617 23 28 «
557 597 174 53 d'une
766 594 133 54 telle
932 612 221 51 œuvre,
1893 613 69 36 en
2094 595 258 55 admettant
2353 601 104 53 serait
2495 621 77 37 un

494 696 23 29 «
557 674 259 71 supplice
858 692 150 53 pour
1046 674 83 55 les
1169 677 351 54 exécutants
1561 682 59 48 et
1647 695 150 53 pour
1837 678 83 55 les
1962 679 302 55 auditeurs
2290 700 38 31 ».
2380 679 157 57 L'lns-

494 755 146 54 titut
665 754 125 55 seul
814 772 34 36 a
872 754 52 54 le
948 754 280 73 privilège
1255 755 71 55 de
1350 755 166 73 juger
1542 757 285 54 d'emblée
1853 759 71 54 de
1949 759 211 71 pareils
2185 777 383 53 ouvrages.....

493 835 130 54 Une
665 834 248 54 seconde
956 834 269 55 audition
1267 853 73 36 ne
1382 835 177 56 serait
1601 855 107 53 pas
1750 838 296 71 superflue
2089 856 148 53 pour
2279 842 293 68 apprécier

493 932 63 36 ce
604 914 333 73 compliqué
985 921 258 64 quatuor
1291 933 71 38 en
2344 918 81 53 mi
1832 921 80 52 Le
1962 919 185 54 début
2204 921 70 53 de
2323 919 246 74 l'adagio

491 993 165 55 saisit
708 1012 108 53 par
868 1012 115 36 une
1035 995 373 73 atmosphère
1460 1002 286 49 nocturne
1798 1004 60 47 et
1910 998 307 72 grandiose
2277 1007 181 47 avant
2509 1018 60 37 sa

490 1074 291 70 conquête
832 1093 105 54 par
985 1076 507 72 l'imperturbable
1542 1079 374 71 contrepoint
1966 1079 101 71 qui
2118 1081 173 69 règne
2348 1098 97 36 sur
2491 1082 78 54 les

493 1156 154 54 deux
692 1161 194 66 temps
931 1157 133 67 vifs,
1112 1175 226 36 comme
1385 1159 146 54 dans
1576 1157 81 54 les
1700 1159 238 71 poèmes
1982 1161 461 71 symphoniques
2494 1163 75 53 du

490 1236 189 53 même
721 1236 173 69 jeune
937 1242 211 48 auteur
1190 1253 134 37 sous
1366 1237 57 54 la
1463 1238 363 72 bourrasque
1868 1257 160 37 assez
2500 1244 68 54 de

490 1332 105 37 son
656 1316 295 54 orchestre
980 1337 10 33 :
1627 1316 35 53 Y
1669 1317 222 54 Amour
2271 1318 155 71 profane
2427 1322 141 71 d'après

490 1396 98 53 Tit
590 1413 120 51 xen;
743 1397 77 52 Le
849 1402 301 65 Jugement
1181 1398 63 53 de
1276 1397 192 70 Pâris,
1502 1398 231 72 d'après
1764 1401 131 53 Bau
1901 1402 109 70 dry
2043 1402 122 66 (car
2196 1418 63 37 ce
2291 1401 275 56 musicien

489 1491 275 56 compose
1092 1476 68 71 d'après
1161 1477 87 53 les
1249 1477 242 72 peintres,
1533 1496 228 37 comme
1803 1479 471 55 Fantin-Latour
2312 1481 254 71 peignait

490 1556 220 71 d'après
752 1554 81 55 les
872 1556 355 69 musiciens).
1268 1557 263 72 J'ignore
1568 1558 52 53 le
1661 1558 282 56 Boecklin
1989 1561 356 71 inspirateur
2392 1562 70 53 de
2505 1580 61 37 ce

489 1636 172 54 finale
688 1637 483 71 techniquement
1196 1656 136 35 sans
1357 1638 182 73 pareil
1564 1656 78 38 au
1666 1642 216 52 monde
1911 1662 10 32 :
1950 1658 116 37 une
2093 1642 176 70 fugue
2296 1642 34 52 à
2362 1648 204 64 quatre

487 1716 239 71 parties,
772 1733 72 38 en
887 1717 244 54 doubles
1175 1718 254 69 croches,
1474 1737 135 36 sous
1652 1721 262 53 chacune
1958 1722 323 70 desquelles
2331 1740 59 35 se
2432 1740 134 52 pose

489 1813 113 37 une
653 1797 301 53 harmonie
1004 1796 310 57 différente
1342 1801 9 52 !
1407 1799 284 72 Paganini
1741 1801 359 54 s'avouerait
2131 1802 216 53 vaincu
2373 1824 13 45 ;
2425 1802 141 55 mais

489 1893 245 51 comme,
777 1877 34 53 à
851 1878 151 67 côté,
1042 1877 59 54 la
1139 1878 357 71 polyphonie
1536 1879 412 55 sentimentale
1989 1881 72 54 de
2102 1882 172 55 César
2321 1883 243 68 Franck,,

490 1962 58 48 et
593 1957 33 52 r
635 1957 240 54 envolée
918 1958 448 71 chevaleresque
1412 1961 80 53 du
1535 1959 114 55 trio
1694 1959 74 55 de
1813 1963 305 69 Magnard,
2165 1968 59 49 et
2276 1962 186 53 même
2512 1963 53 54 la

489 2042 247 48 savante
791 2036 165 54 fierté
1012 2038 80 54 du
1140 2039 216 54 second
1409 2046 258 63 quatuor
1716 2041 71 53 de
1822 2039 253 58 Vincent
2112 2042 218 71 d'lndy
2353 2042 182 71 parais-

489 2122 129 48 sent
660 2116 352 56 lumineuses
1039 2119 9 53 !

603 2198 88 52 De
735 2197 192 55 l'aveu
966 2198 189 54 même
1197 2198 71 54 de
1309 2198 272 71 l'auteur,
1624 2219 89 36 ses
1741 2201 371 72 interprètes,
2150 2203 168 71 après
2361 2203 204 71 quinze

490 2276 345 71 répétitions
882 2282 60 48 et
990 2277 144 55 trois
1181 2278 148 54 mois
1379 2279 287 69 d'études,
1717 2282 429 71 escomptaient
2194 2300 338 53 courageuse-

487 2361 164 49 ment
703 2375 64 35 ce
816 2375 113 52 que
980 2357 52 55 le
1083 2379 22 27 «
1129 2357 131 72 prix
1312 2358 71 55 de
1435 2362 187 52 Rome
1647 2382 22 28 »
1719 2361 219 56 Claude
1990 2363 274 73 Debussy
2312 2381 249 51 nomme,

489 2453 142 36 avec
670 2453 106 36 son
814 2436 420 71 impertinence
1272 2439 308 69 cavalière,
1622 2461 21 28 «
1667 2459 82 36 un
1787 2442 221 55 accueil
2044 2443 200 71 plutôt
2281 2460 244 56 pommes-

487 2521 185 49 cuites
697 2537 81 32 »...
835 2516 166 67 Mais,
1045 2518 248 55 d'abord
1346 2518 375 71 désarçonné,
1774 2522 133 71 puis
1961 2525 265 69 emporté
2278 2541 108 55 par
2438 2528 128 50 tant

490 2594 71 56 de
604 2596 242 68 science,
891 2597 52 53 le
987 2597 199 71 public
1232 2617 34 36 a
1309 2601 179 59 salué,
1534 2619 108 53 par
1686 2605 157 53 deux
1886 2605 388 71 magnifiques
2318 2605 245 71 rappels,

487 2677 59 53 la
598 2676 376 72 magnanime
1028 2680 331 68 eurythmie
1416 2681 79 53 du
1552 2682 270 70 Quatuor
1876 2683 218 55 Parent
2150 2691 60 48 et
2264 2685 57 54 la
2381 2685 184 71 loyale

486 2754 468 73 intransigeance
1002 2757 71 55 de
1120 2775 105 37 son
1272 2758 334 71 fondateur,
1655 2761 102 71 qui
1802 2762 155 56 lutte
2003 2781 149 55 pour
2203 2763 57 55 la
2306 2765 259 69 jeunesse

489 2836 278 54 musicale
800 2837 207 71 depuis
1040 2838 260 73 dix-sept
1332 2840 212 54 hivers.

602 2918 109 52 Les
760 2916 234 70 bravos,
1048 2917 311 71 d'ailleurs,
1409 2937 73 37 ne
1531 2939 60 36 se
1641 2922 417 74 fourvoyaient
2108 2923 170 73 point
2305 2946 13 33 :
2368 2942 98 36 car
2511 2923 54 55 la

487 2996 305 71 splendide
820 2997 274 55 cohésion
1125 2998 100 54 des
1255 3005 209 64 quatre
1495 3002 232 55 archets
1756 3005 73 52 de
1858 3006 141 52 MM.
2032 3006 239 68 Parent,
2302 3006 261 66 Loiseau,

487 3076 191 54 Vieux
719 3082 58 48 et
819 3078 283 54 Fournier
1141 3080 159 67 s'est,
1343 3080 35 53 à
1418 3097 106 37 son
1566 3087 153 65 tour,
1763 3086 302 70 surpassée
2107 3086 148 53 dans
2296 3104 65 35 ce
2405 3085 128 69 laby-

486 3156 194 56 rinthe
725 3157 204 69 inédit,
975 3175 227 38 comme
1246 3160 105 53 elle
1397 3161 164 54 avait
1604 3163 264 70 étincelé,
1914 3165 132 54 huit
2089 3166 145 53 soirs
2276 3166 133 71 plus
2457 3166 106 67 tôt,

487 3237 143 55 d'un
670 3237 151 55 éclat
863 3238 71 54 de
975 3238 282 71 première
1296 3242 293 67 grandeur
1628 3245 148 53 dans
1822 3245 412 72 l'inspiration,
2277 3246 287 55 vraiment

487 3317 223 70 géniale
741 3317 242 70 celle-là,
1018 3321 80 53 du
1129 3320 307 55 neuvième
1468 3328 258 64 quatuor
1763 3325 447 56 beethovénien.

1799 3486 617 55 Raymond
2415 3486 1 55 Bouyer.
