2799 4061
568 387 93 47 300

1412 384 73 34 EN
1522 384 266 36 PROVINCE

565 530 355 56 BEZIERS.

676 652 80 51 Le
791 649 225 55 Comité
1052 649 466 70 d'organisation
1552 650 79 54 du
1665 667 281 37 concours
1981 650 70 54 de
2084 650 270 72 musique
2387 653 99 69 qui
2519 657 117 57 doit

564 728 164 55 avoir
766 727 116 54 lieu
922 728 33 52 à
995 728 252 68 Béziers,
1291 746 135 37 sous
1466 728 81 55 les
1589 729 265 71 auspices
1896 730 71 53 de
2006 729 58 54 la
2102 730 418 72 municipalité,
2559 736 77 55 les

565 824 68 55 19
657 814 60 47 et
736 824 69 40 20
850 807 118 54 mai
1011 808 306 71 prochain,
1367 808 165 55 avait
1578 809 245 54 sollicité
1868 809 239 55 Camille
2153 809 375 59 Saint-Saëns
2571 818 65 53 de

562 887 257 72 présider
854 888 50 53 le
941 888 169 71 Jury.
1151 888 49 53 Il
1236 888 165 55 vient
1438 888 71 53 de
1545 889 260 54 recevoir
1840 890 80 53 du
1956 887 212 57 Maître
2204 890 100 70 qui
2340 910 59 34 se
2434 898 202 53 trouve

562 986 71 35 en
676 986 63 35 ce
781 974 266 47 moment
1090 986 76 35 au
1209 969 183 68 Caire,
1435 987 116 36 une
1592 968 175 55 lettre
1809 968 367 56 l'informant
2220 970 142 70 qu'il
2404 982 232 63 accepte

562 1066 141 35 avec
753 1047 200 72 plaisir
1000 1048 57 55 la
1104 1048 338 71 présidence
1491 1048 276 55 effective
1819 1050 80 54 du
1948 1067 282 38 concours
2280 1052 240 54 Musical
2568 1057 66 53 de

559 1127 249 54 Béziers.

671 1209 89 52 De
823 1208 249 71 grandes
1138 1208 422 71 réjouissances
1626 1209 328 71 figureront
1988 1227 76 37 au
2128 1228 368 54 programme
2561 1217 73 53 du

558 1306 282 37 concours
893 1288 246 55 musical
1193 1296 58 48 et
1306 1296 197 48 seront
1559 1291 292 53 destinées
1905 1292 35 51 à
1993 1291 148 53 fêter
2195 1292 335 71 dignement
2580 1296 54 54 la

557 1368 274 71 présence
856 1369 80 54 du
960 1367 210 56 Maître
1197 1371 34 52 à
1255 1368 231 55 Béziers
1512 1368 81 55 les
1621 1386 67 54 19
1715 1376 58 47 et
1800 1387 70 38 20
1895 1369 137 54 mai.

670 1451 76 50 M.
790 1449 239 55 Camille
1071 1449 377 55 Saint-Saëns
1489 1468 129 36 sera
1659 1449 225 70 assisté,
1927 1468 76 36 au
2044 1452 152 71 Jury
2237 1453 80 53 du
2340 1470 289 49 concours,

557 1529 69 54 de
662 1529 138 52 MM.
838 1528 235 55 Charles
1109 1529 254 68 Lévadé,
1400 1531 138 52 Max
1574 1529 269 55 d'Ollone
1877 1534 60 50 et
1973 1531 184 53 Henri
2195 1532 272 68 Rabaud,
2502 1538 128 50 tous

555 1608 144 53 trois
727 1608 278 71 premiers
1031 1609 134 70 prix
1193 1609 71 54 de
1294 1611 206 52 Rome.

668 1691 79 52 Le
781 1707 281 37 concours
1098 1691 69 53 de
1202 1689 231 55 Béziers
1467 1708 145 36 aura
1645 1691 152 54 donc
1829 1710 81 35 un
1945 1691 475 57 retentissement
2453 1694 147 54 consi-

555 1768 252 55 dérable.
850 1771 108 52 Les
997 1769 310 54 adhésions
1346 1771 101 53 des
1485 1769 301 71 musiques
1824 1776 60 48 et
1923 1771 262 53 chorales
2225 1772 313 70 françaises
2575 1779 54 49 et

554 1849 331 70 étrangères
913 1848 253 56 affluent
1195 1851 71 52 de
1294 1854 199 49 toutes
1520 1856 185 64 parts.

666 1931 78 50 Le
785 1928 225 55 Comité
1051 1928 149 55 tient
1240 1929 52 54 le
1331 1928 323 74 règlement
1696 1932 34 52 à
1767 1929 57 55 la
1865 1929 349 73 disposition
2255 1932 100 53 des
2394 1934 234 54 sociétés

551 2009 101 69 qui
692 2027 72 36 en
804 2009 192 54 feront
1037 2009 57 54 la
1134 2011 290 54 demande
1463 2028 76 36 au
1580 2011 311 54 secrétaire
1932 2012 253 70 général,
2228 2014 34 52 à
2301 2012 221 56 l'Hôtel
2562 2014 65 54 de

550 2088 147 54 Ville
733 2089 70 53 de
838 2089 248 53 Béziers.
