2799 4061
631 345 247 48 FÉLICIEN
922 355 168 36 DAVID
1134 357 68 35 ET
1246 358 99 34 LES
1395 355 481 38 SAINT-SIMONIENS

2186 349 96 52 255

619 655 116 52 LE
810 655 405 55 RETOUR
1292 658 124 53 EN
1493 656 392 58 FRANCE

680 814 55 46 F.
769 813 221 47 DAVID
1019 813 98 47 AU
1148 814 185 48 PERE
1364 815 356 48 ENFANTIN

1753 818 70 59 (1)

577 1061 128 46 Cher
742 1076 118 31 pere

1931 994 142 67 [I845
2098 996 18 48 ?
2136 993 14 66 ]

318 1175 65 62 Je
427 1174 104 48 suis
577 1174 202 47 malade
825 1174 180 62 depuis
1051 1172 245 63 quelques
1340 1172 141 63 jours
1527 1174 124 48 d'un
1696 1172 432 50 refroidissement
2175 1171 105 64 qui,

219 1242 392 50 heureusement
652 1241 180 48 n'aura
872 1255 94 47 pas
1007 1240 63 49 de
1109 1240 158 48 suites
1307 1255 196 48 graves.
1547 1241 62 61 Je
1648 1241 111 47 vais
1799 1241 268 61 beaucoup
2107 1239 176 48 mieux

219 1307 345 62 aujourd'hui.
592 1307 76 47 La
690 1307 185 47 bourse
900 1306 137 48 seule
1060 1321 69 32 va
1152 1308 104 46 très
1281 1306 119 48 mal.
1418 1307 71 47 Le
1514 1307 182 62 départ
1721 1306 62 48 de
1809 1305 227 63 Sylvain,
2060 1303 47 50 le
2123 1305 157 62 loyer,

221 1376 165 57 Colin,
437 1379 54 45 et
540 1378 173 45 autres
762 1374 159 63 petits
971 1378 229 57 comptes
1250 1374 32 46 à
1329 1373 160 64 régler
1540 1373 165 48 m'ont
1739 1372 197 63 épuisés
1973 1372 128 61 (sic).
2136 1371 145 48 Voici

218 1440 72 50 les
318 1456 114 49 gros
460 1440 90 63 qui
577 1446 128 43 vont
733 1440 193 47 arriver
946 1456 12 40 ;
987 1439 37 48 il
1051 1456 83 33 me
1160 1439 227 48 faudrait
1415 1439 133 48 donc
1576 1439 136 48 deux
1739 1439 137 47 mille
1902 1438 186 47 francs.
2119 1437 162 63 Soyez

219 1524 141 33 assez
380 1509 119 57 bon,
525 1509 117 47 cher
663 1510 135 60 père,
821 1522 129 49 pour
972 1522 81 33 me
1072 1506 73 50 les
1166 1522 224 47 envoyer
1410 1506 117 49 d'ici
1548 1506 31 47 à
1601 1505 204 48 demain
1825 1504 141 48 midi.

317 1575 148 65 J'irai
489 1589 130 33 vous
646 1574 113 48 voir
785 1575 31 46 à
841 1589 86 33 ma
953 1573 247 66 première
1227 1574 173 48 sortie.

315 1642 47 50 A
388 1656 128 35 vous
545 1642 62 47 de
634 1656 155 42 cœur,

421 1776 198 51 félicien
648 1774 185 50 David.

211 1830 5 11 *
257 1840 21 3 ...
306 1828 24 15 K.,
350 1834 14 3 ••
620 1826 26 16 .*Â
894 1835 12 6 -
945 1832 24 8 --v-
2142 1826 4 17 1

596 2074 78 54 F.
713 2078 223 50 DAVID
965 2078 45 47 A
1033 2075 294 50 MADAME
1362 2074 404 49 CHEVALIER

1790 2075 72 58 (2)

570 2306 238 47 Madame

1771 2217 185 66 [Paris,
1983 2217 292 69 1845-1847]

309 2413 103 62 J'ai
447 2412 160 49 confié
643 2413 32 47 à
710 2409 375 50 Mademoiselle
1119 2412 150 43 votre
1301 2404 114 57 fille,
1453 2404 178 61 depuis
1666 2403 103 48 fort
1804 2403 303 62 longtemps,
2139 2403 137 49 deux

209 2480 260 56 mélodies,
824 2479 200 51 Crainte
1306 2479 240 53 d'amour,
1034 2480 53 43 et
1127 2488 104 33 une
1269 2476 145 45 autre
1454 2474 357 56 commençant
1852 2484 94 47 par
1987 2484 80 33 ces
2101 2474 136 43 mots
2262 2485 10 32 :

224 2547 197 49 Comme
677 2545 323 63 aujourd'hui
1379 2545 47 61 je
1538 2544 108 48 suis
1810 2541 212 62 joyeuse,
1249 2537 393 50 voudriez-vous
1674 2537 144 47 avoir
1847 2536 53 48 la
1928 2535 159 49 bonté
2117 2535 64 48 de
2201 2536 73 48 les

209 2617 241 45 remettre
476 2613 32 46 à
535 2613 67 49 M.
633 2612 232 61 Jourdan
893 2610 89 62 qui
1007 2622 130 33 vous
1162 2606 295 63 présentera
1482 2607 136 45 cette
1641 2603 169 49 lettre.

306 2681 209 62 Agréez,
549 2681 256 54 madame,
840 2692 108 32 mes
981 2674 306 49 salutations
1321 2671 321 63 empressées,
1679 2674 52 45 et
1764 2671 126 47 faire
1923 2685 105 33 mes
2063 2668 179 62 compli-

207 2751 172 44 ments
432 2748 31 47 à
517 2743 376 52 mademoiselle
948 2739 278 50 Chevalier.

306 2826 422 68 felicien||David.

306 2906 237 50 Madame
582 2904 278 52 Chevalier.

312 3066 58 42 (i)
393 3061 74 39 Ms.
493 3070 102 35 7710

317 3116 58 44 (2)
395 3115 74 34 Ms.
494 3124 48 36 77
551 3125 58 24 10.
634 3113 115 36 Ecrit
771 3123 69 25 sur
861 3112 54 36 du
937 3109 143 48 papier
1101 3108 200 35 à\en-tête
1322 3108 56 33 du
1385 3108 177 42 ajournai
1582 3108 33 30 L,
1633 3108 175 40 Algérie,
2075 3108 185 38 Afrique,

209 3167 179 36 d'Orient
401 3171 35 31 et
449 3168 48 35 de
512 3168 41 35 la
566 3168 300 38 Méditerranée,
883 3175 72 26 rue
970 3147 661 61 Neuve4les-Petits-Cliaißps,|3s
1649 3167 7 30 ;
1687 3154 179 37 ce.billet
1895 3154 96 35 date
2022 3163 75 36 par
2125 3152 115 36 consé-

203 3224 131 42 quent
358 3221 71 35 des
447 3221 149 35 années
621 3221 231 43 1845-1847.
