2799 4061
596 375 0 0 280

1093 336 258 37 MERCURE
1378 335 237 39 MUSICAL
1639 339 70 35 ET
1742 337 142 37 S.I.M.

503 482 179 54 cîmes
710 478 496 57 d'enthousiasme
1232 480 77 55 où
1337 480 419 73 quelques-uns
1784 482 71 56 de
1882 499 108 37 nos
2017 482 148 56 amis
2192 482 386 73 parvenaient

503 560 143 55 d'un
681 559 161 55 bond
866 578 14 48 ;
917 559 190 55 même
1142 559 58 54 la
1234 560 191 72 magie
1462 562 73 53 de
1571 559 256 56 Ricardo
1863 560 179 61 Vines
2075 579 74 39 ne
2184 560 257 58 suffisait
2473 578 105 55 pas

502 640 270 72 toujours
804 656 150 53 pour
999 657 96 37 me
1142 640 152 54 tenir
1345 658 137 37 sous
1531 640 54 56 le
1610 642 238 54 charme
1890 646 59 50 et
1990 642 270 71 conjurer
2300 661 65 37 ce
2403 642 174 71 petit,

503 724 133 50 tout
670 717 153 72 petit
857 736 262 54 soupçon
1154 719 390 71 d'arbitraire,
1581 720 103 72 qui
1713 720 187 72 surgit
1930 720 73 56 de
2031 727 196 67 temps
2257 723 35 55 à
2307 727 190 66 autre,
2516 728 61 50 et

502 797 101 72 qui
632 797 163 72 gêne.
827 797 72 71 Je
933 798 362 56 m'intéresse
1331 806 136 66 trop
1501 800 36 54 à
1570 799 256 56 Maurice
1864 800 209 70 Ravel,
2114 802 58 70 je
2201 802 114 56 sais
2346 807 137 66 trop
2513 818 65 38 ce

502 875 144 74 qu'il
673 882 145 66 peut
846 877 143 56 faire
1017 896 150 53 pour
1194 884 170 50 notre
1392 879 292 73 musique,
1714 884 60 50 et
1801 879 57 73 je
1886 880 241 55 connais
2155 886 136 67 trop
2319 900 66 36 sa
2412 900 133 36 cons-

502 957 193 56 cience
721 962 61 49 et
809 974 66 37 sa
900 957 233 71 probité
1161 958 311 74 artistique
1498 977 150 53 pour
1674 959 217 56 hésiter
1916 978 83 37 un
2026 960 124 55 seul
2175 960 229 58 instant
2432 963 35 52 à
2493 960 85 56 lui

502 1037 223 54 donner
762 1054 140 37 mon
941 1037 240 71 opinion
1219 1044 136 50 tout
1393 1039 239 70 entière,
1675 1039 378 71 aujourd'hui
2093 1047 235 49 surtout
2367 1060 116 54 que
2520 1042 58 71 je

499 1115 133 73 puis
662 1122 240 49 trouver
932 1118 147 53 dans
1107 1136 66 37 sa
1203 1119 261 55 dernière
1493 1137 202 38 œuvre
1725 1124 135 51 tout
1888 1138 66 37 ce
1984 1121 102 71 qui
2116 1122 311 71 manquait
2459 1140 119 36 aux

499 1197 380 70 précédentes
905 1217 12 33 :
949 1197 58 53 la
1035 1198 401 56 construction
1465 1198 174 56 claire
1670 1206 58 48 et
1758 1199 254 56 l'étroite
2041 1201 207 54 liaison
2278 1202 73 54 de
2380 1207 198 49 toutes

499 1275 83 55 les
608 1277 239 71 parties,
875 1277 60 53 la
961 1277 252 56 sobriété
1243 1279 142 55 d'un
1413 1279 154 71 style
1595 1279 269 71 toujours
1893 1286 373 49 exactement
2295 1282 283 72 expressif

499 1362 80 63 et,
625 1357 260 71 principe
930 1362 60 51 et
1032 1358 195 56 raison
1271 1359 73 55 de
1387 1364 137 50 tout
1567 1361 141 68 cela,
1754 1378 114 37 une
1911 1361 352 71 inspiration
2306 1362 272 71 toujours

498 1441 306 66 soutenue,
834 1455 115 36 une
978 1438 260 55 émotion
1266 1444 245 68 partout
1539 1441 288 69 présente.
1859 1441 282 54 Emotion
2173 1442 197 54 acérée
2400 1442 178 56 d'une

498 1514 203 73 pointe
736 1515 243 56 d'ironie
1012 1535 136 38 sans
1182 1519 200 69 doute,
1418 1519 149 54 mais
1600 1519 145 54 c'est
1778 1537 107 53 par
1916 1519 59 54 là
2006 1519 326 73 justement
2365 1522 213 71 qu'elle

499 1595 277 55 convient
813 1595 48 55 si
883 1597 420 57 éminemment
1341 1599 37 54 à
1412 1617 81 36 un
1530 1599 238 55 homme
1805 1599 120 73 qui,
1965 1601 35 53 à
2036 1599 230 56 l'instar
2302 1602 71 54 de
2412 1601 166 71 Jules

498 1676 258 69 Renard,
791 1695 105 36 son
931 1678 192 71 poète,
1147 1684 218 50 restera
1398 1681 269 71 toujours
1700 1698 83 36 un
1817 1679 399 56 observateur.
2254 1681 52 54 Il
2339 1700 73 38 ne
2446 1683 132 55 faut

498 1773 108 54 pas
644 1756 199 69 croire,
869 1775 226 36 comme
1134 1758 251 55 certains
1424 1759 290 55 semblent
1751 1758 163 71 faire,
1947 1777 115 55 que
2099 1761 476 71 l'emportement

499 1836 103 54 des
627 1836 264 71 passions
919 1843 59 48 et
1003 1837 59 53 la
1087 1838 215 72 fougue
1330 1838 374 72 romantique
1731 1838 189 55 soient
1948 1839 271 71 toujours
2244 1841 58 53 la
2329 1858 246 55 marque

500 1916 73 53 de
607 1914 57 55 la
700 1914 285 57 sincérité.
1026 1917 52 53 Il
1112 1936 73 35 en
1222 1923 90 50 est
1350 1919 71 55 de
1457 1919 132 70 plus
1625 1918 176 56 d'une
1838 1923 156 51 sorte
2022 1940 11 33 :
2071 1919 83 55 les
2189 1921 212 54 larmes
2437 1927 137 49 sont

498 1994 249 56 sincères
782 1996 93 69 ici,
893 2002 59 49 et
989 1997 230 56 ailleurs
1256 1998 143 55 c'est
1434 1999 54 55 le
1524 1998 237 56 sourire.
1799 1999 105 55 Tel
1938 2017 62 37 se
2036 1999 144 56 livre
2216 2007 136 48 tout
2390 2002 185 55 entier

498 2092 109 53 par
653 2076 279 71 quelques
978 2082 156 49 mots
1181 2077 215 54 calmes
1443 2083 59 50 et
1548 2078 279 70 réfléchis,
1877 2078 103 72 qui
2027 2079 303 55 mentirait
2375 2081 92 54 s'il
2513 2100 61 38 se

498 2154 310 73 répandait
855 2175 71 35 en
970 2157 291 72 bruyants
1307 2163 348 66 transports.

612 2247 85 53 La
724 2250 211 69 pensée
963 2250 69 53 de
1062 2248 254 56 Maurice
1345 2250 189 55 Ravel
1561 2256 89 49 est
1676 2251 455 56 naturellement
2159 2252 212 71 avisée,
2399 2255 140 71 péné-

498 2332 217 64 trante,
754 2333 57 49 et
851 2328 261 71 disposée
1149 2331 35 52 à
1218 2330 283 55 s'amuser
1538 2332 71 53 de
1645 2349 64 36 ce
1746 2331 102 72 qui
1883 2332 259 55 l'émeut.
2182 2333 98 55 Un
2315 2335 259 56 farfadet

498 2424 287 54 moqueur
809 2407 202 55 habite
1037 2427 70 36 en
1133 2427 105 37 son
1264 2410 181 71 esprit
1471 2415 58 49 et
1554 2411 215 54 chante
1796 2429 71 36 en
1892 2411 231 72 agitant
2149 2431 90 37 ses
2262 2415 216 71 grelots
2503 2434 72 37 en

496 2486 275 56 sourdine
799 2509 10 33 :
853 2505 99 37 car
992 2488 40 54 il
1073 2490 290 54 découvre
1406 2491 142 54 d'un
1589 2491 125 54 seul
1769 2510 151 53 coup
1977 2493 163 54 d'œil
2193 2493 53 56 le
2299 2496 270 71 comique

496 2566 271 73 imprévu
796 2571 61 49 et
886 2586 226 38 comme
1140 2568 59 54 la
1227 2571 218 53 secrète
1474 2570 253 72 grimace
1758 2572 290 55 enfermée
2079 2591 72 36 en
2180 2580 168 49 toute
2377 2576 195 55 chose.

498 2646 81 53 Et
618 2651 157 49 cette
811 2646 187 72 légère
1036 2647 201 71 ironie,
1277 2648 120 55 loin
1438 2651 71 53 de
1549 2650 289 55 diminuer
1876 2651 324 71 l'émotion,
2241 2653 218 56 l'avive
2498 2672 79 37 au

498 2726 289 56 contraire
816 2733 59 50 et
903 2728 57 54 la
988 2730 145 53 rend
1158 2728 132 73 plus
1318 2728 319 73 poignante
1664 2751 14 48 ;
1707 2731 123 54 rien
1859 2732 103 71 qui
1990 2735 293 68 approche
2311 2735 131 71 plus
2473 2736 102 55 des

495 2805 212 55 larmes
739 2806 185 72 qu'un
957 2807 83 55 tel
1069 2807 240 71 sourire,
1344 2808 102 73 qui
1479 2811 168 70 après
1680 2815 136 50 tout
1848 2816 89 48 est
1968 2812 150 55 celui
2151 2813 71 54 de
2254 2815 321 54 Cervantes

498 2890 59 50 et
589 2886 73 54 de
691 2885 258 57 Dickens
978 2892 185 50 avant
1192 2887 404 72 d'appartenir
1624 2891 37 52 à
1689 2890 165 71 Jules
1886 2892 256 70 Renard,
2175 2893 35 54 à
2240 2893 335 56 Courteline

498 2984 78 38 ou
612 2966 36 53 à
683 2965 238 57 Tristan
957 2968 282 55 Bernard.
1281 2968 256 56 Maurice
1576 2970 190 54 Ravel
1803 2977 89 49 est
1928 2990 81 36 un
2046 2973 283 56 musicien
2365 2975 167 56 humo-

496 3043 141 56 riste
662 3066 16 48 ;
714 3046 81 54 tel
828 3046 42 53 il
904 3052 88 50 est
1027 3048 92 69 né,
1157 3052 60 50 et
1250 3047 57 72 je
1341 3048 359 73 m'explique
1735 3051 374 56 maintenant
2144 3053 290 73 pourquoi
2469 3053 103 72 j'ai

496 3125 270 71 toujours
787 3126 225 71 préféré
1034 3127 52 55 le
1110 3147 21 30 «
1156 3127 134 55 dieu
1311 3127 204 55 fluvial
1537 3130 156 54 riant
1717 3131 72 55 de
1811 3130 154 56 l'eau
1987 3131 103 72 qui
2112 3132 53 55 le
2188 3133 318 56 chatouille
2528 3155 23 29 »

496 3222 116 55 que
649 3224 148 36 nous
837 3212 302 51 montrent
1177 3208 83 55 les
1299 3208 154 69 Jeux
1491 3208 230 56 d'Eaux
1760 3229 78 37 ou
1876 3211 53 56 le
1967 3212 254 56 bouffon
2246 3233 326 38 amoureux

495 3285 106 72 qui
635 3286 214 54 chante
884 3305 105 35 son
1557 3287 48 53 A
1681 3287 228 55 Iborada
1350 3288 146 54 dans
1530 3287 83 56 les
1947 3292 134 54 àce
2114 3292 124 56 rien
2266 3293 277 56 d'affecta-

496 3365 129 54 tion
668 3366 409 56 sentimentale
1121 3367 103 73 qui
1267 3368 233 72 dépare,
1547 3370 35 52 à
1624 3389 141 37 mon
1808 3373 164 69 goût,
2017 3372 59 54 la
2118 3373 233 55 Pavane
2394 3393 79 36 ou
2514 3375 59 56 la

515 3445 199 54 Vallée
1004 3447 94 53 des
1290 3448 247 54 Cloches.
1185 3448 99 55 Un
1331 3447 81 55 tel
1457 3448 236 56 homme
1740 3451 152 55 n'est
1938 3451 132 71 plus
2117 3454 457 72 complètement

496 3523 300 56 lui-même
828 3526 263 72 lorsqu'il
1123 3545 154 37 cesse
1313 3527 72 55 de
1418 3527 192 56 railler
1643 3530 35 53 à
1711 3530 57 53 la
1802 3530 307 56 dérobée...
2146 3534 80 54 Et
2260 3534 158 54 voilà
2450 3534 90 72 jus-

498 3608 226 51 tement
747 3607 289 72 pourquoi
1059 3607 83 55 les
1839 3607 282 55 Histoires
2446 3608 132 55 Natu
1821 3616 137 50 sont
1980 3630 115 37 une
2121 3630 200 38 œuvre
2346 3631 226 38 accom-
