2799 4061
1034 340 259 35 MERCURE
1329 338 240 36 MUSICAL
1603 338 68 35 ET
1710 338 48 35 S.
1804 338 41 35 I.
1890 337 63 34 M.

489 342 94 50 252

490 491 345 63 prorogation,
865 492 54 43 et
951 487 49 62 je
1031 487 104 48 suis
1165 486 267 48 tellement
1462 486 338 48 malheureux
1831 484 130 49 dans
1989 483 74 48 les
2094 482 346 65 propositions
2471 497 99 47 que

487 558 203 62 j'émets
717 556 184 62 auprès
928 554 64 47 de
1018 568 132 35 vous
1175 568 103 47 que
1305 553 227 62 quoique
1558 553 50 62 je
1635 552 125 57 dise,
1789 551 35 49 il
1851 567 65 32 ne
1944 551 138 50 m'en
2109 549 216 49 advient
2351 563 102 48 que
2480 548 89 48 des

487 622 286 64 reproches.
797 622 143 47 Dans
961 625 150 44 notre
1131 625 249 44 entrevue
1401 620 32 47 à
1453 620 162 58 Paris,
1636 619 37 48 il
1693 619 83 48 fut
1798 618 241 63 question
2063 618 64 48 de
2148 617 123 57 cela,
2295 620 53 45 et
2370 617 50 62 je
2439 631 131 33 vous

488 693 79 47 dis
589 705 101 49 que
712 690 32 47 à
765 704 123 32 mon
911 689 128 57 avis,
1061 688 50 49 le
1132 689 173 48 Désert
1326 688 145 48 avait
1495 688 82 48 été
1602 703 141 33 assez
1766 686 226 63 exploité
2015 690 52 45 et
2091 686 168 49 même
2281 689 136 57 trop,
2442 683 128 62 qu'il

487 759 166 48 fallait
676 758 47 48 le
745 758 128 47 faire
896 761 189 44 mettre
1108 772 70 34 au
1199 772 286 33 commerce
1507 772 65 33 en
1593 756 194 49 faisant
1810 769 198 48 graver,
2034 754 134 48 alors
2190 768 132 33 vous
2344 766 66 33 ne
2431 751 139 48 fûtes

487 841 93 47 pas
609 825 63 48 de
700 840 122 32 mon
853 825 111 47 avis
992 829 53 43 et
1074 840 132 33 vous
1234 827 270 45 trouvâtes
1533 839 101 48 que
1662 824 185 63 j'avais
1875 826 109 45 tort
2014 822 64 49 de
2105 836 183 49 penser
2317 818 146 50 ainsi.
2495 817 75 48 Ici

486 892 51 61 je
567 890 232 49 consulte
830 891 174 48 David
1033 896 52 44 et
1116 892 35 47 il
1180 906 83 32 me
1293 891 79 48 dit
1403 891 127 62 qu'il
1560 891 133 48 tient
1725 905 68 34 au
1822 904 203 49 voyage
2055 888 64 49 de
2151 887 184 48 Russie
2365 890 54 43 et
2449 883 121 64 qu'à

486 973 152 33 cause
666 958 65 48 de
759 958 109 48 cela
893 959 37 47 il
958 959 114 47 fau-t
1102 973 256 49 proroger.
1391 958 79 48 De
1498 958 133 64 plus,
1659 958 37 48 il
1724 958 194 61 ajoute,
1949 962 52 43 et
2029 956 51 63 je
2106 956 106 48 suis
2241 954 65 49 de
2332 968 96 33 son
2458 951 112 49 avis

484 1039 102 49 que
609 1026 42 46 si
675 1041 67 33 on
765 1041 173 48 grave,
961 1027 76 47 les
1060 1026 277 64 partitions
1362 1027 290 48 arriveront
1677 1026 63 48 de
1763 1024 135 48 suite
1921 1041 63 31 en
2010 1023 316 62 Allemagne,
2351 1019 219 65 puisque

487 1094 50 46 M
542 1104 16 23 r
590 1093 184 48 Schott
810 1094 64 48 de
910 1095 248 63 Mayence
1191 1111 52 31 se
1277 1094 133 50 tient
1445 1095 115 63 prêt
1594 1095 32 47 à
1659 1093 217 65 publier,
1912 1098 53 43 et
2000 1107 101 48 que
2137 1090 172 49 David
2344 1088 226 49 arrivera

484 1160 134 48 alors
651 1160 129 50 dans
803 1161 90 49 des
925 1178 131 48 pays
1086 1165 69 46 où
1187 1177 66 33 on
1285 1163 154 48 serait
1472 1161 120 64 déjà
1622 1161 174 49 saturé
1828 1161 64 49 de
1923 1177 57 31 sa
2011 1160 237 61 musique
2280 1156 71 49 du
2384 1156 185 54 Désert,

483 1227 172 49 raison
685 1229 64 48 de
778 1229 115 62 plus
923 1244 130 48 pour
1083 1245 259 48 proroger.
1375 1231 73 47 Ici
1478 1245 129 33 vous
1638 1245 127 32 avez
1793 1229 97 48 fait
1921 1240 170 37 erreur
2121 1243 64 31 en
2214 1227 224 61 pensant
2469 1235 101 48 que

483 1293 50 63 je
562 1296 193 61 prêtais
783 1295 47 49 le
859 1297 170 63 projet
1060 1313 105 34 aux
1193 1297 248 49 Escudier
1472 1297 63 49 de
1564 1297 146 49 venir
1740 1311 63 33 en
1833 1296 300 61 Allemagne
2163 1292 252 64 exploiter
2444 1302 94 35 eux-

484 1363 209 57 mêmes,
714 1363 174 49 tandis
907 1380 102 46 que
1027 1366 42 47 si
1085 1380 131 33 vous
1236 1366 176 47 relisez
1445 1380 87 32 ma
1564 1363 154 50 lettre
1753 1379 132 33 vous
1917 1368 272 44 trouverez
2222 1363 119 45 tout
2367 1358 49 49 le
2449 1371 90 33 con-

484 1431 171 58 traire,
688 1431 104 61 J'ai
820 1432 77 48 dit
925 1433 154 61 qu'ils
1100 1448 36 47 y
1163 1433 383 62 expédieraient
1575 1433 64 47 de
1667 1432 133 48 suite
1827 1432 51 47 la
1906 1431 251 63 partition
2185 1443 57 33 ce
2269 1427 90 62 qui
2374 1424 168 50 revien-

484 1498 138 47 drait
644 1514 69 31 au
735 1499 167 48 même
925 1516 130 47 pour
1078 1516 101 47 que
1198 1500 217 49 l'œuvre
1437 1517 35 46 y
1494 1500 81 50 fût
1598 1499 245 50 exécutée
1866 1503 161 44 avant
2041 1495 238 50 l'arrivée
2295 1494 64 48 de
2375 1489 191 52 David.

486 1563 147 48 Donc
666 1569 80 45 cet
779 1567 179 47 article
990 1567 65 50 de
1088 1582 86 33 ma
1205 1568 153 47 lettre
1391 1583 54 33 se
1475 1568 202 49 résume
1709 1582 64 32 en
1807 1567 104 48 ceci
1935 1583 10 31 :
1979 1565 42 47 si
2069 1561 174 51 David
2293 1560 145 51 avait
2478 1556 92 49 fini

484 1633 308 62 d'exploiter
826 1634 354 65 l'Allemagne,
1220 1650 67 33 ou
1324 1636 119 47 bien
1481 1635 42 48 si
1560 1650 94 33 son
1692 1635 165 47 Moïse
1908 1634 130 48 était
2091 1629 235 58 terminé,
2365 1641 94 50 pas
2502 1624 65 49 de

486 1701 332 61 prorogation
841 1718 10 39 ;
886 1701 94 48 elle
1009 1718 66 31 ne
1105 1701 112 50 doit
1248 1704 146 47 avoir
1424 1702 102 49 lieu
1558 1718 101 47 que
1690 1718 94 47 par
1814 1702 52 47 la
1897 1699 230 49 nécessité
2158 1699 65 48 de
2255 1711 57 35 sa
2342 1692 228 66 position

486 1771 51 43 et
567 1782 152 46 parce
749 1768 127 63 qu'il
905 1775 126 56 peut
1061 1786 36 47 y
1125 1771 144 47 avoir
1299 1771 187 47 intérêt
1518 1771 29 47 à
1577 1771 124 47 aller
1732 1785 62 32 en
1826 1768 184 49 Russie
2039 1767 253 62 exploiter
2320 1763 48 47 le

484 1833 180 48 inédit.
700 1834 97 49 Sur
830 1851 123 33 mon
986 1837 234 47 honneur
1253 1854 129 31 vous
1417 1852 64 33 ne
1517 1842 269 43 trouverez
1820 1852 93 47 pas
1947 1840 149 43 autre
2132 1834 151 47 chose
2316 1829 132 50 dans
2482 1841 88 35 ma

486 1901 305 60 précédente
817 1902 169 58 lettre,
1018 1909 52 42 et
1100 1904 51 63 je
1178 1920 65 33 ne
1258 1906 112 48 vois
1399 1904 294 49 réellement
1724 1920 94 48 pas
1846 1920 66 31 en
1940 1903 123 62 quoi
2095 1906 136 43 cette
2260 1898 212 63 opinion
2492 1897 78 45 est

484 1968 276 49 blamable.
799 1970 199 61 J'avais
1034 1973 167 47 même
1236 1973 178 62 ajouté
1451 1988 100 47 que
1587 1974 40 46 si
1666 1988 66 32 on
1768 1973 129 47 était
1935 1970 166 63 obligé
2138 1968 65 49 de
2238 1978 259 52 proroger,
2534 1960 36 48 il

484 2035 168 48 fallait
686 2036 49 49 le
769 2038 128 48 faire
933 2054 124 33 avec
1091 2040 296 64 l'avantage
1423 2055 131 47 pour
1591 2040 172 48 David
1799 2039 201 48 d'avoir
2035 2038 230 48 d'autres
2299 2048 131 49 pays
2467 2044 100 48 que

483 2101 352 65 l'Allemagne,
860 2120 129 47 pour
1013 2123 52 32 se
1089 2111 293 59 rattrapper
1398 2123 68 33 au
1489 2109 177 47 besoin
1688 2108 65 48 de
1777 2123 56 32 ce
1848 2122 101 48 que
1970 2106 106 47 l'on
2099 2120 64 32 ne
2188 2116 161 50 gagne
2373 2114 94 49 pas
2490 2096 80 48 ici.

486 2170 137 48 Tout
647 2172 104 47 ceci
774 2172 130 47 était
929 2174 173 62 plutôt
1126 2175 30 47 à
1178 2175 297 62 l'avantage
1500 2175 64 48 de
1589 2175 172 48 David
1785 2190 102 47 que
1911 2177 176 45 contre
2110 2172 90 47 lui.
2227 2170 96 47 Car
2349 2182 65 33 en
2438 2165 102 49 défi-

484 2236 164 49 nitive
667 2252 87 33 ma
773 2240 184 61 pensée
977 2246 76 42 est
1072 2241 51 47 la
1142 2242 167 48 même
1328 2256 101 48 que
1447 2242 47 47 le
1513 2242 217 62 premier
1749 2242 116 62 jour
1885 2243 68 46 où
1972 2241 49 62 je
2041 2240 105 48 suis
2165 2238 96 47 allé
2281 2236 124 48 chez
2421 2245 148 37 vous.

486 2302 52 48 Si
566 2318 67 33 on
662 2320 32 33 a
721 2306 47 48 le
796 2307 219 61 pouvoir
1046 2307 63 49 de
1798 2309 156 60 forcer
1319 2308 73 48 les
1423 2309 248 49 Escudier
1699 2311 31 45 à
1758 2325 198 47 graver,
1988 2308 34 47 il
2053 2307 115 47 faut
2198 2306 47 47 le
2273 2303 143 48 faire.
2449 2299 120 49 Eux

484 2370 134 49 seuls
643 2387 37 48 y
705 2374 246 61 perdront
976 2374 51 49 la
1052 2376 177 48 moitié
1254 2377 64 48 de
1343 2392 56 33 ce
1426 2378 152 61 qu'ils
1605 2378 236 47 auraient
1869 2376 164 64 gagné
2059 2391 65 32 en
2151 2372 200 49 Russie.
2379 2364 190 67 Quand

484 2439 32 46 à
539 2439 188 58 David,
750 2442 33 45 il
803 2442 92 62 n'y
915 2443 185 61 perdra
1119 2444 124 56 rien,
1267 2459 85 32 car
1372 2444 36 48 il
1428 2459 189 47 pourra
1638 2461 35 47 y
1695 2444 122 48 aller
1838 2444 253 62 exploiter
2109 2443 48 47 le
2179 2440 167 49 Moïse
2367 2435 165 50 inédit
2556 2448 11 41 ;

484 2506 129 47 ainsi
637 2522 100 48 que
760 2509 230 48 d'autres
1013 2511 368 61 compositions
1404 2516 52 44 et
1481 2527 66 33 au
1569 2513 179 48 besoin
1768 2513 49 47 le
2034 2510 90 62 qui
2144 2510 121 47 bien
2288 2520 101 49 que
2412 2500 157 66 gravé

484 2572 134 49 alors
641 2575 120 47 n'en
785 2591 113 33 sera
919 2593 95 48 pas
1038 2577 165 49 moins
1226 2594 73 32 un
1323 2580 289 48 corrollaire
1636 2579 237 64 agréable
1897 2593 130 49 pour
2048 2579 73 47 les
2146 2577 249 49 concerts.
2419 2567 151 51 Voilà

484 2655 122 34 mon
627 2640 227 64 opinion,
878 2636 95 56 elle
992 2645 87 47 n'a
1100 2660 101 47 que
1220 2646 52 47 la
1291 2646 179 48 valeur
1490 2647 64 49 de
1575 2647 110 49 cela
1707 2664 11 40 ;
1740 2661 88 35 car
1847 2663 132 33 vous
2001 2646 170 48 auriez
2193 2647 108 45 tort
2322 2641 65 49 de
2407 2636 163 51 croire

484 2722 102 47 que
615 2708 51 64 je
699 2725 138 34 veux
868 2726 130 33 vous
1029 2712 221 64 imposer
1281 2729 108 33 mes
1419 2715 154 58 idées,
1606 2716 49 61 je
1687 2716 102 47 sais
1818 2716 324 47 reconnaître
2172 2711 240 62 toujours
2440 2706 104 47 l'au-

484 2776 159 47 torité
675 2791 102 47 que
808 2792 131 33 vous
971 2778 171 50 donne
1173 2784 150 44 votre
1354 2782 301 62 expérience
1687 2782 92 49 des
1809 2782 236 47 hommes
2078 2784 52 44 et
2163 2777 91 51 des
2287 2777 194 52 choses,
2516 2773 53 44 et

483 2843 36 47 il
544 2858 130 34 vous
698 2849 77 43 est
801 2847 237 61 toujours
1062 2848 200 48 réservé
1286 2848 65 48 de
1373 2849 219 62 pouvoir
1613 2849 74 48 les
1710 2850 188 63 rejeter
1921 2864 68 33 ou
2011 2849 72 48 les
2109 2858 293 53 approuver
2425 2838 144 51 selon

484 2924 102 47 que
610 2925 131 33 vous
765 2911 72 49 les
862 2913 151 63 jugez
1037 2914 197 48 bonnes
1258 2931 70 33 ou
1352 2917 307 48 mauvaises.

585 2977 141 49 Vous
754 2980 207 48 insistez
985 2980 133 50 dans
1146 2986 149 44 votre
1321 2983 154 48 lettre
1503 2989 52 42 et
1584 2985 156 48 d'une
1768 2985 226 47 manière
2021 2984 121 48 bien
2170 2981 241 50 fâcheuse
2438 2984 131 53 pour

484 3045 106 48 moi
620 3061 87 32 sur
736 3063 122 34 mon
886 3049 288 62 incapacité
1203 3049 333 58 industrielle,
1569 3052 174 49 tandis
1772 3052 127 63 qu'il
1927 3066 131 33 vous
2087 3049 156 49 serait
2271 3047 121 47 bien
2419 3038 150 53 facile

484 3110 202 52 d'avoir
712 3113 52 49 la
792 3131 192 46 preuve
1013 3116 71 48 du
1113 3117 269 57 contraire,
1413 3118 43 47 si
1483 3134 130 34 vous
1640 3120 202 48 vouliez
1870 3135 131 33 vous
2030 3120 196 48 donner
2252 3116 55 48 la
2334 3108 235 54 moindre

484 3181 150 61 peine
666 3182 32 47 à
730 3198 55 32 ce
817 3185 153 62 sujet.
1005 3186 81 47 En
1118 3185 122 48 effet
1273 3201 67 32 au
1371 3186 101 48 lieu
1504 3187 64 48 de
1599 3204 83 31 me
1713 3188 146 64 juger
1890 3205 87 32 sur
2007 3187 160 50 l'effet
2217 3200 100 47 que
2363 3178 90 66 j'ai
2496 3190 74 49 pu

484 3248 242 61 produire
747 3266 87 33 sur
857 3267 146 42 vous,
1025 3252 36 48 il
1083 3253 155 48 serait
1259 3253 120 48 bien
1401 3254 115 63 plus
1539 3254 180 64 simple
1742 3257 63 47 de
1828 3256 260 48 consulter
2107 3256 74 47 les
2203 3253 170 48 divers
2393 3245 147 51 indus-

484 3314 143 50 triels
647 3317 127 48 dont
792 3318 92 62 j'ai
902 3319 162 62 dirigé
1080 3319 72 48 les
1173 3319 218 50 affaires.
1428 3320 368 51 Donnez-vous
1813 3323 52 48 la
1883 3324 150 62 peine
2052 3320 212 50 d'écrire
2283 3317 119 49 àM.
2421 3310 117 50 Bois-

484 3383 146 59 selot,
665 3384 203 49 facteur
898 3386 64 49 de
978 3388 182 62 pianos
1191 3388 31 47 à
1254 3388 249 49 Marseille
1535 3395 51 42 et
1617 3392 31 45 à
1681 3392 67 47 M.
1784 3392 177 62 Pépin,
1994 3392 201 48 éditeur
2226 3388 64 48 de
2318 3386 52 47 la
2401 3381 168 49 même

484 3449 121 49 ville
627 3456 50 43 et
698 3452 51 47 là
769 3468 131 33 vous
921 3470 215 47 pourrez
1156 3455 172 48 savoir
1348 3463 262 43 comment
1631 3458 90 62 j'ai
1742 3460 152 61 opéré
1916 3474 129 47 pour
2068 3474 99 32 eux
2190 3460 51 43 et
2257 3454 145 65 quels
2414 3444 130 53 résul-

484 3520 110 46 tats
628 3517 90 64 j'ai
755 3520 222 49 obtenus
1014 3522 128 47 dans
1177 3522 48 47 le
1260 3538 285 34 commerce
1580 3525 92 62 qui
1707 3530 78 43 est
1822 3526 131 48 celui
1988 3526 90 62 qui
2115 3524 160 49 s'allie
2309 3521 49 47 le
2392 3516 177 48 mieux

484 3582 105 50 àla
608 3587 252 62 musique.
884 3588 45 47 Il
951 3605 35 47 y
1006 3605 31 32 a
1057 3590 32 47 à
1109 3590 102 48 Aix
1252 3590 116 63 cinq
1390 3590 137 49 mille
1549 3595 156 56 âmes,
1728 3593 198 49 écrivez
1947 3609 67 33 au
2034 3591 194 49 hazard
2248 3605 68 33 au
2350 3582 217 67 premier

484 3665 154 44 venu,
677 3653 129 50 haut
845 3670 67 33 ou
948 3657 94 48 bas
1078 3657 161 62 placé,
1277 3673 88 32 car
1401 3662 118 46 tous
1556 3676 83 33 me
1676 3662 344 57 connaissent,
2062 3666 51 43 et
2151 3656 284 52 demandez
2458 3652 109 47 leur
