2799 4061
357 1359 935 135 CHRONIQUE
1411 1344 736 150 TCHÈQUE

220 1701 74 55 M.
335 1700 236 71 JOSEF
599 1700 158 56 SUK
785 1700 102 54 ET
923 1699 90 56 SA
1051 1698 470 57 SYMPHONIE
1568 1697 423 74 “ASRAEL”.

294 1834 75 54 Ce
399 1834 148 54 mois
578 1833 71 53 de
674 1832 208 54 février
909 1846 139 56 1907
1074 1848 307 54 marquera
1406 1831 144 53 dans
1575 1831 80 53 les
1679 1829 235 55 annales
1937 1829 71 54 de
2024 1829 55 54 la
2095 1829 141 54 musi-

221 1931 112 52 que
350 1913 249 69 tchèque
629 1928 106 54 par
748 1911 80 53 les
845 1909 307 71 premières
1169 1908 294 55 auditions
1486 1927 116 36 aux
1632 1913 261 48 concerts
1923 1908 79 53 du
2024 1907 248 53 Théâtre

221 1991 280 54 National
516 1992 71 52 de
601 1991 59 52 la
676 1989 59 54 II
737 2001 20 24 e
775 1988 343 71 symphonie
1135 1988 69 53 de
1221 1989 76 51 M.
1316 1987 164 70 Josef
1494 1988 137 55 Suk.
1645 1987 125 53 Elle
1786 1992 86 48 est
1889 2003 71 37 en
1975 1992 61 47 ut
2050 1985 225 54 mineur

223 2076 59 48 et
315 2074 168 66 porte
505 2071 34 52 à
571 2069 128 54 côté
717 2069 71 54 de
815 2085 104 36 son
934 2068 240 53 numéro
1190 2072 154 48 cette
1359 2066 319 54 indication
1696 2071 162 48 entre
1874 2064 372 71 parenthèses
2259 2083 11 35 :

232 2149 204 55 Asrael
468 2167 100 52 op.
621 2162 91 55 27.
755 2148 152 53 C'est
948 2165 114 35 une
1116 2163 201 36 œuvre
1361 2146 174 54 d'une
1587 2144 303 71 puissance
1937 2146 335 52 étonnante.

224 2228 196 55 L'avis
456 2228 72 53 de
564 2227 56 52 la
657 2226 244 69 critique
939 2231 88 47 est
1062 2224 292 55 unanime.
1395 2226 235 53 Comme
1665 2224 52 54 le
1756 2226 203 67 poème
2002 2220 234 73 sympho-

224 2307 175 70 nique
449 2307 249 68 tchèque
747 2322 35 36 a
831 2303 248 55 culminé
1128 2304 248 69 naguère
1425 2320 141 36 avec
1615 2303 52 53 le
1956 2300 79 55 du
2091 2300 189 54 même

227 2387 76 52 M.
337 2386 140 67 Suk,
508 2384 56 54 la
596 2382 344 72 symphonie
968 2383 250 69 tchèque
1251 2382 214 53 atteint
1498 2383 99 53 des
1627 2382 278 53 hauteurs
1944 2377 334 72 auxquelles

228 2464 104 54 elle
369 2463 223 55 n'avait
629 2462 208 71 jamais
873 2462 287 70 prétendu
1198 2477 140 37 avec
1375 2466 91 47 cet
1503 2459 206 54 Asrael
1744 2460 145 54 dont
1926 2463 150 62 tout,
2102 2457 145 70 inspi-

229 2543 208 69 ration,
494 2540 360 73 proportion,
911 2539 420 54 orchestration
1389 2539 238 70 dépasse
1683 2534 593 74 incomparablement

229 2640 64 36 ce
336 2623 34 52 à
412 2620 138 72 quoi
594 2622 80 52 les
717 2620 236 53 maîtres
997 2619 72 54 de
1110 2618 58 53 la
1209 2618 336 70 génération
1587 2618 363 70 précédente,
1979 2615 296 66 Smetana,

229 2702 258 66 Dvorak,
539 2699 204 54 Fibich
792 2714 146 37 nous
989 2697 234 53 avaient
1274 2698 389 52 accoutumés.
1714 2695 167 55 Cette
1931 2692 343 72 symphonie

229 2779 239 55 funèbre
492 2796 58 37 se
573 2778 163 70 place
759 2775 500 55 immédiatement
1283 2777 206 68 auprès
1513 2775 99 54 des
1635 2774 244 71 grandes
1902 2770 372 73 symphonies

230 2859 70 54 de
341 2858 220 55 Mahler
600 2862 60 48 et
699 2857 71 53 de
812 2855 257 54 Richard
1107 2855 250 68 Strauss,
1400 2854 334 70 auxquelles
1773 2852 105 54 elle
1917 2868 72 37 ne
2030 2849 123 55 doit
2194 2848 80 54 du

230 2944 149 47 reste
403 2935 140 55 rien.
571 2937 77 53 M.
677 2935 121 55 Suk
823 2939 88 49 est
935 2933 155 55 l'une
1117 2933 100 53 des
1241 2933 131 70 plus
1399 2932 313 71 complètes
1738 2937 58 48 et
1823 2930 99 54 des
1947 2928 130 71 plus
2101 2943 173 55 pures

230 3014 435 57 individualités
741 3014 71 54 de
862 3018 166 48 notre
1079 3018 209 64 temps.
1349 3013 116 52 Dès
1522 3029 90 36 ses
1668 3009 307 71 premières
2026 3022 249 51 œuvres,

230 3097 56 53 la
317 3095 268 70 musique
618 3094 71 54 de
722 3094 165 52 scène
919 3108 148 54 pour
1982 3090 197 54 Raduz
1759 3089 41 52 il
1831 3106 60 35 se
1925 3084 353 57 démontrait

230 3175 295 54 lui-même
554 3189 134 37 sans
717 3170 221 72 alliage.
975 3169 50 53 Il
1053 3169 92 55 fut
1174 3169 51 55 le
1254 3168 269 56 beau-fils
1554 3168 71 56 de
1653 3167 259 67 Dvorak,
1942 3165 140 54 c'est
2110 3162 126 54 vrai
2262 3183 16 47 ;

232 3254 146 54 mais
408 3252 42 53 il
481 3252 135 53 n'en
649 3255 88 49 est
769 3267 105 52 pas
907 3249 52 52 le
991 3248 427 54 continuateur.
1456 3248 51 53 H
1540 3245 233 55 marche
1806 3245 35 52 à
1871 3248 134 65 part
2039 3242 71 54 de
2143 3245 133 50 tout

233 3349 63 37 ce
332 3332 100 71 qui
469 3349 34 36 a
539 3332 93 53 été
668 3329 110 53 fait
813 3327 271 71 jusqu'ici
1119 3344 71 37 en
1227 3327 259 54 Bohème
1513 3347 11 33 :
1563 3327 142 53 c'est
1740 3324 52 53 le
1829 3323 206 53 Maître
2071 3320 205 68 entier,

233 3409 272 73 complet,
557 3407 252 57 définitif
856 3423 113 53 que
1018 3405 57 54 la
1123 3405 203 55 nation
1378 3405 248 70 tchèque
1674 3400 214 56 n'osait
1935 3400 191 54 même
2165 3414 115 55 pas

233 3492 225 68 espérer
503 3488 168 70 après
718 3487 57 53 la
820 3484 231 71 pénible
1096 3482 152 55 lutte
1295 3485 71 54 de
1414 3484 277 55 Smetana
1723 3497 148 53 pour
1908 3479 57 53 la
2015 3476 265 72 musique

233 3568 295 56 nationale
559 3572 59 48 et
648 3565 55 54 le
735 3563 290 71 triomphe
1057 3563 71 54 de
1160 3563 234 67 celle-ci,
1427 3564 169 70 grâce
1626 3560 37 54 à
1691 3558 240 56 Dvorak
1963 3562 61 49 et
2054 3554 226 71 Frbich,
