3566 4379
1798 121 92 55 402

667 270 90 54 [Arie.)
758 267 44 42 Ihr
806 270 155 50 grünen
991 265 119 47 Au'n,
1140 265 52 39 du
1221 259 151 55 •würzig
1401 258 115 48 Thal,

709 329 109 41 Vom
848 328 242 53 Silberquell
1119 322 299 48 durchrauscht,

705 393 79 42 wie
813 393 97 40 habt
936 392 64 40 ihr
1028 390 104 41 mich
1164 388 81 40 und
1273 385 132 42 meine
1436 384 104 51 Qual

708 470 44 28 so
782 456 66 49 oft,
875 469 45 28 so
949 455 55 39 oft
1030 449 225 43 belauscht!

707 522 88 40 Den
825 517 172 42 wunden
1028 513 154 41 Eichen
1211 512 40 41 in
1281 512 91 40 dem
1401 510 108 42 Ilain

707 583 101 54 grub
836 581 62 40 ich
929 579 70 40 der
1027 577 186 41 Liebsten
1244 574 153 40 Namen
1428 573 77 41 ein.

246 653 210 40 ZweiterR.
468 649 122 55 [Ree.)
602 649 119 40 Kann
750 658 42 28 es
817 642 215 54 geschehn,
1061 640 90 40 dass
1179 639 113 41 Alter
1321 637 83 42 sich
1434 649 43 28 so
1505 635 179 54 vergisst,

601 726 69 27 um
699 709 103 41 noch
831 719 48 27 zu
909 705 163 41 tändeln
1102 701 102 42 nach
1235 701 71 41 der
1336 700 168 41 Weiber
1532 699 163 42 Gunst?

601 776 100 38 War
731 784 39 28 es
798 783 70 28 um
897 767 97 46 dies,
1022 767 88 39 dass
1141 776 91 30 man
1262 764 105 42 mich
1397 764 152 40 ehrend
1578 762 122 52 pries,

601 837 70 42 auf
695 835 128 42 Recht
850 831 252 46 vertrauend,
1129 842 65 27 wo
1223 827 108 42 mein
1359 827 113 41 Nam'
1502 826 193 52 erklang?

597 901 93 40 Nun
721 898 100 40 wird
850 896 76 40 mir
954 896 109 39 Ehre
1093 893 114 40 ihren
1236 891 114 42 Preis
1378 889 197 49 entziehn,

601 963 84 41 und
714 958 200 43 Schmach
944 955 174 42 umhüllt
1146 954 65 39 die
1240 953 204 52 künft'gen
1470 952 108 50 Tage
1606 949 87 42 mir.

294 1034 131 38 Erster
604 1029 63 38 Richter.
668 1025 82 41 Heil
751 1023 50 48 dir,
830 1021 108 41 mein
966 1019 177 42 Bruder!
1174 1016 126 41 Deine
1328 1013 238 43 Faltenstirn

599 1091 162 51 erwägt,
790 1100 45 28 so
864 1085 155 42 scheint
1046 1095 54 34 es,
1129 1082 117 40 einen
1274 1079 207 40 schweren
1508 1076 98 46 Fall,

602 1154 72 40 der
703 1154 72 39 der
802 1147 302 48 Entscheidung
1126 1143 136 40 deines
1291 1140 199 52 Spruches
1519 1138 120 40 harrt.

229 1225 154 38 Zweiter
404 1221 168 38 Richter.
600 1217 81 41 Ein
709 1214 159 42 rasches
900 1209 152 44 Urtheil
1080 1207 93 53 geht
1201 1204 110 40 nicht
1339 1203 126 39 selten
1493 1201 91 40 fehl.

253 1288 132 36 Erster
414 1283 166 38 Richter.
609 1279 53 41 So
689 1289 93 41 sage
808 1274 89 46 mir,
924 1283 152 28 warum
1105 1281 45 27 so
1179 1270 107 37 ernst
1315 1265 55 40 du
1397 1264 162 47 standst,

599 1343 71 40 mit
699 1341 164 40 finstern
891 1335 146 42 Brau'n
1066 1333 81 40 und
1178 1330 72 41 mit
1278 1328 255 53 gekreuztem
1563 1326 114 41 Arm.

230 1414 154 38 Zweiter
402 1410 165 39 Richter.
600 1404 104 47 Wie,
733 1413 120 29 wenn
879 1399 64 40 ich
972 1395 150 42 liebte?
1155 1394 147 39 Weisst
1330 1391 52 39 du
1413 1391 180 51 dagegen
1621 1387 136 42 Rath?

254 1476 131 37 Erster
408 1472 166 37 Richter.
605 1466 121 41 Nicht
751 1463 79 47 ich,
858 1462 40 41 in
930 1456 226 44 Wahrheit.
1183 1455 167 40 Rathlos
1377 1452 70 41 bin
1476 1451 65 40 ich
1570 1451 135 39 selbst.

595 1528 209 48 Fürwahr,
832 1527 71 39 der
934 1523 131 42 Strahl
1094 1533 71 28 aus
1193 1519 123 41 schön
1344 1514 215 42 Susanna's
1587 1514 104 51 Aug'

596 1595 95 41 irret
719 1593 79 41 den
827 1588 168 42 Weisen
1023 1585 84 41 und
1137 1588 180 37 entnervt
1345 1580 78 40 den
1451 1576 175 42 Helden.

596 1658 70 39 Ihr
693 1655 141 41 holdes
862 1650 176 43 Bildniss
1065 1648 113 40 füllet
1204 1656 101 42 ganz
1333 1641 109 42 mein
1470 1640 120 41 Herz.

590 1711 56 39 Ist
674 1721 41 29 es
743 1709 65 40 ihr
835 1705 112 48 Reiz,
975 1703 72 40 der
1074 1700 119 40 dich
1222 1697 103 41 auch
1357 1707 44 28 so
1430 1693 190 52 bewegt?

234 1781 154 38 Zweiter
583 1777 56 39 Richter.
640 1773 72 47 Ja,
713 1772 58 41 ihre
801 1764 229 49 Schönheit,
1058 1762 79 40 wie
1166 1761 65 40 ein
1260 1755 306 55 Zauberspruch

594 1838 66 39 hat
686 1833 108 42 mich
826 1829 185 42 verzückt
1038 1827 84 40 und
1150 1824 114 42 reisst
1292 1822 108 41 mich
1428 1832 100 42 ganz
1557 1818 135 40 dahin.

591 1899 151 46 Wahn,
773 1894 158 42 blinder
962 1890 134 41 Wahn
1126 1886 169 42 berückt
1325 1885 79 42 mir
1430 1884 163 40 meinen
1622 1881 125 48 Geist,

592 1960 84 42 und
707 1957 132 42 meine
867 1956 122 40 Brust
1016 1950 258 43 durchlodert
1300 1947 130 41 heisse
1461 1945 137 40 Gluth.

432 2026 135 55 (iirie.)
707 2022 75 41 Die
808 2020 140 47 Eiche,
977 2016 66 40 die
1071 2015 65 40 ein
1165 2009 268 44 Jahrtausend
1461 2008 116 41 stand

701 2084 41 41 in
778 2082 138 39 wilder
945 2079 159 40 Stürme
1136 2074 140 47 Wuth,

699 2148 57 41 sie
783 2145 139 41 scheut
950 2138 129 56 gleich
1108 2139 76 39 mir
1213 2136 70 41 des
1312 2134 145 42 Blitzes
1485 2131 137 42 Brand

698 2210 85 42 und
811 2208 152 40 flammi
990 2204 42 40 in
1056 2201 117 52 jäher
1202 2199 137 40 Gluth.

699 2272 128 42 Fluch
850 2269 57 41 sei
926 2269 94 39 dem
1036 2266 86 51 Tag
1140 2262 83 41 und
1240 2261 126 41 Fluch
1381 2260 74 39 der
1470 2257 152 42 Stunde
1637 2256 158 52 Schlag,

698 2337 66 40 die
790 2333 108 41 mich
928 2327 190 57 gebracht
1146 2326 41 39 in
1216 2324 110 41 eines
1357 2322 167 41 Weibes
1551 2319 149 42 Macht.

220 2410 233 41 Ersf.RtcAt.
465 2403 122 57 (Ree.)
600 2399 277 50 Beschwingte
905 2394 104 46 Luft,
1037 2404 35 35 o,
1100 2389 102 52 klag'
1232 2388 64 39 ihr
1316 2385 161 41 meinen
1505 2383 206 41 Schmerz!

592 2462 207 44 Verkünd'
827 2460 65 40 ihr
919 2454 183 44 treulich,
1135 2451 76 42 wie
1239 2450 64 41 ich
1333 2446 228 44 schmachte
1589 2445 99 47 hier,

595 2526 103 44 doch
726 2525 114 51 lisple
868 2519 110 48 leise,
1005 2528 119 29 wenn
1152 2515 56 39 du
1235 2512 108 41 mich
1373 2511 63 41 ihr
1462 2515 156 42 nennst,

590 2603 80 29 von
698 2586 153 42 meiner
878 2582 136 45 Liebe,
1051 2577 110 41 nicht
1189 2587 79 28 von
1295 2573 155 41 meiner
1477 2570 211 43 Schmach.

223 2666 153 38 Zweiter
399 2661 167 38 Richter.
597 2653 110 46 Sich,
735 2651 101 44 dort,
864 2657 64 29 wo
954 2656 69 28 um
1053 2642 65 39 die
1147 2638 268 52 Zitterpappel
1443 2636 116 40 rankt

595 2717 71 39 der
694 2711 218 44 schlanken
940 2707 115 40 Rebe
1084 2702 108 40 dicht
1218 2698 239 42 umhüllend
1484 2698 124 47 Laub,

591 2777 173 58 gewahr'
793 2774 65 42 ich
886 2773 77 40 sie!
991 2771 97 40 Lass
1117 2780 76 30 uns
1220 2765 42 40 in
1290 2764 90 41 Eile
1408 2761 71 41 hin

595 2841 95 47 und,
719 2839 107 40 wohl
853 2834 195 43 versteckt
1076 2843 71 29 vor
1171 2830 136 53 jedem
1336 2825 257 53 Späheraug',

596 2920 51 28 an
675 2905 128 40 ihrem
832 2897 188 46 Anblick,
1047 2896 131 39 ihrem
1206 2891 97 43 Reiz
1331 2901 78 29 uns
1437 2890 138 39 freu'n.

597 2967 218 43 Vielleicht
841 2963 102 41 wird
972 2972 74 29 uns
1075 2958 66 41 ein
1169 2954 160 55 günstig
1359 2952 131 42 Glück
1518 2963 50 28 zu
1596 2948 135 44 Theil!

229 3039 227 42 Erst.Rieht.
470 3034 131 56 [Arie.)
709 3032 137 38 Wenn
874 3025 66 41 die
968 3020 422 49 Schlacht-Trompete
1417 3014 138 52 klingt,

704 3093 100 42 wird
832 3092 73 40 der
931 3088 173 51 Krieger
1131 3080 202 43 zaudernd
1361 3079 146 40 stehn?

705 3159 139 39 Wenn
872 3155 62 39 dir
962 3152 65 41 die
1055 3150 141 42 Sirene
1222 3146 118 52 singt,

709 3221 111 39 wirst
846 3219 93 39 dem
967 3216 108 51 Sang
1103 3213 54 40 du
1185 3206 273 43 widerstehn?

709 3283 123 43 Stand
859 3281 85 42 und
972 3279 114 40 Alter
1116 3278 128 37 warnt
1269 3273 183 38 umsonst

709 3348 71 41 mit
808 3347 93 39 dem
929 3339 228 45 Schrecken
1187 3334 106 42 mich
1324 3333 71 39 der
1424 3332 113 45 Reu,

714 3422 78 28 von
820 3409 91 39 dem
939 3403 190 53 Wagniss
1157 3395 219 46 abzustehn
1406 3415 50 8 —

713 3474 126 40 Liebe
864 3470 127 41 wehrt
1018 3466 77 42 mir
1123 3462 150 42 Furcht
1298 3460 85 39 und
1411 3456 144 42 Scheu.

660 3544 76 38 Chor.
737 3537 68 42 Gott
806 3536 49 38 der
882 3532 108 41 Herr
1014 3530 126 39 kennt
1166 3526 88 39 ihre
1282 3522 84 42 List

602 3602 86 42 und
715 3597 181 57 gewährt
924 3593 63 41 ihr
1011 3592 121 39 kurze
1160 3587 117 42 Frist.

608 3668 114 41 Aber
748 3664 108 40 dann
886 3659 42 40 in
955 3654 200 45 Blitzeseil

608 3729 109 52 fliegt
743 3725 126 42 herab
898 3721 88 42 sein
1014 3714 316 53 Flammenpfeil.

609 3793 106 40 Weh
745 3791 72 40 der
845 3784 171 45 Schuld!
1046 3782 108 40 denn
1179 3779 57 40 sie
1263 3776 160 47 erfährt,

606 3856 78 41 wie
712 3855 71 40 der
807 3854 105 39 Zorn
940 3848 71 40 des
1039 3845 137 42 Herrn
1203 3838 179 42 zerstört!

792 4019 250 35 Zweiter
1070 4010 189 40 Theil.

244 4124 190 37 Susanna.
447 4119 124 52 (Recit
572 4117 24 53 .)
614 4114 161 46 Komm,
803 4109 92 42 leite
922 4108 91 40 dort
1038 4105 108 41 mich
1174 4117 49 27 zu
1251 4101 73 41 der
1352 4099 151 40 kühlen
1533 4097 19 39 1
1565 4096 67 46 lut,

614 4177 108 41 denn
747 4172 65 44 ich
841 4169 297 45 verschmachte
1166 4167 43 41 in
1237 4165 130 42 dieser
1395 4157 289 56 Sonnengluth.

2335 253 94 56 (Arie.)
2430 254 91 41 Klarer
2551 254 161 42 Wellen
2740 254 227 42 murmelnd
2998 253 170 48 Gleiten,

2374 319 108 45 leise,
2511 319 108 40 linde
2647 319 114 38 Lüfte
2791 318 154 41 breiten

2373 381 108 52 rings
2513 381 76 40 den
2619 380 95 43 Duft
2744 381 70 39 der
2843 382 136 43 Rosen
3009 394 83 27 aus.

2374 446 46 39 In
2450 446 70 39 der
2549 444 143 40 Pinien
2721 444 138 40 Krone
2888 446 185 38 säuselnd

2373 510 83 40 und
2485 509 68 39 des
2584 508 152 39 Baches
2769 507 158 40 Wellen
2958 507 225 47 kräuselnd,

2374 573 147 40 kühlen
2553 571 54 40 sie
2637 570 68 39 des
2736 569 127 52 Tages
2895 568 135 40 Gluth.

2083 646 151 52 (Recit.)
2314 646 101 47 Ach,
2446 644 140 40 holder
2612 642 173 46 Freund,
2815 654 67 27 um
2913 641 76 39 den
3021 640 104 40 mich
3156 641 125 52 Sorge
3310 643 121 51 quält,

2266 721 118 26 wann
2413 707 110 40 wirst
2553 707 51 38 du
2635 705 199 45 kommen,
2863 703 155 39 meiner
3046 702 226 41 Sehnsucht
3301 705 140 40 Trost!

2043 771 191 38 Dienerin.
2266 771 99 40 Bald
2393 771 116 39 kehrt
2539 769 91 40 dein
2659 769 118 46 Herr,
2806 766 91 41 dein
2927 765 194 46 Joachim,
3150 766 161 40 zurück.

2267 833 95 39 Steh
2392 834 61 45 ab,
2483 846 48 25 zu
2561 832 141 52 klagen
2733 832 51 40 ob
2814 843 43 27 so
2887 830 161 39 kurzem
3078 828 97 40 Leid
3193 830 8 37 !

2052 898 180 36 Susanna
2235 926 9 10 .
2272 895 90 39 Ach
2394 895 110 40 weh!
2535 908 81 26 wer
2642 896 39 50 je
2711 894 151 52 gefühlt
2890 895 69 38 das
2989 893 101 42 stille
3118 893 127 47 Fear,

2267 959 65 39 die
2362 961 110 36 süsse
2502 957 124 51 Sorge
2655 957 112 40 einer
2796 963 139 35 treuen
2964 957 137 49 Liebe,

2263 1021 127 45 weiss,
2420 1020 91 40 dass
2541 1020 64 39 die
2636 1020 150 39 Stunde
2817 1021 83 39 sich
2931 1021 123 39 dehnt
3081 1020 42 41 in
3153 1020 107 52 Tage
3290 1031 81 33 aus,

2265 1096 119 27 wenn
2413 1084 72 38 der
2513 1082 196 40 Ersehnte
2739 1082 110 40 ferne
2878 1095 77 27 von
2984 1095 75 28 uns
3088 1083 118 40 weilt.

2265 1147 114 41 Doch
2409 1147 48 39 ist
2486 1146 70 40 der
2584 1145 185 52 Liebling
2798 1157 140 28 unsres
2969 1145 181 41 Herzens
3179 1146 92 47 nah,

2263 1211 120 47 dann,
2412 1209 236 52 adlergleich
2678 1208 260 52 beschwingt,
2975 1208 177 52 entfliegt
3181 1209 67 39 das
3278 1208 110 41 Jahr.

2266 1274 126 47 Doch,
2423 1274 52 39 du
2505 1273 77 41 bist
2605 1273 89 51 gut!
2723 1272 186 51 gewähre
2937 1270 78 41 mir
3043 1270 78 40 den
3151 1271 197 47 Wunsch,

2265 1349 118 27 wenn
2412 1336 137 40 mich's
2579 1347 46 28 zu
2656 1336 124 39 hören
2810 1334 115 40 sehnt
2954 1334 68 39 das
3051 1332 106 41 liebe
3186 1333 112 46 Lied,

2267 1399 72 40 das
2365 1399 77 40 mir
2471 1400 70 39 der
2570 1399 160 40 Theure
2760 1410 109 40 sang,
2898 1397 123 40 bevor
3049 1409 43 28 er
3120 1396 120 47 mich,

2268 1462 64 40 die
2359 1463 77 40 still
2466 1462 259 46 Bescheidne,
2754 1461 84 40 sich
2867 1473 70 27 zur
2963 1460 124 40 Braut
3115 1460 128 40 erkor.

1897 1537 191 39 Dienerin.
2105 1534 133 55 (Lied.)
2374 1535 128 50 Frag',
2531 1533 51 40 ob
2613 1532 63 40 die
2707 1533 106 39 Rose
2842 1535 87 36 süss
2959 1544 77 28 von
3064 1531 108 47 Duft,

2372 1597 76 41 Die
2476 1597 177 51 ringsum
2684 1599 127 37 würzt
2838 1595 64 40 die
2930 1596 112 47 Luft;

2372 1660 106 40 dann
2507 1659 95 51 frag'
2633 1657 64 42 die
2725 1657 165 40 Schäfer
2918 1658 69 39 auf
3010 1657 79 40 den
3118 1657 148 47 Höh'n,

2376 1724 51 39 ob
2456 1723 111 40 nicht
2594 1722 108 39 mein
2730 1722 201 41 Mädchen
2960 1721 135 40 schön.

2048 1797 191 39 Susanna.
2268 1796 65 41 Du
2362 1794 135 42 suchst
2524 1798 180 36 umsonst
2732 1806 49 26 zu
2809 1793 129 40 stillen
2967 1792 77 40 mir
3072 1792 78 40 den
3181 1791 135 48 Gram,

2267 1859 72 40 der
2365 1858 154 41 meiner
2548 1858 113 40 Seele
2686 1857 121 52 jeden
2836 1857 119 40 Trost
2983 1856 188 41 benahm.

2043 1933 179 37 Dienerin
2227 1961 9 9 .
2319 1930 35 40 0
2385 1929 89 40 weh
2504 1930 69 39 des
2603 1928 132 48 Leids,
2763 1928 70 39 das
2860 1927 62 41 dir
2949 1928 196 51 bedrängt
3173 1927 92 41 dein
3293 1928 129 42 Herz!

2267 1993 103 48 Ach,
2398 1993 131 40 meine
2558 1992 120 40 Brust
2706 1991 181 41 zerreisst
2916 1991 70 40 der
3015 1991 152 52 gleiche
3196 1991 188 40 Schmerz
3405 1991 9 38 !

2265 2058 80 40 Ein
2373 2069 131 27 armer
2532 2055 131 40 Knab'
2694 2054 163 40 erschuf
2881 2054 75 39 mir
2986 2055 107 39 diese
3123 2054 116 49 Qual,

2265 2121 64 39 ein
2358 2119 141 40 holder
2527 2117 144 47 Knab',
2700 2116 71 40 der
2799 2116 179 40 holdeste
3006 2116 55 40 im
3090 2116 115 40 Thal.

2263 2182 94 39 Von
2385 2181 155 39 meiner
2569 2179 106 41 Seite
2704 2179 74 40 riss
2808 2179 68 39 ihn
2906 2179 78 39 mir
3012 2178 71 40 der
3111 2180 100 45 Tod,

2264 2244 66 41 ich
2359 2244 115 40 wein'
2504 2243 82 39 ihm
2616 2243 100 39 nach
2747 2242 40 40 in
2816 2242 179 39 Jammer
3023 2241 83 39 und
3137 2240 40 41 in
3205 2239 120 42 Noth.

2106 2318 136 51 (Lied.)
2379 2316 59 38 Im
2468 2314 187 40 Schatten
2684 2314 71 39 der
2784 2313 196 52 Cypresse
3008 2313 77 51 lag,

2370 2391 64 28 wo
2463 2377 239 42 Silberlilien
2732 2377 127 40 blühn
2888 2389 64 26 am
2981 2375 104 52 Hag,

2370 2442 71 39 der
2469 2441 204 51 Jüngling,
2700 2440 93 39 dem
2822 2439 63 39 ich
2915 2438 130 40 weine
3074 2438 116 47 nach,

2370 2504 69 40 das
2469 2504 107 39 Herz
2606 2514 77 28 von
2711 2502 178 40 Jammer
2917 2501 167 39 schwer.

2372 2567 57 39 Er
2459 2578 83 27 war
2570 2565 71 40 der
2669 2565 155 38 holdste
2853 2563 131 40 Knab'
3013 2563 56 41 im
3097 2562 114 50 Thal,

2373 2630 70 39 der
2468 2629 39 52 je
2537 2629 70 39 der
2635 2627 198 42 Mädchen
2862 2626 162 41 Herzen
3052 2626 113 48 stahl,

2370 2692 83 39 und
2483 2691 76 41 mir
2588 2691 100 40 auch
2718 2690 123 41 senkt'
2871 2690 70 40 das
2968 2690 110 40 Herz
3106 2690 42 40 in
3177 2690 104 49 Qual
3297 2704 9 33 ;

2376 2754 117 47 denn,
2524 2754 84 47 ach,
2638 2765 43 28 er
2709 2754 47 39 ist
2785 2753 110 40 nicht
2921 2753 136 40 mehr!

2053 2831 192 36 Susanna.
2272 2826 105 41 Dein
2405 2825 149 52 traurig
2587 2825 94 40 Lied
2709 2825 129 39 weckt
2866 2825 222 40 Wehmuth
3119 2826 40 40 in
3188 2826 78 40 mir
3294 2826 77 40 auf.

2421 2888 114 40 weiss
2565 2888 192 46 Susanna,
2787 2887 75 40 wie
2891 2888 64 40 die
2984 2888 122 40 Liebe
3135 2890 123 51 quält.

2043 2957 192 38 Dienerin.
2265 2952 165 53 Vergib,
2459 2953 88 38 dass
2577 2951 122 52 heftig
2727 2950 76 41 mir
2832 2952 65 39 die
2926 2952 147 39 Thrän'
3103 2954 220 43 entströmt,

2268 3015 71 40 der
2366 3015 178 40 kranken
2573 3015 119 40 Brust
2721 3016 177 50 entquoll
2927 3014 62 40 ihr
3020 3014 185 42 heimlich
3236 3014 120 40 Weh.
3377 3045 16 7 ~

2046 3082 189 36 Susanna.
2264 3078 54 39 Es
2347 3090 83 26 war
2459 3076 108 40 nicht
2596 3077 122 46 recht,
2749 3078 89 38 dass
2869 3076 63 40 ich
2961 3076 178 52 geweckt
3168 3075 93 40 dein
3290 3075 112 40 Leid.

2266 3140 236 51 Besänftige,
2532 3143 86 36 süss
2647 3140 121 47 Kind,
2797 3140 92 39 dein
2917 3139 189 52 klopfend
3134 3139 120 40 Herz.

2269 3203 94 40 Nun
2391 3203 95 40 aber
2516 3203 87 45 eile,
2634 3203 127 51 bring'
2791 3203 64 39 die
2883 3202 148 40 Salben
3060 3201 76 40 mir

2268 3266 83 39 und
2380 3265 64 40 die
2474 3264 207 48 Gewürze,
2709 3265 166 40 duftend
2903 3264 76 40 wie
3007 3265 71 39 der
3105 3264 128 46 Lenz;

2270 3329 63 40 die
2362 3327 276 52 Sonnengluth
2668 3340 48 26 zu
2744 3327 134 46 fliehn,
2909 3327 174 40 erfrisch'
3113 3327 63 40 ich
3205 3327 76 40 mir

2270 3391 63 40 die
2365 3389 189 41 schlaffen
2585 3389 162 40 Glieder
2775 3389 87 40 dort
2890 3389 42 40 in
2961 3390 71 39 der
3060 3389 149 41 kühlen
3238 3390 101 40 Flut.

2321 3453 124 44 Doch,
2462 3452 146 41 horch!
2636 3452 126 40 welch
2789 3452 228 51 plötzliches
3041 3452 204 40 Geräusch
3275 3452 50 40 ist
3352 3452 113 40 dies?

2272 3516 218 46 Beschütz',
2519 3528 23 27 o
2565 3515 193 47 Himmel,
2785 3527 71 28 vor
2879 3515 135 52 jedem
3043 3515 145 40 Unheil
3216 3513 129 41 mich!

2271 3579 99 40 Was
2401 3578 108 40 wollt
2537 3578 63 39 ihr
2627 3577 118 40 dort?
2773 3577 180 52 sprecht!
2978 3577 328 40 Warumbrecht
3334 3575 61 40 ihr
3423 3586 42 28 so

2271 3642 42 40 in
2342 3640 84 41 dies
2453 3640 99 52 Asyl
2582 3639 198 41 einsamer
2807 3640 118 40 Ruhe
2953 3640 94 40 ein?

1903 3718 96 38 Erst.
2012 3717 112 36 Rieht
2128 3712 141 54 {Arie.)
2376 3711 140 42 Gleich
2544 3711 91 40 dem
2664 3711 195 52 Frühling
2887 3711 107 40 reich
3024 3723 50 28 an
3104 3711 173 45 Wonne,

2377 3776 110 45 mild,
2518 3774 72 40 wie
2618 3774 129 40 Strahl
2778 3775 70 41 der
2874 3774 287 45 Abendsonne,

2378 3838 119 47 linde,
2526 3839 77 38 wie
2631 3837 69 41 des
2728 3837 223 40 Schwanen
2981 3837 130 43 Brust,

2379 3900 118 49 Quell
2524 3900 72 39 der
2623 3900 144 41 Freud'
2796 3899 82 40 und
2907 3899 110 40 Born
3045 3897 71 39 der
3142 3897 95 40 Lust

2376 3967 131 50 gönne
2536 3963 109 46 mild,
2673 3962 161 40 reizend
2863 3961 101 45 Bild,

2379 4026 116 40 einen
2524 4025 113 41 Blick
2666 4038 87 32 nur,
2782 4024 70 39 der
2881 4022 105 39 mich
3017 4022 113 41 stillt!

1905 4095 112 37 Zweit
2018 4090 258 53 Micht.(Ree.)
2289 4089 91 41 Wir
2408 4089 167 40 sehnten
2602 4089 115 50 lange
2746 4085 173 53 qualvoll
2948 4097 73 28 uns
3050 4085 101 41 nach
3180 4086 73 46 dir,

2272 4153 101 40 nach
2403 4152 157 41 deinem
2589 4150 110 47 Reiz,
2728 4148 102 42 nach
2859 4148 138 42 deiner
3027 4147 251 54 Gegenwart.
