2956 4236
360 1225 91 73 A
497 1251 361 67 propos
894 1229 121 72 de
1066 1227 94 72 la
1270 1228 447 86 “Légende
1754 1230 121 73 de
1909 1230 443 89 Joseph”

827 1366 121 73 de
990 1364 437 73 Richard
1472 1366 428 74 Strauss.

656 1636 149 47 UNE
844 1632 427 51 INTERVIEW
1313 1632 101 48 DU
1458 1632 270 50 COMTE
1769 1632 303 50 KESSLER

226 1874 72 47 La
340 1874 182 47 France
563 1876 81 61 qui
689 1874 236 47 accueillit
966 1872 117 65 jadis
1127 1871 42 47 la
1214 1870 231 62 première
1487 1870 63 45 les
1590 1868 198 65 grandes
1828 1886 187 29 œuvres
2058 1870 57 44 de
2156 1867 286 65 Meyerbeer
2494 1880 47 35 et
2584 1868 58 47 de

83 1959 207 61 Rossini,
318 1957 44 47 la
390 1959 198 61 France,
617 1960 76 61 qui
722 1959 71 45 fut
820 1957 43 47 la
889 1957 199 47 seconde
1116 1956 146 62 patrie
1290 1956 55 45 de
1374 1954 166 49 Glilck
1566 1966 47 35 et
1639 1955 56 46 de
1723 1952 163 66 Lully,
1914 1955 165 61 ignore
2115 1952 64 47 les
2217 1954 207 45 derniers
2461 1954 181 45 drames

83 2044 58 47 de
184 2044 209 47 Richard
436 2042 194 49 Strauss.
659 2044 137 47 Nous
820 2042 121 47 seuls
974 2059 59 29 en
1063 2040 208 62 Europe,
1300 2058 118 28 nous
1445 2056 60 30 ne
1531 2039 305 47 connaissons
1864 2040 46 44 ni
1952 2037 42 47 la
2021 2036 257 48 terrifiante
2524 2039 47 45 ni
2599 2037 43 46 le

86 2128 248 47 Chevalier
360 2126 28 47 à
416 2128 45 45 la
490 2145 86 30 rose
579 2166 12 22 ,
621 2129 45 44 ni
696 2126 41 47 la
764 2139 285 49 provocante
1075 2124 193 48 Ariane.

228 2211 71 49 Le
326 2211 218 50 Théâtre
571 2213 79 47 des
677 2210 433 66 Champs-Elysées
1135 2228 29 46 y
1191 2210 123 47 avait
1343 2210 107 46 bien
1475 2208 146 63 songé
1648 2229 13 37 ;
1690 2206 30 47 il
1741 2224 117 29 nous
1883 2206 65 47 les
1972 2209 149 44 aurait
2148 2205 196 62 donnés,
2366 2208 34 45 si
2423 2206 79 47 des
2527 2224 87 28 con-

82 2296 278 47 sidérations
386 2295 421 62 extra-musicales,
833 2294 236 66 appuyées
1107 2312 79 44 par
1214 2312 95 28 une
1342 2294 199 61 critique
1579 2291 213 64 toujours
1818 2290 329 64 dédaigneuse,
2188 2289 239 48 n'avaient
2452 2289 192 47 entravé

83 2399 86 30 son
196 2382 120 60 zèle,
344 2394 48 35 et
420 2380 179 64 imposé
624 2380 44 49 la
696 2380 203 49 banalité
927 2379 113 48 d'un
1071 2379 252 62 répertoire
1352 2376 154 64 usagé,
1538 2378 115 45 mais
1679 2375 240 62 classique.

229 2467 247 62 L'Opéra,
504 2465 354 65 agréablement
877 2465 173 63 surpris
1075 2464 63 47 du
1164 2463 161 48 succès
1346 2464 54 45 de
1421 2460 186 50 Salomé
1637 2478 56 29 ne
1722 2462 120 45 tient
1863 2460 141 62 guère
2025 2460 24 46 à
2068 2459 289 48 s'aventurer
2378 2459 103 62 plus
2507 2460 95 47 loin
2630 2483 12 36 ;

85 2572 58 28 en
174 2572 53 29 ce
255 2564 220 37 moment
513 2563 202 37 surtout.
744 2550 39 47 Il
825 2549 146 48 fallait
1005 2550 125 46 donc
1174 2549 215 46 attendre
1417 2564 95 30 une
1558 2545 331 47 intervention'
1917 2544 262 65 étrangère,
2206 2544 127 47 seule
2371 2545 190 61 capable
2589 2547 57 45 de

86 2639 240 63 présenter
353 2638 25 48 à
419 2637 44 48 la
490 2637 183 47 France
717 2636 198 48 l'œuvre
957 2636 292 62 dramatique
1287 2634 58 46 de
1371 2651 54 28 ce
1469 2630 301 64 phénomène
1798 2629 193 47 musical
2035 2629 150 62 qu'est
2214 2630 205 46 Richard
2451 2630 193 49 Strauss.

87 2724 142 47 Cette
259 2724 322 46 intervention
610 2740 56 29 va
692 2738 47 30 se
778 2721 234 62 produire.
1041 2721 81 45 Au
1149 2718 216 48 Théâtre
1394 2718 56 46 de
1477 2716 240 47 l'Avenue
1746 2716 288 62 Montaigne
2074 2732 64 29 un
2165 2716 291 45 consortium
2482 2714 137 64 anglo-

86 2808 257 47 américain
372 2826 56 28 va
453 2808 132 46 venir
624 2822 120 29 nous
772 2817 212 34 montrer
1022 2815 248 35 comment
1298 2820 62 29 on
1388 2802 146 61 dirige
1573 2817 95 31 une
1694 2799 138 47 scène
1873 2798 226 47 moderne
2126 2821 12 35 ;
2179 2798 179 47 Strauss
2385 2798 80 47 fait
2503 2799 146 61 partie

87 2897 59 46 de
170 2914 82 29 son
294 2910 316 48 programme.
641 2891 77 48 En
758 2902 151 48 outre,
936 2888 24 47 à
986 2888 296 47 l'Académie
1301 2886 256 47 Nationale
1574 2884 58 49 de
1658 2884 245 63 Musique,
1931 2883 42 47 le
1991 2884 282 63 prestigieux
2295 2883 273 64 Diaghilew
2595 2902 55 28 va

86 2978 249 49 s'installer
379 2977 226 64 quelques
649 2976 231 47 semaines
923 2986 47 34 et
1009 2990 118 29 nous
1164 2972 178 46 révéler
1380 2972 114 45 dans
1534 2981 132 36 toute
1691 2986 47 29 sa
1764 2967 268 48 nouveauté
2071 2985 93 29 une
2189 2985 163 29 œuvre
2390 2968 56 46 de
2474 2967 157 47 Straus

87 3065 339 63 spécialement
466 3062 144 48 écrite
638 3077 117 46 pour
793 3058 66 47 les
891 3056 163 49 ballets
1079 3074 163 43 russes,
1270 3072 116 46 pour
1425 3066 124 36 cette
1577 3066 168 50 troupe
1783 3066 185 34 errante
2006 3065 47 33 et
2079 3053 80 61 qui
2189 3064 131 49 porte
2358 3070 91 29 aux
2488 3065 162 49 quatre

91 3154 132 45 coins
250 3151 63 46 du
341 3150 177 47 monde
544 3147 107 47 l'art
678 3145 416 48 révolutionnaire.

235 3236 152 46 Notre
410 3232 159 64 public
589 3230 201 61 français
814 3241 47 35 et
887 3245 69 29 ses
983 3227 254 46 directeurs
1262 3222 455 66 comprendront-ils
1741 3222 44 47 la
1811 3222 136 60 leçon
1969 3221 16 47 ?
2011 3221 56 48 Se
2094 3220 312 48 sentiront-ils
2432 3220 219 48 humiliés

92 3320 148 48 d'être
265 3321 142 47 servis
447 3319 132 62 après
613 3315 229 62 l'Europe
868 3326 47 35 et
955 3311 318 64 l'Amérique,
1300 3325 48 32 et
1376 3329 57 28 ne
1461 3311 159 46 devoir
1666 3326 93 30 une
1788 3306 228 64 première
2044 3307 56 46 de
2146 3306 180 47 Strauss
2350 3305 108 62 qu'à
2485 3305 143 63 l'ingé-

95 3408 160 44 nieuse
280 3404 177 47 audace
491 3403 62 47 du
583 3400 101 64 plus
710 3399 125 48 slave
873 3399 79 44 des
979 3413 245 45 managers
1249 3394 13 45 ?
1289 3395 58 61 Je
1376 3411 59 30 ne
1460 3394 103 59 sais,
1592 3394 116 44 mais
1733 3391 29 47 il
1804 3409 47 28 m
1873 3409 25 28 a
1926 3406 113 45 paru
2067 3389 224 47 desnable
2317 3389 28 45 d
2368 3389 172 45 insistei
2575 3406 75 30 sur

94 3503 76 35 cet
195 3489 301 60 événement,
519 3502 47 33 et
588 3486 56 46 de
664 3486 127 46 saisir
817 3484 26 47 à
862 3499 85 31 son
970 3498 185 46 passage
1182 3480 25 47 à
1234 3479 127 47 Paris
1379 3479 100 47 l'un
1507 3479 80 46 des
1607 3489 190 34 auteurs
1823 3476 55 45 de
1906 3486 124 35 cette
2107 3472 223 64 Légende
2352 3474 56 45 de
2428 3474 175 62 Joseph

94 3577 116 47 dont
237 3592 62 29 on
327 3589 282 32 commence
647 3570 26 47 à
694 3572 136 62 jaser,
858 3580 46 36 et
942 3583 77 30 sur
1059 3564 197 63 laquelle
1299 3582 62 28 on
1399 3582 27 28 a
1452 3563 101 63 déjà
1579 3561 211 61 colporte
1817 3560 102 61 plus
1957 3559 26 46 d
2007 3575 93 30 une
2129 3559 188 44 histoire
2358 3558 293 60 fantastique.
