2956 4236
1185 275 521 70 PROVINCE

2702 366 0 0 15

169 433 28 49 3
201 424 17 20 e
252 431 125 34 actes
403 419 56 46 de
486 419 211 65 Parsifal
728 438 59 28 ne
827 433 205 50 peuvent
1069 420 221 48 s'oublier
1323 438 9 30 :
1376 421 143 47 MM.
1562 422 192 63 Sigwalt
1795 420 401 64 (Gournemanz),
2237 433 45 35 et
2319 433 184 35 surtout
2542 421 165 45 Allard

168 490 279 62 (Amfortas)
486 501 47 35 et
572 490 258 48 Lheureux
870 492 224 62 (Parsifal)
1133 492 159 45 furent
1335 492 298 46 absolument
1683 494 163 61 dignes
1895 493 55 45 de
2002 492 100 47 leur
2152 493 163 45 lourde
2367 492 152 58 tâche,
2571 504 134 33 notre

167 562 236 45 orchestre
441 578 46 28 se
524 564 190 44 souvint
739 562 116 63 qu'il
882 564 289 60 appartenait
1197 562 25 45 à
1248 562 43 45 la
1317 562 103 61 plus
1445 563 152 45 vieille
1625 563 106 45 ville
1758 564 334 61 wagnérienne
2115 564 54 45 de
2192 563 196 58 France,
2412 574 45 33 et
2483 561 223 46 l'ovation

168 630 110 46 folle
306 632 77 61 qui
410 632 73 45 fut
509 632 110 46 faite
644 633 26 46 à
697 633 77 47 M.
805 633 110 64 Gay
943 633 111 46 était
1082 633 103 46 bien
1216 633 89 45 due
1331 633 26 46 à
1383 633 120 46 celui
1531 635 95 61 qui,
1655 652 81 42 par
1762 634 245 46 l'écrasant
2033 633 160 46 labeur
2224 634 55 45 de
2318 633 293 60 préparation
2649 632 56 45 de

167 701 272 47 l'orchestre
466 714 46 33 et
539 703 79 47 des
644 706 187 44 chœurs
858 705 45 61 (S
906 704 32 27 te
965 703 161 47 Cécile
1157 715 47 33 et
1242 703 433 63 dames-amateurs)
1714 717 45 33 et
1798 722 79 44 par
1914 722 83 28 son
2036 704 228 62 opiniâtre
2302 703 203 62 énergie,
2545 714 81 34 eut
2663 701 44 47 la

163 772 94 64 joie
284 773 55 45 de
368 790 164 28 mener
559 774 25 45 à
610 792 93 29 une
731 776 116 45 aussi
876 771 227 66 glorieuse
1131 774 193 45 victoire
1350 792 76 28 ces
1454 789 99 32 220
1580 775 290 46 exécutants.

309 844 178 45 —Au
513 846 270 60 cinquième
810 856 206 49 concert,
1052 843 89 46 très
1181 844 117 46 belle
1335 845 251 46 exécution
1627 847 55 44 de
1722 846 41 45 la
1802 845 205 61 Septième
2011 883 11 22 ,
2063 845 143 46 d'une
2244 843 120 46 Suite
2401 844 210 45 curieuse
2649 842 56 45 de

169 912 152 64 Grieg
347 926 46 33 et
420 915 57 45 de
508 915 43 45 la
591 917 143 45 Faute
769 917 50 45 de
857 914 154 47 Vabbé
1040 913 193 47 Mouret
1258 936 15 35 ;
1312 913 77 49 M.
1432 915 201 45 Manuel
1674 916 230 62 Quiroga,
1944 917 260 57 violoniste,
2245 916 71 44 fut
2355 914 64 46 lui
2458 915 117 45 aussi
2615 912 90 47 très

166 983 217 62 applaudi
412 1003 117 43 pour
555 986 42 46 le
628 988 204 45 Concerto
858 1004 48 27 en
934 985 58 45 mi
1019 985 171 45 mineur
1217 985 56 45 de
1301 985 340 47 Mendelssohn
1670 1000 46 32 et
1743 1004 115 43 pour
1886 988 109 44 trois
2021 1003 254 29 morceaux
2305 986 54 44 de
2387 983 255 47 virtuosité.

399 1055 71 46 Le
496 1057 194 46 sixième
718 1068 190 35 concert
936 1056 81 45 fait
1044 1055 41 45 le
1111 1055 103 60 plus
1241 1055 71 46 bel
1340 1056 131 63 éloge
1499 1057 56 45 de
1581 1056 302 47 l'éclectisme
1910 1068 47 34 et
1984 1058 55 45 de
2065 1057 43 45 la
2133 1056 229 61 souplesse
2385 1056 55 44 de
2468 1054 77 47 M.
2570 1053 130 64 Gay:

166 1124 44 46 le
249 1143 297 45 programme
586 1129 281 59 comportait
911 1127 78 44 des
1024 1143 187 28 œuvres
1247 1127 116 44 aussi
1409 1127 172 46 variées
1625 1144 87 43 que
1759 1127 42 45 le
1848 1127 205 45 Concerto
2079 1145 48 27 en
2159 1127 58 45 mi
2244 1126 134 45 bémol
2400 1126 55 44 de
2483 1125 149 58 Liszt,
2662 1124 43 45 le

169 1210 27 32 2
203 1206 16 19 e
248 1196 207 46 Concerto
476 1216 136 43 grosso
640 1216 48 27 en
704 1199 53 61 fa
784 1197 169 61 majeur
979 1196 54 45 de
1063 1196 235 61 Haendel,
1326 1196 181 62 Espana
1534 1209 46 33 et
1606 1209 182 33 surtout
1815 1197 43 45 la
1874 1197 90 45 très
1992 1197 116 45 belle
2137 1196 251 63 Symphonie
2415 1214 47 26 en
2490 1195 60 45 mi
2576 1194 136 45 bémol

165 1267 57 44 de
250 1266 157 64 Sylvio
435 1268 215 47 Lazzari.
680 1269 187 45 Toutes
894 1269 157 43 furent
1076 1266 405 61 supérieurement
1501 1267 160 62 jouées
1686 1279 47 33 et
1769 1267 91 46 fort
1899 1267 192 62 goûtées
2129 1284 78 43 par
2245 1284 65 28 un
2338 1266 157 60 public
2531 1266 78 60 qui
2643 1281 59 28 ne

167 1336 230 63 ménagea
434 1357 78 42 pas
551 1357 96 28 non
687 1338 101 62 plus
824 1354 68 29 ses
929 1337 446 60 applaudissements
1411 1338 25 45 à
1475 1338 76 46 M.
1599 1337 255 60 Borchard,
1896 1337 153 62 lequel
2087 1336 54 47 fit
2168 1354 170 44 preuve
2377 1337 55 44 de
2469 1334 236 46 brillantes

166 1407 199 61 qualités
393 1409 113 47 dans
534 1409 148 61 Liszt,
710 1421 45 33 et
783 1409 112 45 dans
921 1409 111 45 trois
1058 1407 151 61 pièces
1236 1408 54 45 de
1319 1407 207 61 Chopin.

401 1481 81 44 Au
508 1480 225 60 septième
760 1489 209 49 concert,
998 1478 42 46 le
1070 1479 205 45 Concerto
1302 1479 55 45 de
1388 1478 193 46 Mozart
1609 1479 146 61 (flûte,
1779 1479 140 59 harpe
1941 1490 46 33 et
2014 1478 252 61 orchestre)
2293 1477 72 45 fut
2392 1494 63 28 un
2483 1474 92 47 très
2601 1492 103 45 gros

163 1548 162 47 succès
352 1567 118 43 pour
497 1550 142 46 MM.
670 1549 250 46 Moncelet
946 1561 47 33 et
1020 1547 220 62 Durand,
1270 1550 122 45 deux
1420 1549 54 45 de
1503 1566 83 29 nos
1612 1549 232 45 modestes
1863 1559 47 35 et
1936 1549 168 61 grands
2129 1550 178 44 artistes
2333 1569 12 37 ;
2384 1547 43 45 la
2453 1545 252 63 Symphonie

165 1637 49 26 en
242 1625 54 39 ré
316 1620 56 45 de
402 1621 175 63 Haydn
606 1621 100 63 plut
733 1619 345 60 énormément,
1108 1636 188 29 comme
1324 1620 229 45 d'ailleurs
1579 1618 226 63 l'étrange
1833 1618 138 47 Sadko
1998 1620 62 44 du
2087 1620 231 61 magicien
2348 1618 216 61 Rimsky.
2590 1616 111 45 Une

164 1690 231 60 première
422 1692 211 44 audition
662 1708 9 30 :
708 1690 198 46 Prélude
934 1691 55 44 de
1016 1689 284 46 Brocéliande
1305 1728 10 17 ,
1345 1691 54 44 de
1427 1689 309 59 Ladmirault,
1767 1690 71 45 fut
1864 1707 93 28 une
1985 1701 162 34 courte
2186 1691 115 43 mais
2338 1687 223 46 véritable
2594 1686 106 63 joie.

164 1761 57 61 Je
250 1761 111 45 n'en
390 1761 112 46 dirai
530 1779 78 44 pas
633 1773 165 35 autant
824 1761 63 45 du
918 1761 249 45 Carnaval
1188 1761 56 45 de
1272 1760 210 60 Dvorak,
1513 1762 46 44 ni
1586 1772 184 34 surtout
1797 1761 77 45 des
1900 1759 151 61 pièces
2077 1761 56 45 de
2161 1759 167 46 Biisser
2355 1775 79 43 par
2464 1756 242 62 lesquelles

166 1830 77 47 M.
273 1831 235 64 Mayeux,
536 1832 151 46 altiste
714 1833 77 44 des
819 1830 496 60 Concerts-Colonne,
1344 1830 91 47 très
1463 1832 107 45 bien
1599 1830 212 47 accueilli
1849 1830 245 59 d'ailleurs,
2122 1842 129 33 tenta
2289 1846 96 29 non
2423 1844 103 30 sans
2557 1827 146 45 talent

166 1902 56 45 de
249 1919 120 28 nous
396 1919 174 45 gagner
596 1921 59 27 au
682 1904 191 44 charme
901 1902 256 45 discutable
1186 1901 113 46 d'un
1329 1902 285 45 instrument
1642 1903 106 44 bien
1778 1903 166 59 ingrat.

423 1973 247 45 Huitième
711 1984 192 34 concert
931 1989 10 29 :
990 1971 29 46 il
1066 1973 73 45 fut
1179 1971 461 47 merveilleusement
1678 1971 157 46 réussi.
1884 1970 69 47 Le
1999 1988 113 28 nom
2152 1971 55 45 de
2253 1968 180 47 Fanelli
2481 1968 115 45 dont
2641 1967 63 46 les

172 2040 230 49 Tableaux
429 2042 327 65 Symphoniques
780 2042 149 63 longs,
975 2042 281 61 incomplets
1283 2055 46 32 et
1357 2042 89 46 très
1475 2044 148 44 beaux
1650 2042 158 45 furent
1836 2042 152 45 moins
2013 2040 239 62 applaudis
2277 2057 89 43 que
2394 2039 99 45 leur
2519 2049 182 47 auteur,

164 2114 125 45 avait
316 2114 136 45 attiré
480 2132 92 27 une
598 2114 127 46 foule
751 2114 209 45 énorme.
1084 2112 104 47 Elle
1216 2114 72 44 fut
1315 2112 236 46 électrisée
1580 2112 352 59 littéralement,
2066 2123 47 33 et
2139 2110 363 63 légitimement,
2623 2124 79 44 par

163 2182 293 48 l'admirable
482 2185 212 45 audition
722 2202 88 43 que
837 2185 120 61 Jean
986 2182 110 65 Gay
1123 2201 119 28 nous
1268 2183 158 46 donna
1452 2183 57 46 de
1535 2183 43 45 la
1616 2182 231 46 Pastorale
1872 2195 46 33 et
1945 2193 135 50 parut
2107 2180 288 62 transportée
2422 2197 78 43 par
2527 2178 43 45 la
2595 2179 108 44 voix

165 2253 224 47 italienne
417 2267 47 33 et
491 2256 196 58 chaude,
714 2255 43 45 la
780 2256 199 57 science,
1009 2253 43 47 la
1078 2255 134 61 grâce
1239 2265 46 34 et
1312 2253 222 61 l'exquise
1559 2252 250 62 simplicité
1837 2253 55 45 de
1932 2252 59 46 M
1996 2252 41 26 ile
2080 2253 171 45 Louise
2294 2250 212 45 Mazzoli
2541 2250 77 59 qui
2647 2249 54 44 de

163 2342 85 29 son
276 2325 107 46 côté
410 2339 236 46 remporta
672 2342 65 29 un
765 2324 222 47 véritable
1014 2326 234 59 triomphe
1299 2341 111 29 avec
1437 2342 65 28 un
1528 2324 65 45 air
1626 2324 77 45 des
1742 2322 135 46 Noces
1879 2359 12 23 ,
1919 2339 65 29 un
2023 2323 65 45 air
2178 2321 222 62 Iphigénie
2437 2334 45 32 et
2519 2330 185 35 surtout

163 2396 80 45 des
269 2396 152 60 pièces
449 2397 56 44 de
532 2396 245 59 Schubert,
809 2395 151 47 Fauré
1081 2408 46 33 et
1167 2394 236 47 Durante.
1446 2394 313 46 L'ouverture
1799 2392 281 63 à?Euryante
2117 2392 273 61 complétait
2430 2391 55 45 de
2524 2390 42 45 la
2604 2389 101 61 plus

165 2467 229 45 heureuse
423 2467 137 58 façon
588 2484 54 28 ce
669 2478 191 34 concert
887 2467 179 60 parfait.

307 2749 417 49 TOULOUSE.
848 2749 84 48 On
961 2768 25 27 a
1025 2750 111 63 joué
1183 2749 256 47 Carmosine
1464 2749 199 45 d'Henri
1694 2749 187 46 Février
1907 2766 60 28 au
1993 2747 179 47 théâtre
2212 2746 62 45 du
2314 2742 233 63 Capitole.
2576 2741 127 62 Sujet

162 2822 251 45 charmant
440 2820 179 62 malgré
644 2837 84 29 son
757 2820 430 59 invraisemblance,
1217 2820 197 45 entouré
1442 2818 142 47 d'une
1625 2820 210 60 musique
1875 2818 155 59 claire,
2075 2816 388 61 compréhensive
2501 2824 47 34 et
2585 2812 117 61 gaie.

163 2891 73 47 La
263 2891 153 62 gaieté
443 2891 190 46 devient
658 2908 59 27 en
746 2893 212 59 musique
984 2909 95 28 une
1106 2892 138 45 chose
1272 2908 115 42 rare,
1416 2902 47 33 et
1488 2890 43 45 le
1558 2891 314 59 compositeur
1898 2890 79 61 qui
2007 2906 75 28 ose
2100 2905 59 28 ne
2181 2905 77 42 pas
2278 2887 96 46 être
2395 2898 306 48 ennuyeux...

163 2963 117 45 mais
305 2961 123 47 voilà
454 2978 66 28 un
548 2963 118 62 sujet
693 2962 77 60 qui
800 2960 371 47 m'entraînerait
1196 2961 98 46 loin
1322 2973 45 33 et
1388 2959 165 63 j'allais
1579 2960 180 46 oublier
1786 2978 89 44 que
1898 2961 44 62 je
1971 2960 97 45 dois
2089 2977 76 27 me
2193 2959 183 58 borner,
2395 2973 60 28 en
2481 2952 222 63 quelques

163 3032 164 63 lignes,
356 3051 60 27 au
442 3031 96 47 rôle
566 3032 209 46 modeste
802 3032 55 45 de
885 3044 197 34 conteur
1110 3032 55 45 de
1192 3031 254 47 nouvelles.

304 3103 93 46 Les
424 3102 240 46 nouvelles
689 3114 106 33 sont
823 3103 191 59 bonnes,
1044 3104 63 44 du
1135 3104 153 43 moins
1314 3119 117 43 pour
1459 3100 214 60 l'auteur,
1696 3118 77 29 car
1798 3100 42 46 la
1870 3099 255 48 Carmosine
2161 3099 56 45 de
2258 3097 75 47 M.
2364 3095 188 47 Février
2579 3109 93 28 rem-

164 3185 133 49 porta
323 3191 66 29 un
417 3173 93 46 très
535 3173 72 45 vif
626 3172 175 47 succès.
830 3173 77 44 Ah
939 3170 9 47 !
977 3190 52 28 ce
1057 3190 58 28 ne
1144 3173 72 46 fut
1243 3189 77 44 pas
1347 3172 42 46 la
1415 3172 125 45 faute
1568 3172 77 45 des
1671 3172 275 60 interprètes
1971 3172 34 45 si
2033 3170 195 45 l'œuvre
2255 3187 26 26 a
2315 3167 139 46 réussi
2482 3187 14 35 ;
2533 3164 26 46 à
2603 3173 100 50 part

163 3262 95 28 une
298 3262 62 28 ou
399 3246 124 44 deux
561 3245 290 59 exceptions,
881 3242 51 46 ils
958 3255 84 33 ont
1069 3255 105 34 tout
1199 3244 83 44 fait
1308 3260 117 43 pour
1451 3241 211 47 l'écraser
1688 3259 105 29 sous
1818 3241 42 46 le
1888 3242 130 61 poids
2044 3241 55 45 de
2121 3240 99 45 leur
2241 3235 459 62 incompréhension.

163 3316 148 61 Jouer
337 3314 150 60 lourd,
512 3315 135 63 jouer
673 3315 145 58 triste,
849 3313 61 45 tel
937 3325 67 34 est
1030 3313 40 45 le
1098 3314 66 45 lot
1191 3314 55 44 de
1276 3314 241 59 beaucoup
1545 3312 54 45 de
1621 3330 84 28 nos
1726 3314 250 44 chanteurs
2002 3311 305 61 provinciaux
2333 3306 153 62 placés
2510 3316 131 34 entre
2660 3303 42 44 le

164 3386 159 45 drame
352 3385 180 65 lyrique
559 3385 226 46 moderne
814 3396 47 33 et
887 3383 416 62 l'opéra-comique
1331 3385 168 44 ancien
1522 3405 12 36 ;
1582 3400 77 44 pas
1684 3400 127 29 assez
1837 3384 265 57 musiciens,
2131 3380 43 47 la
2211 3380 184 61 plupart
2433 3377 62 45 du
2533 3388 169 46 temps,

164 3473 117 43 pour
308 3456 96 46 être
431 3456 261 62 supérieurs
718 3456 113 45 dans
857 3454 43 46 le
927 3455 200 60 premier
1153 3476 12 36 ;
1195 3466 102 48 trop
1326 3453 258 46 médiocres
1609 3453 270 47 comédiens
1905 3470 116 44 pour
2047 3453 97 45 être
2177 3446 318 65 supportables
2522 3446 113 46 dans
2661 3444 42 44 le

163 3528 190 45 second.

307 3597 72 47 La
403 3598 121 46 voilà
552 3598 107 45 bien
686 3596 43 47 la
755 3597 115 46 crise
897 3596 63 45 du
986 3594 179 47 théâtre
1191 3592 9 49 !
1228 3596 116 45 aussi
1367 3593 160 65 j'aime
1555 3596 158 44 mieux
1741 3611 113 29 vous
1880 3593 147 62 parler
2055 3593 62 45 du
2144 3591 181 45 dernier
2352 3599 194 36 concert
2580 3586 55 46 de
2662 3585 42 45 la

165 3666 184 51 Société
376 3669 62 45 du
466 3668 376 60 Conservatoire,
871 3665 162 64 dirigé,
1061 3678 121 35 cette
1211 3666 100 60 fois,
1339 3682 80 45 par
1446 3664 77 48 M.
1553 3665 160 64 Aymé
1741 3665 164 47 Kunc.
1952 3664 112 47 Sans
2091 3663 141 46 doute
2275 3674 253 33 avez-vous
2552 3656 152 62 appris
