3581 4404
1710 171 89 53 239

171 321 118 27 wenn
309 320 91 27 man
420 308 76 38 den
515 308 146 38 reellen
677 307 137 40 Boden
839 307 108 40 nicht
967 311 114 37 unter
1102 308 77 38 den
1198 308 152 38 Füssen
1380 306 192 40 verlieren
1591 308 127 38 wolle.

171 379 93 39 Wie
283 379 69 38 wir
367 378 182 39 desshalb
574 379 61 38 für
653 379 186 38 Künstler
868 380 67 37 das
959 378 180 39 Studium
1169 377 69 39 der
1267 377 348 39 Palestrina'schen
1644 377 47 39 Pe-

171 450 111 40 riode
310 450 55 38 als
394 449 114 38 letzte
536 447 94 40 feste
660 448 110 39 Basis
799 449 105 39 ihrer
921 449 169 49 Bildung
1110 450 61 36 für
1201 449 168 37 überaus
1387 447 158 51 wichtig
1573 448 141 47 halten,

171 534 42 28 so
242 522 136 39 freuen
409 520 70 39 wir
507 531 74 27 uns
611 532 48 26 an
690 520 88 39 dem
807 521 205 44 Interesse,
1042 519 168 39 welches
1241 518 38 39 in
1310 520 133 37 letzter
1472 518 82 39 Zeit
1573 532 48 25 an
1641 522 75 36 den

169 592 313 50 Ausführungen
512 592 68 38 der
609 591 99 38 alten
740 590 153 38 Sachen
933 602 74 26 von
1037 588 324 39 Kunstfreunden
1399 588 80 38 und
1509 588 207 40 Publicum

169 675 238 38 genommen
435 663 108 38 wird.
582 663 52 38 Es
665 661 47 38 ist
741 661 101 38 noch
872 659 107 38 nicht
1009 660 99 37 allzu
1135 659 125 50 lange,
1290 659 86 37 dass
1396 671 87 25 man
1505 659 68 38 mit
1603 661 88 38 aber-

170 734 249 52 gläubischer
448 733 145 38 Furcht
635 744 126 39 gegen
799 732 76 37 den
918 729 350 39 Palestrina'schen
1296 729 72 38 Stil
1410 730 302 49 eingenommen

170 816 82 28 war
280 806 80 38 und
389 804 80 38 ihm
500 804 128 49 wenig
656 802 112 38 mehr
797 802 54 37 als
881 800 247 49 langweilige
1157 800 147 50 Folgen
1335 812 73 26 von
1440 801 144 38 dürren
1607 802 87 38 Drei-

168 875 172 52 klängen
368 876 79 38 und
477 874 184 39 trockene
691 871 368 51 contrapunktische
1076 870 204 40 Versuche
1302 871 236 50 zugestehen
1566 873 146 47 wollte;

171 948 68 39 das
268 948 90 38 tiefe
386 945 270 40 musicalische
686 945 133 38 Leben
849 943 42 38 in
920 943 226 38 demselben
1171 941 188 39 erkannte
1382 955 91 25 man
1502 943 106 38 nicht
1638 944 78 37 und

170 1018 95 40 hielt
294 1030 39 26 es
363 1019 61 37 für
452 1016 89 38 kein
571 1014 180 52 geringes
769 1012 214 40 Verdienst
1011 1024 162 27 unserer
1201 1023 163 39 grossen
1394 1011 204 46 Classiker,
1629 1012 87 39 dass

169 1090 68 45 sie,
266 1087 188 40 während
484 1086 99 39 viele
611 1085 162 40 Talente
802 1084 53 38 im
896 1083 240 50 subjectiven
1165 1082 140 40 Bilden
1345 1082 222 47 verkamen,
1610 1084 107 38 nicht

170 1172 77 27 nur
275 1172 50 26 an
350 1159 70 38 der
449 1157 162 51 eigenen
642 1157 176 38 Flamme
848 1155 67 38 des
945 1154 38 38 in
1013 1153 120 39 ihnen
1162 1153 207 50 liegenden
1399 1153 209 50 göttlichen
1628 1155 66 38 Ele-

169 1237 151 33 mentes
348 1228 225 50 unablässig
602 1227 196 43 schürten,
827 1225 169 38 sondern
1027 1225 171 38 dieselbe
1227 1236 45 25 zu
1303 1224 172 50 gleicher
1491 1225 82 38 Zeit
1593 1226 122 38 durch

170 1300 265 50 verständiges
465 1298 180 40 Studium
675 1298 70 37 der
776 1296 145 39 Werke
962 1296 179 45 nährten,
1183 1294 148 39 welche
1375 1294 62 38 die
1483 1307 67 27 vor
1593 1296 120 38 ihnen

170 1371 208 51 liegenden
408 1370 133 39 Zeiten
568 1367 334 51 hervorgebracht
931 1367 143 38 hatten.

249 1451 74 39 Die
351 1451 116 35 Missa
496 1450 115 35 brevis
638 1447 138 51 gehört
816 1446 108 38 nicht
960 1458 46 26 zu
1036 1446 76 38 den
1141 1444 284 50 tiefsinnigsten
1458 1444 234 50 Compositio-

171 1533 78 27 nen
277 1520 261 40 Palestrina's.
568 1520 57 38 Da
654 1519 55 38 sie
734 1517 108 39 nicht
870 1518 61 37 für
961 1516 61 38 ein
1054 1515 235 38 besonderes
1319 1515 101 46 Fest,
1449 1517 173 38 sondern
1655 1517 61 38 für

171 1593 63 39 die
263 1591 270 52 gewöhnliche
561 1590 128 39 Messe
718 1588 199 39 bestimmt
945 1598 92 32 war,
1067 1598 41 26 so
1138 1585 65 38 hat
1231 1586 69 38 der
1330 1586 230 51 Componist
1587 1586 56 39 sie
1672 1599 42 28 so

167 1665 97 40 kurz
294 1665 55 37 als
379 1661 168 51 möglich
577 1659 179 51 gehalten
802 1658 80 37 und
921 1656 61 39 ihr
1011 1656 90 38 kein
1131 1657 164 38 anderes
1326 1656 183 52 Gepräge
1538 1660 176 49 gegeben

167 1736 56 40 als
253 1735 67 39 das
350 1734 68 37 der
448 1731 215 44 einfachen,
702 1728 178 40 heiteren
909 1727 293 51 Frömmigkeit.
1256 1727 72 40 Die
1358 1729 178 40 Themen
1568 1731 124 39 dersel-

168 1807 79 39 ben
275 1805 88 40 sind
393 1804 82 38 klar
506 1802 79 39 und
614 1798 272 46 verständlich,
926 1799 81 38 und
1037 1798 164 39 würden
1229 1811 76 26 von
1334 1799 89 39 dem
1453 1800 132 40 Hörer
1613 1802 101 39 noch

170 1876 161 39 leichter
360 1874 207 50 aufgefasst
596 1870 171 45 werden,
811 1868 207 39 hinderten
1048 1867 107 39 nicht
1182 1868 62 39 die
1272 1868 327 53 Engführungen,
1637 1872 77 39 den

167 1945 270 40 melodischen
467 1942 142 39 Gehalt
639 1940 340 45 herauszufinden,
1022 1940 81 37 und
1147 1938 269 40 widerstrebte
1446 1952 40 27 es
1515 1941 89 39 dem
1632 1954 55 27 mo-

169 2018 149 39 dernen
349 2016 167 39 Gefühle
545 2013 106 39 nicht
680 2025 46 26 zu
756 2011 101 47 sehr,
901 2012 87 37 dass
1032 2010 52 38 im
1129 2011 399 39 ununterbrochenen
1566 2016 129 35 contra-

169 2086 263 54 punktischen
461 2084 173 39 Gewebe
663 2083 63 39 die
755 2082 268 40 melodischen
1051 2082 250 38 Schlussfälle
1330 2082 70 37 der
1416 2082 162 39 Stimme
1609 2082 79 39 wäh-

168 2157 99 40 rend
297 2157 67 38 des
393 2154 175 46 Stückes,
611 2165 42 26 so
692 2153 74 38 wie
810 2152 63 38 ein
912 2151 318 51 gleichmässiger
1257 2150 222 50 Rhythmus
1510 2152 201 50 sorgfältig

169 2227 185 39 verdeckt
383 2225 171 38 werden.
610 2223 180 49 Verfolgt
830 2234 91 26 man
960 2220 62 39 die
1065 2220 240 39 melodische
1333 2221 171 50 Bildung
1532 2221 183 39 indessen

169 2308 185 40 genauer,
400 2307 41 26 so
480 2293 178 39 bemerkt
693 2304 90 26 man
827 2292 108 38 nicht
964 2304 74 25 nur
1067 2291 62 38 ein
1159 2291 152 49 inniges
1340 2290 296 52 Anschmiegen
1665 2304 49 26 an

169 2368 78 38 den
276 2364 217 41 Gedanken
522 2364 130 45 selbst,
696 2362 172 39 sondern
919 2361 99 39 auch
1063 2361 87 38 eine
1189 2361 245 50 verständige
1477 2362 81 37 und
1596 2366 121 42 treue,

169 2436 161 41 obwohl
373 2439 172 35 äusserst
583 2433 331 40 zurückhaltende
944 2432 269 38 Declamation
1257 2431 70 38 der
1352 2432 151 46 Worte,
1547 2432 172 39 welcher

171 2510 70 38 der
270 2508 150 50 Sänger
447 2519 75 26 nur
550 2507 71 38 mit
649 2503 343 51 Unbefangenheit
1030 2503 80 38 und
1141 2501 329 39 Bescheidenheit
1513 2514 46 26 zu
1588 2502 131 51 folgen

171 2578 177 46 braucht,
376 2589 68 26 um
474 2576 55 39 sie
558 2576 40 38 in
627 2576 126 39 ihrem
785 2575 148 38 Wesen
971 2572 317 46 auszudrücken;
1336 2573 42 38 in
1421 2573 208 38 derselben
1670 2572 48 39 ist

171 2647 127 39 nichts
329 2646 233 40 Gemachtes
592 2646 80 37 und
700 2644 126 39 nichts
855 2643 82 39 sich
966 2640 418 51 Hervordrängendes.
1427 2641 51 38 So
1508 2641 188 39 unbestrit-

173 2725 66 33 ten
266 2718 103 39 noch
399 2719 69 37 der
498 2717 153 39 Glaube
680 2716 79 38 und
789 2727 41 26 so
860 2713 172 39 kindlich
1058 2713 67 37 das
1156 2711 211 50 Hingeben
1396 2712 66 38 des
1495 2712 216 39 Gemüthes

171 2802 51 27 an
251 2791 67 38 das
347 2788 233 51 Mysterium
609 2787 70 38 der
707 2785 170 51 heiligen
900 2784 212 49 Handlung
1131 2795 91 34 war,
1253 2794 41 26 so
1324 2782 152 39 einfach
1506 2783 79 38 und
1616 2782 102 39 ohne

167 2860 109 50 jedes
306 2859 210 50 Gepränge
559 2856 214 40 äusserlich
817 2854 286 40 bemerkbaren
1142 2852 266 46 Ausdruckes,
1451 2852 63 38 ich
1559 2851 155 39 möchte

171 2942 142 40 sagen:
344 2931 102 37 ohne
470 2930 92 50 jede
582 2928 331 49 Verwunderung
942 2927 98 37 über
1068 2925 77 38 den
1173 2924 129 39 Inhalt
1330 2924 69 38 der
1422 2923 135 46 Sache,
1586 2924 131 50 folgen

173 3003 64 38 die
265 3001 223 40 Melodieen
518 3000 75 38 den
622 2999 308 44 Textesworten,
968 3008 42 27 so
1041 2996 87 38 dass
1159 2995 67 38 das
1256 2995 187 38 Einzelne
1472 2994 54 39 im
1554 3006 160 38 grossen

173 3074 161 40 Ganzen
352 3072 257 38 untertaucht.
638 3069 250 41 Musicalisch
905 3069 268 38 bedeutender
1202 3069 54 37 als
1285 3067 62 38 die
1363 3067 128 39 Messe
1521 3065 193 40 erscheint

173 3157 75 27 uns
277 3146 68 38 das
374 3173 23 17 „
404 3145 103 34 Sicut
535 3155 127 23 cervus
729 3142 79 36 Das
827 3140 224 50 Verlangen
1082 3140 68 38 der
1168 3139 110 38 Seele
1307 3138 99 39 nach
1434 3138 87 37 dem
1542 3137 176 49 Ewigen,

174 3215 169 39 welches
371 3213 40 39 in
441 3213 88 38 dem
559 3211 62 38 42.
650 3211 155 37 Psalme
834 3209 80 38 sich
955 3208 304 50 eigentümlich
1305 3207 228 51 ausspricht,
1576 3207 64 38 hat
1669 3218 47 26 zu

174 3286 216 39 vielfachen
430 3281 299 41 musicalischen
761 3279 301 49 Darstellungen
1104 3279 294 48 Veranlassung
1441 3278 196 50 gegeben;
1679 3288 38 26 es

174 3359 105 37 wäre
308 3356 108 38 nicht
442 3353 299 41 uninteressant,
784 3349 72 37 alle
899 3347 63 39 die
992 3347 324 51 Compositionen
1359 3348 130 38 neben
1531 3347 188 39 einander

175 3439 48 27 zu
253 3425 184 46 besitzen,
466 3424 61 38 die
558 3422 69 39 auf
650 3421 105 38 diese
785 3419 139 38 Worte
952 3417 256 51 geschrieben
1239 3418 162 38 worden
1429 3417 98 40 sind.
1562 3418 58 38 Zu
1647 3430 47 25 un-

174 3496 240 40 mittelbarer
442 3493 295 51 Vergleichung
767 3490 145 39 fordert
947 3490 69 37 der
1044 3488 63 38 42.
1138 3488 129 39 Psalm
1296 3488 312 40 Mendelssohn's
1637 3488 74 46 auf,

176 3570 79 37 und
286 3579 92 27 man
408 3564 188 44 bemerkt,
625 3562 222 51 abgesehen
875 3571 89 27 vom
993 3558 304 39 verschiedenen
1316 3559 212 46 Gewände,
1557 3559 40 39 in
1626 3560 68 38 wel-

176 3638 92 39 ches
298 3638 67 37 das
393 3636 152 38 Thema
573 3631 261 52 eingekleidet
862 3631 59 45 ist,
949 3629 38 38 in
1018 3628 148 39 seinem
1184 3630 110 37 Kern
1324 3629 87 38 eine
1441 3629 276 38 entschiedene

176 3705 343 43 Verwandtschaft
560 3705 68 39 des
656 3702 299 40 musicalischen
985 3699 248 40 Gedankens.
1290 3699 206 39 Während
1524 3699 172 39 Mendels-

178 3779 99 38 sohn
314 3778 71 39 mit
425 3777 76 38 den
531 3774 202 40 reicheren
762 3772 154 40 Mitteln
945 3772 69 37 der
1042 3770 227 50 Bewegung
1294 3770 67 38 das
1392 3770 200 40 sehnende
1620 3770 74 39 Ver-

177 3850 142 50 langen
347 3849 195 44 schildert,
571 3847 68 38 das
667 3845 62 38 die
760 3843 113 39 Ruhe
902 3845 101 37 noch
1041 3842 122 45 sucht,
1206 3841 78 38 tritt
1313 3841 40 38 in
1382 3842 69 38 der
1478 3841 241 51 Auffassung

179 3919 67 39 des
275 3920 101 38 alten
404 3918 203 40 Italiäners
647 3916 63 38 die
739 3916 266 49 Versöhnung
1044 3915 151 43 hervor,
1239 3912 147 39 welche
1429 3913 69 38 der
1535 3911 181 51 gläubige

179 3989 96 40 Sinn
304 3989 40 38 in
373 3991 69 37 der
470 3987 181 52 Religion
681 3986 146 46 findet;
870 3986 81 38 ihm
980 3986 48 38 ist
1053 3984 63 40 die
1145 3983 222 39 Sehnsucht
1394 3984 153 50 gestillt,
1578 3998 41 27 er
1647 3987 46 39 be-

179 4059 86 40 sitzt
292 4060 67 38 das
387 4059 167 51 geliebte
584 4057 90 47 Gut,
703 4057 101 47 „den
832 4055 179 47 Frieden,
1040 4056 76 39 den
1145 4053 62 40 die
1238 4054 107 39 Welt
1373 4054 106 39 nicht
1643 4057 73 39 Die

181 4129 180 41 liebliche
389 4128 179 39 Anmuth
595 4128 68 40 des
693 4127 181 40 Thema's
919 4126 96 40 wird
1048 4126 134 50 jedem
1211 4124 84 39 klar
1323 4125 172 48 werden,
1535 4126 71 39 der
1633 4138 63 28 ver-

1817 308 123 47 sucht,
1970 309 179 39 dasselbe
2178 309 70 39 mit
2277 308 197 40 einfacher
2500 308 409 54 Aceord-Begleitung
2946 322 62 28 am
3040 310 152 41 Ciavier
3221 312 40 40 in
3290 313 69 40 der

1813 376 216 40 schlichten
2062 377 133 39 Weise
2224 378 107 39 eines
2360 379 140 39 Liedes
2530 391 47 26 zu
2605 380 149 51 singen.

1891 448 73 38 Die
1992 449 267 50 Aufführung,
2304 450 62 39 die
2406 462 76 27 von
2519 451 90 38 dem
2639 451 174 52 hiesigen
2843 452 354 47 Lehrer-Vereine,
3240 457 117 38 unter

1812 517 69 40 der
1909 519 169 50 Leitung
2107 520 67 37 des
2204 520 132 38 Herrn
2376 520 192 45 Collen,
2612 522 173 50 ausging,
2829 522 177 41 verdient
3049 524 73 37 alle
3150 523 181 40 Anerken-

1811 600 127 38 nung;
1969 590 62 38 die
2055 590 129 40 Chöre
2212 602 131 27 waren
2372 591 201 51 sorgfältig
2603 593 203 38 einstudirt
2836 595 78 37 und
2944 593 145 52 gingen
3117 593 128 51 präcis
3276 594 81 39 und

1810 657 95 40 rein.
1960 661 80 38 Der
2071 660 168 50 Vortrag
2269 661 127 38 dieser
2425 661 307 40 Kirchenmusik
2767 663 48 38 ist
2841 664 61 39 für
2930 665 117 39 einen
3075 664 281 51 wohlgeübten

1810 728 247 52 Sängerchor
2079 731 105 38 nicht
2214 730 219 51 schwierig,
2464 743 116 27 wenn
2610 743 41 27 er
2679 731 63 38 die
2771 734 183 37 äusseren
2982 733 126 39 Mittel
3136 745 78 27 von
3241 732 115 39 Licht

1810 800 80 37 und
1919 801 184 39 Schatten
2132 814 74 25 nur
2233 801 144 50 mässig
2407 802 206 38 anwendet
2655 802 78 38 und
2763 802 63 38 die
2853 803 172 39 Melodie
3053 804 71 38 mit
3152 804 70 38 der
3245 803 87 39 Frei-

1810 871 79 37 heit
1914 871 112 51 singt,
2057 870 62 39 die
2148 870 81 39 sich
2260 882 68 26 aus
2358 870 126 40 ihrem
2513 871 166 50 völligen
2711 872 299 39 Verständnisse
3038 885 76 26 von
3141 874 120 37 selbst
3290 885 41 26 er-

1810 941 95 53 gibt.
1954 942 68 39 Bei
2053 941 236 38 Dilettanten
2319 941 195 45 indessen,
2558 941 236 39 namentlich
2839 941 62 39 bei
2932 953 41 27 so
2998 943 150 49 jungen
3176 942 176 46 Kräften,

1811 1014 72 38 wie
1912 1013 63 38 die
2004 1012 85 38 hier
2117 1013 320 45 verwendbaren,
2467 1013 168 39 Knaben
2658 1013 81 38 und
2756 1012 197 40 Mädchen
2984 1024 74 26 von
3080 1013 149 38 14—16
3258 1013 69 38 Jah-

1809 1097 82 31 ren,
1935 1084 129 38 denen
2106 1082 62 39 die
2198 1083 151 38 Sachen
2392 1082 70 39 mit
2492 1082 122 40 Mühe
2643 1082 188 51 eingeübt
2873 1083 172 46 werden,
3082 1082 123 40 bleibt
3233 1087 118 35 etwas

1810 1155 297 50 Gezwungenes
2137 1155 80 37 und
2236 1154 136 39 Steifes
2403 1153 116 41 leicht
2547 1154 158 46 zurück,
2735 1154 167 39 welches
2932 1155 89 38 dem
3051 1154 303 39 harmonischen

1808 1223 226 39 Eindrucke
2065 1223 108 38 nicht
2201 1223 156 50 günstig
2385 1223 60 39 ist.
2483 1223 150 38 Zudem
2661 1223 94 39 fehlt
2783 1235 43 27 es
2853 1224 76 38 den
2960 1223 175 41 höheren
3164 1224 191 38 Stimmen

1808 1293 108 38 nicht
1944 1306 49 26 an
2022 1293 195 43 Reinheit,
2246 1294 94 37 aber
2369 1305 48 26 an
2447 1292 70 39 der
2546 1292 186 51 nöthigen
2753 1293 201 51 Rundung
2982 1294 68 39 des
3073 1295 188 50 Klanges,
3290 1293 63 39 die

1808 1377 75 26 nur
1912 1366 75 38 den
2015 1366 224 49 gebildeten
2267 1363 339 39 Frauenstimmen
2637 1364 112 49 eigen
2777 1364 59 38 ist.
2893 1365 98 39 Dass
3020 1366 81 38 sich
3132 1366 62 39 die
3224 1366 111 38 letzte-

1808 1447 71 26 ren
1909 1435 62 38 bei
2001 1435 77 38 den
2121 1433 214 40 vielfachen
2366 1433 265 51 Ansprüchen
2669 1446 49 26 an
2760 1433 85 39 ihre
2873 1434 336 52 Bereitwilligkeit
3243 1436 108 38 nicht

1808 1504 118 39 leicht
1952 1505 62 38 für
2043 1504 106 39 diese
2177 1505 307 50 Aufführungen
2512 1505 207 49 gewinnen
2757 1507 130 38 lassen
2925 1506 167 47 dürften,
3135 1507 131 51 bringt
3295 1507 38 39 in-

1810 1576 139 38 dessen
1978 1575 77 38 den
2084 1574 195 43 Vortheil,
2307 1576 87 37 dass
2424 1587 91 26 man
2544 1587 69 26 zur
2641 1576 308 51 Heranziehung
2977 1589 122 27 neuer
3127 1578 136 39 Kräfte
3292 1579 62 39 für

1810 1646 62 38 die
1900 1651 129 33 ernste
2058 1644 207 38 Tonkunst
2293 1644 82 38 sich
2404 1644 200 50 genöthigt
2633 1644 111 48 sieht,
2787 1646 80 37 und
2897 1646 213 40 verdienen
3137 1647 122 39 daher
3289 1648 63 39 die

1810 1717 289 49 Bemühungen
2140 1715 40 39 in
2224 1715 127 39 dieser
2391 1715 315 52 Angelegenheit
2751 1716 76 38 den
2871 1717 210 50 doppelten
3125 1717 114 39 Dank
3281 1718 70 39 der

1810 1787 307 40 Kunstfreunde.
2145 1787 74 41 Die
2250 1786 258 51 Orgelstücke
2538 1799 74 26 von
2631 1787 208 40 Pachelbel
2869 1788 80 38 und
2979 1800 62 27 am
3070 1788 184 39 Schlüsse
3283 1789 70 38 der

1810 1861 128 40 Messe
1966 1858 232 40 Präludium
2227 1858 82 38 und
2337 1859 108 49 Fuge
2474 1870 75 26 von
2578 1858 63 38 Fr.
2660 1858 66 38 W.
2751 1858 167 47 Zachau,
2947 1859 90 38 dem
3066 1859 150 39 Lehrer
3244 1859 83 39 Hän-

1810 1931 107 44 del's,
1959 1929 164 38 wurden
2166 1940 75 26 von
2270 1929 133 38 Herrn
2432 1928 307 50 Hompesch,
2783 1929 69 38 der
2896 1928 70 38 auf
2988 1928 70 39 der
3086 1927 269 40 Rheinischen

1806 1999 269 41 Musikschule
2104 1999 107 38 seine
2231 1999 173 50 Bildung
2434 1999 235 50 empfangen
2699 1999 64 38 hat
2792 1999 81 38 und
2896 1999 95 50 jetzt
3019 1999 55 40 als
3104 1998 250 40 Hülfslehrer

1810 2070 85 39 dort
1925 2069 202 50 angestellt
2157 2069 58 46 ist,
2245 2069 243 39 vortrefflich
2518 2074 268 45 vorgetragen.

1978 2287 1189 54 Tages-
3166 2287 1 54 und
3166 2287 1 54 Unterhaltungs-Blatt.

1899 2375 80 40 Das
2017 2376 136 38 zweite
2194 2373 494 40 niederrheinische
2732 2373 303 52 Sängerfest
3076 2375 101 39 wird
3205 2387 61 28 am
3299 2375 58 39 12.

1810 2436 83 39 und
1924 2437 60 38 13.
2011 2437 157 50 August
2196 2448 47 26 zu
2273 2434 208 40 Crefeld
2520 2434 163 50 gefeiert
2709 2435 172 39 werden.
2938 2436 53 39 Es
3020 2437 129 39 haben
3180 2437 81 38 sich
3290 2437 45 38 be-

1812 2497 92 39 reits
1931 2497 101 38 über
2062 2498 75 38 700
2166 2497 151 50 Sänger
2358 2507 67 27 zur
2455 2496 259 39 Theilnahme
2754 2496 206 51 gemeldet.
3018 2498 76 38 Das
3125 2497 231 51 Programm

1811 2559 50 38 ist
1888 2559 223 50 folgendes:

1894 2621 34 37 1.
1956 2620 111 50 Tag.
2123 2620 30 38 I.
2183 2618 258 51 Abtheilung.
2486 2618 122 40 Gruss
2638 2620 69 38 der
2735 2620 190 38 crefelder
2953 2619 233 41 Liedertafel
3215 2632 49 27 an
3294 2620 63 39 die

1813 2681 160 50 Sänger.
2027 2682 33 37 1.
2090 2679 219 39 Ouvertüre
2347 2692 69 26 zur
2450 2679 108 51 Oper
2587 2681 96 46 „Die
3010 2693 76 26 von
3113 2681 163 40 Mozart.
3320 2681 36 38 2.

1811 2742 154 46 „Gebet
1993 2742 69 38 der
2090 2742 118 38 Erde'
2213 2747 8 14 4
2250 2754 75 26 von
2354 2742 50 37 A.
2432 2742 167 38 Zöllner.
2630 2742 190 49 Vorträge
2849 2742 69 38 der
2951 2742 202 39 einzelnen
3174 2742 183 40 Vereine.

1813 2804 35 37 3.
1893 2802 117 47 „Wie
2047 2803 158 38 lieblich
2240 2802 48 39 ist
2316 2803 125 38 Deine
2474 2803 216 50 Wohnung
2693 2808 8 13 4
2706 2806 19 43 ',
2768 2803 162 39 Motette
2959 2815 75 26 von
3062 2803 45 40 B.
3137 2803 131 39 Klein.
3321 2805 36 38 4.

1811 2864 253 50 Doppelchor
2101 2864 67 38 Nr.
2206 2866 23 37 3
2273 2864 69 38 mit
2372 2864 211 39 Orchester
2626 2876 67 27 aus
2737 2863 202 51 „Oedipus
2967 2864 41 39 in
3281 2877 76 27 von

1814 2925 43 39 F.
1885 2925 532 50 Mendelssohn-Bartholdy.

1891 2987 51 38 11.
1971 2987 258 50 Abtheilung.
2283 2989 36 38 5.
2349 2987 206 47 „Herrlich
2584 2987 48 39 ist
2833 2988 163 39 Motette
3038 3001 75 26 von
3153 2989 44 38 B.
3226 2990 131 39 Klein.

1811 3048 196 50 Vorträge
2038 3048 69 38 der
2137 3048 202 39 einzelnen
2370 3048 181 40 Vereine.
2606 3049 35 38 6.
2671 3050 261 49 „Festgesang
2963 3061 48 27 an
3040 3049 64 39 die

1813 3109 106 40 Chor
1948 3109 70 39 mit
2047 3109 211 39 Orchester
2288 3122 73 26 von
2391 3110 41 39 F.
2461 3110 532 51 Mendelssohn-Bartholdy.

1890 3171 36 38 2.
1956 3171 113 51 Tag.
2107 3171 30 38 I.
2165 3171 256 51 Abtheilung.
2454 3172 31 38 1.
2516 3170 218 40 Ouvertüre
2765 3184 46 26 zu
3086 3185 77 26 von
3193 3173 141 40 Beetho-

1812 3243 86 28 ven.
1943 3232 37 39 2.
2009 3233 130 46 „Ehre
2168 3232 56 39 sei
2254 3231 91 40 Gott
2373 3233 40 38 in
2443 3234 68 37 der
2539 3233 104 38 Höh'
2648 3236 20 16 44
2674 3264 9 14 ,
2711 3233 161 39 Motette
2900 3245 75 26 von
3005 3234 55 39 M.
3090 3234 267 50 Hauptmann.

1811 3293 195 52 Vorträge
2050 3295 69 37 der
2163 3294 203 37 einzelnen
2408 3294 184 39 Vereine.
2648 3296 37 37 3.
3147 3295 106 39 Chor
3288 3295 69 39 mit

1813 3353 212 41 Orchester
2053 3367 75 27 von
2158 3354 42 40 C.
2229 3354 203 40 Kreutzer.

1889 3417 51 41 11.
1970 3418 256 50 Abtheilung.
2279 3418 37 37 4.
2758 3428 75 26 von
2871 3417 42 38 F.
2943 3416 177 40 Kücken.
3163 3417 192 50 Vorträge

1813 3479 70 37 der
1923 3479 202 39 einzelnen
2155 3478 185 40 Vereine.
2395 3479 36 38 5.
2461 3477 337 47 „Abschiedstafel
2803 3481 20 16 44
2873 3489 73 27 von
2987 3478 42 38 F.
3059 3478 297 40 Mendelssohn-

1811 3539 228 52 Bartholdy.
2069 3541 34 37 6.
2134 3540 104 46 „Der
2265 3540 130 38 Rhein
2400 3544 20 14 44
2425 3570 7 16 ,
2463 3539 106 39 Chor
2597 3538 70 39 mit
2695 3538 212 39 Orchester
2936 3551 75 26 von
3039 3540 35 38 J.
3098 3539 152 52 Panny.

1893 3601 87 38 Wir
2018 3601 136 38 freuen
2192 3613 87 34 uns,
2330 3601 88 38 dass
2460 3613 76 26 von
2575 3599 155 39 keinem
2763 3599 252 46 Wettstreite,
3059 3599 174 40 Concurs
3274 3601 80 38 und

1813 3662 285 50 Sängerkriege
2141 3662 64 38 bei
2247 3662 147 39 diesem
2432 3662 114 38 Feste
2588 3660 63 39 die
2693 3660 111 39 Rede
2846 3660 69 45 ist;
2961 3660 63 39 die
3054 3661 202 39 Tonkunst
3283 3663 73 37 soll

1813 3722 169 40 Frieden
2011 3723 80 38 und
2111 3723 151 38 Freude
2291 3722 301 46 verherrlichen,
2620 3722 81 37 und
2730 3720 63 40 die
2808 3721 245 50 Sängerfeste
3081 3723 120 38 sollen
3231 3722 124 38 durch

1813 3784 268 38 Herzlichkeit
2123 3785 80 37 und
2232 3783 120 39 Liebe
2398 3784 62 38 die
2490 3782 213 46 Eintracht,
2747 3782 108 39 nicht
2900 3784 124 38 durch
3054 3783 180 39 Eitelkeit
3273 3784 82 38 und

1812 3843 224 40 Eifersucht
2065 3844 62 39 die
2156 3844 233 39 Zwietracht
2416 3844 222 38 befördern.

1892 3951 263 50 Thalberg
2196 3951 66 38 hat
2303 3950 80 39 sich
2425 3949 99 39 nach
2554 3949 270 40 Brasilien
2853 3949 255 52 eingeschifft.
3164 3951 189 52 Dagegen

1813 4011 272 51 widerspricht
2112 4012 139 38 Liszt
2292 4010 198 39 öffentlich
2532 4011 91 39 dem
2651 4010 208 47 Gerüchte,
2902 4011 87 38 dass
3030 4022 41 28 er
3115 4011 88 39 eine
3233 4012 116 39 Reise

1815 4072 100 39 nach
1944 4072 281 39 Nordamerica
2253 4071 166 40 machen
2448 4072 145 39 werde.
