2344 4155
731 223 163 30 REVUE
930 220 62 31 DE
1028 221 59 29 LA
1121 220 263 37 QUINZAINE

1975 219 55 41 43

76 438 48 28 sa
155 426 309 42 mansuétude
488 421 294 59 protectrice.
811 420 73 40 En
908 419 179 53 réalité,
1114 419 56 42 ils
1201 432 121 29 nous
1356 419 104 41 font
1482 431 65 28 un
1569 431 94 42 peu
1705 415 142 44 l'effet
1888 417 57 42 de
1971 430 44 28 re-

74 495 188 47 tapeurs
284 489 56 41 de
378 486 179 44 vieilles
578 485 149 40 lunes.
776 483 134 40 Nous
936 481 311 42 connaissons
1286 480 156 43 mieux
1487 480 167 55 qu'eux
1700 479 165 56 depuis
1902 478 108 55 long-

75 558 151 46 temps
265 565 50 28 ce
341 549 134 56 qu'ils
514 560 120 28 nous
669 553 322 34 commentent
1013 558 108 29 avec
1155 545 82 41 des
1264 543 252 57 simagrées
1540 542 226 56 pataudes
1792 555 61 28 ou
1896 540 120 42 sacri-

76 611 126 55 lèges
228 626 12 38 ;
273 612 56 42 ils
360 625 56 27 ne
442 615 340 49 comprennent
799 606 102 43 rien
924 607 26 42 à
974 620 50 29 ce
1047 620 90 42 que
1163 620 121 28 nous
1307 605 196 53 faisons,
1545 619 61 28 ou
1631 604 248 56 l'ignorent
1900 604 137 41 d'une

77 673 199 43 sérénité
301 669 377 59 imperturbable.

132 737 65 42 Le
246 734 297 45 virtuosisme
588 731 296 43 inconscient
928 740 69 33 est
1028 732 42 41 le
1118 732 131 55 signe
1291 731 111 42 d'un
1455 739 71 34 art
1576 730 214 43 exténué,
1841 728 73 42 On
1941 728 97 42 s'en

76 798 210 55 aperçoit
314 803 159 35 autant
496 795 26 41 à
543 808 51 28 ce
627 808 88 41 que
757 807 87 29 nos
864 793 178 43 voisins
1068 807 120 29 nous
1213 801 250 47 apportent
1501 793 55 42 de
1580 793 117 41 neuf
1714 791 136 56 qu'au
1885 790 133 43 traite-

76 869 127 33 ment
227 859 133 55 qu'ils
385 857 102 42 font
521 856 130 43 subir
675 857 25 40 à
725 856 124 42 leurs
873 856 107 56 plus
1004 856 214 56 glorieux
1242 854 203 43 défunts.
1488 855 62 41 Ils
1582 855 269 52 rabâchent,
1876 866 56 29 en
1971 853 67 41 les

76 921 279 51 déformant,
388 920 81 41 des
501 927 122 34 mots
650 918 151 43 divins
848 918 137 56 qu'ils
1016 917 304 43 n'entendent
1342 916 123 56 plus,
1491 925 45 33 et
1560 916 297 42 centonisent
1897 928 58 28 en
1990 928 48 28 se

75 984 201 55 figurant
296 982 142 42 créer.
468 982 124 40 Leur
616 989 70 33 art
708 980 233 56 classique
958 980 122 42 avait
1097 980 72 42 été
1187 979 42 42 le
1253 978 112 43 fruit
1385 978 245 57 splendide
1656 977 380 43 d'assimilations

73 1046 93 42 très
192 1043 283 43 différentes.
524 1041 282 58 Etrangères
836 1057 62 27 ou
940 1042 330 52 autochtones,
1317 1041 33 42 il
1375 1043 228 53 s'empara
1644 1042 81 41 des
1767 1053 271 29 ressources

73 1105 408 57 contemporaines
521 1119 121 42 pour
679 1106 67 42 les
791 1104 169 43 fondre
1002 1118 58 28 en
1093 1118 87 28 son
1220 1103 313 43 harmonieux
1574 1102 282 56 organisme,
1884 1110 45 34 et
1971 1102 67 41 les

73 1168 162 55 épuisa
258 1176 172 34 toutes.
454 1168 40 42 A
516 1168 242 42 remâcher
789 1181 76 29 ces
889 1166 159 43 reliefs
1070 1167 200 56 digérés,
1310 1166 45 41 la
1388 1165 216 55 musique
1628 1165 262 42 allemande
1913 1163 123 56 périt

74 1229 292 44 d'inanition.
413 1231 98 42 Son
542 1243 231 29 marasme
813 1229 191 56 présent
1028 1237 70 34 est
1140 1229 233 55 analogue
1407 1228 26 41 à
1467 1227 123 42 celui
1616 1228 63 41 où
1702 1235 135 33 notre
1876 1226 163 56 poésie

72 1292 229 55 française
328 1291 196 51 s'étiola,
548 1300 104 33 tout
672 1292 42 42 le
737 1303 131 31 XVIII®
893 1290 156 51 siècle,
1083 1289 201 44 étouffée
1329 1303 110 29 sous
1463 1302 94 29 une
1589 1289 163 41 ombre
1778 1296 193 48 auguste
1996 1296 46 33 et

73 1353 293 45 devancière.
404 1353 49 43 Si
496 1354 251 56 grandiose
790 1367 90 42 que
927 1353 91 42 soit
1057 1367 65 28 un
1142 1352 189 56 temple,
1356 1351 198 42 l'ombre
1582 1365 58 28 en
1682 1359 71 34 est
1773 1349 192 43 humide
1997 1358 45 33 et

74 1417 182 42 nocive.
277 1417 73 41 Au
367 1416 94 42 lieu
486 1416 74 56 d'y
585 1416 238 42 somnoler
854 1416 25 41 à
908 1413 183 58 jamais,
1122 1415 148 50 béats,
1293 1428 120 28 nous
1449 1427 143 29 avons
1613 1411 181 57 préféré
1823 1411 217 55 respirer,

77 1478 108 42 d'où
210 1478 194 56 qu'elles
428 1478 229 54 vinssent,
701 1487 157 33 toutes
884 1478 68 42 les
985 1477 148 42 brises
1159 1477 154 41 saines
1358 1475 286 43 réchauffées
1672 1488 58 28 au
1756 1474 134 42 soleil
1916 1475 56 41 de
1997 1475 44 41 la

75 1550 181 34 nature.
279 1541 134 42 Nous
445 1554 143 29 avons
632 1540 140 43 adoré
806 1541 200 42 d'autres
1055 1539 151 42 Dieux
1230 1553 11 38 ;
1289 1537 314 58 aujourd'hui,
1629 1537 112 42 c'est
1785 1536 112 42 chez
1922 1550 119 28 nous

74 1603 137 56 qu'en
242 1603 223 42 continue
484 1603 44 42 la
558 1616 105 29 race
687 1611 44 33 et
754 1602 381 55 qu'incohérents
1159 1600 144 43 fakirs
1335 1614 61 28 ou
1416 1600 140 42 falots
1592 1599 223 56 épigones
1838 1607 204 46 peuvent

75 1675 43 32 et
142 1666 192 42 doivent
356 1665 133 43 venir
512 1665 191 42 écouter
719 1664 45 42 la
796 1665 166 41 Parole
987 1663 215 44 féconde.
1227 1664 42 41 A
1292 1676 52 29 ce
1377 1663 135 55 point
1533 1663 55 41 de
1610 1675 103 39 vue,
1740 1661 26 41 à
1789 1661 153 40 moins
1968 1661 74 54 d'y

72 1728 101 43 voir
193 1741 93 28 une
311 1727 420 43 commémoration
748 1727 214 54 funèbre,
987 1741 92 27 une
1105 1734 124 34 sorte
1253 1726 57 42 de
1347 1726 117 41 bout
1498 1725 55 41 de
1578 1724 91 41 l'an
1702 1723 311 55 pseudo-sécu-

73 1791 127 51 laire,
242 1804 66 28 un
352 1807 21 21 «
399 1789 201 43 Festival
644 1790 270 42 Beethoven
939 1802 23 29 »
1002 1789 209 56 apparaît
1247 1800 204 43 presque
1488 1800 66 28 un
1578 1786 360 42 anachronisme
1983 1798 58 27 au

75 1853 161 42 milieu
261 1854 56 40 de
362 1861 134 33 notre
539 1852 233 56 musique.
814 1853 127 41 Pour
987 1865 137 39 nous,
1154 1850 267 42 Beethoven
1453 1858 70 33 est
1567 1849 110 41 bien
1723 1856 135 33 mort.
1904 1845 136 49 Mais?

74 1915 245 52 vraiment,
346 1929 121 28 nous
492 1915 177 42 l'avons
696 1924 106 46 trop
828 1914 120 41 aimé
981 1923 44 33 et
1044 1927 121 28 nous
1186 1913 215 41 l'aimons
1427 1925 171 29 encore
1624 1924 130 28 assez
1773 1923 122 42 pour
1930 1908 111 56 qu'il

74 1977 85 54 pût
182 1977 187 54 espérer
393 1977 56 41 de
487 1984 133 34 notre
654 1976 222 42 souvenir
904 1989 65 28 un
1011 1983 277 33 monument
1321 1983 45 33 et
1387 1973 80 41 des
1514 1984 283 39 couronnes,
1842 1984 107 28 sans
1973 1983 46 28 re-

76 2039 165 41 douter
257 2038 44 42 la
323 2038 165 42 facétie
513 2039 217 41 macabre
755 2039 56 41 de
854 2039 65 41 M.
952 2037 330 55 Weingartner
1317 2035 282 56 gambadant
1633 2048 89 27 aux
1756 2033 109 41 frais
1898 2033 56 40 de
1992 2045 50 28 sa

76 2109 166 44 statue,
269 2108 44 34 et
336 2099 171 43 faisant
527 2109 154 33 sauter
706 2100 115 42 neuf
840 2099 88 42 fois
961 2113 87 28 son
1070 2099 139 42 vieux
1230 2098 176 55 Pégase
1427 2098 56 41 de
1505 2096 186 42 bataille
1715 2096 25 41 à
1761 2104 176 35 travers
1959 2095 82 42 des

76 2176 225 29 cerceaux
327 2163 56 41 de
409 2162 171 54 clown,
607 2176 89 28 aux
727 2162 256 42 moulinets
1009 2162 139 41 d'une
1179 2174 138 42 verge
1340 2159 210 44 d'ébène.

1483 2236 391 42 Jean
1874 2236 1 42 Marnold.

761 2491 215 28 FESTIVAL
1006 2490 361 29 WEINGARTNER.

133 2577 19 40 5
167 2588 96 29 MAI.
351 2576 71 41 En
444 2574 128 56 dépit
593 2575 63 42 du
677 2575 108 42 titre
805 2573 171 44 officiel
992 2589 22 26 «
1037 2574 203 43 Festival
1266 2573 271 43 Beethoven
1556 2587 39 38 »,
1611 2571 433 55 c'estuniquement

74 2650 119 41 pour
211 2637 42 42 le
277 2637 351 56 kapellmeister
649 2651 89 41 que
761 2637 66 42 les
874 2650 112 43 gens
1029 2644 108 35 sont
1155 2650 166 38 venus,
1354 2649 92 42 peu
1491 2634 262 43 nombreux
1790 2632 252 44 d'ailleurs.

77 2700 307 53 L'orchestre,
410 2698 270 44 insuffisant
699 2699 74 56 (80
799 2699 304 41 instruments
1128 2699 56 41 de
1209 2697 332 43 l'Association
1568 2697 249 54 Colonne),
1865 2694 178 43 semble

75 2775 163 28 morne
264 2770 44 33 et
331 2761 91 56 gris
444 2776 59 27 en
527 2776 53 28 ce
606 2762 455 42 Nouveau-Théâtre
1101 2762 63 41 où
1202 2759 187 43 l'armée
1408 2761 57 42 de
1486 2758 269 43 Chevillard
1780 2757 200 42 résonne
2003 2757 39 40 si

75 2823 267 43 bellement.
359 2824 264 54 D'ailleurs,
640 2823 82 42 nul
743 2824 230 50 n'écoute,
994 2837 61 28 on
1070 2837 49 28 se
1145 2830 219 34 contente
1389 2823 55 40 de
1469 2821 216 56 regarder
1696 2820 341 55 Weingartner,

75 2888 155 50 sobre,
256 2895 43 32 et
320 2886 56 42 de
399 2886 224 56 mimique
650 2885 37 42 si
710 2886 197 41 discrète
930 2898 88 43 que
1042 2886 46 40 la
1112 2884 165 56 simple
1299 2883 244 43 extension
1575 2884 55 40 de
1656 2897 86 27 son
1774 2883 105 40 bras
1918 2879 125 44 droit

75 2947 127 42 suffit
223 2948 24 41 à
272 2949 166 40 rendre
464 2962 49 27 sa
537 2949 215 54 baguette
774 2947 409 42 irrésistiblement
1202 2945 289 57 impérative.
1516 2947 227 54 Attaques
1776 2959 21 26 «
1823 2958 57 27 en
1919 2956 100 29 esca-

72 3009 84 42 lier
179 3023 23 28 »
225 3023 181 28 comme
454 3010 81 41 des
562 3010 180 41 entrées
787 3010 56 41 de
865 3009 141 56 fugue
1024 3027 11 33 ;
1058 3008 182 43 cuivres
1263 3008 148 56 aigres
1430 3016 46 34 et
1498 3021 106 29 crus
1620 3024 12 33 ;
1659 3021 58 27 au
1757 3007 188 55 scherzo
1985 3004 56 42 de

72 3071 25 40 Y
102 3072 240 55 Héroïque
348 3106 8 18 )
383 3072 318 55 d'imprévues
747 3072 344 55 gargouillades
1118 3071 56 42 de
1197 3084 105 28 cors
1328 3078 194 34 mettent
1545 3069 42 42 le
1611 3068 159 57 public
1795 3082 56 28 en
1876 3067 111 55 joie.

129 3164 27 40 7
179 3162 96 27 MAI.
382 3149 146 41 Foule
551 3149 206 41 énorme.
785 3149 328 54 Weingartner
1138 3159 226 30 conserve
1390 3160 51 28 sa
1465 3145 248 56 simplicité
1759 3144 283 49 d'attitudes.

79 3211 163 41 Bonne
266 3210 136 54 leçon
425 3224 120 41 pour
579 3210 68 42 les
693 3210 129 42 chefs
868 3211 289 41 d'orchestre
1201 3210 96 54 qui,
1343 3208 284 42 conduisant
1669 3215 104 33 tout
1813 3220 110 28 avec
1963 3207 80 41 des

77 3274 106 40 bras
201 3273 211 52 envolés,
439 3281 106 33 sont
569 3273 287 41 condamnés
881 3272 25 42 à
947 3271 255 56 l'épilepsie
1246 3271 82 41 dès
1374 3271 112 55 qu'il
1505 3271 102 41 leur
1636 3269 99 42 faut
1766 3267 212 43 insuffler
2001 3269 45 41 la

75 3335 191 54 passion
292 3349 58 28 au
367 3348 129 29 cœur
520 3335 56 41 de
593 3335 124 41 leurs
739 3334 314 45 administrés.
1081 3333 113 42 Trio
1216 3333 56 42 de
1295 3333 81 42 Vut
1418 3333 181 41 mineur
1637 3332 97 55 pris
1780 3331 107 55 plus
1926 3331 96 55 rapi-

79 3398 186 41 dement
277 3410 90 42 que
392 3398 55 40 de
473 3405 237 33 coutume.
732 3396 191 43 Succès.
952 3398 64 40 Le
1044 3396 111 52 soir,
1182 3396 207 55 banquet
1412 3395 112 41 chez
1551 3394 249 55 Marguery
1817 3406 8 26 :
1851 3392 193 53 barbue,

81 3459 110 41 selle
232 3460 245 54 d'agneau,
520 3467 217 46 caneton,
785 3459 216 41 discours
1044 3459 56 41 de
1148 3457 167 42 Maître
1349 3457 247 56 Gheramy,
1644 3456 207 54 longuet,
1884 3455 163 41 louant

79 3520 325 56 Weingartner
425 3522 55 40 de
506 3521 226 42 conduire
759 3521 273 43 Beethoven
1048 3534 107 28 sans
1193 3518 225 57 partition
1455 3519 235 53 (Colonne
1717 3517 164 52 sourit,
1923 3516 93 42 Che-

79 3582 165 42 villard
260 3596 48 28 se
328 3582 122 54 tord)
478 3591 44 33 et
547 3592 259 46 apprenant
822 3597 88 27 aux
935 3582 191 43 dîneurs
1147 3581 207 43 diverses
1365 3580 343 56 particularités
1727 3593 94 42 peu
1836 3591 209 29 connues

78 3657 76 28 sur
176 3644 42 42 le
242 3645 164 41 maître
438 3646 56 41 de
522 3646 137 40 Bonn
684 3645 92 55 qui,
801 3659 120 28 nous
944 3658 159 28 assure
1141 3645 42 41 le
1225 3653 163 33 savant
1413 3643 165 53 avoué,
1602 3643 112 41 était
1734 3642 198 44 sourd...
1956 3641 90 42 Ces

74 3706 279 43 révélations
380 3706 231 44 semblent
634 3707 250 43 intéresser
908 3706 330 55 Weingartner
1267 3705 450 56 prodigieusement.

1774 3781 76 41 W.
