2344 4155
269 733 111 80 LE
441 733 584 87 VIEILLARD

705 975 132 84 ET
898 978 115 84 LE
1076 980 345 87 JEUNE
1488 985 424 85 HOMME

1093 1431 131 41 Pour
1393 1444 174 45 agacer
1581 1433 152 44 Louis

158 1583 78 53 Le
268 1583 141 70 petit
458 1585 253 56 vieillard
744 1605 202 37 secoua
978 1590 320 54 tristement
1322 1592 51 54 la
1404 1599 110 48 tête
1557 1609 56 40 et
1646 1597 83 55 dit
1774 1618 132 34 avec
1936 1604 106 52 dou-

94 1675 128 37 ceur
244 1675 11 35 :

251 1735 377 72 Croyez-moi,
670 1757 136 36 mon
830 1741 163 68 jeune
1026 1742 131 64 ami,
1187 1743 51 54 la
1261 1745 264 71 Musique
1580 1763 81 39 est
1693 1751 50 51 la
1785 1752 127 70 plus
1945 1773 98 52 per-

92 1812 106 52 fide
226 1812 96 53 des
376 1816 323 52 maîtresses
745 1831 52 38 et
835 1818 50 52 la
943 1820 127 68 plus
1108 1820 359 71 impérieuse.
1515 1825 124 52 Elle
1682 1827 154 71 exige
1883 1831 67 52 de
1986 1849 89 34 ses

94 1902 217 40 amants
358 1891 48 52 le
443 1892 113 52 don
588 1895 156 64 total,
786 1907 73 56 et,
901 1896 291 70 lorsqu'on
1224 1898 69 52 l'a
1323 1900 141 52 dans
1507 1902 48 52 le
1588 1920 155 53 sang,
1801 1906 102 52 elle
1934 1926 141 36 vous

90 1966 150 52 lâche
269 1981 11 38 :
321 1985 140 35 vous
485 1968 298 56 vieillissez
815 1983 53 41 et
899 1972 101 52 elle
1033 1973 183 54 refuse
1248 1975 69 52 de
1347 1976 206 54 vieillir
1590 1997 129 36 avec
1748 1999 158 37 vous.
1935 1985 139 53 Bien

103 2041 146 71 plus,
297 2043 103 52 elle
439 2062 57 35 se
518 2044 99 54 fait
640 2065 79 34 un
740 2047 89 69 jeu
862 2047 150 53 cruel
1045 2050 67 50 de
1144 2050 250 68 rajeunir
1428 2053 214 71 chaque
1667 2055 127 67 jour
1818 2071 55 39 et
1903 2060 68 52 de
2015 2079 56 34 se

96 2119 329 54 renouveler
462 2121 46 52 si
551 2123 438 69 profondément
1041 2142 107 52 que
1187 2144 141 36 vous
1378 2128 223 56 finissez
1627 2150 102 52 par
1759 2150 69 35 ne
1862 2136 127 70 plus
2019 2137 52 53 la

91 2197 367 53 reconnaître.
517 2197 265 56 Chacune
815 2202 95 52 des
952 2202 201 52 heures
1187 2203 98 69 qui
1338 2204 301 56 s'écoulent
1670 2227 139 36 vous
1851 2212 218 71 éloigne

89 2272 157 52 d'elle
270 2273 306 72 davantage
605 2295 12 45 ;
639 2295 139 35 vous
801 2290 187 40 sentez
1008 2291 315 42 nettement
1348 2300 107 51 que
1488 2301 141 37 vous
1651 2301 264 39 mourrez
1939 2307 128 36 sans

89 2348 236 69 pouvoir
341 2362 291 43 retrouver
673 2352 195 68 jamais
891 2372 87 34 ses
1020 2371 245 37 caresses
1305 2357 257 66 enfuies;
1609 2373 54 40 et
1703 2380 139 37 vous
1869 2370 200 63 goûtez

84 2424 77 54 les
186 2423 136 67 joies
353 2429 217 51 amères
603 2431 75 50 du
722 2429 263 54 souvenir
1026 2432 249 68 pendant
1308 2451 128 51 que,
1464 2453 132 37 sous
1621 2455 101 34 vos
1751 2457 163 51 yeux,
1944 2442 96 53 l'in-

85 2502 157 52 fidèle
268 2502 188 56 enivre
477 2505 66 53 de
569 2523 293 38 nouveaux
901 2521 238 39 amants.
1169 2508 150 56 C'est
1350 2527 110 37 une
1492 2513 234 55 affreuse
1769 2516 251 55 tristesse
2051 2526 9 44 !

91 2577 146 54 C'est
260 2597 175 35 une...

150 2655 76 52 Le
259 2654 164 69 jeune
454 2658 229 53 homme
716 2659 251 55 imberbe
990 2674 54 40 et
1077 2662 230 53 chevelu
1340 2664 179 54 sourit
1543 2683 129 36 avec
1704 2668 290 55 suffisance
2013 2685 53 38 et

82 2728 357 75 interrompit
471 2745 140 41 cette
641 2734 192 55 litanie
866 2753 13 36 :

235 2809 156 53 Vous
423 2810 161 55 faites
631 2812 71 67 là,
753 2813 313 67 Monsieur,
1112 2814 48 52 le
1213 2819 199 66 procès
1451 2818 69 51 de
1567 2819 49 51 la
1652 2818 105 54 vie.
1816 2820 152 55 C'est
1994 2841 68 34 en

84 2883 140 68 effet,
251 2900 255 40 assurent
533 2888 78 52 les
641 2894 409 66 compétences,
1075 2907 110 37 une
1218 2909 156 36 assez
1406 2894 337 55 lamentable
1775 2912 285 54 aventure,

82 2959 137 53 mais
244 2978 144 38 nous
435 2964 51 52 la
537 2977 226 42 tentons
806 2965 255 69 toujours
1111 2986 131 34 avec
1272 2986 111 35 une
1437 2972 294 53 confiance
1782 2977 276 52 nouvelle.

82 3035 207 55 Jamais
341 3039 52 52 la
431 3040 210 53 crainte
696 3044 96 51 des
851 3044 344 53 souffrances
1253 3045 300 70 probables
1625 3050 304 54 n'écartera
1982 3053 78 52 les

84 3110 252 57 hommes
359 3118 67 50 de
449 3118 254 53 l'amour.
729 3119 75 52 Et
828 3121 131 51 c'est
979 3120 48 52 le
1047 3121 126 69 plus
1202 3123 263 52 salutaire
1491 3125 99 52 des
1616 3128 439 68 aveuglements.

77 3187 64 53 Je
189 3190 475 57 n'abandonnerai
696 3196 144 52 donc
890 3214 98 53 pas
1041 3198 52 50 la
1122 3199 285 70 musique,
1441 3217 93 36 car
1578 3199 47 68 je
1657 3201 80 54 lui
1780 3203 122 53 dois
1936 3204 122 69 déjà

81 3275 123 58 trop
249 3267 66 51 de
357 3267 238 55 frissons
633 3271 251 56 heureux
913 3289 148 53 pour
1092 3273 176 53 croire
1310 3275 304 55 volontiers
1644 3280 30 50 à
1696 3297 60 33 sa
1779 3279 274 54 trahison.

150 3341 44 51 Il
224 3342 101 68 dit,
359 3358 53 39 et
442 3364 219 37 caressa
691 3349 78 52 les
811 3365 142 54 pans
985 3351 349 69 orgueilleux
1365 3353 67 52 de
1454 3372 60 34 sa
1538 3367 213 41 cravate
1776 3356 275 54 flottante.

141 3417 274 56 —Hélas!
438 3421 87 69 j'ai
543 3435 135 42 tenu
696 3424 48 52 le
766 3427 184 51 même
967 3425 500 72 langage,soupira
1488 3430 48 52 le
1554 3430 164 55 vieux
1737 3433 314 67 Monsieur,

77 3501 51 41 et
164 3492 47 66 je
242 3496 203 53 souffre
470 3500 68 52 de
575 3516 69 36 ne
668 3501 240 70 pouvoir
926 3520 140 36 vous
1116 3519 70 37 en
1230 3502 140 55 faire
1411 3505 175 55 sentir
1632 3507 50 53 la
1717 3509 207 52 vanité.
1947 3510 105 52 J'ai

78 3582 180 40 connu
288 3585 155 39 votre
482 3574 107 68 joie
611 3581 160 50 naïve
796 3579 67 52 de
895 3580 305 70 néophyte,
1229 3594 55 39 et
1324 3598 137 36 mon
1507 3581 450 74 intransigeance
1981 3603 70 34 ne

82 3641 82 53 fat
199 3662 98 52 pas
327 3648 257 56 moindre
604 3651 253 55 vis-à-vis
881 3656 98 51 des
1003 3656 351 55 mélomanes
1385 3661 129 67 âgés
1539 3678 108 52 que
1693 3661 359 53 scandalisait

80 3734 133 38 mon
232 3723 144 52 culte
407 3744 145 51 pour
583 3728 80 53 les
693 3731 293 69 musiques
1012 3732 143 54 dites
1199 3735 574 54 révolutionnaires...
1798 3740 85 51 Ne
1926 3755 91 37 sou-

81 3792 107 55 riez
209 3814 120 52 pas,
358 3816 134 37 mon
513 3800 161 69 jeune
692 3806 132 66 ami,
847 3822 73 36 on
952 3824 29 34 a
1002 3808 260 69 toujours
1295 3814 84 49 été
1406 3811 471 53 révolutionnaire
1903 3830 144 52 pour
