2344 4155
690 216 56 29 LE
783 219 167 28 DRAME
985 217 217 32 MUSICAL
1237 219 239 32 MODERNE

2022 230 48 41 13

163 416 151 55 C'est
339 436 66 35 au
455 433 133 34 nom
658 415 66 52 de
778 415 365 68 l'expression
1204 419 352 71 dramatique
1603 439 109 52 que
1755 424 257 71 Wagner
2049 448 28 33 a

97 494 272 71 accompli
400 510 56 34 sa
480 491 258 52 réforme.
776 492 107 51 Les
906 491 297 55 chanteurs
1228 513 219 35 comme
1481 497 321 55 l'orchestre
1841 518 69 35 ne
1957 504 90 52 doi-

96 584 149 53 vent,
281 571 152 52 selon
459 565 96 66 lui,
581 566 153 53 avoir
755 567 211 54 d'autre
986 570 115 51 rôle
1123 588 108 52 que
1264 572 66 52 de
1357 574 246 53 traduire
1626 576 48 51 le
1711 594 126 36 sens
1863 579 97 51 des
1984 598 62 51 pa-

94 647 145 52 roles
264 660 54 38 et
346 647 63 51 de
435 641 285 71 souligner
752 643 79 53 les
863 643 310 55 intentions
1198 649 74 50 du
1316 650 180 68 poète.
1536 649 95 54 On
1677 652 209 54 évitera
1932 655 145 52 donc

93 743 89 33 ces
198 737 291 39 morceaux
512 722 32 50 à
579 720 181 52 forme
784 721 122 63 fixe,
931 740 89 34 ces
1043 722 108 54 airs
1178 741 128 36 avec
1331 727 252 69 couplets
1606 740 52 39 et
1686 730 261 70 reprises,
1979 732 95 69 qui

93 800 158 51 n'ont
267 812 141 56 pour
430 795 151 68 objet
609 814 106 52 que
742 797 66 52 de
833 796 134 55 faire
988 798 177 53 valoir
1198 817 109 36 une
1343 802 141 52 belle
1517 804 127 52 voix
1682 823 72 34 ou
1790 824 110 34 une
1932 807 142 52 belle

93 876 145 70 ligne
270 872 340 69 mélodique,
653 886 55 39 et
746 873 96 70 qui
882 873 414 74 interrompent
1340 878 241 55 l'action.
1639 880 94 54 On
1772 900 305 37 renoncera

89 950 150 53 aussi
271 953 28 47 à
322 965 87 34 ces
436 950 314 52 ensembles
786 952 66 51 de
868 951 233 53 l'ancien
1126 957 191 66 opéra,
1353 957 71 50 où
1454 957 262 52 l'amante
1749 971 53 40 et
1820 960 253 63 l'amant,

90 1027 47 52 le
163 1040 159 56 tyran
348 1037 52 40 et
432 1026 48 51 le
511 1027 211 65 traître,
762 1027 47 51 le
855 1027 278 55 bourreau
1170 1042 52 38 et
1261 1049 60 34 sa
1348 1031 225 54 victime
1621 1036 340 69 s'égosillent
2006 1038 67 51 de

88 1101 325 71 compagnie
433 1115 52 39 et
506 1103 306 52 vocalisent
833 1107 30 50 à
879 1118 156 56 perte
1061 1106 274 54 d'haleine
1362 1126 96 34 sur
1484 1111 96 51 des
1606 1112 219 67 paroles
1843 1113 203 70 insigni-

88 1179 193 51 fiantes
314 1191 55 38 et
398 1178 283 55 d'ailleurs
700 1179 440 73 inintelligibles.
1173 1185 396 69 Remarquons
1595 1204 69 34 en
1688 1202 229 55 passant
1964 1207 108 52 que

87 1257 252 67 Wagner
362 1254 296 54 lui-même
677 1275 56 33 se
757 1272 216 53 permet
1005 1259 272 69 quelques
1301 1261 331 53 infractions
1658 1267 29 47 à
1725 1277 141 40 cette
1903 1266 166 70 règle.

87 1332 43 52 Il
153 1351 35 51 y
212 1350 30 33 a
267 1333 66 51 de
357 1332 296 52 véritables
676 1351 290 35 romances
991 1337 138 49 dans
1155 1337 51 51 la
1571 1351 52 39 et
1645 1339 137 53 dans

85 1408 37 52 il
158 1426 84 52 ya
266 1426 77 35 un
383 1408 276 70 quintette
715 1411 137 52 dans
902 1412 79 51 les
1957 1412 120 52 Maî
1627 1431 13 48 ;
1694 1428 53 40 et
1794 1417 78 51 les
1923 1418 142 52 duos

87 1486 251 52 d'amour
358 1503 56 33 se
436 1486 307 52 terminent
780 1487 309 54 volontiers
1128 1506 100 53 par
1260 1489 97 52 des
1383 1491 314 53 ensembles

93 1562 225 53 Tristan
325 1566 37 66 ),
388 1579 218 36 comme
632 1563 83 52 s'il
742 1564 133 54 était
905 1566 127 68 plus
1053 1567 217 52 naturel
1293 1568 67 51 de
1386 1568 185 69 parler
1602 1571 112 50 àla
1768 1569 108 52 fois
1923 1572 116 53 lors-

84 1639 167 69 qu'on
275 1639 151 70 parle
459 1640 256 54 d'amour
752 1659 107 53 que
887 1659 96 36 sur
1013 1654 123 41 tout
1167 1656 157 39 autre
1378 1642 162 68 sujet.
1581 1646 45 50 Il
1675 1646 127 52 n'en
1844 1659 83 40 est
1969 1667 100 51 pas

82 1715 184 52 moins
296 1717 120 52 vrai
442 1734 108 52 que
583 1736 57 33 ce
666 1718 99 70 qui
805 1718 249 67 domine,
1084 1720 137 53 dans
1244 1720 76 53 les
1347 1720 146 53 rôles
1519 1722 66 51 de
1611 1723 274 70 Wagner,
1935 1727 132 51 c'est

83 1808 107 37 une
223 1793 373 52 déclamation
620 1798 165 48 notée
818 1808 51 38 et
901 1795 302 52 fortement
1236 1802 315 47 accentuée.

149 1868 151 53 C'est
318 1869 147 52 aussi
492 1887 96 35 sur
619 1870 77 52 les
733 1884 217 38 accents
973 1872 65 52 de
1072 1872 51 50 la
1150 1873 189 68 parole
1362 1891 108 52 que
1501 1892 56 33 se
1583 1875 148 69 règle
1771 1879 110 48 très
1915 1894 123 36 scru-

82 1945 391 69 puleusement
496 1947 241 50 Vincent
757 1948 220 68 d'lndy.
1011 1948 144 52 Mais
1189 1967 88 33 ces
1298 1963 219 38 accents
1537 1964 128 38 sont
1682 1969 134 35 ceux
1849 1953 75 52 du
1950 1954 89 51 lan-

82 2039 132 52 gage
235 2023 258 67 français,
512 2021 67 54 ils
614 2037 127 38 sont
786 2024 371 53 harmonieux
1189 2038 52 38 et
1286 2027 278 64 modérés,
1627 2043 127 36 sans
1796 2028 119 52 rien
1970 2030 97 69 qui

80 2099 243 70 rappelle
356 2100 79 50 les
480 2099 279 70 brusques
821 2100 317 70 explosions
1199 2101 66 51 de
1326 2101 318 54 l'allemand
1681 2119 11 38 :
1764 2105 129 51 d'où
1954 2122 111 37 une

79 2174 144 70 ligne
244 2175 325 71 mélodique
601 2178 124 68 plus
750 2176 194 65 suivie,
973 2178 186 52 moins
1193 2178 232 70 abrupte
1458 2193 52 37 et
1556 2180 187 52 moins
1797 2181 229 54 heurtée
2049 2201 13 47 ;

78 2267 142 36 nous
257 2269 248 36 sommes
544 2253 115 52 loin
706 2253 69 52 ici
804 2254 97 52 des
941 2254 205 68 grands
1180 2258 175 48 écarts
1401 2254 268 53 familiers
1722 2260 30 47 à
1775 2256 287 72 fWagner.

79 2328 88 50 En
200 2341 178 50 outre,
409 2345 73 36 on
510 2343 123 38 sent
656 2347 105 52 que
800 2330 238 52 l'auteur
1068 2348 30 33 a
1122 2330 48 51 le
1203 2344 216 56 respect
1449 2333 68 50 de
1560 2333 51 50 la
1659 2333 149 66 voix,
1844 2347 52 39 et
1928 2335 135 69 qu'il

78 2402 139 54 aime
237 2409 29 47 à
290 2405 305 52 l'entendre
628 2405 246 55 chanter.
905 2408 106 50 Les
1046 2406 304 52 musiciens
1382 2406 333 69 allemands,
1749 2421 53 40 et
1834 2409 78 53 les
1938 2411 126 69 plus

77 2481 219 67 grands,
324 2499 76 34 un
426 2482 169 66 Bach,
623 2500 73 33 un
727 2482 340 68 Beethoven,
1094 2500 79 35 un
1192 2484 275 68 Wagner,
1512 2485 271 52 n'aiment
1814 2489 168 67 guère
2015 2489 49 49 la

75 2557 142 66 voix,
245 2576 74 36 ou
353 2561 74 51 du
452 2559 187 52 moins
665 2576 68 35 ne
759 2560 50 51 la
832 2560 226 52 traitent
1081 2578 98 52 pas
1206 2576 68 35 en
1300 2559 163 68 amie,
1499 2561 142 51 mais
1700 2579 68 34 en
1809 2576 254 40 servante

75 2634 94 69 qui
204 2635 116 53 doit
344 2636 158 52 obéir
522 2649 54 38 et
598 2635 157 67 faire,
780 2641 161 48 coûte
969 2655 107 51 que
1096 2641 179 60 coûte,
1296 2655 58 33 sa
1373 2637 178 69 partie
1564 2639 139 52 dans
1716 2640 343 67 l'ensemble,

75 2712 28 49 à
127 2722 209 41 travers
355 2712 77 52 les
458 2711 318 53 intervalles
808 2714 47 49 le
882 2714 125 67 plus
1056 2712 250 71 pénibles
1354 2725 53 39 et
1438 2712 77 51 les
1560 2714 126 68 plus
1730 2715 329 70 disparates.

75 2787 236 54 Vincent
342 2789 202 69 d'lndy
582 2808 48 49 a,
666 2808 68 34 au
766 2790 297 65 contraire,
1089 2790 47 51 le
1160 2806 127 35 sens
1312 2801 54 38 et
1391 2790 47 51 le
1465 2790 153 52 souci
1644 2791 66 52 de
1741 2791 319 70 l'euphonie

73 2866 204 61 vocale,
306 2877 54 40 et
381 2883 70 34 en
478 2866 115 52 cela
618 2866 36 52 il
682 2877 82 40 est
785 2865 131 52 bien
944 2883 77 35 un
1056 2865 184 53 Latin.
1278 2863 142 55 Sans
1442 2884 150 34 cesse
1606 2885 58 33 sa
1689 2867 373 54 déclamation

93 2942 11 17 i
182 2942 9 7 .
1558 2931 17 20 \

75 2942 217 51 devient
318 2959 76 35 un
427 2942 188 66 chant,
648 2960 128 34 sans
803 2960 150 34 cesse
985 2943 77 51 les
1118 2955 162 39 notes
1336 2942 374 70 s'organisent
1768 2960 70 34 en
1868 2945 192 51 motifs

75 3018 93 68 qui
192 3031 229 56 passent
451 3032 54 40 et
535 3021 122 51 font
681 3021 151 69 place
859 3026 29 47 à
912 3021 241 51 d'autres
1202 3018 193 52 motifs
1428 3036 197 36 encore
1661 3035 12 37 :
1719 3036 58 36 ce
1810 3036 69 36 ne
1935 3035 128 38 sont

74 3093 156 69 point
254 3096 96 52 des
372 3096 133 67 airs,
539 3114 93 35 car
652 3096 37 52 il
714 3097 94 70 n'y
837 3115 31 34 a
903 3097 59 51 ni
1000 3096 241 70 reprises
1280 3095 59 52 ni
1366 3096 516 70 développements,
1918 3097 141 51 mais

74 3187 56 35 ce
153 3185 124 38 sont
301 3173 123 68 déjà
456 3175 97 50 des
571 3173 251 70 phrases,
852 3178 114 49 très
985 3172 345 71 expressives
1354 3185 52 38 et
1446 3175 113 49 très
1592 3172 304 53 musicales
1929 3178 30 46 à
2004 3173 51 51 la

73 3246 120 67 fois,
245 3248 96 70 qui
365 3248 247 54 forment
651 3261 156 41 entre
839 3250 132 53 elles
995 3266 78 36 un
1112 3250 256 52 discours
1388 3250 166 52 suivi.

140 3324 349 54 L'orchestre
515 3345 49 48 a,
588 3344 219 35 comme
840 3344 75 35 on
943 3326 124 63 sait,
1087 3342 78 36 un
1197 3327 116 51 rôle
1336 3328 111 51 très
1494 3327 312 70 important
1848 3330 139 50 dans
2009 3328 47 52 le

73 3398 186 53 drame
289 3403 321 69 wagnérien
644 3416 15 55 ;
694 3406 110 49 très
835 3403 312 70 important
1169 3415 52 39 et
1253 3421 115 33 non
1400 3404 438 69 prépondérant,
1877 3422 92 35 car
2020 3404 36 51 il

70 3491 66 34 ne
158 3476 115 53 faut
297 3496 98 51 pas
427 3484 112 47 être
572 3482 148 67 dupe
746 3481 95 50 des
875 3479 322 52 exécutions
1236 3481 66 50 de
1329 3478 232 71 l'Opéra
1587 3481 66 50 de
1698 3481 162 52 Paris
1889 3496 11 37 :
1936 3493 122 40 tout

70 3563 79 38 est
177 3557 249 66 arrangé,
460 3558 29 48 à
516 3557 301 67 Bayreuth,
865 3572 145 52 pour
1034 3572 108 52 que
1179 3554 49 52 le
1259 3554 168 52 chant
1475 3554 108 54 soit
1642 3568 414 40 constamment

73 3629 263 66 entendu,
371 3642 53 38 et
455 3648 57 35 se
544 3632 230 52 détache
807 3650 95 34 sur
944 3632 51 51 la
1024 3645 176 38 trame
1258 3632 419 70 symphonique
1716 3650 219 34 comme
1978 3632 77 49 les

70 3719 377 55 personnages
479 3725 97 34 sur
604 3708 49 52 la
685 3708 132 52 toile
858 3709 66 51 de
964 3709 155 51 fond.
1156 3708 144 52 Mais
1352 3709 49 51 le
1451 3709 127 69 plus
1632 3723 238 38 souvent
1922 3709 133 51 c'est

70 3777 128 53 bien
211 3783 29 48 à
262 3780 320 52 l'orchestre
602 3783 135 67 qu'il
755 3783 396 52 fautchercher
1171 3784 47 51 le
1236 3782 268 54 véritable
1523 3801 126 35 sens
1673 3785 165 51 d'une
1856 3785 160 50 scène
2037 3801 14 47 ;
