2344 4155
279 214 60 28 22

966 224 56 28 LE
1055 224 232 31 MERCURE
1320 227 212 30 MUSICAL

564 421 119 51 (Elle
708 422 163 41 chante
893 439 76 27 sur
989 425 98 41 l'air
1105 439 10 29 :
1146 427 63 42 Et
1228 429 105 42 c'est
1354 433 43 37 la
1411 430 146 57 façon
1587 432 54 41 de
1653 432 134 57 faire
1809 432 78 55 qui
1900 431 99 56 fait
2019 435 112 49 tout)
2152 446 9 28 :

712 497 125 41 Dans
861 498 99 42 Fart
980 500 184 43 d'aimer
1185 512 43 32 et
1247 504 99 41 l'art
1360 505 54 41 de
1439 505 149 54 nuire,

714 559 131 39 Nous
868 559 226 54 profitons
1120 563 339 43 différemment
1479 580 9 26 :

713 618 171 54 Grapin
906 633 56 28 ne
985 631 111 44 peut
1119 637 87 40 que
1226 639 115 27 vous
1366 627 223 41 conduire

929 681 272 44 Lentement
1227 699 8 34 ;

712 738 35 39 Il
771 752 57 28 ne
848 740 88 41 m'a
955 741 110 42 fallu
1082 757 119 40 pour
1220 746 276 43 m'instruire

926 802 151 51 Qu'un
1107 816 222 33 moment.

522 899 206 41 MONDOR
748 901 181 53 (chante
960 917 77 28 sur
1059 906 96 41 l'air
1178 921 9 27 :
1216 908 120 42 C'est
1359 910 228 58 Vouvrage
1609 912 101 40 d'un
1733 918 212 48 moment)

708 976 191 54 Agathe,
926 977 222 44 aisément
1171 995 60 27 on
1261 983 155 42 oublie

712 1037 63 40 Ce
800 1050 87 41 que
912 1038 91 41 l'on
1026 1043 204 52 apprend
1260 1043 240 43 aisément.

345 1142 43 50 Il
415 1159 235 52 propose
682 1162 76 35 un
779 1148 361 54 enlèvement.
1167 1154 212 68 Agathe
1409 1155 196 53 refuse.

327 1256 193 40 AGATHE
598 1258 101 41 AUX
720 1258 159 55 leçons
903 1262 56 41 de
985 1263 172 55 Grapin
1180 1279 115 28 vous
1319 1266 132 43 faites
1474 1282 93 41 peu
1590 1270 260 43 d'honneur
1870 1286 9 30 :

708 1321 170 41 Sut-on
897 1323 162 52 jamais
1080 1326 108 41 d'un
1211 1341 257 40 procureur

706 1382 122 41 L'art
847 1383 235 56 d'abréger
1105 1386 43 41 la
1169 1389 257 52 procédure
1451 1390 17 42 ?

365 1528 10 12 \

279 1542 199 41 SCENE
510 1544 75 42 IV.
609 1548 281 53 —AGATHE,
923 1550 222 53 MONDOR,
1178 1553 174 43 CHŒUR
1375 1568 57 27 DE
1455 1557 264 43 PLAIDEURS
1743 1572 60 28 ET
1825 1573 57 27 DE
1902 1561 306 45 PLAIDEUSES.

989 1655 122 53 (Une
1257 1656 133 57 foule
1568 1667 261 45 menaçante
2131 1672 48 30 se

327 1744 70 39 LE
419 1744 176 41 CHŒUR
920 1749 246 41 Délivrons
1187 1763 76 27 ces
1287 1750 124 42 lieux

918 1810 119 39 D'un
1060 1818 205 33 monstre
1290 1812 184 51 odieux,

920 1869 58 41 Et
1002 1871 108 53 qu'il
1138 1884 127 28 serve
1290 1886 88 26 aux
1403 1873 166 43 Enfers

917 1930 264 56 D'exemple
1206 1945 89 28 aux
1315 1947 187 40 pervers
1517 1937 9 39 !

344 2055 74 49 Ils
433 2056 219 49 veulent
683 2074 55 31 se
774 2074 204 52 venger
1013 2060 64 49 de
1110 2058 212 69 Grapin
1354 2062 94 68 qui
1489 2062 77 51 les
1599 2081 28 32 a
1665 2066 167 51 volés.
1879 2067 123 52 Une
2043 2067 161 66 jeune

271 2128 111 51 ■fille
412 2130 72 50 du
508 2128 205 54 Chœur
738 2132 168 66 gémit
937 2150 104 49 que
1068 2132 225 70 Grapin,
1331 2152 67 33 en
1422 2137 50 50 la
1494 2137 241 65 ruinant,
1770 2158 29 33 a
1837 2141 98 51 fait
1966 2145 238 63 prendre

274 2203 50 50 la
353 2203 133 51 fuite
508 2207 29 47 à
569 2221 82 33 ses
684 2217 235 40 amants.
952 2207 242 52 Mondor
1224 2226 55 33 se
1300 2208 139 66 joint
1463 2229 67 34 au
1563 2211 210 53 Chœur
1797 2227 52 38 et
1870 2217 271 66 s'apprête
2176 2222 28 46 à

274 2297 24 24 «
317 2292 221 51 ravager
557 2298 23 26 »
602 2278 200 51 l'étude
820 2296 127 34 avec
969 2281 47 49 le
1049 2279 223 54 Chœur.
1305 2285 215 67 Agathe
1545 2286 47 51 le
1614 2288 216 68 supplie
1855 2290 65 50 de
1939 2291 126 49 n'en
2084 2291 120 51 rien

269 2351 132 50 faire
421 2365 13 52 ;
461 2367 87 34 car
572 2352 37 49 il
636 2353 50 50 la
710 2353 133 51 livre
865 2354 138 51 ainsi
1035 2359 29 46 à
1086 2357 50 49 la
1159 2358 175 50 colère
1367 2359 65 50 de
1467 2359 227 70 Grapin.
1728 2363 160 65 Mais,
1914 2385 22 27 «
1959 2367 245 66 pendant

273 2424 302 68 qu'Agathe
605 2427 166 49 récite
802 2428 75 50 les
903 2441 191 53 quatre
1119 2447 121 33 vers
1265 2432 266 66 suivants,
1558 2436 241 52 Mondor
1823 2438 196 51 chante
2042 2453 10 37 :
2091 2461 23 25 «
2150 2447 53 45 ta

282 2499 52 50 la
414 2499 52 51 la
546 2499 52 50 la
471 2519 23 26 »
506 2516 127 44 ,sur
650 2500 118 51 l'air
787 2502 65 50 de
870 2503 205 51 fanfare
1093 2506 65 49 de
1178 2503 225 70 l'Opéra
1422 2521 12 37 ;
1450 2530 23 25 «
2174 2536 24 25 »

269 2573 251 65 Ensuite,
546 2573 37 51 il
608 2574 128 67 pille
762 2575 195 52 l'étude
984 2594 126 35 avec
1130 2578 48 51 le
1218 2579 226 67 Chœur,
1486 2583 264 53 décroche
1787 2587 76 51 les
1897 2605 135 47 sacs,
2076 2588 128 67 jette

267 2664 100 50 par
397 2660 140 37 terre
576 2648 78 51 les
686 2648 187 52 liasses
906 2662 53 39 et
988 2667 254 37 renverse
1268 2654 77 51 les
1375 2657 263 52 bureaux.
1666 2679 24 27 »

317 2758 196 41 AGATHE
595 2757 74 42 Un
693 2758 192 55 dragon,
912 2760 113 41 dans
1049 2761 42 42 le
1113 2775 135 29 cours
1271 2762 108 42 d'un
1401 2765 172 54 exploit
1595 2766 225 54 glorieux,

592 2819 82 41 Est
692 2829 228 32 rarement
940 2822 168 40 touché
1140 2823 79 41 des
1248 2823 198 53 plaintes
1473 2826 135 41 d'une
1629 2826 168 43 femme
1816 2842 10 38 ;

589 2879 50 41 Je
660 2892 56 29 ne
740 2879 107 51 sais,
868 2881 115 41 mais
1007 2883 40 53 je
1065 2883 120 40 crois
1211 2897 87 40 que
1323 2884 42 55 je
1385 2885 89 41 l'en
1496 2887 118 41 aime
1635 2888 154 42 mieux
1811 2903 9 36 ;

590 2940 99 52 Que
721 2940 144 54 dis-je
885 2941 16 41 ?
928 2942 83 41 Ses
1030 2951 256 46 transports
1312 2954 82 32 ont
1412 2947 136 54 passé
1573 2949 113 40 dans
1710 2961 112 28 mon
1846 2950 117 42 âme.

1101 3015 122 53 (Elle
1406 3027 47 30 se
1460 3016 123 55 joint
1802 3030 57 28 au
1975 3019 170 40 Chœur

338 3137 71 50 Ici
433 3135 260 52 viennent
719 3137 76 50 les
816 3156 254 51 passages
1093 3141 94 67 qui
1218 3156 96 38 ont
1346 3160 75 34 un
1453 3144 195 52 intérêt
1695 3147 327 70 historique.

374 3242 73 41 UN
471 3256 164 28 HOMME
664 3259 60 28 DU
749 3246 179 43 CHŒUR
955 3248 278 54 (ramassant
1252 3262 57 28 un
1333 3264 92 38 sac,
1451 3260 42 33 et
1529 3255 254 56 regardant
1804 3257 262 59 l'étiquette)
2084 3276 10 28 :

590 3326 101 51 Que
716 3327 166 43 chante
906 3337 73 33 cet
992 3330 111 40 écrit
1122 3331 92 53 7(11
1237 3331 54 42 lit
1293 3335 17 48 )
1334 3345 9 28 :
1373 3331 75 43 Un
1472 3335 120 40 arrêt
1615 3336 56 41 de
1696 3335 188 46 défense

810 3391 126 40 Pour
956 3391 39 40 le
1013 3389 118 44 Père
1153 3392 216 43 désabusé
1393 3395 57 53 (i)
1474 3411 10 25 :

589 3450 123 41 Nota
736 3464 87 41 que
843 3452 43 42 le
909 3452 158 54 public
1087 3467 129 28 assez
1248 3454 108 42 bien
1375 3455 186 55 disposé

805 3511 86 42 Lui
915 3514 157 41 donna
1091 3514 111 42 trois
1227 3515 87 42 fois
1338 3516 239 45 audience.

320 3645 58 54 (i)
405 3646 70 41 En
496 3655 140 34 note:
670 3648 130 42 Titre
835 3650 129 42 d'une
986 3651 199 42 comédie
1208 3665 52 28 en
1293 3666 55 28 un
1384 3663 94 33 acte
1519 3668 52 29 en
1607 3669 149 43 prose,
1778 3671 92 44 par
1910 3662 70 42 M.
2032 3663 149 44 Céron

251 3706 135 47 jouée
408 3708 110 42 trois
527 3709 102 56 fois
652 3723 52 28 en
732 3711 148 54 i?5B.
