2344 4155
778 242 85 29 LES
905 240 121 31 SONS
1067 230 295 40 INFÉRIEURS

2006 243 49 41 37

86 452 146 52 pour
263 454 71 35 un
360 434 268 71 diapason
653 443 241 58 peuvent
919 437 113 45 être
1059 430 413 54 suffisamment
1503 431 304 65 renforcés,
1841 449 102 55 par
1984 435 77 51 les

87 511 337 53 battements
457 524 151 37 entre
635 506 406 70 harmoniques
1064 506 212 54 voisins
1309 525 73 35 ou
1423 525 101 52 par
1561 509 224 52 l'action
1817 511 67 51 de
1928 528 133 34 sons

89 589 320 63 résultants,
438 600 141 55 pour
617 600 70 35 en
729 581 231 54 devenir
990 581 293 54 sensibles.
1323 584 206 70 Preyer
1567 585 240 65 s'exerça
1846 585 146 52 donc
2033 590 28 47 à

86 682 79 35 un
189 664 344 52 maniement
567 661 126 69 plus
720 660 199 52 délicat
943 660 68 52 de
1053 678 86 34 ses
1173 660 237 69 archets,
1435 661 108 51 afin
1578 661 313 52 d'ébranler
1920 663 142 52 deux

87 740 300 70 diapasons
420 738 483 64 simultanément,
945 754 130 34 avec
1115 754 110 34 une
1266 738 151 68 égale
1458 750 53 40 et
1535 736 339 54 convenable
1923 739 105 52 dou-

87 834 150 48 ceur,
273 829 52 39 et
367 816 65 51 de
485 812 325 72 supprimer
848 812 144 54 ainsi
1027 826 129 40 tous
1189 830 132 36 sons
1352 814 404 70 harmoniques
1792 833 71 35 ou
1887 815 145 53 résul-

87 906 168 40 tants.
278 892 72 51 Et
381 890 37 52 il
451 906 391 51 recommença
868 908 87 33 ses
980 889 376 69 expériences.

157 967 93 55 On
292 969 77 50 les
402 966 190 53 suivra
627 966 188 52 mieux
863 984 97 34 sur
994 966 289 69 l'exemple
1337 965 222 53 suivant
1614 966 96 69 qui
1752 967 186 51 donne
1984 967 77 51 les

85 1044 408 69 harmoniques
528 1044 133 52 d'un
706 1056 99 40 ton
843 1044 386 52 fondamental
1257 1042 258 70 jusqu'au
1543 1045 65 51 25
1617 1049 19 21 e
1646 1084 9 10 .
1686 1044 80 52 La
1799 1044 140 52 série
1966 1045 95 51 des

86 1120 301 71 diapasons
432 1120 285 70 employés
766 1138 100 52 par
893 1121 209 69 Preyer
1138 1120 344 68 correspond
1521 1135 108 36 aux
1670 1136 129 35 sons
1841 1139 82 47 10,
1977 1138 81 47 11,

94 1216 81 49 12,
211 1199 26 62 i
237 1199 54 62 3,
334 1214 81 51 14,
460 1199 25 60 i
485 1199 52 60 5,
583 1199 84 60 16,
702 1215 81 51 17,
820 1196 83 67 18,
936 1214 59 52 19
1022 1209 53 39 et
1101 1215 88 44 20,
1232 1199 200 67 pensés
1464 1195 234 53 environ
1722 1212 109 37 une
1859 1209 193 40 octave

89 1289 51 39 et
164 1275 183 53 demie
373 1275 127 69 plus
521 1273 137 55 haut
678 1273 168 71 qu'ils
870 1291 68 35 ne
962 1286 127 40 sont
1115 1277 181 50 notés.

155 1971 155 50 Tous
345 1969 76 52 les
472 1968 322 53 intervalles
827 1968 262 52 observés
1116 1982 189 38 seront
1639 1968 77 51 Le
1741 1983 103 35 son
1887 1985 52 33 11
1982 1980 83 36 est

89 2066 76 34 un
222 2065 69 34 FA
334 2047 150 51 dièse
528 2047 126 68 plus
687 2047 96 51 bas
824 2063 107 51 que
975 2046 50 50 la
1051 2044 193 70 quinte
1277 2046 74 50 du
1483 2043 57 70 (I
1540 2043 57 70 5)
1632 2056 52 39 et
1717 2044 49 51 la
1791 2043 166 52 tierce
1990 2042 72 52 du

98 2126 77 50 Ré
204 2123 130 67 (18).
364 2124 78 50 Le
466 2141 101 33 son
608 2119 24 71 i
656 2119 23 71 3
703 2119 47 71 se
777 2136 193 38 trouve
998 2135 155 39 entre
1178 2138 78 35 un
1388 2132 52 38 et
1463 2137 79 36 un
1862 2119 75 51 Le
1963 2136 102 33 son

99 2216 62 51 14
185 2213 83 38 est
300 2199 50 51 la
382 2218 27 50 7
416 2212 18 19 E
465 2198 294 66 naturelle,
1493 2198 78 51 SI
1713 2198 188 66 bémol,
1122 2198 135 52 d'un
1425 2201 106 49 Les
1563 2195 261 70 profanes
1849 2194 218 52 avaient

91 2279 29 50 à
156 2275 122 54 dire
305 2277 316 52 seulement
672 2275 45 51 si
744 2275 165 51 l'effet
951 2275 121 53 leur
1115 2274 133 52 était
1288 2295 25 29 «
1364 2274 256 71 agréable
1656 2296 23 26 »
1714 2291 71 34 ou
1837 2291 27 31 «
1912 2273 125 51 désa-

91 2353 221 70 gréable
349 2376 45 40 »,
430 2354 144 50 mais
609 2352 39 52 il
674 2369 67 35 ne
785 2352 117 52 faut
946 2368 98 52 pas
1070 2350 219 54 oublier
1319 2355 165 67 qu'en
1528 2350 315 70 répondant
1876 2369 24 27 «
1934 2364 99 36 con-

90 2447 240 34 sonance
376 2451 25 28 »
437 2429 78 51 les
576 2428 305 52 musiciens
915 2428 362 52 entendaient
1319 2427 440 53 exclusivement
1806 2447 24 25 «
1871 2441 162 35 recon-

89 2508 176 51 naître
303 2507 77 50 les
421 2505 320 52 intervalles
797 2527 24 25 »
860 2507 264 62 d'octave,
1189 2507 66 49 de
1309 2504 217 70 quinte,
1568 2505 66 52 de
1684 2503 167 53 tierce
1884 2519 72 35 ou
1998 2502 64 52 de

90 2582 136 52 sixte
251 2582 277 66 majeures
560 2599 74 35 ou
661 2580 303 54 mineures.

155 2658 158 54 Cette
348 2658 127 66 fois,
528 2658 450 52 conformément
1009 2663 30 47 à
1087 2656 154 54 l'avis
1286 2659 68 51 de
1413 2656 346 65 Helmholtz,
1811 2667 127 39 tous
1985 2655 77 51 les

87 2733 315 54 intervalles
437 2735 66 52 de
538 2735 259 60 seconde,
843 2734 219 52 fournis
1093 2752 102 52 par
1219 2736 145 51 deux
1398 2752 132 34 sons
1923 2731 66 52 de
2013 2731 52 50 la

89 2811 157 66 série,
294 2811 187 54 furent
536 2810 231 52 estimés
819 2829 27 32 «
895 2811 321 52 dissonants
1253 2833 23 25 »
1326 2827 101 54 par
1463 2824 128 38 tous
1633 2809 77 52 les
1754 2806 308 66 auditeurs,

89 2888 499 52 indistinctement.
644 2886 144 52 Mais
824 2909 23 24 «
908 2904 239 52 presque
1194 2899 127 41 tous
1393 2886 77 52 les
1517 2899 187 39 autres
1746 2883 318 53 intervalles

87 2965 271 69 possibles
386 2983 127 34 avec
538 2965 78 51 les
649 2982 137 34 onze
813 2964 301 70 diapasons
1138 2964 189 52 furent
1349 2975 236 41 souvent
1611 2963 243 52 déclarés
1884 2982 23 25 «
1934 2978 99 34 con-

89 3055 227 38 sonants
367 3064 46 40 »,
460 3040 377 70 spécialement
872 3059 117 51 par
1034 3041 73 52 les
1159 3040 286 53 musiciens
1453 3082 12 25 ,
1515 3040 226 69 lorsque
1775 3037 261 53 l'ébranle-

87 3130 153 38 ment
263 3119 95 51 des
391 3117 303 69 diapasons
733 3116 191 52 n'était
955 3134 98 53 pas
1086 3130 124 56 trop
1253 3116 113 52 fort
1392 3139 47 43 »,
1474 3120 29 48 à
1553 3116 185 51 savoir
1777 3114 78 52 les
1895 3112 140 54 inter-

87 3194 168 50 valles
302 3194 210 53 formés
564 3211 99 53 par
712 3194 78 50 les
824 3210 132 36 sons
1004 3194 112 62 13/1
1131 3213 52 43 o,
1228 3194 179 68 17/10,
1448 3192 155 69 19/10
1613 3232 12 26 ,
1669 3192 177 65 13/11,
1883 3195 178 63 14/11,

98 3272 144 61 15/11
259 3309 13 27 ,
316 3272 188 65 16/11,
541 3275 183 65 17/11,
762 3271 181 66 18/11,
980 3276 178 62 19/u,
1197 3275 190 60 20/11,
1430 3278 178 60 17/12,
1651 3271 178 66 19/12,
1872 3267 188 66 15/13,

96 3346 173 61 16/13,
313 3349 188 68 17/13,
546 3346 112 61 18/1
679 3347 50 65 3,
781 3347 175 69 19/13,
992 3346 184 70 20/13,
1219 3347 182 68 17/14,
1436 3345 178 70 19/14,
1661 3345 184 68 17/15,
1882 3344 178 68 19/15,

99 3424 175 67 19/16,
307 3434 184 59 19/17,
529 3425 178 67 17/20.

159 3497 109 52 Par
316 3500 95 51 des
443 3500 358 70 expériences
844 3498 345 53 antérieures
1222 3500 99 67 (1),
1364 3498 291 53 effectuées
1681 3514 97 35 sur
1801 3497 96 52 des
1931 3512 133 36 sons

94 3577 387 68 accompagnés
517 3576 440 70 d'harmoniques
999 3582 52 46 et
1087 3575 65 53 de
1187 3594 125 34 sons
1343 3576 296 52 résultants
1648 3618 12 21 ,
1688 3572 378 73 Preyer'avait

95 3653 246 49 constaté
366 3669 125 52 que,
515 3653 139 51 dans
677 3670 58 34 ce
755 3670 111 47 cas,
894 3670 88 34 ces
1009 3652 319 52 intervalles
1346 3670 69 35 ne
1441 3664 129 40 sont
1578 3650 214 73 jamais
1813 3653 249 66 acceptés

146 3841 53 48 (1)
230 3843 136 37 Ueber
392 3843 68 38 die
484 3845 191 51 Grenqen
701 3846 77 38 der
805 3846 429 50 Tonwahrnehmung
1237 3875 10 16 ,
1271 3845 114 51 1876.
