2344 4155
329 232 58 40 40

1011 235 55 29 LE
1100 235 226 30 MERCURE
1360 234 204 31 MUSICAL

332 425 44 40 la
400 428 208 55 musique
633 430 54 42 de
713 431 51 42 G.
793 432 144 40 Fabre
969 432 251 41 elle-même
1242 447 23 27 a
1301 447 115 40 pour
1433 434 156 41 mérite
1619 432 223 55 principal
1864 430 210 43 d'exister
2114 432 121 41 aussi

335 499 89 41 peu
447 502 87 41 que
556 491 218 53 possible.
798 492 116 41 Mais
934 500 100 33 tout
1051 494 96 40 cela
1170 502 67 33 est
1262 495 64 40 dit
1346 509 107 28 avec
1475 509 63 27 un
1562 495 243 41 sentiment
1825 493 37 41 si
1879 494 116 51 juste
2014 501 42 32 et
2073 493 35 39 si
2131 505 78 41 pro-

336 548 126 52 fond,
486 563 104 29 avec
615 552 77 40 des
708 560 147 44 gestes
875 553 35 39 si
926 553 228 53 puissants
1179 563 42 32 et
1244 556 54 39 de
1320 555 36 41 si
1374 557 141 40 belles
1538 556 230 48 attitudes,
1791 567 87 42 que
1912 553 92 40 l'on
2028 563 207 32 retrouve

338 608 115 41 ainsi
475 618 101 33 tout
603 625 49 27 ce
699 612 77 53 qui
821 626 195 40 manque
1046 623 100 45 trop
1193 625 192 32 souvent
1415 630 88 27 aux
1524 625 130 32 notes
1691 630 10 26 :
1743 616 43 40 la
1809 614 198 41 mélodie
2033 623 67 32 est
2123 615 112 40 dans

337 668 191 42 l'accent
552 672 55 39 de
633 671 42 40 la
694 672 120 52 voix,
833 672 40 40 le
899 673 173 54 rythme
1098 684 67 31 est
1185 677 111 40 dans
1320 678 65 39 les
1407 686 315 32 mouvements
1743 684 43 33 et
1809 674 270 42 l'harmonie
2123 676 112 39 dans

337 728 67 41 les
428 729 160 54 lignes.
613 731 118 41 C'est
755 732 104 41 bien
880 733 42 40 là
946 733 54 40 de
1024 734 42 40 la
1083 735 224 54 musique,
1334 746 42 32 et
1392 751 88 27 une
1506 739 209 52 musique
1741 750 87 41 que
1853 736 64 41 les
1944 736 138 40 Grecs
2126 748 81 28 con-

338 790 246 41 naissaient
607 791 120 49 bien,
744 792 112 40 mais
881 792 76 54 qui
969 802 67 32 est
1055 795 249 42 redevenue
1321 797 208 41 nouvelle
1550 811 116 40 pour
1684 811 116 27 nous
1826 811 9 37 ;
1865 796 123 41 seule
2026 795 210 54 jusqu'ici

339 849 112 41 Miss
476 851 185 40 Isadora
685 853 191 40 Duncan
901 866 115 28 nous
1037 853 148 43 l'avait
1204 855 79 42 fait
1318 870 92 28 non
1433 871 80 40 pas
1539 858 232 50 entendre,
1797 857 114 41 mais
1955 856 281 54 contempler

337 919 42 31 et
396 910 138 40 sentir
559 925 10 28 :
596 924 69 28 ses
704 913 160 40 danses
891 914 278 53 expressives
1211 926 78 31 ont
1313 917 68 41 été
1420 931 89 28 une
1544 917 314 42 merveilleuse
1897 916 250 43 révélation
2181 917 55 40 de

340 971 160 40 beauté
525 984 10 38 ;
553 971 63 41 les
640 973 302 54 pantomimes
972 975 174 53 parlées
1168 976 53 42 de
1242 978 45 39 M
1294 987 27 20 m
1326 987 16 23 e
1364 978 240 54 Georgette
1625 979 203 41 Leblanc
1852 986 105 34 sont
1980 976 89 43 fort
2091 977 142 42 belles

337 1030 137 42 aussi.

1621 1113 140 41 Louis
1790 1113 174 41 Laloy.

466 1490 468 48 VIRTUOSIANA

394 1634 85 41 Les
498 1647 22 28 ((
541 1635 174 41 Grands
742 1636 256 40 Concerts»
1024 1644 78 33 ont
1125 1636 80 41 fini
1228 1650 56 28 en
1318 1649 148 42 queue
1512 1637 54 41 de
1610 1636 190 54 poissbn
1826 1636 175 41 d'avril.
2034 1636 111 41 Cela
2173 1646 68 32 est

341 1707 125 28 assez
492 1695 187 40 curieux
701 1695 130 54 qu'ils
853 1695 120 41 aient
1001 1696 92 53 pris
1132 1696 248 42 l'habitude
1421 1698 54 40 de
1520 1696 199 42 clôturer
1759 1696 120 42 leurs
1918 1696 229 42 exercices
2178 1710 60 28 au

338 1763 202 32 moment
569 1754 145 54 précis
739 1755 77 53 qui
846 1769 136 27 ouvre
1004 1769 116 41 pour
1144 1757 118 40 deux
1285 1757 115 41 mois
1421 1771 57 27 au
1497 1757 149 41 moins
1673 1757 44 40 la
1754 1770 156 29 season
1958 1757 279 54 parisienne.

337 1816 86 39 Les
452 1813 221 43 virtuoses
699 1816 321 53 cosmopolites
1056 1816 216 54 profitent
1315 1818 54 40 de
1410 1818 242 50 l'aubaine,
1688 1825 43 33 et
1751 1818 109 40 c'est
1898 1818 339 54 généralement

336 1875 167 39 l'heure
527 1876 58 39 où
610 1875 54 40 ils
690 1889 115 27 nous
826 1876 215 41 viennent
1061 1877 170 41 visiter.
1269 1877 140 42 Petits
1430 1877 214 55 prodiges
1669 1891 56 28 au
1765 1879 142 53 grand
1931 1878 72 41 col
2043 1879 197 51 rabattu,

334 1935 135 42 vieux
489 1935 148 41 débris
660 1936 59 40 du
743 1935 134 42 siècle
902 1936 171 52 défunt,
1099 1938 200 41 batteurs
1336 1939 54 40 de
1421 1952 195 36 mesure,
1640 1938 180 54 princes
1856 1939 54 41 de
1955 1939 186 41 l'archet
2180 1952 62 28 ou

337 1995 167 41 barons
530 1996 60 40 du
610 1995 163 42 clavier
791 1993 303 45 franchissent
1117 2011 83 27 nos
1223 1997 242 42 frontières
1490 2007 42 32 et
1553 1999 250 41 s'amènent
1822 2013 108 28 avec
1971 1999 120 41 leurs
2134 2000 81 41 che-

338 2068 129 37 veux,
489 2056 119 40 leurs
631 2057 213 53 portraits
868 2066 42 31 et
929 2057 119 41 leurs
1069 2058 182 41 affiches
1272 2073 10 37 ;
1379 2059 153 53 lequel
1557 2060 169 54 bagage
1747 2059 227 42 constitue
2011 2069 103 45 trop
2139 2074 78 27 sou-

336 2124 107 32 vent
465 2116 39 40 le
527 2116 101 53 plus
652 2117 312 53 remarquable
988 2117 54 41 de
1066 2132 50 27 ce
1147 2118 131 55 qu'ils
1303 2133 116 26 nous
1445 2128 254 45 apportent,
1725 2122 64 39 La
1807 2122 134 39 mode
1965 2121 61 40 du
2067 2121 149 41 virtuo-

338 2175 134 42 sisme
497 2190 24 27 a
537 2176 301 42 évidemment
861 2178 237 54 beaucoup
1124 2179 164 41 baissé.
1309 2180 215 51 D'abord,
1541 2180 107 41 c'est
1658 2194 88 28 une
1759 2180 190 42 carrière
1967 2181 274 41 encombrée

339 2237 59 39 où
421 2249 59 27 on
503 2236 80 40 fait
600 2237 284 53 aujourd'hui
904 2237 314 43 difficilement
1235 2253 71 28 ses
1331 2238 107 42 frais
1456 2258 10 31 ;
1494 2249 44 32 et
1558 2240 121 54 puis,
1705 2254 56 27 en
1785 2241 146 41 même
1962 2250 149 45 temps
2155 2255 87 41 que

336 2296 65 40 les
425 2296 246 41 auditoires
687 2309 46 28 se
756 2297 220 41 blasaient
994 2311 90 41 peu
1104 2299 24 40 à
1150 2312 90 40 peu
1265 2299 297 42 d'acrobaties
1583 2301 294 54 vulgarisées,
1911 2301 42 41 la
1990 2302 252 41 croissante

336 2357 174 39 culture
532 2356 215 41 musicale
764 2358 170 52 perçait
955 2358 176 41 bientôt
1153 2360 42 39 la
1217 2360 148 41 vanité
1389 2361 55 40 de
1465 2361 191 41 maintes
1673 2361 234 54 pratiques
1940 2363 53 40 de
2021 2363 221 40 tradition

336 2416 113 53 jadis
469 2415 277 54 impérative.
772 2417 122 41 Chez
918 2431 132 36 nous,
1083 2420 60 40 du
1179 2419 164 52 moins,
1385 2434 60 26 on
1479 2434 55 27 ne
1579 2422 223 54 reproche
1823 2422 102 54 plus
1972 2421 135 56 guère
2133 2424 110 40 àun

334 2475 193 55 pianiste
553 2476 53 40 de
630 2490 55 28 ne
699 2490 79 40 pas
800 2478 131 53 jouer
953 2479 206 53 toujours
1183 2495 20 23 «
1227 2493 81 41 par
1332 2493 125 28 cœur
1482 2497 37 35 »,
1543 2495 179 40 pourvu
1746 2483 109 53 qu'il
1869 2483 104 53 joue
1997 2484 55 40 de
2075 2483 43 41 la
2141 2497 68 27 mu-

337 2537 127 52 sique
486 2536 312 42 intéressante.
817 2538 148 40 Mines
984 2539 182 53 pâmées
1183 2553 59 28 ou
1265 2540 175 48 fatales,
1465 2540 309 44 froncements
1799 2542 55 41 de
1876 2543 193 41 sourcils
2095 2544 119 54 olym-

334 2596 148 54 piens,
506 2596 157 41 rubato
682 2597 209 54 disloqué
916 2599 53 40 de
988 2599 248 54 phalanges
1259 2601 321 52 tonitruantes,
1608 2616 117 27 nous
1750 2616 56 27 en
1830 2603 231 55 imposent
2086 2603 36 42 si
2153 2618 91 39 peu

338 2656 130 54 qu'ils
494 2670 113 27 nous
628 2657 165 54 gênent
812 2658 207 54 jusqu'au
1056 2660 201 42 malaise.
1283 2661 71 40 On
1378 2661 64 41 vit
1465 2662 160 48 même,
1653 2662 222 42 certaines
1917 2665 212 53 journées
2155 2665 60 40 mé-

338 2717 243 48 morables,
606 2717 257 42 l'uniforme
888 2727 42 32 et
952 2719 42 40 la
1025 2720 168 54 poigne
1219 2721 54 40 de
1296 2734 85 27 nos
1408 2723 159 52 gardes
1589 2723 294 54 municipaux
1907 2724 154 42 devoir
2088 2726 130 53 proté-

339 2790 77 41 ger
440 2777 79 41 des
544 2778 328 53 compositions
891 2779 196 41 illustres
1113 2789 157 33 contre
1287 2782 42 39 la
1353 2782 169 41 révolte
1538 2782 284 55 d'exaspérés
1835 2784 172 42 sifflets.
2025 2786 71 40 Au
2115 2786 127 50 fond,

339 2838 31 40 il
394 2851 116 27 nous
535 2846 67 32 est
642 2838 175 41 devenu
842 2840 336 53 suprêmement
1200 2841 260 42 indifférent
1484 2844 54 39 de
1571 2852 229 33 constater
1824 2846 139 52 qu'un
2008 2847 237 41 monsieur

340 2911 59 27 ou
423 2911 88 27 une
536 2898 262 41 demoiselle
824 2908 67 31 est
908 2901 186 53 capable
1119 2901 257 41 d'exécuter
1399 2902 40 40 le
1464 2916 21 26 2
1491 2910 14 18 e
1528 2903 215 41 Concerto
1769 2904 54 41 de
1856 2904 292 44 Saint-Saëns
2184 2921 61 28 ou

340 2959 195 53 quelque
558 2967 138 43 autre,
722 2959 128 53 après
876 2961 385 40 d'innombrables
1285 2962 289 53 générations
1605 2964 54 40 de
1685 2963 195 42 lauréats
1920 2966 54 41 de
2006 2980 213 30 conserva-

337 3019 131 41 toire.
490 3019 119 40 C'est
631 3032 62 27 un
715 3019 328 42 incontestable
1061 3022 204 53 progrès.

393 3080 36 39 Il
450 3092 57 27 ne
536 3078 195 42 faudrait
752 3089 304 45 pourtantpas
1080 3082 126 53 juger
1221 3090 103 46 trop
1344 3082 281 42 sévèrement
1642 3085 40 40 le
1699 3085 110 54 goût
1831 3099 117 40 pour
1973 3088 66 40 les
2061 3089 182 43 solistes

338 3140 241 42 virtuoses.
604 3140 130 50 C'est,
766 3153 55 27 en
838 3154 188 39 somme,
1052 3141 39 41 le
1112 3142 195 54 premier
1328 3144 124 40 stade
1478 3144 60 40 du
1562 3144 381 55 développement
1964 3149 54 40 de
2035 3149 43 41 la
2100 3151 120 41 sensi-

340 3200 126 41 bilité
497 3200 255 53 esthétique
783 3202 285 40 tourmentée
1092 3203 54 40 de
1180 3216 143 41 vague
1362 3204 24 39 à
1429 3203 129 42 l'âme
1604 3205 307 43 élémentaire.
1962 3208 117 42 Mais
2122 3224 118 29 nous

339 3262 172 40 l'avons
537 3261 289 40 décidément
843 3262 204 53 dépassé,
1073 3262 25 40 à
1121 3276 50 27 ce
1192 3262 109 55 qu'il
1322 3264 172 41 semble
1520 3264 105 42 bien
1657 3266 53 40 de
1755 3266 370 46 manifestations
2161 3273 62 40 réi-

336 3322 144 41 térées
506 3330 42 31 et
571 3319 337 56 significatives.
933 3323 97 40 Nos
1053 3322 225 42 virtuoses
1303 3324 169 41 mêmes
1495 3323 111 43 l'ont
1630 3326 130 42 senti.
1788 3327 61 40 Ils
1870 3329 283 54 rougiraient
2188 3333 54 41 de

338 3396 118 28 nous
475 3380 126 42 offrir
623 3394 62 27 un
713 3395 286 40 programme
1020 3383 55 40 de
1100 3396 241 30 concours.
1384 3386 196 40 L'année
1606 3386 177 52 durant,
1826 3387 54 42 ils
1923 3403 46 27 se
1990 3391 172 42 mêlent
2202 3402 44 33 et

337 3443 287 42 collaborent
647 3442 24 40 à
694 3450 129 33 notre
847 3442 71 41 vie
943 3443 234 54 artistique
1208 3453 44 32 et
1268 3445 230 41 subissent
1517 3445 257 43 l'influence
1820 3448 53 41 de
1898 3450 43 40 la
1985 3453 257 43 musicalité

340 3503 243 42 ambiante.
600 3502 136 42 Aussi
760 3502 42 41 la
824 3502 260 54 profession
1101 3504 214 42 tend-elle
1336 3505 290 42 visiblement
1643 3508 24 39 à
1687 3508 268 54 disparaître
1977 3511 110 42 chez
2110 3527 133 39 nous,

339 3566 76 49 où,
439 3562 243 50 d'ailleurs,
709 3563 84 41 elle
819 3577 55 27 ne
894 3563 174 54 pullula
1091 3563 151 55 guère,
1268 3564 228 56 indigène,
1520 3567 46 40 ni
1605 3581 56 28 ne
1696 3568 130 41 brilla
1849 3569 160 53 jamais
2050 3575 24 39 à
2114 3574 131 54 l'égal

340 3626 55 40 de
426 3638 84 26 nos
532 3624 173 42 voisins
727 3623 162 44 divers.
916 3624 114 41 N'en
1054 3638 141 41 ayons
1221 3626 45 40 ni
1288 3634 161 46 regret,
1475 3626 46 42 ni
1552 3628 245 41 confusion
1821 3639 194 36 surtout.
2042 3634 38 40 Il
2103 3648 29 40 y
2171 3648 51 27 au-

338 3685 85 42 rait
436 3685 149 55 plutôt
605 3686 55 41 de
690 3684 109 56 quoi
824 3685 347 55 s'enorgueillir,
1191 3686 37 42 si
1268 3700 116 28 nous
1408 3688 227 53 pouvions
1658 3690 222 42 vraiment
1903 3705 117 29 nous
2062 3702 185 46 targuer
