2344 4155
328 272 52 51 38

1006 291 56 29 LE
1095 291 228 31 MERCURE
1356 291 207 31 MUSICAL

325 489 142 51 pour
493 496 24 25 ((
564 487 332 39 consonants
945 498 23 25 »
1003 494 98 51 par
1152 479 48 50 la
1247 479 300 52 sensibilité
1581 479 260 52 musicale
1879 496 293 52 moyenne,
2220 484 27 47 à

325 546 317 71 l'exception
665 550 94 51 des
790 550 307 52 intervalles
1148 559 155 61 19/12
1345 568 49 37 et
1446 555 173 68 19/16,
1653 555 94 69 qui
1773 567 239 56 peuvent
2047 572 53 33 se
2127 572 90 33 con-

324 621 193 54 fondre
542 640 123 35 avec
686 640 105 35 une
823 624 134 52 sixte
989 643 69 34 ou
1089 644 107 34 une
1227 629 163 51 tierce
1423 629 295 52 mineures.
1746 629 56 53 Si
1827 645 143 36 nous
1999 634 248 47 écartons

326 697 146 51 aussi
496 710 125 40 tous
645 715 133 35 ceux
802 699 93 67 qui
922 718 54 33 se
1009 704 366 66 rapprochent
1399 705 94 51 des
1528 705 311 51 intervalles
1868 725 23 27 «
1918 708 275 64 tempérés
2219 727 24 25 »

325 788 70 34 ou
427 785 125 37 sont
576 772 303 52 seulement
909 775 121 67 plus
1055 793 70 34 ou
1149 776 181 52 moins
1359 779 142 62 faux,
1529 779 37 51 il
1597 797 140 34 nous
1761 791 140 39 reste
1937 795 196 35 encore
2165 780 76 50 les

322 844 342 53 intervalles:
728 850 151 63 19/10
924 865 72 33 ou
1031 850 168 52 mi-mi
1242 851 168 52 bémol
1440 866 13 54 ;
1515 855 146 57 16/11
1709 871 69 33 ou
1827 871 66 35 FA
1935 854 261 50 dièse-Z)o
2229 868 15 53 5

325 921 151 60 20/11
529 937 72 35 ou
648 937 66 35 FA
749 921 249 53 dièse-m*
1016 936 14 54 ;
1084 932 154 60 17/12
1272 944 71 34 ou
1374 927 190 52 Sol-do
1604 930 140 51 dièse
1761 944 13 52 5
1816 931 151 66 17/15
2000 946 71 35 ou
2102 929 142 52 si-do

343 992 175 62 dièse;
550 1000 156 62 19/17
740 1012 70 35 ou
1407 997 66 51 do
1629 996 238 55 dièse-mi
2177 1001 70 50 bém
1490 1004 261 67 auxquels
1788 1002 36 51 il
1855 1004 117 50 faut
2013 1002 228 68 ajouter,

322 1067 201 52 choisis
569 1070 134 49 dans
744 1087 107 35 une
899 1084 152 39 autre
1083 1072 137 52 série
1261 1076 71 51 où
1379 1077 201 66 Preyer
1617 1077 76 51 les
1724 1077 225 69 désigne
1986 1095 99 51 par
2128 1078 118 51 leur

321 1155 227 56 rapport
593 1143 366 69 irréductible,
990 1147 77 51 les
1112 1147 310 53 intervalles
1444 1167 10 35 :
1484 1153 92 65 7/5
1620 1169 70 34 ou
1721 1153 171 50 mi-SI
1907 1152 169 52 bémol
2094 1166 14 52 \
2149 1155 92 58 9/5

321 1233 71 35 ou
429 1217 175 51 mi-Ré
621 1235 13 45 ;
683 1219 86 68 8/7
794 1237 69 36 ou
907 1221 77 51 SI
1011 1222 274 52 bémol-Do
1307 1242 12 47 ;
1357 1232 115 61 10/7
1516 1242 70 35 ou
1617 1227 77 50 SI
1718 1227 295 65 bémol-mi;
2146 1228 74 51 les-

324 1291 153 67 quels
531 1291 310 53 intervalles
885 1307 97 38 ont
1023 1299 82 47 été
1152 1313 269 36 reconnus
1467 1320 24 26 «
1542 1315 332 37 consonants
1919 1322 25 28 »

340 1365 299 68 musiciens,
644 1368 321 52 c'est-à-dire
997 1372 454 67 respectivement
1482 1374 113 68 pris
1611 1392 143 51 pour
1775 1393 108 36 une
1910 1391 203 51 octave,
2135 1395 106 35 une

320 1439 211 67 quinte,
564 1458 106 34 une
703 1456 188 53 quarte
918 1461 71 35 ou
1020 1463 108 35 une
1159 1447 162 51 tierce
1354 1448 402 53 suffisamment
1778 1449 189 68 justes.

387 1514 184 66 Enfin,
599 1515 37 51 il
669 1515 236 69 importe
946 1520 65 50 de
1042 1537 321 53 remarquer
1387 1541 124 51 que,
1554 1524 209 69 malgré
1794 1538 183 38 toutes
2019 1527 78 51 les
2121 1532 90 65 pré-

320 1589 250 51 cautions
606 1590 64 50 de
705 1592 219 68 Preyer,
960 1594 76 51 les
1078 1613 126 33 sons
1237 1599 269 50 entendus
1538 1599 259 51 n'étaient
1829 1604 275 64 peut-être
2144 1619 97 51 pas

319 1663 249 66 toujours
607 1683 25 28 «
677 1664 346 55 absolument
1064 1668 224 70 simples
1332 1692 23 25 »
1427 1689 125 50 que,
1581 1672 44 50 si
1664 1673 292 53 l'auditeur
2003 1675 237 69 ignorait

317 1738 422 50 naturellement
762 1738 319 57 l'intervalle
1103 1745 28 47 à
1156 1744 294 66 examiner,
1472 1744 35 51 il
1535 1748 172 51 savait
1733 1749 131 67 qu'il
1888 1750 182 51 venait
2098 1769 142 51 pour

315 1810 131 51 faire
479 1825 82 37 cet
617 1829 225 34 examen
872 1833 13 44 ;
936 1815 35 50 il
1009 1816 225 68 pouvait
1274 1820 236 66 prendre
1540 1834 121 38 tout
1709 1839 101 34 son
1860 1837 179 57 temps
2089 1839 51 37 et
2180 1844 55 35 se

319 1886 188 48 méfier
542 1886 159 51 d'une
734 1904 202 36 erreur.
982 1891 78 50 De
1101 1891 142 68 plus,
1272 1896 30 47 à
1332 1894 208 68 chaque
1573 1900 253 65 épreuve,
1860 1913 83 37 cet
1984 1900 254 53 auditeur

316 1962 243 64 prévenu
607 1975 52 37 et
996 1962 152 52 musicien
1149 1966 119 51 n'avait
1269 1970 49 47 à
1319 1969 218 52 estimer
1584 1973 170 66 qu'un
1806 1975 114 50 seul
1963 1988 54 37 et
2055 1981 179 47 même

314 2034 298 62 intervalle,
648 2039 156 66 après
838 2039 259 52 réflexion
1139 2054 52 38 et
1227 2047 251 64 réponse,
1523 2045 317 55 l'intervalle
1879 2050 130 51 était
2051 2054 181 65 répété

312 2125 141 51 pour
501 2125 107 36 une
646 2111 371 67 appréciation
1058 2117 251 51 nouvelle
1335 2135 10 45 ;
1411 2131 53 38 et
1515 2120 345 68 l'opération,
1907 2126 325 51 renouvelée

312 2183 456 54 successivement
802 2187 275 67 plusieurs
1105 2190 104 51 fois
1241 2192 213 68 jusqu'à
1484 2196 309 51 conviction
1824 2197 252 52 décisive.

381 2257 44 50 Il
447 2271 204 38 ressort
675 2261 65 51 de
764 2277 87 35 ces
876 2263 346 66 expériences
1246 2279 52 36 et
1328 2267 65 51 de
1418 2268 120 51 leur
1568 2271 229 51 résultat
1817 2289 125 51 que,
1981 2274 114 49 loin
2126 2291 105 51 que

312 2347 141 36 nous
484 2332 279 69 puissions
811 2357 24 26 «
879 2340 343 50 reconnaître
1750 2341 173 57 iun
1924 2346 297 55 intervalle
2222 2352 25 50 de

312 2407 141 49 deux
484 2423 127 35 sons
641 2408 348 55 absolument
1013 2413 225 68 simples
1269 2436 48 45 »,
1350 2434 76 34 un
1451 2417 252 55 individu
1735 2422 230 51 dûment
1989 2426 171 51 averti
2180 2439 54 38 et

320 2479 269 64 musicien,
616 2496 291 54 apportant
936 2498 150 40 toute
1111 2505 102 34 son
1243 2491 271 52 attention
1545 2497 28 47 à
1596 2495 289 52 l'audition
1909 2497 227 53 réitérée
2166 2502 65 50 de

310 2555 139 50 deux
470 2573 128 33 sons
622 2558 133 51 dont
780 2559 48 50 la
853 2581 23 27 «
905 2561 292 69 simplicité
1225 2585 23 25 »
1274 2564 137 51 n'est
1441 2568 334 54 déterminée
1808 2573 395 70 qu'empirique-

307 2641 172 53 ment,
513 2643 80 37 est
628 2633 220 66 capable
898 2635 63 51 de
1402 2638 300 52 méconnaître
1703 2641 153 53 l'intervalle
1857 2644 128 52 ainsi
1986 2647 142 67 formé,
2165 2667 64 35 au

307 2703 156 67 point
494 2705 63 50 de
580 2705 299 55 confondre
907 2712 94 49 des
1025 2727 251 52 rapports
1310 2714 357 71 hétérogènes
1693 2737 70 34 ou
1796 2721 431 69 inaccoutumés,

308 2790 51 37 et
390 2778 162 68 jusqu
573 2797 101 34 aux
698 2782 144 67 pires
888 2801 25 31 «
955 2785 354 54 dissonances
1337 2808 26 31 »
1413 2809 126 33 avec
1570 2794 76 48 les
1680 2816 23 24 «
1746 2812 371 37 consonances
2151 2822 23 24 »
2202 2804 28 46 à

307 2853 132 66 quoi
465 2869 100 34 son
587 2845 186 61 oreiile
796 2870 79 39 est
905 2859 275 67 habituée,
1205 2864 136 51 dont
1373 2883 57 32 sa
1450 2867 266 52 mémoire
1751 2870 163 60 garde
1949 2883 52 38 et
2025 2873 47 51 le
2099 2891 133 34 nom

308 2939 51 37 et
383 2926 159 51 l'effet
564 2928 254 54 familier.

374 3001 73 50 Et
475 3001 34 50 il
541 3019 68 33 ne
641 3016 140 39 reste
808 3023 94 49 pas
923 3010 357 66 grand'chose
1300 3013 73 52 du
1397 3015 319 69 syllogisme
1741 3019 63 50 de
1831 3019 73 53 M.
1931 3020 295 55 Riemann.

574 3128 62 65 (A
660 3128 219 68 suivre.)

1641 3243 138 52 Jean
1814 3243 277 52 Marnold.
