2344 4155
615 247 56 30 LE
708 247 263 29 VIEILLARD
1008 247 58 29 ET
1104 246 59 30 LE
1196 247 156 37 JEUNE
1390 247 174 31 HOMME

2035 254 26 43 7

87 454 177 37 nance
294 457 109 36 une
424 439 289 52 condition
735 440 311 53 nécessaire
1084 442 66 51 de
1172 442 52 51 la
1247 442 199 54 beauté
1473 456 53 39 et
1549 461 366 52 pensez-vous
1954 466 107 51 que

88 532 105 35 nos
223 515 321 69 classiques,
565 518 30 48 à
627 532 164 35 cause
824 517 67 50 de
932 517 151 52 leurs
1115 534 377 39 consonantes
1525 519 345 69 harmonies,
1905 524 156 51 n'ont

87 609 75 51 pu
196 592 272 53 atteindre
500 590 48 51 le
574 590 204 54 niveau
812 592 298 71 artistique
1132 594 98 52 des
1256 595 180 52 élèves
1468 598 66 51 de
1564 597 80 52 M.
1681 597 258 69 Debussy
1960 599 20 50 ?

256 666 305 67 Monsieur,
596 668 256 70 répliqua
873 669 49 53 le
948 669 163 69 jeune
1136 670 229 55 homme
1398 691 77 35 un
1497 691 108 52 peu
1626 691 266 45 nerveux,
1919 692 139 37 vous

87 762 89 35 me
202 748 182 67 prêtez
415 743 95 52 des
551 744 449 55 raisonnements
1041 747 194 53 lourds
1275 749 374 53 d'absurdités
1680 763 14 55 ;
1732 762 294 58 permettez-

85 820 115 52 moi
227 821 307 51 seulement
560 821 67 51 de
659 839 141 35 vous
834 824 309 52 demander
1174 824 45 52 si
1240 842 141 37 vous
1414 827 275 52 admettez
1714 828 346 52 résolument

85 896 47 52 le
156 895 247 70 principe
429 895 67 52 de
532 895 274 55 l'écriture
839 899 276 70 classique
1140 900 19 51 ?

252 970 143 56 Sans
428 990 184 36 aucun
642 975 189 52 doute.

247 1047 253 55 Souffrez
532 1050 148 53 alors
707 1069 107 51 que
839 1050 252 69 j'admire
1116 1070 68 35 en
1223 1065 153 41 toute
1409 1054 257 54 sincérité
1692 1056 53 52 la
1786 1056 238 69 complai-

82 1140 160 36 sance
273 1125 67 51 de
364 1138 156 39 votre
555 1126 212 52 oreille.
803 1129 81 51 La
914 1128 226 52 mienne
1173 1130 188 51 admet
1403 1130 319 53 facilement
1761 1131 78 52 les
1880 1131 147 54 disso-

81 1216 201 37 nances
308 1202 134 53 d'un
467 1204 281 70 Debussy,
768 1204 141 53 mais
941 1208 87 49 n'a
1051 1224 98 51 pas
1173 1224 199 34 encore
1399 1224 76 52 pu
1502 1208 306 53 s'habituer
1840 1211 29 50 à
1893 1209 163 53 celles

82 1279 66 52 de
174 1277 168 54 Bach.

251 1354 126 68 Que
400 1355 311 56 dites-vous
732 1360 21 49 ?
773 1359 191 52 s'écria
990 1360 47 49 le
1063 1359 271 64 vieillard,
1364 1360 185 52 béant.

249 1431 62 51 Je
337 1430 85 53 dis
444 1450 108 51 que
585 1435 132 51 c'est
755 1451 144 52 pour
929 1434 116 52 moi
1083 1453 77 34 un
1192 1435 145 67 sujet
1370 1436 284 69 perpétuel
1706 1436 317 53 d'émerveil-

75 1507 205 52 lement
312 1525 107 52 que
456 1509 48 50 le
546 1511 269 67 spectacle
840 1511 68 52 de
934 1510 305 53 musiciens
1271 1511 256 53 horrifiés
1555 1512 202 51 devant
1788 1529 110 35 une
1925 1514 102 50 alté-

73 1582 182 54 ration
287 1585 271 52 moderne
591 1600 54 38 et
670 1586 266 53 satisfaits
969 1589 96 50 des
1098 1587 352 73 agrégations
1475 1587 436 69 innommables,
1935 1590 116 66 oui,

73 1658 305 68 Monsieur,
407 1660 440 71 innommables,
866 1670 256 46 amenées
1140 1681 102 52 par
1262 1665 49 51 le
1331 1663 88 68 jeu
1438 1666 75 51 du
1532 1665 357 70 contrepoint
1913 1667 111 51 clas-

73 1736 174 70 sique.
282 1738 212 52 Jamais
518 1757 77 35 un
618 1740 277 53 musicien
937 1741 428 70 contemporain
1411 1745 221 49 n'osera
1653 1741 194 53 réunir
1868 1759 70 34 en
1963 1760 60 34 ac-

72 1813 130 52 cord
227 1815 79 50 les
331 1827 163 40 notes
520 1834 107 52 que
647 1834 309 53 superpose
983 1817 149 52 Bach
1159 1818 139 51 dans
1324 1817 73 52 tel
1423 1818 68 51 de
1513 1835 87 33 ses
1625 1817 236 52 chorals.
1889 1820 162 52 Nous

72 1890 250 53 écrivons
350 1911 26 27 «
403 1909 70 34 en
491 1891 243 54 hauteur
759 1915 24 28 »
809 1907 14 54 ;
849 1911 145 36 nous
1019 1893 408 66 construisons,
1456 1911 131 34 avec
1609 1895 95 50 des
1731 1893 318 54 intervalles

72 1967 236 67 enlacés,
334 1967 412 71 d'ingénieuses
784 1970 338 52 colonnades
1167 1987 230 35 sonores
1452 1982 53 40 et
1555 1986 145 36 nous
1741 1971 308 52 cherchons

71 2043 214 54 ensuite
318 2048 31 47 à
373 2043 77 54 les
476 2044 193 53 réunir
692 2062 129 36 avec
844 2047 277 69 élégance.
1158 2047 108 51 Les
1287 2044 327 70 classiques,
1651 2063 68 35 au
1746 2046 298 67 contraire,

72 2118 239 55 écrivent
344 2137 68 36 en
444 2122 241 70 largeur.

240 2197 284 67 Qu'est-ce
556 2215 109 52 que
690 2199 116 51 cela
830 2211 130 40 veut
986 2198 118 52 dire
1130 2199 18 50 ?

221 2273 134 53 Cela
369 2287 134 39 veut
516 2274 119 52 dire
654 2292 108 52 que
781 2276 148 52 leurs
951 2274 230 70 phrases
1204 2273 207 53 étaient
1431 2273 231 53 d'abord
1682 2273 285 67 jalonnées
1980 2276 66 52 de

68 2349 262 54 cadences
346 2351 304 69 régulières
673 2363 52 40 et
748 2352 392 68 symétriques,
1167 2363 53 40 et
1238 2351 380 52 d'harmonies
1635 2351 68 50 de
1718 2362 124 41 tout
1856 2367 186 53 repos,

71 2425 122 69 puis
217 2427 67 52 ils
308 2428 295 52 mettaient
623 2446 70 34 en
723 2429 228 51 marche
989 2431 79 49 les
1116 2441 197 57 quatre
1346 2427 388 70 contrepoints
1773 2427 97 70 qui
1919 2444 96 53 par-

69 2503 168 52 taient
259 2504 134 52 d'un
405 2504 113 52 bon
536 2523 119 51 pas,
671 2505 261 53 luttaient
956 2518 156 40 entre
1132 2522 125 48 eux,
1278 2503 249 67 jouaient
1548 2508 30 47 à
1602 2516 440 52 saute-mouton,

69 2596 54 34 se
147 2578 335 70 heurtaient,
525 2599 58 33 se
607 2580 349 52 marchaient
984 2598 96 36 sur
1102 2582 77 50 les
1212 2580 158 70 pieds
1392 2597 129 35 avec
1557 2579 238 52 frénésie
1822 2597 142 52 pour
1988 2598 58 34 se

68 2655 321 54 réconcilier
412 2657 150 52 enfin
604 2660 31 49 à
669 2658 235 52 l'accord
952 2658 149 66 final,
1149 2662 160 66 après
1350 2655 156 54 avoir
1553 2655 236 52 commis
1856 2668 186 39 toutes

72 2744 171 40 sortes
287 2733 67 53 de
386 2733 400 70 déprédations
833 2734 406 70 harmoniques
1266 2752 68 34 au
1367 2749 164 36 cours
1553 2733 66 51 de
1657 2732 122 52 leur
1809 2749 230 52 voyage.

71 2805 89 55 On
199 2809 223 53 arrivait
443 2810 142 52 ainsi
619 2815 31 47 à
671 2812 97 50 des
801 2824 324 38 rencontres
1150 2812 68 50 de
1243 2823 160 39 notes
1422 2810 67 52 de
1511 2825 231 54 passage
1765 2808 279 53 vraiment

68 2885 344 69 terrifiantes,
448 2890 30 50 à
499 2889 67 51 de
595 2889 158 52 telles
777 2893 259 48 cruautés
1064 2906 175 52 que...

134 2960 140 53 Mais
309 2964 47 52 le
395 2964 163 52 vieux
586 2964 315 67 Monsieur,
941 2968 161 49 outré
1157 2965 64 51 de
1265 2975 121 40 tant
1436 2964 65 51 de
1544 2961 376 70 blasphèmes,
1972 2977 66 35 ne

72 3039 189 53 voulut
290 3040 162 70 point
472 3058 69 34 en
571 3041 269 52 entendre
873 3043 306 67 davantage
1212 3053 54 39 et
1305 3040 117 51 s'en
1458 3038 106 52 alla
1609 3038 428 69 brusquement.

69 3114 172 54 Entre
273 3134 163 51 nous,
476 3135 104 36 son
618 3119 164 68 jeune
815 3118 404 53 interlocuteur
1244 3116 179 52 s'était
1455 3118 222 49 montré
1717 3115 289 53 démesuré-

72 3204 150 39 ment
252 3195 229 67 prolixe.

1540 3314 220 51 Willy.
