3563 4432
1734 191 104 50 221

169 333 240 50 wackerer
444 334 160 50 Weise
636 337 277 66 vorgeführt
955 336 178 49 wurde.
1196 336 83 49 Die
1326 337 153 50 Chöre
1524 336 207 49 strebten

170 413 83 48 mit
294 430 207 48 grossem
550 414 90 50 und
684 433 54 32 zu
783 425 158 57 gutem
974 416 123 47 Ziele
1143 416 279 49 führendem
1460 416 140 53 Eifer,
1632 416 101 48 ihre

170 492 221 66 Aufgabe
419 512 52 31 zu
507 496 142 54 lösen,
694 514 89 31 nur
814 512 99 32 war
951 494 171 50 freilich
1157 496 72 48 die
1261 497 258 65 Besetzung
1552 497 77 47 für
1660 494 73 50 die

171 573 191 50 meisten
395 573 156 51 Chöre
580 576 126 48 nicht
733 574 127 50 stark
890 592 182 49 genug;
1114 592 47 32 es
1191 576 205 49 verdient
1426 576 116 49 aber
1572 594 78 30 um
1683 591 49 32 so

170 652 135 48 mehr
321 653 372 68 Anerkennung,
719 671 134 32 wenn
876 654 102 49 eine
1002 653 166 57 kleine,
1194 656 367 65 wohlgeschulte
1583 654 150 49 Schar

167 732 157 48 solche
355 733 251 66 Aufgaben
640 733 180 66 muthig
849 751 52 30 zu
936 734 126 49 lösen
1096 734 319 50 unternimmt.
1472 734 98 50 Der
1600 733 104 51 Cäci-

169 812 288 51 lien-Verein
489 813 207 48 zeichnet
724 814 92 49 sich
852 813 221 66 übrigens
1111 814 117 49 auch
1262 814 144 49 durch
1439 814 293 67 vorzügliche

173 893 283 65 Leistungen
487 893 60 47 im
583 893 216 66 Gesänge
1493 910 31 34 a
1606 892 131 71 capell
1092 911 97 33 aus.
1247 895 88 48 Die
1364 895 368 66 Sopran-Partie

169 973 61 47 im
545 988 114 50 sang
693 973 215 49 Fräulein
942 973 222 50 Garthe
1208 990 82 32 aus
1336 975 253 48 Hannover
1628 990 77 32 cor-

170 1058 113 50 rect,
315 1052 113 48 aber
458 1053 122 49 ohne
614 1053 214 49 Wärme.
881 1055 125 48 Herr
1036 1053 201 50 Schild
1271 1052 159 51 führte
1462 1053 71 49 die
1566 1053 164 49 beiden

169 1131 216 49 Partieen
430 1131 79 49 des
545 1132 170 66 Jephta
759 1132 93 50 und
898 1135 180 47 Hamor
1121 1132 108 51 sehr
1272 1132 318 67 befriedigend
1636 1149 94 33 aus.

171 1211 183 48 Mosel's
380 1211 317 67 Bearbeitung
721 1221 170 41 musste
917 1213 145 49 leider
1086 1213 80 49 mit
1195 1213 42 47 in
1271 1212 86 50 den
1383 1212 131 50 Kauf
1538 1229 161 49 genom-

173 1307 104 32 men
308 1289 204 51 werden.

291 1369 156 51 Ueber
476 1371 81 48 das
589 1371 199 49 Concert
827 1372 81 48 der
955 1372 148 50 Bach
1122 1400 14 8 -
1155 1371 397 51 Gesellschaft
1596 1378 137 42 unter

170 1449 202 65 Leitung
404 1451 78 48 des
515 1451 153 48 Herrn
702 1451 310 48 Armbrust
1042 1449 147 68 („Die
1218 1449 157 51 sieben
1646 1469 86 30 von

173 1531 55 47 H.
261 1530 214 48 Schütz
517 1530 92 49 und
640 1530 81 49 das
752 1528 174 54 Stabat
948 1531 153 49 mater
1139 1547 85 32 von
1258 1530 267 66 Astorga)
1558 1530 177 50 enthält

170 1608 107 50 Ihre
315 1610 199 66 Zeitung
559 1610 169 49 bereits
771 1611 43 48 in
855 1611 91 48 Nr.
993 1610 65 49 12
1103 1626 119 33 vom
1274 1610 89 49 24.
1404 1611 152 48 März
1599 1610 133 50 einen

173 1690 199 48 Bericht.

289 1770 215 48 Nehmen
528 1770 76 48 Sie
627 1786 94 32 nun
743 1768 118 50 noch
888 1770 152 54 hinzu,
1065 1770 103 48 dass
1192 1768 120 50 auch
1338 1770 71 48 die
1435 1771 255 48 Kammer-

171 1848 179 49 musik
397 1848 146 49 durch
589 1848 80 49 das
701 1847 225 61 Quartett
964 1848 82 49 der
1077 1848 183 49 Herren
1303 1848 136 50 BÖie
1484 1848 93 50 und
1620 1848 113 50 Lee

170 1928 136 49 nebst
339 1927 310 51 Hohnrath
683 1928 91 49 und
806 1927 228 51 Schmal
1068 1927 94 50 und
1192 1927 74 50 die
1290 1928 333 50 Trio-Soireen
1655 1927 80 51 des

170 2008 157 49 Herrn
373 2008 102 49 Nie
489 2024 164 34 mann
698 2007 96 50 und
838 2008 79 49 des
961 2008 158 49 Herrn
1152 2008 50 50 C.
1232 2025 103 32 von
1375 2008 216 50 Holten
1633 2007 102 67 (mit

173 2087 111 51 Böie
319 2087 92 50 und
442 2087 113 66 Lee)
587 2095 231 42 vertreten
849 2088 73 57 ist,
959 2104 49 33 so
1041 2087 189 50 werden
1261 2088 76 49 Sie
1368 2088 106 49 Sich
1506 2087 199 50 überzeu-

169 2184 110 49 gen,
307 2167 108 48 dass
447 2166 250 67 Hamburg
728 2167 115 50 volle
868 2166 276 67 Ansprüche
1176 2166 94 56 hat,
1302 2166 82 49 auf
1408 2166 104 49 dem
1540 2167 195 50 Gebiete

166 2246 85 49 der
283 2247 151 48 Kunst
465 2246 175 49 wieder
664 2246 89 49 den
786 2247 133 65 Rang
961 2246 361 66 eingenommen
1352 2264 54 31 zu
1439 2246 172 57 haben,
1652 2246 83 49 der

169 2327 153 48 seiner
348 2341 195 50 grossen
576 2326 347 49 musicalischen
957 2326 384 65 Vergangenheit
1371 2326 183 66 würdig
1582 2326 71 49 ist.

289 2406 157 49 Ueber
490 2406 72 49 die
594 2407 309 65 Programme
948 2405 83 49 der
1072 2406 130 48 sechs
1233 2406 472 58 Quartett-Unterhal-

167 2493 178 58 tungen
391 2502 126 32 muss
560 2486 70 48 ich
674 2502 81 32 zur
813 2485 369 49 Charakteristik
1241 2485 82 49 der
1379 2486 352 48 musicalischen

170 2565 361 67 Physiognomie
574 2565 79 48 des
683 2563 269 50 Publicums
997 2565 118 48 noch
1161 2565 304 64 hinzufügen,
1510 2563 103 51 dass
1652 2565 81 54 sie,

170 2645 83 48 mit
283 2645 273 48 Ausnahme
585 2643 80 50 des
694 2645 234 48 Sextettes
959 2660 83 33 von
1077 2642 331 56 Grädener,
1439 2661 89 31 nur
1550 2643 183 50 Werke

167 2723 86 50 der
283 2726 174 48 älteren
491 2725 231 49 Classiker
761 2722 348 69 (Mendelssohn
1140 2723 93 50 und
1266 2723 269 50 Schumann
1562 2723 170 68 jedoch

171 2803 125 50 nicht
326 2820 114 49 ganz
471 2801 399 68 ausgeschlossen)
904 2802 241 57 brachten,
1186 2806 182 62 gemäss
1399 2802 83 50 der
1515 2802 218 50 Vorliebe

173 2883 82 49 der
288 2883 70 49 bei
395 2883 181 49 weitem
608 2886 247 62 grösseren
886 2882 115 50 Zahl
1032 2882 83 51 der
1145 2882 329 50 Abonnenten.
1528 2885 96 47 Aus
1655 2882 82 48 der

171 2965 165 47 letzten
360 2962 192 66 Sitzung
578 2961 92 67 (am
692 2961 48 51 9.
759 2960 144 67 März)
933 2962 57 48 ist
1013 2962 82 50 das
1125 2962 611 48 Trio-Divertimento

167 3043 46 50 in
330 3042 178 51 Es-dur
509 3059 56 31 von
612 3043 218 49 Mozart
876 3041 254 49 besonders
1173 3059 52 31 zu
1267 3041 250 49 erwähnen
1558 3041 93 49 Und
1683 3059 54 30 zu

170 3122 286 66 empfehlen,
486 3121 154 49 indem
673 3121 182 48 schwer
884 3137 53 31 zu
971 3120 296 49 entscheiden
1299 3121 94 48 sein
1425 3120 172 53 dürfte,
1627 3121 83 48 wel-

175 3202 108 49 cher
313 3219 84 32 von
432 3201 162 49 dessen
623 3201 131 49 sechs
786 3201 164 48 Sätzen
982 3198 82 50 der
1096 3200 255 49 reizendste
1380 3200 70 48 ist.

175 3459 95 57 Die
298 3475 135 41 neue
463 3458 158 75 Orgel
648 3459 55 56 in
731 3456 95 59 der
854 3456 320 59 Kathedrale
1205 3455 71 58 St.
1294 3455 183 58 Pierre
1504 3474 64 38 zu
1597 3454 142 58 Genf.

293 3602 88 49 Die
426 3601 235 66 belgische
707 3601 306 51 Gesellschaft
1056 3601 79 48 für
1165 3599 266 68 Orgelbau,
1474 3600 177 49 welche
1694 3601 45 50 in

171 3680 93 51 den
308 3681 385 51 Etablissements
739 3681 547 50 Merklin-Schütze
1332 3698 54 31 zu
1418 3680 184 49 Brüssel
1644 3680 93 51 und

175 3761 129 48 Paris
348 3761 100 50 ihre
495 3761 321 51 Werkstätten
863 3761 95 55 hat,
1003 3759 141 50 deren
1190 3759 265 49 technische
1499 3759 239 50 Direction

176 3841 123 48 Herr
328 3842 41 49 J.
402 3841 45 48 M
462 3859 56 30 er
534 3841 52 48 kl
602 3841 49 48 in
684 3841 150 57 führt,
880 3841 95 53 hat,
1013 3839 192 50 seitdem
1240 3840 84 48 wir
1352 3840 45 49 in
1427 3839 154 50 diesen
1614 3840 100 49 Blät-

172 3928 103 40 tern
308 3917 263 70 (Jahrgang
596 3919 164 57 1856,
781 3921 80 50 Nr.
881 3919 93 67 42)
999 3919 320 50 ausführliche
1343 3919 253 49 Nachricht
1621 3919 117 49 über

176 3999 74 50 die
283 3999 307 67 Einrichtung
629 3999 94 49 und
754 3999 88 49 den
875 3997 188 52 Betrieb
1093 3997 150 50 dieser
1275 3997 172 51 Fabrik
1487 3997 91 50 und
1619 3996 119 52 über

175 4079 73 49 die
276 4079 204 49 schönen
513 4080 238 48 Resultate
791 4079 127 49 ihrer
951 4077 353 66 Bestrebungen
1350 4077 275 66 mitgetheilt
1654 4077 54 51 ha-

177 4159 108 58 ben,
313 4160 102 48 ihre
445 4159 270 67 Thätigkeit
756 4159 270 67 verdoppelt
1070 4157 92 51 und
1205 4159 101 48 ihre
1339 4157 164 51 Arbeit
1544 4159 167 48 vervoll-

175 4237 260 56 kommnet,
459 4239 223 49 wodurch
707 4237 63 51 sie
793 4239 102 49 ihre
919 4237 339 51 Wirksamkeit
1282 4236 117 51 über
1421 4254 114 48 ganz
1557 4236 148 51 Frank-

1836 337 121 50 reich
1992 337 93 51 und
2119 337 188 66 Belgien
2338 356 53 31 zu
2425 340 185 48 wahrer
2636 340 277 67 Förderung
2939 341 80 51 des
3047 341 351 51 musicalischen

1835 417 183 50 Theiles
2062 416 79 49 des
2188 417 363 50 Gottesdienstes
2594 420 93 49 und
2732 437 78 32 zur
2853 421 327 51 allmählichen
3226 420 143 49 würdi-

1834 514 141 48 geren
2009 497 276 67 Benutzung
2315 497 79 50 des
2425 497 286 69 Orgelspiels
2740 517 80 32 zur
2842 501 301 67 Erweckung
3176 500 93 50 und
3303 501 63 49 He-

1835 576 128 67 bung
1994 576 78 49 des
2103 577 162 50 Sinnes
2300 578 76 49 für
2406 586 154 42 ernste
2592 580 150 49 Musik
2775 580 82 49 auf
2890 581 308 67 erfolgreiche
3234 580 162 52 Weise

1834 656 292 66 ausgedehnt
2158 657 90 50 hat.

1953 737 88 48 Die
2072 745 220 42 neuesten
2334 737 370 51 bedeutendsten
2735 738 242 57 Arbeiten,
3021 740 73 48 die
3138 757 81 32 aus
3261 740 135 50 ihren

1836 814 323 51 Werkstätten
2193 817 434 66 hervorgegangen,
2672 817 101 50 sind
2804 817 71 52 die
2906 820 146 66 Orgel
3094 820 77 48 für
3201 820 80 48 das
3313 820 56 49 kö-

1834 895 198 66 nigliche
2065 896 406 51 Conservatorium
2503 915 56 32 zu
2599 898 239 49 Brüssel
2880 900 43 48 in
2963 900 104 48 dem
3100 900 183 49 Palaste
3313 898 83 50 der

1832 975 383 66 Herzogsstrasse
2246 975 92 49 und
2363 976 73 49 die
2459 976 147 67 Orgel
2634 978 42 47 in
2709 976 84 49 der
2817 978 285 50 Kathedrale
3127 980 66 48 St.
3214 978 179 59 Pierre,

1834 1053 82 50 der
1940 1055 327 64 Hauptkirche
2291 1055 81 49 der
2396 1053 167 70 Eglise
2589 1053 242 54 nationale
2851 1058 290 69 protestante
3170 1076 52 32 zu
3250 1057 151 51 Genf

1831 1133 46 50 in
1907 1133 84 50 der
2022 1133 222 51 Schweiz.

1956 1213 85 50 Die
2071 1221 174 42 erstere
2285 1215 80 48 hat
2406 1215 83 48 auf
2522 1216 93 49 vier
2654 1215 243 52 Ciavieren
2937 1216 134 49 nebst
3101 1216 141 51 Pedal
3289 1217 106 65 (von

1835 1291 74 52 30
1935 1293 191 64 Tasten)
2158 1293 72 50 54
2252 1293 242 51 Stimmen.
2527 1296 180 57 Fetis,
2738 1296 410 49 Berichterstatter
3172 1296 82 49 der
3278 1297 87 48 Prü-

1835 1372 470 67 fungs-Commission
2353 1373 78 49 für
2474 1373 72 50 die
2591 1375 249 50 Abnahme
2884 1375 84 50 der
3010 1376 165 66 Orgel,
3219 1380 178 45 äussert

1834 1452 94 48 sich
1953 1469 74 33 am
2052 1452 216 50 Schlüsse
2292 1453 79 49 des
2396 1453 235 50 Berichtes
2657 1455 240 66 folgender
2920 1456 240 49 Maassen:
3201 1456 191 57 „Durch

1835 1532 146 50 dieses
2010 1533 285 50 Instrument
2332 1533 55 50 ist
2419 1533 189 66 Belgien
2652 1552 101 31 zum
2798 1543 152 42 ersten
2994 1536 124 49 Male
3157 1536 44 49 in
3247 1536 149 49 Besitz

1835 1612 128 50 einer
2003 1629 190 49 grossen
2226 1613 310 66 Musterorgel
2568 1613 299 66 gekommen,
2909 1612 73 52 die
3025 1615 89 50 den
3149 1616 247 66 Vergleich

1835 1692 82 48 mit
1947 1691 89 51 den
2065 1692 415 51 vollkommensten
2511 1693 345 51 Instrumenten
2887 1695 44 49 in
2961 1696 193 66 Europa
3184 1695 125 49 nicht
3339 1712 54 32 zu

1832 1771 202 51 scheuen
2069 1771 214 59 braucht,
2329 1772 91 50 und
2461 1771 74 51 die
2574 1772 161 51 besten
2766 1775 286 66 Organisten
3083 1775 79 49 des
3194 1776 171 48 Auslan-

1835 1850 79 50 des
1945 1850 185 50 können
2169 1851 180 49 endlich
2390 1852 43 48 in
2469 1852 184 50 Brüssel
2683 1853 73 49 ein
2787 1853 285 50 Instrument
3104 1853 172 59 finden,
3314 1853 83 50 das

1835 1947 47 32 es
1911 1930 140 49 ihnen
2083 1931 294 66 ermöglicht,
2415 1931 74 48 ihr
2517 1932 168 48 Talent
2714 1932 44 50 in
2790 1933 118 49 allen
2942 1932 324 69 Beziehungen
3298 1933 74 68 gel-

1835 2010 107 49 tend
1973 2027 56 32 zu
2061 2011 211 48 machen.
2813 2007 263 70 [Moniteur
3393 2011 9 51 B

1954 2091 97 48 Zur
2089 2090 212 66 Prüfung
2343 2090 82 49 der
2456 2091 146 66 Orgel
2648 2092 43 48 in
2737 2091 82 49 der
2850 2092 288 50 Kathedrale
3168 2110 53 32 zu
3254 2091 148 52 Genf

1837 2168 93 51 und
1962 2187 53 31 zu
2053 2168 88 50 den
2185 2170 348 49 musicalischen
2565 2171 724 67 Einweihungs-Festlichkeiten
3320 2190 52 32 zu-

1836 2250 149 64 gleich
2019 2250 81 49 mit
2131 2248 87 51 den
2252 2257 140 43 unten
2425 2258 267 59 genannten
2715 2252 257 50 Künstlern
3002 2269 83 33 aus
3111 2252 287 51 Frankreich

1836 2328 95 50 und
1968 2328 84 50 der
2083 2328 208 50 Schweiz
2334 2328 292 66 eingeladen,
2669 2330 172 50 theilen
2885 2331 84 49 wir
3008 2331 74 51 die
3111 2331 285 67 Disposition

1835 2408 80 50 des
1948 2407 204 51 Werkes
2192 2408 91 50 und
2328 2408 81 52 das
2439 2410 256 66 Ergebniss
2735 2410 83 50 der
2846 2412 216 50 Revision
3105 2412 44 48 in
3199 2412 170 65 Folgen-

1835 2488 105 50 dem
1972 2488 97 50 mit.

1954 2568 88 49 Die
2071 2584 120 33 neue
2221 2566 147 67 Orgel
2412 2567 80 50 hat
2523 2568 83 49 auf
2630 2567 98 51 drei
2760 2570 240 50 Ciavieren
3030 2568 145 69 (jedes
3205 2587 87 32 von
3325 2568 70 52 56

1835 2646 190 65 Tasten)
2057 2647 92 48 und
2182 2645 104 49 dem
2318 2645 143 50 freien
2493 2646 143 51 Pedal
2676 2646 105 67 (von
2814 2647 70 51 27
2918 2648 189 68 Tasten)
3151 2648 71 51 45
3256 2650 113 48 Stim-

1839 2742 123 45 men,
1994 2726 175 51 welche
2201 2726 86 48 wie
2318 2725 113 66 folgt
2460 2726 212 49 vertheilt
2699 2727 100 50 sind
2818 2746 11 31 :

2231 2805 205 49 Erstes
2480 2805 241 50 Ciavier.
2765 2807 240 50 Positiv.

2125 2886 40 48 1.
2201 2885 223 48 Bourdon
2847 2886 66 51 16
2950 2888 130 50 Fuss.

2118 2963 51 51 2.
2201 2963 242 50 Rohrflöte
2884 2965 30 50 8
3014 3005 16 18 „

2119 3042 50 53 3.
2199 3043 230 68 Principal
2786 3084 10 11 .
2884 3045 32 50 8
3014 3085 17 19 „

2121 3123 49 50 4.
2202 3122 133 50 Viola
2365 3123 43 49 di
2442 3123 184 50 Gamba
2678 3163 122 12 ...
2887 3123 30 52 8
3014 3164 17 20 „

2121 3202 47 50 5.
2198 3202 247 50 Salicional
2884 3202 30 52 8
3012 3243 17 20 „

2119 3281 47 52 6.
2198 3282 342 51 Harmonische
2572 3283 130 50 Flöte
2733 3323 10 10 .
2786 3321 10 12 .
2881 3283 32 50 4
3010 3323 17 19 „

2246 3361 741 51 Combinationsstimmen.

2123 3440 47 49 7.
2203 3441 177 48 Mixtur
2409 3440 118 50 drei-
2563 3441 66 49 bis
2660 3442 215 50 vierfach.

2121 3518 48 51 8.
2203 3520 216 49 Flautino
2883 3521 31 49 2
2949 3522 131 50 Fuss.

2119 3600 50 50 9.
2201 3601 254 66 Trompete
2879 3600 30 52 8
3007 3640 18 19 „

2085 3678 85 51 10.
2203 3680 253 49 Clarinette
2879 3680 30 50 8
3007 3719 18 20 B

2137 3758 248 51 Zweites
2431 3758 243 51 Ciavier.
2723 3760 376 67 Hauptwerk.

2127 3838 42 51 1.
2198 3838 230 66 Principal
2850 3838 66 52 16
2950 3841 128 48 Fuss.

2118 3917 50 51 2.
2198 3916 222 51 Bourdon
2845 3918 64 51 16
3006 3956 16 21 „

2119 3996 49 52 3.
2198 3997 230 66 Principal
2875 3997 29 51 8
3002 4036 18 22 „

2119 4077 49 50 4.
2198 4076 225 51 Bourdon
2874 4076 29 51 8

2117 4156 48 51 5.
2198 4156 341 51 Harmonische
2570 4157 131 51 Flöte
2724 4195 10 12 .
2779 4195 10 12 .
2874 4155 30 52 8
3005 4197 15 17 „

2118 4235 47 50 6.
2198 4236 184 50 Gamba
2874 4236 32 50 8
