2329 3977
892 447 79 42 LA
1001 441 387 51 CHRONIQUE
1422 438 321 43 MUSICALE

415 450 81 54 146

407 599 40 42 la
481 599 206 41 crédulité
718 605 41 34 et
778 597 52 40 de
849 595 278 55 l'ignorance,
1157 593 94 41 font
1270 604 143 43 passer
1435 603 111 42 pour
1586 588 72 41 des
1689 587 212 41 animaux
1927 582 246 57 amphibies

407 680 134 47 ayant
572 670 254 42 réellement
845 670 149 49 existé,
1018 677 42 34 et
1089 669 109 40 dont
1217 667 40 42 la
1280 674 155 34 nature
1461 662 183 56 hybride
1665 675 24 27 a
1722 661 247 53 longtemps
2003 656 167 56 surpris

404 747 60 40 les
484 753 217 34 amateurs
723 746 254 55 européens.

465 813 37 42 Il
524 822 64 34 est
607 814 226 41 démontré
854 811 283 56 aujourd'hui
1171 825 86 42 que
1287 809 61 42 les
1380 808 185 42 Sirènes
1569 838 11 21 ,
1616 804 181 56 quelles
1813 802 118 42 aient
1953 801 66 41 été
2041 798 112 43 fabri-

407 888 134 54 quées
558 902 77 41 par
654 889 59 40 les
732 888 278 41 naturalistes
1039 887 231 41 orientaux
1289 898 59 28 ou
1371 883 223 41 inventées
1616 894 75 42 par
1710 879 58 41 les
1791 876 178 42 anciens
1994 874 150 55 mytho-

407 961 165 55 logues,
591 969 99 35 sont
709 963 75 40 des
805 963 109 40 êtres
946 960 301 55 imaginaires,
1264 958 112 42 ainsi
1404 970 86 41 que
1528 965 100 32 tous
1649 955 60 41 les
1731 951 152 57 esprits
1910 949 264 56 aquatiques

409 1048 87 42 que
514 1036 91 41 l'on
626 1036 98 41 s'est
743 1036 78 54 plu
844 1036 51 40 de
916 1043 99 34 tout
1035 1042 141 46 temps
1193 1038 21 36 à
1233 1044 187 43 grouper
1435 1037 164 34 autour
1620 1027 161 42 d'elles.

465 1109 120 51 Quoi
608 1109 107 55 qu'il
736 1123 53 27 en
808 1109 98 54 soit,
929 1109 40 41 la
992 1108 111 41 fable
1123 1107 72 42 des
1214 1106 172 42 Sirènes
1407 1112 63 33 est
1489 1103 120 42 l'une
1623 1102 74 40 des
1712 1102 100 54 plus
1828 1098 242 56 gracieuses
2093 1110 86 41 que

409 1196 114 27 nous
545 1183 60 41 ait
623 1183 169 55 léguées
812 1182 267 55 l'antiquité.
1103 1180 139 42 Outre
1263 1180 40 42 le
1320 1192 98 28 sens
1438 1176 213 55 religieux
1673 1182 41 33 et
1733 1172 343 57 philosophique
2093 1183 87 42 que

405 1256 62 42 les
499 1257 181 41 anciens
715 1257 269 41 attachaient
1011 1270 56 27 au
1103 1255 168 55 mythe,
1308 1253 52 41 ils
1398 1251 207 55 voyaient
1625 1249 51 41 de
1696 1248 117 56 plus,
1835 1247 108 41 dans
1966 1259 45 27 ce
2030 1245 147 40 thème

405 1331 329 42 éternellement
751 1331 131 54 jeune
903 1331 51 40 de
974 1330 42 41 la
1037 1329 227 42 séduction
1283 1326 233 52 féminine,
1537 1339 64 27 un
1622 1325 192 55 prétexte
1831 1326 24 37 à
1877 1320 128 42 récits
2024 1319 126 54 légen-

406 1404 154 54 daires,
593 1406 233 41 continués
860 1418 59 27 ou
957 1404 137 55 repris
1129 1417 77 41 par
1232 1403 60 41 les
1322 1408 205 35 conteurs
1547 1400 60 39 du
1630 1397 164 55 Moyen
1813 1397 108 53 Age.
1948 1394 63 41 La
2032 1393 148 42 Sirène

408 1478 246 55 n'apparaît
673 1479 110 41 dans
812 1479 40 41 le
885 1478 162 41 monde
1080 1477 86 42 réel
1202 1476 103 55 qu'à
1331 1475 41 41 la
1399 1472 309 51 Renaissance,
1733 1472 171 53 époque
1924 1467 75 41 des
2020 1465 159 56 grands

406 1566 186 42 voyages
626 1561 42 33 et
698 1554 71 40 des
804 1552 186 56 grandes
1016 1551 280 41 découvertes
1315 1565 11 36 ;
1360 1562 58 27 au
1436 1555 178 48 rapport
1639 1546 52 40 de
1715 1544 85 41 Las
1823 1543 145 51 Cases,
1988 1540 192 42 Colomb

410 1627 141 41 aurait
571 1625 91 55 joui
689 1627 52 41 de
761 1627 41 41 la
833 1627 143 41 même
1007 1626 151 41 faveur
1191 1624 269 56 qu'Ulysse:
1480 1622 39 41 le
1534 1620 164 42 célèbre
1725 1618 262 54 navigateur
2006 1616 77 54 qui
2105 1615 50 40 dé-

416 1700 170 42 couvrit
605 1700 39 42 le
668 1700 408 42 Nouveau-Monde
1110 1698 143 42 aurait
1279 1712 57 27 vu
1370 1698 72 40 des
1466 1695 172 42 Sirènes
1661 1698 7 38 !
1708 1692 117 42 Mais
1846 1691 31 41 il
1893 1690 106 43 était
2018 1688 164 43 réservé

410 1775 260 42 auxérudits
691 1775 244 54 modernes,
949 1784 120 33 entre
1087 1782 146 33 autres
1254 1775 24 38 à
1301 1772 63 41 M.
1391 1771 185 54 Georges
1595 1769 190 41 Kastner
1813 1765 182 57 (auquel
2024 1777 132 41 appar-

412 1848 200 42 tiennent
630 1848 59 41 les
709 1848 251 42 recherches
978 1848 59 41 les
1059 1847 97 56 plus
1175 1847 191 41 récentes
1390 1858 76 28 sur
1487 1851 109 35 cette
1623 1841 223 56 gracieuse
1878 1838 153 41 fiction
2051 1836 100 41 envi-

411 1924 125 52 sagée
571 1923 84 41 soit
684 1924 107 39 dans
825 1923 61 41 les
913 1929 285 35 monuments
1228 1921 53 41 de
1312 1921 41 41 la
1384 1919 135 43 Grèce
1542 1917 196 55 antique,
1766 1916 84 41 soit
1870 1914 108 40 dans
1999 1926 109 27 ceux
2128 1911 52 40 de

415 1996 211 56 l'Europe
646 1996 60 41 du
727 1996 140 56 Nord)
885 1997 79 55 (i),
977 1995 331 57 d'approfondir
1327 1992 356 43 non-seulement
1696 1991 39 41 le
1754 1987 236 57 mythedes
2011 1986 170 41 Sirènes

410 2084 103 28 sous
536 2084 62 27 un
618 2070 97 55 plus
731 2071 116 54 large
863 2070 125 55 point
1008 2070 53 41 de
1083 2083 100 40 vue,
1208 2068 112 42 mais
1341 2081 153 28 encore
1506 2065 213 42 d'étudier
1735 2062 211 43 l'histoire
1962 2059 218 43 naturelle

407 2144 73 41 des
502 2144 211 42 animaux
728 2145 167 41 marins
917 2145 212 54 auxquels
1146 2157 58 27 on
1225 2158 24 26 a
1271 2143 149 41 donné
1444 2155 62 27 un
1527 2154 104 28 nom
1649 2139 79 55 qui
1747 2152 54 27 ne
1821 2137 98 42 leur
1948 2133 225 53 convient,

408 2232 173 28 comme
598 2233 58 27 on
677 2219 40 41 le
738 2233 120 27 verra
877 2219 98 55 plus
995 2219 111 54 loin,
1131 2219 46 41 ni
1194 2232 113 42 pour
1323 2217 43 42 la
1383 2217 137 43 forme
1534 2213 249 58 corporelle,
1806 2212 47 42 ni
1871 2225 112 41 pour
2006 2210 38 42 le
2062 2222 96 43 pres-

412 2292 86 53 tige
516 2293 248 42 mélodieux
788 2293 54 42 de
861 2293 41 42 la
920 2293 117 42 voix.

1275 2498 48 41 II

468 2663 83 42 Les
573 2662 178 43 anciens
771 2670 81 33 ont
872 2662 109 41 émis
1008 2662 59 41 les
1089 2661 208 55 opinions
1326 2660 62 42 les
1409 2660 100 55 plus
1543 2659 187 42 diverses
1752 2671 74 29 sur
1846 2657 60 42 les
1935 2670 128 28 noms
2084 2664 41 34 et
2145 2654 40 44 le

405 2741 184 40 nombre
603 2738 72 42 des
694 2738 183 53 Sirènes,
898 2736 225 56 qualifiées
1138 2750 77 42 par
1233 2735 189 43 Pindare
1442 2752 19 21 «
1484 2734 411 43 d'enchanteresses.
1924 2749 19 21 »
1966 2731 213 51 Homère,

408 2814 109 41 dans
538 2813 28 42 F
574 2813 216 56 Odyssée,
816 2826 54 27 ne
890 2813 116 55 parle
1027 2825 85 42 que
1136 2811 54 41 de
1208 2811 113 42 deux
1342 2810 194 52 Sirènes;
1560 2810 183 41 Tzetzès
1776 2822 43 27 se
1848 2808 136 40 borne
2014 2809 24 37 à
2060 2804 122 53 trois,

410 2897 41 33 et
472 2887 120 43 enfin
614 2887 174 55 Platon,
807 2887 108 41 dans
937 2900 79 28 son
1032 2885 110 43 livre
1162 2886 53 41 de
1233 2886 41 41 la
1290 2886 277 55 République
1572 2917 11 22 ,
1605 2898 55 28 en
1679 2890 172 48 compte
1869 2880 175 56 jusqu'à
2066 2879 116 42 huit.

414 2963 181 55 D'après
632 2963 39 40 le
712 2961 230 42 scholiaste
990 2961 257 54 d'Homère,
1279 2960 231 54 Eustathe,
1545 2959 207 51 Strabon,
1799 2956 143 52 Pline,
1980 2956 203 48 Pétrone,

409 3037 231 53 Claudien,
661 3044 40 34 et
724 3036 193 53 Servius,
940 3036 40 41 le
1014 3042 352 35 commentateur
1394 3035 52 41 de
1467 3034 186 55 Virgile,
1677 3033 61 41 les
1760 3044 128 29 noms
1917 3030 73 41 des
2013 3029 172 41 Sirènes

409 3111 287 55 exprimaient
717 3111 325 55 généralement
1075 3111 73 40 des
1170 3109 187 55 qualités
1392 3116 144 35 toutes
1571 3108 250 41 musicales.
1844 3103 129 43 Ainsi
2003 3103 152 53 Aglao-

399 3185 147 54 phone
580 3184 212 55 signifiait
817 3201 8 25 :
853 3200 23 24 «
898 3184 78 55 qui
999 3198 24 27 a
1047 3198 88 28 une
1157 3184 104 41 voix
1282 3185 187 55 superbe
1484 3198 11 40 ;
1524 3199 19 23 »
1574 3180 300 55 Thelxiopeia
1879 3211 11 21 ,
1913 3195 19 21 «
1954 3177 78 55 qui
2055 3190 24 26 a
2098 3189 87 27 une

409 3260 104 41 voix
536 3260 211 54 agréable,
769 3259 158 55 douce,
949 3259 225 55 flatteuse;
1202 3275 19 23 »
1261 3258 249 43 Thelxinoé
1515 3291 10 22 ,
1555 3274 23 23 «
1602 3256 77 56 qui
1701 3253 179 44 adoucit
1901 3251 129 43 Pâme
2050 3263 77 43 par
2148 3249 37 41 le

454 3441 54 42 (1)
527 3439 70 35 Les
619 3439 161 45 Sirènes,
797 3438 105 35 Essai
919 3448 62 24 sur
997 3438 54 34 les
1069 3437 227 46 principaux
1312 3436 148 47 mythes
1483 3434 142 36 relatifs
1640 3434 20 35 à
1964 3438 83 33 etc.,
2065 3427 104 35 Paris
2173 3450 11 21 >

418 3500 106 42 1858,
548 3502 108 42 in-4°o
