2329 3977
501 425 80 41 DE
616 425 76 41 LA
727 425 460 51 GYMNASTIQUE
1222 425 423 43 PULMONAIRE

1871 427 74 42 161

202 574 182 44 boisière
405 586 74 27 sur
500 573 38 40 la
561 573 205 54 phthisie,
786 586 111 28 nous
920 587 28 40 y
970 587 135 27 avons
1128 574 192 40 entendu
1339 574 39 40 le
1396 575 246 41 Professeur
1660 574 250 56 s'exprimer
1932 580 23 35 à

203 663 80 42 peu
307 651 93 51 près
431 661 52 26 en
507 660 67 27 ces
596 656 159 31 termes
779 663 9 25 :
817 663 19 20 «
861 647 73 40 On
956 661 23 26 a
1003 649 211 52 prétendu
1249 661 86 41 que
1369 648 59 40 les
1463 649 206 40 exercices
1697 649 50 40 de
1771 651 40 38 la
1833 649 121 52 voix,

196 724 37 39 le
263 722 130 40 chant
430 730 41 30 et
504 720 38 40 le
574 719 69 54 jeu
674 723 143 37 même
850 720 72 41 des
957 720 293 42 instruments
1280 726 23 35 à
1339 731 120 43 vent,
1483 722 160 54 dirigés
1665 723 108 41 dans
1799 724 36 40 le
1859 737 97 27 sens

196 797 128 38 d'une
344 804 113 31 sorte
479 795 51 39 de
551 794 310 54 gymnastique
883 795 72 39 des
979 807 235 41 poumons,
1231 795 164 40 étaient
1414 809 176 41 propres
1612 801 23 36 à
1658 798 240 40 combattre
1917 797 40 40 la

198 868 198 56 phthisie.
426 868 119 40 Pour
567 882 103 26 mon
694 879 190 43 compte,
909 867 35 54 je
967 868 111 40 crois
1094 882 84 40 peu
1197 872 20 36 à
1241 868 241 41 l'efficacité
1497 869 107 41 d'un
1626 871 136 52 pareil
1779 884 177 40 moyen,

197 944 137 39 même
360 955 108 41 pour
490 941 39 40 la
554 941 300 55 prophylaxie,
890 950 40 32 et
965 941 37 53 je
1037 942 133 39 serais
1195 942 99 40 bien
1320 943 100 53 plus
1443 943 186 52 disposé,
1649 958 55 25 au
1723 944 231 50 contraire,

195 1021 21 35 à
254 1015 212 41 admettre
505 1016 59 39 les
588 1016 109 39 bons
736 1014 119 40 effets
897 1015 52 40 de
984 1015 40 39 la
1056 1014 110 41 mise
1197 1029 54 26 au
1287 1029 123 41 repos
1444 1016 73 39 des
1551 1030 194 40 organes.
1790 1017 75 41 Un
1904 1015 53 42 de

196 1103 86 28 mes
321 1088 126 48 amis,
491 1089 245 54 professeur
776 1088 178 41 émérite
977 1089 108 40 dans
1124 1103 60 26 un
1218 1103 105 40 pays
1357 1089 158 52 voisin,
1559 1089 99 41 s'est
1682 1090 121 54 guéri
1826 1091 27 39 d
1873 1104 86 27 une

198 1163 205 55 phthisie,
428 1162 78 54 qui
531 1163 294 57 commençait
859 1167 22 35 à
912 1165 89 38 être
1037 1164 73 39 des
1150 1164 98 53 plus
1284 1164 314 49 caractérisées,
1621 1178 75 40 par
1719 1178 59 26 un
1802 1164 157 40 silence

200 1250 180 41 presque
405 1237 151 40 absolu
577 1237 166 53 auquel
765 1236 31 41 il
817 1251 23 25 a
863 1251 54 26 eu
943 1237 36 40 le
1003 1251 185 40 courage
1217 1237 51 40 de
1303 1251 42 26 se
1377 1237 284 52 condamner,
1685 1238 164 41 durant
1868 1238 69 40 dix-

196 1311 99 41 huit
316 1310 108 41 mois
457 1310 279 40 consécutifs.
775 1310 67 40 En
876 1311 177 51 pareille
1085 1324 277 40 occurrence,
1400 1312 37 52 je
1475 1311 268 42 n'hésiterais
1781 1312 125 54 point
1936 1317 22 35 à

197 1384 102 41 faire
319 1384 50 41 de
392 1386 156 49 même,
574 1393 41 31 et
633 1388 23 35 à
678 1384 37 39 le
737 1384 244 41 conseiller.
1009 1402 17 20 »

252 1458 65 40 En
346 1458 26 42 i
372 1458 52 42 83
438 1465 15 17 v
462 1489 11 20 ,
504 1458 37 40 le
563 1458 180 41 docteur
765 1458 189 42 Coindet
976 1459 116 41 avait
1111 1459 107 41 écrit
1239 1459 107 41 dans
1382 1461 58 39 les
1465 1460 200 42 Annales
1689 1460 262 55 d'hygiène,

198 1541 29 33 t.
253 1548 69 26 xix
348 1547 8 26 :

256 1623 20 22 a
302 1608 60 40 Le
383 1606 159 41 silence
564 1606 201 53 alanguit
805 1607 38 40 le
885 1608 186 54 système
1108 1607 195 54 digestif,
1327 1608 185 41 débilite
1536 1609 63 40 les
1621 1622 195 41 organes
1836 1609 55 40 de
1913 1609 44 40 la

200 1680 268 55 respiration
492 1687 42 33 et
547 1680 265 55 prédispose
835 1683 26 37 à
886 1681 44 40 la
948 1681 210 53 phthisie.
1185 1698 18 19 »

257 1754 105 40 Plus
382 1752 108 49 tard,
514 1753 37 40 le
574 1754 179 40 docteur
779 1752 257 52 Fourcault,
1062 1763 236 31 soutenant
1333 1755 40 41 la
1408 1757 141 40 même
1572 1756 134 52 thèse,
1732 1755 118 41 avait
1871 1770 57 41 pu-

207 1827 83 42 blié
321 1841 86 28 une
440 1827 247 56 statistique
724 1829 51 38 de
808 1828 189 53 laquelle
1034 1827 30 41 il
1100 1828 198 41 résultait
1320 1842 85 41 que
1427 1829 106 41 dans
1556 1830 60 40 les
1639 1829 192 41 maisons
1853 1843 77 27 cen-

200 1902 125 40 trales
365 1902 345 54 pénitentiaires,
746 1907 57 35 où
840 1901 87 41 l'on
958 1903 180 39 observe
1160 1903 40 39 la
1221 1902 59 40 loi
1304 1902 60 41 du
1387 1903 175 49 silence,
1587 1909 24 35 à
1633 1903 220 52 Vilvorde,
1878 1903 29 40 il
1927 1917 30 39 y

207 1976 117 40 avait
344 1989 54 28 eu
421 1983 320 46 trente-quatre
764 1975 278 54 phthisiques
1064 1989 75 27 sur
1160 1975 326 42 soixante-trois
1509 1977 119 40 décès
1659 1990 51 27 en
1734 1990 87 28 une
1851 1977 116 41 seule

202 2050 158 46 année;
403 2053 24 36 à
462 2049 143 51 Gand,
642 2048 421 56 quatre-vingt-sept
1099 2049 274 55 phthisiques
1407 2064 75 26 sur
1512 2058 99 33 cent
1645 2050 315 41 soixante-huit

200 2121 118 42 décès
340 2136 53 27 en
415 2122 191 41 dix-huit
625 2123 172 49 années,
820 2131 43 32 et
877 2126 20 36 à
918 2123 164 54 Poissy,
1110 2128 57 35 où
1204 2123 40 40 la
1286 2123 116 54 règle
1435 2133 63 31 est
1539 2125 242 54 cependant
1816 2124 146 41 moins

200 2196 160 53 sévère,
403 2204 99 33 cent
548 2196 287 41 soixante-dix
897 2210 75 27 sur
1017 2197 115 40 deux
1172 2205 99 34 cent
1314 2197 439 55 quatre-vingt-deux
1796 2212 54 27 en
1890 2198 74 41 dix

204 2271 158 40 années
381 2274 8 37 !

255 2344 81 41 Les
358 2344 98 40 faits
476 2345 182 40 avancés
681 2359 76 39 par
782 2345 253 52 Fourcault,
1065 2354 41 33 et
1139 2359 86 42 que
1249 2359 52 27 ne
1330 2347 183 54 pouvait
1538 2347 170 54 ignorer
1726 2347 38 40 le
1792 2347 147 41 Profes-

198 2430 97 28 seur
315 2418 50 40 de
378 2418 196 54 l'hôpital
589 2418 303 51 Lariboisière,
911 2419 282 42 n'étaient-ils
1217 2420 416 55 qu'exceptionnels,
1658 2429 40 31 et
1712 2420 243 41 l'assertion

198 2491 49 41 de
269 2492 206 52 Bennati,
498 2493 223 54 rapportée
744 2492 98 55 plus
866 2493 121 52 haut,
1012 2494 51 39 de
1085 2493 189 55 laquelle
1298 2493 30 42 il
1350 2493 247 42 résulterait
1618 2508 86 41 que
1725 2494 37 41 la
1785 2494 177 55 plupart

200 2565 71 41 des
304 2565 318 41 sourds-muets
643 2568 283 40 succombent
949 2572 23 36 à
1002 2567 37 41 la
1069 2567 204 55 phthisie,
1300 2567 211 43 était-elle
1532 2569 265 39 controuvée
1818 2572 15 36 ?
1861 2568 104 41 Cela

202 2638 130 42 valait
353 2641 270 39 assurément
643 2641 39 40 la
705 2640 125 55 peine
850 2640 133 41 d'être
1020 2641 164 54 vérifié,
1216 2642 109 40 mais
1347 2641 39 40 la
1410 2643 155 54 pensée
1588 2656 113 27 nous
1724 2656 52 27 en
1798 2651 63 32 est
1880 2656 52 27 ve-

203 2726 86 27 nue
326 2728 56 26 au
437 2727 125 27 cours
600 2715 243 40 seulement
889 2714 52 41 de
975 2723 109 33 cette
1122 2715 295 55 publication.
1455 2716 125 40 Nous
1621 2729 134 27 avons
1787 2716 179 55 procédé

205 2799 96 28 sans
339 2787 142 41 retard
511 2791 23 36 à
561 2801 62 27 un
655 2788 279 55 supplément
965 2788 247 55 d'enquête,
1250 2788 108 41 dans
1381 2789 258 54 l'espérance
1660 2788 203 41 d'arriver
1889 2803 52 26 en-

205 2873 94 27 core
330 2866 22 35 à
382 2871 140 44 temps
545 2875 112 41 pour
687 2875 52 27 en
770 2862 104 39 faire
904 2861 178 55 profiter
1114 2862 39 40 le
1176 2862 181 40 lecteur.
1398 2862 442 51 Malheureusement,
1872 2862 94 40 l'un

204 2935 71 40 des
294 2935 257 54 principaux
573 2936 260 40 documents
856 2936 285 55 statistiques,
1165 2937 39 40 la
1237 2936 218 41 mortalité
1481 2951 73 39 par
1575 2937 40 40 la
1639 2937 194 52 phthisie
1856 2937 108 41 dans

204 3006 58 41 les
283 3008 345 42 établissements
665 3010 72 39 des
762 3009 316 41 sourds-muets
1112 3024 53 25 en
1204 3010 165 40 France
1396 3019 41 32 et
1458 3010 106 39 dans
1595 3023 108 27 ceux
1721 3011 73 39 des
1814 3009 152 54 jeunes

205 3084 212 51 aveugles,
440 3081 89 42 afin
549 3083 167 40 d'avoir
739 3097 61 26 un
823 3093 135 30 terme
977 3082 53 41 de
1050 3083 321 54 comparaison,
1397 3096 111 26 nous
1536 3083 77 39 fait
1643 3096 152 27 encore
1818 3083 148 41 défaut

205 3158 24 36 à
249 3163 105 33 cette
377 3156 131 40 heure
529 3160 59 36 où
612 3156 30 40 il
664 3170 54 26 ne
740 3170 112 26 nous
874 3163 63 33 est
961 3156 96 54 plus
1080 3155 187 55 possible
1288 3155 50 40 de
1355 3154 170 41 différer
1545 3155 39 40 la
1607 3155 209 41 livraison
1839 3158 52 38 de
1919 3170 47 27 ce

206 3227 164 42 dernier
404 3229 162 42 article.
603 3230 61 41 Ni
702 3230 40 40 la
777 3229 247 54 statistique
1057 3229 194 53 générale
1287 3229 51 40 de
1376 3229 181 51 France,
1585 3229 45 40 ni
1652 3229 39 40 la
1715 3229 249 56 statistique

208 3302 178 54 spéciale
421 3304 58 40 du
520 3304 226 42 Ministère
765 3304 51 41 de
837 3303 237 41 l'intérieur
1097 3302 126 41 n'ont
1242 3316 57 40 pu
1322 3302 94 41 rien
1439 3316 111 27 nous
1571 3303 236 54 apprendre
1829 3318 76 26 sur
1925 3304 41 40 la

210 3376 211 41 mortalité
440 3378 231 54 respective
691 3377 52 41 de
764 3391 68 27 ces
853 3376 223 41 différents
1097 3375 357 54 établissements,
1476 3386 41 31 et
1538 3375 31 42 il
1586 3389 53 27 ne
1656 3390 110 27 nous
1782 3385 62 33 est
1858 3379 108 38 resté

212 3447 164 44 d'autre
396 3464 234 40 ressource,
654 3466 109 40 pour
783 3452 40 40 la
846 3452 243 52 connaître,
1122 3463 85 41 que
1240 3450 51 40 de
1327 3463 110 27 nous
1459 3449 190 43 adresser
1669 3451 298 55 personnelle-

431 3522 131 44 VIII.

1733 3539 43 26 11
