4300 5702
410 5202 144 69 202

422 487 242 83 Allein,
695 489 167 68 auch
900 489 94 66 ich
1032 486 203 81 fühle,
1264 489 127 66 wie
1416 484 186 71 diese
1629 484 209 69 Hand
1873 487 295 80 gezittert

424 599 137 85 hat,
595 599 100 70 als
746 602 98 67 sie
878 602 196 65 unter
1110 597 120 70 der
1267 601 417 81 grimmigen
1721 592 447 85 Marcusfigur

422 709 119 71 auf
585 709 127 71 das
764 709 429 85 Apostelbild
1245 707 432 87 geschrieben
1729 706 148 69 hat:
1939 702 227 82 „Habt

422 821 166 68 Acht
669 818 119 71 auf
856 819 110 70 die
1038 818 608 84 Schriftgelehrten,
1743 814 110 70 die
1943 812 222 83 gehen

422 951 166 64 gern
663 936 67 66 in
805 933 254 82 langen
1111 929 317 71 Kleidern
1513 928 145 69 und
1731 926 227 69 lassen
2031 924 132 70 sich

2281 503 166 64 gern
2518 487 285 80 grüssen
2877 484 119 68 auf
3065 482 161 70 dem
3304 481 220 69 Markt
3599 482 144 68 und
3816 486 210 66 sitzen

2281 611 163 64 gern
2500 592 283 71 obenan
2823 597 70 66 in
2938 594 136 69 den
3120 592 282 70 Schulen
3441 591 143 69 und
3621 591 169 69 über
3824 591 202 69 Tisch.

2280 704 106 68 Sie
2434 702 257 71 fressen
2742 704 118 69 der
2913 704 279 69 Witwen
3228 702 269 70 Häuser
3551 701 144 69 und
3729 701 297 69 wenden

2278 812 203 85 lange
2530 812 217 72 Gebet
2796 812 122 72 für.
3018 812 369 72 Dieselben
3453 809 280 71 werden
3804 809 222 71 desier

2278 923 200 69 mehr
2529 924 469 70 Verdamnuss

420 1466 656 140 Albrecht
1143 1466 454 136 Dürer

425 1704 911 139 „Unterweysung
1370 1697 190 105 der

496 1866 474 108 (MDXXV)

417 2035 317 69 Welicher
783 2037 110 66 ein
928 2032 297 67 Victoria
1274 2028 367 71 aufrichten
1675 2028 202 80 wollt,
1912 2027 249 69 darum

417 2145 161 70 dass
607 2167 71 46 er
700 2143 110 70 die
835 2140 517 71 aufrührischen
1379 2140 279 69 Bauren
1687 2137 474 71 überwunden

419 2255 161 80 hält,
630 2253 121 70 der
800 2252 240 69 möcht
1099 2250 141 70 sich
1291 2253 147 67 eins
1502 2250 298 68 solichen
1851 2247 310 84 Gezeugs

419 2365 215 70 darzu
707 2362 458 85 gebrauchen,
1235 2367 127 64 wie
1411 2362 97 68 ich
1570 2360 295 70 hernach
1929 2358 233 70 lehren

415 2474 148 69 will.
661 2472 359 71 Erstlichstz
1082 2475 111 66 ein
1269 2474 337 81 gevierten
1660 2470 203 80 Siein,
1941 2467 218 69 zehen

417 2587 246 68 Schuch
700 2589 110 64 ein
847 2584 219 69 Seiten
1113 2584 159 81 lang
1325 2580 145 70 und
1506 2585 140 65 vier
1684 2580 245 68 Schuch
1968 2579 193 79 hoch,

415 2694 121 71 der
586 2695 176 68 steht
813 2695 173 68 noch
1040 2694 117 69 auf
1223 2697 186 64 einer
1472 2695 335 80 gevierten
1889 2689 270 79 Platten,

414 2807 321 80 zweinzig
751 2804 247 68 Schuch
1032 2805 108 67 ein
1171 2802 221 70 Seiten
1425 2800 159 83 lang
1618 2799 144 69 und
1789 2802 145 66 eins
1968 2799 193 67 hoch.

419 2914 159 71 Und
624 2912 120 71 auf
783 2917 201 65 einen
1035 2912 222 70 Bühel
1303 2909 118 71 auf
1470 2909 109 71 die
1623 2914 139 64 vier
1809 2909 201 69 Orter
2056 2907 102 83 leg

415 3022 369 85 gebunden
813 3022 217 80 Kühe,
1077 3019 209 81 Schaf,
1330 3021 301 67 Schwein
1689 3017 142 70 und
1892 3017 267 70 allerlei.

415 3134 185 69 Aber
651 3132 120 71 auf
817 3134 137 68 den
1032 3131 262 69 oberen
1365 3134 336 80 gevierten
1773 3129 178 68 Stein
2024 3132 137 65 setz

414 3249 137 63 vier
602 3242 189 70 Körb
844 3241 118 71 auf
1006 3242 110 68 die
1167 3244 136 66 vier
1347 3239 130 69 Ort
1526 3244 122 63 mit
1697 3239 158 81 Käs,
1909 3239 250 78 Butter,

414 3352 159 83 Eier,
651 3351 291 71 Zwiebel
1016 3351 144 69 und
1235 3351 306 78 Kräuter,
1594 3347 171 70 oder
1838 3369 142 46 was
2054 3346 104 69 dir

410 3461 249 69 zufällt.
713 3461 315 68 Darnach
1077 3459 104 83 leg
1218 3459 174 68 noch
1443 3461 236 64 mitten
1731 3454 120 71 auf
1899 3454 257 69 diesem

414 3574 181 66 Stein
646 3574 110 66 ein
793 3569 308 71 anderen
1154 3573 337 79 gevierten
1526 3567 200 80 Stein,
1777 3569 108 66 ein
1938 3567 220 68 Seiten

410 3679 236 71 sieben
698 3681 247 68 Schuch
996 3679 161 83 lang
1209 3676 146 71 und
1406 3681 186 64 eines
1629 3676 283 69 Schuchs
1965 3674 191 70 hoch.

412 3791 232 69 Mitten
695 3789 120 70 auf
845 3789 236 70 diesen
1116 3789 183 68 Stein
1335 3791 137 64 setz
1508 3789 110 66 ein
1663 3783 495 81 Haberkasten,

410 3906 141 65 vier
602 3901 245 70 Schuch
933 3899 194 80 hoch,
1209 3903 197 64 unter
1487 3901 110 64 ein
1679 3896 221 69 Seiten
1975 3898 184 66 sechs

410 4013 249 68 Schuch
712 4009 144 72 und
908 4013 108 66 ein
1071 4008 254 69 halben
1362 4008 176 83 lang,
1599 4004 164 70 aber
1814 4004 185 71 oben
2049 4004 109 71 bei

410 4121 161 70 dem
652 4120 270 69 Schloss
1003 4120 183 67 sechs
1267 4118 244 68 Schuch
1589 4116 176 83 lang,
1850 4114 140 70 und
2071 4140 83 44 zu

410 4231 231 70 oberst
685 4230 118 69 auf
849 4230 122 69 der
1022 4228 187 69 Deck
1260 4236 39 60 4
1343 4228 247 68 Schuch
1641 4226 180 83 lang.
1894 4226 267 70 Darauf

410 4345 170 64 stütz
647 4345 112 64 ein
837 4338 257 80 Kessel,
1169 4335 425 71 vierthalben
1653 4336 244 68 Schuch
1983 4340 171 71 weit,

410 4451 164 68 aber
644 4455 95 64 im
815 4450 249 69 Boden
1137 4468 130 49 nur
1336 4446 144 70 drei
1558 4446 266 68 Schuch.
1922 4445 231 69 Mitten

409 4560 118 71 auf
573 4561 120 70 des
730 4560 266 71 Kessels
1033 4560 251 69 Boden
1321 4563 137 65 setz
1508 4560 108 66 ein
1653 4555 354 84 Käsenapf
2044 4561 109 65 ein

412 4670 256 69 halben
705 4672 245 69 Schuch
989 4672 175 69 hoch
1203 4670 184 69 oben
1425 4672 240 66 zweier
1702 4666 246 68 Schuch
1982 4670 171 76 weit,

409 4780 164 69 aber
608 4805 117 44 am
764 4782 249 69 Boden
1050 4787 95 62 nit
1181 4782 198 67 mehr
1418 4778 193 71 dann
1655 4777 498 82 anderhalben,

2277 1458 136 67 den
2465 1456 171 69 deck
2695 1480 85 45 zu
2829 1461 124 64 mit
3010 1461 229 66 einem
3298 1458 244 69 dicken
3593 1458 228 81 Teller,
3898 1458 125 71 das

2275 1568 188 67 wohl
2541 1566 435 69 überschiess.
3075 1568 230 67 Mitten
3401 1568 121 69 auf
3606 1568 126 69 das
3811 1568 210 69 Teller

2274 1679 137 65 setz
2460 1679 108 65 ein
2622 1674 375 70 Butterfass
3049 1674 141 70 drei
3242 1676 249 68 Schuch
3562 1676 173 69 hoch
3808 1684 211 61 unten

2275 1808 117 46 am
2440 1784 249 70 Boden
2743 1784 506 70 anderthalben
3285 1784 282 70 Schuchs
3620 1784 186 82 breit,
3857 1786 166 69 aber

2275 1896 185 70 oben
2541 1918 132 46 nur
2755 1900 186 66 eines
3005 1896 281 68 Schuchs
3362 1898 173 66 weit.
3666 1896 189 68 Doch
3913 1896 108 68 die

2275 2008 427 83 Schnaupen,
2773 2006 256 70 daraus
3103 2028 168 46 man
3344 2010 244 77 geusst,
3669 2004 129 70 soll
3882 2004 103 70 für-

2274 2116 255 71 treffen.
2621 2118 233 68 Mitten
2915 2116 121 70 auf
3085 2116 142 68 dies
3273 2115 374 69 Butterfass
3706 2121 139 63 setz
3909 2121 112 65 ein

2272 2228 560 83 wolgeschickten
2858 2226 389 83 Milichkrug
3285 2225 413 69 dritthalben
3737 2226 282 70 Schuchs

2274 2338 193 83 hoch,
2517 2343 95 63 im
2650 2338 228 68 Bauch
2915 2341 112 65 ein
3064 2338 283 68 Schuchs
3398 2338 171 78 weit,
3620 2335 167 69 aber
3828 2336 185 70 oben

2275 2452 146 64 eins
2504 2446 256 70 halben
2839 2446 164 70 aber
3086 2446 136 70 den
3305 2445 157 69 Fuss
3539 2448 196 66 mach
3810 2453 208 63 unten

2274 2562 243 64 weiter.
2617 2558 161 68 Und
2853 2562 93 64 im
3002 2557 394 81 Milichkrug
3449 2557 157 67 rieht
3688 2555 120 69 auf
3884 2560 137 66 vier

2275 2668 324 70 Scharren
2682 2668 218 68 damit
2961 2690 168 44 man
3180 2665 125 69 das
3376 2667 134 67 Kot
3569 2689 398 45 zusammen-

2274 2782 205 78 raspt.
2577 2777 127 67 Die
2753 2782 198 78 zeugt
3002 2780 166 64 über
3219 2777 132 67 sich
3401 2773 151 70 fünf
3581 2775 247 68 Schuch
3876 2775 143 69 und

2274 2890 108 64 ein
2421 2885 276 69 halben.
2797 2887 271 67 Darum
3120 2883 166 70 bind
3347 2888 109 65 ein
3517 2883 303 83 Garben,
3876 2883 150 71 fünf

2274 2997 245 68 Schuch
2597 2997 193 79 hoch,
2863 2995 152 70 also
3090 2995 161 70 dass
3325 2993 107 70 die
3506 2995 327 68 Scharren
3909 2998 109 67 ein

2274 3105 254 70 halben
2606 3105 362 71 fürtreffen.
3066 3103 161 72 Und
3315 3105 188 81 häng
3588 3103 222 70 daran
3899 3103 120 72 der

2275 3217 276 69 Bauern
2573 3217 393 83 Werkzeug,
3002 3215 267 80 Hauen,
3307 3214 372 81 Schauflen,
3708 3215 310 83 Hacken,

2274 3325 374 85 Mistgabel,
2734 3325 525 85 Drischenflegel
3342 3325 142 68 und
3569 3324 449 84 dergleichen.

2274 3437 315 69 Darnach
2665 3442 137 63 setz
2870 3459 83 46 zu
3025 3435 231 70 öberst
3324 3432 120 69 auf
3510 3434 108 69 die
3691 3437 327 68 Scharren

2272 3551 110 64 ein
2463 3545 539 72 Hühnerkörble
3080 3544 145 69 und
3308 3549 181 62 stürz
3581 3545 251 70 darauf
3908 3551 108 64 ein

2272 3657 518 70 Schmalzhafen
2851 3657 144 70 und
3056 3661 135 64 setz
3249 3661 110 64 ein
3425 3661 349 66 traureten
3826 3655 143 70 Bau-

2270 3789 120 48 ren
2443 3767 264 83 darauf,
2775 3767 118 68 der
2946 3771 122 64 mit
3136 3771 226 64 einem
3435 3767 290 68 Schwert
3774 3766 202 71 durch-

2270 3882 281 66 stochen
2604 3882 112 66 sei.

2272 4009 164 70 Item
2494 4008 306 71 welicher
2868 4013 229 64 einem
3163 4006 440 71 Trunkbolds
3677 4004 122 71 auf
3867 4009 146 66 sein

2272 4116 445 86 Begräbnuss
2753 4121 108 65 ein
2898 4116 476 71 Gedächtnuss
3425 4114 186 70 wollt
3645 4113 369 71 aufrichten

2269 4228 121 69 der
2450 4230 228 67 möcht
2738 4230 130 67 sich
2929 4231 186 65 einer
3173 4226 298 68 solieben
3540 4223 474 84 nachfolgeten

2270 4336 471 85 aufgerissnen
2812 4336 327 83 Meinung
3210 4333 447 84 gebrauchen.
3755 4333 259 71 Erstlich

2269 4453 144 64 sein
2467 4448 206 80 Grab,
2733 4448 221 68 daran
3005 4451 110 63 ein
3166 4443 456 85 Epitaphium,
3698 4443 125 69 das
3877 4443 136 71 den

2267 4558 286 69 Wollust
2611 4561 123 65 mit
2807 4555 290 84 Gespött
3164 4553 204 71 lobet.
3471 4553 159 69 Und
3706 4553 120 71 auf
3891 4555 127 69 das

2269 4666 189 72 Grab
2540 4673 110 63 ein
2733 4666 426 68 Biertunnen
3242 4663 535 71 aufrechtstellen
3872 4665 144 69 und

2269 4776 182 70 oben
2506 4783 122 63 mit
2677 4780 225 66 einem
2956 4775 356 81 Brettspiel
