4300 5702
468 5180 146 68 220

472 442 691 143 Piu-Piu's
1248 443 911 193 Windglocke

475 716 398 81 Edmund
936 719 523 110 Palasowsky

477 1011 103 53 Piu
625 1012 101 53 her
770 1043 65 5 —
879 1012 105 53 Piu
1028 1012 97 52 hin

476 1102 238 54 Piu-Piu
758 1105 70 52 ist
868 1105 379 52 zerbrochen.

476 1284 198 54 Kleine
716 1287 263 52 liebende
1023 1286 407 53 Kinderhände
1475 1286 186 54 haben
1706 1287 88 52 die
1838 1285 287 56 Scheiben

549 1379 357 53 aufbewahrt

475 1470 295 54 Vielleicht
813 1502 65 5 —
921 1470 286 54 vielleicht
1250 1471 155 53 nicht
1445 1486 153 53 ganz
1643 1471 193 66 kaputt

474 1563 150 62 (Aus
655 1562 421 54 Glasscheiben
1121 1563 152 52 kann
1320 1579 133 37 man
1497 1562 154 53 noch
1684 1563 127 51 eine
1844 1561 380 69 Windglocke

548 1653 274 65 machen)

476 1745 297 53 Vielleicht
816 1776 64 5 —
923 1745 291 54 vielleicht

476 1836 99 54 Bei
618 1853 212 37 neuem
875 1837 197 61 Mond,
1117 1837 89 53 bei
1253 1836 211 54 vollem
1508 1837 184 53 Mond

474 1927 300 54 Vielleicht
818 1928 88 53 bei
940 1927 182 55 Nacht
1164 1944 173 37 wenn
1382 1929 107 53 alle
1531 1929 256 54 schlafen

476 2018 83 54 Da
603 2019 224 53 kommt
868 2019 94 53 ein
1008 2018 280 54 Südwind
1334 2020 416 68 irgendwoher

476 2110 128 53 Und
648 2110 89 53 die
780 2109 287 55 Scheiben
1114 2110 238 69 klingen
1398 2128 343 38 zusammen

475 2201 299 53 Vielleicht
818 2233 65 5 —
924 2202 289 53 vielleicht
1255 2233 66 5 —

476 2291 127 52 Und
647 2291 292 54 Piu-Piu's
981 2291 243 54 Stimme
1269 2296 198 51 ertönt.

477 2492 98 53 Bei
619 2508 214 37 neuem
877 2492 183 52 Mond

476 2584 105 51 Die
625 2600 200 37 armen
869 2599 260 38 warmen
1173 2582 409 54 Kinderhände
1626 2585 286 53 streckten
1956 2586 122 53 sich

551 2678 140 51 über
735 2676 90 52 die
870 2675 221 54 Glocke
1136 2692 104 36 aus

476 2767 94 54 Sie
615 2770 249 51 atmeten
911 2767 133 53 heiß
1088 2767 82 52 sie
1215 2767 236 53 blühten
1497 2768 132 52 heiß

476 2861 88 51 Ihr
606 2861 169 51 Atem
821 2876 120 37 war
984 2859 112 52 hell
1144 2861 113 50 und
1302 2860 109 52 wie
1456 2860 202 52 Hauch
1704 2876 134 36 vom
1884 2858 196 54 Süden
2126 2890 63 5 —

476 2950 101 54 Bei
621 2951 214 54 vollem
879 2951 182 53 Mond
1104 2983 64 4 —

478 3043 84 52 Da
606 3043 243 67 erklang
893 3042 293 52 Piu-Piu's
1231 3042 155 52 ferne
1431 3041 261 54 Stimme.

480 3244 162 64 „Wer
685 3243 68 53 ist
796 3243 108 65 die,
949 3243 90 52 die
1083 3259 101 38 am
1228 3242 304 54 liebsten
1578 3243 94 53 hat
1716 3242 283 53 Piu-Piu?
2044 3274 63 4 —

476 3336 164 52 Wen
693 3336 92 52 hat
829 3334 242 53 Piu-Piu
1116 3352 92 36 am
1253 3335 242 53 liebsten
1541 3335 93 52 auf
1676 3336 98 51 der
1815 3334 185 53 Welt?
2043 3365 65 5 —

479 3427 127 53 Wer
648 3427 69 53 ist
758 3426 101 69 sie,
904 3426 90 53 die
1044 3426 295 54 Piu-Piu
1383 3443 92 37 am
1520 3426 281 54 stärksten
1844 3425 177 54 liebt?
2065 3458 64 4 —

476 3519 129 53 Wer
647 3518 134 53 liebt
824 3518 131 53 dich
999 3535 92 36 am
1136 3518 244 53 meisten
1424 3518 95 54 auf
1549 3518 98 52 der
1687 3534 225 51 ganzen
1945 3516 184 54 Welt?
2162 3548 64 5 —

479 3611 129 52 Wer
650 3610 135 53 liebt

474 3794 85 53 Da
590 3793 251 53 weinten
874 3792 89 52 die
995 3792 204 52 Hände
1232 3791 89 53 bei
1354 3793 130 51 dem
1525 3790 487 54 abwechselnden
2043 3791 183 53 Mond

472 3885 104 53 Die
620 3899 275 52 mageren
941 3883 231 54 kleinen
1216 3883 189 53 lieben
1454 3882 404 54 Kinderhände
1903 3914 65 5 —

473 3978 115 52 Das
632 3992 120 37 war
796 3976 293 52 Piu-Piu's
1133 3976 366 52 Paternoster

474 4068 124 52 Und
643 4065 391 54 nächstesmal
1079 4068 220 51 ertönte
1342 4065 218 53 wieder
1604 4065 89 52 die
1738 4063 240 54 Glocke.

469 4250 278 69 „Piu-Piu
792 4266 119 37 war
954 4249 124 53 sein
1124 4247 201 56 Name.

470 4343 132 53 Was
646 4341 156 53 heißt
845 4340 288 54 Piu-Piu?

471 4433 116 53 Das
632 4433 187 55 heißt:
863 4432 130 53 lieb.

467 4524 75 53 Es
586 4524 154 53 heißt
785 4523 88 53 ein
918 4523 211 53 Traum

465 4616 127 52 Von
637 4616 193 51 einem
875 4616 97 51 der
1015 4616 184 51 schön
1243 4614 88 64 ist,
1374 4612 213 55 Traum
1632 4612 159 53 einer
1833 4611 293 56 Schönen.

465 4798 131 53 Wer
639 4815 118 36 war
800 4797 283 53 Piu-Piu?
1164 4797 106 52 Ein
1314 4813 190 37 armer
1547 4795 126 54 Kerl

466 4888 170 55 Ohne
679 4888 148 54 Hilfe
872 4889 153 53 ohne
1068 4889 164 54 Trost

465 4982 210 52 Bettler
719 4980 241 53 Piu-Piu
1006 4998 103 36 aus
1155 4981 210 53 hellem
1410 4981 196 53 Nebel.

2339 446 135 54 Sein
2519 447 145 69 Kopf
2705 465 118 37 war
2865 465 102 38 aus
3012 448 197 55 Frevel
3253 449 117 53 und
3416 448 125 53 Kuß
3585 479 64 5 —

2340 538 88 54 Du
2473 539 126 54 hast
2641 540 241 55 Piu-Piu
2927 542 183 53 schön
3155 544 276 51 erträumt

2338 631 120 53 Nur
2500 632 96 54 hat
2638 649 135 38 man
2817 635 99 52 ihn
2961 635 232 54 häßlich
3237 631 364 70 angeschaut
3645 663 64 4 —

2337 723 88 65 Ja,
2469 724 243 56 Piu-Piu
2756 727 150 53 hatte
2947 728 146 53 viele
3137 727 259 64 Sünden,
3441 723 280 56 wahrlich
3767 725 100 52 das
3912 742 119 37 war

2412 816 123 52 sein
2578 834 219 51 ganzes
2840 818 331 70 Vermögen
3216 851 65 6 —

2343 980 158 53 Aber
2542 982 73 52 du
2660 982 160 54 sollst
2863 1000 60 37 es
2965 984 244 53 wissen:

2341 1070 131 53 Was
2516 1072 73 51 du
2633 1076 258 62 träumst,
2934 1075 70 53 ist
3046 1075 285 69 Frühling

2341 1162 90 52 An
2475 1179 128 36 wen
2650 1166 72 50 du
2764 1166 249 66 glaubst,
3057 1167 69 53 ist
3170 1167 203 53 Felsen

2342 1252 138 53 Wen
2526 1255 72 51 du
2643 1255 111 54 lieb
2799 1257 141 64 hast,
2985 1257 71 53 ist
3097 1258 394 53 Tannenwald
3536 1290 64 4 —

2340 1345 134 53 Was
2517 1347 74 51 du
2635 1349 138 56 tust:
2821 1348 184 53 Feuer
3047 1379 63 5 —
3155 1348 347 56 Panorama,

2341 1511 103 52 Wo
2488 1511 199 53 wohnt
2732 1511 284 55 Piu-Piu?

2341 1602 89 53 Du
2473 1602 162 54 sollst
2678 1619 61 36 es
2781 1603 159 54 nicht
2981 1620 312 53 vergessen

2341 1694 103 53 Wo
2491 1694 239 52 Piu-Piu

2342 1860 82 53 Da
2466 1860 325 53 leuchteten
2834 1860 91 52 die
2967 1860 386 53 leuchtenden
3397 1861 204 52 Hände
3645 1860 109 52 wie
3796 1861 200 53 Lotos:

2342 1951 240 54 Piu-Piu
2625 1951 71 54 ist
2740 1951 158 53 nicht
2939 1952 357 53 zerbrochen
3341 1983 65 5 —

2344 2041 239 53 Piu-Piu
2627 2042 201 52 wohnt
2869 2042 55 52 in
2972 2042 124 52 mir.

2346 2226 123 55 Und
2516 2227 176 68 klang
2735 2226 89 53 die
2868 2226 220 54 Glocke

2344 2320 98 51 Bei
2486 2319 181 54 Nacht
2709 2320 81 52 als
2834 2319 107 53 alle
2984 2319 107 52 alle
3134 2319 183 52 schon
3363 2317 304 54 schliefen:

2558 2499 123 47 nur,
2724 2482 122 68 sag'
2890 2499 136 38 nur:
3071 2480 240 56 Piu-Piu
3355 2482 69 53 ist
3466 2483 185 53 schön

2342 2575 241 53 Piu-Piu
2629 2576 93 53 hat
2763 2575 187 54 nichts
2993 2580 171 64 getan
3208 2607 64 6 —

2343 2665 238 53 Piu-Piu
2625 2668 95 52 hat
2760 2667 147 52 viele
2952 2667 445 68 Krümmungen
3439 2667 146 52 viele
3630 2666 316 68 Gezweige
3987 2699 47 4 —

2345 2757 159 53 Doch
2547 2757 113 55 lieb
2669 2758 10 16 1
2723 2758 259 65 Piu-Piu,
3023 2759 148 52 liebe
3215 2759 117 53 ihn.

2344 2922 145 53 Jetzt
2530 2923 69 52 ist
2641 2922 239 54 Piu-Piu
2926 2923 151 54 klein
3122 2955 64 4 —

2344 3014 153 52 Wird
2542 3015 240 52 Piu-Piu
2827 3015 212 53 einmal
3082 3016 166 66 groß,
3292 3016 69 52 ist
3404 3031 62 37 es
3507 3016 130 52 kein
3682 3015 140 52 Witz
3866 3016 167 53 mehr

2418 3106 97 53 ihn
2558 3123 71 36 zu
2673 3106 217 54 lieben!

2341 3198 146 52 Jetzt
2530 3198 69 54 ist
2642 3198 241 53 Piu-Piu
2926 3199 199 53 finster
3166 3231 65 4 —

2343 3289 154 53 Wird
2541 3291 213 54 einmal
2798 3290 241 53 Piu-Piu
3084 3291 129 64 hell,
3257 3291 65 52 ist
3369 3307 59 35 es
3472 3291 168 51 keine
3685 3290 181 54 Kunst
3907 3291 100 52 ihn

2417 3383 151 53 hoch
2612 3399 70 37 zu
2726 3383 290 53 schätzen.

2340 3475 149 54 Jetzt
2529 3476 69 53 ist
2640 3475 241 53 Piu-Piu
2926 3475 179 54 krank

2340 3567 147 52 Jetzt
2531 3568 139 52 muß
2713 3584 135 37 man
2894 3583 70 37 an
3010 3568 98 51 ihn
3150 3566 254 68 glauben
3449 3597 66 6 —

2341 3660 153 52 Wird
2539 3660 210 53 einmal
2792 3658 238 54 Piu-Piu
3076 3658 255 67 mächtig

2341 3750 70 54 Ist
2453 3767 60 37 es
2557 3750 130 53 kein
2732 3750 140 53 Witz
2916 3750 166 52 mehr
3123 3750 120 52 ihm
3286 3752 122 50 treu
3450 3766 70 36 zu
3565 3750 152 53 sein!

2339 3842 147 53 Jetzt
2529 3843 139 52 muß
2712 3859 133 36 man
2891 3842 241 52 Piu-Piu
3176 3842 135 52 sehr
3353 3842 132 52 sehr

2340 4008 84 53 Da
2464 4008 243 53 zuckten
2754 4007 88 53 die
2886 4007 202 53 Hände

2341 4099 103 53 Die
2486 4100 392 54 flammenden
2923 4098 331 55 blühenden
3299 4098 341 66 segnenden
3684 4096 231 52 Hände:

2339 4192 92 52 Ich
2475 4192 114 52 will
2635 4192 154 53 mein
2835 4191 128 52 Blut
3005 4191 88 51 für
3135 4188 240 54 Piu-Piu
3420 4187 219 69 opfern.

2339 4354 125 54 Und
2509 4357 215 52 wieder
2767 4356 89 52 bei
2901 4356 130 51 dem
3077 4353 450 54 abnehmenden
3571 4352 184 53 Mond

2339 4449 104 52 Die
2488 4448 222 54 Glocke
2755 4448 90 52 die
2889 4446 244 54 Glocke:

2337 4611 130 69 „Sei
2511 4612 156 52 nicht
2708 4609 153 54 trüb!

2337 4704 75 52 Es
2455 4704 223 52 kommt
2720 4700 241 55 Piu-Piu
3004 4717 113 36 neu

2337 4794 73 55 Er
2452 4795 223 53 kommt
2717 4810 70 37 an
2833 4794 97 52 der
2973 4791 190 69 Spitze
3208 4793 100 51 der
3349 4791 553 56 Schwarz-Amseln

2337 4888 74 52 Er
2453 4888 222 52 kommt
2718 4901 71 38 an
2834 4886 99 52 der
2974 4883 191 69 Spitze
3210 4886 99 51 der
3350 4884 415 71 Teddy-Bären

2339 4978 71 53 Er
2450 4981 224 51 kommt
2717 4993 70 38 an
2833 4978 100 51 der
2974 4976 188 67 Spitze
3206 4977 99 53 der
3348 4977 384 54 Wasserfälle.
