2524 3281
230 372 48 18 rast
301 368 91 29 immer
413 373 46 25 mit
480 374 150 29 Lasuren;
652 372 39 26 die
707 371 233 36 Durchsichtigkeit
959 370 58 27 läfst
1035 372 64 25 nach

230 405 52 25 und
298 417 59 18 man
372 412 65 26 sieht
451 422 47 16 nur
512 412 67 26 noch
595 412 48 25 den
658 411 91 26 oberen
763 412 66 26 Ton.

654 483 23 22 #

289 539 79 27 Selbst
387 552 77 16 wenn
486 552 59 16 man
566 544 80 34 später
663 542 42 25 das
721 541 54 26 Bild
796 541 46 26 mit
856 540 89 26 Firnifs
965 540 134 32 überzieht,

230 574 77 28 bleibt
321 579 79 27 dieser
414 591 48 16 nur
476 580 42 27 für
532 582 75 25 kurze
621 582 54 25 Zeit
691 581 66 30 klar,
777 580 68 26 dann
859 580 103 36 beginnt
977 580 42 26 das
1033 582 66 23 Harz

228 611 53 28 sich
296 626 30 17 zu
342 620 98 26 trüben.

288 656 51 26 Der
359 658 67 27 beste
445 660 87 26 Firnifs
554 662 70 24 wäre
642 659 198 27 Bersteinfirnifs.
873 661 51 24 Der
943 660 31 25 ist
994 658 58 27 aber
1069 668 30 16 zu

228 698 98 28 unrein,
342 698 30 26 da
388 710 24 14 er
427 700 39 25 bei
481 700 81 26 hoher
576 699 74 26 Hitze
665 700 46 25 mit
722 699 134 36 Terpentin
872 698 111 37 gekocht
997 698 102 27 werden

229 732 66 27 mufs
319 746 90 27 wegen
435 739 78 26 seiner
534 738 256 27 Schwerlöslichkeit.
827 738 79 26 Dabei
929 737 68 27 wird
1022 737 77 27 dieser

227 770 101 34 Firnifs,
344 777 127 27 vielleicht
486 778 79 26 durch
580 778 40 26 die
636 778 160 26 Kohlenteile
813 777 41 26 des
869 777 142 37 Terpentin,
1032 777 67 26 dann

227 809 145 33 trübbraun.

287 853 108 28 Böcklin
414 856 106 27 braucht
540 858 40 24 nie
595 857 135 36 Terpentin
750 866 42 16 zur
807 856 87 30 Farbe,
914 856 86 25 indem
1017 865 26 16 er
1057 855 28 26 be-

228 889 114 37 hauptet,
359 905 25 15 er
398 897 92 25 nähme
506 896 42 26 der
563 896 73 26 Farbe
651 896 47 26 den
713 897 65 25 Reiz.

287 931 103 28 Meinen
409 934 133 31 Einwurf,
564 936 33 25 ob
619 945 60 16 man
700 935 46 27 mit
767 933 159 28 Aufkochen
946 935 26 24 in
993 934 105 36 Spiritus

227 968 71 27 nicht
322 972 55 27 eine
403 974 109 30 gröfsere
538 975 114 26 Klarheit
675 975 103 25 erzielen
804 973 109 31 könnte,
942 972 157 27 bezweifelte

227 1011 35 19 Bu
265 1011 69 25 ckhn
356 1014 53 25 und
431 1014 88 36 sprach
541 1024 50 17 von
612 1014 43 25 der
673 1013 192 27 verschiedenen
884 1012 149 26 Lösbarkeit
1055 1013 43 25 der

227 1045 89 34 Harze,
332 1051 43 27 der
386 1054 72 25 einen
470 1055 25 25 in
508 1054 114 36 Spiritus,
635 1053 42 26 der
689 1052 106 27 anderen
807 1052 26 26 in
845 1052 57 30 Oel,
915 1052 26 25 in
951 1052 146 35 Terpentin,

227 1090 26 17 m
268 1087 102 30 Wasser
385 1099 46 19 etc.

286 1128 57 27 Alle
361 1131 63 26 Oel-
444 1132 53 26 und
511 1130 189 28 Wasserfarben
725 1130 56 27 sind
806 1140 47 16 nur
873 1132 141 33 Gemenge;
1039 1139 43 17 aus-

228 1168 150 28 genommen
394 1174 135 34 Grünspan
549 1171 53 26 und
621 1171 187 36 Gummigutti,
830 1169 41 26 die
891 1175 58 20 stets
971 1168 125 36 aufgelöst

228 1200 111 38 bleiben,
364 1210 53 26 also
440 1212 73 25 wohl
534 1211 67 26 auch
625 1212 47 24 mit
696 1210 57 26 dem
773 1207 244 37 Auflösungsmittel
1041 1208 54 26 eine

227 1246 88 31 engere
331 1249 142 27 chemische
487 1250 164 36 Verbindung
666 1250 130 35 eingehen.

286 1284 173 32 Pettenkofers
475 1290 175 36 Behauptung,
665 1288 53 27 dafs
734 1289 39 25 die
785 1286 159 27 Bindemittel
956 1286 70 26 Leim
1042 1286 52 26 und

227 1317 49 29 Oel
291 1324 48 26 auf
355 1328 41 26 die
410 1328 92 28 Farben
520 1328 140 28 zerstörend
680 1328 113 29 wirken,
813 1326 65 27 wird
898 1324 102 27 einfach
1015 1325 79 26 durch

228 1356 40 28 die
293 1364 143 40 Erfahrung
460 1368 142 36 widerlegt.
636 1365 161 29 Pettenkofer
820 1366 93 24 nimmt
933 1364 83 36 Kopal
1042 1364 52 26 und

227 1397 114 38 Kopaiva
356 1416 42 17 zur
413 1409 185 35 Regeneration
614 1407 61 26 alter
690 1406 88 27 Bilder.

566 1499 23 27 8.
602 1500 99 34 August
717 1499 43 25 66.

285 1546 329 41 Wasserglasmalerei
635 1551 44 26 hat
700 1547 159 30 Pettenkofer
880 1548 35 26 als
936 1546 98 27 haltbar
1055 1556 26 15 er-

227 1581 82 34 probt,
325 1587 84 28 indem
426 1600 23 16 er
464 1591 64 26 zwei
540 1591 89 30 Bilder,
644 1591 40 25 die
698 1600 26 15 er
739 1599 51 17 von
800 1587 119 28 Thiersch
930 1586 53 26 und
994 1583 100 28 Löffler

227 1624 30 19 zn
277 1621 56 30 dem
354 1630 96 25 Zweck
470 1632 70 24 hatte
558 1631 83 25 malen
659 1630 93 29 lassen,
777 1629 73 36 lange
868 1627 55 26 Zeit
945 1626 75 26 allem
1038 1626 37 24 Un-

226 1663 106 27 gemach
346 1666 41 27 des
403 1671 111 24 Wetters
534 1676 136 29 ausgesetzt
689 1669 43 26 hat
750 1668 53 26 und
818 1668 33 25 sie
866 1665 122 28 trotzdem
1003 1674 75 17 unver-

227 1698 85 30 ändert
332 1704 127 30 befunden
479 1709 52 26 hat.
563 1711 32 23 Er
614 1709 44 26 hat
677 1709 106 25 darüber
801 1706 65 27 auch
881 1706 40 25 ein
935 1703 157 28 Schriftchen

227 1737 211 44 herausgegeben.
467 1748 108 27 Böcklin
590 1748 86 27 besitzt
691 1749 39 25 ein
746 1747 99 26 anderes
861 1744 115 31 darüber,
990 1744 43 26 das
1048 1753 46 17 vor

239 1783 26 17 w
266 1786 22 17 ei
302 1782 89 32 Jahren
408 1787 25 26 in
448 1788 132 26 München
594 1786 202 37 herausgegeben
809 1785 97 28 wurde.

285 1820 102 30 Anstatt
401 1825 41 28 des
454 1826 174 37 Kalkgrundes
639 1826 73 37 fängt
723 1836 58 17 man
795 1829 57 33 jetzt
863 1835 41 19 an,
919 1823 48 27 auf
975 1825 102 24 Cernen-

227 1854 92 31 tplatten
333 1871 31 17 zu
378 1866 97 31 malen,
496 1867 39 25 die
556 1876 58 16 man
633 1876 28 16 so
681 1866 76 36 glatt,
776 1866 50 26 wie
845 1865 72 26 einen
931 1863 102 26 leidlich
1047 1868 46 29 gut

227 1897 177 33 geschliffenen
420 1907 154 25 Mauerstein
588 1906 132 26 herstellen
735 1905 75 27 kann.

284 1936 28 27 In
333 1941 87 36 irgend
442 1946 66 26 einer
528 1946 184 26 süddeutschen
733 1945 70 26 Stadt
823 1942 119 38 (Böcklin
961 1939 72 28 weifs
1053 1939 39 26 die

226 1971 117 43 Adresse)
352 1983 67 26 stellt
428 1995 58 16 man
497 1987 57 33 jetzt
565 1995 44 17 aus
617 1984 189 27 Marmorstaub
817 1981 187 37 komprimierte
1012 1980 68 25 Stein-

227 2010 94 32 platten
335 2019 52 32 her,
402 2023 40 26 die
453 2024 138 36 klinghart,
607 2034 28 17 so
646 2024 53 27 dafs
711 2024 34 26 sie
755 2024 46 25 mit
812 2022 69 27 Stahl
893 2019 100 27 Funken
1005 2018 87 37 geben,

226 2053 34 21 Un
263 2051 15 25 d
293 2057 55 27 sehr
362 2060 99 30 haltbar
475 2064 64 30 sind,
554 2063 71 27 dabei
637 2074 51 16 von
700 2064 126 36 geringem
838 2060 126 28 Gewicht.
986 2057 106 28 Böcklin

295 2095 35 26 sie
344 2099 35 25 als
394 2102 139 37 Malgrund
548 2103 92 26 einmal
655 2102 142 27 versuchen.
821 2101 46 26 Die
882 2100 94 25 Platten
990 2097 102 27 werden

226 2132 46 21 mit
293 2136 127 31 mehreren
440 2143 105 26 tausend
569 2145 125 24 Zentnern
712 2145 56 23 Last
786 2145 106 32 gepresst
912 2138 50 26 und
982 2137 67 26 dann
1066 2137 27 25 in

268 2178 40 20 erri
329 2176 69 29 Ofen
420 2180 36 27 bis
477 2192 31 16 zu
531 2182 177 27 Schmelzhitze
728 2184 129 27 erwärmt;
883 2178 67 26 dann
970 2176 66 27 wird
1056 2176 37 25 im

265 2216 12 16 e
280 2218 15 17 n
314 2214 55 28 eine
386 2220 97 31 Klappe
503 2220 113 31 geöffnet
637 2232 45 15 um
702 2222 38 25 die
759 2223 163 28 Temperatur
945 2216 148 27 allmählich

227 2241 127 39 fühlen
368 2267 30 16 zu
414 2259 86 28 lassen.

287 2289 55 30 Die
355 2297 248 30 Freskomalerei
617 2300 52 27 der
681 2300 93 27 Alten
789 2298 66 27 wird
867 2306 45 17 uns
923 2295 170 27 umständlich

227 2327 13 16 v
243 2330 34 20 °n
291 2329 90 32 Vitruv
397 2336 160 30 beschrieben
574 2340 43 36 (11,
633 2340 58 36 75).

290 2377 8 16 1
305 2369 11 34 )
326 2373 46 27 Ein
381 2377 88 34 grobes
475 2379 134 37 Kalklager
618 2378 125 31 mitSand,
752 2378 42 26 das
802 2377 48 27 fest
857 2376 148 37 geschlagen
1014 2374 79 33 wird;

288 2416 12 16 z
305 2410 11 32 )
332 2419 79 23 etwas
426 2416 79 28 feiner
521 2419 107 36 (wieder
642 2418 176 37 geschlagen);

289 2449 27 32 3)
330 2452 66 28 Kalk
409 2458 46 24 mit
464 2465 78 19 etwas
550 2458 176 27 Mamorstaub
735 2457 158 36 (geschlagen
903 2455 51 27 und
963 2455 130 36 geebnet);

232 2514 8 5 ,
287 2487 31 34 4)
338 2489 79 32 feiner
437 2498 66 26 Kalk
528 2499 47 25 mit
600 2499 46 25 viel
671 2496 200 31 Marmorstaub,
896 2496 95 25 dünnes
1016 2496 78 34 Lager

229 2527 10 21 V
242 2523 29 20 eb
271 2530 48 20 *-as
334 2534 151 37 geschlagen
499 2537 54 26 und
566 2537 144 36 geglättet).

227 2591 16 25 d
375 2581 58 18 leses
455 2576 72 27 letzte
542 2579 77 34 Lager
637 2576 89 28 wurde
744 2576 67 27 dann
830 2574 112 37 sogleich
961 2574 40 26 die
1022 2573 72 27 Farbe

299 2609 90 27 rundes
400 2613 173 39 aufgetragen,
580 2616 127 26 wodurch
714 2615 106 27 dieselbe
829 2615 66 26 dann
903 2614 71 27 einen
983 2614 111 26 schönen

296 2650 11 16 2
328 2648 67 28 er^e
398 2651 6 25 '
408 2661 8 16 c
420 2673 5 5 -
457 2654 113 28 Hierauf
591 2656 94 26 malten
712 2655 39 26 die
772 2657 162 35 Pompejaner
958 2653 66 27 dann
1048 2653 47 26 mit

277 2687 56 22 eren
348 2687 178 33 Bindemitteln
542 2696 39 25 die
597 2698 154 24 Ornamente
765 2695 53 25 und
834 2694 88 26 Bilder.

1238 372 158 34 Heutzutage
1418 369 30 26 ist
1470 378 56 15 man
1547 367 54 25 sehr
1622 364 152 36 nachlässig,
1800 363 130 26 besonders
1949 364 27 24 in
1997 362 28 26 be-

1180 409 62 28 treff
1255 409 42 27 der
1315 408 133 38 Festigkeit
1467 408 40 26 des
1523 405 113 29 Grundes
1653 404 88 37 (daher
1756 403 39 26 die
1810 402 74 27 kurze
1901 404 82 24 Dauer
1997 402 44 25 der

1180 450 207 26 Kaulbachsehen
1403 447 102 27 Fresken
1520 456 32 17 an
1566 446 42 26 der
1622 454 80 17 neuen
1717 441 178 35 Pinakothek).

1238 489 133 35 Bereitung
1385 488 41 25 des
1441 485 244 28 Stuckmarmors.

1238 527 201 31 Marmorstaub,
1462 525 65 27 Kalk
1548 524 53 28 und
1619 523 73 27 Farbe
1711 521 101 27 werden
1832 527 78 19 etwas
1928 519 111 36 gerührt,

1179 568 87 27 wobei
1281 568 39 26 die
1332 568 73 26 Farbe
1420 566 52 26 sich
1486 565 69 26 nicht
1566 563 105 30 verteilt,
1686 561 105 27 sondern
1807 561 25 25 in
1843 558 109 27 Flocken
1962 558 77 32 zieht;

1180 608 77 26 daher
1271 607 43 26 das
1329 607 171 26 marmorierte
1514 604 135 26 Aussehen.

1515 692 24 25 9.
1553 684 99 33 August
1664 681 43 26 66.

1238 738 42 26 Bei
1298 738 78 25 seiner
1390 736 90 26 Viola
1499 735 68 26 hatte
1586 744 25 16 er
1630 734 54 25 eine
1697 742 28 16 so
1740 731 67 26 klare
1821 728 160 36 Vorstellung
1995 727 29 26 da-

1178 787 63 20 von,
1263 778 51 25 wie
1334 786 24 15 es
1381 775 100 26 werden
1503 774 104 30 müfste,
1632 772 53 27 dafs
1706 781 24 16 er
1747 770 64 26 auch
1826 769 80 37 gleich
1921 778 31 16 an
1967 767 72 26 Farbe

1178 817 99 26 denken
1292 815 106 30 konnte,
1412 815 52 26 und
1479 814 121 26 trotzdem
1614 813 44 26 hat
1673 822 23 15 er
1707 811 65 26 auch
1784 809 75 26 dieses
1871 807 54 27 Bild
1936 813 47 20 erst
1993 806 46 26 mit

1177 855 85 27 Weifs
1287 854 231 27 herausmodelliert
1543 852 51 26 und
1619 858 59 19 statt
1697 850 43 27 der
1758 849 119 26 Veilchen
1895 847 73 36 lange
1991 845 48 27 den

1177 896 84 26 reinen
1277 893 110 28 Schiefer
1401 894 85 26 stehen
1501 893 88 26 lassen.

1508 981 39 17 10.
1563 972 98 34 August
1678 970 43 25 66.

1236 1026 52 25 Mit
1301 1025 107 26 Böcklin
1423 1026 25 24 in
1460 1024 98 26 Galerie
1569 1023 131 35 Borghese.
1721 1018 224 30 Niederländer
1960 1017 79 26 haben

1177 1063 49 27 fast
1241 1065 47 25 alle
1303 1065 56 25 sehr
1373 1064 86 36 flüssig
1473 1063 93 36 gemalt
1582 1062 113 36 (Teniers
1710 1060 69 35 etc.).

1236 1104 187 25 Venezianer
1434 1103 57 26 sind
1502 1103 66 26 doch
1580 1102 112 26 meistens
1703 1098 192 28 rücksichtslose
1903 1097 136 26 Schmierer

1176 1153 51 16 von
1242 1143 85 35 wenig
1343 1142 82 27 edlem
1440 1141 164 28 Geschmack.
1637 1142 37 25 Zu
1696 1138 155 27 bewundern
1872 1138 31 26 ist
1923 1137 56 26 aber
1999 1135 40 26 bei

1175 1181 106 26 alledem
1295 1182 54 26 ihre
1363 1183 124 25 Kenntnis
1501 1182 42 27 der
1558 1181 161 27 malerischen
1734 1178 92 26 Mittel.

1233 1220 109 27 Böcklin
1361 1222 87 35 sprach
1470 1232 51 15 von
1542 1221 42 26 der
1603 1219 209 37 aufgewendeten
1827 1215 69 28 Tiefe
1915 1215 41 27 der
1974 1214 65 27 alten

1174 1259 81 27 Bilder
1277 1267 72 28 guter
1371 1260 55 26 Zeit
1448 1261 53 25 und
1525 1268 81 29 sagte,
1631 1259 90 27 darum
1741 1257 98 27 wirken
1860 1257 34 25 sie
1915 1262 63 19 trotz
1997 1254 42 26 der

1173 1297 162 38 gedämpften
1354 1298 93 27 Farben
1469 1300 65 25 ihrer
1555 1300 100 25 Lichter
1675 1298 67 26 doch
1763 1296 118 36 tageshell
1900 1295 50 26 und
1970 1294 69 26 nicht

1173 1338 120 25 schwarz.

1232 1376 48 26 Bis
1307 1376 166 26 Leonardo
1498 1378 34 24 sei
1558 1378 67 24 noch
1650 1376 59 26 alles
1734 1375 46 27 mit
1804 1376 121 35 Tempera
1948 1372 92 37 gemalt

1172 1415 113 27 worden.
1321 1415 72 26 Auch
1419 1414 41 27 der
1481 1414 116 27 Stefanus
1622 1425 50 16 von
1694 1415 99 26 Francia
1819 1414 36 32 [in
1879 1413 43 26 der
1942 1412 98 27 Galerie

1172 1455 133 35 Borghese]
1329 1455 31 24 ist
1374 1455 121 35 Tempera
1517 1454 53 26 und
1591 1454 44 26 hat
1656 1453 113 26 dadurch
1791 1454 25 25 in
1839 1452 41 27 der
1895 1452 73 27 Farbe
1987 1452 54 25 eine

1173 1493 188 36 merkwürdige
1376 1489 114 30 Klarheit
1504 1493 54 25 und
1573 1493 146 26 Schönheit.

1593 1565 24 22 *

1232 1627 53 23 Den
1297 1624 115 26 Rahmen
1427 1623 43 27 für
1482 1623 67 26 seine
1560 1623 92 26 Viola
1666 1622 62 25 hielt
1740 1622 105 26 Böcklin
1860 1621 41 26 für
1912 1621 126 36 gelungen

1172 1663 51 26 und
1238 1664 109 36 passend.
1382 1665 66 24 Zum
1463 1665 56 24 Pan
1536 1662 28 26 in
1578 1662 42 26 der
1634 1661 144 27 Münchner
1792 1660 158 26 Pinakothek
1968 1661 70 25 hatte

1172 1703 106 26 Böcklin
1300 1703 42 25 das
1363 1705 140 24 Ornament
1525 1700 200 37 (Schilfgeflecht
1746 1700 47 26 mit
1813 1700 128 35 Winden)
1963 1700 73 25 selbst

1172 1742 148 26 modelliert.

1230 1781 71 27 Tiefe
1315 1781 176 28 Goldrahmen
1510 1781 65 26 thun
1593 1778 49 28 fast
1659 1779 41 26 nie
1719 1785 58 30 gut;
1797 1778 64 27 auch
1875 1777 106 27 braucht
1995 1777 42 26 der

1172 1822 116 27 Rahmen
1303 1822 69 27 nicht
1387 1823 81 34 Bezug
1482 1830 57 17 zum
1553 1821 110 25 Zimmer
1677 1828 30 17 zu
1720 1814 90 36 haben,
1826 1816 67 28 mufs
1908 1817 56 27 aber
1978 1827 59 16 zum

1172 1861 77 32 Bilde,
1266 1860 49 28 auf
1325 1861 42 27 das
1382 1871 25 17 er
1420 1861 120 27 zunächst
1554 1859 87 32 wirkt,
1657 1861 81 33 Bezug
1752 1858 90 26 haben.

1593 1933 24 23 «

1225 1993 41 26 Bei
1275 1993 95 27 seinem
1377 1993 228 27 Petrarka-Bilde
1614 1993 68 25 hatte
1690 1990 106 27 Böcklin
1805 1990 40 26 die
1852 1987 186 28 Weinranke

1171 2032 95 27 wieder
1281 2031 191 39 fortgestrichen
1484 2032 53 27 und
1548 2033 112 25 stimmte
1670 2041 31 16 an
1713 2030 47 27 den
1771 2031 97 25 Partien
1883 2029 42 26 der
1935 2030 85 24 immer-

1172 2076 96 32 grünen
1283 2073 77 26 Eiche
1380 2074 96 26 herum.
1509 2073 47 25 Die
1570 2070 89 28 Ranke
1680 2070 93 27 mufste
1792 2070 67 26 dann
1879 2068 88 31 frisch,
1989 2077 32 16 un-

1171 2112 102 36 gequält
1288 2113 52 25 und
1355 2122 193 27 ungezwungen
1565 2110 126 27 natürlich
1711 2109 93 27 darauf
1820 2109 93 37 gemalt
1927 2107 108 28 werden.

1499 2202 42 17 11.
1556 2192 101 35 August
1673 2192 44 25 66.

1231 2244 57 25 Sein
1304 2245 102 25 Dichter
1421 2243 72 27 dürfe
1508 2245 71 25 nicht
1593 2242 48 27 auf
1652 2244 72 25 einen
1739 2241 159 37 Gegenstand
1917 2240 35 25 im
1967 2238 68 27 Bilde

1172 2283 87 30 sehen,
1278 2291 70 18 sonst
1363 2285 100 25 scheine
1477 2294 25 16 er
1515 2284 45 26 ihn
1575 2283 100 27 fixieren
1689 2282 52 27 und
1755 2281 118 26 zeichnen
1886 2290 30 16 zu
1929 2278 105 29 wollen,

1172 2323 30 26 da
1222 2333 26 16 er
1261 2322 90 28 Griffel
1371 2324 52 26 und
1438 2324 86 37 Papier
1542 2324 75 26 halte.
1650 2322 127 30 Dadurch,
1792 2319 53 28 dafs
1860 2330 25 16 er
1899 2318 64 27 links
1978 2326 55 16 zum

1172 2363 55 26 Bild
1241 2363 180 32 herausblickt,
1437 2363 63 27 sieht
1515 2374 25 16 er
1554 2363 164 27 unbestimmt
1728 2361 52 27 und
1792 2360 95 26 scheint
1897 2368 31 16 zu
1939 2357 94 26 sinnen.

1503 2453 40 17 12.
1555 2444 99 34 August
1670 2443 43 25 66.

1232 2495 106 26 Böcklin
1365 2495 44 26 hat
1437 2495 39 27 die
1501 2495 136 27 Weinrebe
1664 2494 47 25 mit
1739 2487 293 35 bewundernswürdiger

1172 2535 213 26 Naturwahrheit
1399 2535 102 36 gemalt.

1233 2575 41 25 Bei
1288 2574 49 26 den
1352 2574 193 27 verwelkenden
1559 2573 110 27 Blättern
1683 2573 64 25 eines
1755 2567 162 30 Weinstocks
1932 2564 100 28 werden

1173 2613 40 26 die
1224 2613 126 37 gröfseren
1362 2614 100 30 Blätter,
1475 2614 39 26 die
1525 2624 41 16 am
1577 2611 103 37 Anfang
1690 2611 66 27 einer
1763 2608 88 28 Ranke
1862 2607 82 27 sitzen,
1956 2607 61 33 grün-

1173 2653 65 37 gelb,
1255 2654 39 26 die
1309 2654 120 26 vorderen
1443 2661 48 19 rot.
1514 2655 50 24 Der
1574 2651 73 28 Rand
1662 2651 68 26 dorrt
1743 2654 77 22 zuerst
1832 2646 67 37 (gelb
1914 2644 50 27 und
1979 2649 39 19 rot-

1174 2693 104 36 randige
1293 2694 114 36 Blätter).
1437 2694 84 25 Dieses
1536 2694 50 25 Rot
1607 2693 31 25 ist
1658 2690 48 26 fast
1726 2689 79 26 reiner
1825 2684 125 28 Zinnober
1971 2682 60 26 oder

1215 2889 0 0 173
