2524 3281
689 379 29 30 in
744 376 219 42 Kindertagen
988 374 79 31 einst
1084 398 5 5 .
1106 397 5 6 .
1129 397 5 6 .
1152 370 64 33 und
1241 379 63 21 nun

690 431 183 31 vermissest
897 428 43 31 du
964 437 34 21 es
1022 425 97 32 kaum

690 485 42 29 im
755 482 120 31 breiten
898 480 167 32 Reichtum
1089 476 57 32 des
1171 482 220 36 gewonnenen
1413 469 125 33 Lebens

690 535 65 32 und
778 533 161 33 wunderst
964 531 78 38 dich,
1067 541 34 20 es
1121 530 33 41 je
1177 526 135 43 begehrt
1336 535 38 21 zu
1397 522 115 32 haben!

692 640 43 31 du
759 639 129 31 lächelst
911 637 65 32 und
1000 635 94 43 gehst
1118 635 114 36 weiter,
1257 631 59 32 still
1340 629 64 33 und
1429 627 70 32 froh
1516 651 5 6 .
1540 627 23 51 ..

692 744 75 33 Und
792 754 38 21 so
855 741 118 32 erfüllst
1000 740 43 31 du
1067 739 70 31 dich
1162 749 41 20 an
1228 737 124 31 deinem
1375 734 71 37 Ziel,

692 797 59 32 wie
776 796 64 32 sich
866 794 152 32 allmalich
1043 803 37 21 so
1106 792 70 31 dein
1201 789 65 33 Ziel
1292 800 40 20 an
1357 788 45 30 dir
1426 784 106 33 erfüllt.

1104 970 45 30 IV

695 1068 54 31 Da
774 1075 68 22 war
867 1064 48 30 ein
940 1071 117 33 ganzer
1082 1060 96 32 Tisch
1202 1058 63 32 voll
1290 1055 155 38 Freunde,

696 1119 65 32 und
786 1117 58 32 alle
869 1115 133 33 tranken
1027 1115 45 30 sie
1098 1114 47 30 dir
1169 1123 38 20 zu

696 1171 65 33 und
784 1170 58 31 alle
867 1168 146 32 machten
1038 1167 55 31 mit
1115 1165 47 32 dir
1186 1166 53 30 Du
1257 1189 5 5 .
1281 1188 5 5 .
1303 1188 5 5 .

697 1276 65 32 und
786 1275 119 31 schöne
930 1271 115 33 Frau'n
1069 1271 51 32 bei
1143 1271 129 31 Küssen
1298 1266 65 31 und
1386 1266 113 31 Kosen

698 1329 149 31 kränzten
872 1326 50 32 die
946 1325 86 32 Stirn
1056 1324 47 31 dir
1126 1323 55 32 mit
1203 1319 177 34 blühenden
1405 1319 111 30 Rosen
1534 1342 5 6 .
1557 1342 6 5 .

699 1433 64 32 und
789 1430 182 33 schliefslich

699 1486 63 32 bist
787 1485 43 32 du
854 1483 84 32 doch
962 1482 89 31 allein
1075 1480 167 44 geblieben

700 1538 65 32 und
789 1538 127 36 einsam,
942 1535 58 31 wie
1025 1535 42 30 du
1092 1535 110 29 immer
1226 1535 106 28 warst.

1121 1704 31 30 V

702 1803 113 30 Fester
839 1810 60 22 nur
922 1796 99 33 drück
1044 1796 48 32 dir
1116 1794 62 32 den
1202 1794 68 31 Hut
1293 1792 48 31 ins
1366 1789 136 38 Gesicht,

704 1855 96 31 fester
823 1863 59 21 nur
905 1852 86 31 fasse
1016 1850 61 31 den
1101 1846 102 34 Stock
1220 1872 5 5 .
1243 1872 6 5 .
1267 1871 5 6 .

705 1907 71 31 dein
800 1906 89 41 Weg
912 1913 69 22 war
1004 1903 111 30 immer
1138 1899 100 32 schon
1263 1898 120 31 einsam
1406 1905 109 33 genug

706 1960 77 32 über
806 1958 136 42 Klippen
966 1955 64 32 und
1054 1955 78 31 über
1158 1951 130 32 Gestein

705 2012 63 33 und
795 2010 77 33 wird
892 2010 32 41 je
949 2009 99 30 höher
1072 2016 54 21 zur
1150 2004 94 32 Höhe
1270 2012 110 32 empor

706 2076 58 22 nur
789 2063 83 33 noch
895 2061 104 32 steiler
1022 2059 65 33 und
1111 2059 156 30 einsamer
1291 2055 67 32 sein
1381 2071 45 5 —

706 2119 96 30 fester
826 2116 91 32 drum
942 2112 99 33 drück
1065 2111 46 31 dir
1136 2110 62 32 den
1222 2109 69 32 Hut
1314 2108 47 31 ins
1386 2104 136 37 Gesicht,

707 2171 96 31 fester
827 2178 58 21 nur
910 2167 85 31 fasse
1020 2165 61 31 den
1107 2163 117 32 Stock!

706 2283 56 30 Du
785 2280 149 32 konntest
957 2278 59 30 wie
1040 2276 58 32 alle
1123 2275 80 31 einst
1228 2273 122 32 wählen
1374 2269 64 32 und
1462 2266 84 43 gehn

707 2333 99 33 durch
830 2330 157 33 blühende
1011 2330 121 31 Gärten
1156 2328 42 30 im
1221 2325 149 32 Thal...

708 2386 83 32 doch
816 2395 34 21 es
875 2384 135 40 drängte
1035 2381 81 32 nach
1140 2378 123 42 Kampf
1286 2376 77 37 dich,
1387 2374 54 31 mit
1465 2364 194 38 schaffender
1683 2362 84 31 That

708 2450 71 21 zum
803 2436 102 43 Gipfel
929 2446 38 21 zu
992 2435 144 41 zwingen
1161 2432 61 31 den
1246 2429 153 41 steinigen
1424 2423 80 33 Pfad
1521 2447 5 5 .
1543 2446 5 6 .
1567 2445 5 6 .

709 2491 64 32 und
798 2501 63 21 nun
886 2500 34 20 er
944 2488 103 31 steiler
1071 2485 65 33 und
1161 2484 103 32 steiler
1287 2479 88 39 wird,

709 2544 65 33 und
799 2553 63 22 nun
886 2552 34 21 er
945 2540 71 32 dich
1039 2539 107 32 weiter
1169 2536 66 32 und
1259 2534 105 32 weiter
1388 2529 109 33 verirrt

709 2598 31 30 in
765 2596 66 32 sein
855 2595 127 42 grofses
1007 2590 213 43 entsagendes
1245 2584 188 40 Schweigen
1451 2606 5 5 .
1469 2584 14 53 .
1496 2603 5 6 .

711 2650 96 31 fester
831 2658 58 21 nur
914 2645 99 33 drück
1038 2645 46 31 dir
1110 2644 62 30 den
1196 2641 68 31 Hut
1287 2639 48 30 ins
1361 2632 135 35 Gesicht,

712 2704 95 29 fester
831 2711 58 22 nur
914 2700 85 31 fasse
1024 2697 62 32 den
1110 2694 114 33 Stock!

1229 2896 0 0 165
