2524 3281
226 388 138 40 kommen
386 402 61 28 und
469 402 40 28 ob
525 400 44 30 Sie
585 399 148 30 vielleicht
754 397 119 39 geneigt
888 400 108 29 wären,
1018 394 79 28 mich

286 442 212 43 Oberengadin
523 444 177 41 (Sils-Maria)
723 454 38 19 zu
783 442 162 30 besuchen:
970 459 33 2 —
1027 440 70 29 dort

228 487 125 32 nämlich
374 493 74 28 habe
470 494 48 28 ich
540 493 54 28 seit
605 492 107 35 Jahren
734 489 97 30 meine
847 485 231 38 „Sommer-Resi-

347 538 75 36 (eine
445 539 89 29 Stube
555 538 31 29 in
607 537 98 29 einem
725 534 220 37 Bauernhause.)

553 584 74 28 Von
649 582 122 29 Herzen

806 626 49 29 Ihr

886 670 172 30 Nietzsche.

230 702 139 46 Venezia,
391 715 56 28 San
469 715 154 30 Canciano
645 713 72 29 calle
738 721 97 20 nuova

618 763 91 34 57/rf.

528 818 44 19 am
594 819 38 17 22.
655 805 58 31 Mai
734 806 73 35 1884.

640 906 52 28 IV.

304 980 60 29 AN
388 984 234 31 FREIHERRN
645 985 33 28 R.
700 983 96 29 VON
812 974 217 36 'SEYDLITZ.

452 1064 104 35 Nizza,
579 1063 188 36 Donnerstag
789 1060 60 29 den
869 1070 42 25 24.
937 1057 125 29 Februar

495 1119 52 20 rue
563 1109 50 29 des
628 1108 177 29 Pouchettes
821 1116 40 27 29.
877 1114 34 19 au
925 1103 136 40 premier.

350 1178 73 30 Hier
444 1181 31 30 in
496 1190 164 21 unserem
681 1177 211 32 Sonnenlande
916 1193 32 3 —
973 1184 59 18 was
1054 1173 49 29 für

233 1215 105 33 andere
368 1224 97 41 Dinge
495 1228 95 28 haben
618 1226 53 30 wir
702 1224 41 32 im
772 1223 92 39 Kopf!
907 1222 84 28 Eben
1022 1219 82 30 noch

232 1258 77 33 hatte
325 1267 95 33 Nizza
443 1273 103 29 seinen
567 1273 106 38 langen
694 1268 250 32 internationalen
958 1265 146 30 Carneval

235 1303 62 35 (mit
318 1311 215 41 Spanierinnen
554 1318 40 31 im
615 1316 261 39 Uebergewichte,
899 1312 133 38 beiläufig
1054 1322 33 28 ge-

233 1356 70 34 sagt)
332 1361 62 28 und
425 1363 82 31 dicht
535 1365 96 29 hinter
659 1364 72 34 ihm,
761 1362 83 30 sechs
871 1359 133 29 Stunden
1031 1358 73 29 nach

235 1401 28 20 se
264 1405 63 24 mer
348 1405 114 33 letzten
477 1410 171 35 Girandola,
671 1410 54 38 gab
748 1419 29 18 es
793 1407 94 30 schon
901 1405 113 30 wieder
1029 1413 76 19 neue

235 1446 38 23 Un
276 1443 18 29 d
316 1450 110 32 seltner
449 1457 142 38 erprobte
607 1455 88 29 Reize
711 1455 51 28 des
778 1452 131 30 Daseins.
935 1451 70 28 Wir
1020 1449 87 30 leben

238 1490 126 34 nämlich
375 1497 31 29 in
419 1500 52 29 der
482 1503 216 28 interessanten
709 1501 182 36 Erwartung,
905 1507 43 19 zu
963 1495 143 31 Grunde

256 1541 19 20 u
296 1541 93 33 gehn
403 1562 38 4 —
458 1548 86 28 Dank
563 1548 96 28 einem
674 1544 250 40 wohlgemeinten
938 1543 169 33 Erdbeben,

236 1585 48 22 nas
311 1585 83 32 nicht
420 1601 57 19 nur
504 1593 53 29 alle
579 1593 111 29 Hunde
715 1592 70 29 weit
811 1590 62 29 und
900 1589 75 29 breit
1001 1587 107 31 heulen

237 1627 105 32 macht.
368 1634 145 34 Welches
524 1640 195 38 Vergnügen,
734 1648 89 19 wenn
839 1637 46 28 die
901 1636 78 28 alten
993 1635 116 29 Häuser

340 1677 103 35 Einem
465 1686 57 28 wie
545 1685 222 29 Kaffeemühlen
791 1682 120 30 rasseln!
944 1691 88 19 wenn
1060 1680 49 29 das

268 1725 42 22 lnt
313 1721 74 33 efafs
401 1729 178 41 selbständig
590 1732 86 29 wird!
691 1740 91 20 wenn
793 1730 46 28 die
849 1727 127 31 Strafsen
988 1726 61 29 sich
1057 1725 53 29 mit

239 1766 168 36 entsetzten
429 1775 255 32 halbbekleideten
701 1777 125 38 Figuren
847 1775 62 28 und
927 1775 182 27 zerrütteten

271 1817 68 24 erve
342 1825 174 32 nsystemen
536 1824 107 29 füllen!
683 1824 89 28 Diese
793 1822 102 30 Nacht
916 1819 115 30 machte
1052 1818 57 34 ich,

241 1858 92 33 gegen
354 1873 68 29 2—3
438 1868 75 36 Uhr,
535 1880 118 19 comme
675 1869 124 38 gaillard,
821 1868 52 28 der
894 1866 46 30 ich
963 1864 58 35 bin,
1043 1863 65 29 eine

254 1904 254 39 nspektionrunde
529 1916 31 28 in
582 1916 58 29 den
662 1914 233 30 verschiedenen
905 1911 130 30 Theilen
1057 1909 52 30 der

242 1946 84 61 jjadt,
342 1961 50 23 um
403 1966 38 20 zu
454 1961 100 35 sehen,
569 1972 49 18 wo
631 1962 46 28 die
689 1961 110 29 Furcht
810 1970 45 19 am
870 1957 133 41 gröfsten
1016 1957 44 30 ist.
1074 1974 33 3 —

242 2028 5 4 .
270 1999 25 19 le
311 1994 205 51 Bevölkerung
538 2007 125 40 campirt
684 2006 124 29 nämlich
824 2005 80 38 Tags
920 2003 62 30 und
996 2002 113 29 Nachts

241 2039 39 23 ltn
301 2038 113 44 Freien,
436 2060 31 18 es
489 2053 49 28 sah
558 2053 115 30 hübsch
695 2051 166 30 militärisch
876 2060 56 19 aus.
962 2049 71 29 Und
1049 2057 61 20 nun

312 2095 30 19 m
364 2090 60 32 den
445 2096 122 32 Hotels!
594 2109 48 19 wo
664 2099 101 29 Vieles
791 2097 181 38 eingestürzt
993 2095 36 28 ist
1049 2093 62 30 und

255 2129 107 36 oighch
384 2138 64 30 eine
464 2144 222 30 vollkommene
701 2145 87 28 Panik
808 2143 143 29 herrscht.
975 2140 52 30 Ich
1041 2139 71 29 fand

280 2181 14 18 e
321 2181 98 31 meine
447 2187 138 33 Freunde
613 2191 64 29 und
701 2189 210 30 Freundinnen
939 2185 172 31 erbärmlich

263 2224 65 26 nter
350 2230 116 33 grünen
485 2235 131 31 Bäumen
637 2236 206 40 ausgestreckt,
865 2234 66 29 sehr
952 2232 160 34 fianelliert,

246 2302 19 25 R
264 2270 58 24 6nn
336 2316 6 5 .
353 2282 30 19 eS
405 2286 61 21 war
496 2291 32 19 sc
530 2283 67 28 harf
621 2283 72 35 kalt,
724 2282 62 28 und
815 2280 46 30 bei
888 2279 81 38 jeder
996 2277 118 30 kleinen

267 2312 210 51 rschutterung
504 2327 102 31 düster
632 2339 36 19 an
695 2328 49 29 das
765 2327 85 29 Ende
872 2324 148 31 denkend.
1062 2323 52 29 Ich

377 2366 91 39 nicht,
491 2372 61 31 dies
574 2376 99 28 macht
694 2375 52 29 der
768 2373 95 30 saison
878 2371 48 29 ein
941 2370 173 41 plötzliches

270 2404 66 35 nde,
358 2410 67 31 alles
441 2415 91 33 denkt
547 2421 60 28 an's
622 2421 177 29 Abreisen
822 2420 131 37 (gesetzt,
970 2415 62 30 dafs
1048 2425 67 19 man

259 2450 17 19 °
280 2454 25 21 rt
309 2451 112 36 kommt
443 2464 63 29 und
525 2465 62 30 dafs
603 2466 47 29 die
666 2465 206 30 Eisenbahnen
886 2463 82 30 nicht
981 2472 37 20 zu
1034 2461 68 30 aller-

257 2497 12 42 ,
269 2497 36 42 rst
320 2498 204 41 'abgerissen"
540 2511 85 40 sind.)
651 2514 99 28 Schon
765 2520 118 30 gestern
897 2509 108 29 Abend
1017 2517 99 20 waren

278 2544 14 18 e
315 2542 93 34 Cäste
430 2552 52 30 des
504 2556 118 37 Hotels,
644 2569 48 18 wo
714 2558 47 29 ich
783 2566 75 26 esse,
882 2556 82 29 nicht
984 2554 74 29 dazu
1080 2563 37 19 zu

249 2587 135 63 fingen,
412 2595 62 32 ihre
503 2603 78 28 table
610 2603 102 31 d'höte
734 2604 39 28 im
794 2603 111 28 Innern
931 2601 51 30 des
1004 2601 113 28 Hauses

265 2632 199 40 mzunehmen
490 2664 38 4 —
555 2659 68 20 man
655 2650 40 30 afs
725 2649 63 30 und
818 2648 82 29 trank
932 2648 39 28 im
999 2647 118 31 Freien;

251 2719 25 20 w
354 2692 78 47 ,
510 2704 63 19 von
595 2696 80 29 einer
697 2697 76 28 alten
794 2695 66 30 sehr
874 2694 149 29 frommen
1038 2692 80 33 Frau,

280 2725 14 17 e
307 2730 15 17 e
325 2723 35 29 he
375 2730 166 47 überzeugt
556 2740 46 36 ist,
623 2741 61 30 dafs
700 2741 52 29 der
767 2741 75 29 liebe
857 2741 81 28 Gott
951 2739 45 29 ihr
1010 2737 108 30 Nichts

1176 402 36 19 zu
1232 391 76 30 leide
1329 389 74 29 thun
1425 383 87 37 darf,
1537 391 59 20 war
1621 380 46 29 ich
1691 377 51 29 der
1763 372 109 38 einzige
1893 369 134 29 heitere

1177 437 126 30 Mensch
1342 443 85 21 unter
1468 432 90 28 lauter
1598 427 113 28 Larven
1750 419 61 30 und
1851 414 177 39 „fühlenden

1771 512 5 5 .
1867 509 6 11 ~
1989 504 7 10 ,

1236 547 40 4 _
1301 528 84 28 Eben
1410 522 140 31 erwische
1578 520 47 29 ich
1655 516 46 29 ein
1728 509 222 39 Zeitungsblatt,
1981 507 48 27 das

1178 576 79 29 diese
1278 575 90 28 letzte
1382 570 101 31 Nacht
1503 567 46 30 bei
1563 565 117 30 weitem
1701 557 178 32 malerischer
1900 553 38 29 als
1953 553 77 28 Dein

1178 620 117 31 Freund
1317 626 117 29 vermag
1455 615 53 29 Dir
1529 623 36 18 zu
1580 608 149 32 Gemüthe
1749 603 107 30 führen
1870 599 80 31 wird.
1981 599 51 26 Ich

1178 669 64 38 lege
1265 677 28 19 es
1315 664 60 35 bei,
1396 663 50 29 lies
1469 671 41 24 es,
1536 658 84 33 bitte,
1645 653 107 31 Deiner
1773 649 94 30 lieben
1887 646 70 29 Frau
1977 652 56 20 vor

1179 713 61 29 und
1262 711 114 30 behalte
1398 708 77 30 mich
1497 707 28 28 in
1547 712 98 31 gutem
1667 696 211 41 Angedenken!

1541 760 140 32 Treulich

1733 802 74 30 Dein
1827 795 167 34 Nietzsche.

1599 900 38 29 Y.

1249 988 61 28 AN
1332 982 226 32 PROFESSOR
1579 979 63 29 DR.
1663 975 106 31 PAUL
1790 967 182 34 DEUSSEN.

1508 1060 94 29 Nizza
1624 1055 127 40 (France)
1775 1063 20 26 3.
1813 1050 101 37 Januar
1934 1047 66 28 1888.

1588 1102 124 42 Pension
1733 1100 36 28 de
1792 1098 132 28 Geneve.

1493 1185 103 30 Lieber
1618 1179 123 36 Freund,

1243 1263 56 27 Das
1318 1261 69 35 Jahr
1408 1260 49 29 hat
1480 1260 166 38 begonnen,
1667 1254 47 29 ich
1735 1249 128 32 schreibe
1886 1246 74 29 eben
1975 1251 65 20 zum

1185 1317 97 20 ersten
1304 1306 78 29 Male
1411 1305 82 29 seine
1520 1304 63 29 drei
1604 1301 131 31 Achten:
1764 1305 56 20 was
1845 1294 75 27 kann
1940 1289 47 30 ich
2007 1297 36 19 zu

1185 1354 101 29 seinen
1323 1352 99 28 Ehren
1457 1352 134 28 Besseres
1625 1348 76 28 thun
1735 1343 38 30 als
1806 1339 127 31 meinem
1966 1334 78 30 alten

1184 1398 136 31 Freunde
1335 1398 134 28 Deussen
1488 1396 87 29 einen
1591 1387 224 44 Neujahrsbrief
1827 1396 35 19 zu
1877 1381 167 32 schreiben?

1186 1445 102 30 Zumal
1313 1442 132 31 derselbe
1471 1442 31 28 in
1525 1441 110 29 diesem
1655 1437 74 29 Falle
1754 1431 130 41 zugleich
1906 1427 71 31 auch
1998 1435 45 18 ein

1188 1487 275 41 Geburtstagsbrief
1480 1486 61 30 sein
1563 1484 82 30 wird.

1245 1538 72 28 Wie
1339 1536 38 29 alt
1398 1545 66 19 man
1486 1534 93 29 schon
1599 1531 53 28 ist?
1696 1527 67 29 Wie
1788 1526 69 38 jung
1882 1530 64 20 man
1967 1519 77 28 noch

1189 1584 120 29 werden
1331 1581 91 31 wird?
1437 1581 14 32 .
1466 1602 6 6 .

1248 1630 51 28 Ich
1327 1629 74 28 habe
1433 1627 86 28 einen
1547 1634 33 18 so
1608 1622 99 30 hohen
1729 1613 112 43 Begriff
1855 1622 61 20 von
1935 1611 109 28 Deiner

1188 1676 131 38 thätigen
1338 1674 62 30 und
1421 1671 135 41 tapferen
1570 1668 146 33 Existenz,
1738 1663 60 30 dafs
1820 1671 30 19 es
1865 1666 94 28 wenig
1977 1656 68 27 Sinn

1188 1724 56 33 hat,
1266 1720 165 31 besondere
1442 1716 157 30 Wünsche
1621 1708 224 34 auszudrücken.
1871 1703 76 30 Wer
1961 1707 85 22 einen

1189 1769 127 38 eigenen
1336 1765 115 30 Willen
1476 1762 31 31 in
1536 1762 45 28 die
1607 1759 96 37 Dinge
1729 1766 38 19 zu
1785 1754 86 37 legen
1891 1750 59 32 hat,
1973 1747 73 26 über

1188 1815 60 29 den
1268 1812 124 31 werden
1413 1811 46 29 die
1481 1808 96 38 Dinge
1600 1806 80 29 nicht
1701 1803 89 31 Herr;
1822 1797 107 31 zuletzt
1953 1800 78 21 arran-

1188 1862 102 38 gieren
1311 1858 61 30 sich
1393 1857 47 29 die
1461 1854 138 30 Zufälle
1620 1850 79 30 noch
1713 1846 74 31 nach
1800 1850 124 23 unseren
1939 1844 93 31 eigent-

1188 1906 125 29 lichsten
1327 1902 220 31 Bedürfnissen.
1577 1898 52 30 Ich
1650 1902 131 22 erstaune
1803 1889 53 34 oft,
1877 1895 54 21 wie
1951 1889 96 29 wenig

1189 1952 47 29 die
1264 1950 142 31 äufserste
1433 1949 141 36 Ungunst
1602 1944 50 28 des
1680 1936 154 33 Schicksals
1862 1933 73 28 über
1963 1935 83 21 einen

1190 1998 116 29 Willen
1326 2004 126 29 vermag.
1484 1992 79 29 Oder
1584 1986 150 33 vielmehr:
1755 1983 46 28 ich
1823 1989 63 28 sage
1907 1984 53 21 mir
1989 1981 56 20 wie

1190 2044 66 29 sehr
1277 2043 53 29 der
1350 2040 92 30 Wille
1465 2038 88 29 selbst
1574 2031 140 33 Schicksal
1736 2028 61 30 sein
1817 2023 89 34 mufs,
1934 2022 60 27 dats
2016 2026 30 19 er

1189 2091 104 28 immer
1320 2087 111 30 wieder
1462 2084 72 30 auch
1565 2088 112 33 gegen
1707 2076 48 29 das
1786 2067 139 34 Schicksal
1953 2064 92 30 Recht

1192 2136 162 34 bekommt,
1375 2150 38 5 —
1435 2149 35 5 —

1249 2227 131 33 Seltsam,
1408 2222 61 31 dafs
1498 2218 103 41 gerade
1629 2216 72 38 jetzt
1728 2210 52 30 mir
1808 2205 93 32 meine
1925 2201 121 30 ältesten

1192 2273 134 30 Freunde
1342 2270 110 30 wieder
1471 2266 31 31 in
1517 2265 46 28 die
1577 2262 86 30 Nähe
1678 2259 172 39 gekommen
1864 2248 64 30 sind
1945 2245 101 37 (aufser

1193 2320 54 29 Dir
1275 2328 65 20 zum
1370 2313 122 40 Beispiel
1519 2309 73 31 auch
1620 2306 67 31 Carl
1711 2311 62 21 von
1794 2291 251 37 Gersdorffvon

1193 2367 70 28 dem
1276 2364 48 29 ich
1337 2364 98 37 jüngst
1449 2359 87 29 einen
1550 2351 164 35 herrlichen
1725 2344 83 33 Brief
1817 2341 100 37 hatte).
1951 2335 78 30 Nam

1193 2412 58 29 lieh
1282 2420 37 19 zu
1350 2407 125 40 gleicher
1503 2401 78 34 Zeit,
1613 2408 48 19 wo
1690 2394 48 29 ich

1194 2457 236 34 Vereinsamung
1458 2449 53 30 mir
1538 2441 152 34 bewufst
1710 2436 97 32 werde
1834 2429 61 33 und
1915 2423 60 74 wo,
1989 2423 55 74 g,

1195 2499 195 35 schmerzhaft
1409 2497 62 29 und
1491 2489 186 41 ungeduldig,
1698 2493 64 20 eine
1783 2470 246 78 ™<™^£
2030 2521 13 19 n

1197 2550 125 35 Ziehung
1344 2544 72 30 nach
1437 2542 51 28 der
1510 2537 127 30 anderen
1652 2541 60 20 von
1733 2535 53 22 mir
1807 2522 99 30 ablese,
1929 2517 32 28 ,b
1974 2523 46 19 ose
2020 2523 10 17 *

1197 2594 97 32 mufs.
1337 2592 41 28 Im
1400 2585 124 33 Grunde
1549 2580 95 31 macht
1668 2582 70 32 jetzt
1757 2570 78 30 Alles
1861 2563 116 40 Epoche
2000 2563 43 22 bei

1197 2642 68 32 mir;
1287 2638 78 30 mein
1387 2641 103 32 ganzes
1505 2600 537 100 Bishei-^^t^

1198 2696 89 22 wenn
1306 2684 48 28 ich
1374 2672 282 38 zusammenrechne,
1678 2673 56 22 was
1754 2666 47 24 ich
1821 2667 29 19 in

1198 2745 13 19 »
1229 2732 105 36 Jahren
1361 2724 163 36 überhaupt
1551 2716 103 40 gethan
1680 2709 83 32 habe,
1791 2713 32 20 so
1850 2705 98 24 ersene

1238 2913 0 0 169
