2524 3281
530 392 117 25 wachsen
663 391 52 26 und
729 391 71 26 nicht
814 390 61 26 über
885 391 52 25 sich
948 400 43 16 zur
1002 389 110 27 Klarheit
1127 389 121 26 kommen
1259 389 50 26 und
1321 389 70 26 nicht

531 431 51 25 sich
600 440 30 16 zu
644 430 171 36 Handlungen
835 430 116 25 auslösen
967 433 95 30 mögen
1080 434 72 20 unter
1167 427 47 26 den
1232 427 157 37 praktischen

530 470 90 25 Reizen
635 469 40 26 des
691 469 172 36 persönlichen
873 467 189 36 Alltagslebens,
1077 466 105 26 sondern
1193 466 196 36 Verbindungen

531 509 46 24 mit
597 508 41 26 der
656 509 129 25 Phantasie
803 507 119 35 eingehn,
941 516 44 16 um
1006 506 54 26 eine
1081 515 65 16 neue
1162 505 54 26 und
1230 506 73 35 eigne
1316 505 74 27 Welt

530 557 42 15 aus
584 548 46 24 den
643 545 104 27 feinsten
758 546 194 36 persönlichsten
964 545 141 26 Initiativen
1116 554 30 16 zu
1157 544 127 36 gestalten.
1303 546 86 25 Wenn

531 586 65 24 dann
612 586 41 25 der
660 586 138 25 Beschauer
808 594 46 16 vor
865 584 70 26 solch
946 584 40 25 ein
996 583 54 26 Bild
1061 584 53 25 tritt
1125 583 52 25 und
1188 593 23 16 es
1223 583 164 27 künstlerisch

530 624 114 35 geniefst,
658 634 27 16 so
702 624 136 35 entspringt
852 623 65 25 diese
928 621 132 36 Wirkung
1079 621 53 27 also
1149 622 85 26 weder
1252 622 57 26 dem
1323 621 69 27 Stoff

529 663 66 25 noch
608 663 41 25 der
657 663 56 25 dem
722 663 74 25 Laien
806 661 125 26 vielleicht
939 661 114 36 garnicht
1061 660 196 27 verständlichen
1265 661 123 31 Technik,

528 702 107 25 sondern
650 711 46 16 vor
709 701 75 26 allem
797 700 93 26 diesem
901 700 180 26 emotionellen
1091 700 170 35 Untergrund,
1276 701 45 25 mit
1332 701 55 25 dem

528 741 43 25 der
581 740 118 26 Künstler
709 740 76 25 daran
796 738 133 37 gearbeitet
941 740 51 29 hat,
1001 755 32 4 —
1042 739 46 25 den
1100 737 225 28 Gefühlsmächten
1336 740 51 25 und

528 780 74 24 deren
615 779 124 34 Qualität,
755 779 38 24 die
805 778 79 26 durch
896 777 179 26 künstlerische
1086 778 85 25 Mittel
1182 778 57 25 dem
1250 779 137 25 Beschauer

529 818 86 35 irgend
630 825 78 19 etwas
723 817 83 26 beredt
820 817 52 25 und
888 816 107 26 sichtbar
1008 817 115 36 gemacht
1138 817 89 31 haben,
1247 827 54 17 was
1319 825 69 18 sonst

528 857 26 25 in
569 857 77 25 seiner
657 856 66 26 Seele
735 863 92 19 stumm
838 856 52 25 und
901 856 109 26 verhüllt
1020 855 41 26 für
1076 856 44 25 ihn
1133 856 88 26 bliebe.
1246 858 31 24 Er
1287 867 100 24 vermag

527 905 54 16 nun
601 894 213 37 gewissermafsen
834 896 65 24 seine
927 896 89 34 eignen
1035 895 291 27 Seelenheimlichkeiten
1343 895 49 27 auf

527 935 58 25 dem
608 944 45 16 vor
678 935 52 25 ihm
755 935 77 25 schon
860 941 181 28 angetretenen,
1066 935 133 35 geebneten
1223 937 84 33 Wege
1331 935 56 26 dem

527 974 117 25 Künstler
658 973 187 26 nachzusenden
860 974 51 25 und
923 974 110 26 dadurch
1045 984 29 16 zu
1086 974 65 26 einer
1162 974 225 35 abgeschwächten

526 1012 92 26 Freude
636 1013 83 25 dessen
737 1022 29 16 zu
785 1013 129 36 gelangen,
932 1023 53 17 was
1000 1013 80 36 einzig
1098 1013 52 26 und
1166 1013 74 27 allein
1255 1013 39 27 die
1309 1014 65 35 Selig-

526 1051 82 26 keiten
639 1051 40 26 des
704 1051 164 27 Schaffenden
901 1052 142 27 ausmacht:
1082 1052 111 27 nämlich
1225 1053 53 26 sich
1309 1054 78 25 seines

525 1090 160 26 Innenlebens
708 1090 33 27 als
763 1091 63 26 eines
841 1091 173 38 Sprungbretts
1033 1091 108 27 bewufst
1160 1101 30 17 zu
1205 1092 110 31 werden,
1336 1102 50 16 von

526 1129 57 26 dem
604 1139 43 17 aus
662 1130 50 26 wir
725 1129 43 27 das
790 1140 76 27 ganze
886 1130 140 37 praktische
1040 1131 95 31 Leben,
1154 1131 45 25 mit
1218 1131 64 26 allen
1303 1132 84 25 seinen

526 1167 110 28 direkten
649 1168 52 27 und
716 1169 93 36 groben
821 1170 123 36 Appellen
958 1180 31 15 an
1004 1179 55 22 uns,
1072 1169 157 37 überfliegen,
1241 1181 43 15 um
1299 1178 47 19 erst
1359 1171 28 25 in

525 1217 83 17 unsrer
627 1207 229 38 selbstgeformten,
874 1209 231 36 selbstgewählten,
1122 1219 47 16 nur
1187 1220 45 15 uns
1249 1211 137 34 gehörigen

525 1247 101 25 Heimat
641 1248 94 25 wieder
745 1248 56 26 Fufs
812 1258 28 16 zu
853 1248 88 26 fassen.
968 1249 26 32 Je
1008 1248 108 25 weicher
1130 1249 52 26 und
1197 1248 77 27 feiner
1288 1250 43 25 der
1342 1251 30 24 Be-

525 1286 102 26 schauer
641 1287 127 36 veranlagt
784 1289 39 29 ist,
842 1288 70 25 desto
933 1287 117 35 analoger
1064 1288 64 26 wird
1146 1289 52 26 sein
1212 1289 97 26 Genufs
1328 1289 58 25 dem

525 1326 39 25 des
580 1326 125 27 Künstlers
726 1326 97 37 gefärbt
843 1328 61 28 sein,
925 1326 37 26 bis
982 1326 45 25 ihn
1046 1337 48 16 nur
1111 1328 67 26 noch
1197 1328 39 26 ein
1255 1328 129 35 Geringes,

525 1365 126 26 vielleicht
664 1376 49 16 nur
727 1366 40 26 ein
780 1366 86 36 wenig
880 1366 153 26 technisches
1048 1368 118 30 Können,
1180 1377 59 16 vom
1254 1367 130 35 Epigonen

524 1405 192 30 unterscheidet,
737 1405 42 26 der
800 1405 150 36 selbständig
970 1405 194 27 nachschaffend
1185 1406 41 26 die
1239 1408 83 33 Wege
1342 1405 43 27 der

524 1445 82 25 Kunst
619 1444 68 36 geht.
715 1444 66 27 Aber
800 1444 144 27 andrerseits
962 1445 64 26 wird
1047 1445 87 36 gerade
1154 1445 111 30 deshalb,
1282 1444 61 27 weil
1359 1455 24 16 es

523 1483 52 26 sich
597 1483 35 27 im
650 1482 193 28 Kunstschaffen
863 1493 45 17 um
929 1485 55 25 eine
1004 1484 105 26 höchste
1127 1484 52 26 und
1198 1483 186 27 individuellste

523 1522 157 37 Aeufserung
695 1523 40 26 des
751 1524 136 25 Menschen
903 1523 110 31 handelt,
1028 1523 40 26 für
1083 1523 171 27 verschiedene
1269 1523 99 25 mensch-

523 1561 63 26 liche
601 1562 228 26 Persönlichkeiten
846 1563 66 26 beim
927 1562 111 26 Anblick
1056 1564 65 24 eines
1136 1561 167 26 Kunstwerks
1318 1562 65 25 auch

523 1601 54 25 eine
592 1611 61 26 ganz
664 1602 171 25 verschiedene
846 1602 116 26 seelische
972 1604 107 24 Nuance
1094 1600 136 37 anklingen
1244 1600 53 26 und
1311 1599 72 27 keine

522 1640 190 26 vollkommene
725 1641 263 35 Uebereinstimmung
1006 1642 36 25 im
1059 1641 175 25 innerlichsten
1249 1639 134 26 seelischen

523 1679 156 27 Geschmack
690 1681 126 26 zwischen
823 1681 88 26 Vielen
923 1680 112 36 möglich
1045 1681 60 25 sein.
1122 1681 71 24 Denn
1200 1689 54 16 was
1265 1688 29 16 zu
1306 1679 77 25 ihnen

521 1720 47 25 mit
581 1720 77 25 seiner
673 1720 137 25 Schönheit
828 1720 100 36 spricht,
949 1720 31 25 ist
996 1722 24 32 ja
1039 1719 61 26 eben
1117 1718 59 26 kein
1194 1718 188 26 berechenbares

522 1758 154 27 technisches
691 1758 162 31 Glanzstück,
867 1759 107 26 sondern
989 1759 39 25 ein
1043 1758 114 26 lebendes
1172 1757 112 30 Gebilde,
1299 1757 42 25 das
1357 1758 25 24 in

520 1797 79 35 jedem
612 1798 132 26 Einzelnen
759 1798 65 26 auch
838 1797 94 27 wieder
945 1798 52 26 sein
1011 1797 119 26 einzelnes
1145 1796 144 26 besonderes
1300 1796 82 25 Leben

521 1836 57 27 leise
599 1838 26 24 in
647 1837 65 26 seine
726 1838 83 25 Kreise
827 1837 65 26 zieht
911 1836 52 27 und
983 1837 55 25 ihm
1055 1835 188 27 schmeichelnd
1260 1836 65 24 seine
1339 1834 30 26 be-

523 1875 145 26 sondersten
681 1877 72 25 Töne
768 1875 121 27 entlockt.

579 1915 81 25 Nicht
671 1924 61 26 ganz
743 1924 27 16 so
782 1914 240 26 selbstverständlich
1031 1913 75 27 leicht
1114 1913 66 26 wird
1191 1912 42 26 das
1242 1913 139 25 Verhältnis

520 1962 53 16 von
586 1952 115 27 Technik
719 1954 51 25 und
785 1952 260 37 Gefühlsuntergrund
1065 1953 25 25 in
1111 1951 41 27 der
1171 1951 78 35 Lyrik
1267 1951 63 32 klar,
1351 1952 31 26 da

521 1990 39 26 die
572 1991 77 35 Lyrik
663 1992 53 26 ihre
730 1991 80 27 Stoffe
825 1993 77 25 selber
913 1992 78 26 schon
1006 1992 56 26 dem
1074 1990 95 28 Gefühl
1184 1991 52 26 und
1250 1991 70 26 nicht
1336 1997 46 20 erst

521 2029 43 26 der
581 2029 99 27 äufsern
694 2031 73 26 Welt
785 2033 146 29 entnimmt,
953 2031 53 26 also
1027 2030 67 26 doch
1112 2030 130 26 scheinbar
1261 2030 46 26 mit
1325 2029 56 27 dem

521 2067 148 28 stofflichen
686 2071 117 24 Interesse
821 2070 87 26 bereits
927 2070 64 26 auch
1009 2070 41 26 das
1066 2068 221 28 Gefühlsinteresse
1302 2069 79 26 durch

521 2107 53 26 ihre
602 2107 328 29 technisch-künstlerische
954 2112 195 33 Wortprägung
1176 2107 205 37 zurückdrängen

521 2145 76 31 mufs,
619 2146 56 26 will
694 2148 35 24 sie
746 2148 39 25 die
806 2148 96 35 gleiche
921 2149 52 25 rein
990 2148 147 26 ästhetische
1151 2148 77 25 Höhe
1247 2147 134 30 erreichen,

521 2185 51 26 wie
586 2185 27 25 in
627 2184 43 27 der
685 2185 60 26 eben
763 2187 176 34 geschilderten
954 2187 131 35 Wirkung
1101 2187 127 26 bildender
1243 2189 81 23 Kunst
1338 2195 29 26 ge-

521 2224 104 26 schieht.
653 2223 66 27 Aber
734 2225 24 25 in
774 2225 182 27 Wirklichkeit
970 2227 31 25 ist
1016 2228 64 24 auch
1095 2227 35 24 im
1145 2225 102 36 Lyriker
1261 2225 42 26 der
1317 2227 48 23 Vor-

521 2272 66 26 gang
602 2272 61 26 ganz
678 2262 117 32 derselbe,
810 2264 66 26 denn
887 2265 135 36 diejenigen
1034 2264 109 28 Gefühle
1154 2274 50 17 von
1215 2265 47 25 den
1273 2265 108 34 Dingen,

521 2302 81 25 denen
617 2310 25 17 er
660 2301 65 26 seine
745 2300 79 28 Stoffe
841 2305 142 29 entnimmt,
998 2305 52 25 und
1068 2305 40 25 die
1126 2305 25 25 in
1170 2305 91 24 seinem
1276 2304 106 26 Gedicht

522 2341 178 35 ebensowenig
714 2339 264 29 stofflich-realistisch
993 2344 79 26 reizen
1086 2342 97 31 dürfen,
1199 2344 50 25 wie
1263 2349 66 19 etwa
1343 2343 39 25 die

522 2379 124 36 gemalten
664 2378 88 37 Aepfel
774 2380 25 24 in
820 2381 81 25 einem
918 2382 135 32 Stillleben,
1074 2382 55 27 sind
1149 2382 79 36 völlig
1248 2392 29 16 zu
1298 2388 71 19 unter-

522 2418 115 27 scheiden
655 2428 53 16 von
726 2418 47 25 den
792 2417 84 27 feinen
891 2421 170 30 Sensationen,
1079 2421 40 27 die
1138 2421 66 26 beim
1219 2421 108 26 Dichten
1341 2420 41 26 des

522 2456 91 28 Stoffes
627 2457 53 26 sich
694 2467 42 16 aus
751 2457 78 26 seiner
840 2458 66 25 Seele
919 2459 70 26 lösen
1003 2460 52 26 und
1069 2471 47 16 nur
1127 2460 143 36 verglichen
1281 2459 101 27 werden

522 2498 104 25 können
644 2496 48 26 den
711 2495 81 36 farbig
807 2500 118 31 getönten
945 2498 60 26 oder
1018 2498 133 28 linienhaft
1166 2499 216 36 geschwungenen

521 2536 164 27 Sensationen
706 2535 40 26 des
768 2534 133 27 bildenden
922 2537 135 27 Künstlers.
1091 2541 50 23 Der
1161 2537 226 27 Gefühlsvorwurf

521 2576 84 31 selbst,
625 2575 35 26 sei
678 2585 25 16 er
717 2574 111 27 welcher
846 2584 25 16 er
884 2575 87 31 wolle,
992 2576 66 26 stellt
1076 2578 63 25 auch
1159 2575 41 28 für
1218 2577 47 26 den
1280 2576 103 36 Lyriker

522 2625 48 17 nur
591 2615 71 26 einen
679 2613 101 31 Anlafs,
802 2614 54 25 eine
874 2614 126 27 dankbare
1018 2615 287 36 Gelegenheitsursache,
1330 2615 52 32 dar,

522 2665 44 16 um
581 2653 48 28 auf
640 2653 57 27 dem
711 2653 103 30 breiten,
829 2652 84 27 klaren
928 2653 172 37 Hintergrund
1114 2654 135 37 gegebener
1264 2654 118 32 Gefühle,

521 2702 68 19 etwa
608 2695 66 25 einer
693 2691 224 28 landschaftlichen
936 2692 60 27 oder
1013 2694 137 25 erotischen
1169 2695 151 30 Träumerei,
1343 2694 39 26 die

1469 390 137 32 intimsten,
1631 397 117 20 zartesten
1770 389 99 30 Farben,
1893 390 41 25 die
1954 389 131 25 seltsamen
2104 382 53 29 und
2176 379 117 37 geheimm

1470 429 84 27 vollen
1581 431 107 25 Zeichen
1716 429 127 27 seelischer
1870 427 205 37 Ergriffenheiten
2107 417 158 33 aufleuchten

1470 468 87 31 lassen,
1571 469 40 26 die
1626 480 30 15 an
1671 469 52 26 sich
1738 467 126 28 vielleicht
1877 467 86 27 weder
1977 467 46 25 mit
2035 458 149 33 Landschaft
2197 456 63 28 noch
2275 458 21 17 m

1469 507 90 26 Erotik
1578 508 49 26 viel
1647 518 30 16 zu
1697 506 111 28 schaffen
1827 506 91 31 haben,
1938 506 60 26 weil
2016 506 35 25 sie
2068 502 67 28 noch
2152 506 60 30 ganz
2230 494 48 25 dun

1470 546 162 27 unbestimmt
1650 548 25 25 in
1695 548 53 24 ihm
1766 546 147 36 schwingen
1932 544 53 27 und
2004 544 126 27 vibrieren.
2158 539 65 24 Vom
2240 539 21 18 t>

1469 586 76 25 seines
1563 587 159 25 technischen
1743 588 120 23 Könnens
1884 584 67 27 mufs
1972 594 23 16 es
2016 583 65 26 dann
2099 582 35 24 im
2148 575 122 30 wesenthc

1469 624 140 36 abhängen,
1624 626 64 25 diese
1701 625 165 26 Vibrationen
1881 623 51 26 und
1948 622 204 35 Schwingungen
2169 615 75 27 seiner
2272 616 10 16 e

1468 663 166 28 künstlerisch
1653 664 121 27 wirksam
1793 673 30 16 zu
1848 663 105 25 machen
1978 661 51 27 und
2053 660 33 27 sie
2108 659 77 25 damit
2205 659 41 19 aus

1468 702 162 27 Keimhaften
1644 704 63 25 ihres
1721 702 207 36 ursprünglichen
1940 699 135 28 Zustandes
2090 699 24 25 in
2130 695 87 26 ebenso
2228 693 29 23 lic
2309 700 6 10 >

1468 742 151 26 vollendetes
1628 742 80 26 Leben
1720 752 29 16 zu
1761 741 103 30 rücken,
1876 742 51 25 wie
1934 749 77 18 wenn
2019 740 34 25 im
2061 732 211 32 nichtkünstlerisc

1468 782 137 25 Menschen
1614 782 39 25 ein
1662 780 95 28 Gefühl
1765 781 25 25 in
1801 781 66 25 einer
1875 781 54 24 ihm
1937 779 98 26 absolut
2043 778 137 34 adäquaten
2188 767 129 30 Handlung

1467 820 66 26 rund
1546 821 194 36 herausspringt,
1762 820 59 26 oder
1838 820 53 25 sich
1908 828 30 16 zu
1957 820 66 24 einer
2040 816 104 27 säubern
2158 813 70 24 Kette
2242 811 51 25 rog

1467 859 118 36 richtiger
1596 858 347 36 Gedankenverknüpfungen
1955 857 85 26 restlos
2052 848 207 34 auseinandergüe
2278 850 10 15 e
2310 855 5 6 •

1467 898 67 26 Aber
1545 898 39 26 die
1594 898 122 31 Technik,
1728 898 40 26 die
1780 898 57 25 dem
1848 897 117 26 Künstler
1975 897 63 26 dazu
2049 891 109 30 verhilft,
2169 891 29 24 ist
2209 886 90 26 dennoC

1467 937 27 26 in
1512 937 86 27 keiner
1612 938 87 26 Weise
1717 937 124 26 identisch
1858 937 47 25 mit
1922 936 56 26 dem
1997 936 83 24 reinen
2094 931 152 27 Kunstwert,
2281 927 11 15 e

1467 977 83 26 reinen
1562 976 165 27 ästhetischen
1739 978 74 24 Wert
1823 975 77 26 seines
1911 974 117 30 Werkes,
2040 974 63 24 denn
2115 970 39 27 die
2169 963 123 30 Grundtor

1467 1016 135 31 desselben,
1617 1025 33 16 an
1664 1015 41 26 der
1719 1015 41 26 die
1770 1014 114 27 Technik
1899 1014 111 29 arbeitet,
2025 1011 66 28 wird
2105 1003 156 33 unmittelbar
2274 1003 31 19 mi

1467 1055 56 26 dem
1538 1054 99 27 tiefsten
1652 1055 53 25 und
1720 1053 176 27 innerlichsten
1911 1051 188 28 Gefühlsinhalt
2113 1047 143 29 miterzeugt
2269 1046 15 16 u

1467 1095 31 24 ist
1512 1094 71 26 nicht
1597 1102 78 18 etwas
1689 1103 62 27 ganz
1762 1092 42 27 für
1813 1092 60 27 sich.
1895 1092 75 26 Auch
1981 1091 39 26 die
2032 1087 126 29 technisch
2169 1080 134 40 glänzendst

1467 1132 164 27 Aufsenform
1645 1132 69 26 kann
1728 1141 49 17 nur
1788 1130 111 38 packend
1911 1141 42 16 am
1963 1130 155 27 Packenden,
2133 1124 136 28 bedeutsam
2281 1123 10 15 a

1466 1172 178 26 Bedeutsamen
1658 1171 99 27 wirken
1772 1171 52 25 und
1838 1171 43 25 hat
1897 1169 89 27 keinen
2002 1169 91 26 andern
2108 1163 102 30 Zweck,
2227 1163 32 21 als

1467 1212 43 25 der
1524 1211 185 35 Vermittelung
1724 1227 34 3 —
1774 1219 67 17 zwar
1854 1210 72 25 nicht
1939 1207 154 31 stofflicher,
2113 1202 72 30 wohl
2203 1199 54 26 aber
2270 1198 35 20 see

1466 1251 89 26 lischer
1566 1250 185 29 Kunstinhalte,
1766 1249 73 25 deren
1849 1250 75 24 Wert
1938 1247 53 26 sich
2004 1246 77 27 daher
2091 1246 87 25 letzten
2190 1236 84 30 Endes,
2288 1236 27 19 an

1466 1290 86 35 irgend
1561 1290 80 25 einem
1650 1289 88 26 letzten
1743 1287 83 27 Punkt
1834 1288 65 25 ihrer
1904 1287 164 35 Entstehung,
2075 1284 62 27 nach
2147 1281 55 26 dem
2209 1286 25 17 rh
2236 1279 52 21 ensC

1465 1329 83 26 liehen
1562 1330 75 25 Wert
1652 1327 108 27 bemifst.
1788 1329 33 24 Ist
1839 1327 64 25 auch
1922 1327 42 24 der
1979 1324 148 38 eigentliche
2141 1314 161 39 schöpferisch

1464 1367 96 27 Prozefs
1580 1368 36 26 im
1631 1367 117 26 Künstler
1761 1373 79 19 etwas
1854 1375 48 16 nur
1915 1366 54 25 ihm
1983 1363 179 37 Zugehöriges,
2181 1367 26 17 so
2223 1355 53 24 beru

1464 1417 25 16 er
1504 1406 52 27 sich
1571 1406 68 27 doch
1658 1416 31 16 an
1707 1406 93 25 diesem
1818 1405 133 25 seelischen
1965 1397 227 40 Entstehungsherd
2207 1400 44 21 mit

1464 1445 215 37 Ausgangspunkt
1693 1445 117 25 höchster
1825 1443 180 26 menschlicher
2015 1443 149 33 Leistungen
2179 1433 120 28 überhaup
2307 1433 8 49 •

1463 1485 103 26 Freilich
1578 1485 70 26 nicht
1659 1484 35 26 im
1706 1484 60 26 Sinn
1778 1483 86 35 irgend
1877 1483 109 25 welches
1997 1479 191 37 hergebrachten
2199 1470 101 30 sittliche

1463 1523 175 31 Wertmafses,
1656 1522 43 27 das
1717 1523 46 26 mit
1777 1522 79 27 Recht
1870 1520 49 28 auf
1930 1521 42 26 das
1986 1519 183 36 Energischeste
2187 1510 129 32 zurückge;

1462 1563 95 26 wiesen
1572 1562 66 27 wird
1656 1562 52 26 und
1727 1572 24 16 es
1770 1560 125 28 vielleicht
1914 1559 47 27 auf
1977 1560 57 26 dem
2048 1558 128 27 Gewissen
2196 1553 50 25 hat,

1463 1612 60 16 man
1541 1602 40 25 die
1599 1601 178 26 künstlerische
1795 1599 197 27 Persönlichkeit
2011 1608 51 17 von
2079 1597 42 26 der
2139 1586 176 35 menschlichen

1462 1641 40 25 oft
1523 1642 45 24 mit
1586 1640 165 28 Bewufstsein
1771 1646 103 19 trennen
1892 1638 65 30 will,
1979 1638 66 26 ohne
2062 1646 31 17 zu
2111 1632 136 33 überlegen,

1462 1680 72 26 rasch
1553 1689 59 17 man
1629 1681 40 25 ihr
1688 1679 79 26 damit
1785 1678 39 26 die
1838 1677 122 27 Wurzeln
1976 1676 110 37 abgräbt.
2114 1672 72 28 Auch
2200 1670 34 24 im
2248 1667 53 28 soge-

1462 1726 110 19 nannten
1594 1719 126 26 sittlichen
1738 1717 99 31 Gebiet,
1859 1715 90 38 gefafst
1970 1716 35 26 als
2023 1715 42 27 das
2083 1713 87 28 Gebiet
2189 1708 40 26 der
2246 1708 39 32 pr*

1463 1758 95 26 tischen
1579 1757 291 35 Lebensbethätigungen
1895 1756 36 25 im
1952 1758 136 33 Gegensatz
2112 1762 29 16 zu
2165 1748 45 27 den
2234 1748 32 21 kv

1462 1797 135 30 krischen,
1622 1798 127 25 entstehen
1770 1794 169 37 schöpferisch
1960 1791 196 37 hervorragende
2177 1788 84 26 Mensc
2307 1792 7 12 »

1463 1836 23 26 d.
1502 1837 26 26 h.
1550 1836 86 26 solche
1654 1835 146 29 Menschen,
1821 1835 74 25 deren
1912 1834 77 25 Thun
2009 1833 80 26 durch
2106 1831 38 26 die
2162 1827 68 26 dann
2249 1825 36 22 rea
2296 1822 10 16 i-

1462 1875 88 26 sierten
1574 1875 130 26 intimsten
1727 1873 174 37 persönlichen
1924 1873 141 25 Initiativen
2092 1864 148 33 vorbildlich
2266 1865 15 17 u

1462 1914 170 36 wegweisend
1655 1913 91 31 wirkt;
1778 1914 34 25 sie
1840 1913 142 25 erwachsen
2018 1920 43 17 aus
2093 1917 62 29 ganz
2182 1906 79 24 demse

1462 1953 202 37 schöpferischen
1678 1951 217 36 Wesensgrunde,
1909 1951 56 26 aber
1980 1951 64 25 nach
2058 1958 62 27 ganz
2134 1947 42 25 der
2190 1945 84 30 entgeg

1462 1999 121 29 gesetzten
1589 1992 226 34 Wesensrichtung
1822 1991 51 26 wie
1880 1991 42 25 das
1931 1988 178 27 künstlerische
2115 1984 85 29 Genie.

1461 2032 32 25 ist
1506 2031 41 26 die
1561 2030 155 37 Richtigkeit
1736 2030 41 26 der
1792 2029 156 35 Bemerkung
1965 2025 225 29 zurückzuführen,
2210 2017 52 28 dals

1462 2070 117 26 Künstler
1593 2071 26 25 in
1634 2071 93 25 seinem
1742 2068 118 27 Handeln
1874 2068 65 26 nach
1953 2068 82 25 einem
2048 2064 137 28 besondern
2196 2057 65 28 Mals
2275 2059 15 26 g

1462 2119 93 16 messen
1575 2109 102 26 werden
1698 2107 79 33 mufs,
1801 2108 65 26 denn
1888 2107 25 26 in
1934 2107 42 26 der
1994 2107 66 25 That
2078 2103 67 38 giebt
2165 2110 25 17 er
2213 2098 63 25 dasse

1461 2147 207 37 Kraftquantum,
1683 2147 118 27 worüber
1815 2157 33 20 er,
1867 2146 40 26 bei
1921 2146 103 26 anderer
2036 2143 182 34 Veranlagung,
2236 2135 65 24 inner

1462 2187 58 27 halb
1535 2188 41 25 der
1595 2187 158 37 praktischen
1770 2185 292 36 Lebensbethätigungen
2082 2180 120 36 verfügen
2221 2179 54 21 wur
2304 2182 8 12 »

1462 2228 46 24 mit
1523 2227 135 35 möglichst
1676 2226 112 26 restloser
1803 2224 155 37 Hingebung
1975 2234 31 16 an
2020 2219 179 30 künstlerische
2213 2212 57 28 Lebe

1462 2266 100 26 zwecke
1577 2276 43 15 aus
1635 2265 50 26 und
1699 2265 85 25 besitzt
1799 2264 87 36 gerade
1900 2263 71 26 darin
1986 2263 46 26 den
2045 2262 54 26 ihm
2110 2256 157 39 eigentümlic

1462 2305 73 27 Adel.
1559 2305 60 26 Wir
1633 2304 86 26 leisten
1732 2301 169 38 naturgemäfs
1916 2302 57 26 Alle
1987 2311 40 17 am
2041 2301 104 27 meisten
2159 2297 39 28 da,
2213 2300 42 19 wo

1462 2354 101 16 unsenn
1577 2342 220 37 Produktivpunkt
1815 2352 39 16 am
1868 2342 119 26 nächsten
2001 2340 129 30 kommen,
2149 2334 51 28 und
2218 2333 59 24 thun

1462 2393 44 16 um
1521 2393 28 16 so
1563 2383 153 26 menschlich
1731 2383 155 28 vornehmer,
1900 2383 22 33 je
1937 2379 182 27 entschiedener
2133 2377 48 26 wir
2196 2381 29 18 an
2238 2376 21 28 je

1462 2422 93 26 andern
1568 2422 95 30 Punkt,
1682 2421 131 36 gleichviel
1831 2419 41 27 für
1891 2421 51 25 wie
1959 2419 145 26 autoritativ
2119 2427 24 16 er
2161 2413 53 37 gilt,
2234 2416 30 17 un
2267 2412 8 35 ?
2278 2411 10 15 e
2288 2411 8 49 ,
2304 2442 8 18 t

1462 2461 71 26 letzte
1544 2461 153 36 Hingebung
1710 2460 53 26 und
1775 2460 117 26 Andacht
1907 2459 162 35 verweigern,
2084 2472 37 5 —
2135 2455 65 26 denn
2213 2458 22 16 es
2250 2451 23 29 gl

1462 2499 41 27 für
1523 2510 47 16 uns
1591 2510 48 16 nur
1656 2499 65 27 diese
1738 2499 60 26 Eine
1815 2499 109 26 schmale
1938 2496 94 31 Pforte,
2047 2506 44 16 um
2109 2494 60 27 über
2186 2497 44 20 uns
2245 2492 22 18 se

1462 2539 203 36 hinauszugehen
1687 2538 51 27 und
1760 2548 44 16 um
1826 2538 150 35 einzugehen
1997 2537 28 25 in
2045 2536 42 26 das
2108 2532 78 28 Reich
2207 2536 31 18 un

1462 2576 72 28 Kraft
1547 2578 53 26 und
1615 2578 40 26 die
1666 2576 176 28 Herrlichkeit.
1870 2579 33 24 So
1918 2576 68 26 kann
1999 2576 69 25 recht
2081 2572 73 28 wohl
2169 2570 38 26 ein

1462 2618 26 25 in
1512 2617 159 26 vollendeten
1694 2615 185 28 Kunstwerken
1904 2616 176 34 Stimmungen
2107 2621 56 17 zum
2187 2605 94 30 Ausdru

1462 2656 112 36 bringen,
1593 2656 40 26 die
1651 2657 25 25 in
1691 2655 170 37 Handlungen
1881 2665 29 16 zu
1928 2654 142 35 bethätigen
2089 2662 24 16 er
2130 2649 53 28 sich
2196 2647 34 24 im
2244 2650 13 27 p
2260 2648 9 16 r

1463 2696 94 25 tischen
1572 2695 82 26 Leben
1669 2696 34 25 als
1717 2693 109 38 unfähig
1840 2695 107 29 erweist,
1961 2692 66 31 aber,
2045 2691 83 28 sofern
2141 2699 24 16 es
2179 2683 99 30 wahrha

1503 2888 0 0 178
