4873 6895
41 6789 306 49 Verantworte
368 6794 73 45 ffir
462 6795 71 45 die
553 6796 334 57 Schriftleitnng
907 6797 44 45 in
969 6796 475 57 Österreich-Ungarn:
1466 6799 102 46 Otto
1599 6799 147 54 Soyka
1764 6799 14 61 /
1796 6799 311 53 Auslieferung
2127 6801 73 45 für
2220 6801 454 56 Österreich-Ungarn
2696 6804 48 45 A.
2766 6802 426 47 Mfihlhans-Smital
3211 6802 127 46 Wien
3369 6802 52 45 IX
3437 6804 16 48 /
3470 6802 88 46 PSr
3579 6803 85 45 den
3687 6803 310 46 Buchhandel:
4018 6804 57 45 M.
4099 6804 343 54 Braunschweig
4460 6804 124 45 Wien
4605 6804 51 45 IX

4689 6806 78 44 121

132 104 43 47 6
222 104 273 46 Prozent
543 102 257 48 Rabat!!
2148 104 43 47 6
2239 105 272 47 Prozent
2557 105 258 48 Rabat!!

2230 198 46 45 D.
2307 199 45 43 R.
2386 198 156 45 Patent
2580 212 152 33 ::::::::

2230 287 150 34 ::::::::
2419 275 47 45 D.
2507 276 43 45 R.
2589 276 46 46 G.
2676 276 56 45 M.

2230 368 23 28 ::
2284 353 399 53 Auslaodspatente
2705 368 26 30 ::

132 423 559 65 Kochstrasse
744 422 106 64 75
903 422 384 64 BERLIN
1338 423 159 65 SW
1551 423 207 63 Ecke
1807 422 681 66 Wilhelmstrasse

214 195 212 42 Ehrenpreis
491 195 64 33 der
618 195 99 34 Stadt

352 237 119 34 Berlin
498 238 81 33 1906

215 323 224 34 Ehrenkreuz
464 323 72 33 und
559 322 156 42 goldene

326 365 170 34 Medaille
521 366 81 33 1908

1170 322 300 71 mOlhan
1509 339 47 52 &
1592 337 193 54 voss

838 704 43 17 m\r\

551 714 21 13 U.I-

971 605 16 16 -•
1000 608 16 18 •

971 644 16 17 •
999 647 18 18 •

1099 581 202 86 Kein
1363 579 485 88 Umbetten!
1932 608 43 59 ::

412 892 268 44 Chaiselongue

971 738 135 58 Kein
1145 738 291 59 Abriicken
1475 755 114 41 von
1626 740 98 56 der
1768 738 207 59 Wand!

1025 909 139 54 Jedes
1196 909 199 43 Zimmer
1426 911 121 41 kann
1578 910 45 41 in
1662 914 44 43 1/2
1741 908 177 43 Minute

1026 965 69 42 als
1128 964 344 45 Schlafzimmer
1503 967 193 42 benutzt
1730 965 187 42 werden

403 1475 275 43 Verwandlung

124 1541 41 33 11.
190 1541 194 36 Geschaft:
413 1544 205 35 Lutzowstr.
636 1547 53 40 91,
716 1556 43 23 an
777 1547 65 32 der
861 1547 100 33 Pots-

206 1584 229 36 damerstr.::
452 1588 167 42 Fernspr.
644 1588 81 33 Amt
741 1591 31 39 6,
798 1592 83 30 7197

2351 952 85 33 Sofa

1148 1512 232 35 fiiiiiafeiiirriiiijiiiiiii
1391 1512 94 38 r,.....
1497 1512 159 38 WaWiß®

1431 1591 79 32 Bett

2255 1505 274 43 Verwandlung

2014 1556 59 32 111.
2096 1555 194 35 Geschaft:
2321 1555 251 43 Konigstrasse
2596 1557 32 40 7,
2660 1557 117 32 neben

2099 1598 142 34 Israel::
2259 1598 168 43 Fernspr.
2454 1598 83 33 Amt
2561 1599 25 40 I,
2609 1601 82 31 7364

199 1725 23 15 IU

727 2341 29 23 a

351 2430 167 45 Gustav
539 2431 54 53 Z.,
614 2434 55 43 48
689 2434 132 54 Jahre

419 2488 215 54 Photogr.
671 2501 73 31 am

421 2544 63 44 10.
506 2545 103 54 Juni
633 2546 109 43 1908

1260 2297 32 20 «•

1077 2433 166 43 Gustav
1264 2431 57 52 Z.,
1341 2432 55 43 48
1416 2431 132 55 Jahre

1148 2490 218 53 Photogr.
1405 2498 73 32 am

1153 2548 64 41 11.
1235 2547 115 42 Nov.
1373 2543 106 44 1908

491 2690 691 115 Gebrauchen
1257 2693 172 112 Sie

124 2829 234 55 Zubeils
400 2832 611 56 Rossmark-Pomade
1050 2837 32 49 a
1121 2832 165 54 Mark
1324 2874 11 12 .
1413 2873 10 11 .
1501 2834 47 61 1,
1551 2862 87 31 —,
1677 2834 50 59 2,
1733 2862 64 6 —

124 2900 235 56 Zubeils
400 2903 323 54 Haarmilch
762 2918 105 39 zur
905 2903 348 68 Haarpflege
1324 2944 275 13 ....
1673 2905 124 62 1,75

122 2969 237 56 Zubeils
403 2971 441 57 Crinol-Creme
1677 2974 50 59 3,
1731 3003 69 5 —

123 3051 79 33 zur
240 3040 361 55 Gesichtspfiege.
641 3044 343 43 Gesichtsfalten
1024 3043 234 55 (Runzeln)
1297 3043 336 44 verschwinden
1671 3044 129 40 unter

125 3097 213 44 Garantie
367 3099 44 42 in
435 3100 121 41 einer
587 3099 151 44 Nacht.

57 3201 6 14 >
126 3167 237 55 Zubeils
411 3170 331 55 Rossmark.
767 3199 24 11 -
812 3170 352 67 Einreibung
1208 3174 32 50 &
1286 3170 164 52 Mark
1497 3172 138 59 1,50,
1680 3170 119 62 2,50

127 3237 110 42 wird
264 3249 89 31 von
375 3238 182 44 Aerzten
581 3240 251 52 empfohlen
857 3240 87 42 and
968 3240 67 43 bei
1058 3241 198 49 Reissen,
1280 3240 374 49 Rbeumatismus,
1677 3237 123 45 Gicht

126 3293 254 55 verordnet,
423 3294 195 54 beseitigt
661 3296 67 42 die
767 3296 268 44 Schmerzen
1076 3297 153 42 sofort.
1300 3295 244 52 Verlangen
1584 3295 64 42 sie
1693 3294 107 43 aber

127 3359 83 32 our
229 3359 157 34 unsere
396 3349 183 49 Artikel,
599 3363 65 31 wo
681 3363 135 32 unser
833 3351 391 45 Reklame=Plakat
1239 3353 61 42 im
1318 3352 315 43 Schaufenster
1650 3350 149 53 hangt.

297 3435 152 42 Durch
488 3436 26 41 5
536 3436 175 54 jahrige
740 3436 254 53 Erfahrung
1039 3437 103 42 sind
1179 3437 81 42 wir
1297 3438 44 41 in
1381 3438 83 43 der
1501 3437 130 52 Lage,

299 3492 136 42 Ihnen
482 3492 119 42 auch
648 3492 75 43 bei
769 3493 336 54 vollstandiger
1150 3493 368 55 Kahlkopfigkeit
1562 3493 71 43 flir

295 3547 159 43 Ersatz
485 3560 56 31 zu
573 3548 303 54 garantieren.
933 3549 93 43 Wir
1054 3550 163 41 zahlen
1254 3551 139 43 Ihnen
1424 3551 88 42 den
1545 3551 83 44 Be-

293 3606 102 51 trag
433 3604 180 52 zuriick,
660 3616 131 31 wenn
825 3604 76 44 Sie
933 3607 117 41 nach
1084 3604 550 59 Gebrauchsanweisung

293 3660 256 53 verfahren,
568 3661 93 41 und
678 3660 164 45 keinen
863 3661 152 55 Erfolg
1032 3663 162 42 haben.
1216 3663 83 43 Wo
1319 3663 121 44 nicht
1462 3665 168 43 erhMlt-

296 3717 90 42 lich
427 3717 141 43 durch
601 3717 149 43 Boten
789 3718 83 43 frei
906 3718 126 44 Haus
1070 3719 116 43 oder
1224 3731 83 42 per
1335 3720 297 45 Nachnahme

126 3784 528 91 GUSTAV
722 3787 477 91 ZUBEIL
1274 3790 101 95 U.
1446 3790 353 88 SOHN

435 3899 151 43 Berlin
618 3900 110 44 NW.
772 3900 345 46 Wiclefstrasse
1148 3904 55 40 24
1263 3901 67 55 (11,
1361 3903 130 55 2347)

36 4082 314 87 Internal
388 4082 527 110 Patentbureau,
942 4123 158 64 gegr.
1142 4108 174 78 1893,
1338 4086 544 88 Fitte&Theune

40 4192 213 71 Berlin
321 4194 171 71 S.W.
524 4196 81 69 48
658 4194 455 75 Friedrichstr.
1169 4197 122 72 230
1364 4197 134 72 Tel.
1531 4196 109 73 6a.
1682 4196 192 73 18981

39 4275 172 48 Ausarb.
243 4287 79 35 ?on
355 4278 391 56 Erfindungsideen.
778 4280 391 58 Patentanmeldung
1190 4282 28 45 i.
1243 4281 70 46 all.
1335 4280 201 47 Llndern.
1588 4282 130 44 Mass.
1739 4281 142 46 Preise

40 4333 119 45 Keine
183 4333 360 57 Haehzablungen.
589 4335 192 46 Sehnelle
814 4336 264 59 Yerwertung
1115 4348 79 36 you
1227 4338 192 46 Patenten
1451 4346 35 37 o.
1512 4337 102 56 jegl.
1646 4337 237 46 Yorsehuss

38 4417 36 19 *r
177 4423 11 15 .
204 4420 18 40 |
281 4418 43 21 i.
379 4420 18 40 |
541 4392 245 43 welches.
809 4393 29 44 112.
870 4394 291 54 Beteiligung
1192 4407 58 29 an
1283 4396 41 40 d.
1348 4395 305 52 Husbeutung
1675 4406 94 30 von
1791 4395 90 41 Pa-

40 4436 120 80 Kail
234 4445 27 71 a
340 4446 26 70 S
410 4445 73 71 PH
539 4451 161 38 tenten
744 4449 226 54 interess.,
1007 4451 147 42 bitten
1199 4451 85 42 wir
1322 4462 74 30 um
1428 4451 99 41 Ihre
1559 4450 215 53 Rdresse,
1808 4462 73 30 um

38 4492 121 65 lillJJ
175 4502 14 31 i
207 4492 57 42 111
280 4492 86 42 110
383 4492 121 58 lull;
538 4504 255 46 kostenlos.
811 4506 290 44 unvcrbindl.
1123 4506 248 55 flngebote
1390 4507 193 41 machen
1601 4506 282 45 z.konnnen.

35 4659 182 76 Wer
260 4661 149 74 den
443 4661 242 76 Inhalt
746 4663 252 78 dieses
1057 4666 298 76 Blattes

404 6100 153 51 weiss
595 6098 143 64 auch,
777 6098 158 54 welch
974 6099 201 54 hohen
1212 6099 150 54 Wert
1406 6099 87 54 die

405 6182 266 54 Mitarbeit
698 6182 96 54 des
820 6182 675 55 Reklame-Fachmannes

405 6265 78 54 fur
503 6266 389 54 Industrielle
909 6268 106 52 und
1034 6267 332 53 Kaufleute
1383 6265 111 55 hat!

405 6348 154 55 Einer
619 6351 95 52 der
775 6352 382 54 bekanntesten
1223 6351 273 53 Reklame-

405 6432 240 55 Anwalte
702 6437 67 50 ist
824 6435 161 65 Oms,
1047 6436 171 53 Berlin
1228 6433 266 69 -Steglitz.

405 6515 299 70 Verlangen
733 6517 91 54 Sie
844 6549 69 6 —
933 6529 150 44 unter
1110 6519 387 68 gleichzeitiger

407 6598 340 70 Einsendung
812 6623 105 32 von
979 6602 387 68 Unterlagen
1427 6633 68 7 —

405 6701 251 28 =—
692 6684 265 69 Flugblatt
1244 6707 252 26 =—

2097 1907 217 139 Die
2351 1904 410 142 fackel

2234 2186 416 36 HERAUSGEBER

2239 2244 147 50 Karl
2430 2244 211 50 Kraus

2187 2441 264 57 Mummer
2500 2440 189 59 303/4

2185 2554 178 42 soeben
2411 2553 276 44 erschienen

2254 2646 132 42 Preis
2419 2647 53 41 50
2510 2645 104 55 Pfg.

2100 2916 261 55 Oberall
2400 2918 365 54 erhAltlich

2180 3169 225 34 Werbeband
2450 3171 64 32 der
2555 3170 125 33 Fackel

2179 3225 46 35 50
2246 3225 76 42 Pfg.
2358 3228 63 31 210
2443 3226 117 34 Seiten
2584 3227 97 33 stark

2144 3496 242 93 JEDE
2439 3496 279 78 FRAU

2012 3605 87 42 lese
2131 3606 69 42 die
2231 3605 191 55 Stoning
2452 3608 77 41 der
2560 3607 183 42 Periode

2013 3660 424 57 Selbstbehandlung
2463 3680 83 24 von
2562 3663 95 42 Dr.
2673 3663 177 43 Lewis

2014 3715 117 45 Statt
2162 3717 20 42 1
2217 3718 86 42 Mk.
2329 3735 78 25 nur
2437 3717 53 43 50
2520 3719 64 42 Pf.
2616 3721 40 41 in
2678 3720 168 42 Briefm.

2011 3772 65 43 H.
2087 3772 272 48 Streubel,
2370 3774 140 42 Berlin
2521 3775 52 42 16
2582 3776 31 40 F
2616 3783 175 35 ranzstr.

2038 3985 201 76 DER
2258 3987 576 76 DEMOKRAT

2039 4087 336 45 Wochenschrift
2436 4091 66 41 fur
2560 4091 274 42 freiheitliche

2039 4143 156 44 Politik
2219 4145 13 38 /
2254 4144 138 44 Kunst
2414 4147 87 40 und
2522 4146 312 44 Wissenschaft

2097 4311 245 44 Erscheint
2366 4314 148 52 jeden
2535 4314 244 44 Mittwoch

2039 4479 228 44 Nummer
2296 4482 55 42 10
2381 4480 71 44 Pf.
2473 4482 16 53 /
2519 4481 204 52 Quartal
2743 4483 46 42 M
2809 4485 23 40 1

2040 4550 362 44 Probenummern
2424 4552 79 42 frei
2533 4553 42 42 d.
2601 4551 54 45 G.
2684 4552 152 55 Zepler

2040 4611 367 58 Charlottenburg
2436 4614 295 45 Bismarckstr.
2755 4617 79 42 103

2161 5033 174 77 DIE
2407 5035 296 76 NEUE

2158 5143 543 80 SECESSION

2388 5504 85 85 V

2116 5966 282 56 Ausstellung-
2424 5968 321 54 abg-ewiesener

2176 6037 206 43 Kiinstler
2398 6037 78 43 der
2492 6037 189 43 Berliner

2244 6105 229 44 Secession
2512 6107 108 43 1910

2340 6178 49 41 in
2420 6177 91 43 der

2117 6273 173 45 Galerie
2335 6274 409 44 MAXIMILIAN

2116 6344 240 43 MACHT
2384 6344 312 45 Rankestrasse
2718 6346 21 42 1

2116 6431 54 26 an
2215 6416 78 41 der
2340 6414 155 44 Kaiser
2542 6415 200 45 Wilhelm

2117 6483 437 46 Gedachtnis-Kirche
2590 6501 26 28 ::
2655 6503 23 27 ::
2718 6504 24 26 ::

3494 582 125 183 1

3585 119 232 137 *y\nouje
3864 111 124 87 o/HJ

3587 333 237 149 ■#

3939 541 232 71 (Xaajxu

4183 570 142 83 02

3861 677 227 88 SuJLtX*
4153 701 30 62 J

4150 847 23 12 -
4458 846 37 39 4|

4381 1130 120 58 HI

3049 1339 284 118 Berliner
3357 1342 576 118 Konservatorium
3956 1345 105 115 fur
4078 1345 285 119 Theater
4386 1352 126 112 und
4542 1349 224 115 Musik

3543 1483 296 44 DIREKTOR
3872 1483 50 44 C.
3954 1483 42 43 A
4042 1485 230 44 SACHSE

3048 1537 256 53 BERLIN
3342 1539 49 52 N
3425 1540 66 52 39
3538 1560 31 32 ::
3615 1540 494 54 Miillerstrasse
4148 1544 101 51 178
4289 1543 476 68 (Weddingplatz)

3557 1608 707 78 THEATER-SCHULE

3281 1706 366 69 Vollstandige
3668 1707 339 70 Ausbildung
4034 1709 78 53 fur
4131 1710 400 71 Schauspiel,

3284 1777 197 67 Oper,
3524 1778 340 66 Operette,
3904 1780 205 52 Posse
4148 1782 105 51 und
4289 1782 245 54 Ballett

3357 1860 1102 78 VARIETE-THEATER=SCHULE

3276 1945 287 65 Komiker-,
3591 1945 341 55 Soubretten-
3958 1948 105 53 und
4088 1948 452 56 Artisten-Schule

3692 2032 66 42 12
3790 2030 335 45 Fachlehrer

3050 2096 181 44 Bisher
3260 2098 110 43 3000
3408 2100 218 44 Schiller
3666 2101 196 55 (Herren,
3894 2102 166 43 Damen
4097 2105 86 40 und
4215 2103 182 56 Kinder)
4437 2107 90 42 mit
4565 2108 202 42 bestem

3634 2156 184 57 Erfolg-
3849 2160 342 54 ausg-ebildet

3048 2232 31 23 z.
3106 2221 39 34 B.
3173 2223 106 33 Ernst
3304 2224 171 43 Kleinert,
3493 2226 136 33 Walter
3646 2227 215 42 Bahrmann,
3887 2228 107 41 Willy
4010 2228 129 33 Walde
4157 2228 355 45 (Damen-Imitator),
4533 2231 90 34 Emil
4640 2232 125 41 Kante,

3050 2264 134 33 Hellon
3209 2265 170 44 Angerie,
3407 2267 137 43 Bellini,
3571 2269 118 39 OrUff,
3717 2269 140 42 Pieper,
3884 2269 171 34 Direktor
4081 2271 350 43 Lucas-Schwleger,
4459 2272 125 34 Pohlei
4607 2276 66 30 etc.
4697 2278 67 29 etc.

3050 2305 79 33 Die
3155 2306 182 37 Damen:
3371 2310 97 33 Mile.
3497 2311 140 41 Nanon,
3674 2311 144 42 Blatter,
3855 2313 200 41 Neumann,
4082 2312 162 43 Captive,
4269 2315 183 41 Hardinis,
4480 2316 156 41 Mazoni,
4662 2316 105 33 Clare

3749 2355 133 32 Lorma
3905 2356 67 32 etc.
3998 2356 68 32 etc.

3370 2408 174 45 Eintritt
3570 2411 208 54 jederzeit
3917 2412 183 43 Kulante
4131 2413 309 56 Bedingnngen

3370 2465 118 43 Nach
3521 2467 208 54 erfolgter
3756 2467 294 56 Ausbildung-:
4081 2468 359 57 Eng-agement

3067 2654 113 69 Die
3228 2676 350 66 sparsame
3624 2657 332 70 Hausfrau
4001 2668 385 74 nungsljeleuchtung!
4459 2701 169 35 Rechnen
4683 2703 57 33 Sie

3066 2737 73 33 sich
3178 2747 74 31 aus,
3289 2748 74 23 was
3401 2739 57 33 Sie
3496 2739 47 33 im
3576 2740 107 41 Jahre
3719 2741 60 31 fur
3815 2741 71 33 den
3927 2742 131 32 Bedarf
4095 2751 45 23 an
4179 2743 258 41 Gliihkorpern
4476 2745 197 40 ausgeben.
4701 2764 40 3 —

3064 2779 80 33 Wie
3182 2780 51 32 oft
3271 2781 136 32 kommt
3445 2790 37 23 es
3521 2791 79 30 vor,
3640 2782 69 33 daß
3748 2783 66 32 der
3854 2784 141 41 Korper
4032 2784 113 32 schon
4183 2784 94 32 beim
4316 2785 222 33 Abbrennen
4576 2787 164 32 entzwei-

3064 2822 94 40 gelit.
3203 2841 41 4 —
3287 2841 41 5 —
3374 2823 163 33 Nehmen
3582 2824 56 33 Sie
3683 2824 105 33 einen
3833 2828 111 38 guten
3990 2826 65 35 Rat
4099 2836 44 23 an
4188 2827 72 32 und
4307 2827 219 33 verwenden
4571 2828 58 33 Sie
4672 2838 68 23 nur

3065 2877 1090 85 Hartalin-Gliihkorper
4203 2888 57 61 D.
4296 2888 56 59 R.
4387 2886 56 63 P.
4474 2888 264 62 203467

3065 2975 107 33 Diese
3198 2977 141 41 Korper
3372 2977 162 34 besitzen
3558 2979 70 32 den
3652 2978 150 43 Vorteil,
3840 2979 70 33 daß
3935 2980 58 34 Sie
4016 2980 184 33 dieselhen
4222 2981 69 33 wie
4316 2981 56 32 ein
4396 2982 100 32 Tuch
4520 2991 220 25 zusdmmen-

3062 3018 161 32 drucken
3259 3019 157 42 konnen,
3454 3021 94 33 ohne
3581 3021 71 32 daß
3688 3021 64 33 der
3790 3022 141 41 Korper
3966 3023 171 33 darunter
4161 3023 122 35 leidet.
4332 3023 409 43 Hartalin-Gliihkorper

3062 3059 118 33 haben
3205 3060 78 33 eine
3301 3061 231 35 Leuchtkraft
3555 3072 70 23 von
3653 3064 60 33 100
3738 3065 38 33 K.
3794 3065 73 31 und
3892 3064 57 33 Sie
3973 3065 154 32 erzielen
4151 3065 110 33 damit
4284 3065 80 33 eine
4382 3065 263 42 Gasersparnis
4669 3076 71 24 von

3062 3104 40 30 50
3114 3103 53 40 %.
3213 3103 233 34 Brenndauer
3468 3112 77 34 gar.
3570 3105 9 32 1
3596 3105 99 42 Jahr.
3736 3105 262 36 REFERENZ!
4027 3107 68 32 Fur
4111 3107 58 32 die
4187 3107 397 43 Straßenbeleuchtung
4602 3109 137 33 Berlins

3062 3144 133 32 bereits
3220 3146 90 32 iiber
3333 3148 134 31 200000
3489 3147 94 33 Stck.
3607 3148 175 40 geliefert.
3814 3148 209 33 Versuchen
4041 3148 56 33 Sie
4115 3158 38 23 es
4167 3149 62 32 mit
4246 3149 98 32 einer
4363 3149 289 43 Probesendung
4668 3161 71 23 von

3062 3188 18 31 3
3104 3186 106 42 Stck.,
3236 3186 97 34 Preis
3357 3197 35 33 p.
3410 3188 90 34 Stck.
3528 3190 42 33 50
3595 3189 75 42 Pfg.
3695 3190 60 32 od.
3781 3190 196 41 verlangen
4001 3191 57 33 Sie
4092 3192 71 31 den
4189 3192 139 32 Besuch
4362 3200 149 25 unseres
4536 3192 202 34 Vertreters

3062 3247 462 50 Versandhaus
3599 3249 217 49 Chem*
3891 3252 122 46 und
4078 3253 241 47 Techn.
4385 3253 350 49 Nenheiten

3602 3314 152 39 BERLIN
3778 3316 75 34 SW.
3867 3316 41 33 68
3934 3317 222 35 Kochstraße
4180 3320 40 30 72

3020 3473 240 115 1000
3315 3476 423 115 Kronen
3806 3486 348 105 erhalt

3019 3627 93 31 wer
3142 3615 58 43 im
3234 3616 175 45 Stande
3442 3619 70 52 ist,
3546 3619 73 43 ein
3652 3622 349 41 unentbehrlich
4034 3622 120 55 Ding
4185 3622 69 43 fiir
4286 3623 72 43 die
4380 3623 171 43 Nacht:
4583 3625 198 52 „Mond-

3211 3672 43 43 in
3300 3675 155 53 jedem
3503 3677 166 51 Hause,
3721 3677 73 42 ein
3827 3677 205 43 Wunder
4079 3678 81 43 der
4204 3678 203 53 Chemie,
4453 3681 329 45 auszublasen

3401 3743 102 34 Mein
3526 3744 366 44 Mondlichtapparat,
3928 3746 61 33 ein
4022 3747 226 33 wunderbar
4275 3747 194 34 sinnreich
4496 3746 149 36 konstr.
4668 3750 115 33 inter-

3402 3790 175 31 essanter
3595 3788 388 41 Wirtschaftsartike!,
4009 3789 135 32 besitzt
4168 3790 219 41 unbegrenzt
4410 3789 145 34 haltbar
4572 3790 58 35 die
4649 3791 134 43 Fahig-

3402 3829 90 41 keit,
3508 3829 221 42 vollstandig
3746 3830 186 33 kostenlos
3951 3838 44 25 zu
4014 3832 190 39 leuchten,
4226 3832 47 33 da
4292 3832 128 33 hierzu
4438 3832 180 34 keinerlei
4637 3835 145 33 Brenn-

3401 3870 117 35 stoffe
3531 3872 249 42 angewendet
3793 3872 163 34 werden.
3972 3872 177 43 Vieljahr.
4166 3874 183 34 Garantie
4363 3873 61 35 fiir
4436 3875 128 34 tadell.
4577 3876 203 34 Funktion.

3790 3915 89 32 far
3903 3915 183 33 Orttsee
4116 3916 61 33 M.
4265 3916 39 33 I.
4400 3917 67 32 11.
4524 3917 94 33 111.
4685 3919 81 33 TV.

3402 3964 34 28 *
3470 3967 28 25 *
3728 3983 14 17 •
3788 3971 206 33 Kronen
4077 3974 111 39 3,60
4233 3975 113 39 4,8©
4392 3975 81 40 7,—
4518 3975 105 40 11,—
4668 3976 70 40 16,
4740 3993 41 4 —

3404 4025 149 34 Franko
3577 4025 142 34 iiberall
3743 4025 65 35 hin
3833 4033 122 36 gegen
3974 4028 319 43 Vorauszahlung
4313 4029 115 42 (auch
4447 4030 36 34 in
4502 4030 278 41 Briefmarken)

3402 4069 95 33 Oder
3521 4069 253 33 Nachnahme
3798 4070 40 32 30
3862 4070 130 33 Heller
4015 4071 121 33 mehr.
4177 4072 249 41 Verpackung
4451 4072 122 42 gratis
4651 4083 21 24 ::
4758 4083 22 24 ::

3232 4127 502 44 Mondlichtwerk
3783 4127 64 42 A.
3879 4126 141 44 Selb
4066 4128 364 44 Warnsdorf
4458 4130 111 43 337
4613 4144 168 25 =====

2977 4225 1843 217 THRICHOPHIL

3106 4495 207 75 nlilf
3359 4500 35 31 O
3426 4500 46 31 A
3476 4498 45 33 A
3567 4478 206 53 Praparat
3792 4496 73 25 zur
3884 4477 236 54 Erhaltung-
4148 4481 87 41 und
4282 4497 77 25 t-»i
4405 4498 76 33 Tili
4532 4502 36 29 O
4601 4502 44 29 A
4650 4501 45 30 A
4745 4486 71 45 flfl

3193 4552 17 17 •
3235 4501 98 69 M.
3355 4501 166 85 3,00
3568 4535 216 54 Starkung
3829 4536 77 41 des
3946 4535 289 44 Haarbodens
4281 4501 105 71 Fl»
4405 4501 98 71 jVI«
4528 4502 167 88 3,00
4746 4533 70 24 ™

3017 4578 38 60 |
3105 4598 415 25 ■■■■■■■■■■■■■■■
3565 4603 84 15 =
3664 4598 67 24 nur
3756 4590 94 32 beim
3876 4589 257 34 Fabrikanten:
4151 4605 85 14 =====
4280 4601 415 24 ■■■■■■■■■■■■■■■
4746 4577 37 63 fij

2981 4645 74 160 S
3204 4659 248 112 Otto
3502 4662 644 136 Teutscher/
4183 4662 420 112 Friseur
4745 4652 72 156 J

3124 4815 27 41 I.
3171 4814 228 44 Geschaft:
3423 4814 68 58 106
3514 4814 23 58 a
3560 4814 455 58 Potsdamerstr.,Eing-.
4026 4817 54 42 63
4091 4817 485 55 Steglitzerstr.,Tel.Vl,
4586 4818 109 43 6735
4745 4823 38 38 ■

2983 4903 71 70 m
3105 4871 45 42 11.
3174 4870 227 43 Geschaft:
3429 4871 377 56 Charlottenburg,
3829 4871 82 42 100
3931 4872 311 52 Kaiserdamm,
4264 4874 89 43 Tel.
4373 4873 322 50 AmtCh.,63B7
4728 4873 7 18 ;

2983 4982 1834 89 ■111100000000011111

3315 5200 626 89 Privatbeamte
4002 5205 166 84 und
4215 5203 265 108 Ange=

3315 5315 293 105 horige
3648 5313 153 86 der
3836 5317 264 84 freien
4141 5315 334 90 Berufe!

3063 5434 212 68 Sorget
3324 5436 95 53 filr
3471 5436 149 54 Eure
3665 5438 257 52 Zukunft
3973 5439 115 53 und
4134 5439 92 54 die
4272 5441 182 53 Eurer
4502 5440 234 54 Familie

3064 5520 139 43 durch
3232 5520 252 45 Anschluss
3517 5532 54 32 an
3602 5521 83 43 den
3716 5532 83 32 zur
3829 5521 264 55 Vertretung
4121 5524 80 43 der
4230 5524 412 52 wirtschaftlichen,
4664 5537 70 31 so-

3062 5576 143 44 zialen
3238 5578 87 42 und
3355 5577 273 43 rechtlicheo
3650 5576 251 45 Interessen
3923 5579 77 42 der
4022 5578 382 46 Privat-Beamten
4426 5581 307 54 gegriindeten,

3061 5633 144 43 durch
3237 5633 299 43 landesherrl.
3569 5634 268 53 Verleihung
3868 5647 56 29 m.
3950 5634 456 54 Korporationsrecht.
4429 5638 305 53 ausgestattet.

3061 5703 1151 101 IEITSEIEIPIIIIT-BEIITEI-VEIEIII
4256 5706 68 95 ZD
4368 5706 362 95 (MMfid

3314 5831 133 43 Zirka
3476 5832 55 42 28
3552 5830 84 44 000
3665 5832 269 54 Mitglieder
3964 5832 45 42 in
4040 5832 126 44 zirka
4197 5830 84 44 500
4309 5833 175 53 Zweig-

3313 5888 229 51 vereinen,
3574 5887 532 55 Verwaltungsgruppen
4129 5901 42 30 u.
4193 5888 290 44 Zahlstellen.

3313 5981 162 43 Neben
3506 5979 374 51 Pensionskasse,
3911 5979 337 53 Witwenkasse,
4286 5979 196 44 Waisen-

3315 6036 145 51 kasse,
3494 6036 375 54 Begrabniskasse
3891 6037 94 43 und
4008 6036 341 43 Krankenkasse
4381 6036 104 43 sehr

3313 6092 229 44 wertvolle
3580 6092 615 53 Wohlfahrtseinrichtungen
4248 6101 49 33 >:
4436 6103 45 34 :■»:

3314 6163 440 54 Gesamtvermogen:
3798 6162 142 44 Ueber
3997 6161 47 45 16
4098 6161 227 45 Millionen
4356 6162 129 44 Mark

3315 6227 249 53 Halbjahrl.
3597 6227 139 44 Beitr.
3767 6227 26 41 3
3821 6225 119 43 M.::
3972 6223 103 44 Man
4111 6225 111 43 yerl.
4254 6223 230 56 Prospekt.

3307 6463 576 95 Berufen
3927 6463 219 95 Sie
4208 6468 290 90 sicH

3390 6592 167 52 bitte
3593 6592 111 52 bei
3740 6590 370 55 Einkaufen
4146 6592 118 53 auf
4300 6593 107 52 die

3390 6661 338 69 Anzeigen
3773 6662 219 54 dieser
4035 6662 375 54 Zeitschrift
