3731 4480
1820 130 91 54 236

235 265 201 69 gründet
465 265 93 60 hat,
586 265 120 51 noch
736 272 138 45 unter
904 266 157 53 diesen
1092 268 285 53 Umständen
1407 269 71 51 die
1510 269 306 69 Ausführung

234 350 150 68 geben
415 349 105 51 dem
553 349 249 69 flüchtigen
829 350 209 52 Urtheile
1070 353 78 51 des
1179 355 148 65 Tages
1371 353 71 49 ein
1471 354 203 60 Recht,
1721 355 95 50 sein

233 435 113 50 Amt
377 435 42 49 in
451 433 380 68 gebräuchlicher
849 438 165 51 Weise
1045 456 55 30 zu
1133 437 133 49 üben.
1298 437 131 50 Noch
1462 438 203 67 weniger
1697 457 89 33 wer-

235 519 89 50 den
342 519 70 51 die
431 519 305 51 Pflichten
756 520 242 53 desselben
1020 522 419 66 herausgefordert,
1454 539 49 34 es
1534 523 63 51 sei
1623 524 121 51 denn
1774 526 44 49 in

233 603 82 51 der
347 604 399 68 Voraussetzung,
793 606 101 49 dass
926 622 48 33 es
1006 622 88 33 nur
1124 604 132 51 einen
1289 607 134 49 Dank
1464 609 352 51 auszudrücken

235 688 76 50 hat
342 688 73 50 für
457 688 89 51 den
577 689 170 51 Verein
779 707 50 32 so
861 688 295 60 zahlreicher,
1200 691 252 50 trefflicher
1496 693 95 51 und
1636 694 182 54 eifriger

1145 738 10 11 7
1737 738 26 24 O

231 773 167 50 Kräfte
429 774 93 50 und
554 772 336 68 Thätigkeiten,
934 791 81 32 um
1059 780 144 44 etwas
1237 774 207 53 Schönes
1486 778 94 50 und
1611 778 205 68 zugleich

234 865 146 43 etwas
410 860 144 48 Gutes
587 857 66 48 ins
682 856 160 51 Leben
873 876 56 31 zu
969 857 146 52 rufen.
1177 858 131 51 Aber
1340 861 132 52 sollte
1504 880 48 33 es
1583 863 124 51 nicht
1739 881 53 50 ge-

235 950 160 43 stattet
424 941 108 58 sein,
565 941 172 49 diesem
763 942 166 50 Danke
959 948 113 45 statt
1103 943 80 51 des
1214 962 115 50 ganz
1362 946 301 68 allgemeinen
1693 948 93 50 Aus-

235 1027 168 51 drucks
446 1025 146 68 einige
636 1025 260 52 besondere
926 1027 284 70 Färbungen
1242 1049 56 32 zu
1331 1030 150 67 geben
1525 1031 70 51 bei
1645 1051 51 32 so
1727 1034 67 49 vie-

234 1111 103 58 lem,
368 1126 97 33 was
497 1110 117 51 dazu
645 1112 198 66 anregt?
885 1112 102 50 Nur
1016 1112 45 50 in
1092 1114 171 49 diesem
1296 1114 138 49 Sinne
1466 1119 137 63 möge
1636 1134 104 32 man
1768 1134 48 33 es

233 1195 120 51 denn
384 1194 242 60 auffassen,
671 1213 137 33 wenn
838 1196 84 51 wir
953 1197 81 49 auf
1063 1197 187 66 Einiges
1280 1197 263 51 andeutend
1575 1200 240 67 eingehen,

230 1298 136 31 wozu
399 1279 85 50 wir
512 1298 85 31 uns
625 1298 72 31 am
725 1284 251 45 wärmsten
1006 1280 229 67 gedrängt
1264 1281 167 52 fühlen.
1462 1282 88 50 Die
1583 1285 232 50 stärksten

230 1364 412 67 Aufforderungen
671 1364 115 49 dazu
817 1364 147 66 liegen
1009 1364 72 49 für
1110 1383 87 32 uns
1227 1365 44 50 in
1303 1365 104 52 dem
1439 1368 184 50 Werke
1654 1369 158 58 selbst,

233 1449 81 51 das
337 1467 100 40 uns,
468 1449 87 49 wie
583 1465 48 33 es
666 1465 82 33 uns
780 1448 161 50 immer
967 1465 91 33 neu
1090 1449 115 51 über
1236 1450 123 51 seine
1383 1451 221 52 Wunder
1635 1460 154 43 erstau-

230 1550 90 32 nen
351 1533 125 58 lässt,
522 1531 116 50 auch
683 1531 163 50 immer
889 1549 92 33 neu
1028 1550 104 33 zum
1162 1534 252 51 Ausdruck
1459 1535 166 51 dessen
1659 1538 155 61 treibt,

229 1634 94 33 was
355 1634 86 32 uns
473 1633 50 33 so
555 1616 83 50 tief
663 1624 172 60 erregt,
866 1634 51 33 so
950 1618 201 68 mächtig
1181 1619 178 52 erhebt.
1419 1620 86 51 Mit
1542 1620 90 52 den
1668 1623 110 52 Wor-

229 1707 77 44 ten
338 1699 80 51 des
447 1700 215 51 Dichters
694 1700 157 56 selbst,
897 1702 86 49 wie
1029 1703 85 49 wir
1158 1703 219 52 innerlich
1421 1705 94 51 und
1561 1707 253 52 äusserlich

230 1785 144 51 schon
404 1785 66 51 oft
499 1785 186 68 gethan,
704 1789 186 47 müssen
908 1787 84 49 wir
1014 1788 118 49 auch
1156 1787 117 67 jetzt
1292 1789 170 51 wieder
1486 1790 244 53 ausrufen:

606 1881 71 40 Die
706 1881 293 52 unbegreiflich
1030 1883 135 41 hohen
1197 1884 152 40 Werke

606 1952 98 40 Sind
736 1952 174 40 herrlich
941 1952 75 40 wie
1047 1966 63 27 am
1141 1960 130 34 ersten
1303 1957 95 51 Tag.

358 2033 83 50 Oft
487 2032 143 51 schon
676 2030 150 51 hoben
871 2032 84 49 wir
986 2050 49 33 es
1066 2036 388 66 ausgesprochen,
1503 2037 104 49 dass
1640 2038 70 50 die
1741 2056 50 33 ro-

229 2116 250 50 mantische
506 2117 132 48 Seele
668 2114 80 51 des
781 2116 247 49 Gedichtes
1072 2116 99 49 eine
1204 2117 118 60 tiefe,
1368 2118 135 67 lange
1550 2122 264 66 ungestillte

229 2201 263 49 Sehnsucht
522 2199 117 50 nach
671 2198 103 50 dem
804 2199 193 68 heiligen
1029 2201 258 49 Bündnisse
1332 2202 80 49 mit
1454 2203 83 50 der
1569 2206 243 51 Tonkunst

225 2286 46 49 in
301 2284 93 51 sich
427 2292 133 59 trug:
607 2283 99 50 eine
737 2283 305 61 unerkannte,
1090 2286 340 51 unerwiederte
1462 2287 155 52 Liebe.
1675 2291 137 49 Denn

226 2370 45 49 in
327 2368 88 51 den
475 2367 399 67 morganatischen
918 2368 381 68 Verbindungen,
1357 2372 215 50 möchten
1619 2373 83 50 wir
1748 2375 63 49 sie

229 2452 253 51 scherzend
515 2470 196 41 nennen,
757 2451 70 51 die
857 2470 49 32 es
937 2452 190 67 flüchtig
1156 2453 183 69 einging
1382 2455 146 52 durch
1569 2457 71 50 die
1673 2458 103 50 Com-

228 2537 199 70 position
459 2536 228 51 einzelner
715 2537 167 50 Lieder
912 2538 94 49 und
1037 2538 172 59 Theile,
1256 2540 170 49 konnte
1458 2541 70 50 die
1556 2541 60 51 im
1649 2545 132 48 Inner-

228 2631 100 42 sten
361 2621 221 51 lodernde
615 2621 142 50 Gluth
789 2621 123 50 nicht
941 2622 97 49 ihre
1063 2622 325 69 Befriedigung
1420 2626 168 50 finden.
1616 2627 86 50 Ein
1726 2646 56 32 un-

228 2705 408 68 eingeschränkter
664 2705 154 58 Bund,
850 2706 82 48 der
959 2706 85 48 alle
1076 2706 189 57 Rechte,
1296 2707 83 50 alle
1411 2709 224 50 Pflichten
1665 2711 120 67 innig-

229 2798 94 43 ster
343 2789 396 67 Verschmelzung
761 2790 236 60 umfasste,
1031 2808 97 31 war
1158 2791 70 50 die
1252 2791 172 66 einzige
1443 2795 204 66 Lösung.
1672 2795 138 51 Diese

229 2875 193 50 erkannt
454 2893 54 30 zu
542 2872 163 60 haben,
738 2874 56 49 ist
827 2874 77 49 das
939 2875 310 50 unsterbliche
1283 2876 242 51 Verdienst
1557 2878 80 50 des
1672 2879 102 51 Com-

230 2960 225 69 ponisten,
501 2959 104 49 dem
647 2959 91 49 sich
777 2959 119 49 noch
929 2959 78 51 das
1040 2961 162 49 zweite
1232 2960 116 50 über
1378 2961 70 50 die
1478 2964 103 58 Art,
1630 2964 83 49 wie
1759 2982 51 33 er

231 3044 80 49 das
347 3043 212 49 Einzelne
592 3043 215 49 vollfuhrt
837 3043 93 58 hat,
963 3044 235 66 zugesellt.
1260 3045 108 51 Wir
1404 3045 255 60 bekennen,
1706 3048 104 51 dass

229 3146 51 33 es
311 3129 221 48 darunter
562 3128 214 49 manches
821 3126 97 68 gibt
963 3128 272 67 (besonders
1277 3130 170 66 gerade
1477 3132 71 49 die
1579 3133 206 49 unmittel-

228 3212 83 50 bar
343 3212 43 49 in
418 3210 151 50 Musik
601 3218 236 58 gesetzten
864 3212 185 58 Worte,
1081 3213 86 48 wie
1190 3213 71 49 die
1284 3214 215 66 Gesänge
1522 3215 289 69 Gretchens),

228 3314 96 33 was
371 3297 126 49 nicht
541 3295 81 50 mit
667 3313 190 32 unserer
888 3295 284 65 Auffassung
1219 3297 390 62 übereinstimmt;
1655 3300 157 50 Theile

228 3382 80 49 des
341 3379 264 56 Gedichtes,
652 3378 43 51 in
738 3379 147 50 denen
930 3379 170 51 andere
1130 3380 293 50 Tonmeister
1453 3383 113 48 nach
1597 3401 213 33 unserem

225 3468 253 47 Ermessen
511 3464 80 49 das
622 3463 266 67 Richtigere
918 3464 242 66 getroffen.
1191 3467 73 48 Da
1294 3464 125 59 aber,
1452 3485 72 31 wo
1557 3468 70 50 die
1659 3469 151 50 Musik

225 3551 43 50 in
301 3551 70 49 die
399 3549 157 49 Tiefen
589 3548 83 50 der
699 3548 238 66 Dichtung
968 3548 80 50 des
1081 3549 185 50 Ganzen
1297 3549 167 68 dringt,
1495 3570 74 31 wo
1600 3552 63 49 sie
1693 3552 118 51 eben

229 3636 123 66 jenes
399 3633 201 51 innerste
631 3632 232 51 Bündniss
910 3632 81 49 mit
1031 3632 242 51 derselben
1317 3634 222 60 schiiesst,
1585 3636 227 68 schwingt

229 3718 63 51 sie
324 3717 94 51 sich
448 3717 116 50 auch
600 3717 63 50 oft
697 3735 52 30 zu
785 3716 126 49 einer
940 3716 141 51 Höhe
1113 3717 89 57 auf,
1244 3717 69 50 die
1344 3717 70 50 ihr
1453 3736 57 33 an
1542 3718 93 51 sich
1666 3720 144 50 selbst

225 3805 99 49 eine
344 3801 188 52 weithin
550 3801 235 51 dauernde
805 3801 204 67 Geltung
1042 3801 61 51 im
1128 3801 193 49 Gebiete
1345 3802 81 50 der
1452 3805 152 49 Kunst
1627 3805 182 50 sichert.

228 3887 137 50 Diese
398 3887 236 48 Momente
666 3886 97 49 sind
795 3904 62 39 es,
893 3885 71 50 die
998 3902 84 32 uns
1115 3886 164 49 immer
1310 3885 184 61 wieder,
1527 3887 172 51 vereint
1731 3888 80 50 mit

229 3971 81 50 der
341 3971 154 51 Macht
527 3970 80 49 des
635 3970 261 58 Gedichtes,
927 3970 61 49 im
1006 3970 202 49 Tiefsten
1227 3968 227 68 ergreifen
1485 3971 106 58 und,
1616 3971 48 67 je
1694 3974 115 48 nach

228 4056 123 50 ihrer
379 4055 237 67 Färbung,
649 4055 71 51 die
739 4055 134 49 Seele
904 4055 80 49 mit
1005 4055 263 51 Wehmuth
1301 4055 152 58 fallen,
1486 4055 62 49 sie
1580 4056 81 48 mit
1693 4056 86 51 dun-

225 4140 105 51 keln
362 4140 252 60 Schauern,
659 4140 82 49 mit
770 4140 129 49 tiefer
929 4140 375 66 Erschütterung
1335 4137 315 63 durchbeben,
1697 4140 112 51 oder

1912 272 63 50 sie
2007 291 56 32 zu
2097 274 88 52 den
2225 274 225 52 höchsten
2480 272 318 70 Erhebungen
2842 284 343 62 emportragen.
3244 277 86 51 Die
3376 286 124 45 erste

1910 356 295 70 Einfuhrung
2235 360 80 50 der
2334 359 195 59 Geister,
2562 359 70 49 die
2662 359 440 54 herübertönenden
3131 364 369 67 Ostergesänge,

1913 441 71 50 die
2014 443 394 53 wehmuthvollen
2436 444 298 68 Nachklänge
2768 444 69 51 bei
2870 446 83 50 der
2973 448 250 50 Rückkehr
3253 467 104 31 vom
3385 450 88 68 Spa-

1912 525 231 69 zirgange,
2190 528 71 50 die
2307 529 346 67 einwiegenden
2684 528 343 61 Zauberchöre,
3075 533 178 49 endlich
3301 533 79 51 das
3411 534 62 51 Re-

1912 611 157 68 quiem
2099 629 74 33 am
2205 614 234 61 Schlüsse,
2486 614 205 69 gehören
2737 633 57 32 zu
2840 614 150 51 dieser
3025 615 184 51 reichen
3240 619 143 50 Kette
3415 636 88 34 von

1914 693 329 59 Schönheiten,
2263 697 70 49 die
2353 717 86 30 uns
2460 698 417 60 unwiderstehlich,
2910 698 203 68 magisch
3146 700 216 66 gefesselt
3394 702 109 50 hält.

1910 779 87 50 Die
2039 779 340 52 ausführenden
2411 784 162 50 Kräfte
2620 792 170 61 trugen
2836 784 123 51 diese
3006 784 370 69 schöpferischen
3422 787 81 49 mit

1910 862 437 52 nachdrucksvoller
2365 865 251 69 Wirkung.
2648 868 153 51 Bleibt
2821 868 218 52 Manches
3072 868 151 51 hinter
3250 868 104 51 dem
3380 869 123 51 Ideal

1913 948 81 50 der
2019 948 334 69 Forderungen
2385 951 189 58 zurück,
2620 953 154 50 erfüllt
2820 972 137 50 sogar
2997 953 242 52 Einzelnes
3281 953 222 52 vielleicht

1912 1032 124 51 nicht
2066 1050 116 49 ganz
2214 1032 70 52 die
2314 1033 178 51 Rechte
2524 1034 259 61 derselben,
2813 1038 178 50 welche
3023 1038 80 51 das
3128 1038 151 52 Werk
3314 1038 188 69 geltend

1912 1117 191 49 machen
2135 1117 166 60 dürfte,
2333 1136 51 32 so
2416 1118 115 51 wird
2564 1118 210 69 dagegen
2807 1119 70 51 bei
2907 1122 210 51 Weitem
3159 1123 81 50 der
3272 1123 199 51 überwie-

1913 1202 148 66 gende
2092 1202 128 50 Theil
2253 1203 80 51 des
2365 1221 194 51 grossen
2577 1205 394 67 Kunstgemäldes
3000 1207 44 50 in
3076 1207 80 51 das
3188 1208 162 51 vollste
3366 1208 136 52 Licht

1912 1286 199 66 gestellt,
2155 1286 94 51 und
2295 1287 185 51 vielfech
2525 1288 276 69 empfangen
2844 1290 71 49 die
2948 1290 183 50 Farben
3162 1291 206 52 dadurch
3399 1292 101 52 eine

1912 1370 370 52 überraschende
2312 1373 260 68 Erhöhung
2616 1373 79 51 des
2728 1375 194 49 Glanzes
2954 1373 94 51 und
3081 1373 83 51 der
3194 1376 197 51 Gewalt.
3438 1379 64 49 So

1910 1452 112 51 übte
2055 1455 70 49 die
2148 1456 172 51 Stelle:
2362 1497 18 19 „
2394 1457 81 50 Ich
2505 1457 157 51 werde
2688 1457 116 68 jetzt
2836 1457 102 51 dich
2969 1457 180 51 keinem
3166 1459 215 50 Nachbar
3410 1461 66 48 rei-

2131 1540 45 49 in
2206 1540 306 70 Verbindung
2561 1542 81 50 mit
2686 1544 83 49 der
2811 1544 365 67 nachfolgenden
3207 1545 152 49 Musik
3403 1544 100 52 eine

1912 1624 369 66 unvergessliche
2312 1626 250 68 Wirkung,
2596 1626 70 50 die
2698 1627 85 50 wir
2815 1627 100 50 eine
2945 1627 413 68 unvergleichliche
3387 1647 84 33 nen-

1912 1725 90 33 nen
2032 1709 208 59 würden,
2287 1728 136 33 wenn
2470 1711 83 50 wir
2597 1711 71 50 die
2709 1713 540 68 Trompeten-Einsätze,
3296 1714 71 51 die
3410 1715 89 50 den

1915 1791 148 51 Chor:
2121 1793 187 59 „Christ
2337 1795 57 50 ist
2776 1796 226 59 einleiten,
3048 1814 83 33 aus
3178 1796 105 51 dem
3316 1796 182 54 Werke

3174 1863 4 12 I

1914 1878 141 67 tilgen
2087 1878 94 50 und
2213 1879 87 51 den
2333 1880 187 68 Gesang
2547 1881 323 68 unverzüglich
2903 1883 228 49 eintreten
3161 1883 148 49 lassen
3352 1883 117 51 könn-

1913 1968 93 43 ten.
2037 1963 98 49 Der
2153 1963 203 51 Einsicht
2388 1964 94 51 und
2514 1965 215 65 Sorgfalt,
2761 1965 175 51 welche
2959 1968 126 48 Herr
3107 1967 392 50 Musik-Director

1913 2047 170 49 Grell
2117 2048 42 48 in
2192 2048 81 49 der
2291 2049 202 67 Leitung
2524 2049 80 50 des
2629 2050 187 50 Ganzen
2846 2050 273 69 bethätigte,
3152 2050 200 68 gebührt
3385 2052 115 50 volle

1910 2130 365 68 Anerkennung.
2310 2133 84 48 Die
2420 2133 299 51 Theilnahme
2752 2134 111 50 aller
2892 2137 156 48 Hörer
3077 2152 99 33 war
3207 2135 142 50 daher
3380 2135 118 51 auch

1909 2213 100 51 eine
2041 2232 51 33 so
2125 2214 203 51 sichtlich
2356 2223 198 61 erregte,
2587 2217 42 49 in
2649 2218 82 50 der
2747 2218 325 67 Anspannung
3089 2218 68 51 bis
3178 2237 103 32 zum
3310 2221 188 49 Schluss

1906 2298 324 61 verharrende,
2263 2299 106 51 dass
2400 2301 100 49 eine
2534 2301 374 68 Wiederholung
2938 2302 80 51 des
3043 2303 206 51 Werkes
3278 2303 58 51 im
3354 2304 145 50 Laufe

1906 2382 80 51 des
2021 2383 212 52 Winters
2266 2384 166 68 gewiss
2464 2386 83 49 mit
2578 2386 256 67 freudigem
2861 2387 167 51 Danke
3060 2386 214 70 begrüsst
3300 2388 189 51 werden

1908 2466 178 52 würde.

2489 2654 102 58 Aus
2632 2655 277 75 Stuttgart.

2028 2795 93 50 Am
2168 2795 92 52 27.
2294 2796 291 68 September,
2633 2798 104 51 dem
2785 2800 322 52 Geburtsfeste
3150 2804 72 49 Sr.
3264 2804 219 67 Majestät

1906 2878 79 51 des
2017 2880 192 67 Königs,
2240 2882 207 50 erschien
2477 2881 191 52 Abends
2715 2885 69 48 die
2830 2903 143 48 ganze
3008 2886 255 67 königliche
3293 2889 190 50 Familie

1906 2964 80 49 mit
2013 2964 130 50 ihren
2172 2966 152 50 hohen
2357 2967 173 50 Gästen
2571 2967 44 51 in
2661 2969 105 50 dem
2798 2970 145 49 durch
2973 2971 245 51 Hunderte
3248 2990 88 32 von
3369 2974 87 50 Gas-

1906 3047 214 51 flammen
2164 3050 315 49 erleuchteten
2525 3052 215 58 Theater,
2795 3071 79 32 um
2936 3054 82 49 der
3063 3055 299 67 Aufführung
3405 3058 80 49 des

2301 3143 136 40 unter
2469 3135 80 50 der
2580 3136 236 51 Direction
2859 3136 79 51 des
2971 3138 330 67 Componisten
3333 3140 128 52 beizu-

1908 3216 211 52 wohnen.
2169 3220 93 47 Für
2293 3219 78 51 das
2404 3221 468 51 Theater-Publicum
2903 3240 96 32 war
3030 3224 124 49 diese
3184 3224 305 70 Aufführung

1908 3301 71 49 ein
2008 3301 248 68 Ereigniss,
2301 3322 89 31 von
2437 3304 102 51 dem
2587 3305 142 50 schon
2775 3306 84 50 seit
2900 3306 132 69 lange
3072 3308 84 49 viel
3199 3310 290 68 gesprochen

1910 3385 174 60 wurde,
2130 3386 93 51 und
2268 3404 49 33 es
2347 3388 112 49 lässt
2503 3389 94 50 sich
2643 3389 193 58 denken,
2883 3392 104 49 dass
3034 3392 71 49 die
3136 3393 345 68 Erwartungen

1908 3468 122 49 nicht
2045 3469 161 67 gering
2224 3488 170 42 waren,
2426 3472 70 49 die
2525 3491 103 31 man
2658 3473 45 49 in
2736 3474 338 51 musicalischer
3104 3475 93 51 und
3229 3477 257 50 scenischer

1908 3553 211 49 Hinsicht
2148 3572 86 32 von
2266 3554 148 51 einem
2445 3557 263 49 Tonwerke
2750 3558 151 67 hegte,
2947 3559 80 51 das
3071 3560 43 49 in
3149 3560 140 60 Paris,
3335 3560 148 66 gleich

1908 3635 87 50 den
2027 3637 192 67 übrigen
2247 3639 214 51 Werken
2493 3639 79 50 des
2602 3640 228 61 Meisters,
2861 3661 51 32 so
2944 3643 354 51 entschiedenen
3329 3644 156 50 Beifall

1908 3720 230 66 gefunden
2169 3723 140 50 hatte.
2345 3724 81 50 Die
2456 3726 258 68 Nachfrage
2745 3728 115 48 nach
2892 3728 215 51 Billetten
3137 3728 81 48 auf
3242 3728 246 51 reservirte

1908 3804 156 50 Plätze
2094 3822 98 32 war
2223 3806 211 52 desshalb
2465 3826 51 32 so
2553 3827 147 48 gross,
2746 3811 104 49 dass
2896 3811 70 50 die
2997 3809 294 69 Speculation
3336 3811 63 52 sie
3430 3831 58 32 zu

1908 3889 105 50 sehr
2045 3889 260 51 namhaften
2333 3892 188 52 Preisen
2552 3893 287 51 hinauftrieb.
2888 3894 224 53 Welcher
3141 3894 90 51 Art
3273 3896 110 51 aber
3416 3897 72 51 die

1906 3973 262 50 Aufnahme
2199 3974 81 50 der
2299 3976 129 68 Oper
2449 3995 110 42 war,
2592 3978 79 50 das
2704 3980 112 48 lässt
2845 3978 94 50 sich
2971 3978 131 50 mehr
3131 3997 89 32 nur
3251 3982 234 57 errathen,

1905 4057 65 50 als
1990 4058 79 49 mit
2088 4057 253 52 Sicherheit
2357 4061 225 66 angeben,
2614 4062 101 50 weil
2748 4080 58 32 an
2836 4061 172 51 diesem
3035 4062 234 52 festlichen
3289 4065 196 50 Abende

1905 4157 168 52 wegen
2117 4142 79 52 des
2226 4143 280 69 Empfanges
2539 4147 71 50 Sr.
2642 4146 216 66 Majestät
2901 4164 87 33 von
3018 4146 156 53 Seiten
3220 4150 80 49 des
3331 4148 130 53 Publi-
