3731 4480
1817 115 94 56 237

215 283 130 34 cums
376 264 105 53 kein
498 262 368 54 Beifallszeichen
899 262 254 72 gespendet
1184 260 128 53 wird.
1345 261 66 50 Es
1441 259 113 49 lässt
1585 258 93 51 sich
1708 260 95 52 also

216 351 126 52 bloss
373 351 80 51 das
486 350 99 51 eine
617 349 349 51 Thatsächliche
1008 348 197 58 melden,
1253 346 103 51 dass
1402 351 122 44 trotz
1571 344 81 49 der
1698 345 78 51 her-

215 436 306 51 kömmlichen
540 434 147 67 Regel
715 434 81 51 der
814 434 288 51 Convenienz
1134 430 235 53 mehrfach
1402 429 81 49 der
1515 429 287 52 ausbrechen

213 522 229 50 wollende
472 522 122 49 laute
626 520 154 50 Beifall
814 520 137 50 kaum
984 516 393 53 zurückzuhalten
1407 532 113 34 war.
1572 515 93 50 Der
1695 515 81 51 Ein-

215 605 161 59 druck,
409 605 86 50 den
528 604 79 51 das
639 604 235 51 Tonwerk
904 604 81 50 auf
1022 603 88 49 den
1140 600 281 51 Referenten
1453 598 197 61 machte,
1693 600 110 50 lässt

216 690 94 51 sich
340 692 115 49 nach
486 690 289 68 einmaligem
803 689 224 50 Anhören
1070 687 60 48 im
1162 684 320 67 Allgemeinen
1530 685 82 49 auf
1637 685 132 52 Weni-

215 792 82 51 ges
329 774 354 51 zurückführen.
740 774 125 51 Wer
897 772 80 49 mit
1008 770 83 50 der
1121 769 123 61 Idee,
1276 768 99 52 eine
1406 769 232 50 komische
1671 769 131 69 Oper

213 862 59 49 im
307 862 153 49 Genre
490 878 89 32 von
611 858 178 57 Auber,
816 857 152 49 Adam
1002 875 43 31 u.
1078 856 57 49 A.
1182 873 56 32 zu
1283 854 161 59 hören,
1490 856 66 49 ins
1600 854 202 51 Theater

215 946 124 67 ging,
371 944 117 51 wird
519 943 93 51 sich
645 941 174 67 einiger
847 941 213 49 Maassen
1093 939 245 68 getäuscht
1369 939 231 68 gefunden
1634 938 167 60 haben,

212 1031 121 49 denn
363 1030 84 49 der
475 1027 260 51 Nordstern
766 1026 77 51 hat
875 1026 42 51 in
950 1026 227 51 Situation
1220 1024 96 51 und
1346 1024 152 51 Musik
1532 1023 107 51 weit
1669 1023 132 50 mehr

212 1112 274 69 Tragisches
513 1111 65 49 als
594 1111 300 60 Komisches;
927 1127 97 33 wer
1054 1111 210 67 dagegen
1295 1108 104 51 dem
1431 1108 186 50 reichen
1636 1107 136 51 Ideen-

213 1214 151 52 gange
396 1196 81 51 des
509 1195 333 70 Componisten
875 1195 140 68 folgte
1041 1195 96 50 und
1168 1192 278 52 namentlich
1478 1191 117 51 über
1627 1193 142 50 Scene-

212 1284 66 49 rie
308 1282 96 51 und
435 1282 340 51 Decorationen
819 1281 70 51 die
921 1280 315 51 meisterhafte
1266 1281 196 64 Lösung
1492 1277 83 50 der
1606 1277 164 51 schwie-

211 1367 175 69 rigsten
416 1366 345 52 musicalischen
792 1365 263 68 Aufgaben,
1101 1364 71 50 die
1217 1362 257 52 kunstvolle
1506 1362 263 51 Verschmel-

211 1470 123 50 zung
364 1470 87 32 von
494 1450 491 66 verschiedenartigem
1016 1449 262 68 Rhythmus
1323 1446 97 51 und
1450 1447 177 50 Tonart
1670 1446 126 51 nicht

211 1538 137 67 völlig
378 1536 198 51 übersah
607 1536 95 51 und
734 1535 71 51 die
834 1535 160 60 vielen,
1039 1534 118 51 eben
1189 1552 50 33 so
1271 1531 239 51 lieblichen
1542 1531 86 51 wie
1659 1531 115 68 origi-

211 1623 152 50 nellen
391 1621 259 51 Melodieen
681 1620 124 51 nicht
834 1638 115 49 ganz
989 1618 269 59 überhörte,
1305 1618 82 50 der
1417 1624 177 43 musste
1625 1615 96 51 sich
1751 1616 43 50 in

211 1706 171 53 hohem
415 1706 153 51 Grade
601 1705 241 66 befriedigt
872 1704 169 51 fühlen.
1087 1704 91 49 Am
1223 1701 93 51 28.
1359 1701 129 51 ward
1534 1701 83 50 der
1645 1700 121 52 Nord-

209 1799 127 43 stern
368 1798 136 43 unter
535 1789 312 69 nochmaliger
875 1788 202 67 Leitung
1124 1788 81 51 des
1238 1786 332 68 Componisten
1600 1784 168 52 wieder-

209 1875 99 52 holt
338 1875 96 50 und
466 1875 105 50 dem
599 1873 245 51 Publicum
875 1872 206 50 dadurch
1105 1869 303 67 Gelegenheit
1439 1868 218 68 geboten,
1689 1868 105 51 dem

208 1960 192 53 Meister
430 1958 218 52 ebenfalls
681 1958 69 49 ein
782 1957 198 49 Zeichen
1012 1955 149 51 seiner
1192 1959 221 46 äusseren
1445 1953 353 66 Anerkennung

209 2063 60 32 zu
298 2043 131 50 Theil
475 2042 189 51 werden
710 2060 56 30 zu
810 2040 167 59 lassen,
1022 2039 88 51 wie
1154 2038 65 51 sie
1248 2038 94 49 ihm
1380 2037 172 52 seither
1581 2037 44 49 in
1665 2035 134 69 jeder

209 2128 166 52 Weise
405 2128 43 50 in
480 2127 89 51 den
597 2126 225 50 höchsten
838 2124 196 51 Kreisen
1064 2123 177 52 wurde.
1274 2124 64 50 So
1364 2122 161 51 wurde
1554 2122 91 49 ihm
1664 2140 45 31 u.
1733 2120 59 53 A.

211 2213 71 51 die
325 2212 122 51 hohe
479 2211 362 66 Auszeichnung
884 2209 126 50 einer
1051 2207 263 68 Einladung
1358 2226 57 30 zu
1460 2207 105 51 dem
1613 2206 181 50 Banket

208 2297 117 52 nach
357 2297 82 50 der
471 2294 277 60 Wilhelma;
783 2312 73 32 am
889 2293 94 51 29.
1017 2292 90 69 gab
1139 2292 71 52 die
1238 2291 253 52 Intendanz
1524 2291 81 49 auf
1629 2291 136 67 könig-

209 2382 116 51 liche
342 2382 181 50 Kosten
552 2380 104 52 dem
679 2378 191 51 Meister
895 2377 73 51 ein
990 2378 127 60 Fest,
1149 2394 135 34 wozu
1316 2374 284 51 sämmtliche
1618 2376 146 49 Künst-

211 2467 81 60 ler,
324 2466 70 49 die
413 2465 119 50 beim
552 2463 261 51 Nordstern
830 2461 296 61 mitwirkten,
1157 2479 52 33 so
1241 2460 89 52 wie
1361 2460 117 50 auch
1496 2458 119 51 noch
1647 2458 149 69 einige

209 2551 171 51 andere
411 2552 235 49 Personen
678 2548 193 68 geladen
902 2564 171 33 waren.
1116 2546 128 51 Nach
1276 2546 83 51 der
1398 2551 156 44 ersten
1586 2543 182 52 Vorstel-

209 2636 113 67 lung
353 2635 79 51 des
461 2635 282 51 Nordsterns
787 2632 164 51 wurde
992 2630 274 70 Meyerbeer
1311 2630 118 51 noch
1474 2628 45 51 in
1559 2628 80 50 das
1672 2630 91 49 Vor-

212 2720 188 49 zimmer
430 2719 82 50 der
541 2716 287 69 königlichen
855 2717 132 65 Loge
1018 2734 56 32 zu
1098 2716 72 48 Sr.
1187 2714 218 67 Majestät
1436 2712 230 60 befohlen,
1699 2729 95 33 was

212 2805 149 50 sicher
401 2804 64 51 als
507 2804 72 49 ein
607 2801 180 51 Beweis
834 2801 79 50 des
945 2799 358 52 Allerhöchsten
1335 2797 369 68 Wohlgefallens
1736 2814 58 33 an

212 2889 104 51 dem
348 2889 181 52 Werke
559 2888 263 67 angesehen
862 2884 189 52 werden
1091 2885 110 50 darf.
1257 2885 98 47 Der
1384 2882 259 51 Nordstern
1674 2881 117 51 wird

212 2974 149 51 sicher
404 2992 89 31 von
536 2971 99 51 hier
676 2988 81 33 aus
799 2970 123 50 seine
951 2969 260 51 Rundreise
1244 2966 145 51 durch
1418 2984 115 50 ganz
1561 2966 203 50 Deutsch-

212 3059 105 51 land
348 3058 206 58 machen,
585 3055 93 52 und
710 3055 114 50 wird
856 3053 174 50 überall
1076 3053 208 67 gefallen,
1326 3069 75 32 wo
1432 3051 72 50 ein
1537 3050 257 51 Orchester

212 3143 88 49 wie
331 3143 79 49 das
442 3142 171 66 hiesige
658 3139 95 51 und
799 3138 72 51 ein
914 3138 135 49 Kreis
1095 3156 87 33 von
1213 3135 451 68 Gesangskünstlern
1711 3153 52 30 zu-

213 3224 399 59 sammenwirken,
645 3223 70 51 die
747 3241 48 31 es
828 3222 199 67 möglich
1058 3220 207 59 machen,
1302 3219 43 51 in
1378 3219 82 51 der
1490 3219 170 50 kurzen
1693 3218 101 49 Zeit

212 3328 89 33 von
333 3309 130 51 sechs
496 3308 218 52 Wochen
745 3307 69 49 ein
847 3323 51 33 so
930 3305 292 68 schwieriges
1244 3303 152 53 Werk
1426 3321 83 33 zur
1526 3303 239 49 Zufrieden-

213 3396 93 50 heit
336 3394 80 51 des
434 3392 330 70 Componisten
795 3410 82 30 vor
908 3390 71 51 die
996 3392 205 67 Lampen
1227 3406 56 31 zu
1305 3388 201 58 fördern,
1538 3387 82 50 der
1651 3387 145 50 selbst

213 3498 56 32 an
301 3479 82 51 der
411 3477 296 68 Möglichkeit
738 3474 255 69 gezweifelt
1031 3474 95 51 und
1168 3474 60 50 im
1258 3472 228 51 höchsten
1518 3472 153 49 Grade
1700 3471 96 50 sich

213 3563 272 52 überrascht
516 3561 173 69 gefühlt
721 3559 149 51 haben
900 3559 99 50 soll.

391 3821 244 57 Tages-
667 3818 141 45 und
839 3812 767 57 Unterhaltungs-Blatt.

293 3930 181 38 Möln.
537 3929 71 39 Die
637 3925 225 52 Eröffnung
891 3924 72 39 der
993 3919 499 44 Gesellschafts-Concerte
1530 3919 50 39 ist
1627 3915 70 42 auf
1719 3915 80 41 den

213 3992 65 40 24.
308 3992 37 40 d.
375 3992 55 40 M.
461 3991 263 40 verschoben.
770 3989 106 39 Herr
904 3986 260 43 Saloman,
1208 3981 127 41 durch
1379 3981 112 39 seine
1520 3977 251 55 Opern-Com-

213 4052 226 54 positionen
469 4051 119 52 („Das
980 4059 37 26 u.
1048 4057 29 28 s.
1106 4043 64 52 w.)
1197 4042 204 42 rühmlich
1439 4041 188 47 bekannt,
1657 4038 48 41 ist
1727 4038 71 40 mit

213 4116 134 40 seiner
376 4113 148 47 Gattin,
552 4113 92 52 geb.
673 4113 217 46 Nissen,
918 4109 88 41 hier
1034 4107 294 53 angekommen
1359 4106 82 39 und
1472 4104 101 41 wird
1604 4103 84 41 sich
1713 4103 63 38 län-

215 4191 93 39 gere
338 4177 85 40 Zeit
451 4174 86 42 hier
566 4174 215 41 aufhalten.
828 4174 107 39 Frau
965 4169 351 44 Saloman-Nissen
1345 4166 101 42 wird
1490 4166 42 41 in
1573 4166 80 41 den
1680 4163 99 42 hiesi-

1901 269 79 39 gen
2009 257 418 46 Winter-Concerten,
2472 269 43 29 so
2554 258 76 40 wie
2674 260 101 40 auch
2816 260 41 41 in
2886 260 241 41 Düsseldorf
3164 259 82 42 und
3291 259 203 42 Elberfeld

1901 320 153 52 singen.
2164 321 88 39 Aus
2282 321 166 53 Leipzig
2478 322 50 40 ist
2553 322 105 39 Frau
2688 324 68 40 Dr.
2786 324 228 48 Reclam,
3043 325 90 51 geh.
3163 324 212 47 Sachse,
3404 337 90 27 zum

1899 382 159 41 Besuch
2107 383 89 40 hier
2239 385 219 39 anwesend
2503 385 83 38 und
2634 384 184 41 entzückt
2859 386 41 39 in
2931 386 285 41 Privatcirkeln
3255 386 127 40 durch
3410 386 84 39 ihre

1902 445 380 54 Gesangsvorträge.
2312 447 66 40 Sie
2418 448 162 39 wohnte
2619 447 260 40 bekanntlich
2925 450 135 40 früher
3099 451 163 51 längere
3292 449 86 40 Zeit
3408 448 86 40 hier

1901 510 82 37 und
2013 521 83 27 war
2126 510 55 38 als
2213 510 364 52 Concertsängerin
2608 511 94 40 sehr
2731 510 164 42 beliebt.

1981 572 43 39 F.
2053 572 182 40 Hiller
2266 573 66 39 hat
2357 574 64 40 die
2451 574 148 40 Ferien
2650 587 51 27 an
2737 574 72 40 der
2839 573 275 40 Rheinischen
3142 575 276 40 Musikschule
3449 574 44 40 in

1901 633 54 41 St.
1988 634 283 41 Goarshausen
2302 637 243 50 zugebracht
2575 638 83 39 und
2689 642 117 34 unter
2835 637 179 40 anderen
3046 636 325 51 Compositioncn
3402 639 91 40 eine

2136 698 63 39 für
2230 698 298 48 Solostimmen,
2574 699 109 40 Chor
2728 700 83 39 und
2842 699 220 40 Orchester
3106 699 71 39 auf
3216 700 64 39 ein
3321 701 170 41 schönes

1901 760 173 40 Gedicht
2102 773 77 27 von
2209 760 292 53 Wolfgang
2530 762 201 40 Müller
2759 762 279 52 geschrieben.

1980 825 60 38 Im
2072 823 370 41 Stadttheater
2472 824 182 39 erschien
2684 825 57 38 als
2772 825 64 40 ein
2867 830 94 35 stets
3007 825 39 40 in
3090 825 111 39 Köln
3230 824 234 41 willkomme-

1898 901 72 28 ner
2002 888 97 39 Gast
2127 887 107 39 Frau
2262 898 105 27 von
2397 887 106 39 Mar
2521 900 66 26 ra.
2618 889 65 39 Sie
2712 894 76 35 trat
2817 889 148 40 einmal
2995 891 56 38 als
3081 889 129 40 Marie
3250 889 41 38 in
3321 888 71 39 der
3415 887 51 42 Re-

1902 950 332 54 gimentstochter
2264 948 84 40 und
2392 948 182 40 zweimal
2621 952 55 37 als
2715 952 157 51 Angela
2913 952 41 39 in
3000 953 90 39 dem
3135 952 166 40 kleinen
3330 951 139 39 Lieder-

1900 1015 100 52 spiel
2030 1014 176 52 gleiches
2237 1013 191 50 Namens,
2457 1013 173 40 welches
2660 1014 48 39 R.
2735 1014 181 40 Benedix
2945 1014 63 40 für
3037 1015 57 39 sie
3123 1014 266 53 geschrieben
3411 1013 81 47 hat,

1897 1079 77 48 auf,
2004 1078 84 41 und
2117 1076 163 41 verliess
2310 1090 75 27 uns
2417 1077 108 38 dann
2554 1076 162 47 wieder,
2749 1089 69 26 um
2846 1077 102 40 nach
2977 1078 257 39 Amsterdam
3267 1090 48 26 zu
3345 1077 145 52 gehen.

1898 1143 73 40 Die
2014 1141 199 42 treffliche
2259 1141 197 53 Sängerin
2507 1140 261 40 überraschte
2816 1152 77 26 uns
2934 1141 128 39 durch
3105 1141 65 39 die
3211 1141 164 39 Frische
3404 1142 86 38 und

1896 1207 116 39 Kraft
2039 1206 109 41 ihrer
2177 1206 181 47 Stimme,
2388 1205 166 48 welche,
2585 1203 170 41 seitdem
2785 1202 74 40 wir
2888 1202 56 40 sie
2974 1202 110 41 nicht
3114 1204 151 51 gehört,
3295 1204 97 40 eher
3423 1216 44 27 zu-

1896 1272 56 38 als
1983 1271 297 51 abgenommen
2310 1270 80 39 hat.
2448 1269 76 40 Die
2554 1267 147 41 Lieder
2730 1265 42 40 in
2816 1266 72 39 der
2917 1266 158 51 Angela
3117 1266 84 39 und
3230 1266 42 39 in
3301 1267 70 39 der
3401 1267 65 39 Cla-

1894 1334 204 39 vierscene
2129 1332 41 39 in
2200 1331 73 40 der
2303 1329 392 55 Regimentstochter
2725 1333 91 47 trug
2845 1328 58 40 sie
2933 1328 72 40 mit
3023 1328 93 40 dem
3146 1328 64 39 ihr
3239 1328 222 52 eigentüm-

1893 1396 132 41 lichen
2053 1395 161 39 Humor
2242 1406 84 36 vor,
2377 1393 176 40 welcher
2592 1391 90 41 eine
2725 1390 389 40 ausserordentliche
3155 1390 335 52 Kunstfertigkeit

1892 1460 72 38 mit
1993 1458 111 40 einer
2133 1460 201 53 gewissen
2366 1454 264 42 naiv-keckcn
2659 1453 129 40 Natur
2831 1466 50 26 zu
2925 1453 233 52 vereinigen
3206 1451 130 42 weiss.
3392 1452 95 40 Ihre

1894 1522 121 40 Höhe
2054 1522 49 40 ist
2150 1521 89 40 rein
2280 1519 84 41 und
2406 1517 91 48 voll,
2540 1516 275 52 keinesweges
2858 1515 113 39 dünn
3015 1515 83 39 und
3148 1514 112 52 spitz,
3300 1514 83 40 und
3429 1515 57 40 sie

1895 1585 231 40 schmettert
2155 1585 87 40 ihre
2272 1583 147 40 Triller
2448 1580 70 40 auf
2541 1580 80 39 den
2663 1578 193 40 höchsten
2886 1579 142 39 Tönen
3072 1578 72 40 mit
3189 1579 112 40 einer
3343 1578 144 42 Stärke

1893 1648 83 38 und
2006 1648 225 40 Sicherheit
2259 1646 159 44 heraus,
2448 1643 64 39 die
2541 1654 96 27 man
2651 1641 191 40 wahrlich
2872 1641 111 40 nicht
3011 1641 138 54 häufig
3179 1642 137 41 findet.
3349 1642 137 41 Wenn

1894 1722 92 27 man
2016 1710 239 51 heutzutage
2284 1721 43 28 so
2357 1708 101 40 viele
2488 1709 159 50 Klagen
2676 1707 102 39 über
2806 1705 165 39 Verlust
2999 1705 82 38 und
3111 1705 273 52 Verderbung
3413 1705 73 40 der

1893 1771 196 40 Stimmen
2120 1771 127 40 durch
2276 1772 410 50 Ueberanstrengung
2715 1782 40 26 u.
2785 1767 80 52 dgl.
2895 1767 102 47 hört,
3025 1779 44 27 so
3109 1767 50 39 ist
3189 1779 40 28 es
3260 1768 226 51 erfreulich,

1893 1834 65 39 ein
1989 1847 42 27 so
2061 1834 246 51 klangvolles
2348 1833 150 51 Organ,
2541 1832 77 40 wie
2668 1833 70 38 das
2784 1831 72 39 der
2897 1830 147 48 Marra,
3089 1830 41 40 in
3159 1831 329 39 unzerstörbarer

1892 1897 165 41 Frische
2086 1897 151 40 wieder
2266 1909 49 26 zu
2345 1895 141 40 hören.

1976 1960 212 40 Zwischen
2218 1959 93 40 dem
2345 1959 60 38 17.
2435 1958 85 39 und
2554 1957 60 40 19.
2644 1956 38 40 d.
2711 1956 57 41 M.
2799 1956 100 40 wird
2929 1956 192 52 Roger
3150 1968 79 28 von
3256 1954 115 40 Paris
3399 1954 89 40 hier

1894 2027 199 37 erwartet.
2122 2022 105 40 Eine
2257 2020 415 47 Theater-Direction,
2717 2019 153 40 welche
2900 2018 54 41 im
2997 2018 127 42 Laufe
3169 2030 78 27 von
3276 2017 85 40 vier
3390 2018 66 38 Wo-

1894 2088 102 39 chen
2040 2086 121 40 Gäste
2209 2085 77 39 wie
2330 2085 51 38 K.
2426 2084 180 47 Formes,
2651 2084 105 39 Frau
2799 2095 78 27 von
2906 2083 136 40 Marra
3087 2082 84 39 und
3215 2082 136 51 Roger
3395 2081 93 39 dem

1892 2148 215 41 Publicum
2138 2147 195 47 vorführt,
2361 2145 182 40 verdient
2574 2144 192 41 wahrlich
2797 2145 75 38 alle
2891 2143 320 52 Anerkennung,
3241 2156 29 26 w
3283 2142 111 41 elche
3423 2142 65 40 ihr

1893 2210 234 41 hoffentlich
2157 2209 101 40 auch
2289 2208 127 40 durch
2447 2208 64 40 die
2542 2208 114 47 That,
2688 2208 37 39 d.
2755 2207 40 39 h.
2827 2206 127 39 durch
2984 2206 65 39 ein
3086 2205 303 48 zahlreicheres,
3420 2204 66 41 die

1890 2272 335 52 Unternehmung
2254 2270 131 41 sicher
2414 2270 225 47 stellendes,
2670 2270 301 46 Abonnement,
3001 2268 130 40 wofür
3159 2268 85 40 sich
3274 2268 93 39 dem
3388 2267 74 40 Ver-

1889 2338 178 39 nehmen
2104 2335 104 39 nach
2251 2335 186 39 mehrere
2476 2333 71 40 der
2590 2336 131 35 ersten
2766 2331 303 40 Kunstfreunde
3123 2330 273 48 interessiren,
3437 2343 50 27 zu

1892 2399 117 40 Theil
2037 2398 165 40 werden
2240 2396 114 41 wird.

1973 2542 106 40 Frau
2107 2541 171 50 Jenny
2307 2537 538 43 Lind-Goldschmidt
2886 2537 69 39 hat
2983 2537 74 39 fast
3086 2536 98 41 zwei
3213 2535 163 42 Monate
3406 2535 62 40 die-

1892 2616 61 28 ses
1984 2604 205 40 Sommers
2220 2603 41 38 in
2291 2602 86 39 Bad
2406 2600 292 51 Kissingen
2728 2599 254 52 zugebracht,
3013 2611 63 27 wo
3096 2598 57 40 sie
3176 2597 190 52 übrigens
3395 2597 94 40 sehr

1891 2667 332 51 zurückgezogen
2267 2665 118 39 lebte.
2442 2663 157 41 Darauf
2623 2662 66 40 hat
2735 2662 56 40 sie
2822 2662 105 39 noch
2969 2660 63 40 die
3063 2660 202 40 Seebäder
3294 2672 49 27 zu
3371 2660 88 40 Nor-

1893 2730 201 50 derney
2123 2727 233 53 gebraucht,
2385 2726 85 39 und
2498 2726 51 39 da
2578 2725 88 40 ihre
2698 2725 251 40 Gesundheit
2976 2724 84 39 sich
3100 2723 150 40 wieder
3293 2723 171 40 vollkom-

1892 2804 94 27 men
2015 2790 186 53 gestärkt,
2232 2802 43 27 so
2305 2789 68 40 hat
2402 2788 56 40 sie
2488 2788 78 39 den
2594 2787 236 40 Entschluss
2861 2786 154 52 gefasst,
3056 2785 63 39 die
3149 2785 163 40 nächste
3343 2784 146 41 Saison

1891 2853 106 40 noch
2029 2852 147 40 einmal
2204 2851 151 39 wieder
2385 2850 101 40 nach
2517 2850 217 39 London
2773 2862 49 26 zu
2861 2848 129 52 gehen
3227 2848 89 39 dort
3346 2860 49 26 zu
3425 2859 41 28 er-

1891 2916 209 40 zielenden
2128 2914 258 40 Einnahmen
2416 2912 63 40 für
2508 2912 63 40 ihr
2602 2911 256 40 Töchterlein
2888 2923 48 26 zu
2967 2909 280 52 capitalisircn.

1968 3046 280 37 Dresden.
2298 3041 130 40 Unser
2451 3039 236 42 Hoftheater
2715 3038 68 40 hat
2822 3038 160 40 endlich
3011 3039 44 40 C.
3084 3038 56 40 M.
3170 3050 36 28 v.
3238 3038 198 39 Weber
3474 3050 17 28 s

1889 3106 197 41 herrliche
2115 3104 299 52 Euryanthe
2446 3103 151 41 wieder
2627 3104 71 39 auf
2721 3104 65 39 die
2816 3103 127 39 Scene
2973 3101 213 53 gebracht;
3232 3100 77 40 wir
3353 3100 137 41 hatten

1887 3170 57 40 sie
1974 3169 70 40 seit
2074 3168 90 39 fünf
2187 3168 149 40 Jahren
2366 3167 109 39 nicht
2503 3167 153 52 gehört.
2687 3165 188 42 Fräulein
2902 3166 107 51 Ney
3051 3166 56 38 als
3145 3163 218 53 Eglantine
3392 3164 96 43 und,

1889 3231 351 42 Tichatschek
2270 3232 56 38 als
2355 3230 156 39 Adolar
2539 3241 136 27 waren
2705 3228 320 52 ausgezeichnet.

1969 3366 277 35 Weimar,
2285 3358 101 40 Hier
2414 3357 102 40 wird
2547 3356 88 40 eine
2667 3356 111 52 Oper
2806 3368 80 27 von
2914 3354 348 42 Rubinstein:
3305 3354 101 49 „Die
3434 3353 34 40 si-

1891 3428 202 41 birischen
2308 3420 222 42 einstudirt.

1970 3543 451 42 Baden-Baden.
2478 3538 107 39 Frau
2626 3536 477 40 Nissen-Saloman
3148 3545 96 39 sang
3274 3544 70 28 vor
3374 3531 109 41 ihrer

1891 3609 170 41 Abreise
2089 3620 79 27 von
2196 3605 87 40 hier
2310 3601 105 40 noch
2446 3601 40 39 in
2517 3600 113 39 einer
2660 3598 138 40 Soiree
2829 3599 67 39 des
2919 3597 171 40 Prinzen
3119 3607 78 27 von
3228 3593 250 52 Oldenburg,

1892 3673 42 40 in
1962 3671 174 40 welcher
2174 3666 101 42 auch
2315 3664 65 40 die
2409 3662 181 52 Königin
2620 3674 78 27 von
2727 3660 175 40 Holland
2940 3656 271 54 gegenwärtig
3253 3668 96 35 war,
3397 3657 85 38 und

1893 3747 64 28 am
1985 3734 38 40 2.
2053 3732 176 40 October
2258 3740 64 28 am
2350 3727 108 40 Hofe
2488 3726 71 39 der
2590 3721 313 52 Grossherzogin
2933 3732 76 28 von
3038 3720 151 40 Baden.

1974 3854 292 41 Salzburg.
2320 3846 168 50 Montag
2536 3844 77 39 den
2662 3843 36 37 4.
2752 3837 238 52 September
3041 3837 280 39 veranstaltete
3374 3835 109 41 Herr

1893 3913 212 42 Eduard
2134 3912 211 44 Doctor,
2396 3908 206 38 Professor
2642 3916 63 26 am
2735 3900 204 51 königlich
2978 3898 254 41 baierischen
3262 3898 196 40 Conserva-

1893 3977 148 40 torium
2071 3988 48 26 zu
2148 3971 221 46 München,
2400 3970 54 39 im
2484 3967 178 50 hiesigen
2688 3962 342 41 Rathhaus-Saale
3061 3961 64 39 ein
3156 3960 227 40 Concert
3413 3974 70 27 zur

1893 4038 259 49 Erinnerung
2204 4048 49 27 an
2297 4034 69 39 das
2404 4032 74 40 Mo
2491 4032 111 36 zart
2614 4029 108 44 fest,
2766 4024 173 40 welches
2978 4036 51 27 an
3069 4024 233 38 demselben
3333 4023 149 40 Datum

1894 4114 72 28 vor
1990 4099 122 41 zwölf
2127 4098 152 40 Jahren
2307 4095 87 39 hier
2422 4093 98 39 Statt
2549 4091 104 46 fand,
2682 4090 56 38 als
2769 4088 65 39 die
2863 4087 136 40 Statue
3027 4086 185 40 Mozart's
3240 4090 120 35 unter
3390 4087 91 38 dem

1895 4161 365 41 Zusammenflusse
2289 4169 75 29 von
2393 4153 333 44 Musikfreunden
2755 4163 70 28 aus
2864 4162 99 40 ganz
2995 4149 163 51 Europa
3187 4148 182 41 feierlich
3400 4153 60 35 ent-
