2174 3558
99 114 78 47 644

930 124 328 26 INFORMATIONS

599 311 170 40 Actes
800 310 301 41 officiels.
1131 310 30 41 —
1191 310 391 41 Informations.

153 456 395 41 CONSERVATOIRE.
693 457 89 40 Par
832 461 140 36 arrêté
1013 458 260 39 ministériel
1317 472 54 27 en
1412 459 101 40 date
1551 459 58 40 du
1651 473 50 38 29
1746 457 179 41 octobre
1971 473 117 37 1903,

96 523 113 40 MM.
233 523 136 41 Henri
391 523 227 42 Maréchal
642 534 40 31 et
704 525 160 42 Warot
887 534 75 31 ont
997 530 67 35 été
1103 527 178 51 appelés
1310 530 22 36 à
1362 526 108 41 faire
1493 528 142 51 partie
1669 527 58 39 du
1750 527 167 39 conseil
1956 532 106 46 supé-

96 594 119 39 rieur
247 593 381 50 d'enseignement
664 595 58 39 du
758 593 358 50 Conservatoire,
1150 609 55 26 en
1239 596 349 51 remplacement
1621 595 58 40 de
1706 593 115 40 MM.
1844 593 243 56 Joncières,

97 659 174 46 décédé,
297 669 40 30 et
360 659 164 52 Crosti,
548 662 74 49 qui
642 674 122 27 cesse
783 675 69 26 ses
875 660 237 42 fonctions.

150 727 180 41 D'autre
365 737 113 43 part,
518 727 61 42 M.
605 729 145 40 Emile
784 729 128 53 Réty,
944 729 199 41 membre
1178 730 54 40 de
1267 744 46 26 ce
1350 735 145 35 même
1533 731 182 46 conseil,
1742 732 121 38 vient
1898 730 54 39 de
1981 729 108 40 faire

97 798 148 38 savoir
285 800 22 35 à
342 795 61 40 M.
439 797 39 39 le
508 796 206 41 Ministre
741 798 54 40 de
833 798 296 40 l'instruction
1165 798 214 52 publique
1423 807 41 32 et
1499 799 77 39 des
1611 798 262 41 beaux-arts
1907 795 106 55 qu'il
2044 811 45 26 se

96 864 226 41 démettait
345 864 52 40 de
420 878 70 27 ses
514 864 236 42 fonctions.

153 963 265 41 INSPECTION
453 979 55 24 DE
541 962 383 43 L'ENSEIGNEMENT
946 978 209 27 MUSICAL.
1270 964 62 41 Le
1367 966 127 39 décès
1532 965 52 40 de
1621 964 61 41 M.
1721 965 227 41 Victorien
1981 965 80 54 Jon-

96 1033 134 38 cières
254 1031 132 40 laisse
407 1040 159 31 vacant
588 1046 60 25 un
677 1031 167 52 emploi
866 1031 303 53 d'lnspecteur
1190 1033 54 39 de
1267 1031 384 52 l'Enseignement
1670 1033 189 45 musical
1894 1034 110 39 dans
2025 1034 62 39 les

95 1099 274 40 succursales
391 1099 58 40 du
470 1098 341 41 Conservatoire
834 1108 41 31 et
897 1099 63 40 les
981 1099 159 41 Ecoles
1164 1101 251 40 nationales
1439 1101 53 39 de
1515 1102 223 49 musique.

149 1199 37 36 A
205 1197 265 41 L'INSTITUT.
567 1197 64 40 Le
650 1198 168 39 samedi
844 1212 43 36 31
913 1198 195 51 octobre,
1132 1198 272 40 l'Académie
1427 1198 78 40 des
1538 1197 275 41 Beaux-Arts
1828 1212 22 25 a
1871 1198 149 40 donné
2041 1211 46 26 sa

93 1269 157 36 séance
272 1265 215 52 publique
522 1266 207 40 annuelle
758 1280 105 26 sous
897 1267 40 39 la
965 1268 258 51 présidence
1242 1268 54 38 de
1315 1266 61 40 M.
1399 1266 274 52 Marqueste,
1701 1269 91 49 qui,
1811 1280 103 26 avec
1935 1275 153 31 autant

90 1334 26 38 d
136 1333 240 52 éloquence
390 1347 85 38 que
496 1332 241 42 d'émotion
762 1335 145 47 réelle,
936 1350 21 25 a
979 1336 141 40 rendu
1141 1336 243 50 hommage
1399 1350 83 26 aux
1502 1336 226 40 membres
1745 1336 54 39 de
1816 1333 270 42 l'Académie

92 1407 267 35 récemment
382 1402 201 46 décédés,
608 1411 41 31 et
689 1403 181 39 adressé
911 1404 281 40 d'excellents
1225 1404 192 40 conseils
1453 1418 82 26 aux
1555 1404 195 40 lauréats
1788 1405 75 49 qui
1903 1403 185 40 allaient

90 1472 138 48 partir
249 1484 113 37 pour
384 1470 39 39 la
440 1470 103 40 villa
560 1469 202 41 Médicis.
783 1470 68 40 Au
871 1471 152 43 début,
1042 1472 257 40 l'orchestre
1319 1473 142 50 dirigé
1484 1487 79 38 par
1583 1472 63 40 M.
1670 1472 202 40 Taffanel
1894 1470 56 52 (et
1974 1472 84 39 mal-

89 1539 343 39 heureusement
452 1539 247 48 dissimulé,
724 1553 55 26 au
798 1554 24 36 4
828 1548 13 16 e
879 1544 128 46 étage
1029 1539 54 40 de
1106 1540 40 39 la
1165 1540 127 48 salle,
1319 1541 111 40 dans
1454 1555 58 26 un
1531 1542 35 38 si
1586 1545 186 45 étrange
1790 1539 111 40 local
1937 1553 85 38 que
2045 1539 39 39 la

90 1606 177 52 plupart
296 1607 76 39 des
397 1606 335 49 académiciens,
753 1616 94 31 tout
863 1621 54 26 en
936 1606 94 50 bas,
1049 1607 61 40 lui
1134 1616 209 33 tournent
1366 1609 39 39 le
1425 1607 95 54 dos)
1547 1623 22 25 a
1594 1612 177 36 exécuté
1793 1623 60 24 un
1876 1621 209 26 morceau

92 1673 327 53 symphonique
438 1674 54 39 de
507 1673 62 40 M.
607 1673 188 41 Charles
828 1673 192 50 Lévadé,
1047 1673 320 54 pensionnaire
1384 1677 53 38 de
1458 1676 158 48 Rome,
1636 1676 175 39 intitulé
1840 1675 246 40 Variations

89 1741 326 54 symphoniques
429 1757 71 23 sur
517 1743 70 37 des
609 1742 85 39 airs
708 1743 191 40 écossais.
925 1742 86 40 Ces
1028 1752 139 31 sortes
1185 1743 80 40 d'«
1294 1746 153 38 envois
1470 1756 19 26 ))
1508 1745 324 50 sontimposés,
1851 1757 57 26 on
1927 1743 38 39 le
1982 1745 99 48 sait,

94 1823 81 25 aux
216 1810 337 50 pensionnaires
588 1809 54 40 de
671 1809 143 40 Rome
838 1824 9 33 ;
868 1812 112 37 mais
1019 1811 54 39 ils
1107 1819 102 31 sont
1242 1811 166 52 parfois
1447 1825 84 38 peu
1564 1811 331 40 considérables
1927 1820 41 31 et
1999 1825 85 38 peu

92 1878 194 48 soignés.
311 1875 206 41 L'œuvre
539 1877 53 38 de
613 1875 62 40 M.
701 1875 192 52 Lévadé,
920 1877 133 52 qu'on
1085 1880 193 49 croirait,
1304 1884 21 35 à
1348 1880 213 39 entendre
1581 1880 63 39 les
1669 1881 241 50 premières
1926 1893 155 38 pages,

92 1946 153 37 écrites
263 1958 79 37 par
364 1959 59 25 un
446 1945 183 51 disciple
660 1944 222 52 d'Haydn,
903 1954 40 31 et
966 1952 56 33 où
1042 1946 40 39 la
1106 1947 184 40 couleur
1308 1956 64 31 est
1390 1953 85 34 très
1493 1948 201 47 discrète,
1714 1960 54 26 ne
1798 1947 86 39 m'a
1905 1961 110 37 paru
2040 1948 43 37 ni

93 2025 121 26 assez
234 2012 295 51 personnelle,
555 2014 43 37 ni
623 2025 121 27 assez
765 2014 208 39 sérieuse.
993 2012 211 42 L'auteur
1222 2030 27 36 y
1272 2023 175 31 montre
1467 2015 77 39 des
1568 2015 191 52 qualités
1781 2014 135 52 qu'on
1939 2029 21 25 a
1985 2014 97 53 déjà

92 2093 54 26 eu
168 2079 237 40 l'occasion
439 2080 274 52 d'apprécier
734 2089 40 31 et
797 2080 54 40 de
885 2085 312 48 récompenser
1221 2096 9 33 ;
1250 2082 28 40 il
1301 2081 230 53 n'apporte
1555 2084 94 38 rien
1667 2083 53 39 de
1743 2096 221 33 nouveau,
1991 2084 93 38 rien

94 2150 73 49 qui
190 2162 186 38 marque
397 2162 59 26 un
478 2157 380 31 commencement
897 2147 301 52 d'originalité
1218 2161 8 38 ;
1252 2151 30 39 il
1306 2164 46 26 se
1397 2151 108 40 livre
1527 2149 120 41 enfin
1669 2155 22 35 à
1713 2166 61 24 un
1793 2152 192 38 exercice
2009 2152 74 50 qui

93 2214 68 41 n'a
186 2217 93 37 rien
302 2216 52 39 de
370 2230 210 26 commun
619 2230 102 26 avec
755 2216 267 41 l'éducation
1042 2218 190 50 spéciale
1265 2216 137 53 qu'un
1435 2220 218 38 musicien
1688 2226 105 43 peut
1832 2227 179 31 trouver
2029 2230 54 26 en

94 2283 137 40 Italie.
250 2283 64 40 De
353 2284 80 40 tels
452 2286 214 38 exercices
692 2286 250 49 paraissent
966 2286 120 38 avoir
1117 2300 59 24 un
1200 2291 219 34 caractère
1439 2294 233 42 purement
1709 2284 323 40 administratif
2044 2294 40 30 et

94 2360 167 31 rentrer
277 2352 111 38 dans
407 2352 39 39 la
464 2355 221 47 catégorie
708 2352 76 39 des
804 2354 209 38 écritures
1028 2352 195 40 inutiles.
1248 2352 50 54 Je
1319 2354 333 50 comprendrais
1673 2350 138 54 qu'un
1834 2354 130 50 jeune
1987 2367 64 25 mu-

94 2421 135 38 sicien
252 2418 192 51 français
482 2418 64 41 fût
569 2424 168 47 envoyé
761 2424 22 34 à
821 2419 141 41 Rome
985 2433 113 39 pour
1130 2435 27 37 y
1179 2421 171 39 étudier
1372 2420 53 40 de
1440 2426 116 45 près,
1580 2429 40 31 et
1642 2425 21 34 à
1687 2424 144 35 même
1854 2420 39 39 la
1910 2434 172 29 source,

94 2488 188 38 certains
306 2487 168 50 grands
497 2488 337 50 compositeurs,
866 2487 80 40 tels
971 2500 85 39 que
1091 2487 250 40 Palestrina
1362 2499 8 37 ;
1393 2489 37 51 je
1451 2489 332 51 comprendrais
1807 2488 106 52 qu'il
1929 2503 27 37 y
1977 2488 105 40 allât

92 2568 112 38 pour
226 2555 184 49 étudier,
437 2555 232 47 recueillir,
695 2564 40 30 et
758 2569 55 26 au
830 2555 156 40 besoin
1011 2564 156 31 mettre
1190 2569 54 26 en
1266 2569 150 27 œuvre
1439 2557 113 39 dans
1572 2557 52 39 de
1647 2569 233 28 nouveaux
1908 2557 172 45 cadres,

91 2623 63 39 les
169 2625 320 49 compositions
539 2622 242 51 françaises
816 2623 57 40 du
925 2638 70 25 xvi
1000 2628 14 16 e
1050 2623 129 40 siècle
1222 2625 74 50 qui
1334 2633 99 30 sont
1463 2630 180 46 éparses
1682 2625 112 39 dans
1825 2625 62 38 les
1923 2623 137 41 biblio-

92 2691 185 51 thèques
296 2689 57 54 (1)
375 2692 58 51 ;je
468 2691 332 52 comprendrais
836 2689 121 42 enfin
978 2690 107 53 qu'il
1122 2693 224 51 séjournât
1371 2693 192 52 quelque
1580 2702 142 43 temps
1747 2707 54 25 en
1826 2692 125 41 Italie
1971 2706 112 38 pour

92 2760 124 38 avoir
228 2759 299 52 l'impression
541 2759 54 40 de
610 2761 189 38 certains
811 2759 346 42 chefs-d'œuvre
1170 2760 246 52 plastiques
1436 2761 108 40 dont
1567 2761 40 40 la
1626 2762 321 39 connaissance
1961 2774 121 26 com-

132 2909 48 41 (1)
197 2909 63 32 Tel
277 2916 51 24 est
345 2909 179 31 d'ailleurs
543 2907 136 41 l'esprit
717 2907 45 32 du
782 2910 199 40 règlement
1011 2907 42 32 de
1076 2907 226 33 l'Académie
1320 2909 43 31 de
1389 2909 137 33 France
1551 2911 17 30 à
1591 2910 123 31 Rome.
1737 2909 97 32 Dans
1852 2911 31 29 la
1906 2908 176 41 première

89 2959 124 35 année,
235 2960 31 30 le
302 2957 255 40 pensionnaire
585 2957 175 32 musicien
780 2957 75 33 doit
878 2968 189 29 composer
1090 2957 90 32 deux
1203 2957 196 40 partitions
1422 2961 200 38 complètes
1639 2968 6 22 :
1667 2961 96 28 l'une
1779 2965 51 24 est
1853 2969 49 20 un
1923 2957 158 33 oratorio

89 3019 59 20 sur
167 3008 61 32 des
247 3010 141 38 paroles
425 3007 207 42 françaises,
669 3006 189 33 italiennes
902 3018 44 21 ou
971 3007 129 32 latines
1126 3020 7 24 ;
1159 3018 44 21 ou
1240 3007 99 38 bien,
1359 3010 18 29 à
1398 3019 64 21 son
1504 3007 116 38 choix,
1644 3017 69 22 une
1747 3017 113 22 messe
1884 3009 197 30 solennelle

90 3057 194 41 {Requiem,
309 3068 45 22 ou
385 3057 207 41 TeDeum).
619 3056 141 33 L'autre
797 3057 173 39 partition
993 3056 75 33 doit
1091 3061 74 28 être
1207 3069 48 19 un
1279 3058 108 39 opéra
1426 3067 45 22 ou
1494 3057 180 41 fragment
1690 3054 161 41 d'opéra.
1876 3056 25 30 11
1926 3055 89 39 doit,
2038 3066 43 21 en

89 3115 115 29 outre,
235 3108 115 42 copier
371 3119 43 19 ou
432 3111 123 27 mettre
587 3118 40 20 en
658 3107 178 43 partition
874 3107 186 31 lui-même
1095 3117 68 20 une
1187 3117 116 20 oeuvre
1322 3107 130 31 médite
1486 3108 58 29 des
1580 3108 144 29 maîtres
1742 3107 58 29 des
1834 3117 55 19 xvi
1893 3110 13 16 e
1911 3130 8 12 ,
1935 3116 87 20 xvne
2039 3116 43 20 ou

88 3166 96 23 xviiitf
208 3157 133 38 siècles,
363 3161 197 37 manquant
578 3157 72 30 àla
672 3156 229 41 bibliothèque
923 3157 46 30 du
1000 3156 268 32 Conservatoire
1296 3156 53 39 [de
1365 3156 132 41 Paris).
1537 3156 96 31 Dans
1668 3157 32 30 la
1732 3154 185 33 deuxième
1951 3156 129 36 année,

89 3206 216 42 obligation,
327 3216 138 22 comme
488 3206 88 32 dans
594 3210 31 29 la
636 3206 187 41 première,
846 3206 42 32 de
912 3216 190 30 composer
1136 3206 92 31 deux
1261 3205 194 41 partitions
1478 3206 207 38 complètes.
1711 3206 97 30 Dans
1828 3207 33 29 la
1885 3204 195 37 troisième,

89 3256 204 41 obligation
317 3255 148 33 d'écrire
488 3269 47 19 un
559 3258 108 39 opéra
693 3267 43 21 en
760 3268 46 20 un
827 3263 89 32 acte,
934 3263 32 25 et
983 3256 42 31 de
1043 3266 193 30 composer
1253 3258 32 30 le
1311 3265 165 22 morceau
1493 3253 270 42 symphonique
1803 3253 141 32 destiné
1970 3256 18 29 à
2008 3257 73 28 être

88 3306 146 31 exécuté
249 3317 43 20 au
309 3314 308 24 commencement
633 3306 42 32 de
691 3307 170 31 laséance
877 3305 181 42 publique
1073 3308 167 30 annuelle
1263 3306 43 31 de
1330 3307 8 29 1
1354 3303 205 33 Académie.
1581 3303 98 31 Dans
1695 3305 32 29 la
1747 3302 202 42 quatrième
1967 3305 114 30 année

88 3353 109 38 enfin,
220 3354 203 42 obligation
438 3354 150 33 d'écrire
618 3367 47 20 un
686 3357 107 39 opéra
825 3366 42 21 en
910 3367 47 20 un
985 3363 89 30 acte,
1098 3366 61 21 sur
1191 3366 47 20 un
1271 3355 102 32 livret
1397 3353 125 33 ancien
1540 3363 44 21 ou
1608 3362 178 30 nouveau,
1806 3354 183 39 approuvé
2018 3364 64 29 par

88 3406 31 28 la
147 3403 137 32 section
307 3404 42 31 de
387 3404 166 40 musique
570 3404 43 32 de
636 3404 231 32 l'Académie.
