2174 3558
95 160 81 46 640

924 169 76 26 LES
1035 169 228 27 CONCERTS

98 287 127 46 après
248 282 123 38 avoir
389 284 67 36 été
476 284 212 36 renversé

1246 280 169 40 semble
1440 282 123 38 avoir
1585 282 54 38 ici
1660 279 140 55 (1788)
1822 296 80 26 son
1928 284 163 51 emploi

96 365 204 42 définitif.
325 365 62 40 Le
420 372 219 34 caractère
658 366 222 49 essentiel,
904 381 55 24 au
982 367 124 50 point
1129 367 53 38 de
1199 379 85 26 vue
1304 367 250 51 technique,
1590 367 53 39 de
1666 376 108 31 cette
1794 381 150 26 œuvre
1966 369 101 38 char-

96 443 164 37 mante,
307 436 74 50 qui
414 435 137 49 garde
584 448 86 26 une
693 437 131 47 grâce
849 434 278 40 adolescente
1151 435 113 38 dans
1297 435 62 39 les
1383 449 138 37 pages
1557 435 53 40 de
1638 436 241 49 grandeur,
1904 435 101 41 c'est
2034 451 58 25 un

96 502 156 40 travail
291 503 53 38 de
373 504 280 50 contrepoint
674 510 94 32 tout
808 506 21 35 à
865 501 78 40 fait
987 501 327 52 remarquable;
1358 504 119 39 aussi
1511 511 133 32 est-ce
1679 503 112 40 dans
1828 503 77 40 des
1941 506 151 37 traités

95 571 221 50 spéciaux,
336 570 80 40 tels
440 584 84 37 que
548 568 25 41 Y
576 570 82 39 Art
677 571 50 38 de
750 569 41 40 la
798 571 150 54 fugue
980 571 52 38 de
1054 569 216 53 Marpurg
1312 568 277 55 (appendice,
1614 571 145 52 ajouté
1779 585 78 38 par
1889 570 201 51 Sechter)

95 647 41 30 et
155 638 111 39 dans
289 638 38 39 le
356 638 145 39 Traité
519 638 50 39 de
592 637 285 54 composition
900 638 54 39 de
972 637 140 48 Lobe,
1138 637 134 53 qu'on
1296 652 54 26 en
1371 647 154 32 trouve
1542 652 86 26 une
1649 639 196 51 analyse.

1976 638 46 54 J.
2045 638 45 54 C.

152 709 21 36 8
206 705 256 41 novembre.

550 705 64 40 La
637 705 276 52 Symphonie
930 718 54 27 en
1004 708 45 37 ré
1068 707 171 51 majeur
1260 706 52 40 de
1330 705 187 52 Mozart,
1553 711 235 47 composée
1804 720 54 26 en
1895 709 116 48 1786,
2037 720 54 26 ne

95 779 152 34 diltère
266 787 80 38 pas
370 779 319 34 sensiblement
706 774 76 39 des
802 774 285 51 précédentes
1114 788 7 25 :
1141 787 87 27 une
1251 774 97 40 idée
1371 773 224 54 s'expose;
1618 774 82 40 elle
1719 783 65 31 est
1806 774 86 40 fort
1909 774 177 52 simple:

95 856 59 25 un
186 848 198 47 grupetto
411 855 54 26 en
496 850 65 31 est
583 842 40 39 la
646 844 141 49 partie
807 842 249 40 essentielle
1072 853 8 37 ;
1107 843 148 50 quand
1285 843 81 39 elle
1390 842 103 40 s'est
1525 842 102 40 bien
1670 841 207 46 affirmée,
1902 857 60 25 un
1984 844 107 50 petit

95 910 162 39 silence
280 920 7 37 ;
310 918 40 32 et
373 910 39 39 la
444 910 189 40 seconde
665 910 96 39 idée
793 912 212 47 survient,
1047 912 120 37 aussi
1211 910 192 40 aimable
1439 924 84 38 que
1559 912 39 38 la
1625 912 231 50 première.
1893 910 108 40 Puis
2030 925 60 25 un

95 979 207 49 gracieux
332 978 209 50 dialogue
566 976 226 51 s'engage,
834 986 41 30 et
911 977 201 39 s'achève
1135 991 106 25 sans
1259 978 201 40 violence
1492 987 41 31 et
1568 992 104 26 sans
1696 979 129 39 heurt
1848 992 8 26 :
1886 978 56 40 tel
1963 987 66 31 est
2051 978 39 40 le

94 1047 191 49 premier
306 1054 301 38 mouvement,
633 1045 106 39 dont
774 1043 61 40 M.
862 1043 256 41 Chevillard
1141 1058 22 26 a
1193 1044 86 40 fort
1319 1044 104 41 bien
1455 1047 139 39 rendu
1629 1055 143 31 toutes
1793 1047 62 39 les
1884 1044 202 43 finesses.

94 1111 247 41 L'andante
367 1121 65 31 est
453 1117 21 35 à
496 1113 216 50 couplets,
732 1120 41 32 et
790 1126 45 26 se
858 1113 235 39 maintient
1117 1112 111 40 dans
1249 1126 87 26 une
1358 1113 102 51 jolie
1483 1127 171 26 nuance
1675 1113 241 40 d'émotion
1936 1114 124 39 modé-

95 1186 70 34 rée
181 1192 7 34 ;
217 1180 38 40 le
280 1178 148 50 finale,
454 1180 174 51 joyeux,
649 1179 78 40 fait
751 1180 193 39 admirer
960 1178 183 51 l'agilité
1156 1180 54 39 de
1233 1180 39 39 la
1294 1180 119 40 flûte.
1433 1180 55 40 Et
1507 1189 92 32 tout
1619 1181 88 39 cela
1725 1189 64 31 est
1808 1195 59 25 un
1883 1181 69 51 jeu
1968 1181 98 39 char-

92 1257 139 37 mant,
255 1249 112 38 mais
390 1247 173 50 malgré
581 1256 95 31 tout
698 1260 46 27 ce
761 1246 111 41 n'est
890 1246 137 53 qu'un
1043 1245 87 55 jeu,
1152 1247 39 39 le
1212 1248 69 52 jeu
1301 1246 107 43 d'un
1442 1247 152 41 enfant
1613 1249 120 39 divin
1754 1250 75 50 qui
1862 1249 109 39 n'est
2011 1263 78 37 pas

92 1331 159 27 encore
270 1333 61 25 un
353 1318 194 40 homme.
572 1316 291 41 L'ouverture
880 1317 53 40 de
950 1317 194 39 Léonore
1174 1315 67 54 (n°
1263 1317 37 52 3)
1325 1318 53 39 de
1401 1315 256 41 Beethoven
1682 1331 21 24 a
1747 1320 67 36 été
1836 1317 126 51 jouée
1985 1330 105 26 avec

93 1400 86 27 une
211 1386 259 39 délicatesse
494 1385 328 52 remarquable,
846 1387 113 37 mais
982 1387 221 37 excessive
1230 1396 8 27 :
1281 1398 57 27 on
1377 1390 73 34 eût
1482 1397 189 38 presque
1704 1383 63 40 dit
1789 1383 58 40 du
1881 1383 173 40 Mozart
2078 1395 8 27 :

92 1453 180 54 j'aurais
294 1453 171 52 préféré
484 1454 101 51 plus
604 1454 54 39 de
677 1452 169 51 fougue
869 1461 40 32 et
926 1453 218 40 d'ardeur.
1167 1451 56 41 Et
1246 1454 115 50 puis,
1385 1451 64 40 M.
1475 1451 257 40 Chevillard
1754 1465 21 25 a
1801 1460 84 31 tort
1903 1451 53 40 de
1988 1452 80 39 lais-

94 1536 70 26 ser
185 1522 281 40 lourdement
489 1520 226 41 retomber
735 1535 76 27 sur
833 1536 46 26 sa
905 1531 102 31 note
1030 1521 133 41 finale
1191 1530 109 32 cette
1340 1520 248 41 admirable
1619 1521 163 51 phrase
1822 1521 76 39 des
1933 1519 155 40 basses

93 1592 74 50 qui
191 1590 93 40 doit
307 1590 163 49 surgir,
505 1602 46 26 se
569 1590 174 49 gonfler
764 1599 41 31 et
829 1604 45 26 se
894 1590 157 52 perdre
1075 1603 104 27 avec
1202 1587 294 42 l'irrésistible
1521 1588 229 53 souplesse
1769 1588 131 40 d'une
1926 1601 160 37 vague,

91 1658 131 40 d'une
244 1658 170 50 grande
436 1671 147 36 vague
605 1656 195 52 d'espoir
818 1667 41 31 et
882 1658 53 40 de
955 1657 134 41 bonté
1114 1673 6 25 :

146 1940 172 42 L'essai
343 1941 333 53 symphonique
693 1941 54 40 de
773 1940 260 42 Schumann
1055 1942 176 40 intitulé
1260 1941 249 48 Ouverture,
1527 1940 184 54 Scherzo
1747 1948 35 34 et
1800 1941 153 41 Filiale
1973 1957 21 26 a
2013 1957 74 26 sur

92 2009 62 40 les
192 2018 146 31 autres
362 2010 292 52 symphonies
691 2009 58 40 du
788 2013 144 35 même
971 2018 158 31 auteur
1170 2008 251 52 l'avantage
1459 2008 136 41 d'être
1627 2018 146 40 court;
1808 2010 38 39 la
1871 2013 216 49 première

91 2077 161 51 phrase
269 2077 52 40 de
341 2077 23 39 Y
375 2077 233 40 Ouverture
632 2090 113 27 nous
767 2075 102 53 jette
890 2076 215 40 d'emblée
1124 2090 54 25 en
1196 2077 118 51 plein
1333 2081 121 44 rêve;
1493 2077 40 40 la
1556 2077 204 51 seconde,
1782 2079 147 38 moins
1953 2081 112 48 origi-

90 2145 116 47 nale,
232 2159 22 26 a
279 2158 158 27 encore
456 2145 53 40 de
529 2145 40 40 la
594 2149 135 46 grâee
745 2159 9 33 ;
798 2145 39 39 le
860 2143 180 40 Scherzo
1064 2153 41 31 et
1147 2152 172 32 surtout
1345 2158 80 27 son
1466 2147 83 38 trio
1585 2154 100 31 sont
1727 2145 255 41 charmants
2000 2162 8 33 ;
2047 2147 39 39 le

88 2213 153 39 Finale
247 2244 9 18 ,
277 2222 96 43 trop
399 2214 304 51 académique,
732 2220 95 32 sent
850 2211 172 41 l'effort.
1065 2211 151 42 Grand
1241 2218 149 34 succès
1413 2226 113 38 pour
1559 2211 47 40 M
1612 2220 40 15 rae
1692 2212 188 53 Raunay
1914 2215 112 39 dans
2049 2215 38 39 le

89 2283 106 38 récit
212 2281 58 40 du
291 2295 155 36 songe,
469 2290 41 31 et
526 2281 97 40 l'air
642 2282 75 50 qui
741 2281 60 39 lui
820 2279 79 41 fait
924 2282 127 48 suite,
1074 2281 58 38 du
1158 2295 12 24 i
1180 2308 30 18 Pr
1246 2289 93 32 acte
1360 2281 25 38 d
1393 2279 7 12 9
1405 2279 227 55 lphigénie
1660 2295 49 24 en
1751 2280 186 41 Tauride
1942 2314 7 16 ,
1974 2284 113 38 ainsi

91 2362 84 39 que
195 2350 111 39 dans
326 2349 39 39 la
389 2348 205 40 Chanson
613 2349 256 53 perpétuelle
903 2349 53 39 de
994 2349 254 47 Chausson,
1286 2351 35 38 si
1354 2363 151 36 grave,
1547 2352 36 37 si
1613 2349 133 41 noble
1768 2359 41 31 et
1851 2352 35 38 si
1916 2352 168 50 tendre,

91 2421 327 46 accompagnée
434 2416 105 40 d'un
563 2416 224 40 orchestre
816 2423 56 33 où
893 2425 93 31 tout
1006 2417 157 39 chante
1185 2425 41 31 et
1246 2418 178 49 soupire
1448 2421 22 35 à
1489 2415 130 41 l'envi
1643 2418 52 38 de
1714 2418 40 39 la
1786 2420 114 38 voix.

1502 2483 144 41 LOUIS
1666 2483 166 41 LALOY.

207 2586 62 41 M.
283 2588 223 40 RAYMOND
518 2587 211 41 MARTHE.

744 2611 47 5 —
810 2587 32 40 Il
860 2602 113 26 nous
988 2603 21 25 a
1026 2593 66 35 été
1105 2589 427 49 donnéd'entendre,
1549 2589 38 39 le
1603 2602 15 39 5
1641 2589 257 52 novembre,
1920 2591 146 40 l'excel-

90 2656 89 40 lent
200 2656 323 41 violoncelliste
544 2661 202 35 exécuter
761 2655 252 42 différentes
1028 2670 173 27 œuvres
1218 2658 53 39 de
1288 2654 300 42 Saint-Saëns
1604 2671 7 25 :
1632 2658 39 38 le
1691 2672 20 24 2
1718 2664 13 15 e
1759 2657 100 40 Trio
1881 2658 202 48 d'abord,

90 2726 35 37 si
148 2733 222 39 amusant,
397 2731 56 33 où
476 2724 246 52 cependant
744 2726 37 51 je
801 2723 168 53 préfère
986 2729 19 35 à
1024 2724 25 40 Y
1056 2724 222 53 allegretto
1304 2737 234 38 moqueur,
1562 2727 21 35 à
1607 2723 26 40 Y
1638 2724 185 40 andante
1845 2725 212 41 schuman-

90 2794 118 45 nien,
233 2797 21 35 à
272 2792 39 40 la
334 2793 123 39 valse
477 2792 250 40 allemande
750 2793 58 39 du
833 2792 160 40 second
1027 2792 223 54 allegretto
1257 2825 9 17 ,
1294 2792 38 39 le
1357 2794 194 49 premier
1579 2800 42 32 et
1652 2792 40 39 le
1711 2792 175 40 dernier
1901 2806 152 27 mouve-

88 2870 138 38 ment,
248 2861 90 40 l'un
361 2874 114 39 pour
506 2874 45 26 sa
576 2863 190 48 vigueur
788 2861 297 51 dramatique,
1111 2860 155 40 l'autre
1296 2874 113 38 pour
1441 2874 46 26 sa
1506 2860 176 40 solidité
1705 2860 239 52 classique:
1967 2861 117 40 voilà

89 2930 39 39 le
150 2931 94 38 vrai
263 2927 314 42 Saint-Saëns!
601 2928 86 40 Les
708 2930 174 38 artistes
907 2937 76 31 ont
1005 2928 139 40 rendu
1177 2928 185 40 l'œuvre
1385 2942 102 26 avec
1522 2927 229 53 beaucoup
1789 2929 53 39 de
1865 2931 221 49 précision

88 3006 41 31 et
150 2997 52 40 de
227 3001 159 36 sûreté.
412 2995 116 41 Mais
549 2997 39 39 le
622 2996 221 52 triomphe
869 3010 21 25 a
916 3000 67 35 été
1005 3010 111 38 pour
1145 2995 62 40 M.
1234 2995 174 40 Marthe
1440 2997 110 38 dans
1583 2996 38 39 la
1656 2995 113 40 belle
1792 2995 160 40 Sonate
1973 3011 114 37 pour

88 3067 134 49 piano
243 3073 40 32 et
305 3065 278 47 violoncelle;
607 3065 37 51 je
664 3078 53 26 ne
737 3067 113 38 crois
892 3078 78 39 pas
993 3064 107 51 qu'il
1125 3066 85 38 soit
1228 3063 200 53 possible
1449 3065 53 39 de
1522 3072 156 31 mettre
1701 3064 100 51 plus
1837 3065 249 50 d'ampleur

87 3142 41 32 et
151 3133 54 40 de
229 3133 194 40 douceur
446 3137 22 35 à
492 3133 39 39 la
555 3132 85 41 fois
662 3133 112 40 dans
809 3133 39 40 le
877 3135 192 50 premier
1106 3142 300 38 mouvement,
1441 3133 99 52 plus
1582 3132 53 39 de
1673 3132 259 40 délicatesse
1974 3133 111 41 dans

89 3201 24 39 Y
121 3201 200 45 andante,
345 3201 100 52 plus
465 3201 234 40 d'autorité
722 3201 110 40 dans
852 3201 39 40 le
909 3201 135 53 finale
1059 3216 12 32 ;
1091 3201 39 39 le
1151 3209 93 31 tout
1264 3215 104 26 sans
1386 3201 127 40 effort
1537 3208 227 44 apparent,
1786 3213 104 27 sans
1912 3206 168 47 apprêt,

88 3277 41 31 et
152 3282 103 26 sans
278 3268 101 41 faux
405 3269 433 40 attendrissements:
859 3269 270 50 l'interprète
1155 3270 104 39 était
1279 3269 134 50 digne
1437 3269 57 39 du
1518 3272 171 35 maître.

1717 3334 51 41 L.
1805 3335 49 41 L.
