2684 4109
521 707 491 142 NOTES
1091 692 193 155 ET
1365 705 709 144 NOTULES

287 1389 189 60 Dans
525 1388 66 59 la
642 1390 309 59 Bataille
961 1435 15 24 ,
1028 1386 89 60 M.
1163 1386 410 79 Lissagaray
1633 1403 237 43 accuse
1935 1386 443 61 violemment

204 1470 90 60 M.
347 1468 336 80 Stéphane
732 1468 348 61 Mallarmé
1135 1469 80 60 de
1254 1468 65 59 la
1365 1468 246 59 misère
1664 1469 80 58 de
1772 1468 312 61 Madame
2128 1469 251 60 Louise

204 1550 269 61 Michel.
529 1551 170 60 Sans
739 1550 302 60 discuter
1088 1549 66 60 la
1196 1546 466 64 bouffonnerie
1710 1549 80 60 de
1837 1550 102 59 cet
1981 1551 299 77 outrage,
2311 1549 70 79 je

207 1631 365 61 déclarerai
607 1649 129 60 que
781 1630 381 79 l'apostolat
1209 1631 91 59 du
1350 1630 193 78 poète
1586 1631 364 77 comprend
1998 1630 384 79 l'apostolat

204 1714 80 60 de
317 1714 65 60 la
412 1713 348 77 mystique
786 1713 597 72 révolutionnaire,
1414 1715 65 56 et
1511 1729 129 61 que
1667 1729 75 42 sa
1769 1711 199 61 haine
2002 1714 63 58 et
2096 1713 65 58 la
2192 1713 189 59 nôtre

200 1795 371 60 viseraient
633 1794 222 79 plutôt
913 1794 66 60 la
1042 1811 147 43 race
1243 1794 81 60 de
1372 1793 533 78 pamphlétaires
1965 1794 167 58 dont
2192 1793 186 77 parle

201 1877 201 78 Hugo
436 1898 30 36 «
500 1875 496 60 déclamateurs
1019 1874 395 79 populaires
1435 1892 85 43 ou
1539 1874 526 61 calomniateurs
2084 1874 293 77 publics,

204 1959 117 76 qui
355 1976 70 42 se
450 1955 345 63 chauffent
822 1957 171 59 dans
1028 1955 280 61 l'ombre
1351 1973 86 43 au
1471 1955 112 61 feu
1619 1955 207 73 doux,
1845 1955 199 60 d'une
2085 1955 293 78 pension

204 2039 277 60 secrète.
533 2059 29 35 »

285 2331 98 56 M.
429 2332 369 56 Rousseau
807 2374 15 26 ,
873 2327 117 60 des
1045 2327 348 78 magasins
1442 2329 90 58 du
1590 2327 290 74 Louvre,
1935 2330 103 60 est
2089 2331 172 59 mort
2308 2346 70 44 ce

201 2409 210 73 mois;
433 2409 315 61 l'avaient
768 2409 282 77 précédé
1085 2410 169 58 dans
1286 2409 66 59 la
1383 2409 227 61 tombe
1649 2429 10 38 :
1699 2410 96 60 les
1826 2410 179 60 deux
2032 2410 344 61 médecins

204 2490 117 79 qui
355 2490 384 77 soignèrent
769 2490 65 60 le
866 2490 480 61 commandant
1379 2493 255 59 Hériot
1664 2491 65 60 et
1764 2491 59 60 le
1855 2491 279 78 gardien
2169 2493 115 76 qui
2316 2493 60 58 le

201 2571 280 60 veillait.

285 2842 103 61 On
420 2860 174 41 nous
640 2843 308 76 rapporte
996 2858 130 61 que
2161 2846 98 55 M.
1830 2840 21 79 Ch.
1858 2840 43 79 Morice
1908 2840 21 79 est
1981 2840 184 61 entré
2231 2840 37 60 à
2313 2840 65 60 la

213 2922 115 80 Vie
366 2922 423 80 Parisienne,
827 2922 77 80 où
930 2924 49 60 il
1014 2923 327 79 signerait
1376 2922 368 80 Charlice.
1785 2922 41 80 -
1867 2922 82 80 On
1974 2941 71 43 se
2067 2922 283 80 souviendra

202 2922 119 62 que
361 2922 79 62 le
480 2922 197 62 jeune
717 2922 79 62 et
836 2922 435 62 sympathique
1311 2922 316 62 critique
1667 2922 158 62 nous
1865 2922 197 62 avait
2102 2922 237 62 prédit

202 2922 84 62 «
370 2922 585 62 L'œuvre
1039 2922 418 62 d'art
1541 2922 586 62 joyeuse
2211 2922 167 62 ».

281 3401 100 58 La
441 3399 340 60 Wallonie
824 3397 233 78 publie
1113 3413 70 45 ce
1243 3398 175 60 mois
1480 3398 80 61 de
1619 3402 96 54 M.
2231 3395 66 80 Verhaeren
2304 3395 67 80 plusieurs

201 3395 229 64 poèmes
468 3395 77 64 du
583 3395 153 64 plus
774 3395 153 64 haut
965 3395 306 64 intérêt,
1309 3395 153 64 dont
1500 3395 38 64 «
1576 3395 77 64 Le
1691 3395 573 64 Silencieusement
2302 3395 76 64 ».
