2684 4109
1273 277 114 60 136

335 412 102 61 On
470 429 295 44 annonce
796 409 329 80 l'aphonie
1172 409 346 61 définitive
1579 410 90 60 du
1716 409 171 62 frère
1937 413 296 58 Lionnet
2291 409 117 78 qui

257 492 322 61 subsiste.

333 574 188 59 Nous
553 573 513 74 compatissons.

333 733 190 60 Nous
549 733 556 60 recommandons
1268 736 251 67 ľEtoile;
1520 748 45 42 au
1613 730 401 61 sommaire:
2047 730 33 73 A
2113 730 131 73 Thou
2244 730 130 73 net,

254 730 172 61 G.
512 730 603 61 Mourey,
1201 730 431 61 Bois,
1718 730 689 61 Morécis,

333 971 187 60 Dans
550 972 274 61 ľaffaire
857 974 79 60 de
959 973 192 76 Vicq,
1188 976 96 54 M.
1324 971 337 80 Constans
1696 990 36 41 a
1776 972 266 79 rappelé
2099 971 284 80 sournoisement

254 971 42 60 à
338 971 85 60 la
465 971 253 60 droite
760 971 211 60 comme
1013 971 169 60 elle
1224 971 85 60 le
1351 971 337 60 félicita
1730 971 295 60 d'avoir
2067 971 338 60 bousculé

255 1132 99 58 les
386 1134 311 74 passants
732 1134 80 60 de
840 1134 63 60 la
927 1134 184 77 place
1139 1133 80 58 de
1250 1133 66 58 la
1348 1132 336 61 Concorde
1718 1151 84 40 au
1834 1133 293 78 premier
2154 1133 158 58 mai.

426 1214 124 59 M.de
632 1212 531 77 Mac-Mahon
1164 1213 155 60 seul
1320 1212 138 59 avait
1484 1213 293 76 protesté
1824 1216 225 58 contre
2102 1214 170 59 cette
2308 1212 86 77 revanche

254 1212 581 57 antidatée,
893 1212 175 57 lui
1126 1212 407 57 n'ayant
1591 1212 175 57 agi
1824 1212 174 57 que
2056 1212 116 57 le
2230 1212 175 57 16.

335 1371 54 58 Il
424 1390 41 58 y
494 1390 36 42 a
572 1373 64 59 là
664 1391 130 43 une
849 1374 317 78 injustice
1222 1388 128 61 que
1411 1372 99 60 les
1556 1374 415 75 protecteurs
2027 1373 80 60 de
2153 1373 246 60 Borras

258 1451 343 62 devraient
645 1454 157 60 bien
828 1454 310 61 rectifier.

338 1612 129 59 Les
501 1614 327 78 quelques
860 1617 178 58 deux
1066 1632 85 42 ou
1170 1614 165 60 trois
1365 1618 240 56 salons
1633 1613 289 61 ferment
1941 1615 170 60 cette
2145 1614 151 60 nuit
2320 1615 80 60 de

260 1689 188 75 Juin,
480 1694 191 75 après
704 1695 183 60 avoir
906 1694 504 60 officiellement
1442 1694 295 59 constaté
1769 1694 61 60 le
1864 1695 166 59 clair
2074 1694 211 60 talent
2317 1694 80 61 de

255 1769 84 61 M.
374 1775 213 58 Louis
616 1777 376 71 Anquetin.

1703 1853 316 62 GEORGES
2052 1855 260 60 VANOR.

926 1999 799 73 PROCÈS-VERBAL

325 2114 51 53 A
395 2112 59 54 la
473 2114 157 52 suite
661 2114 303 57 d'articles
979 2117 71 54 de
1067 2120 80 52 M.
1174 2120 229 68 Lafage
1426 2134 189 56 parus
1639 2117 156 54 dans
1818 2116 55 53 le
1887 2115 254 71 journal
2155 2115 53 53 le

255 2183 84 56 M.
388 2185 230 67 George
664 2187 203 51 Vanor
906 2204 61 37 se
1000 2192 294 52 trouvant
1323 2190 564 70 particulièrement
1935 2188 128 53 visé
2089 2202 34 36 a
2164 2187 235 69 envoyé

258 2256 36 52 à
325 2254 82 56 M.
444 2256 231 68 Lafage
707 2257 147 57 MM.
881 2260 295 67 François
1205 2261 70 54 de
1307 2262 161 55 Nion
1498 2265 57 49 et
1576 2260 260 54 Francis
1868 2258 338 64 Chevassu,
2241 2274 158 53 pour

254 2327 87 52 lui
368 2326 333 54 demander
727 2328 105 53 des
858 2331 431 71 explications.

326 2398 83 52 M.
468 2398 249 69 Lafage,
790 2416 34 35 a
894 2401 70 54 de
1037 2418 111 37 son
1225 2403 149 65 côté,
1432 2403 304 53 constitué
1790 2416 235 39 comme
2109 2399 285 65 témoins,

255 2468 149 57 MM.
443 2469 207 53 Yallat
680 2474 58 48 et
760 2470 72 54 de
863 2473 412 55 Saint-Albin.

326 2540 114 54 Les
466 2544 214 65 quatre
715 2544 263 53 témoins
1012 2547 220 53 s'étant
1258 2547 229 63 réunis,
1524 2548 106 51 ont
1652 2544 282 55 examiné
1962 2543 87 53 les
2076 2544 222 52 termes
2326 2541 71 54 de

255 2610 255 55 l'article
534 2613 126 53 visé
692 2630 110 52 par
839 2616 81 52 M.
970 2618 234 70 George
1254 2620 227 62 Vanor,
1515 2618 160 52 ainsi
1721 2632 115 54 que
1870 2632 153 38 ceux
2055 2614 69 53 de
2151 2614 60 52 la
2237 2614 131 71 polé-

255 2682 212 69 mique
501 2685 365 56 antérieure.

327 2754 153 57 MM.
512 2754 207 54 Vallat
749 2760 57 49 et
832 2756 69 55 de
956 2759 392 56 Saint-Albin
1401 2764 107 49 ont
1562 2759 239 53 déclaré
1853 2774 77 37 au
1963 2773 142 38 nom
2164 2756 71 53 de
2265 2756 134 55 leur

255 2823 201 65 client,
494 2841 117 52 que
660 2842 95 37 ces
811 2830 243 53 articles
1088 2848 72 36 ne
1206 2832 429 69 prétendaient
1695 2830 332 53 s'adresser
2081 2829 144 69 qu'à
2277 2844 120 38 une

254 2910 207 39 œuvre
490 2895 71 53 de
593 2897 79 56 M.
710 2898 230 70 George
973 2902 205 52 Vanor
1209 2906 58 50 et
1294 2902 341 54 nullement
1663 2902 33 51 à
1729 2917 69 37 sa
1818 2915 323 56 personne.

325 2967 91 52 En
444 2968 285 69 présence
779 2969 72 54 de
879 2975 149 50 cette
1083 2972 398 65 déclaration,
1535 2973 88 54 les
1666 2976 220 66 quatre
1944 2971 268 53 témoins
2260 2973 141 50 sont

254 3038 237 53 tombés
524 3038 277 55 d'accord
839 3058 155 54 pour
1047 3048 381 51 reconnaître
1479 3044 150 72 qu'il
1661 3044 103 70 n'y
1792 3043 170 55 avait
2009 3058 113 55 pas
2155 3042 121 53 lieu
2328 3042 69 53 de

254 3107 233 56 donner
519 3110 155 54 suite
701 3112 34 52 à
766 3110 276 61 l'affaire.

321 3182 91 52 En
448 3182 84 52 foi
565 3182 71 53 de
669 3184 146 69 quoi
844 3185 45 52 il
919 3189 109 50 ont
1068 3187 174 70 signé
1270 3187 53 53 le
1371 3189 247 70 présent
1648 3187 474 71 procès-verbal.
2154 3185 141 54 Fait
2325 3201 72 38 en

251 3249 240 67 double,
541 3254 35 52 à
607 3255 194 64 Paris,
832 3255 54 55 le
917 3258 71 53 25
1004 3258 139 70 juin
1173 3259 161 56 1890.

353 3342 164 52 Pour
556 3343 80 54 M.
684 3344 257 55 GEORGE
973 3348 223 55 VANOR
1229 3364 13 39 :
1538 3349 165 55 Pour
1728 3349 80 54 M.
1840 3348 256 53 LAFAGE
2133 3362 10 37 :

426 3413 105 53 Gte
564 3415 109 55 FR.
708 3414 71 55 de
811 3418 163 54 NION
1609 3422 71 54 G.
1717 3420 278 55 VALLAT.

426 3485 273 53 FRANCIS
741 3489 347 58 CHEVASSU.
1602 3493 72 55 A.
1708 3490 71 54 de
1804 3490 445 55 SAINT-ALBIN.

1327 3591 75 48 Le
1438 3592 233 47 Gérant:
1709 3590 145 48 J.-R.
1893 3590 319 47 BOUTIIORS.

2208 3662 58 6 __

540 3672 147 44 Paris.
795 3676 115 54 Imp.
947 3678 281 45 BEAUDELOT
1260 3683 45 38 et
1337 3676 193 58 MELIÈS,
1558 3680 65 53 16,
1657 3690 85 30 rue
1772 3678 57 42 de
1859 3676 249 47 Verneuil.
