2684 4109
1353 351 0 0 115

209 420 387 79 prisonnier
624 423 413 77 réfractaire,
1085 425 277 79 insurgé
1393 428 226 59 contre
1654 427 63 60 le
1753 427 282 78 pouvoir
2084 446 85 43 au
2217 446 160 43 nom

212 501 283 79 duquel,
533 503 57 59 si
632 504 414 79 longtemps,
1082 507 47 58 il
1154 507 160 78 agit,
1350 507 47 59 il
1430 508 208 77 parla.

284 584 58 60 A
363 584 63 60 la
448 584 446 77 Convention,
920 588 218 59 Collot
1169 588 362 62 d'Herbois
1562 588 270 80 préside
1853 607 157 44 avec
2037 608 109 42 ces
2165 592 178 61 mots
2364 611 10 39 :

205 686 30 35 «
288 665 283 78 Citoyen
603 668 174 61 voici
806 669 60 60 le
900 670 304 59 moment
1237 670 80 59 de
1347 670 260 60 mourir
1638 670 37 59 à
1705 672 187 58 votre
1924 673 190 76 poste
2141 693 53 38 ».
2250 673 132 60 Les

202 747 364 59 assistants
616 749 119 60 des
776 749 313 61 tribunes
1124 767 69 42 se
1224 752 310 59 sauvent.
1563 752 96 58 La
1694 752 200 77 garde
1929 752 339 61 nationale
2300 769 83 44 va

202 846 71 43 se
306 829 287 60 coucher
623 829 324 74 indécise,
980 848 81 43 ne
1091 832 236 59 tenant
1357 849 174 60 pour
1567 848 359 61 personne.
1963 833 85 60 Et
2071 833 100 61 les
2202 834 179 60 deux

198 909 238 79 partis,
496 910 363 78 grelottant
920 913 82 60 de
1056 929 193 61 peur,
1300 913 352 61 attendent
1708 914 526 60 mutuellement
2282 915 101 60 les

202 992 410 61 bourreaux.
937 988 40 68 /
1766 1017 5 13 •

280 1073 173 61 Mais
485 1074 85 60 ils
612 1074 336 61 n'avaient
984 1075 156 78 plus
1184 1075 81 60 de
1310 1075 367 79 partisans,
1723 1077 70 58 ni
1830 1077 100 59 les
1972 1095 155 55 uns,
2169 1077 68 59 ni
2279 1077 99 61 les

203 1155 250 60 autres.
494 1155 176 61 Tout
702 1157 61 59 le
798 1158 248 60 monde
1083 1157 462 61 abandonnait
1591 1175 110 43 ces
1751 1176 183 42 rares
1980 1158 396 78 sacripants.

200 1237 132 59 Pas
364 1253 94 43 un
492 1237 308 61 Parisien
834 1238 117 79 qui
993 1238 240 61 voulut
1277 1256 70 43 se
1390 1238 269 79 risquer
1691 1256 82 43 en
1803 1239 151 60 leur
1985 1238 255 61 faveur.
2278 1239 102 59 En

199 1319 178 59 sorte
410 1335 131 61 que
579 1319 260 60 chacun
872 1319 255 78 croyait
1168 1321 66 58 la
1276 1318 180 62 foule
1501 1321 322 59 s'armant
1866 1321 159 59 chez
2057 1319 319 61 l'ennemi

202 1399 63 60 et
289 1398 360 79 préparant
679 1399 61 61 le
784 1417 361 43 massacre.
1187 1401 53 59 Il
1282 1398 201 62 fallut
1525 1402 209 77 qu'un
1776 1402 272 60 homme
2084 1401 80 59 de
2206 1401 138 59 l'As-

200 1479 297 63 semblée
533 1482 272 60 trouvât
837 1500 74 42 sa
958 1483 257 60 section
1267 1500 83 43 en
1400 1481 507 75 effervescence,
1949 1501 85 42 au
2076 1483 302 60 moment

202 1563 86 57 où
317 1562 46 60 il
398 1563 281 60 rentrait
711 1564 159 60 chez
904 1563 120 60 lui.
1066 1564 132 60 Les
1240 1564 256 60 voisins
1538 1564 505 61 l'entraînèrent
2073 1564 135 60 bon
2239 1563 135 79 gré,

200 1643 137 60 mal
370 1643 110 79 gré
530 1644 36 59 à
613 1644 601 74 l'Hôtel-de-Ville,
1261 1646 122 72 lui,
1432 1646 370 61 convaincu
1846 1646 80 61 de
1959 1646 308 59 marcher
2292 1662 85 43 au

195 1723 249 79 trépas.
481 1724 278 61 Arrivés
798 1726 89 73 là,
932 1744 94 41 un
1068 1726 207 78 jeune
1327 1727 364 79 gendarme
1748 1727 79 60 de
1887 1727 65 58 la
2001 1726 243 73 bande,
2294 1742 83 43 ne

195 1808 431 59 rencontrant
652 1825 262 43 aucune
947 1808 394 73 résistance,
1374 1811 251 71 monte,
1663 1808 325 64 bouscule
2028 1808 35 59 à
2095 1825 169 61 coup
2296 1807 80 60 de

202 1888 213 60 coude
448 1888 99 60 les
579 1888 363 75 huissiers,
979 1892 65 56 et
1085 1891 399 76 apercevant
1524 1890 447 77 Robespierre
2002 1906 77 43 en
2113 1906 93 43 un
2237 1887 110 61 fau-

195 1970 194 73 teuil,
419 1970 99 59 lui
552 1970 221 61 donne
809 1970 91 61 du
927 1971 277 77 pistolet
1238 1971 169 60 dans
1440 1971 65 60 la
1535 1971 362 61 mâchoire.

276 2051 60 58 A
388 2052 170 59 cette
602 2052 313 61 nouvelle
964 2052 405 74 seulement,
1426 2052 65 60 la
1549 2051 422 62 Convention
2021 2051 207 79 reprit
2268 2066 109 45 ses

207 2147 180 44 sens.

279 2212 455 60 L'admirable
767 2213 316 61 Michelet
1124 2231 35 42 a
1198 2213 174 61 beau
1428 2213 333 60 s'efforcer
1803 2213 80 60 de
1927 2215 272 58 trouver
2230 2212 147 60 tout

198 2293 142 60 cela
373 2295 234 76 grand,
643 2295 47 58 il
726 2295 114 77 n'y
884 2295 307 77 parvient
1231 2312 144 60 pas.
1423 2295 103 61 On
1567 2296 59 60 le
1659 2295 140 59 voit
1842 2292 421 62 s'essouffler
2293 2310 83 43 en

195 2373 160 60 vain
386 2376 80 58 de
492 2375 244 77 phrase
770 2392 82 41 en
886 2376 264 77 phrase,
1187 2376 251 58 retenir
1469 2375 476 61 malaisément
1974 2392 120 42 son
2128 2373 250 79 dégoût

199 2471 86 42 ou
334 2472 122 44 son
506 2456 153 60 rire.
721 2455 175 61 C'est
942 2456 430 60 lamentable.
1430 2456 171 60 Mais
1652 2456 183 60 l'ami
1882 2455 331 80 politique
2258 2455 119 59 des

194 2535 615 62 révolutionnaires
853 2537 80 60 de
981 2537 154 60 1830
1192 2537 357 76 ponvait-il
1593 2537 423 60 décemment
2061 2536 206 61 écrire
2316 2535 65 59 la

196 2617 243 60 nullité
469 2619 119 59 des
619 2619 599 60 conventionnels?

282 2699 104 61 On
417 2699 343 61 s'acharne
793 2699 36 58 à
862 2700 142 60 dire
1046 2699 460 80 aujourd'hui,
1552 2700 167 60 dans
1760 2700 98 60 les
1900 2700 294 77 gazettes
2225 2697 157 79 plus

199 2798 86 40 ou
325 2780 223 60 moins
589 2779 375 74 officielles,
1005 2798 129 61 que
1183 2781 64 59 la
1285 2780 415 61 Convention
1742 2780 381 79 s'appuyait
2164 2796 119 44 sur
2321 2779 61 59 le

198 2860 268 77 peuple,
497 2861 64 59 et
593 2878 83 42 011
706 2861 165 60 rend
914 2861 60 60 le
1023 2861 243 79 peuple
1292 2861 437 78 responsable
1773 2862 119 60 des
1941 2861 246 60 crimes
2216 2860 80 60 de
2324 2860 63 58 la

202 2941 417 61 Convention
647 2959 82 42 en
762 2942 97 60 les
889 2942 317 60 exaltant.
1263 2942 156 61 Cela
1450 2946 103 56 est
1585 2959 389 61 mensonge.

285 3021 132 61 Sur
443 3021 268 62 700.000
743 3022 348 61 habitants
1124 3025 80 58 de
1237 3024 218 72 Paris,
1487 3041 84 42 011
1602 3025 151 60 n'en
1784 3025 236 60 trouve
2052 3040 121 60 pas
2198 3020 187 61 5.000

203 3105 386 77 s'occupant
631 3104 80 59 de
765 3104 329 78 politique
1141 3106 299 78 pendant
1488 3106 65 60 la
1601 3106 273 78 période
1936 3105 299 60 ardente.
2289 3104 97 58 La

203 3185 203 80 garde
435 3185 339 61 nationale
807 3186 332 60 contraint
1172 3187 100 60 les
1304 3204 165 61 gens
1502 3187 37 59 à
1569 3190 211 70 voter,
1819 3204 120 60 par
1971 3185 199 60 force.

289 3270 85 56 La
410 3266 372 61 Commune
826 3266 270 75 d'alors,
1138 3269 373 58 semblable
1553 3269 37 58 à
1630 3269 189 58 notre
1861 3266 268 61 Conseil
2164 3264 177 59 muni-

203 3348 171 77 cipal
409 3348 245 73 actuel,
701 3348 383 78 s'appuyait
1124 3365 119 43 sur
1289 3367 91 41 1111
1431 3350 298 76 ivrogne,
1771 3348 309 72 Henriot,
2122 3345 117 79 qui
2282 3363 68 42 sa-

204 3428 178 60 brait
422 3430 149 58 tout
612 3428 604 62 indistinctement.
1266 3429 305 61 Certains
1615 3431 351 73 indigents
2007 3425 374 62 recevaient

208 3509 248 79 quinze
491 3509 137 61 sols
660 3527 121 61 par
800 3509 158 79 jour
986 3510 37 58 à
1060 3510 343 60 condition
1445 3511 80 59 de
1578 3510 215 61 servir
1823 3510 64 58 la
1920 3508 457 78 République.

209 3591 106 63 On
340 3591 150 61 leur
513 3590 395 61 distribuait
937 3591 118 60 des
1080 3591 270 79 piques,
1381 3591 121 60 des
1531 3591 254 60 sabres.
1813 3590 196 60 Ainsi
2037 3588 341 73 travestis,

207 3674 182 61 ivres
442 3674 337 78 toujours,
828 3673 85 61 ils
961 3673 401 62 terrifiaient
1416 3692 171 60 pour
1643 3673 185 62 voler
1873 3689 86 45 ou
2001 3670 231 62 violer.
2293 3669 87 62 Ce
