2684 4109
1267 293 115 59 124

256 428 187 61 nuits
487 426 389 61 illuminées
923 428 110 71 où,
1089 445 159 42 sous
1295 427 98 58 les
1435 426 324 77 palmiers
1804 424 355 72 balançant
2209 423 183 60 leurs

259 508 292 71 feuilles,
583 507 82 58 ils
699 523 70 42 se
798 507 381 76 reposaient
1210 507 151 76 près
1392 506 78 59 de
1505 506 186 59 leurs
1710 504 285 79 épouses
2028 521 134 42 aux
2183 502 208 60 flancs

257 590 374 59 tentateurs
668 606 11 38 :
716 588 212 59 Leurs
958 587 268 77 soupirs
1257 587 305 58 d'amour
1587 604 70 43 se
1690 586 317 59 mêlaient
2039 601 132 42 aux
2199 584 191 58 vents

260 668 109 78 qui
419 667 332 77 portaient
797 685 132 40 aux
970 668 279 60 dattiers
1299 667 65 58 la
1414 684 306 44 semence
1762 667 118 58 des
1924 664 233 72 mâles,
2203 664 62 58 et
2306 663 84 59 ils

259 747 499 77 engendraient,
791 746 231 62 bercés
1052 766 120 60 par
1204 748 64 59 la
1299 746 282 62 cadence
1610 748 116 59 des
1759 747 152 58 flots
1941 744 195 60 bleus
2166 743 188 78 parfu-

260 828 142 60 més
437 828 78 59 de
536 827 201 60 lotus.

340 907 243 70 Quand
630 907 146 60 leur
821 907 342 78 désespoir
1206 926 69 42 se
1317 907 102 61 fut
1472 908 236 71 calmé,
1753 906 227 77 quand
2020 906 85 58 ils
2156 904 232 60 eurent

261 987 289 78 compris
603 987 300 60 l'inanité
964 988 80 59 de
1102 988 183 60 leurs
1351 991 277 75 regrets,
1695 987 85 60 ils
1839 983 549 80 blasphémèrent

260 1067 312 60 l'Adonaï
602 1068 365 77 trompeur.
1013 1068 90 59 Ils
1144 1068 402 60 montraient
1591 1070 60 57 le
1701 1067 204 78 poing
1945 1066 36 58 à
2023 1066 65 58 la
2133 1066 212 57 monta-

264 1165 122 60 gne
412 1147 465 78 tempétueuse
922 1148 83 59 où
1042 1147 498 62 retentissaient
1569 1148 97 59 les
1696 1146 417 77 trompettes,
2161 1145 84 58 ils
2287 1143 98 59 lui

256 1227 282 79 jetaient
575 1228 116 59 des
720 1227 273 78 pierres,
1018 1228 84 59 ils
1127 1227 409 61 accablaient
1552 1228 149 60 leur
1718 1226 323 77 Seigneur
2058 1225 80 59 de
2170 1240 182 61 repro-

263 1308 177 70 ches,
477 1310 62 57 et
567 1324 258 43 comme
853 1308 83 59 ils
983 1325 80 42 ne
1094 1307 361 78 pouvaient
1497 1310 211 58 rester
1751 1306 206 72 seuls,
2001 1306 84 58 ils
2119 1305 225 59 deman-

264 1388 227 58 dèrent
537 1387 35 59 à
600 1388 206 75 grand
838 1387 127 60 cris
999 1405 92 42 un
1122 1390 187 57 autre
1355 1388 289 60 Elohim.
1676 1387 90 59 Ils
1813 1386 302 60 auraient
2150 1382 236 79 adopté

261 1485 169 43 ceux
459 1468 79 59 de
556 1467 181 60 leurs
757 1468 268 59 anciens
1052 1470 295 69 maîtres,
1380 1470 168 58 mais
1577 1470 84 58 ils
1689 1485 81 42 ne
1800 1466 299 61 savaient
2131 1466 52 58 si
2216 1465 171 59 Ptah

263 1566 86 41 ou
398 1547 212 61 Osiris
659 1547 418 60 viendraient
1117 1548 459 60 franchement
1621 1550 37 58 à
1707 1565 153 52 eux,
1903 1547 65 59 et
2021 1546 86 58 ils
2148 1545 200 77 mépri-

264 1627 211 60 saient
504 1627 98 59 les
635 1627 290 71 déesses,
969 1628 127 59 Isis
1138 1630 411 70 maternelle,
1582 1628 203 60 Neith
1831 1627 63 60 et
1940 1626 198 60 Seket
2176 1626 37 58 à
2255 1625 132 58 tête

264 1708 79 58 de
370 1707 247 59 lionne.
650 1707 178 59 Leur
854 1706 234 61 fureur
1120 1707 200 60 d'être
1348 1708 240 60 laissés
1620 1725 118 60 par
1781 1706 224 70 lahvé,
2043 1706 159 60 était
2231 1721 117 60 aug-

264 1786 259 60 mentée
567 1802 118 60 par
727 1786 65 60 la
828 1786 249 61 crainte
1112 1787 78 59 de
1232 1804 81 43 ne
1345 1805 119 60 pas
1503 1791 271 56 trouver
1811 1804 95 42 un
1938 1785 157 59 dieu
2146 1785 117 77 qui
2291 1785 95 59 les

260 1866 249 61 veuille
553 1867 311 59 recevoir.

340 1946 268 58 D'entre
654 1946 227 71 Israël,
929 1946 198 74 alors,
1171 1964 92 42 un
1304 1947 268 60 homme
1619 1964 68 43 se
1738 1947 169 70 leva,
1961 1946 64 57 et
2065 1962 119 42 son
2230 1962 157 42 nom

263 2026 160 58 était
450 2025 262 59 Samiri.
749 2027 141 59 Peu
920 2027 61 59 le
1013 2026 516 74 connaissaient,
1577 2045 109 42 car
1733 2027 47 59 il
1811 2025 209 59 vivait
2066 2025 317 71 solitaire,

263 2107 45 57 il
362 2124 77 42 en
482 2106 162 58 était
692 2107 114 75 qui
847 2107 246 75 jamais
1140 2125 79 42 ne
1270 2108 303 60 l'avaient
1623 2125 114 55 vu,
1790 2106 492 79 quelques-uns
2325 2106 61 60 le

264 2186 288 60 disaient
580 2185 216 61 même
829 2187 302 69 étranger
1157 2188 34 58 à
1221 2188 64 59 la
1317 2205 144 43 race
1508 2186 428 61 d'Abraham.
1987 2187 54 57 Il
2086 2186 304 60 s'avança

1019 2241 35 21 n
2325 2247 13 10 »

263 2282 148 42 vers
439 2265 367 59 l'anxieuse
840 2267 386 71 multitude,
1261 2268 62 58 et
1351 2266 133 61 l'on
1540 2285 67 42 se
1639 2268 103 59 tut
1773 2284 168 58 pour
1968 2266 333 60 l'écouter.

344 2346 184 57 Vous
572 2346 237 58 voulez
847 2364 91 40 un
972 2346 180 72 dieu,
1199 2347 198 71 dit-il,
1435 2350 63 57 et
1540 2364 258 43 comme
1830 2365 169 41 vous
2038 2346 137 77 j'en
2216 2362 174 42 veux

265 2442 94 42 un
405 2425 289 77 puisque
743 2426 59 58 le
852 2426 211 71 nôtre,
1112 2427 310 60 menteur
1468 2428 35 58 à
1549 2445 105 42 ses
1699 2442 402 61 promesses,
2136 2442 171 44 nous
2354 2442 36 42 a

265 2505 121 58 fui.
423 2503 168 60 Mais
624 2505 46 58 il
703 2522 172 42 nous
920 2506 144 58 faut
1096 2524 91 40 un
1220 2506 314 77 seigneur
1564 2507 197 59 fidèle
1795 2509 36 57 à
1873 2525 119 41 son
2028 2506 261 76 peuple,
2326 2509 65 55 et

265 2602 132 42 non
430 2601 89 41 un
555 2586 194 74 tyran
792 2586 116 76 qui
934 2586 187 60 lâche
1163 2605 72 41 sa
1271 2589 213 58 colère
1531 2605 258 42 comme
1835 2605 92 41 un
1971 2586 419 61 dromadaire

264 2663 216 78 parmi
511 2663 98 59 les
633 2663 258 60 sillons.
925 2665 444 61 N'avez-vous
1386 2684 120 59 pas
1529 2684 186 43 assez
1742 2666 131 77 plié
1908 2684 158 42 sous
2099 2666 63 58 la
2202 2682 186 60 verge

340 2742 193 61 lahvé
552 2742 23 59 '?

346 2823 57 59 A
433 2840 68 42 ce
529 2840 181 53 nom,
743 2823 115 60 des
890 2825 128 58 cris
1037 2825 291 72 furieux,
1366 2826 116 60 des
1513 2826 430 77 blasphèmes
1976 2826 313 60 sortirent
2310 2825 80 61 de

266 2905 64 58 la
363 2902 202 73 foule,
603 2906 62 57 et
698 2905 226 75 quand
956 2906 84 58 ils
1073 2924 67 40 se
1172 2907 250 71 turent,
1459 2906 242 61 Samiri
1743 2907 205 76 reprit
1986 2926 10 38 :

346 2983 281 60 Faisons
680 3000 172 43 nous
905 3003 92 40 un
1055 2986 157 60 dieu
1282 2987 272 59 suivant
1599 3005 121 42 nos
1767 2987 249 71 désirs;
2080 3004 95 42 un
2235 2987 156 59 dieu

269 3065 258 58 esclave
557 3080 127 60 que
725 3081 171 43 nous
939 3065 338 59 briserons
1315 3067 103 57 s'il
1464 3067 246 60 n'obéit
1741 3085 118 59 pas
1901 3067 37 57 â
1980 3084 123 42 nos
2147 3084 202 42 vœux
2375 3085 13 53 ;

268 3161 92 41 un
390 3144 154 58 dieu
580 3160 127 60 que
735 3161 171 43 nous
929 3145 343 76 puissions
1299 3149 253 75 porter;
1587 3164 94 42 un
1713 3147 155 60 dieu
1900 3147 382 77 prisonnier
2314 3147 78 60 de

269 3240 107 42 ses
421 3224 399 73 serviteurs;
870 3243 91 40 un
995 3226 157 58 dieu
1195 3226 114 75 qui
1341 3227 360 60 tremblera
1733 3227 244 60 devant
2016 3226 65 58 la
2124 3244 269 42 menace

270 3304 116 58 des
430 3302 238 60 lévites
708 3305 64 57 et
811 3304 99 59 les
956 3305 466 61 malédictions
1455 3307 117 59 des
1623 3307 179 59 siens
1825 3325 14 53 ;
1896 3323 92 41 un
2034 3306 159 60 dieu
2241 3305 152 77 plus

268 3382 94 60 vil
393 3399 129 59 que
555 3400 193 56 nous,
800 3385 407 76 impuissant
1238 3386 37 57 â
1317 3404 171 42 nous
1519 3387 268 61 vaincre
1842 3404 259 43 comme
2146 3386 37 60 à
2222 3404 171 43 nous

270 3462 319 60 humilier
621 3464 78 58 de
729 3481 72 41 sa
833 3466 352 75 grandeur.

351 3544 129 57 Les
525 3542 320 60 Hébreux
889 3545 255 77 joyeux
1195 3546 439 61 acclamèrent
1673 3547 355 73 l'homme;
2076 3563 152 43 vers
2268 3545 122 73 lui,

273 3622 85 59 ils
390 3622 336 60 tendirent
754 3624 180 61 leurs
966 3625 219 61 mains
1212 3629 63 57 et
1300 3629 155 57 tous
1484 3627 295 77 prièrent
1814 3645 11 40 :

359 3700 265 79 Samiri,
659 3701 327 64 fais-nous
1017 3723 93 42 un
1141 3706 157 60 dieu
1318 3707 10 58 !
