2684 4109
1242 264 113 60 109

218 396 181 60 Pour
430 393 264 60 ceux-là
722 393 45 60 il
802 392 214 61 fallait
1037 411 158 43 user
1222 395 65 59 la
1315 397 194 59 corde
1543 397 120 60 des
1691 400 313 61 manants
2048 401 82 60 où
2164 400 61 61 le
2269 419 108 43 sac

211 476 79 61 de
325 475 147 59 cuir
499 476 120 58 des
651 491 381 61 eunuques.

319 556 125 61 Car
496 555 86 59 ils
628 573 81 41 ne
761 555 299 59 créèrent
1108 556 166 74 rien,
1303 556 99 61 les
1446 557 470 78 impuissants.
1966 560 90 59 Le
2091 562 286 78 superbe

233 637 299 78 héritage
563 636 80 61 de
676 636 344 61 Mirabeau
1052 639 62 57 et
1147 639 90 58 du
1287 640 75 57 14
1386 639 229 77 juillet
1646 640 153 61 1790
1823 659 79 42 ne
1946 641 150 60 leur
2126 642 104 61 fut
2256 661 121 60 pas

231 716 376 80 profitable.
657 717 91 59 Ils
804 716 470 61 demeurèrent
1330 719 244 59 sourds
1621 720 244 60 devant
1899 721 118 60 des
2060 722 226 73 leçons
2319 725 56 58 si

230 800 304 77 proches.
568 799 175 59 C'est
778 799 269 58 miracle
1077 815 130 60 que
1223 799 61 61 le
1315 800 241 76 peuple
1588 800 100 60 les
1721 801 92 60 ait
1842 805 353 74 supportés
2211 806 164 59 trois

230 881 193 76 longs
451 880 249 60 hivers.
729 879 172 59 Sous
948 896 132 42 eux
1112 879 142 61 rien
1298 880 117 77 qui
1447 881 225 60 naisse
1705 899 85 42 ou
1819 882 389 78 s'organise.
2251 885 118 60 Les

233 961 225 60 seules
515 959 409 77 entreprises
952 960 116 76 qui
1101 959 446 76 aboutissent,
1590 978 70 43 se
1715 965 551 58 recommandent
2295 966 79 59 de

229 1042 380 60 l'initiative
632 1040 468 61 individuelle.
1134 1041 139 60 Des
1301 1044 274 58 savants
1590 1044 287 76 pensent
1910 1044 168 59 dans
2097 1045 276 60 l'ombre

233 1125 91 58 du
352 1124 266 59 cabinet
646 1122 63 60 et
741 1120 357 63 exécutent
1127 1121 185 61 leurs
1343 1122 194 77 plans
1561 1122 103 61 :le
1701 1124 297 77 système
2064 1125 307 74 décimal,

230 1205 99 60 les
374 1204 194 77 poids
615 1204 65 58 et
713 1219 293 56 mesure,
1035 1202 99 59 les
1164 1202 297 73 musées,
1501 1202 61 60 le
1595 1204 493 61 conservatoire
2117 1205 61 61 le
2230 1224 98 41 mu-

234 1286 196 60 séum
464 1284 347 59 d'histoire
844 1284 354 72 naturelle,
1242 1284 61 59 le
1333 1285 250 58 conseil
1620 1285 119 60 des
1773 1285 243 60 mines.

310 1365 196 61 Voilà
534 1383 71 43 ce
646 1362 396 79 qu'occupés
1070 1364 37 58 à
1128 1364 184 59 leurs
1347 1365 209 60 sottes
1580 1365 497 77 compétitions,
2117 1366 86 60 ils
2229 1384 108 61 per-

231 1448 246 59 mirent
530 1446 80 60 de
658 1445 187 60 faire.
910 1444 219 59 D'eux
1183 1445 143 60 rien
1357 1462 81 41 ne
1474 1445 215 74 sortit,
1744 1446 80 60 de
1875 1463 70 43 ce
1993 1446 192 61 triste
2214 1449 157 76 pion

228 1529 316 77 pleurard
578 1529 62 58 et
673 1524 295 62 minable
1000 1543 128 59 que
1162 1525 103 60 fut
1297 1526 470 78 Robespierre,
1804 1526 80 61 de
1943 1529 102 58 cet
2077 1528 294 62 invalide

229 1609 281 60 hurleur
541 1624 127 62 que
700 1606 309 78 présente
1046 1606 330 74 Gouthon,
1408 1608 78 58 de
1540 1624 69 43 ce
1641 1606 193 61 triste
1888 1606 299 63 haineux
2243 1627 128 59 que

228 1689 105 61 fut
364 1691 235 71 Marat,
634 1689 80 60 de
747 1704 71 43 ce
846 1688 475 59 vaudevilliste
1353 1688 213 59 Labre
1595 1688 421 78 d'Eglantine
2043 1708 13 53 ;
2092 1707 119 61 pas
2239 1708 131 42 une

226 1771 91 60 loi
346 1770 462 76 économique,
841 1785 118 61 par
991 1785 129 44 une
1156 1769 324 60 direction
1510 1769 79 60 de
1617 1770 326 78 politique
1969 1771 263 60 usuelle
2280 1789 80 42 ou

226 1851 374 78 théorique.

315 1931 46 60 Il
394 1931 144 60 faut
572 1931 294 60 montrer
897 1947 71 42 ce
1001 1929 199 77 qu'ils
1235 1929 437 62 détruisirent
1708 1949 12 40 :
1747 1930 196 61 l'élan
1978 1933 80 59 de
2114 1931 221 78 réorga-

228 2013 294 59 nisation
555 2011 263 61 sociale.

308 2094 96 58 La
430 2091 321 61 véritable
783 2091 378 61 révolution
1194 2090 353 75 française,
1580 2093 412 59 l'honorable
2025 2094 62 58 et
2121 2094 245 76 grande

226 2174 200 58 chose
460 2174 160 58 dont
646 2173 99 59 les
775 2171 337 78 principes
1157 2170 225 61 furent
1427 2171 223 78 portés
1684 2190 117 59 par
1827 2173 99 59 les
1961 2173 405 59 volontaires

228 2255 80 59 de
336 2254 78 60 92
446 2255 168 59 dans
644 2254 101 60 les
775 2253 319 77 capitales
1150 2251 329 79 d'Europe
1526 2270 233 60 repose
1802 2270 119 42 sur
1975 2254 154 77 cinq
2175 2254 190 60 dates

228 2334 467 60 mémorables.

305 2415 93 60 Le
425 2414 80 61 20
529 2414 175 77 juin.
755 2413 306 61 Serment
1107 2413 85 58 du
1236 2413 117 77 jeu
1405 2413 80 59 de
1538 2431 267 59 paume.
1856 2415 129 59 Les
2048 2413 317 78 délégués

226 2495 80 60 de
338 2495 65 59 la
456 2495 229 60 nation
731 2493 506 78 gallo-romaine
1272 2491 340 63 affirment
1641 2494 244 60 devant
1913 2494 60 61 le
2007 2494 156 61 chef
2189 2495 78 60 de
2300 2495 64 60 la

224 2575 329 78 conquête
585 2574 280 77 franque
912 2573 200 77 qu'ils
1162 2575 113 57 ont
1310 2574 138 58 doit
1496 2592 85 40 au
1636 2577 258 74 respect
1950 2575 289 76 civique,
2303 2578 63 57 et

224 2657 396 76 repoussent
652 2655 63 59 la
746 2655 209 59 forme
1001 2653 372 61 extérieure
1424 2654 90 58 du
1566 2672 296 61 servage,
1916 2655 60 60 le
2023 2673 293 42 comman-

221 2737 272 61 dement
521 2735 118 60 des
672 2734 311 60 féodaux.

305 2818 89 58 Le
422 2815 79 61 23
525 2815 176 78 juin.
733 2814 273 60 Paroles
1028 2814 77 60 de
1134 2813 345 61 Mirabeau
1507 2815 36 59 à
1571 2814 324 61 deßrézé.
1918 2815 445 61 —L'homme

223 2898 119 60 des
375 2897 295 59 colonies
699 2895 810 78 phocéennes-romaines,
1543 2895 346 61 Mirabeau
1922 2895 264 63 affirme
2233 2914 130 60 que

220 2978 65 60 la
315 2978 206 60 Force
550 2977 221 59 armée
802 2977 87 58 du
920 2975 409 78 conquérant
1359 2975 168 60 n'est
1557 2977 155 77 plus
1744 2977 273 76 capable
2050 2978 81 58 de
2158 2978 202 60 lutter

216 3058 226 60 contre
488 3058 65 58 la
607 3057 498 61 revendication
1162 3057 119 58 des
1338 3057 271 59 anciens
1668 3057 301 61 vaincus.
2049 3058 175 60 C'est
2291 3059 65 59 la

219 3139 203 59 haute
455 3137 505 61 manifestation
1005 3137 79 59 de
1124 3137 65 59 la
1223 3135 185 61 levée
1432 3154 81 42 en
1555 3154 221 44 niasse
1805 3139 224 59 contre
2089 3138 60 60 le
2200 3139 123 59 Bar-

215 3219 159 60 bare
393 3238 14 54 ;
436 3218 61 60 le
522 3223 117 56 Fit
663 3219 371 60 tumultus.

298 3299 92 60 Le
414 3300 37 58 4
483 3299 179 59 août.
803 3298 128 60 Les
960 3297 252 61 Francs
1259 3297 505 61 reconnaissent
1804 3297 148 61 leur
1993 3297 371 61 infériorité

218 3380 248 60 morale
499 3382 64 57 et
592 3379 358 78 physique.
986 3379 91 59 Le
1107 3379 128 59 duc
1267 3378 401 77 d'Aiguillon
1697 3396 281 59 propose
2015 3379 80 60 de
2128 3379 236 60 rendre

216 3478 135 42 aux
380 3476 436 62 possesseurs
846 3457 324 78 primitifs
1221 3458 87 58 du
1340 3459 122 73 sol,
1515 3459 63 59 la
1612 3458 169 61 libre
1830 3459 431 76 disposition,
2302 3459 59 60 le

214 3542 289 58 vicomte
538 3540 81 59 de
648 3538 260 61 Noaille
938 3538 224 77 ajoute
1198 3556 11 40 :
1249 3554 156 44 sans
1437 3538 233 60 tribut.
1708 3540 172 59 C'est
1941 3539 58 60 le
2044 3556 278 43 renonce-

216 3624 187 59 ment
433 3622 39 59 à
501 3622 64 59 la
596 3619 349 77 conquête.
