2684 4109
1353 263 116 60 108

425 407 84 59 Ce
542 404 104 60 n'a
679 403 167 59 donc
871 400 175 61 servi
1079 402 80 59 de
1205 400 142 60 rien
1376 396 242 63 l'effort
1665 398 80 59 de
1792 414 122 42 nos
1944 395 196 79 pères
2187 414 81 42 en
2299 396 77 61 89
2423 399 62 58 et

344 503 83 43 en
471 485 99 71 90,
603 501 70 43 ce
706 483 105 58 n'a
866 483 166 58 donc
1089 480 174 61 servi
1310 480 80 59 de
1451 479 144 60 rien
1639 478 99 59 les
1798 493 374 43 massacres
2220 476 79 60 de
2343 494 107 60 sep-

341 565 282 70 tembre,
665 564 102 60 les
811 562 336 60 sacrifices
1199 559 317 61 humains
1576 559 79 58 de
1713 558 66 59 la
1824 556 279 61 Terreur
2165 574 84 42 au
2307 558 177 59 Dieu

343 648 299 58 Inconnu
688 644 117 59 des
852 642 399 78 aspirations
1276 640 231 73 libres,
1539 639 61 60 le
1624 639 267 76 rythme
1918 638 425 59 destructeur
2372 639 116 58 des

344 727 333 78 guerriers
712 725 79 59 de
835 723 79 61 92
955 723 209 77 partis
1210 739 117 42 sur
1371 738 129 42 une
1533 722 296 58 chanson
1872 718 222 61 sacrée
2145 719 37 58 à
2231 719 65 58 la
2342 737 111 42 con-

347 807 195 77 quête
576 805 89 59 du
689 804 243 60 monde
965 803 258 60 romain
1256 802 160 59 dont
1448 802 82 58 ils
1562 799 272 61 tiraient
1877 799 148 60 leur
2070 799 255 77 origine
2340 799 30 58 ?

421 906 59 59 A
512 904 166 73 rien,
715 921 80 43 en
824 902 174 61 effet.

425 1033 29 35 «
487 1011 54 59 Il
585 1010 112 76 n'y
750 1026 36 42 a
829 1009 149 78 plus
1036 1007 80 60 de
1162 1007 354 60 noblesse?
1563 1007 154 77 plus
1778 1006 80 60 de
1905 1005 311 76 donjons,
2264 1006 222 60 toutes

341 1092 99 60 les
485 1090 303 60 bastilles
837 1089 117 59 des
1004 1104 398 61 campagnes
1458 1086 428 79 disparurent
1938 1089 62 57 et
2032 1086 61 60 le
2149 1085 142 61 serf
2330 1086 155 60 s'est

345 1171 349 61 affranchi!
734 1190 29 37 »

419 1266 302 63 Naïveté.

424 1368 94 57 La
562 1363 345 62 cheminée
966 1364 79 60 de
1095 1363 307 77 fabrique
1456 1364 318 60 n'a-t-elle
1827 1381 120 59 pas
2009 1364 168 59 dans
2227 1364 257 78 chaque

343 1447 211 59 vallée
601 1445 130 78 pris
775 1445 184 77 place
992 1462 157 41 sous
1180 1444 63 59 la
1270 1444 236 60 colline
1540 1444 79 60 de
1664 1444 368 60 l'ancienne
2057 1445 153 59 tour
2226 1443 258 63 féodale

345 1525 316 60 abhorrée
691 1525 63 59 et
786 1524 297 59 maudite
1110 1524 294 76 pendant
1429 1524 210 60 douze
1672 1524 284 61 siècles?
1986 1524 253 60 Attirés
2272 1542 120 60 par
2422 1527 63 58 la

345 1605 188 73 faim,
580 1605 97 58 les
724 1603 170 60 serfs
940 1619 80 44 ne
1058 1604 263 57 sont-ils
1365 1621 118 58 pas
1529 1621 321 43 accourus
1910 1604 79 59 de
2036 1605 221 59 toutes
2300 1607 184 75 parts

340 1687 174 76 jeter
566 1702 132 42 aux
743 1683 371 60 mâchoires
1162 1684 117 59 des
1324 1684 343 60 machines
1710 1685 61 60 le
1818 1684 312 61 meilleur
2174 1685 79 59 de
2299 1685 184 60 leurs

345 1764 236 73 forces,
613 1764 79 59 de
722 1763 148 60 leur
922 1778 185 61 sang,
1153 1763 63 58 la
1242 1762 246 61 femme
1534 1764 319 78 conquise
1898 1782 120 58 par
2058 1764 148 60 leur
2249 1782 235 43 amour

347 1847 62 57 et
435 1846 96 58 les
564 1843 265 61 enfants
860 1843 180 58 issus
1073 1843 79 58 de
1178 1843 148 60 leur
1352 1844 272 76 passion
1658 1844 404 61 lamentable
2088 1865 11 38 :
2142 1863 170 59 pour
2352 1863 128 60 que

344 1924 287 60 laminés
661 1941 117 58 par
806 1923 99 58 les
937 1922 271 59 labeurs
1246 1923 324 60 délétères
1614 1924 47 59 il
1708 1926 382 59 rendissent
2140 1942 134 42 aux
2319 1943 121 42 nou-

344 2022 218 42 veaux
604 2003 348 76 seigneurs
992 2003 177 58 dîme
1214 2004 62 57 et
1316 2004 229 59 corvée
1604 2022 80 42 en
1716 2004 212 78 impôt
1970 2006 261 59 destiné
2277 2023 132 42 non
2442 2008 37 58 à

347 2083 243 76 alléger
616 2082 99 59 les
757 2098 204 42 maux
989 2082 90 58 du
1106 2098 249 60 pauvre
1396 2083 172 60 mais
1618 2084 37 59 à
1685 2083 320 61 défendre
2055 2084 61 60 le
2165 2084 158 60 bien
2382 2086 92 59 du

345 2163 201 60 riche.
575 2162 102 61 On
710 2178 37 42 a
771 2160 181 77 parlé
978 2162 80 58 de
1089 2164 256 57 contrat
1379 2163 202 60 social
1630 2182 12 39 :
1677 2164 47 59 il
1757 2163 215 61 fallait
2000 2166 140 58 dire
2185 2166 264 77 l'exploi-

344 2243 211 58 tation
584 2240 265 60 sociale.

425 2322 83 58 Et
541 2323 57 57 si
630 2322 131 58 l'on
815 2320 327 59 demande
1199 2323 331 76 pourquoi
1587 2323 64 60 la
1680 2324 286 76 poussée
2027 2326 81 58 de
2163 2326 188 59 89-90
2377 2324 104 63 n'a

345 2400 222 61 réussi
620 2399 151 79 qu'à
801 2400 290 77 changer
1131 2400 98 60 les
1283 2420 195 41 noms
1521 2403 117 60 des
1670 2406 303 72 maîtres,
2008 2406 45 57 il
2090 2404 146 60 faut
2281 2406 199 77 qu'on

348 2482 194 59 sache
574 2481 157 59 bien
757 2497 132 43 une
921 2479 128 60 fois
1088 2498 127 59 que
1251 2483 65 58 la
1341 2482 183 62 faute
1568 2484 80 59 de
1695 2487 145 57 tout
1877 2487 174 58 reste
2105 2486 373 77 imputable

349 2578 132 42 aux
524 2561 234 58 lourds
809 2561 62 58 et
931 2561 308 74 stupides
1281 2562 343 61 fantoches
1662 2564 115 77 qui
1803 2564 313 78 jouèrent
2168 2566 59 59 le
2279 2566 162 61 mélo-

349 2641 300 58 dramme
678 2639 79 59 de
785 2639 63 59 la
874 2641 395 58 convention
1296 2643 9 56 !
2017 2694 5 4 .
2399 2694 5 5 .

428 2719 374 60 Fantoches
862 2721 62 58 et
979 2719 375 62 ambitieux
1383 2724 416 77 grotesques,
1851 2726 100 58 les
2009 2726 467 77 Robespierre,

349 2799 98 59 les
474 2799 292 71 Danton,
811 2797 99 59 les
938 2797 281 75 St-Just,
1260 2801 100 59 les
1403 2802 329 73 Couthon,
1766 2804 98 60 les
1891 2806 236 72 Marat,
2163 2808 62 57 et
2254 2809 225 56 autres

349 2878 462 77 polichinelles
853 2895 463 59 pourvoyeurs
1363 2881 311 80 indignes
1735 2884 80 60 de
1865 2886 64 58 la
1984 2887 214 60 sainte
2246 2887 202 77 guillo-

347 2959 161 71 tine,
538 2959 101 57 cet
665 2957 179 59 autel
899 2958 117 58 des
1069 2959 203 59 vieux
1310 2962 334 61 sacrifices
1698 2963 399 79 druidiques
2146 2967 83 58 où
2260 2967 221 60 devait

349 3037 222 59 fumer
598 3038 61 58 le
717 3053 164 60 sang
922 3038 115 58 des
1083 3038 306 62 hommes
1432 3060 150 42 vers
1625 3042 63 60 le
1717 3043 176 61 Dieu
1947 3046 80 59 de
2084 3046 395 77 l'Equilibre

349 3117 202 59 social
585 3118 63 58 et
681 3117 115 76 qui
828 3132 81 43 ne
938 3118 206 58 servit
1189 3119 36 57 à
1274 3137 109 42 ces
1416 3122 265 77 goujats
1714 3140 129 59 que
1898 3142 169 60 pour
2114 3126 366 61 s'éliminer

347 3197 97 59 les
468 3213 127 42 uns
626 3196 99 59 les
753 3197 225 58 autres
1002 3197 79 58 de
1105 3197 62 59 la
1195 3198 326 62 dictature
1553 3203 64 57 et
1648 3220 230 43 mener
1910 3206 569 59 successivement

347 3276 36 59 à
414 3276 335 59 l'abattoir
777 3276 99 58 les
905 3277 314 59 sectaires
1251 3296 82 42 en
1383 3279 284 75 rivalité,
1703 3283 279 61 vaincus
2013 3302 119 60 par
2164 3287 316 58 d'odieux

344 3356 362 77 tripotages
734 3357 62 57 et
829 3354 443 62 d'immondes
1313 3358 351 79 intrigues.
1690 3362 220 62 Honte
1937 3364 166 60 dans
2126 3366 348 72 l'histoire,

347 3451 128 59 que
523 3436 61 58 le
639 3436 280 58 couteau
954 3436 115 76 qui
1125 3437 455 80 s'empourpra
1608 3442 89 58 du
1745 3460 166 61 sang
1943 3444 80 60 de
2051 3446 209 59 Louis
2288 3446 182 72 XVI,

345 3514 216 60 hostie
594 3514 225 76 royale
870 3514 228 61 offerte
1147 3535 171 58 pour
1346 3518 64 60 la
1440 3522 321 60 concorde
1808 3523 118 61 des
1956 3524 235 77 partis,
2239 3542 70 43 se
2345 3526 129 59 soit

347 3594 237 60 souillé
620 3596 78 59 de
729 3594 472 79 l'égorgement
1247 3599 117 60 des
1396 3599 440 80 Robespierre
1871 3606 63 59 et
1980 3606 118 59 des
2145 3606 326 61 Couthon.
