2437 3613
745 562 332 64 CHEMIN
1123 565 120 61 DE
1286 565 172 63 FER
1502 567 116 61 DE
1664 567 239 64 L'EST

1486 739 22 23 /

1084 787 16 38 I

675 995 469 101 VOYAGES
1221 995 729 104 D'EXCURSION

400 1310 211 58 Avec
680 1307 423 61 itinéraires
1175 1311 241 60 tracés
1492 1311 380 77 d'avance,
1950 1330 90 43 au
2101 1314 136 74 gré

1001 1432 128 61 des
1174 1449 457 63 voyageurs.

319 1692 95 60 La
445 1693 400 79 Compagnie
878 1696 118 60 des
1029 1696 317 61 Chemins
1388 1697 80 60 de
1514 1695 102 62 fer
1646 1698 80 58 de
1758 1697 20 59 1
1806 1697 120 59 Est
1959 1697 252 61 délivre
2243 1716 154 59 pen-

240 1772 159 58 dant
423 1773 184 60 toute
633 1773 280 75 l'année,
958 1775 117 62 des
1119 1776 227 61 billets
1392 1776 37 60 à
1466 1776 151 77 prix
1660 1776 260 61 réduits
1962 1777 80 60 de
2078 1780 29 57 l
2117 1787 47 32 re
2171 1824 15 25 ,
2219 1778 39 60 2
2262 1789 22 30 e
2310 1796 84 42 ou

238 1851 38 59 3
278 1862 22 28 e
349 1851 211 62 classe
609 1871 168 59 pour
827 1855 118 59 des
987 1872 292 61 voyages
1325 1856 424 60 d'excursion
1800 1874 119 42 sur
1965 1856 99 62 les
2115 1857 283 61 réseaux

240 1932 79 58 de
348 1931 189 75 l'Est,
568 1933 79 61 de
673 1933 224 74 l'Etat,
927 1936 89 58 du
1044 1936 189 72 Midi,
1269 1937 91 59 du
1391 1937 206 73 Nord,
1633 1937 373 74 d'Orléans,
2037 1938 80 60 de
2144 1938 254 61 l'Ouest

239 2013 63 56 et
330 2011 80 59 de
441 2012 190 60 Paris
677 2013 37 60 à
757 2013 192 78 Lyon
993 2017 64 59 et
1104 2016 35 58 à
1188 2016 63 60 la
1298 2015 478 62 Méditerranée
1825 2034 156 43 avec
2023 2017 375 62 itinéraires

236 2090 214 60 tracés
466 2092 309 61 d'avance
794 2110 84 43 au
902 2095 110 77 gré
1038 2095 117 61 des
1181 2112 374 61 voyageurs
1579 2097 206 78 etpou
1795 2098 153 59 vaut
1961 2100 437 76 comprendre

235 2170 98 60 les
357 2172 210 76 lignes
582 2173 159 60 d'un
756 2175 145 59 seul
924 2192 85 42 ou
1034 2175 80 61 de
1134 2176 343 77 plusieurs
1503 2177 116 59 des
1640 2177 283 60 réseaux
1934 2178 460 79 participants.

324 2251 122 61 Les
466 2252 376 61 itinéraires
868 2256 149 58 sont
1049 2250 236 66 établis
1311 2274 119 59 par
1459 2256 100 61 les
1580 2274 375 62 voyageurs
1979 2261 419 60 eux-mêmes

238 2331 171 58 mais
441 2331 80 61 de
558 2333 294 60 manière
887 2335 320 61 toutefois
1252 2336 37 61 à
1334 2337 95 60 les
1471 2354 308 43 ramener
1828 2338 37 59 à
1909 2338 146 61 leur
2093 2340 188 77 point
2314 2340 83 64 de

239 2408 253 78 départ.

318 2518 128 58 Les
476 2516 227 62 billets
727 2521 293 77 peuvent
1047 2521 134 61 être
1211 2523 420 63 individuels
1658 2543 85 43 ou
1777 2525 326 62 colleetifc

316 2620 91 61 Le
431 2622 359 63 minimum
821 2627 89 59 du
934 2643 317 60 parcours
1283 2632 102 58 est
1412 2631 80 61 de
1519 2632 118 62 300
1663 2633 407 62 kilomètres.
