5219 6781
701 6378 574 59 Verantwortlich
1317 6381 112 60 für
1469 6381 110 58 die
1622 6383 548 75 Schriftleitung:
2214 6383 297 61 Lothar
2553 6386 390 75 Schreyer
3000 6402 36 44 /
3080 6388 240 71 Verlag
3368 6388 132 59 Der
3549 6388 233 59 Sturm
3832 6388 72 59 G.
3948 6403 92 43 m.
4082 6386 63 58 b.
4186 6386 79 58 H.
4306 6398 37 46 /
4385 6383 232 59 Berlin
4661 6385 87 57 W
4775 6392 34 50 9

1972 6480 264 59 Druck:
2281 6481 67 58 C.
2389 6481 264 58 Basista
2695 6485 58 54 &
2797 6483 113 58 Co.
2954 6502 34 37 /
3032 6483 234 58 Berlin
3310 6483 125 58 NO
3481 6486 70 53 18

702 361 2557 147 KUNSTAUSSTELLUNG
3398 366 464 142 DER
4001 373 796 142 STURM

704 567 442 77 BERLIN
1197 567 113 75 f
1351 577 46 67 9
1473 593 41 47 /
1591 561 751 81 POTSDAMER
2399 559 517 78 STRASSE
2985 572 212 63 134a
3270 583 45 50 /
3391 562 173 73 AM
3628 564 739 85 POTSDAMER
4424 572 376 77 PLATZ

702 701 451 61 Geoffnet
1205 701 366 73 taglich
1619 716 171 43 von
1842 696 188 61 10—6
2089 694 771 77 Uhr/Sonntags
2911 710 174 42 von
3137 693 188 57 11—2
3378 691 178 61 Uhr
3608 715 32 37 /
3693 693 633 71 Monatlicher
4375 704 426 61 Wechsel

702 900 265 87 Hund
972 899 530 86 ertfunfundz
1506 902 445 103 wanzigste
2007 892 535 110 Ausstellung

701 1032 390 60 November
1133 1038 148 50 1923

701 1154 251 83 Ernst
1011 1153 265 84 Oscar
1335 1146 396 86 Albrecht

701 1288 249 81 Anne
1010 1283 426 85 Reibstein
1458 1324 34 32 ✓
1502 1280 398 86 Albrecht

702 1417 938 88 Sturm^Gesamtschau

2877 890 1285 109 Hundertsechsundzwanzigste
4221 902 530 107 Ausstcllung

2873 1021 371 57 Dezember
3286 1024 149 53 1923

2878 1193 204 88 Bela
3146 1197 284 83 Kadar

2878 1405 935 88 SturrrvGesamtschau

704 1720 1808 145 MONATSSCHRIFT
2584 1720 419 138 DER
3075 1719 724 139 STURM
3865 1772 56 90 /
4013 1786 440 57 Vierzehntcr
4480 1784 334 73 Jahrgang

701 1914 353 60 Erscheint
1097 1913 186 57 Mittc
1332 1913 181 69 jedes
1557 1908 266 60 Monats

699 2007 117 61 Mit
855 2004 504 76 mehrfarbigen
1398 2002 551 77 Kunstbeilagen,
1993 1999 513 61 Holzschnitten
2550 2002 186 70 (stets
2775 2014 161 43 vom
2978 1996 205 61 Stock
3229 1994 355 76 gedruckt)
3630 1996 141 59 und
3811 1994 483 74 Zeichnungen

699 2106 437 69 Dauerbezug
1176 2106 112 56 fur
1329 2102 487 60 Deutschland:
1864 2097 127 61 Ein
2015 2095 409 77 Vierteljahr
2463 2094 391 61 Grundzahl
2893 2094 38 59 2
2985 2109 37 46 /
3064 2092 326 59 Ausland:
3432 2090 188 61 siehe
3662 2090 54 61 3.
3760 2089 534 76 Umschlagseite
4348 2089 22 73 /
4429 2085 381 61 Einzelheft

701 2178 391 60 Grundzahl
1132 2177 29 59 1

699 2278 467 68 VollstSndige
1210 2275 400 71 Exemplare
1652 2275 117 54 dcs
1815 2278 52 53 5.
1898 2272 106 57 bis
2035 2280 51 49 7.
2114 2270 370 71 Jahrgangs
2524 2285 134 41 nur
2700 2268 178 58 noch
2926 2268 72 56 in
3046 2268 308 70 wenigen
3408 2266 449 73 Exemplaren
3918 2265 405 57 vorhanden
4370 2261 24 72 /
4419 2261 395 60 Grundzahl

699 2355 61 71 jc
824 2361 70 51 15
955 2368 18 56 I
1038 2363 52 49 9.
1151 2356 105 56 bis
1305 2360 86 50 13.
1432 2355 334 69 Jahrgang
1808 2351 393 58 Grundzahl
2243 2349 61 72 je
2345 2353 35 51 8
2421 2348 24 69 /
2489 2355 51 49 1.
2573 2348 109 57 bis
2721 2353 54 51 4.
2819 2346 140 58 und
2998 2353 55 51 8.
3086 2346 334 71 Jahrgang
3456 2346 362 70 vergriffen
3879 2344 20 70 /
3943 2343 420 59 Einzelheftc
4414 2344 168 55 alter
4624 2343 190 69 Jahr'

699 2448 210 54 gange
953 2431 394 57 Grundzahl
1393 2436 29 49 1

699 2524 144 59 Von
885 2526 178 57 alien
1109 2522 509 61 Holzschnitten
1661 2520 123 60 der
1825 2519 384 61 Zeitschrift
2255 2519 130 57 Der
2426 2517 227 59 Sturm
2694 2514 155 61 sind
2892 2514 320 76 signierte
3256 2514 139 59 und
3456 2514 413 59 numerierte
3931 2517 476 64 Handdrucke,
4473 2529 136 41 von
4668 2510 134 58 den

701 2600 284 59 meisten
1029 2600 479 73 Zeichnungen
1549 2600 467 58 Kunstdrucke
2060 2593 308 60 kauflich
2407 2610 87 41 zu
2534 2592 378 59 erwerben.
2993 2590 121 59 Die
3158 2588 338 76 Originale
3537 2588 156 59 sind
3733 2588 451 59 verkauflich.

701 2698 465 58 Sturmbiihne
1197 2697 20 71 /
1247 2693 349 59 Jahrbuch
1625 2692 119 59 des
1772 2692 327 59 Theaters
2128 2690 124 59 der
2279 2686 597 80 Expressionisten
2919 2688 22 71 /
2985 2685 52 61 1.
3059 2685 107 59 bis
3193 2686 54 58 8.
3271 2685 200 74 Folge
3522 2686 22 72 /
3588 2685 162 74 jede
3779 2685 200 76 Folge
4009 2683 390 61 Grundzahl
4428 2683 133 59 0.20

702 2972 464 112 Bticher
1264 3006 217 75 aus
1582 2972 271 109 dcm
1955 2965 444 146 Verlag
2500 2965 241 112 Dcr
2839 2959 413 118 Sturm
3340 2962 224 108 mit
3648 2955 1162 146 Goldmarkpreisen

878 3136 119 58 Die
1041 3133 592 78 Goldmarkpreise
1676 3133 155 59 sind
1872 3131 124 61 mit
2036 3131 122 60 der
2194 3130 267 78 jeweils
2500 3131 466 75 festgesetzten
3010 3125 367 61 amtlichen
3421 3123 500 61 Schlusselzahl
3965 3140 81 40 zu
4089 3121 553 76 multiplizieren.

1740 3230 137 59 Fur
1919 3228 122 59 das
2082 3226 332 63 Ausland:
2456 3224 391 61 Grundzahl
2883 3250 78 24 =
3001 3221 381 63 Schweizer
3421 3221 319 59 Franken

1835 3362 533 49 Postscheckkonto
2400 3360 104 47 des
2534 3360 234 56 Verlags
2800 3360 117 46 Der
2949 3358 225 46 Sturm:
3208 3355 202 47 Berlin
3442 3357 215 47 120658

699 3487 264 71 August
1003 3487 298 56 Stramm

702 3578 100 58 Da
846 3580 20 71 I
912 3575 554 78 Liebesgedichte
1508 3577 20 73 /
1569 3575 56 59 4.
1665 3575 271 76 Auflage
1979 3577 22 73 /
2041 3575 38 58 2

699 3673 360 76 Tropfblut
1096 3677 26 66 /
1163 3672 326 59 Gedichte
1533 3673 22 70 /
1601 3670 362 78 gebunden
2004 3673 24 71 /
2080 3673 38 56 5

698 3768 446 58 Gesammelte
1188 3766 423 75 Dichtungen
1654 3768 22 71 /
1716 3766 37 58 2
1794 3766 227 58 Bande
2062 3770 23 69 /
2128 3766 200 60 Jeder
2373 3765 190 59 Band
2604 3761 37 63 5

699 3907 165 56 Paul
907 3905 393 58 Scheerbart

699 3997 580 61 Glasarchitektur
1318 3998 22 73 /
1381 3998 78 58 In
1499 3997 107 59 111
1650 3997 312 76 Kapiteln
2004 3998 22 73 /
2067 3998 39 58 2

699 4136 203 57 Ernst
942 4137 265 56 Marcus

699 4227 132 58 Das
870 4225 729 78 Erkenntnisproblem
1640 4229 25 69 /
1703 4225 135 63 2.50

698 4366 166 56 Kurt
905 4364 342 73 Heynicke

699 4456 203 76 Rings
944 4456 208 59 fallen
1195 4456 237 59 Sterne
1474 4457 22 73 /
1538 4456 326 61 Gedichte
1908 4459 20 73 /
1970 4457 37 58 2

699 4594 254 56 Rudolf
988 4594 329 58 Bltimner

699 4684 132 58 Der
871 4684 183 59 Geist
1095 4684 120 59 des
1256 4684 372 61 Kubismus
1672 4686 141 59 und
1855 4684 110 61 die
2007 4686 256 59 Kunste
2309 4689 22 73 /
2373 4688 38 59 3

699 4821 247 56 Lothar
988 4821 320 73 Schreyer

700 4913 119 57 Die
861 4930 175 42 neue
1080 4911 218 64 Kunst
1337 4916 22 73 /
1401 4916 31 58 1

2871 3475 354 58 Herwarth
3266 3475 293 56 Walden

2873 3585 120 59 Die
3022 3602 174 42 neue
3227 3583 272 61 Malerei
3528 3585 22 73 /
3581 3582 428 78 Einfiihrung
4043 3582 71 59 in
4143 3583 132 58 den
4305 3582 508 78 Expressionis-

2869 3699 154 42 mus
3064 3685 22 70 I
3127 3682 39 57 2

2874 3777 131 59 Das
3046 3777 189 57 Buch
3277 3775 124 59 der
3440 3775 544 59 Menschenliebe
4026 3777 22 71 /
4090 3773 261 61 Roman
4390 3777 22 71 /
4453 3775 35 57 2

2876 3893 909 88 SturrrvBilderbticher

2873 4024 418 76 Ganzseitige
3327 4024 475 76 Abbildungen
3843 4024 124 57 der
4007 4024 463 76 Hauptwerke

2935 4144 29 56 I
3005 4146 176 54 Marc
3211 4144 280 71 Chagall
3531 4141 23 72 /
3594 4139 56 61 2.
3691 4139 277 74 Auflage

2908 4240 58 56 II
3008 4239 380 57 Alexander
3430 4239 437 73 Archipenko

2873 4335 88 56 III
3003 4335 164 56 Paul
3210 4335 159 55 Klee

2871 4430 88 56 IV
3001 4430 168 56 Kurt
3210 4430 386 58 Schwitters

2871 4520 200 61 Jedes
3112 4522 191 59 Buch
3345 4522 36 59 3

2896 4623 58 54 V
2998 4623 212 56 Maler
3271 4623 118 56 des
3445 4623 639 71 Expressionismus
4139 4621 24 68 /
4217 4616 349 58 Fiinfzehn
4608 4616 202 58 Farb-

2873 4715 283 59 drucke:
3196 4715 273 78 Chagall
3503 4718 22 71 /
3550 4715 401 76 Kandinsky
3984 4716 20 71 /
4028 4715 213 57 Franz
4266 4711 180 60 Marc
4487 4728 62 43 u.
4573 4728 57 43 a.
4671 4713 24 73 /
4737 4711 76 61 10

2874 4815 89 55 VI
3005 4815 212 55 Maler
3257 4815 119 57 des
3418 4813 640 73 Expressionismus
4099 4809 23 73 /
4166 4806 246 61 Zweite
4454 4806 204 76 Folge
4686 4806 129 76 /10

2876 4926 715 73 Xokoschka-Mappe:
3633 4921 574 76 Menschenkopfe
4249 4923 22 73 /
4316 4920 72 59 12

696 5190 133 55 Dcr
907 5190 233 57 Sturm
1220 5191 421 58 iibernimmt
1721 5193 108 56 die
1895 5195 527 71 Veranstaltung
2500 5212 140 42 von

697 5266 232 56 Sturm
942 5288 29 22 -
984 5267 534 72 Ausstellungen
1580 5266 519 73 (Gesamtschau
2163 5271 142 56 und
2370 5271 270 57 Einzel-

697 5342 536 73 ausstellungen)
1315 5344 72 56 in
1467 5344 183 57 alien
1729 5345 280 58 Stadten
2088 5347 141 56 und
2312 5347 330 59 LSndern.

697 5420 130 56 Der
907 5420 233 57 Sturm
1220 5422 371 57 vermittelt
1669 5438 171 41 nur
1917 5423 131 58 den
2117 5423 312 59 Verkauf
2498 5442 141 42 von

697 5494 298 60 Werken
1054 5498 118 56 der
1223 5498 339 67 Kiinstler,
1621 5499 107 56 die
1780 5515 71 42 er
1911 5499 211 60 durch
2185 5501 230 71 eigene
2464 5505 175 55 Aus-

696 5572 383 73 stellungen
1118 5574 396 58 anerkennt.

700 5880 396 112 Standige
1155 5884 663 86 Verkaufsstelle
1877 5887 132 83 fur
2068 5886 390 111 Graphik

698 6013 241 72 Verlag
981 6016 134 56 Der
1154 6016 233 59 Sturm
1430 6018 76 57 G.
1533 6033 91 42 m.
1653 6018 63 57 b.
1745 6019 84 58 H.

698 6107 396 60 Potsdamer
1135 6112 230 56 Strafie
1409 6117 112 53 134
1536 6129 38 43 a
1614 6126 38 46 /
1694 6114 427 59 Gartenhaus
2161 6116 224 57 rechts
2414 6117 57 56 II

2877 5197 1594 147 Sturm'Buchhandlungen

2876 5412 49 51 1.
2967 5405 400 58 Potsdamer
3407 5405 259 58 Strasse
3714 5410 107 53 138
3836 5422 37 41 a
3915 5405 22 71 /
3980 5409 225 57 Laden

2969 5500 318 56 Fernruf:
3328 5500 162 58 Amt
3533 5502 277 57 Liitzow
3849 5509 153 50 4443

2871 5663 54 52 2.
2969 5656 643 57 Kurfurstendamm
3656 5661 109 52 150
3805 5652 24 77 /
3873 5658 222 57 Laden

2969 5751 320 59 Fernruf:
3330 5751 160 59 Amt
3533 5751 271 59 Uhland
3846 5757 151 53 5646

2871 5898 262 59 Biicher
3172 5898 24 71 /
3238 5896 307 75 Graphik
3584 5895 25 74 /
3651 5898 419 58 Musikalien

2869 6018 496 76 Bestellungen,
3418 6018 177 59 auch
3650 6035 160 44 vom
3856 6017 324 76 Ausland,
4235 6018 278 63 werden

2867 6113 269 78 zuglich
3177 6115 286 76 erledigt

1288 6248 56 56 V
1371 6249 594 73 eranderung
2023 6251 564 59 samtlicher
2647 6253 324 59 Preise
3035 6253 471 71 jederzeit
3565 6255 647 59 vorbehalten
