5219 6781
538 6553 146 68 162

522 233 139 71 ihn
700 232 193 72 oder
929 233 374 73 kulturell
1342 240 288 88 gesagt:
1669 238 269 92 ergibt
1972 238 169 70 ihm
2175 237 288 74 Kredit.

527 348 156 70 Der
759 347 319 73 Mensch
1147 348 98 72 ist
1294 357 154 85 gut,
1504 350 182 71 dem
1741 352 300 71 Glaube
2095 352 370 91 Leistung

524 462 117 69 ist.
744 460 232 73 Nicht
1027 464 190 71 aber
1269 464 371 93 Leistung
1692 465 324 71 Glaube.
2095 465 370 92 Leistung

522 575 100 71 ist
698 575 127 73 die
888 579 535 91 sinngemässe
1476 579 193 71 oder
1719 579 388 72 sinnliche
2160 579 261 72 Gestal-

524 696 190 84 tung
793 689 137 73 des
1007 692 712 92 Nichtgestaltetcn.
1826 694 144 69 Die
2046 694 200 73 Güte
2322 694 143 71 der

526 804 370 95 Leistung
946 809 98 69 ist
1093 807 171 71 ihre
1305 807 452 92 Gestaltung
1809 807 163 71 und
2026 809 212 73 nicht
2288 809 175 71 ihre

526 919 531 93 Verwertung.
1162 922 143 70 Die
1340 922 512 88 Verwertung
1904 921 139 73 der
2095 924 370 93 Leistung

521 1034 99 70 ist
697 1058 150 47 nur
922 1036 283 71 Zweck
1279 1038 125 69 für
1482 1036 129 71 die
1662 1036 447 93 Menschen,
2165 1038 125 72 die
2344 1039 119 71 bis

524 1148 169 71 drei
744 1149 281 71 zählen
1083 1149 338 75 können.

526 1261 508 75 Feindschaft
1083 1264 100 72 ist
1235 1264 508 73 verhinderte
1797 1266 436 93 Besitzgier.

525 1512 413 89 Eigentum
967 1513 98 73 ist
1093 1515 171 71 eine
1294 1515 379 73 seelische
1692 1515 479 93 Forderung.
2208 1518 251 73 Wenn

525 1623 143 73 der
740 1625 319 73 Mensch
1113 1629 190 71 aber
1353 1652 99 48 an
1507 1629 127 72 die
1687 1629 220 72 Seele
1961 1630 258 73 dieser
2271 1632 147 71 For-

529 1739 301 93 derung
881 1742 218 73 nicht
1150 1744 295 89 glaubt;
1491 1742 245 73 findet
1787 1767 186 50 man
2026 1745 137 72 ihn
2203 1747 218 90 eigen-

524 1855 355 75 tümlich.
984 1859 144 71 Die
1165 1859 464 91 Forderung
1680 1862 98 71 ist
1831 1861 127 71 die
2012 1861 402 93 Eigentüm-

524 1969 323 71 lichkeit
923 1971 142 72 der
1142 1969 244 78 Seele.
1516 1974 174 71 Und
1741 1976 110 69 im
1909 1976 323 93 übrigen
2293 1977 173 71 eine

525 2084 458 95 Rechnung.
1088 2087 176 72 Und
1314 2111 214 51 zwar
1580 2091 171 71 eine
1805 2091 661 73 überschriebene

523 2198 449 94 Rechnung.

526 2409 169 71 Wir
744 2411 278 71 zählen
1078 2411 213 74 nicht
1342 2438 279 49 unsere
1653 2414 256 73 Jahre.
1982 2418 171 71 Wir
2185 2416 279 71 zählen

524 2523 252 72 nichts
830 2528 153 69 auf.
1086 2528 220 71 Auch
1360 2531 229 70 keine
1645 2531 493 92 Leistungen.
2241 2529 223 73 Denn

524 2639 110 72 sie
686 2641 437 90 geschehen
1179 2668 136 46 um
1357 2645 141 71 der
1535 2646 369 92 Leistung
1940 2648 293 71 willen.
2307 2646 159 71 Uns

523 2755 296 71 suchen
874 2756 216 71 nicht
1142 2760 417 71 Gestalten.
1664 2761 169 72 Wir
1897 2763 373 90 gestalten
2327 2761 137 72 das

524 2866 339 78 Suchen.
995 2871 166 75 Wir
1242 2877 376 88 gestalten
1708 2873 138 73 das
1931 2875 339 73 Treiben
2353 2878 113 70 im

524 2985 312 71 Getrieb
917 2985 139 73 der
1122 2988 303 71 Triebe.
1528 2988 398 73 Treibend
1979 2990 485 73 Getriebene.

526 3098 414 75 Getrieben
996 3102 466 74 Treibende.
1535 3102 389 74 Künstler.
1997 3103 469 75 Schaffende

527 3214 529 74 Geschaffene.
1161 3217 513 74 Geschaffene
1726 3219 493 74 Schaffende.

527 3330 144 71 Die
724 3332 372 91 Leistung
1147 3354 139 49 um
1340 3332 139 73 der
1535 3335 369 90 Leistung
1955 3337 293 71 willen.

1672 3467 401 73 Herwarth
2126 3468 338 72 Walden

519 3830 592 116 Tai-a-oh

522 4023 192 71 Tai
766 4047 44 47 a
861 4023 174 71 oh:
1093 4047 78 49 es
1225 4025 102 71 ist
1381 4025 311 72 schwer
1743 4050 93 46 zu
1892 4026 308 73 deuten.
2255 4028 169 73 Viel-

521 4136 242 71 leicht
825 4138 102 71 ist
979 4162 80 47 es
1115 4138 139 71 das
1308 4140 229 71 Meer.
1642 4140 254 73 Wenn
1953 4141 213 72 seine
2219 4141 198 72 Bran-

522 4252 214 91 dung
771 4253 403 71 verbissen
1222 4255 204 90 ringt
1460 4255 146 69 mit
1643 4255 285 93 Klippe
1963 4255 163 71 und
2166 4257 298 89 Felsen,

522 4367 268 91 singen
846 4367 318 72 Wasser
1217 4367 164 71 und
1435 4368 208 73 Stein
1699 4392 137 49 aus
1894 4372 574 91 gemeinsamer

521 4480 247 73 Kehle
822 4480 151 73 den
1030 4484 391 93 Urgesang
1474 4484 140 72 der
1650 4485 427 92 Elemente,
2134 4485 141 73 der
2326 4511 138 47 aus

522 4597 505 73 Feindschaft
1079 4599 342 91 geboren
1476 4600 130 73 ist:
1662 4602 401 73 Tai-a-oh.

522 4712 212 71 Oder
812 4736 79 47 es
969 4714 98 69 ist
1149 4712 140 71 der
1366 4712 369 93 Himmel,
1816 4715 140 72 der
2034 4719 193 71 über
2280 4717 184 71 dem

521 4829 210 71 Meer
807 4827 157 71 und
1049 4827 149 71 den
1277 4829 260 73 Inseln
1616 4832 451 92 gewaltiger
2117 4834 182 90 liegt
2349 4834 114 69 als

522 4944 197 70 über
771 4942 183 72 dem
1008 4963 320 71 grossen
1384 4944 246 73 Land.
1701 4946 272 71 Seiner
2009 4946 205 91 Tage
2271 4947 188 70 Blau

522 5058 317 89 beginnt
922 5081 95 48 zu
1093 5064 235 65 tönen
1416 5059 166 70 und
1665 5059 430 93 begnadete
2182 5061 281 73 Wesen

522 5171 249 73 hören
817 5174 184 92 jene
1052 5171 256 73 Musik
1360 5171 141 73 der
1547 5174 379 94 Sphären,
1982 5178 142 69 mit
2161 5174 143 73 der
2341 5176 125 71 die

522 5288 268 69 Götter
842 5288 166 71 sich
1062 5290 236 69 loben
1354 5288 304 93 darum,
1716 5290 178 72 dass
1950 5293 111 69 sie
2114 5290 196 74 sind.

522 5401 400 92 Tai-a-oh,
978 5427 79 47 es
1112 5403 179 71 sind
1345 5405 127 71 die
1525 5405 416 74 südlichen
1997 5408 421 73 durchsich-

522 5516 202 92 tigen
778 5518 318 93 Nächte,
1152 5523 188 70 aber
1394 5545 149 46 nur
1579 5522 425 72 Menschen
2058 5525 144 69 mit
2239 5525 180 69 walt-

522 5654 261 49 saraer
819 5633 442 75 Sehnsucht
1313 5638 273 70 sinken
1642 5655 189 73 ganz
1884 5638 118 71 bis
2055 5640 142 68 auf
2236 5638 227 71 ihren

522 5745 297 90 Grund,
874 5750 287 90 steigen
1218 5752 242 91 völlig
1513 5776 283 67 empor
1845 5754 79 69 in
1982 5752 151 71 den
2199 5754 264 88 Glanz,

524 5858 140 73 der
715 5862 112 69 sie
880 5862 282 73 erhöht
1215 5867 196 71 über
1460 5870 156 70 alle
1672 5869 471 72 Erlebnisse.

522 5974 415 74 Vielleicht
1013 5999 171 49 war
1237 6002 78 50 es
1371 5980 140 72 der
1565 5982 295 92 Urlaut,
1914 5984 352 71 welcher
2317 6008 98 45 un-

522 6092 241 71 erlöst
839 6111 193 73 rang
1098 6094 80 69 in
1235 6094 202 90 dem,
1494 6096 149 71 den
1697 6097 129 71 ich
1882 6121 310 49 nennen
2248 6121 215 49 muss

521 6207 155 73 wie
790 6207 140 71 ihn
1049 6209 164 69 und
1330 6212 213 88 alles,
1662 6212 137 73 das
1902 6214 136 70 ihn
2143 6216 320 90 umgab:

522 6322 403 71 Tai-a-oh.

2700 240 208 71 Alles
2961 242 96 69 ist
3094 242 415 74 Tai-a-oh:
3569 243 140 72 Die
3762 245 226 92 Insel,
4044 243 127 73 die
4209 243 249 90 Tiere,
4513 242 129 74 die

2700 352 317 91 Bäume,
3072 352 139 73 das
3264 355 232 71 Meer.

2698 467 273 73 Leicht
3047 469 293 71 könnte
3391 492 184 49 man
3631 470 215 75 diese
3900 474 412 74 Landoase
4363 475 78 72 in
4502 474 140 73 der

2700 580 565 73 Wasserwüste
3294 582 490 75 abschreiten
3809 609 152 51 von
3988 587 656 95 Sonnenaufgang

2696 697 119 70 bis
2869 694 617 98 Sonnenmittag,
3543 697 205 75 doch
3802 724 80 48 es
3934 702 97 71 ist
4083 702 375 75 niemand
4512 702 122 93 da,

2698 809 141 73 der
2890 811 306 72 solches
3249 812 145 71 mit
3431 812 380 73 Vernunft
3861 816 510 93 vollbrächte,
4427 817 207 75 denn

2698 924 403 90 Tai-a-oh,
3155 926 141 73 das
3348 926 312 91 Wesen,
3712 928 100 72 ist
3863 929 210 73 ohne
4121 931 401 74 Vernunft.

2698 1039 102 73 Es
2854 1039 178 73 sind
3066 1041 235 73 Jahre
3352 1041 166 88 her,
3572 1041 102 73 da
3721 1046 417 91 zerspellte
4190 1048 110 69 im
4336 1048 303 73 Wirbel

2698 1154 137 73 des
2913 1156 283 71 Taifun
3274 1180 98 49 an
3452 1156 150 73 den
3684 1159 538 92 verborgenen
4302 1161 335 95 Klippen

2700 1268 137 73 das
2893 1268 262 74 Schiff.
3225 1270 101 72 Es
3381 1271 130 71 fiel
3569 1271 524 73 auseinander
4144 1273 156 71 wie
4336 1280 263 88 gespal-

2698 1391 214 68 tenes
2952 1386 195 72 Holz
3198 1385 164 73 und
3399 1385 127 74 die
3577 1386 327 73 tosende
3939 1388 253 73 Nacht
4241 1390 198 71 frass
4491 1391 155 72 alle

2698 1500 418 73 Menschen
3196 1502 117 71 bis
3391 1502 142 71 auf
3575 1502 251 89 einen,
3882 1502 164 71 und
4100 1502 141 72 der
4292 1524 169 50 war
4513 1505 126 71 ein

2698 1613 225 75 Kind.

2700 1728 335 94 Gezeugt
3110 1730 142 71 mit
3328 1732 259 71 einem
3665 1730 298 93 Weibe,
4043 1730 139 75 das
4259 1734 168 72 sich
4505 1734 142 72 der

2698 1842 335 95 Kapitän
3113 1845 80 70 in
3264 1847 218 71 einer
3531 1845 417 73 südlichen
4005 1847 458 73 Hafenstadt
4515 1869 88 75 ge-

2698 1960 276 90 griffen
3055 1960 209 72 hatte
3338 1960 166 72 und
3557 1960 128 73 die
3734 1984 141 49 zur
3926 1964 421 71 seltsamen
4400 1964 247 74 Natur

2700 2074 137 71 des
2915 2074 432 93 Rauhlings
3426 2099 88 49 so
3592 2082 278 87 passte,
3939 2076 178 72 dass
4173 2103 85 49 er
4309 2081 113 71 sie
4474 2081 170 72 aufs

2700 2189 250 71 Schiff
2979 2189 264 91 nahm,
3284 2213 129 49 wo
3448 2191 112 73 sie
3597 2192 226 72 einen
3856 2192 217 72 Koch
4114 2192 164 73 und
4312 2196 279 71 manch-

2698 2306 163 69 mal
2915 2306 225 71 einen
3198 2308 389 72 Seemann
3643 2313 342 86 ersetzte,
4024 2331 171 49 war
4231 2308 169 74 dies
4439 2309 208 73 Kind

2698 2419 469 73 unbeachtet
3240 2419 164 73 und
3455 2423 523 73 verwahrlost
4027 2446 97 50 zu
4176 2423 153 74 den
4385 2431 259 66 ersten

2698 2534 354 90 wenigen
3093 2534 581 94 Lebensjahren
3729 2536 739 93 herangewachsen.
4542 2540 102 72 Es

2696 2650 249 71 fühlte
3045 2651 242 71 kaum
3391 2651 125 71 die
3626 2658 256 66 ersten
3983 2655 420 91 Regungen
4507 2655 140 73 der

2700 2763 369 93 Sprache,
3149 2766 191 70 aber
3416 2766 166 72 sein
3660 2766 308 94 Körper
4034 2790 171 49 war
4258 2766 142 73 der
4451 2770 147 71 Ent-

2696 2878 446 93 wicklung
3194 2880 254 71 seines
3503 2880 289 93 Kopfes
3848 2880 185 73 weit
4083 2904 310 52 voraus.

2702 2993 115 71 Da
2869 2993 335 94 geschah
3264 2995 137 71 das
3455 2995 376 95 Ereignis.
3936 2998 168 70 Den
4143 2997 503 74 Schiffbruch

2700 3107 403 71 überlebte
3155 3105 253 75 dieses
3462 3105 210 75 Kind
3724 3110 237 71 allein
4017 3132 154 51 von
4227 3112 237 91 allen,
4519 3112 128 73 die

2698 3224 534 91 untergingen,
3333 3222 81 71 in
3516 3224 220 71 einer
3861 3225 238 87 Kiste,
4222 3227 427 93 geklemmt

2696 3337 397 73 zwischen
3171 3339 457 91 ungelösten
3684 3341 320 91 Balken,
4056 3347 273 88 trugen
4385 3366 81 49 es
4520 3342 127 73 die

2698 3454 307 73 Wellen
3059 3476 100 49 an
3215 3452 150 73 den
3421 3454 286 73 Strand
3758 3454 141 73 der
3950 3456 225 74 Insel.

2702 3567 125 73 Sei
2903 3591 103 66 es,
3088 3567 179 73 dass
3350 3569 215 71 seine
3643 3569 207 73 noch
3904 3571 305 73 weiche
4263 3571 206 73 Stirn
4525 3591 83 75 ge-

2698 3683 368 93 schlagen
3105 3683 277 72 wurde
3418 3706 98 51 an
3572 3684 259 73 hartes
3870 3684 217 93 Holz,
4143 3688 113 71 sei
4307 3711 103 66 es,
4464 3686 182 73 dass

2700 3804 200 67 erste
2976 3798 527 73 Bewusstheit
3579 3798 135 74 des
3804 3801 306 75 Lebens
4195 3803 452 90 aufkeimte,

2700 3937 139 47 um
2915 3913 247 73 schon
3240 3913 152 73 den
3472 3915 444 72 Schrecken
3999 3915 135 72 des
4200 3916 256 75 Todes
4534 3918 113 71 im

2703 4028 466 73 Halbschlaf
3223 4028 141 73 der
3399 4030 220 73 Seele
3674 4030 455 93 empfinden
4182 4053 98 51 zu
4327 4038 317 68 müssen

2700 4141 166 73 und
2918 4141 249 73 damit
3204 4143 740 95 niedergeschlagen
3983 4169 99 49 zu
4115 4145 348 93 werden,
4503 4147 141 72 das

2700 4257 359 72 Wunder
3113 4257 222 72 ward
3389 4260 552 71 Grausamkeit
3992 4260 391 93 zugleich:

2702 4372 143 71 Die
2920 4372 400 73 lallenden
3399 4375 246 71 Laute
3716 4373 142 78 der
3911 4377 348 93 Sprache
4312 4375 330 73 wurden

2700 4494 344 84 zerstört,
3103 4490 195 70 über
3348 4489 129 74 die
3530 4492 240 71 kurze
3821 4490 620 93 Vergangenheit
4491 4492 115 71 sei-

2702 4624 135 49 nes
2925 4604 303 71 Lebens
3325 4605 284 72 rollten
3697 4604 261 73 dichte
4043 4604 386 89 Schatten,
4515 4602 132 73 die

2702 4717 304 73 Gefilde
3059 4719 135 71 des
3250 4719 483 74 Wahnsinns
3785 4726 207 64 taten
4046 4719 169 73 sich
4271 4721 156 71 auf.

2698 4827 215 76 Aber
2967 4832 141 71 der
3159 4832 608 93 schiffbrüchige
3817 4832 273 73 Knabe
4141 4836 210 71 starb
4408 4834 238 93 nicht,

2700 4944 328 95 doppelt
3111 4947 214 72 stark
3409 4944 327 75 standen
3824 4946 129 73 die
4044 4949 380 73 Instinkte
4508 4951 138 73 des

2702 5061 276 71 Leibes
3030 5061 269 91 bereit,
3355 5061 168 73 sich
3579 5061 137 73 das
3773 5063 265 72 Leben
4093 5063 141 74 der
4285 5066 361 73 Muskeln

2702 5174 164 73 und
2920 5174 137 73 des
3110 5176 316 73 Frasses
3479 5198 96 49 zu
3628 5176 376 95 erhalten,
4058 5181 127 71 ein
4237 5181 410 73 tierischer

2700 5291 676 93 Erhaltungstrieb
3447 5293 183 71 kam
3685 5293 315 93 hervor,
4058 5295 137 72 das
4251 5295 205 72 Kind
4510 5296 87 73 be-

2698 5425 203 73 gann
2956 5408 169 69 sich
3177 5406 139 71 auf
3362 5405 141 74 der
3555 5408 198 73 Insel
3804 5432 95 49 zu
3953 5411 398 92 bewegen.

2700 5518 154 73 Das
2906 5520 99 71 ist
3040 5520 405 76 Tai-a-oh.
3548 5522 175 72 Und
3765 5525 186 93 jetzt
4002 5525 98 69 ist
4153 5547 84 49 er
4288 5523 307 75 erwach-

2698 5659 137 47 sen
2906 5635 166 73 und
3125 5638 212 70 stark
3389 5638 156 71 wie
3596 5638 123 71 ein
3777 5638 538 75 Urwaldvieh.
4419 5638 227 73 Seine

2703 5752 202 69 Haut
2954 5752 100 71 ist
3105 5752 416 91 tiefbraun,
3560 5754 190 72 aber
3785 5776 85 50 er
3921 5755 327 92 spiegelt
4297 5754 167 72 sich
4519 5754 125 69 nie

2698 5865 112 71 im
2864 5865 337 93 Wasser,
3279 5889 85 49 er
3436 5869 232 71 weiss
3748 5869 254 72 nichts
4082 5892 152 51 von
4315 5867 190 91 sich,
4559 5889 88 49 er

2700 5982 208 70 kann
2966 5982 213 73 nicht
3233 5982 332 75 denken.

2700 6097 147 71 Ein
2925 6096 169 72 Fell
3171 6097 264 75 harter
3509 6099 254 73 Haare
3836 6101 183 91 liegt
4070 6097 570 93 verschlungen

2700 6214 196 71 über
2998 6214 300 71 seinem
3384 6214 261 90 Leibe,
3733 6216 254 88 Brust,
4073 6212 320 73 Rücken
4480 6209 166 75 und

2702 6328 387 72 Schenkel
3160 6328 431 72 schützend
3643 6328 254 72 durch
3953 6328 315 71 dichten
4322 6324 320 76 Wuchs.
