4097 5672
3575 5339 114 55 183

426 309 120 55 wir
590 309 254 57 werden
890 310 332 58 erwachen

426 398 146 60 weh
609 400 144 58 weh
811 400 101 58 die
965 400 264 59 Fittiche
1283 402 108 57 des
1435 402 212 59 Geiers
1703 407 274 59 könnten

426 488 104 59 die
572 490 164 59 Welt
775 491 190 58 fallen
1009 493 208 58 lassen

428 579 164 60 doch
636 581 205 59 nichts
883 583 78 56 ist
1002 586 98 54 rot
1143 583 145 57 weil
1332 601 65 39 es
1439 590 156 67 grün
1635 586 80 56 ist

428 669 112 59 das
584 671 179 59 Wort
804 674 169 58 starb
1017 673 131 57 und
1190 693 129 39 nun
1364 676 151 71 folgt
1556 674 101 60 die
1701 676 232 59 Demon-

428 764 259 58 stration
733 762 111 60 der
887 764 349 59 Tatsachen
1280 766 133 57 und
1454 766 430 74 Gegenstände

428 857 205 73 angelt
650 857 137 56 also
804 855 101 58 die
922 855 520 78 Grammophone
1464 878 112 38 aus
1601 859 121 57 den
1740 861 236 59 Kehlen

428 944 113 59 der
570 947 258 58 Dichter
863 947 398 59 Metallfäden
1293 967 124 39 von
1449 949 527 61 Konstruktionen

426 1042 249 52 stürzen
736 1042 183 54 unter
980 1038 102 60 die
1144 1040 420 75 Lichtpunkte
1625 1047 181 52 unter
1867 1042 113 59 der

428 1126 205 61 Stirne
670 1128 110 59 des
809 1132 335 59 Menschen
1183 1132 186 59 haust
1398 1133 383 59 Elektrizität
1808 1132 169 62 Stein

430 1220 132 57 und
604 1220 174 59 Stahl

428 1311 227 59 Dörfer
697 1311 239 61 drehen
999 1316 135 58 sich
1178 1318 366 56 entwurzelt
1605 1314 144 60 dem
1793 1318 183 57 Satan

1258 1378 4 9 t

426 1419 76 41 zu
526 1402 132 60 und
685 1404 104 59 ich
811 1406 135 56 will
970 1406 173 57 nicht
1171 1404 183 59 mehr
1378 1411 181 52 unter
1588 1406 145 59 dem
1757 1409 219 73 gelben

428 1492 196 59 Turm
668 1496 237 59 kauern

430 1585 181 58 Licht

426 1678 347 73 vergebens
806 1682 243 73 prügelt
1093 1680 100 58 die
1217 1680 163 58 Frau
1413 1680 121 58 den
1559 1680 183 59 Mann
1778 1682 198 59 durch

430 1768 132 59 und
604 1770 374 74 umgekehrt

430 1860 228 57 Winde
699 1860 284 57 wiehern
1026 1861 167 58 Meer

430 1951 188 75 Wege
658 1953 298 73 bewegen
1000 1951 349 59 Erwachen

430 2043 100 57 die
560 2043 130 59 Uhr
731 2043 78 57 ist
843 2044 405 73 pünktlicher
1288 2046 92 56 als
1422 2044 102 58 die
1552 2044 273 75 Agenten
1869 2046 108 59 des

428 2134 452 74 Kapitalismus
924 2132 130 60 und
1095 2153 134 39 wer
1261 2136 149 74 jetzt
1452 2136 102 57 die
1581 2137 213 75 Augen
1837 2156 107 39 ver-

426 2225 197 58 lieren
655 2225 186 73 kann,
883 2224 114 59 der
1026 2225 161 60 sieht
1229 2227 320 58 entweder
1590 2227 194 59 schon
1813 2229 164 59 auch

425 2317 116 57 mit
582 2317 191 59 ihnen
819 2319 171 57 nicht
1031 2319 156 59 oder
1227 2339 70 37 er
1346 2319 161 59 sieht
1546 2320 226 59 bereits
1815 2322 164 57 auch

426 2408 168 58 ohne
635 2410 108 56 sie.

1040 2484 276 50 Übersetzt
1348 2501 111 33 von
1493 2489 245 45 Andrea
1773 2489 205 57 Gáspár

430 2781 272 87 Lebt!

1207 2902 188 45 Mitten
1430 2903 77 44 im
1542 2903 144 45 Tode
1724 2903 122 45 sind
1880 2903 99 45 wir

1205 2975 133 33 vom
1375 2963 173 45 Leben
1584 2964 311 56 umfangen.

1414 3040 280 45 Herwarth
1730 3041 247 45 Waiden.

428 3143 190 56 Staub
662 3143 282 58 bröckelt
999 3143 177 58 Erde.
1270 3145 164 57 Erde
1488 3145 239 57 kriecht
1769 3147 208 57 Staub.

428 3230 479 61 Staubstiebend
960 3236 242 71 platzen
1254 3235 381 59 schillernde
1684 3235 253 57 Wolken-

428 3324 503 75 kriickenbogen.
1046 3326 405 75 Pappwände
1518 3326 266 58 blättern
1854 3328 120 56 auf.

426 3416 339 57 Harlekine
821 3416 113 57 der
999 3418 257 57 IJnkraft
1310 3419 186 56 fallen
1561 3434 123 41 von
1749 3418 225 59 Seilen.

431 3507 248 75 Erregte
736 3509 278 73 Erreger,
1070 3509 401 73 Pikenträger
1524 3507 110 58 des
1688 3507 289 60 Tumults

426 3600 210 73 zeigen
680 3600 395 73 gebrochene
1117 3600 271 58 Rücken.
1469 3599 82 59 So
1591 3599 256 59 blähten
1889 3602 90 56 sie

426 3690 134 59 sich
602 3692 124 57 auf.
828 3690 416 75 Geistborger,
1290 3690 452 59 Ersatzformer
1783 3692 193 57 sahen

428 3782 107 67 sie,
577 3782 144 57 dass
763 3782 217 59 Vision
1024 3783 157 56 über
1222 3782 166 57 Erde
1425 3782 241 72 wuchs,
1720 3788 256 68 spürten

426 3873 520 75 schiefklügelnd,
992 3873 144 58 dass
1166 3873 236 58 Geburt
1429 3875 372 57 vulkanisch
1832 3873 144 59 dem

425 3966 164 58 Kern
614 3971 352 63 entstürzte,
992 3966 144 58 dass
1156 3968 357 74 Rhythmus
1535 3966 182 59 ihren
1732 3968 210 74 Spreiz-

426 4056 220 59 schritt
702 4058 449 57 überrauschte
1193 4056 293 76 pfeilend.
1581 4056 93 61 Da
1715 4058 259 76 hüpften

426 4149 90 58 sie
557 4151 122 71 auf,
733 4149 355 73 flugäffend,
1144 4149 462 76 angstsinkend,
1651 4151 323 57 kletterten

426 4240 222 58 Sockel
712 4240 114 58 der
878 4240 349 75 Frechheit,
1292 4242 284 58 schrieen
1637 4242 337 71 Manifeste,

425 4334 299 74 tölpelten
782 4332 525 74 Verworrenheit,
1359 4334 202 74 bogen
1623 4332 100 57 ihr
1778 4332 198 57 Geist-

425 4423 367 75 Begrenztes
872 4425 64 56 in
1016 4423 386 61 Aktivismus
1481 4442 148 41 zum
1695 4423 279 71 Erdball,

425 4515 245 59 stahlen
712 4515 339 76 geschäftig
1090 4515 295 59 kreisend
1427 4515 120 59 den
1588 4513 244 61 Ur-Ruf
1859 4515 78 57 Ex-

426 4608 505 73 pressionismus,
975 4608 228 74 hingen
1248 4608 133 56 sich
1424 4608 218 57 Ketten
1684 4606 109 58 des
1823 4605 115 59 Gut-

425 4699 165 58 seins
633 4716 112 41 um
787 4699 676 75 Propfetenschultern.
1518 4698 458 72 Priesterköpfe

425 4796 331 69 sprengten
812 4789 122 59 den
978 4791 559 74 Spitz-Rhythmus
1590 4789 111 58 der
1742 4787 195 58 Ueber-

425 4881 147 59 erde
640 4882 198 58 Kunst
921 4884 62 56 in
1054 4882 717 73 Weich-Schwungnetz
1850 4896 122 40 von

425 4972 286 59 Mensch-
726 4972 129 59 und
870 4972 759 73 Gefühlsverbrüderung.
1659 4970 313 60 Pflanzten

425 5065 365 58 Paradieses
822 5065 261 58 Palmen
1126 5067 61 56 in
1232 5065 314 59 erdliches
1590 5062 382 59 Geschehen.

425 5155 442 61 Moseshörner
895 5157 322 74 spiessten.
1298 5157 422 72 Gernegrosse
1749 5172 225 57 spran-

2165 336 112 57 gen
2343 322 117 58 den
2523 320 357 78 Srindberg.
2983 324 352 61 Aufwölbte
3396 329 132 57 sich
3589 327 112 61 das

2165 412 371 61 Sternheim.
2606 412 125 61 Der
2761 415 214 58 Kaiser
3002 417 103 56 ritt
3136 415 267 76 Europa.
3466 419 235 59 Becher

2165 503 127 56 voll
2343 503 298 60 Bluteiter
2683 507 288 57 kreisten.
3064 507 344 59 Edschmid
3461 512 240 56 stäubte

2165 593 224 59 Wolke
2418 596 272 58 Parfüm.
2761 596 171 60 Eden
2963 600 252 73 palmte.
3285 600 91 57 Da
3405 603 294 56 taumelte

2165 684 217 58 Radau
2441 688 63 56 in
2558 690 269 57 Profetie
2885 690 130 57 und
3070 691 594 60 Christusverweich-

2164 774 271 78 lichung.

2165 864 126 59 Aus
2352 867 411 61 entzündeten
2827 871 214 59 Tiefen
3103 874 163 56 säult
3325 872 102 60 die
3488 874 213 58 Kunst.

2165 957 85 58 Zu
2279 959 213 59 Tiefen
2536 962 129 56 und
2697 962 239 58 Höhen.
3017 964 354 74 Rhythmus
3401 966 300 74 krystallt.

2165 1049 491 74 Aufgebrochen.
2714 1055 242 58 Zeitlos.
3010 1054 691 76 Emporgeschleudert,

2165 1140 347 63 Gefunden.

2165 1230 308 59 Mitläufer
2533 1235 266 57 knicken
2863 1236 393 58 Rückläufer.
3356 1236 123 58 Das
3544 1236 118 58 Erd-

2164 1321 238 59 theater
2480 1326 112 58 der
2673 1326 835 76 Vater-Sohn-Balgereien,
3591 1328 110 58 der

2165 1411 317 76 Schiller-,
2514 1416 335 74 Büchner-,
2883 1419 408 73 Strindberg-,
3324 1419 377 58 Wedekind-

2165 1502 407 77 Imitationen,
2634 1507 110 58 der
2805 1509 275 58 Himmel
3103 1541 29 12 -
3156 1509 181 58 Hölle
3359 1545 29 10 -
3408 1509 293 59 Jenseits-

2167 1594 450 78 Ohnmächten,
2700 1599 107 59 des
2887 1601 306 59 rasenden
3263 1602 259 70 Lebens,
3591 1601 110 57 der

2164 1685 633 65 Maschinenstürmer
2890 1692 125 58 und
3110 1692 588 76 Spiegelmenschen

2164 1778 227 56 wankt.
2470 1780 181 58 Jener
2682 1783 176 58 Wust
2899 1802 123 39 von
3066 1783 393 73 Problemen,
3503 1783 165 58 Geist-

2164 1868 227 75 ballen,
2446 1871 730 78 Gefühlsverknotungen
3230 1882 192 50 stürzt
3473 1877 61 55 in
3589 1875 112 57 der

2165 1958 351 78 Bewegung
2543 1961 113 60 der
2685 1965 369 57 kreisenden
3086 1966 214 56 Kunst.
3361 1963 113 59 Die
3506 1965 195 57 Kunst

2164 2051 76 56 ist
2280 2053 261 72 einfach,
2584 2054 172 58 dünn
2800 2058 432 69 konzentriert,
3283 2058 416 71 entstolflicht,

2164 2142 364 61 ätherisiert.
2597 2146 97 57 Sie
2717 2146 253 59 höhnen
2995 2166 142 39 uns:
3181 2149 210 56 banal!
3435 2148 263 57 Witzeln

2164 2234 88 56 im
2319 2232 469 61 Steiss-Schritt
2853 2239 171 56 ihrer
3090 2237 367 60 Geblätheit.
3554 2239 144 58 Nun

2164 2325 287 75 springen
2485 2329 88 56 sie
2604 2329 196 56 höher
2829 2329 100 56 die
2959 2329 222 57 Sockel
3212 2330 113 56 der
3354 2330 344 58 Frechheit.

2164 2415 140 59 Ihre
2370 2418 317 58 mondäne
2753 2420 337 75 Trompete
3166 2420 345 58 schmiedet
3578 2420 120 58 den

2164 2506 147 60 Ruf:
2365 2505 124 59 Der
2511 2508 575 75 Expressionismus
3108 2512 78 54 ist
3208 2512 110 55 tot!
3383 2512 100 55 Sie
3511 2512 187 55 fallen

2164 2600 228 56 zurück
2424 2618 122 39 von
2584 2601 203 56 ihrem
2817 2601 222 73 Anflug
3068 2601 130 58 und
3234 2603 294 56 kriechen
3559 2620 105 39 ver-

2165 2706 241 41 messen
2451 2691 486 59 Gemessenheit.

2164 2779 203 59 Schon
2413 2781 352 59 schleichen
2810 2784 253 75 Hyänen
3107 2784 591 73 Literarhistoriker,

2165 2869 197 59 durch
2418 2871 116 57 den
2590 2872 500 76 Ueberschwang
3142 2874 109 58 des
3303 2872 395 60 Geschehens

2164 2969 398 68 verstummt,,
2607 2982 127 39 nun
2788 2965 173 58 frech
3015 2984 75 39 an
3144 2967 110 58 das
3308 2967 171 58 Licht
3534 2967 132 58 krie-

2164 3052 223 74 chend,
2450 3053 293 58 Würmer
2802 3053 120 58 den
2985 3057 115 56 Kot
3168 3055 530 59 durchfurchend.

2165 3145 124 57 Der
2318 3145 577 74 Expressionismus
2926 3147 76 57 ist
3027 3150 112 54 tot!
3222 3147 115 57 Ein
3369 3147 327 57 Aufatmen

2162 3241 344 56 antwortet.
2597 3238 124 56 Der
2761 3238 369 75 Rhythmus,
3175 3236 99 58 die
3318 3238 195 58 Kunst
3554 3257 109 39 rau-

2162 3326 190 59 schen
2384 3328 152 56 über
2565 3326 144 58 dem
2739 3328 322 57 Wirrwar.
3132 3326 293 59 Stiebend
3452 3328 244 57 kreisen

2164 3416 101 59 die
2308 3418 211 72 Flügel
2560 3436 140 39 zum
2758 3419 195 58 Licht.
3053 3419 135 56 Die
3251 3419 448 75 Scheidung

2162 3509 364 73 geschah.

2162 3599 310 57 Fiebernd
2512 3600 256 58 arbeitet
2809 3600 110 58 der
2954 3599 231 74 Druck,
3229 3600 110 60 das
3381 3600 318 60 schwarze

2164 3690 155 58 Blut.
2416 3690 830 59 Literatur-Leichenreden
3290 3692 255 57 werden
3596 3709 69 57 ge-

2162 3788 232 68 tragen.
2477 3783 213 58 Hinter
2733 3783 142 60 dem
2921 3785 194 56 schon
3161 3787 344 56 entfernten
3549 3785 113 58 Auf-

2162 3876 124 73 flug
2308 3873 111 59 der
2441 3876 197 56 Kunst
2667 3876 348 73 schimpfen
3041 3876 89 58 sie
3153 3876 338 58 hinterher.
3571 3876 127 58 Aus

2165 3966 236 58 Unzahl
2426 3966 259 76 Gequak
2711 3968 265 74 zappeln
3007 3968 254 74 spitzige
3283 3966 413 59 Stimmchen:

2236 4058 138 57 Max
2440 4056 284 76 Freyhan
2792 4056 220 59 tüncht
3078 4056 110 59 das
3261 4056 266 69 „Drama
3588 4058 113 57 der

2731 4147 140 75 Sagt
2899 4166 74 41 zu
3003 4149 299 58 Stramm:
3362 4147 195 70 „Weil
3588 4147 110 60 das

2240 4239 418 74 Dynamische
2712 4239 134 57 hier
2907 4254 108 59 gar
3075 4239 171 59 nicht
3303 4242 395 73 umgeformt,

2236 4332 541 73 gewissermassen
2821 4347 120 41 nur
2983 4332 461 57 naturalistisch
3483 4332 176 74 aufge-

2238 4423 220 73 fangen
2516 4422 179 72 wird,
2755 4422 155 59 fehlt
2961 4439 65 40 es
3083 4422 134 57 ihm
3269 4440 78 41 an
3398 4422 301 76 jeglicher

2235 4513 347 59 visionärer
2643 4513 257 59 Gewalt.
3002 4513 184 58 Lezte
3244 4515 454 74 Zuspitzungen

2238 4605 368 76 erschöpfen
2672 4603 101 59 die
2834 4605 190 57 Form
3092 4605 132 57 und
3281 4605 266 60 machen
3611 4606 90 59 sie

2236 4696 258 73 sinnlos,
2538 4694 130 58 und
2711 4713 67 41 so
2827 4696 80 56 ist
2946 4694 205 60 dieser
3191 4699 309 56 äusserste
3540 4698 129 57 Ziel-

2236 4787 199 73 punkt
2475 4804 105 39 am
2607 4786 154 74 Weg
2804 4786 108 59 des
2949 4786 454 76 dynamischen
3435 4787 264 60 Dramas

2236 4877 170 58 nicht
2435 4877 325 76 Dichtung,
2790 4877 273 59 sondern
3093 4896 120 40 nur

2236 4967 322 59 Friedrich
2628 4969 298 59 Maerker.
3026 4970 123 58 Zur
3215 4970 308 58 Literatur
3589 4970 112 60 der

2236 5060 386 75 Gegenwart.
2692 5060 498 76 Albert-Langen
3222 5062 240 74 Verlag.
3542 5062 118 67 „Ab-

2236 5153 263 56 strakter
2558 5151 581 74 Expressionismus
3200 5155 195 57 findet
3447 5155 134 59 sich
3635 5157 61 55 in
