2527 3289
543 337 92 17 samere
653 330 82 27 Seiten
754 331 203 38 abzugewinnen.
979 338 62 25 Man
1059 338 60 27 hüte
1138 340 53 26 sich
1203 339 64 27 beim
1282 342 117 26 Mischen

543 367 42 26 der
606 368 98 33 Farben,
725 370 129 29 besonders
875 373 39 28 bei
935 376 145 33 Oelfarben,
1102 379 64 25 Blei-
1184 380 53 26 und
1258 381 125 27 Schwefel-

542 409 127 34 präparate
683 413 286 38 zusammenzubringen,
990 417 53 25 also
1061 419 81 25 nicht:

598 448 125 27 Zinnober
734 452 50 25 und
796 453 142 28 Utramarin
950 456 96 36 (gelber
1057 457 50 26 und
1118 458 98 35 blauer)
1229 459 47 26 mit
1286 459 96 36 Neapel-

540 486 56 35 gelb
623 487 60 27 oder
706 491 135 29 Bleiweifs.
887 495 74 26 Auch
985 497 70 25 nicht
1081 497 154 36 Chromgelb
1258 498 51 26 und
1332 498 53 27 Blei-

542 525 77 28 weifs.
643 529 135 28 Chromrot
796 532 30 26 ist
840 534 46 25 mit
898 534 125 27 Bleiweifs
1039 536 163 36 beständiger.
1225 539 35 25 Pr.
1271 539 110 25 Kremser-

538 565 71 26 weifs
624 567 30 25 ist
669 569 39 26 die
720 569 87 28 feinste
822 575 69 24 Sorte
906 574 137 27 Bleiweifs.

595 608 62 25 Man
670 609 90 27 nehme
774 612 26 25 in
814 611 140 37 fraglichen
968 613 82 27 Fällen
1065 614 149 27 Zinkweifs.

592 738 67 29 Prof.
671 742 35 25 Fr.
721 741 188 27 Burkhardts
924 744 138 25 Portrait
1085 745 75 25 heute
1177 746 45 24 mit
1238 744 156 27 Lackfarben

534 778 99 34 gemalt.

592 819 78 26 Bevor
684 829 58 16 man
758 820 54 25 eine
827 821 181 35 Komposition
1023 821 122 32 entwirft,
1166 822 68 27 mufs
1249 833 58 15 man
1319 823 34 25 sie
1369 823 24 26 in

532 856 136 28 Gedanken
680 857 50 27 reif
739 858 51 26 und
799 858 96 27 lebhaft
903 860 155 36 empfunden
1070 862 87 26 haben.
1173 862 97 26 Glückt
1280 862 35 25 sie
1326 862 67 26 dann

531 896 69 27 nicht
614 897 66 26 beim
696 905 78 18 ersten
788 897 127 32 Entwurf,
931 909 28 15 so
978 900 47 25 soll
1044 910 59 16 man
1116 901 72 26 nicht
1201 901 76 26 daran
1292 901 85 26 herum-

531 935 95 27 bessern
641 937 53 25 und
708 938 234 30 herumversuchen,
957 939 108 25 sondern
1084 940 44 25 ihn
1144 940 82 35 liegen
1245 940 79 26 lassen
1343 940 50 26 und

531 975 66 26 noch
608 975 110 27 schärfer
727 977 52 25 sich
791 977 184 26 hineindenken
988 978 51 25 und
1050 978 68 26 noch
1130 979 39 26 ein
1179 979 54 26 Mal
1246 978 146 27 entwerfen.

589 1104 106 27 Böcklin
710 1105 106 26 erzählte
839 1116 52 16 aus
916 1106 115 26 seinem
1044 1107 115 26 Leben.
1190 1110 32 23 Er
1243 1107 60 27 kam
1328 1110 64 25 nach

529 1143 153 26 Düsseldorf
692 1144 53 26 und
760 1151 47 20 trat
820 1145 25 26 in
861 1145 38 26 die
915 1145 135 26 Malklasse
1065 1146 40 26 des
1120 1146 91 26 Malers
1226 1147 167 27 Hildebrandt

529 1183 50 27 ein.
600 1185 51 24 Der
665 1183 179 27 Landschafter
858 1184 124 26 Schirmer
997 1185 89 26 wurde
1100 1184 48 27 auf
1159 1187 44 24 ihn
1223 1186 168 28 aufmerksam

529 1222 51 26 und
596 1221 147 27 veranlafste
758 1223 53 30 ihn,
827 1224 25 24 in
867 1224 65 25 seine
948 1224 84 25 Klasse
1047 1225 157 26 einzutreten.
1226 1226 44 25 Als
1285 1226 106 26 Böcklin

529 1261 56 26 aber
605 1270 59 17 vom
682 1261 68 26 Neid
769 1261 42 26 der
826 1263 148 25 Mitschüler
993 1264 132 35 Aergernis
1147 1274 29 16 zu
1197 1264 95 27 dulden
1313 1265 78 31 hatte,

528 1301 46 25 riet
586 1300 54 26 ihm
651 1301 123 25 Schirmer
784 1301 82 31 selbst,
881 1302 65 25 nach
958 1302 107 36 Belgien,
1082 1302 138 37 überhaupt
1232 1314 49 16 von
1290 1305 87 26 Düssel-

527 1338 62 26 dorf
600 1338 172 37 fortzugehen.
794 1342 51 24 Der
855 1340 117 27 Verkauf
983 1342 65 25 eines
1063 1342 80 26 Bildes
1164 1342 70 26 hatte
1253 1342 54 27 ihm
1322 1350 69 20 etwa

526 1388 37 26 40
579 1378 70 26 Thlr.
664 1379 167 35 eingebracht.
855 1382 48 23 Das
917 1380 49 35 gab
981 1381 54 24 ihm
1049 1382 59 24 Mut
1123 1381 51 26 und
1192 1382 27 25 in
1232 1382 101 36 Belgien
1348 1383 29 26 be-

526 1418 125 35 günstigte
671 1418 44 25 ihn
737 1419 41 25 das
794 1418 93 27 Glück.
916 1421 32 23 Er
970 1420 124 26 zeichnete
1115 1421 35 25 im
1165 1423 120 24 Museum
1306 1421 84 37 Köpfe

525 1458 65 24 nach
605 1452 85 31 Tizian
710 1457 38 35 (in
763 1458 139 30 Schwarz-,
916 1458 105 26 Kreide-
1038 1458 54 27 und
1106 1459 129 36 Rotstift),
1252 1460 52 26 und
1324 1461 65 25 diese

525 1495 88 26 kaufte
628 1496 54 25 ihm
696 1497 41 25 ein
752 1497 63 25 alter
828 1498 65 25 Herr
908 1497 37 26 ab.
969 1497 129 37 (Chapuy,
1120 1499 107 26 ehemals
1242 1500 145 36 Vergolder,

525 1537 81 34 später
618 1544 28 16 zu
659 1534 94 37 grofser
764 1536 220 26 Wohlhabenheit
995 1537 109 36 gelangt.
1126 1538 85 25 Dieser
1221 1538 112 36 empfahl
1345 1541 43 24 ihn

525 1584 30 16 an
578 1574 126 26 Bekannte
725 1575 26 25 in
767 1576 162 35 Antwerpen,
951 1585 44 17 wo
1017 1585 26 17 er
1063 1577 80 34 einige
1159 1577 119 26 Wochen
1299 1578 86 35 blieb.)

525 1615 75 24 Dann
615 1613 61 36 ging
690 1623 33 21 er,
739 1623 45 16 um
799 1614 102 26 Studien
921 1624 30 16 zu
971 1615 113 31 machen,
1103 1616 64 25 nach
1183 1616 57 26 dem
1255 1616 133 27 Genfersee

525 1652 52 26 und
593 1652 65 26 blieb
673 1663 61 16 vom
748 1653 141 36 September
900 1654 36 25 bis
950 1656 91 31 Januar
1054 1655 27 24 in
1096 1653 74 27 Genf.
1193 1657 75 24 Dann
1283 1657 47 24 mit
1343 1666 30 26 ge-

524 1692 88 35 ringen
628 1692 167 36 Ersparnissen
812 1692 61 26 über
887 1693 69 25 Basel
971 1694 65 24 nach
1052 1693 71 25 Paris.

583 1731 74 25 Nach
673 1731 93 35 einiger
777 1732 62 29 Zeit,
851 1731 140 36 (vielleicht
1005 1732 66 25 nach
1086 1732 82 25 einem
1182 1732 92 25 halben
1291 1733 93 35 Jahr?),

524 1768 86 27 kehrte
625 1779 25 16 er
668 1769 65 26 nach
748 1770 68 25 Basel
831 1770 101 31 zurück,
953 1771 66 25 blieb
1033 1771 54 25 hier
1102 1771 40 25 ein
1156 1770 85 26 halbes
1259 1773 58 31 Jahr
1334 1773 52 25 und

524 1810 62 34 ging
604 1808 67 26 dann
690 1809 64 25 nach
769 1809 95 25 Italien.
887 1812 48 23 Das
955 1810 34 25 sei
1009 1819 53 16 nun
1081 1810 46 25 mit
1147 1810 65 26 allen
1229 1811 84 25 seinen
1327 1812 45 25 Ein-

524 1843 112 30 drücken
651 1846 50 27 auf
711 1848 44 25 ihn
769 1848 169 35 eingestürmt.

582 1888 38 24 Im
634 1886 103 36 Anfang
748 1888 62 34 ging
823 1897 23 16 es
858 1888 52 25 ihm
926 1889 55 24 sehr
999 1888 118 34 schlecht,
1137 1889 53 26 und
1208 1898 24 17 er
1251 1889 44 26 hat
1313 1889 73 27 wohl

523 1925 68 27 sechs
607 1927 105 24 Monate
727 1925 47 27 auf
781 1927 74 25 Stroh
867 1927 112 26 schlafen
994 1931 107 23 müssen.
1142 1929 73 26 Auch
1230 1929 109 26 nachher
1352 1930 34 25 sei

524 1975 23 15 es
562 1965 55 25 ihm
631 1965 70 25 nicht
712 1975 27 16 so
750 1965 131 26 besonders
893 1976 124 26 ergangen
1032 1967 50 26 und
1091 1977 24 16 er
1123 1967 63 27 habe
1197 1977 24 17 es
1236 1977 46 17 nur
1293 1969 92 25 seinem

524 2010 76 30 guten
614 2005 102 25 Humor
729 2014 30 16 zu
772 2004 152 31 verdanken,
938 2005 55 27 dafs
1010 2016 23 16 er
1048 2006 33 26 all
1093 2007 51 25 sein
1158 2006 180 37 Mifsgeschick
1353 2017 32 16 so

524 2044 175 25 überwunden
723 2043 72 27 habe.
828 2044 42 26 Als
895 2044 106 27 Böcklin
1026 2046 28 25 in
1074 2046 88 25 Italien
1182 2056 64 21 war,
1267 2046 43 26 hat
1332 2047 53 25 ihm

524 2082 122 26 Schirmer
673 2082 92 26 einmal
792 2083 157 35 geschrieben
968 2084 52 26 und
1041 2085 42 25 ihn
1105 2094 46 16 um
1172 2086 52 24 sein
1239 2085 84 26 Glück
1344 2086 28 26 be-

525 2121 92 30 neidet,
633 2121 25 26 in
673 2121 56 26 dem
744 2121 84 27 Lande
844 2123 77 25 seiner
935 2123 138 26 Sehnsucht
1087 2133 29 16 zu
1132 2125 59 25 sein.

583 2162 93 35 Später,
690 2160 35 27 als
744 2160 106 27 Böcklin
865 2171 50 16 von
929 2164 117 24 Weimar
1066 2173 44 16 aus
1131 2173 58 16 zum
1209 2165 106 25 zweiten
1331 2164 54 26 Mal

524 2199 65 26 nach
602 2199 89 27 Italien
706 2209 55 27 zog,
781 2201 96 25 schrieb
892 2211 24 15 er
931 2202 123 25 Schirmer
1073 2203 50 25 und
1141 2202 109 27 forderte
1269 2204 44 25 ihn
1332 2202 53 31 auf,

525 2237 66 27 doch
611 2238 57 27 alles
688 2239 188 26 abzuschütteln
898 2241 50 25 und
972 2242 48 25 mit
1044 2242 54 25 ihm
1121 2252 28 15 zu
1175 2242 134 32 kommen;
1331 2242 56 27 aber

524 2278 122 25 Schirmer
661 2288 54 16 war
728 2278 112 26 indessen
852 2279 145 26 Karlsruher
1009 2281 127 30 Direktor,
1152 2281 167 36 philisterhaft
1334 2282 51 26 und

525 2316 35 26 alt
570 2317 146 35 geworden,
728 2317 39 26 bei
782 2318 117 26 Böcklins
914 2320 145 25 Durchreise
1070 2320 111 36 empfing
1192 2331 24 15 er
1228 2321 42 25 ihn
1282 2320 89 27 freund-

524 2354 59 31 lich,
595 2355 56 26 aber
662 2357 54 25 sehr
727 2357 142 26 würdevoll
881 2358 51 25 und
941 2365 75 28 sagte,
1026 2359 64 25 seine
1098 2359 114 36 Stellung
1224 2359 34 26 als
1268 2359 118 27 Direktor

524 2394 33 25 sei
572 2394 53 26 ihm
640 2405 30 16 an
685 2396 43 26 das
743 2397 65 25 Herz
822 2397 158 35 gewachsen.

584 2523 67 26 Beim
665 2526 146 27 Entwurf
830 2528 56 26 mit
910 2527 67 27 dem
995 2528 145 27 Grabmal
1168 2530 68 26 hatte
1264 2530 41 26 ich
1332 2531 53 26 eine

526 2558 92 28 dunkle
625 2563 244 34 epheubewachsene
877 2567 88 26 Wand
973 2577 195 27 angenommen.
1190 2569 106 26 Böcklin
1308 2577 76 29 sagte,

526 2596 42 26 das
580 2599 73 35 ginge
661 2602 81 31 nicht;
764 2614 47 16 nur
818 2605 42 26 das
871 2606 99 26 Dunkel
981 2607 25 25 in
1015 2608 43 25 der
1070 2609 117 34 Cypresse
1197 2607 71 27 dürfe
1276 2609 107 28 wirken.

527 2636 72 24 Sonst
618 2640 139 26 verschösse
777 2643 40 26 ich
838 2652 76 18 unten
935 2647 79 24 schon
1039 2647 46 25 alle
1110 2647 164 27 malerischen
1288 2649 95 30 Mittel,

1478 342 86 27 könne
1574 343 43 27 das
1629 344 56 26 Bild
1696 346 78 26 schon
1784 347 27 25 in
1823 347 42 25 der
1878 346 87 27 Hälfte
1977 347 129 27 aufhören
2117 348 79 27 lassen
2211 348 52 26 und
2276 344 63 28 habe

1478 382 67 27 doch
1560 383 53 26 eine
1627 385 173 34 geschlossene
1815 387 147 27 Harmonie.
1985 387 47 26 Die
2049 387 155 37 Umgebung
2214 387 43 26 der
2267 387 72 33 Figur

1477 425 81 23 müsse
1574 422 54 26 eine
1640 424 225 27 unvollkommene
1871 426 139 26 Harmonie
2025 427 157 30 ausmachen,
2198 427 39 26 die
2253 431 46 21 erst
2313 424 26 24 in

1477 460 58 26 dem
1551 461 101 26 Dunkel
1667 462 41 27 der
1723 465 118 35 Cypresse
1856 464 52 26 ihre
1923 466 165 36 notwendige
2104 469 101 33 Lösung
2219 465 73 27 finde.

1536 502 50 23 Der
1600 501 227 28 Schleierumwurf
1838 503 42 26 der
1895 504 72 35 Figur
1982 505 56 25 sehe
2053 514 29 17 zu
2098 505 105 26 modern
2217 514 56 22 aus;
2295 502 42 26 das

1477 537 73 27 käme
1564 540 85 30 daher,
1665 551 25 15 er
1703 542 35 25 sei
1753 552 30 16 zu
1798 542 105 36 dürftig.

1780 628 41 24 16.
1837 626 146 27 November
1999 629 43 26 68.

1535 675 107 27 Böcklin
1667 678 87 36 sprach
1783 688 59 16 vom
1867 679 91 25 Liber
1982 680 140 26 veritatis
2147 680 40 27 des
2216 677 120 30 Claude

1475 716 141 30 Lorrain,
1642 717 42 25 das
1704 727 25 15 er
1751 718 23 24 in
1795 718 116 25 Weimar
1931 719 46 25 mit
1998 718 88 27 vielem
2108 721 115 25 Interesse
2244 718 77 27 durch-

1475 755 105 35 gesehen
1595 756 76 25 hätte.
1697 756 96 25 Claude
1804 757 68 25 hatte
1884 757 55 26 sehr
1949 757 113 27 einfache
2073 758 263 37 Lichtdispositionen,

1475 793 53 30 die,
1539 794 51 25 wie
1601 804 57 16 man
1669 796 33 24 sie
1713 795 64 26 auch
1790 796 139 26 anwenden
1939 807 67 25 mag,
2018 797 88 26 immer
2117 797 98 26 wirken
2227 797 109 27 werden.

1533 834 101 25 Erstes
1649 834 274 27 Museumsfresko.

1533 873 69 24 Beim
1623 873 100 25 rechten
1743 875 230 26 Seecentauren.
2009 876 46 25 Die
2066 874 58 27 tiefe
2142 875 74 26 kurze
2234 873 85 28 Model-

1474 911 98 35 lierung
1583 911 41 25 des
1635 912 93 26 Nabels
1740 913 84 26 macht
1839 913 39 26 die
1893 914 163 26 Bauchfläche
2070 914 67 36 grofs
2153 915 52 25 und
2216 914 119 35 mächtig.

1473 951 52 24 Um
1545 950 57 26 aber
1620 951 54 25 eine
1692 953 74 24 Form
1784 961 28 17 so
1831 951 48 27 auf
1896 953 40 25 die
1955 953 215 26 nebenstehenden
2187 954 100 26 wirken
2304 961 28 17 zu

1470 989 88 31 lassen,
1574 989 67 26 mufs
1656 990 34 25 sie
1704 991 53 25 eine
1773 992 104 34 gewisse
1891 992 91 25 Grofse
1997 992 89 26 haben.
2103 994 79 25 Wäre
2197 993 43 26 der
2250 990 83 29 Nabel

1472 1027 102 32 kleiner,
1590 1039 28 15 so
1632 1029 91 26 würde
1736 1039 25 16 er
1774 1040 48 15 nur
1834 1033 69 23 noch
1917 1031 35 25 als
1963 1032 40 25 ein
2015 1031 82 26 Punkt
2115 1031 41 26 für
2172 1033 53 25 sich
2236 1031 98 27 wirken

1472 1067 51 26 und
1538 1077 30 16 zu
1584 1066 84 28 keiner
1682 1069 185 36 Vergleichung
1882 1070 46 25 mit
1943 1070 47 26 den
2005 1071 214 26 nebenstehenden
2231 1073 103 25 Formen

1471 1105 155 27 auffordern.
1652 1107 96 25 Ebenso
1760 1111 68 23 wäre
1839 1118 22 16 es
1874 1110 46 24 mit
1934 1109 47 26 den
1993 1110 100 26 Farben.
2114 1110 96 31 Kleine,
2226 1110 108 26 einzelne

1471 1145 137 26 Blümchen
1627 1146 25 25 in
1675 1146 66 26 einer
1760 1147 152 27 Landschaft
1931 1149 135 35 vergleicht
2089 1159 59 17 man
2165 1150 72 26 nicht
2254 1149 79 28 mehr,

1471 1184 52 26 und
1537 1194 24 16 es
1574 1185 32 25 ist
1619 1185 179 36 gleichgültig,
1814 1187 32 25 ob
1862 1188 33 24 sie
1911 1194 50 23 rot,
1977 1188 56 35 gelb
2049 1188 59 26 oder
2122 1188 59 27 blau
2196 1188 68 31 sind,
2280 1186 52 28 und

1469 1226 70 23 wäre
1553 1224 39 25 die
1601 1224 73 26 Farbe
1689 1226 64 25 auch
1768 1225 41 26 der
1819 1227 140 25 Harmonie
1974 1227 40 26 des
2022 1227 82 26 Bildes
2115 1228 35 25 im
2159 1228 172 36 Allgemeinen

1469 1263 119 25 zuwider.
1620 1265 32 24 So
1673 1274 84 16 waren
1779 1264 39 26 bei
1839 1265 42 26 der
1895 1265 88 27 Flucht
2000 1267 65 25 nach
2083 1269 113 34 Egypten
2215 1267 39 26 die
2275 1274 58 29 paar

1469 1301 216 37 Blumenpunkte,
1705 1304 40 25 die
1758 1303 106 27 Böcklin
1879 1304 90 27 zuletzt
1987 1306 68 25 noch
2070 1306 24 25 in
2111 1306 39 25 die
2164 1305 68 26 linke
2247 1312 85 19 untere

1469 1340 67 25 Ecke
1550 1342 46 24 mit
1612 1342 139 26 Chromrot
1764 1343 131 31 hinsetzte,
1915 1343 173 37 wirkungslos
2107 1343 42 27 für
2162 1345 40 25 die
2217 1348 98 23 Gesamt-

1469 1380 51 25 heit
1536 1380 40 25 des
1587 1381 81 25 Bildes
1683 1381 51 26 und
1750 1382 52 25 ihre
1814 1382 75 27 Farbe
1901 1382 75 27 daher
1988 1383 65 26 auch
2064 1384 67 25 ohne
2145 1384 48 25 alle
2200 1384 115 34 Wichtig-

1468 1418 51 26 keit
1534 1418 41 26 für
1589 1420 40 25 die
1644 1421 139 25 Harmonie
1798 1420 41 27 der
1853 1423 80 25 Töne.

1527 1458 48 26 Die
1590 1460 175 26 Seecentauren
1780 1459 111 27 müfsten
1909 1462 25 24 in
1950 1461 65 26 ihrer
2028 1461 110 36 Bildung
2156 1472 63 26 ganz
2239 1462 76 26 abson-

1467 1497 95 26 derlich
1581 1497 115 31 werden,
1719 1499 80 25 damit
1821 1500 34 25 sie
1884 1510 32 16 an
1939 1501 133 25 Fabeltiere
2099 1501 51 25 und
2172 1501 142 26 Arabesken-

1466 1546 85 16 wesen
1574 1537 120 26 erinnern.
1738 1540 51 23 Der
1812 1537 74 37 Kopf
1906 1539 131 26 besonders
2057 1540 67 26 mufs
2148 1541 37 25 ins
2207 1540 122 27 Groteske

1466 1585 111 26 gezogen
1597 1576 103 26 werden
1719 1577 50 25 und
1790 1577 34 26 als
1839 1579 81 24 Fratze
1939 1579 150 26 erscheinen.
2119 1581 65 24 Dem
2204 1580 124 25 mittleren

1467 1613 114 37 (linken)
1603 1624 51 16 von
1672 1615 48 25 den
1737 1616 121 26 vorderen
1877 1617 47 35 gab
1943 1627 24 16 er
1988 1618 42 25 das
2049 1618 73 26 Maul
2141 1618 65 27 eines
2226 1618 100 27 Barschs

1467 1653 47 25 mit
1532 1654 51 25 vier
1603 1652 172 38 fadenartigen
1794 1655 199 37 Fleischzipfeln,
2012 1657 82 35 grofse
2115 1664 78 20 etwas
2211 1656 118 28 rundlich

1466 1692 154 26 vortretende
1635 1695 103 34 Augen,
1759 1701 78 19 etwas
1855 1695 100 35 schräge
1975 1696 184 35 Augenbrauen
2173 1697 52 26 und
2237 1698 89 27 Haare,

1465 1730 41 26 die
1525 1732 125 35 tangartig
1664 1742 31 15 zu
1710 1733 127 36 Klumpen
1851 1735 271 27 zusammenwachsen.
2132 1751 33 4 —
2176 1738 48 24 Der
2239 1734 89 28 andere

1466 1769 108 37 (rechte)
1585 1772 108 24 Centaur
1705 1771 131 27 bekommt
1847 1774 71 25 mehr
1928 1773 40 26 die
1980 1775 69 35 Züge
2065 1775 64 25 eines
2144 1776 88 29 rohen,
2248 1783 64 27 unge-

1464 1809 116 25 zähmten
1591 1811 219 26 Naturmenschen
1822 1812 50 26 und
1883 1813 139 36 struppiges
2038 1814 136 25 schwarzes
2186 1816 76 28 Haar,
2277 1812 50 27 wie

1464 1847 132 27 Rofshaar.
1621 1850 70 25 Seine
1702 1849 159 28 Pferdebeine
1874 1851 81 36 gehen
1966 1852 26 26 in
2004 1851 206 27 Schwimmfüfse
2222 1862 43 17 aus
2276 1850 51 28 und

1464 1886 43 26 der
1525 1887 105 26 Rücken
1647 1889 87 36 endigt
1751 1890 71 26 nicht
1843 1890 34 26 als
1891 1891 131 30 Fischleib,
2044 1891 107 26 sondern
2173 1892 35 26 als
2229 1890 85 28 Pferde-

1464 1925 98 27 hintern
1579 1927 91 34 (durch
1685 1928 39 26 die
1740 1930 181 36 Komposition
1935 1939 29 16 so
1979 1929 125 37 bedingt).

1768 2014 39 25 18.
1822 2013 146 27 November
1983 2015 45 26 68.

1524 2063 105 26 Böcklin
1641 2065 92 26 erzählt
1745 2075 50 16 von
1806 2066 66 26 einer
1884 2068 88 29 Dame,
1983 2066 39 27 die
2033 2067 55 26 ihm
2099 2067 99 26 Modell
2209 2076 116 27 gesessen.

1464 2102 38 25 Sie
1525 2103 30 25 ist
1574 2103 61 26 über
1654 2104 72 26 einen
1745 2104 58 26 Zoll
1821 2104 95 37 grüfser
1935 2105 35 27 als
1988 2115 25 17 er
2032 2106 52 26 und
2104 2107 110 36 mächtig
2236 2105 91 38 gebaut

1465 2141 138 35 (vielleicht
1624 2143 40 26 ein
1686 2143 114 27 bifschen
1820 2154 30 16 zu
1872 2145 143 31 männlich,
2037 2145 66 26 denn
2123 2146 34 25 sie
2177 2147 45 25 hat
2243 2146 82 28 breite,

1464 2187 78 20 etwas
1563 2182 142 26 männliche
1723 2183 131 26 Schultern
1874 2184 51 25 und
1944 2184 39 25 bei
2002 2185 70 25 ihren
2087 2195 36 26 40
2137 2186 89 33 Jahren
2243 2182 68 29 merk-

1465 2220 101 36 würdig
1590 2220 94 31 flache,
1709 2221 192 27 mädchenhafte
1926 2224 107 35 Brüste).
2064 2224 107 26 Böcklin
2192 2225 44 25 sah
2259 2224 67 25 dann

1465 2260 65 25 auch
1545 2260 67 26 noch
1630 2260 52 26 ihre
1697 2262 147 25 verheiratet
1862 2272 128 26 gewesene
2008 2264 150 30 Schwester,
2177 2263 40 26 die
2232 2263 94 26 kleiner

1465 2298 51 26 und
1531 2298 126 27 zierlicher
1670 2300 41 31 ist,
1726 2300 57 27 aber
1796 2301 115 26 dennoch
1926 2302 66 25 Fülle
2006 2312 84 25 genug
2104 2303 51 26 hat.
2181 2303 41 26 Bei
2236 2302 89 26 Beiden

1465 2337 78 26 meint
1563 2338 120 31 Böcklin,
1701 2342 69 23 wäre
1789 2341 27 24 in
1834 2340 41 26 der
1889 2342 105 24 Ansicht
2014 2341 42 26 der
2070 2343 96 34 Magna
2184 2352 86 27 parens
2285 2340 41 25 der

1464 2378 85 24 Raum
1569 2387 50 16 von
1638 2378 82 26 Nabel
1740 2378 36 26 bis
1795 2380 155 26 Brustwarze
1970 2380 112 36 mächtig
2101 2380 81 36 grofs,
2204 2376 121 32 während

1464 2415 44 26 der
1528 2426 51 16 von
1600 2419 152 24 Brustwarze
1773 2418 36 26 bis
1834 2428 30 16 zu
1888 2419 47 26 den
1956 2419 212 27 Schlüsselbeinen
2190 2421 54 25 eine
2264 2425 62 30 ganz

1464 2454 121 31 schmale,
1607 2456 243 27 zurückweichende
1871 2458 86 26 Fläche
1979 2458 86 27 bildet.
2100 2461 49 24 Der
2170 2459 61 26 Hals
2253 2458 72 34 steigt

1464 2494 88 26 daraus
1568 2496 95 25 wieder
1676 2506 63 25 ganz
1753 2496 59 36 lang
1827 2496 51 27 und
1893 2497 150 27 unverkürzt
2057 2497 58 32 auf,
2134 2498 52 26 und
2201 2499 41 25 das
2257 2497 68 27 Kinn

1464 2534 63 35 zeigt
1547 2540 77 20 etwas
1641 2536 182 26 Unteransicht.
1851 2536 134 27 Zwischen
1999 2536 159 27 Brustkasten
2177 2537 53 26 und
2245 2534 80 29 Hüfte

1464 2573 108 26 bildeten
1583 2574 52 25 sich
1646 2574 64 26 zwei
1721 2574 90 27 leichte
1821 2575 91 26 Falten.
1937 2576 83 25 Nabel
2032 2575 52 27 tief.
2105 2579 84 23 Raum
2200 2575 125 28 zwischen

1464 2613 71 25 Brust
1555 2612 52 26 und
1629 2612 81 27 Nabel
1732 2613 113 32 einfach,
1867 2624 48 17 nur
1935 2616 191 35 Magengegend
2148 2623 78 20 etwas
2248 2613 77 28 voller

1463 2651 216 28 herauswölbend.

1502 2842 0 0 180
