3297 4437
3138 4318 50 28 391

77 143 47 29 ein
158 141 129 28 seltenes
320 138 130 28 fremdes
484 134 67 30 Tier
589 134 128 29 berührt.
780 132 63 28 Das
877 130 92 34 Weib,
1008 128 47 31 ein

77 186 90 31 Weib.

148 230 48 29 Sie
231 228 111 35 umfing
377 226 49 28 ihn
461 224 144 36 kollegial,
641 232 49 20 um
727 222 49 29 ihn
802 221 50 28 auf
879 221 57 28 den
961 220 95 29 Mund

75 286 37 20 zu
146 276 118 28 küssen.
321 273 46 28 Da
403 271 134 34 überflog
572 270 48 28 ihn
646 268 88 29 leiser
759 266 161 30 deutlicher
945 265 92 29 Wider-

73 322 82 30 wille.
205 319 37 29 Er
275 318 101 28 drehte
409 316 44 29 ihr
479 315 46 28 die
553 315 112 35 Wange
691 321 46 25 zu,
763 312 50 29 auf
840 312 51 28 der
917 318 32 21 er
975 310 79 28 ohne

76 367 182 29 besonderes
292 360 186 37 Wohlgefühl
527 360 83 28 ihren
646 358 99 28 kalten
781 357 77 29 Kuss
892 355 162 35 verspürte.

74 410 140 32 Innerlich
247 409 110 28 wehrte
391 414 32 21 er
454 406 63 28 sich
543 411 95 29 gegen
665 406 90 26 etwas
781 401 218 30 Gewaltsames
1025 399 29 28 in

74 457 110 29 diesem
221 454 83 33 Kuss,
341 453 57 27 den
434 460 32 19 er
501 451 42 28 als
579 449 180 34 Schändung
789 447 83 28 eines
897 445 156 35 geadelten

75 501 137 37 Symbols
238 498 148 36 empfand.

146 547 91 34 „Nun,
277 544 85 28 mach
398 541 58 29 dirs
681 538 106 35 sprach
826 536 44 28 sie
908 534 59 29 ihm
1006 542 47 20 zu.

72 594 48 29 Sie
145 597 57 30 zog
228 598 36 20 an
292 590 51 27 der
369 585 263 32 Rouleauxschnur
658 584 59 27 und
744 583 115 34 begann
886 580 64 28 sich
969 579 85 35 ruhig

73 647 37 21 zu
136 635 177 32 entkleiden.
362 632 134 29 Atemlos
521 630 119 29 wohnte
668 637 31 19 er
726 629 51 27 der
797 625 177 35 Enthüllung
999 625 54 28 des

75 682 226 37 niegeschauten
336 676 227 31 Geheimnisses
598 674 56 29 bei.
713 674 63 27 Das
812 679 59 21 war
896 670 141 29 selbstver-

71 727 141 32 ständlich
249 725 45 29 ein
331 724 127 29 Korsett.
508 721 63 29 Wie
607 727 32 21 es
675 719 122 35 Puppen
833 716 27 28 in
887 715 147 36 Miederge-

72 774 132 31 schäften
240 771 145 28 anhaben.
454 768 62 28 Das
556 766 94 28 durfte
683 772 69 21 man
786 761 129 31 wirklich
948 761 103 28 sehen.

73 822 30 29 In
137 819 83 34 zehn,
255 815 86 29 zwölf
372 814 110 35 Jahren
517 811 144 30 vielleicht
695 810 113 28 konnte
845 816 32 20 er
911 815 37 20 an
985 806 66 29 eine

74 866 98 30 Heirat
205 863 124 29 denken.
380 860 77 34 Jetzt
489 858 75 28 stahl
595 865 32 20 er
652 856 62 28 sich
742 856 53 27 das
822 853 125 29 einfach.
998 851 53 30 Ein

73 913 82 33 Narr,
187 911 49 27 der
268 908 109 28 wartet.
430 904 89 29 Ohne
545 901 149 35 Tändelei,
722 901 80 28 ohne
828 899 140 29 Schwüre
993 898 58 36 gab

75 966 68 21 man
168 955 60 30 Sick
253 953 66 34 ihm,
346 952 68 28 dem
440 957 103 21 armen
571 948 163 33 Burschen,
760 946 58 29 hin.
863 944 74 30 Kein
964 944 88 34 Brief,

75 1003 85 30 keine
208 1000 92 28 Treue
350 996 71 30 wird
470 995 138 35 verlangt.
680 994 79 28 Aber
803 992 45 28 die
892 990 159 30 Mädchen.

76 1050 130 29 Mussten
240 1045 41 29 sie
317 1042 79 30 nicht
431 1042 49 28 auf
516 1040 86 30 einen
638 1039 95 29 Zufall
767 1040 121 32 warten,
921 1045 50 20 um
999 1037 54 28 das

77 1095 95 29 Leben
207 1092 115 28 kenaen
357 1096 36 20 zu
429 1086 126 30 lernen?
606 1085 49 29 Sie
691 1085 141 29 mochten
868 1091 33 21 es
931 1082 122 29 leichter

75 1140 103 33 haben,
212 1136 60 29 sich
308 1134 116 30 einfach
459 1133 196 35 hinzugeben,
686 1139 86 21 wenn
805 1129 44 30 sie
876 1128 177 37 ungeduldig

75 1192 103 22 waren.

144 1230 65 28 Nun
240 1234 66 22 sass
337 1226 44 29 sie
413 1225 135 34 lachend,
582 1223 165 35 übermütig
781 1222 98 29 neben
910 1220 69 36 ihm,
1007 1220 46 29 die

75 1277 106 28 bunten
206 1273 116 29 Tücher
347 1272 78 29 ihrer
451 1270 144 36 Kleidung
623 1277 99 21 waren
748 1267 128 36 sorglich
905 1269 60 26 nett
990 1266 48 29 hia-

74 1321 137 37 gebreitet
259 1319 68 28 Nun
362 1325 60 22 war
458 1318 45 27 die
539 1316 150 35 Erfüllung
724 1322 35 21 so
795 1314 85 34 nahe,
908 1314 69 28 dass
1003 1311 50 29 ihn

74 1366 194 30 überirdische
299 1363 122 38 geistige
454 1362 164 30 Heiterkeit
649 1362 103 28 erhob:
804 1359 104 30 Heisse
941 1358 96 29 lächer-

72 1412 72 29 liche
184 1409 298 37 Kneipengespräche
527 1409 117 28 frecher
682 1407 135 29 Freunde
865 1404 188 30 offenbarten

71 1458 70 37 jetzt
179 1457 82 29 ihren
300 1456 81 28 Sinn.
444 1455 41 29 So
522 1454 66 29 eine
626 1453 65 30 darf
729 1452 78 29 nicht
846 1451 66 28 nein
950 1455 103 30 sagen.

73 1504 63 29 Ihre
170 1503 78 28 Haut
279 1510 60 21 war
372 1502 159 28 leuchtend
563 1499 94 30 weiss.
709 1500 62 28 Das
802 1505 60 21 war
896 1496 45 28 die
968 1495 68 29 Sinn-

71 1549 126 29 lichkeit.

145 1595 92 28 Unter
262 1593 98 29 seiner
384 1591 356 38 täppisch-berührenden
762 1589 86 29 Hand
875 1588 108 28 dehnte
1009 1586 43 29 sie

72 1640 63 29 sich
167 1639 221 37 listig-fröhlich,
420 1638 119 28 brachte
572 1637 82 28 ihren
687 1636 113 35 Körper
830 1634 205 36 gutmütig-dar-

73 1686 139 29 reichend
238 1693 53 21 zur
317 1685 137 36 Geltung.
506 1684 30 28 In
562 1683 43 28 ihr
630 1683 119 35 glättete
774 1681 63 28 sich
864 1681 53 28 das
944 1679 109 36 Leben,

75 1732 90 29 nahm
191 1731 182 36 ergreifende
400 1730 187 29 Lustformen
614 1737 46 20 an.

150 1787 125 34 „Schön,
301 1785 54 30 wie
528 1784 95 28 lachte
651 1791 31 20 er
706 1781 98 37 gierig.

152 1842 93 34 „Geh,
278 1848 62 22 was
374 1840 93 29 siehst
502 1841 77 27 denn
615 1840 37 27 da
884 1837 95 28 lachte
1010 1836 43 28 sie

78 1886 297 36 müde-unterwürfig.
428 1886 54 34 „Es
508 1885 37 29 ist
569 1884 29 37 ja
626 1883 92 30 nichts

150 1933 37 30 Er
224 1935 134 26 stotterte
398 1931 238 29 schmeichelnde
675 1930 146 34 demütige
859 1929 109 34 Worte,
1004 1936 50 20 um

77 1978 83 29 seine
199 1978 148 36 Erregung
384 1985 37 20 zu
461 1977 113 28 decken
632 1976 61 28 Aus
732 1976 67 27 dem
835 1973 142 30 Gewitter
1003 1975 51 27 der

78 2024 90 29 Sinne
195 2024 68 29 hielt
289 2032 31 20 er
346 2024 77 27 dann
451 2031 53 19 nur
529 2022 84 28 mehr
639 2022 52 28 das
716 2021 71 28 fest:
814 2022 52 27 das
887 2020 80 29 Weib
994 2027 60 21 war

79 2071 51 27 der
164 2070 81 28 Lohn
278 2069 46 28 für
355 2070 56 27 den
437 2068 72 29 Tod.
559 2069 115 28 Musste
707 2074 32 21 es
771 2066 63 28 sein
894 2067 68 28 Wer
989 2065 64 28 sein

78 2115 61 29 Teil
165 2123 37 20 an
226 2114 153 30 Erdenlust
404 2114 64 28 also
495 2113 102 34 erhob,
624 2112 162 28 übernahm
813 2112 76 28 auch
916 2111 46 28 die
983 2111 53 28 Ver-

75 2159 202 37 gänglichkeit.

148 2213 167 29 Lächerlich
355 2213 58 27 und
450 2211 103 36 frostig
590 2212 85 35 lagen
715 2219 58 20 nun
807 2211 45 28 die
879 2211 155 36 Kleidungs-

76 2259 103 28 stücke
215 2258 110 28 umher.
377 2258 84 28 Ihren
498 2257 67 29 Leib
601 2257 55 28 sah
692 2265 32 20 er
758 2257 72 36 je'zt
864 2258 123 35 grotesk
1023 2257 28 29 in

75 2304 101 29 seinen
221 2304 360 29 natürlichmenschlichen
617 2303 230 29 Verhältnissen.
899 2304 68 28 War
1009 2302 44 29 ihr

76 2349 67 31 Reiz
176 2358 54 20 nur
262 2349 27 29 in
321 2349 97 29 seiner
444 2349 149 36 Erregung
618 2348 164 37 gewesen?
826 2349 155 35 Verlegen,
1008 2357 30 20 er-

75 2396 89 28 kältet
197 2404 60 20 war
292 2397 52 27 das
379 2394 263 30 Beisammensein.
694 2394 49 30 Sie
778 2401 58 30 zog
875 2395 63 29 sich
975 2395 78 28 nach

78 2441 113 37 einigen
219 2441 67 29 Hin-
313 2443 58 27 und
392 2441 156 37 Hergehen
575 2450 46 20 an.
672 2441 79 29 Alles
776 2449 61 21 war
862 2441 54 29 wie
942 2441 109 28 früher.

77 2488 78 28 Aber
169 2486 290 37 Unbarmherzigkeit
478 2495 60 21 war
558 2487 233 36 hinzugetreten.
843 2486 70 30 Sein
927 2486 126 30 Gesicht

73 2533 165 29 verhärtete
272 2533 70 35 sich,
378 2541 32 20 er
445 2541 60 21 war
536 2533 73 28 stille
635 2534 169 35 geworden.
856 2532 49 29 Sie
932 2533 120 28 mochte

75 2579 169 36 Derartiges
274 2580 117 27 kennen
450 2579 53 29 Mit
529 2579 82 30 Ruhe
645 2579 184 28 betrachtete
863 2587 32 20 er
920 2578 52 35 sie,
1006 2578 47 29 die

76 2624 128 36 demütig
235 2624 103 29 seinen
365 2625 80 30 Rock
478 2625 234 28 herbeibrachte.
764 2624 55 29 Die
846 2624 125 35 Gestalt,
1000 2626 53 27 das

77 2671 146 28 Gehaben
251 2670 132 29 erschien
409 2670 59 29 ihm
494 2670 144 37 armselig,
658 2671 127 36 gemein.
836 2671 70 28 Was
926 2671 127 28 faselten

75 2715 204 29 Zeitschriften
304 2723 59 22 von
390 2717 50 27 der
465 2716 162 30 Schönheit
654 2718 52 28 des
734 2716 221 29 Hetärentums.

151 2772 61 27 Das
245 2771 110 28 Gefühl
381 2772 158 36 quälender
564 2772 104 29 Armut
706 2772 93 29 erhob
839 2772 64 28 sich
929 2772 124 28 stärker.

77 2816 54 29 Die
163 2817 138 28 früheren
327 2817 150 36 Episoden
508 2817 97 29 seiner
630 2819 150 28 Mädchen
814 2819 143 27 schienen
993 2817 60 29 ihm

77 2861 71 37 jetzt
172 2862 108 29 wieder
305 2863 192 35 strahlender,
522 2864 151 35 lebhafter,
687 2864 58 29 voll
772 2864 117 28 innerer
912 2863 141 34 Reinheit,

75 2915 59 21 von
167 2909 50 27 der
249 2916 31 21 er
311 2908 72 37 jetzt
419 2909 89 28 durch
535 2910 80 29 diese
641 2911 113 28 Stunde
779 2909 69 30 weit
873 2909 181 37 geschieden

77 2961 66 21 war.
195 2953 111 30 Einmal
344 2962 67 21 sass
449 2963 31 20 er
518 2956 49 28 auf
605 2956 80 29 einer
724 2956 85 28 Bank
842 2965 49 19 am
918 2956 58 28 See
1004 2954 51 30 mit

78 2998 96 29 einem
199 2999 156 29 reizvollen
381 3001 157 28 Mädchen.
588 3002 62 28 Das
675 3001 49 30 fiel
750 3001 60 30 ihm
838 3002 55 29 ein.
945 3002 31 28 In
1004 3003 52 26 der

82 3044 209 36 ansteigenden
317 3045 161 29 Harmonie
505 3047 121 29 solchen
659 3047 242 29 Beisamenseins
934 3048 121 28 mochte

81 3088 181 37 körperliche
287 3091 196 37 Vereinigung
510 3094 52 26 das
588 3094 124 29 höchste
733 3094 62 29 Ziel
821 3094 73 29 sein.
926 3094 111 27 Heraus-

78 3134 146 35 gerrissen
260 3137 41 27 als
341 3137 127 36 einziges
506 3147 59 20 war
601 3139 43 29 sie
682 3146 148 29 grausam,
861 3139 193 30 mörderisch.

82 3179 52 29 Ein
162 3180 194 37 Verbrechen,
391 3184 108 28 dessen
525 3184 175 37 Schauplatz
727 3194 69 20 man
823 3186 143 36 ängstlich
992 3193 48 21 ver-

78 3224 77 30 liess.

155 3281 60 28 Viel
240 3282 101 36 später
365 3283 71 28 fand
461 3292 31 20 er
518 3285 115 36 heraus,
672 3287 53 28 das
770 3287 103 28 keiner
910 3287 52 29 Art
998 3294 59 21 von

83 3326 197 35 körperlicher
313 3328 70 28 Lust
416 3328 45 30 die
492 3330 120 37 geistige
648 3332 190 28 Stufenleiter
868 3333 80 28 fehlt.
1001 3332 55 29 Die

83 3372 69 28 Lust
183 3373 73 28 floss
292 3375 66 27 dem
384 3376 110 28 Manne
527 3385 54 20 aus
612 3379 129 28 tausend
766 3379 135 28 fremden
929 3378 128 36 Quellen

82 3426 45 26 zu,
153 3426 37 20 an
217 3420 94 28 denen
339 3428 32 20 er
397 3421 78 29 nicht
499 3422 116 29 trinken
642 3424 104 28 durfte.
799 3424 62 28 Das
887 3431 60 21 war
972 3424 86 35 jenes

83 3454 110 29 damals
241 3457 108 35 dumpf,
397 3459 198 35 empfundene
643 3461 209 28 Zerstörende.
905 3460 154 28 Unsittlich

83 3501 58 26 und
179 3501 131 29 dankbar
346 3511 60 21 war
444 3512 41 27 es,
529 3504 62 30 sich
631 3506 81 28 einer
747 3507 132 27 anderen
906 3506 77 28 Frau
1009 3515 34 19 zu-

84 3546 149 36 zuneigen,
266 3548 42 28 als
333 3548 92 36 jener,
459 3550 45 29 üie
537 3550 28 29 in
591 3551 89 29 Form
707 3553 60 27 und
795 3551 68 30 Reiz
891 3553 57 27 den
975 3551 84 30 Keim

87 3590 50 27 des
152 3591 167 37 Begehrens
337 3597 171 27 verstreute.
560 3596 62 29 Der
635 3597 77 28 Frau
732 3605 82 20 muss
835 3598 54 28 das
908 3596 151 30 Tierische

88 3635 48 28 mit
168 3638 63 28 dem
257 3640 221 29 Menschlichen
513 3642 152 35 vergolten
699 3644 127 27 werden.
879 3643 92 28 Sonst
1000 3651 61 21 war

85 3687 33 21 es
143 3682 107 30 Gräuel
275 3707 6 6 .
308 3706 5 6 .
340 3706 7 7 .

155 3737 36 29 Er
218 3739 123 29 horchte
367 3739 28 29 in
423 3741 45 28 die
495 3742 277 35 Morgenfinsternis
799 3743 114 36 hinaus,
941 3744 38 28 ob
1007 3744 54 28 das

84 3781 174 37 Zukünftige
286 3783 78 29 nicht
388 3786 65 28 fern
480 3787 190 28 heranblühe.

89 4027 233 71 Alfred
375 4029 173 71 Kerr

163 4205 146 35 Sylvester
337 4207 69 28 1908
432 4207 47 28 bin
507 4209 44 28 ich
577 4211 98 27 Alfred
704 4211 72 28 Kerr
808 4212 146 35 begegnet
979 4215 86 25 unter

90 4248 184 31 künstlichen
309 4252 243 35 Balkansternen,
592 4256 148 27 zwischen
776 4257 288 28 schleierverhüllten

1138 127 199 36 Angesichten
1375 126 131 28 schöner
1541 123 233 29 Haremsfrauen
1813 122 61 28 und
1906 120 217 30 fezbedeckten

1140 173 153 34 Häuptern
1325 169 270 37 weissgekleideter
1626 167 233 30 Muselmänner.
1899 166 133 34 „Wissen
2065 166 59 34 Sie,

1139 225 61 21 wer
1226 218 51 27 der
1304 215 231 29 Beduinenfürst
1708 213 72 35 (Wir
1806 213 137 34 grüssten
1970 218 56 21 uns
2047 211 76 28 nach

1140 263 53 27 des
1220 261 155 35 Bosporus
1401 259 198 29 Zeremoniell
1619 259 60 28 und
1699 256 95 37 Sitte.)
1816 256 141 35 „Reissen
1976 256 49 28 Sie
2046 256 77 28 mich

1143 307 78 29 nicht
1248 306 104 28 immer
1378 312 55 21 aus
1460 305 118 28 meinen
1606 301 298 37 morgenländischen

1140 353 175 27 antwortete
1343 350 45 28 ich
1423 349 113 29 meiner
1567 347 185 37 Begleiterin.
1810 347 107 36 Später
1948 347 87 29 hörte
2068 346 55 35 ich,

1140 399 51 27 der
1215 397 114 28 Araber
1355 395 51 28 mit
1432 396 68 27 dem
1527 393 223 30 Seidenmantel
1775 392 44 29 sei
1851 392 99 29 Alfred
1977 392 72 29 Kerr
2074 399 34 29 ge-

1137 450 110 21 wesen.
1307 440 55 29 Am
1399 441 104 27 besten
1538 439 127 36 gefallen
1701 438 54 29 mir
1787 437 83 30 seine
1897 437 157 36 Gedichte,
2079 437 43 30 sie

1138 489 67 26 sind
1239 486 177 28 humorsüss
1452 486 61 27 und
1547 485 88 28 fallen
1662 484 59 28 ihm
1758 483 28 29 in
1823 482 45 30 die
1896 483 96 29 Hand.
2044 483 80 28 Aber

1140 532 84 29 seine
1251 532 218 28 allerschönste
1497 531 149 34 Dichtung
1664 538 61 19 war
1745 528 47 29 ein
1818 528 175 36 spanischer
2013 529 110 35 Essay;

1151 579 73 27 edes
1250 578 83 28 Wort
1369 579 67 32 trug
1472 576 66 28 eine
1577 576 225 28 Abendrotrose
1841 574 39 29 im
1917 574 88 35 Haar,
2037 573 86 36 jedes

1137 624 83 28 Wort
1245 630 61 21 war
1332 621 66 29 eine
1425 622 146 33 Sennora,
1599 621 92 28 erhob
1719 619 62 29 sich
1809 621 60 27 und
1894 621 108 27 tanzte.

1211 677 99 28 Ueber
1343 677 57 28 den
1435 676 277 29 Kurfürstendamm
1745 675 73 28 sehe
1853 674 46 28 ich
1926 674 50 28 ihn
2002 674 100 28 manch-

1139 722 58 30 mal
1225 722 75 28 nach
1328 722 52 28 der
1406 721 127 29 Kolonie
1560 721 169 28 heimwärts
1761 721 108 35 gehen.
1921 721 76 27 Dort
2021 719 103 29 wohnt

1137 768 100 29 Alfred
1277 767 73 30 Kerr
1388 766 28 29 in
1444 767 82 28 einer
1564 766 82 35 Villa,
1686 766 45 28 die
1767 765 140 29 beneidet
1931 765 80 35 wird,
2037 767 87 27 sonst

1138 814 90 36 pflegt
1255 821 69 20 man
1352 813 46 28 die
1432 812 126 29 meisten
1595 811 179 29 Kolonisten
1810 811 78 28 ihrer
1914 810 73 29 Villa
2018 817 104 29 wegen

1137 868 38 20 zu
1211 858 155 30 beneiden.
1439 857 134 29 Hainlich
1612 856 75 37 birgt
1729 856 98 30 dieses
1873 857 249 28 nachtumheckte

1140 905 201 30 Schlösschen
1379 903 105 29 seinen
1522 902 129 29 Dichter.
1717 902 73 36 Spät
1828 910 83 21 muss
1950 903 52 28 der
2041 901 69 30 Kriti-

1138 952 137 29 sierende
1297 951 46 28 die
1365 949 131 30 Kritiken
1517 948 270 35 niederschreiben,
1808 948 46 28 die
1873 948 67 28 sind
1954 947 170 36 blaunervig

1136 997 54 30 wie
1218 1005 31 20 er
1274 997 93 28 selbst
1393 996 61 27 und
1474 994 102 29 duften
1609 995 76 28 nach
1719 993 267 30 melancholischer
2018 993 105 29 Ironie.

1137 1043 59 30 Wir
1221 1042 99 29 haben
1347 1049 56 21 uns
1430 1041 86 29 beide
1545 1048 54 20 nur
1626 1040 105 28 immer
1764 1041 53 27 das
1841 1040 144 28 schönste
2011 1042 112 33 gesagt,

1136 1089 52 30 wir
1213 1089 120 28 kennen
1360 1095 56 20 uns
1444 1094 54 21 nur
1524 1086 38 28 im
1590 1086 106 28 Gruss.
1740 1085 80 29 Mich
1842 1086 101 34 dünkt,
1964 1093 32 21 er
2014 1086 110 28 träumt

1136 1143 60 22 von
1424 1132 54 30 wie
1506 1131 47 30 ein
1581 1131 128 36 einziger
1741 1132 93 34 Sohn,
1868 1133 52 27 der
1945 1132 63 28 sich
2035 1131 87 30 einen

1140 1182 113 29 Bruder
1278 1180 143 29 wünscht.
1467 1178 37 30 Er
1528 1178 111 28 träumt
1666 1178 104 27 immer
1796 1185 59 21 von
1874 1178 115 28 seinem
2011 1178 113 28 Bruder

1139 1227 138 29 Heinrich
1305 1225 95 30 Heine
1461 1224 74 29 Bald
1561 1223 108 36 gleicht
1702 1231 32 20 er
1760 1223 60 28 ihm
1847 1223 50 28 auf
1924 1223 87 28 einen
2037 1224 86 28 Nerv.

1136 1274 101 29 Alfred
1263 1272 72 30 Kerr
1362 1271 113 29 müsste
1503 1269 91 29 durch
1621 1269 47 28 die
1702 1269 139 29 Strassen
1875 1269 82 28 Paris
1982 1270 142 28 wandern

1138 1319 54 30 wie
1221 1320 51 27 der
1297 1321 63 26 tote
1388 1317 122 34 Bruder,
1544 1315 77 28 mich
1648 1316 76 28 stört
1750 1316 54 27 des
1831 1315 161 28 Lebenden
2018 1316 89 27 cheva-

1137 1366 133 28 leresker
1295 1363 121 34 Mantel,
1442 1361 65 29 sein
1534 1361 213 36 abgestäubter
1773 1361 67 28 Hut.
1879 1361 120 28 Warum
2027 1361 97 28 denke

1137 1411 46 29 ich
1209 1410 61 30 so?
1296 1426 33 3 —
1357 1409 126 35 Morgen
1517 1408 63 28 lese
1607 1408 46 28 ich
1687 1406 39 29 im
1752 1406 63 36 Tag
1841 1406 83 28 seine
1957 1406 167 37 gedichtete

1139 1456 91 30 Kritik
1256 1456 73 28 über
1356 1455 209 34 Hauptmanns
1592 1452 156 30 Premiere.

1720 1508 72 29 Else
1818 1508 271 29 Lasker-Schüler

1139 1758 301 74 Edward
1501 1756 390 90 Carpenter
1949 1756 176 73 über

1139 1871 187 71 Walt
1374 1869 360 71 Whitman

1138 2027 81 34 Von
1247 2026 172 35 Heinrich
1448 2025 128 35 Pudor

1212 2156 67 28 Nun
1316 2156 36 27 ist
1378 2155 163 36 Carpenter
1576 2154 77 28 auch
1689 2152 39 28 im
1754 2151 140 30 weiteren
1921 2151 205 29 Deutschland

1137 2200 46 29 ein
1218 2200 214 36 vielgelesener
1465 2200 95 29 Autor
1594 2199 168 35 geworden.
1815 2196 135 31 Kürzlich
1990 2196 136 29 erschien

1137 2247 27 29 in
1192 2247 132 36 England
1350 2246 64 29 sein
1439 2246 83 28 Buch
1552 2245 96 35 „Tage
1675 2243 52 29 mit
1752 2243 76 29 Walt
2071 2250 54 20 aus

1137 2295 68 27 dem
1232 2293 63 28 hier
1322 2291 112 37 einiges
1460 2290 244 36 wiedergegeben
1731 2288 52 30 sei.

1210 2358 163 34 Carpenter
1399 2357 52 27 hat
1473 2355 148 30 Whitman
1649 2353 133 29 zweimal
1808 2352 134 35 besucht,
1969 2351 39 29 im
2035 2352 89 34 Jahre

1138 2403 70 29 1877
1235 2404 60 27 und
1322 2403 38 28 im
1388 2402 89 34 Jahre
1505 2401 78 28 1884.
1635 2400 37 29 Er
1698 2401 79 34 sagt:
1815 2399 110 34 „Wenn
1953 2398 45 28 ich
2023 2398 103 28 früher

1137 2449 127 36 gedacht
1284 2449 90 33 hätte,
1395 2449 70 27 dass
1479 2446 148 30 Whitman
1642 2445 185 29 exzentrisch
1841 2444 52 35 sei,
1913 2444 211 34 schwankend,

1138 2495 168 36 ungestüm,
1341 2502 37 20 so
1414 2493 80 28 hätte
1521 2492 99 29 sicher
1650 2492 96 28 schon
1780 2490 78 29 mein
1886 2493 93 25 erster
2006 2490 118 28 Besuch

1139 2540 77 30 mich
1253 2540 82 28 eines
1362 2540 150 28 Besseren
1545 2538 123 28 belehrt.
1719 2537 148 28 Niemand
1898 2537 114 28 könnte
2040 2537 68 27 über-

1137 2587 93 35 legter
1249 2586 73 34 sein,
1350 2585 140 28 niemand
1509 2585 114 28 könnte
1648 2584 83 28 mehr
1751 2582 185 30 Einfachheit
1957 2582 37 28 im
2015 2582 109 28 Wesen

1137 2633 109 33 haben,
1273 2631 140 29 niemand
1434 2631 104 28 besser
1556 2629 118 35 wissen,
1700 2636 61 21 was
1781 2636 32 21 er
1832 2631 51 32 tat,
1903 2628 44 28 als
1966 2627 158 35 Whitman,

1138 2679 61 27 und
1226 2678 77 28 doch
1329 2677 154 28 bemerkte
1510 2675 47 29 ich
1583 2684 37 20 an
1648 2674 59 28 ihm
1744 2674 66 28 eine
1836 2674 170 28 strahlende
2034 2674 90 35 Kraft,

1140 2725 45 28 die
1220 2732 60 21 von
1316 2723 59 28 ihm
1412 2721 124 37 ausging
1570 2721 54 29 wie
1660 2728 59 21 von
1755 2721 52 28 der
1832 2720 113 34 Sonne,
1984 2719 45 29 die
2067 2721 57 27 den

1139 2770 80 28 Platz
1257 2769 90 34 füllte,
1391 2776 47 21 wo
1478 2775 31 21 er
1547 2775 75 26 sass,
1667 2767 61 27 und
1766 2765 86 29 dabei
1895 2765 66 29 eine
1999 2765 125 36 gewisse

1140 2816 137 34 Reserve,
1312 2813 66 30 eine
1411 2813 126 37 gewisse
1564 2811 199 31 Melancholie
1797 2812 60 28 und
1893 2812 66 28 eine
1985 2812 51 28 Art
2068 2819 59 21 von

1141 2859 327 38 Zurückgezogenheit,
1519 2865 90 29 sogar
2043 2857 85 28 Nach

1140 2907 116 37 einigen
1276 2907 122 28 Worten
1426 2906 51 27 der
1501 2904 215 35 Unterhaltung
1741 2904 103 35 schlug
1863 2902 150 30 Whitman
2040 2902 87 29 einen

1143 2951 275 40 Spazier-Bummel
1457 2951 90 28 durch
1587 2949 201 36 Philadelphia
1825 2956 61 21 vor.
1950 2949 38 29 Er
2031 2951 95 26 setzte

1138 3000 105 28 seinen
1270 3005 112 30 grauen
1409 2997 183 36 Schlapphut
1618 2996 59 35 auf,
1710 2996 89 28 nahm
1826 2994 118 29 meinen
1970 2995 71 29 Arm
2067 2996 59 27 und

1139 3047 68 36 ging
1233 3053 53 20 zur
1311 3044 96 29 Fähre
1434 3043 145 28 hinunter.

1213 3101 163 36 Carpenter
1427 3098 113 29 erzählt
1591 3105 59 20 nun
1701 3097 81 34 kurz,
1835 3095 54 30 wie
1940 3095 43 30 sie
2035 3096 93 28 durch

1140 3146 202 36 Philadelphia
1367 3145 172 36 gewandert
1564 3142 74 36 sind,
1672 3142 87 29 meist
1792 3142 50 28 auf
1873 3143 67 27 dem
1968 3141 160 30 Omnibus.

1141 3194 88 29 Dann
1263 3194 117 27 kommt
1412 3191 66 29 eine
1510 3190 71 29 sehr
1613 3188 197 29 interessante
1837 3187 105 30 Stelle:
1980 3188 66 34 „Als
2077 3187 51 30 wir

1140 3248 53 20 zur
1213 3240 96 28 Fähre
1335 3238 232 32 zurückkamen,
1595 3236 86 28 hörte
1702 3242 69 20 man
1797 3234 53 28 das
1868 3234 87 28 letzte
1976 3234 133 28 Glocken-

1141 3285 132 29 zeichen.
1336 3283 59 30 Wir
1434 3283 102 28 hätten
1583 3282 53 27 das
1674 3280 132 29 Fährbot
1851 3280 78 28 noch
1975 3280 153 28 erreichen

1140 3332 132 33 können,
1309 3331 72 27 aber
1406 3328 149 30 Whitman
1590 3326 103 29 schien
1730 3326 79 28 nicht
1841 3325 75 29 eilen
1949 3334 38 19 zu
2012 3326 116 28 wollen.

1142 3377 55 30 Die
1224 3377 96 28 Fähre
1352 3375 88 29 stiess
1468 3374 46 34 ab,
1550 3374 61 27 und
1646 3381 31 19 er
1712 3374 94 26 setzte
1842 3370 63 30 sich
1933 3371 108 35 nieder,
2077 3381 50 18 um

1143 3424 53 28 das
1223 3423 101 29 Leben
1359 3429 38 20 zu
1432 3420 167 36 geniessen,
1636 3418 98 29 indem
1772 3426 32 20 er
1839 3417 50 28 auf
1924 3417 45 28 die
2005 3418 122 28 nächste

1142 3469 96 30 Fähre
1474 3467 163 34 Carpenter
1670 3465 64 35 fügt
1769 3464 62 28 hier
1867 3462 102 30 hinzu:
2008 3464 120 34 „Merke

1143 3515 52 28 Dir
1234 3515 53 27 das
1322 3514 98 28 Wort:
1463 3513 46 28 Er
1547 3513 140 27 setzte
1725 3509 90 29 sich
1856 3509 161 35 nieder,
2058 3511 70 27 das

1144 3561 136 28 Leben
1324 3567 47 20 zu
1416 3557 220 37 geniesen,
1682 3555 135 29 indem
1862 3563 41 21 er
1947 3555 69 28 auf
2058 3556 70 27 das

1145 3606 177 28 nächste
1367 3604 217 29 Fährboot
1627 3603 185 28 wartete.
1887 3601 117 28 Anstatt
2053 3601 75 28 Dich

1143 3652 103 28 fühlen
1271 3659 37 19 zu
1336 3650 135 34 machen,
1497 3648 54 29 wie
1578 3649 111 27 andere
1717 3655 31 21 es
1771 3650 61 32 tun,
1860 3648 69 27 dass
1950 3648 52 27 der
2020 3653 91 29 gegen-

1144 3696 119 36 wärtige
1290 3697 137 28 Moment
1454 3694 46 29 ein
1527 3694 119 35 lästiger
1672 3694 110 35 Zwang
1808 3692 45 35 ist,
1879 3700 58 20 von
1965 3694 67 26 dem
2060 3701 68 19 man

1145 3741 157 38 irgendwie
1322 3741 192 28 loskommen
1534 3747 92 27 muss,
1647 3748 49 19 um
1712 3739 100 35 irgend
1829 3741 91 26 etwas
1934 3737 195 37 Zukünftiges

1145 3798 37 19 zu
1216 3788 162 33 erreichen,
1412 3787 56 35 gab
1495 3784 149 30 Whitman
1678 3784 54 28 mir
1764 3784 98 28 dieses
1895 3783 142 29 herrliche
2070 3784 40 28 Ge-

1144 3834 63 29 fühl
1246 3835 52 27 des
1338 3831 256 36 Gegenwärtigen,
1640 3832 53 27 des
1732 3829 142 36 Jetzigen,

1147 3880 102 29 diesen
1275 3878 148 28 frommen
1451 3877 150 34 Glauben,
1634 3877 69 27 dass
1731 3876 51 27 der
1814 3875 315 36 gegenwärtige

1146 3927 137 28 Moment
1308 3930 216 29 genossen
1548 3923 120 27 werden

1218 3979 71 29 Also
1318 3977 45 29 die
1389 3979 118 34 grösste
1527 3977 103 33 Kunst,
1656 3974 218 36 unbeschäftigt
1899 3983 37 19 zu
1962 3974 168 36 geniessen,

1146 4024 117 29 scheint
1287 4024 148 28 Whitman
1462 4023 28 28 in
1516 4023 107 28 vollem
1649 4022 103 28 Masse
1778 4021 146 28 besessen
1959 4028 37 19 zu
2023 4021 106 28 haben.

1220 4078 86 28 Nicht
1333 4078 113 28 minder
1471 4076 116 35 wichtig
1622 4076 36 27 ist
1683 4076 139 34 folgende
1849 4075 97 27 Phase
1974 4075 51 28 der
2052 4075 60 28 Kon-

1146 4123 167 29 versation:
1348 4122 148 29 Whitman
1532 4124 100 33 sagte:
1672 4120 143 35 „Seltsam
1851 4120 80 28 finde
1968 4119 45 28 ich
2049 4119 81 29 diese

1148 4169 138 27 Vorliebe
1322 4170 51 26 der
1405 4167 195 29 Amerikaner
1637 4167 46 28 für
1709 4166 197 35 Vergoldung,
1943 4165 45 28 ich
2024 4164 106 35 meine,

1149 4215 69 27 dass
1244 4214 52 33 sie,
1322 4214 106 28 sobald
1454 4212 43 29 sie
1524 4216 91 24 etwas
1642 4212 78 28 Geld
1745 4211 138 35 gemacht
1909 4210 107 33 haben,
2044 4209 86 28 einen

1151 4259 110 34 Rappel
1287 4259 182 28 bekommen
1496 4257 51 28 auf
1566 4257 89 28 Sofas
1682 4256 91 36 (want
1797 4259 92 31 togo
1911 4255 27 28 in
1958 4256 47 27 for
2023 4254 108 36 sofas),

2208 119 174 36 kostspielig
2407 119 155 29 möblierte
2582 120 139 35 Zimmer,
2747 120 72 28 Putz
2846 122 59 28 und
2931 121 83 29 Staat
3039 124 61 27 und
3126 124 48 28 der-

2206 165 145 36 gleichen.
2410 165 67 28 Und
2512 165 78 28 doch
2625 165 116 28 scheint
2775 174 33 20 es
2844 166 66 29 eine
2945 167 245 37 Notwendigkeit,

2209 211 70 28 dass
2304 210 43 29 sie
2373 217 36 21 so
2436 210 129 28 handeln
2592 211 131 28 müssen.
2774 211 48 28 Ich
2847 215 133 25 vermute
3016 221 32 21 es
3074 215 117 28 kommt

2209 256 106 28 daher:
2341 254 84 37 jeder
2444 255 127 29 Mensch
2590 256 143 34 wünscht,
2759 256 63 28 sich
2848 265 35 20 so
2907 258 79 28 hoch
3004 259 55 28 wie
3079 261 110 28 andere

2208 309 38 20 zu
2272 301 110 33 fühlen,
2409 301 70 28 dass
2505 308 32 21 er
2563 302 75 26 auch
2665 308 69 21 vom
2762 301 111 29 Besten
2899 303 98 29 haben
3024 305 88 29 kann.

2280 373 68 29 Von
2376 374 52 28 der
2447 373 131 28 Zukunft
2604 373 100 29 seines
2730 374 111 29 Volkes
2867 378 65 33 sagt
2959 384 31 20 er
3016 379 92 27 dann:
3136 380 55 28 Die

2208 418 175 36 Schöpfung
2410 418 81 29 einer
2516 425 125 29 grossen
2668 420 237 36 unabhängigen,
2932 423 260 30 demokratischen

2209 463 106 30 Klasse
2359 472 60 21 von
2459 463 330 37 Kleingrundbesitzern
2827 465 37 29 ist
2907 467 46 28 die
2992 468 200 37 Hauptsache,

2208 509 121 29 obwohl
2365 517 105 21 unserr
2503 510 139 29 Politiker
2678 510 123 30 niemals
2839 512 91 28 daran
2966 514 126 28 denken.
3144 515 48 29 Ich

2207 554 49 28 bin
2295 555 163 35 zufrieden,
2495 564 87 21 wenn
2621 556 46 28 für
2691 556 140 29 Amerika
2869 557 87 29 freier
2983 559 115 29 Handel
3133 562 60 27 und

2205 599 91 29 freier
2331 600 195 30 Wettbewerb
2569 601 70 29 aller
2673 602 166 28 Ausländer
2879 602 47 29 ein
2962 602 230 38 integrierender

2207 644 62 29 Teil
2301 646 100 29 seiner
2427 646 105 29 Politik
2563 646 65 29 sein
2661 647 78 29 wird.
2792 648 54 29 Die
2873 649 132 28 Zukunft
3041 651 51 28 der
3117 651 76 30 Welt

2208 689 69 37 liegt
2303 690 39 29 im
2369 691 122 30 offenen
2524 693 93 28 freien
2644 693 134 29 Verkehr
2804 695 61 27 und
2891 693 28 29 in
2947 696 51 27 der
3024 696 169 30 Solidarität

2208 735 70 28 aller
2303 736 119 29 Völker.
2474 738 94 28 Wenn
2596 738 97 29 dieses
2719 739 138 32 Problem
2895 740 78 29 nicht
2999 740 28 29 in
3052 741 140 30 Amerika

2207 781 97 35 gelöst
2328 781 80 35 wird,
2434 783 80 28 kann
2541 791 33 20 es
2601 784 121 36 nirgend
2747 786 97 34 gelöst
2868 787 128 28 werden.

2283 854 88 28 Dann
2399 856 111 28 erzählt
2530 856 162 36 Carpenter
2717 866 58 20 von
2802 858 114 29 seinem
2943 859 108 29 letzten
3073 860 118 29 Besuch

2208 898 47 29 bei
2275 900 185 29 Whitmann:
2486 901 38 29 Er
2542 910 61 20 war
2621 903 70 28 sehr
2710 903 261 30 freundschaftlich
2991 906 61 27 und
3071 906 121 29 zärtlich

2209 945 61 28 und
2302 953 67 20 sass
2401 954 49 21 am
2484 947 121 29 offenen
2634 948 254 37 Parterrefenster,
2923 958 32 20 er
2986 957 112 30 genoss
3135 952 56 28 den

2206 989 131 30 frischen
2376 992 125 35 Luftzug
2539 994 60 27 und
2636 994 108 35 sprach
2784 995 72 28 über
2893 995 82 29 seine
3004 998 130 33 „Leaves
3160 997 32 28 of

2385 1038 85 34 „Was
2505 1037 95 30 hinter
2632 1041 58 26 den
2723 1040 199 30 Grashalmen
2957 1041 75 36 liegt,
3069 1043 122 29 können

2208 1081 71 28 sehr
2312 1082 71 28 sehr
2415 1082 122 37 wenige,
2573 1092 55 20 nur
2663 1084 63 30 hier
2761 1087 59 27 und
2857 1088 36 27 da
2919 1086 94 36 Einer,
3048 1087 144 30 vielleicht

2210 1135 49 20 am
2299 1128 125 28 ehesten
2465 1129 77 28 noch
2581 1130 124 35 Frauen,
2744 1131 120 35 greifen.
2916 1133 38 29 Es
2991 1133 69 36 liegt
3097 1133 96 29 hinter

2208 1171 85 38 jeder
2318 1173 90 35 Zeile,
2441 1175 73 27 aber
2543 1176 158 35 versteckt,
2735 1177 152 36 sorgfältig
2911 1180 156 33 versteckt,
3094 1178 98 30 indem

2209 1217 96 37 einige
2345 1219 88 29 Sätze
2478 1220 172 29 absichtlich
2697 1222 107 28 dunkel
2842 1223 138 35 gehalten
3018 1223 73 30 sind.
3145 1225 49 28 Ich

2209 1264 78 29 habe
2320 1265 27 28 in
2382 1265 113 29 meiner
2519 1267 94 28 Natur
2639 1270 91 26 etwas
2757 1267 145 36 Eilendes,
2929 1269 185 36 Fliehendes,
3138 1270 55 29 wie

2210 1309 46 29 ein
2284 1310 75 29 altes
2381 1312 97 28 Huhn.
2529 1313 72 28 Man
2627 1314 80 27 kann
2735 1314 46 28 ein
2803 1314 88 28 Huhn
2918 1322 38 21 an
2984 1315 80 28 einer
3090 1316 102 28 Hecke

2211 1356 51 27 auf
2288 1358 61 27 und
2375 1357 36 28 ab
2438 1359 140 28 wandern
2604 1359 105 35 sehen,
2731 1360 53 27 das
2810 1360 70 29 sehr
2906 1361 195 36 unbefriedigt
3126 1369 51 21 aus-

2209 1402 116 34 schaut,
2346 1402 72 29 aber
2437 1402 106 30 sobald
2564 1411 33 21 es
2618 1404 87 29 einen
2731 1406 206 33 verborgenen
2958 1406 80 28 Platz
3065 1406 129 35 erblickt,

2211 1447 59 36 legt
2308 1456 32 20 es
2380 1448 113 29 eilends
2532 1449 47 28 ein
2615 1449 32 30 Ei
2686 1452 59 27 und
2784 1452 70 34 geht
2880 1451 59 28 fort
2964 1452 44 28 als
3034 1453 38 28 ob
3102 1452 94 29 nichts

2209 1494 173 35 geschehen
2418 1495 52 28 sei.
2522 1495 41 29 So
2599 1496 92 28 fühlte
2728 1496 54 36 ich,
2814 1498 45 28 als
2896 1497 46 29 ich

2284 1604 163 36 Carpenter
2486 1606 111 28 erzählt
2637 1606 76 29 auch
2750 1615 60 20 von
2848 1606 115 29 seinem
2990 1607 117 29 Besuch
3147 1607 51 29 bei

2211 1650 101 29 Oliver
2350 1651 122 29 Wendel
2511 1652 141 29 Holmess
2697 1654 61 27 und
2796 1653 109 28 dessen
2943 1653 142 35 Meinung
3124 1653 73 28 über

2210 1696 165 30 Whitman:
2404 1697 139 35 „Neulich
2580 1698 174 35 plauderten
2780 1698 58 35 wir,
2865 1698 65 29 also
2957 1699 116 34 Lowell,
3101 1699 76 36 Long-

2210 1743 98 28 fellow
2347 1745 60 27 und
2455 1743 45 29 ich
2549 1752 175 20 zusammen
2773 1745 61 27 und
2872 1745 109 28 kamen
3020 1744 87 29 dabei
3145 1745 51 28 auf

2210 1789 149 29 Whitman
2386 1798 37 19 zu
2449 1790 155 35 sprechen.
2657 1790 107 28 Lowell
2796 1792 100 33 sagte:
2924 1790 65 35 „Ich
3015 1790 79 28 kann
3116 1790 79 28 nicht

2209 1836 168 34 verstehen,
2408 1843 113 21 warum
2554 1844 68 20 man
2655 1843 36 21 so
2717 1836 56 28 viel
2797 1836 174 28 Aufhebens
2996 1844 59 21 von
3083 1836 111 28 diesem

2212 1881 148 29 Whitman
2394 1882 107 28 macht.
2553 1882 48 28 Ich
2635 1882 77 28 habe
2746 1881 86 29 einen
2875 1884 89 33 guten
2997 1881 62 29 Teil
3098 1881 99 29 seiner

2213 1927 188 36 Dichtungen
2427 1928 130 35 gelesen,
2578 1928 72 28 aber
2676 1927 46 29 ich
2749 1928 79 28 kann
2857 1927 94 29 nichts
2978 1927 81 29 darin
3085 1927 111 34 finden,

2210 1973 46 29 ich
2289 1974 80 28 kann
2404 1973 94 28 nichts
2530 1973 100 29 finden
2658 1973 29 37 (J
2714 1976 68 26 cant
2813 1981 52 20 see
2898 1973 141 35 anything
3071 1972 27 29 in

2209 2020 47 28 Na
2288 2019 38 36 ja,
2361 2022 176 26 antwortete
2564 2019 190 36 Longfellow,
2789 2019 45 28 ich
2867 2019 106 35 glaube
3006 2019 104 34 schon,
3144 2020 51 27 der

2209 2066 94 29 Mann
2337 2073 82 20 muss
2452 2065 81 36 fähig
2564 2065 73 35 sein,
2665 2067 91 26 etwas
2783 2064 178 29 Gescheites
2987 2073 38 19 zu
3050 2064 146 35 schaffen,

2209 2119 87 21 wenn
2323 2119 32 20 er
2382 2111 65 29 eine
2473 2111 169 36 sorgfältige
2669 2111 167 34 Erziehung
2857 2110 131 28 erhalten

2284 2177 30 27 In
2349 2175 116 29 seinem
2502 2176 81 28 Buch
2616 2175 111 36 spricht
2752 2175 163 35 Carpenter
2940 2175 77 28 auch
3042 2182 59 21 von
3128 2175 67 27 dem

2210 2222 137 34 Einfluss,
2383 2224 57 26 den
2476 2222 186 29 Emerson
2698 2220 51 29 auf
2782 2220 148 29 Whitman
2963 2220 146 35 ausgeübt
3134 2220 60 28 hat.

2209 2270 147 28 Emerson
2391 2268 116 29 schrieb
2545 2267 125 29 nämlich
2707 2266 38 28 im
2782 2266 88 34 Jahre
2898 2265 70 29 1856
2997 2274 37 19 an
3060 2265 134 28 Thomas

2209 2315 115 36 Carlyle
2351 2314 87 29 einen
2466 2314 86 33 Brief,
2579 2313 29 29 in
2636 2314 68 27 dem
2730 2312 62 28 sich
2819 2312 140 35 folgende
2979 2311 88 29 Stelle
3087 2311 107 28 findet:

2211 2362 127 34 „Letzen
2371 2361 139 28 Sommer
2543 2359 135 28 erschien
2705 2358 28 28 in
2759 2358 169 29 New-York
2955 2356 46 29 ein
3029 2357 91 34 Buch,
3147 2356 47 28 ein

2208 2408 116 28 wahres
2348 2407 178 33 Monstrum,
2554 2406 52 27 das
2632 2403 202 30 schreckliche
2853 2403 103 35 Augen
2984 2403 60 28 und
3064 2402 130 29 Buffaio-

2210 2453 82 29 Kraft
2327 2453 81 28 hatte
2444 2453 61 27 und
2540 2450 219 29 unzweifelhaft
2794 2448 216 30 amerikanisch
3039 2456 69 27 war,
3135 2448 60 28 und

2210 2500 53 28 das
2298 2498 46 29 ich
2382 2498 41 28 dir
2458 2499 114 27 senden
2609 2497 129 28 möchte.
2785 2495 40 30 Es
2851 2494 93 29 heisst

2209 2544 37 29 ist
2283 2544 195 36 geschrieben
2518 2544 60 27 und
2615 2542 144 35 gedruckt
2796 2548 59 21 von
2895 2540 96 28 einem
3029 2539 165 28 fahrenden

2209 2591 212 29 Buchdrucker
2453 2589 28 29 in
2514 2589 161 35 Brooklyn,
2708 2587 183 33 New-York,
2931 2592 123 21 namens
3086 2584 110 29 Walter

2212 2636 163 33 Whitman;
2409 2637 38 27 du
2479 2634 79 30 wirst
2589 2634 139 35 glauben,
2755 2640 32 21 es
2813 2631 44 29 sei
2884 2632 51 28 der
2962 2631 124 35 Katalog
3112 2629 83 29 eines

2208 2682 269 34 Auktionshauses,
2504 2681 60 28 und
2591 2681 79 28 dann
2696 2679 110 28 kannst
2832 2679 39 27 du
2890 2676 83 37 ruhig
2994 2676 85 28 deine
3100 2676 92 28 Pfeife

2209 2730 92 28 daran

2283 2792 120 30 Endlich
2439 2791 144 29 berichtet
2618 2790 170 35 Carpenter,
2823 2795 61 22 was
2921 2787 78 35 John
3025 2786 170 29 Townsend

2208 2838 189 36 Trowpridge
2425 2846 28 20 in
2479 2836 104 30 seinen
2894 2841 59 21 von
2976 2832 148 29 Whitman
3151 2839 29 20 er-

2208 2885 93 29 zählt:
2319 2883 164 37 „Whitman
2496 2883 107 35 sprach
2624 2889 38 20 an
2685 2880 101 37 jenem
2808 2880 63 35 Tag
2892 2880 106 33 davon,
3018 2877 53 29 wie
3093 2885 31 20 er
3144 2876 52 28 mit

2209 2932 163 29 Emersons
2408 2928 146 30 Schriften
2587 2928 132 28 bekannt
2750 2926 110 28 wurde.
2917 2925 37 28 Er
2983 2923 142 29 arbeitete
3151 2922 43 28 als

2211 2977 223 28 Zimmermann
2461 2974 27 29 in
2516 2973 161 35 Brooklyn,
2711 2971 99 29 indem
2838 2979 31 20 er
2896 2970 49 28 auf
2973 2969 102 36 eigene
3103 2968 73 30 Rech-

2211 3029 78 29 nung
2316 3021 85 29 allein
2429 3020 135 29 einfache
2592 3018 160 29 Häuschen
2778 3017 47 28 für
2850 3015 134 30 Arbeiter
3009 3015 99 28 baute.
3140 3013 36 29 So-

2209 3069 68 28 bald
2314 3076 31 21 er
2381 3066 82 30 eines
2498 3064 85 36 fertig
2618 3064 91 35 hatte,
2744 3063 62 35 fing
2841 3071 31 20 er
2905 3061 46 29 ein
2985 3061 126 27 anderes
3147 3067 47 27 an,

2211 3114 161 30 Häuschen
2406 3121 58 21 von
2500 3111 72 29 zwei
2606 3110 44 29 bis
2684 3109 61 29 drei
2771 3108 159 29 Zimmern.
2982 3107 62 28 Das
3069 3113 61 22 war
3155 3104 39 29 im

2211 3161 90 35 Jahre
2329 3160 78 29 1854.
2459 3158 37 29 Er
2521 3165 60 22 war
2616 3156 112 28 damals
2755 3153 250 35 fünfunddreissig
3032 3152 88 35 Jahre
3146 3151 48 28 alt.

2210 3208 38 30 Er
2279 3207 78 29 lebte
2391 3214 38 20 zu
2462 3205 102 28 Hause
2597 3202 52 30 mit
2680 3201 99 30 seiner
2804 3201 118 29 Mutter.
2973 3198 77 29 Früh
3076 3197 68 37 ging
3164 3205 31 21 er

2209 3254 60 28 fort
2288 3260 52 20 zur
2365 3250 100 31 Arbeit
2491 3251 61 27 und
2577 3250 70 28 kam
2674 3248 113 28 abends
2815 3247 75 28 nach
2911 3245 82 29 Haus
3020 3243 51 30 mit
3096 3243 98 29 seiner

2211 3298 244 34 Kaffee-Kanne,
2488 3295 55 30 wie
2577 3295 47 29 ein
2655 3292 219 38 gewöhnlicher
2905 3290 142 30 Arbeiter.
3098 3288 95 30 Dabei

2210 3346 73 28 aber
2317 3346 66 33 trug
2422 3351 31 20 er
2491 3341 143 29 meistens
2670 3339 47 29 ein
2753 3339 81 29 Buch
2872 3338 59 27 und
2960 3336 147 29 zwischen
3133 3334 59 29 ihm

2211 3391 59 28 und
2309 3389 114 29 seinem
2463 3387 157 30 einfachen
2658 3386 82 29 Mahl
2777 3384 79 29 teilte
2897 3391 30 20 er
2966 3382 45 28 die
3048 3381 64 28 Zeit
3145 3382 51 26 der

2209 3436 242 35 Arbeitspausen.
2490 3433 113 29 Einmal
2630 3432 120 29 brachte
2778 3431 48 28 ihn
2853 3431 52 27 der
2924 3428 94 29 Zufall
3045 3427 46 28 ein
3111 3426 83 29 Buch

2211 3491 59 20 von
2297 3482 147 29 Emerson
2470 3480 28 28 in
2526 3479 46 29 die
2600 3479 114 28 Hände.
2765 3476 67 29 Und
2858 3475 56 28 seit
2940 3475 96 27 dieser
3062 3473 64 28 Zeit
3151 3473 43 26 las

2213 3537 31 20 er
2270 3527 108 29 keinen
2405 3527 132 28 anderen
2563 3523 215 30 Schriftsteller.
2816 3521 43 29 All
2884 3520 65 29 sein
2969 3519 225 29 unbestimmtes

2213 3574 120 28 Sehnen
2359 3572 79 36 jagte
2465 3571 77 29 beim
2564 3571 96 28 Lesen
2688 3568 95 29 dieser
2810 3566 259 29 elektrisierenden
3095 3564 101 28 Worte

2213 3620 28 28 in
2276 3619 153 29 Flammen
2466 3624 112 28 empor.
2629 3615 42 28 So
2708 3614 96 28 denke
2839 3612 63 29 sich
2938 3619 68 20 man
3043 3618 58 20 nun
3139 3610 56 27 den

2213 3665 231 33 Zimmermann,
2479 3664 51 27 der
2562 3662 50 28 auf
2637 3661 104 27 seinen
2768 3659 135 28 Brettern
2929 3657 74 33 sitzt,
3032 3655 46 28 die
3105 3654 91 28 Stulle

2213 3711 28 29 in
2269 3712 51 27 der
2347 3709 86 28 einen
2457 3709 60 27 und
2538 3708 45 28 die
2604 3706 223 29 Kaffee-Kanne
2848 3703 28 29 in
2897 3704 51 28 der
2968 3702 110 28 andern
3100 3701 95 27 Hand.

2213 3757 38 29 Er
2283 3756 134 36 gestand,
2450 3756 69 26 dass
2553 3762 30 20 er
2617 3751 121 30 niemals
2772 3750 120 29 Dichter
2924 3748 159 35 geworden
3108 3746 87 33 wäre,

2215 3803 55 28 ehe
2304 3810 31 19 er
2368 3800 62 29 sich
2459 3800 93 28 selbst
2577 3798 149 36 gefunden
2753 3796 89 33 hätte,
2869 3795 59 27 und
2955 3793 69 28 dass
3050 3791 145 29 Emerson

2215 3856 32 20 es
2272 3855 68 27 war,
2369 3847 51 28 der
2446 3846 59 28 ihm
2532 3844 67 34 half,
2626 3843 62 28 sich
2714 3842 92 27 selbst
2831 3848 39 19 zu
2895 3838 111 28 finden.

2288 3911 162 35 Carpenter
2481 3908 131 29 erwähnt
2645 3906 77 28 noch
2756 3904 45 28 die
2833 3903 108 27 letzten
2973 3902 107 34 langen
3107 3900 88 34 Jahre

2215 3958 52 27 der
2292 3955 207 36 beginnenden
2527 3953 137 34 Paralyse
2690 3949 173 34 Whitmans,
2890 3948 42 28 als
2959 3955 32 21 er
3017 3948 52 27 das
3097 3947 98 28 Leben

2214 4003 143 27 kommen
2396 4001 60 27 und
2490 3999 97 35 gehen
2623 3996 69 28 liess
2728 3995 50 28 mit
2813 3993 179 35 Gleichmut,
3022 3993 46 28 ein
3094 3992 101 32 Mann,

2216 4049 65 26 dem
2311 4046 45 29 die
2382 4044 185 35 Niedrigsten
2595 4042 96 27 nahen
2713 4040 124 34 durften,
2865 4040 51 27 der
2934 4047 58 20 von
3015 4038 180 32 Hunderten,

2216 4092 45 28 die
2288 4092 49 28 ihn
2363 4091 120 35 gelesen
2510 4090 109 32 hatten,
2645 4086 108 36 geliebt
2778 4086 108 33 wurde,
2912 4086 108 27 dessen
3039 4083 155 28 schwache

2215 4137 80 28 Seite
2323 4138 52 27 das
2402 4135 134 28 einfache
2557 4133 94 28 Volke
2677 4139 61 21 war
2762 4153 8 8 .
2796 4153 7 6 .
2830 4154 6 7 .
