3109 4361
150 195 701 264 THE
1024 195 955 264 MASK

155 508 99 96 A
328 505 701 102 MONTHLY
1108 505 642 99 LEAFLET
1804 503 175 101 OF

150 637 272 99 THE
468 637 282 99 ART
800 637 171 99 OF
1019 637 274 102 THE
1341 635 635 104 THEATRE

150 769 488 79 VOLUME
717 769 393 79 EIGHT:
1189 769 472 79 NUMBER
1748 769 228 79 ONE

150 873 582 82 ADDRESS:
790 873 242 79 BOX
1087 876 216 79 444.
1362 873 617 79 FLORENCE

320 1127 539 81 MOTTO

200 1276 183 64 GOD
414 1276 322 66 GRANT
759 1279 249 66 THAT

208 1365 140 66 WE
363 1368 216 63 MAY
586 1368 117 63 BE
718 1368 290 66 RIGHT

195 1454 178 63 FOR
449 1454 257 66 THOU
764 1457 246 63 DOST

195 1543 282 63 KNOW
586 1545 140 64 WE
812 1545 193 64 ARE

198 1632 805 68 DETERMINED

198 1723 198 64 NOT
459 1726 115 63 TO
637 1723 213 69 GIVE
906 1728 104 64 IN

288 1839 72 42 An
391 1840 68 43 old
491 1842 236 43 Scotsmans*
760 1861 150 36 prayer.

157 1992 1123 137 PREFATORY
1417 1997 552 127 NOTE.

156 2177 94 194 IN
301 2168 155 64 1908,
498 2169 173 71 nearly
711 2185 85 42 ten
835 2194 143 49 years
1018 2192 115 50 ago,
1231 2167 121 58 The
1393 2166 158 57 Mask
1651 2189 146 33 came
1851 2188 137 49 upon

229 2242 85 56 the
353 2267 155 33 scene
547 2245 124 55 with
709 2246 86 55 the
841 2244 262 73 following
1162 2265 220 50 purpose
1439 2240 304 58 announced
1799 2241 52 55 in
1905 2240 85 56 the

228 2316 262 76 following
529 2319 248 59 words....

483 2395 148 72 bring
670 2394 175 57 before
884 2418 65 33 an
986 2392 281 75 intelligent
1292 2391 175 72 public
1492 2413 150 48 many
1661 2392 203 54 ancient
1889 2388 103 58 and

313 2466 18 32 l!
364 2467 213 58 modern
614 2484 202 57 aspects
853 2468 53 56 of
941 2468 86 58 the
1066 2468 226 56 Theatre
1314 2491 22 31 s
1375 2468 104 54 Art
1517 2465 172 57 which
1738 2464 130 57 have
1907 2479 86 42 too

313 2541 20 33 n
367 2542 119 75 long
534 2543 136 57 been
735 2542 333 75 disregarded
1109 2566 56 33 or
1205 2541 267 74 forgotten.
1555 2538 110 57 Not
1702 2554 51 41 to
1781 2553 212 58 attempt

313 2615 20 33 ,!
367 2633 52 41 to
459 2620 145 55 assist
642 2621 51 54 in
732 2619 84 56 the
857 2617 253 57 so-called
1148 2616 184 57 reform
1371 2616 51 56 of
1460 2614 86 58 the
1598 2613 212 57 modern
1848 2613 108 57 The-

368 2707 183 52 atre,...
590 2693 75 57 for
702 2693 182 57 reform
922 2695 41 54 is
1003 2716 120 34 now
1180 2705 85 42 too
1323 2690 131 65 late;
1495 2703 88 43 not
1637 2703 51 42 to
1728 2711 266 34 announce

368 2768 216 57 theories
624 2767 172 58 which
833 2768 132 57 have
1004 2783 87 41 not
1145 2766 138 57 been
1327 2763 208 74 already
1590 2762 185 67 tested,
1816 2764 92 56 but
1944 2777 52 41 to

314 2844 20 33 n
369 2867 267 33 announce
694 2842 85 58 the
838 2844 259 55 existence
1138 2841 52 57 of
1247 2865 31 31 a
1329 2839 191 72 vitality
1566 2837 172 58 which
1790 2836 209 74 already

370 2918 179 72 begins
588 2933 52 41 to
678 2917 172 58 reveal
887 2917 134 57 itself
1058 2919 52 54 in
1148 2940 31 33 a
1224 2914 246 59 beautiful
1497 2912 100 57 and
1628 2912 207 57 definite
1874 2912 126 57 form

316 2992 20 33 ,!
384 2992 162 58 based
586 3016 138 49 upon
763 3016 65 33 an
864 2994 205 55 ancient
1105 2990 103 58 and
1245 2990 155 57 noble
1438 2987 255 58 tradition.

273 3072 113 58 We
426 3067 204 57 believe
657 3067 105 57 that
786 3091 84 33 we
909 3065 253 58 achieved
1202 3089 90 33 our
1349 3087 250 49 purpose:
1641 3062 101 57 and
1800 3084 198 35 n0w....

160 3161 195 127 THE
381 3143 176 72 object
594 3142 53 57 of
672 3142 86 57 the
798 3141 315 74 publication
1152 3142 41 54 is
1221 3156 52 40 to
1299 3138 157 58 travel
1496 3162 67 32 on
1590 3136 101 57 and
1733 3159 141 49 carry
1913 3160 84 33 on.

273 3223 41 56 It
376 3218 107 59 will
522 3242 140 48 carry
700 3241 67 33 on
805 3216 140 57 what
970 3218 37 54 it
1033 3230 76 42 set
1148 3230 86 41 out
1272 3230 52 40 to
1361 3213 101 57 do:
1505 3211 102 58 and
1646 3235 132 34 even
1817 3210 182 57 should

162 3302 38 54 it
238 3321 139 35 some
418 3294 103 72 day
558 3293 219 56 become
818 3290 260 58 endowed
1118 3289 101 57 and
1259 3290 112 56 thus
1412 3286 224 59 enabled
1675 3301 51 42 to
1766 3309 141 49 carry
1933 3309 65 33 on

162 3373 98 58 still
299 3373 254 70 longer....
619 3367 102 57 and
767 3367 96 56 this
901 3368 42 55 is
983 3368 62 55 its
1085 3364 206 58 wish....
1332 3364 85 56 the
1458 3377 73 42 art
1569 3365 42 54 is
1668 3386 56 32 so
1782 3361 120 74 long
1947 3375 52 42 to

162 3449 139 57 learn
341 3445 100 59 and
481 3444 85 57 the
606 3441 327 74 possibilities
972 3465 56 32 so
1079 3437 498 75 incomprehensibly
1628 3436 207 65 infinite,
1894 3434 106 57 that

162 3524 141 58 there
343 3520 106 59 will
488 3519 68 56 be
595 3543 67 32 no
699 3518 107 57 fear
843 3516 107 57 that
986 3518 37 53 it
1061 3514 108 57 will
1208 3538 120 33 ever
1366 3537 153 33 cease
1556 3528 51 41 to
1647 3511 68 57 be
1754 3507 227 61 needed.

277 3597 61 58 IT
377 3594 106 59 will
520 3594 76 57 for
635 3617 122 33 ever
795 3592 271 72 champion
1091 3590 87 56 the
1199 3592 212 61 artist,...
1434 3588 86 56 the
1541 3586 240 74 practical
1807 3608 117 34 man
1949 3584 53 57 of

163 3672 226 74 inspired
439 3669 146 58 ideas
609 3693 11 32 :
661 3671 38 53 it
737 3666 107 59 will
882 3667 76 57 for
996 3689 121 33 ever
1153 3665 136 71 keep
1310 3663 167 58 ahead
1517 3663 53 57 of
1607 3662 86 57 the
1711 3664 163 54 times:
1898 3658 101 58 and

165 3752 38 54 it
240 3747 107 58 will
392 3747 75 56 for
504 3744 86 57 the
628 3757 223 43 moment
889 3757 75 58 try
1001 3757 51 41 to
1098 3740 146 74 bring
1282 3739 152 57 home
1491 3753 51 42 to
1600 3761 64 33 an
1720 3735 284 73 intelligent

167 3823 192 72 public,
405 3836 51 42 at
492 3819 94 57 last
623 3817 287 59 awakened
950 3831 51 42 to
1041 3841 30 31 a
1110 3839 148 33 sense
1296 3814 54 57 of
1399 3837 151 48 many
1606 3811 174 59 values
1832 3809 173 59 which

169 3898 91 56 but
297 3912 86 41 too
423 3897 101 55 late
563 3918 140 34 were
744 3891 177 75 poorly
960 3890 195 73 prized,
1216 3889 85 57 the
1354 3887 267 74 particular
1677 3885 150 58 value
1872 3900 52 42 to
1974 3908 31 32 a

169 3976 186 62 nation,
384 3986 51 41 to
476 3995 30 32 a
546 3968 206 74 people,
780 3983 53 42 to
858 3966 259 65 mankind,
1145 3965 53 57 of
1222 3965 85 57 the
1347 3963 128 58 Arts
1499 3989 11 31 :
1553 3963 74 56 for
1652 3961 85 57 the
1764 3961 129 56 Arts
1921 3982 86 35 are

169 4049 85 56 the
294 4046 141 58 vivid
475 4046 296 71 expression
808 4042 53 57 of
899 4042 85 57 the
1024 4043 162 55 vision
1226 4039 51 58 of
1303 4064 31 32 a
1360 4038 190 73 people
1588 4038 270 56 victorious
1886 4057 123 35 over

170 4121 336 59 themselves:
537 4119 101 57 and
722 4118 174 57 where
924 4117 142 57 there
1105 4118 40 55 is
1172 4139 66 34 no
1264 4117 162 55 vision
1451 4114 87 57 the
1565 4112 190 74 people

1098 1064 80 43 TO
1210 1064 116 43 ALL
1367 1064 134 43 OUR
1545 1064 123 44 OLD
1707 1064 273 43 FRIENDS.

1241 1177 148 36 MASK
1429 1177 38 36 IS
1484 1176 247 36 REDUCED
1747 1177 49 35 IN
1813 1176 168 42 SIZE,...

1091 1252 124 42 FOR
1255 1252 193 43 WHAT
1486 1243 59 51 &
1578 1252 125 42 FOR
1749 1252 232 44 WHY?...

1100 1327 35 43 1.
1159 1327 128 53 Paper
1306 1329 30 40 is
1358 1344 93 37 very
1471 1344 130 25 scarce
1617 1345 10 25 :
1651 1325 79 44 and
1759 1344 79 37 you
1858 1344 65 27 see

1093 1386 41 43 2.
1168 1386 30 42 It
1218 1388 31 40 is
1269 1386 60 42 for
1350 1386 66 42 the
1436 1386 107 42 small
1565 1385 163 44 Pocket.
1752 1386 98 42 And
1870 1386 93 43 then

1093 1447 40 42 3.
1165 1446 91 42 The
1272 1445 186 43 Postman
1472 1463 73 24 can
1562 1463 108 36 carry
1685 1447 28 40 it
1730 1463 105 25 more
1851 1445 131 55 easily.

1093 1506 39 42 4.
1168 1505 172 48 Besides,
1364 1505 45 43 A
1430 1505 94 42 little
1547 1517 68 42 pot
1636 1508 29 38 is
1686 1523 97 24 soon
1804 1506 68 41 hot
1890 1505 77 43 and

1095 1565 39 43 5.
1166 1564 136 43 While
1324 1565 65 42 the
1420 1564 65 43 tall
1518 1565 103 43 maid
1653 1566 31 41 is
1712 1567 178 52 stooping
1920 1565 64 42 the

1092 1624 94 43 little
1215 1642 74 24 one
1321 1625 68 41 has
1419 1635 123 43 swept
1573 1625 66 41 the
1670 1624 134 42 house.
1828 1625 102 42 Also
1961 1643 23 23 a

1093 1684 93 43 little
1195 1684 139 42 leaven
1355 1683 205 43 leaveneth
1583 1684 64 42 the
1663 1684 131 42 whole
1816 1684 166 54 lump,...

1095 1744 80 42 that
1191 1745 106 53 lump
1308 1748 60 38 ?...
1376 1743 93 42 You
1486 1760 90 37 may
1592 1744 101 42 have
1705 1743 105 43 three
1822 1761 161 35 guesses.

1095 1806 147 51 ....give
1262 1805 27 41 it
1311 1806 115 51 up?.,
1449 1802 63 45 it's
1529 1814 67 31 not
1617 1821 120 25 me....
1762 1814 65 31 not
1844 1820 139 37 y0u....

1095 1863 93 49 Yes,
1220 1865 30 41 it
1280 1867 103 39 is!...
1413 1862 85 43 The
1529 1863 212 50 European
1781 1862 203 44 Theatre!

2026 183 192 45 WHAT
2265 184 97 44 WE
2407 184 176 44 HAVE
2633 186 85 44 TO
2764 184 121 46 SAY

2025 244 133 43 AND
2193 244 193 45 WHAT
2427 245 167 43 MUST
2625 245 73 44 BE
2728 245 184 44 DONE.

2039 351 235 66 IIfHAT
2289 370 94 25 man
2404 358 33 37 is
2458 353 105 43 there
2583 355 53 50 of
2658 370 94 35 you,
2789 353 127 44 whom

2040 409 61 26 **
2164 412 42 51 if
2219 412 60 42 his
2300 430 70 25 son
2392 412 74 51 ask
2487 412 135 51 bread,
2648 414 82 57 wij/.
2759 412 49 44 he
2829 417 89 49 give

2026 471 80 43 him
2138 489 27 25 a
2194 479 110 35 stone
2324 476 22 39 ?
2377 472 60 43 St.
2471 471 119 44 Matt.
2622 478 82 43 VII,
2735 472 43 44 9.

2060 598 34 44 1.
2139 597 194 55 Precisely
2353 598 107 43 what
2480 616 63 25 we
2562 597 84 43 said
2677 597 99 44 from
2804 597 110 44 1908

2135 668 40 31 to
2214 658 123 43 1915.

2053 718 40 42 2.
2134 716 107 44 That
2271 728 42 31 to
2344 716 161 44 exclude
2535 716 135 44 honest
2702 717 212 53 organizers

2140 777 76 42 and
2239 777 121 42 artists
2380 776 99 43 from
2500 777 65 42 the
2588 775 159 55 English
2776 775 109 43 Thea-

2140 847 56 31 tre
2224 838 31 40 is
2285 854 23 24 a
2338 835 176 45 blunder.

2054 896 39 44 3.
2140 895 106 43 That
2287 895 67 42 the
2393 895 173 43 Theatre
2608 893 139 44 Public
2791 904 125 33 wants

2144 955 97 42 both
2280 957 121 41 artists
2441 955 79 42 and
2561 955 272 53 organizers....
2865 952 50 43 all

2145 1014 84 43 that
2259 1031 73 26 can
2362 1014 51 43 be
2445 1013 138 44 found.

2056 1073 44 45 4.
2146 1073 107 44 That
2282 1091 79 38 you
2392 1085 98 32 must
2522 1072 110 44 think
2661 1071 143 54 longer,
2836 1070 80 44 and

2146 1133 52 43 be
2228 1151 130 26 aware
2388 1134 82 42 that
2503 1148 116 36 every
2640 1150 179 35 manager
2839 1130 78 44 and

2146 1210 117 37 every
2293 1204 108 32 actor
2437 1193 78 44 and
2554 1191 206 44 craftsman
2789 1192 31 42 is
2850 1200 69 34 not

2146 1270 51 24 an
2225 1254 116 41 artist.

2061 1313 39 43 5.
2147 1312 108 43 That
2287 1311 65 42 the
2383 1311 79 43 few
2491 1311 92 42 who
2615 1327 66 26 are
2709 1308 140 45 should
2870 1308 52 44 be

2147 1383 70 43 put
2248 1382 41 31 to
2321 1370 57 43 far
2409 1387 106 25 more
2545 1387 78 25 use.

2059 1432 41 43 6.
2147 1430 107 43 That
2275 1430 66 43 the
2373 1428 256 44 unsuccessful
2649 1430 79 54 city
2750 1445 89 27 men
2859 1445 65 25 are

2148 1501 67 31 not
2246 1490 66 42 the
2347 1490 214 53 organizers
2591 1506 62 25 we
2683 1500 120 31 want.

2061 1550 39 43 7.
2148 1550 107 42 That
2286 1548 108 44 there
2425 1566 64 25 are
2519 1559 68 32 not
2621 1565 105 25 more
2755 1547 94 43 than
2868 1548 55 42 six

2148 1608 191 43 first-class
2388 1609 213 52 organizers
2629 1607 93 43 who
2754 1625 73 25 can
2850 1623 48 26 un-

2148 1668 183 44 derstand
2362 1667 67 43 the
2460 1668 186 42 Theatre.

2060 1729 41 42 8.
2149 1727 107 43 That
2275 1727 108 43 there
2402 1745 65 25 are
2488 1738 68 31 not
2576 1744 107 25 more
2702 1727 95 42 than
2817 1725 107 43 three

2150 1786 363 55 English-speaking
2533 1788 120 42 artists
2668 1786 94 42 who
2782 1785 118 43 under-

2150 1847 113 44 stand
2295 1846 67 43 the
2394 1847 78 42 Art
2503 1846 43 43 of
2577 1846 66 42 the
2674 1846 187 43 Theatre.

2062 1908 41 43 9.
2151 1907 106 42 That
2289 1906 109 43 there
2428 1922 64 26 are
2529 1905 189 49 first-rate,
2759 1904 142 44 second-

2150 1978 94 36 rate,
2279 1965 223 49 tenth-rate,
2538 1964 79 43 and
2656 1983 79 37 any
2765 1964 162 43 number

2153 2025 42 43 of
2225 2027 147 52 grades.

2040 2086 64 43 10.
2153 2086 107 42 That
2292 2096 41 31 to
2365 2083 65 44 fail
2472 2094 40 33 to
2551 2083 224 55 distinguish
2822 2084 106 42 these

2151 2147 31 41 is
2212 2156 41 31 to
2285 2144 165 43 blunder
2482 2155 39 32 at
2552 2143 66 43 the
2653 2154 125 33 outset
2799 2145 79 43 and
2899 2145 31 41 is

2154 2215 67 32 not
2252 2202 239 44 economical
2519 2204 40 41 in
2590 2202 66 44 the
2684 2202 94 44 end.

2044 2264 61 44 11.
2151 2263 109 44 That
2280 2263 107 42 there
2407 2262 145 55 always
2573 2280 66 26 are
2674 2263 78 44 and
2784 2261 146 56 always

2156 2323 102 43 have
2314 2322 102 43 been
2475 2322 192 44 first-class
2717 2333 124 33 actors
2890 2324 40 40 in

2157 2381 193 57 England.

2044 2442 66 44 12.
2157 2443 109 43 That
2287 2440 178 56 England
2486 2441 82 50 has,
2589 2442 40 43 in
2649 2441 281 55 Shakespeare,

2157 2503 66 42 the
2253 2503 177 53 grandest
2465 2500 209 43 Dramatist
2696 2501 44 42 of
2760 2501 172 55 Europe,

2157 2562 71 43 but
2268 2562 84 42 that
2390 2561 66 42 the
2499 2561 158 54 English
2699 2560 142 55 people
2870 2578 67 26 are

2158 2632 68 32 not
2270 2620 169 43 allowed
2470 2632 40 31 to
2542 2620 137 43 realize
2710 2621 73 42 this
2799 2644 17 10 -
2834 2619 100 44 And

2161 2681 72 43 this
2263 2683 30 40 is
2326 2682 69 41 mis
2413 2704 16 10 -
2446 2679 125 44 called
2604 2680 262 43 LIBERTY.

2161 2741 107 43 That
2284 2741 66 42 the
2362 2742 143 45 nation,
2517 2741 122 42 minus
2651 2740 281 55 Shakespeare,

2162 2802 30 41 is
2221 2811 69 32 not
2320 2800 66 42 the
2416 2801 146 43 nation.

2162 2860 110 43 That
2302 2860 50 43 all
2383 2867 153 47 Europe
2566 2861 31 40 is
2627 2859 163 43 amazed
2811 2870 39 32 at
2872 2860 66 42 the

2166 2919 169 43 national
2355 2918 195 55 disregard
2572 2918 43 43 of
2635 2919 57 43 his
2713 2920 145 53 genius.

2166 2980 107 42 That
2313 2980 130 53 genius
2478 2980 31 41 is
2545 2997 23 25 a
2616 2978 171 44 national
2827 2990 113 38 asset,

2167 3050 66 33 not
2265 3057 24 25 a
2319 3056 104 25 mere
2454 3037 96 46 title.

2053 3101 65 44 13.
2166 3098 108 44 That
2323 3116 64 26 we
2439 3097 158 55 English
2655 3097 131 50 could,
2845 3097 97 45 with

2165 3161 103 46 time,
2310 3157 79 44 and
2425 3157 67 44 the
2532 3169 161 44 support
2744 3157 43 44 of
2832 3157 110 44 those

2165 3218 158 55 English
2364 3218 143 54 people
2552 3218 94 43 who
2685 3235 94 26 rave
2819 3217 122 44 about

2166 3279 66 43 the
2279 3278 164 43 Russian
2491 3277 138 50 Ballet,
2674 3277 104 44 have
2816 3296 25 25 a
2883 3277 58 44 far

2164 3338 162 55 grander
2362 3337 138 44 Ballet.

2054 3399 63 44 14.
2163 3391 108 51 That
2325 3397 155 44 Mimo-
2491 3397 150 43 Drama
2690 3415 44 26 or
2784 3396 156 44 Dumb-

2164 3459 127 43 Show
2320 3461 30 40 is
2381 3469 68 32 not
2481 3457 64 43 the
2575 3457 81 43 sole
2686 3468 185 44 property
2902 3457 43 43 of

2163 3517 189 44 excitable
2371 3516 182 45 southern
2573 3535 118 25 races.
2756 3516 87 44 Nor
2863 3534 82 27 was

2166 3587 11 15 4
2194 3578 196 44 Sumurun
2406 3577 10 12 *
2450 3577 65 43 che
2546 3577 92 54 only
2658 3575 167 56 possible
2846 3575 99 45 form

2166 3637 43 44 of
2230 3636 317 48 Mimo-Drama:
2571 3654 70 25 nor
2695 3636 92 43 The
2820 3636 100 43 Mira-

2166 3697 59 44 cle
2290 3696 212 55 England's
2533 3697 110 42 best!

2054 3759 64 45 15.
2165 3759 108 43 That
2304 3759 166 42 Censors
2500 3756 56 43 do
2586 3774 53 25 no
2669 3755 171 45 harm....
2871 3755 31 44 if
2923 3774 22 25 a

2170 3819 140 43 Public
2340 3818 68 44 has
2438 3815 224 56 conquered
2693 3815 112 45 itself.

2058 3881 64 43 16.
2169 3879 108 44 That
2298 3879 110 55 plays
2437 3876 131 45 which
2598 3876 144 55 preach
2773 3875 79 44 and
2882 3874 65 56 lay

2171 3940 122 43 down
2325 3939 65 43 the
2422 3938 77 42 law
2535 3937 122 43 about
2688 3935 150 56 politics
2868 3935 80 43 and

2172 3999 117 44 social
2340 3998 160 44 reforms
2549 4015 64 25 are
2659 3996 146 54 always
2850 4012 99 38 poor

2174 4060 109 55 plays
2313 4060 79 44 and
2425 4057 190 44 therefore
2636 4055 260 45 undesirable.

2061 4123 62 43 17.
2170 4121 108 44 That
2319 4119 66 44 the
2429 4118 173 44 Theatre
2631 4119 31 42 is
2693 4126 68 34 not
2790 4114 160 56 entirely
