5324 7142
635 6770 95 72 94

658 436 211 77 Aber
905 436 137 76 der
1079 436 263 76 Sturm
1381 437 238 76 läutet
1653 442 75 70 in
1767 437 139 76 der
1939 439 403 85 Ewigkeit.
2430 439 176 78 Und

661 571 142 54 aus
895 551 140 76 der
1103 551 217 76 Hölle
1414 552 366 75 zerbrüllt
1846 556 168 71 eine
2085 552 322 77 Stimme
2480 556 120 74 die

658 666 330 74 Fratzen
1025 666 137 74 der
1198 668 484 84 glorreichen
1716 668 200 74 Zeit:

754 788 430 86 „Offeriere
1265 788 525 76 freibleibend.
1895 789 474 75 Rembranüt
2447 811 153 53 von

751 903 206 85 Rijn:
1027 905 354 74 Christus
1443 903 378 85 vertreibt
1883 905 119 74 die
2065 905 337 74 Händler
2461 927 140 52 aus

752 1016 176 77 dem
1013 1018 318 86 Tempel
1420 1010 118 93 (B.
1623 1013 149 90 69).
1906 1020 695 83 Hervorragendes

751 1133 210 75 Blatt
998 1135 103 73 im
1144 1137 59 71 1.
1237 1133 176 75 Etat
1450 1133 95 75 M.
1584 1137 161 71 480.

1843 1270 193 75 Kurt
2085 1271 420 74 Liebmann

645 1466 524 94 Beethoven,
1227 1468 198 85 kein
1484 1467 350 86 Wiener
1892 1468 439 85 Klassiker

658 1611 265 86 „Denn
989 1634 112 65 so,
1167 1616 151 71 wie
1384 1612 120 77 die
1570 1612 315 75 Wiener
1951 1612 398 75 Klassiker
2414 1612 187 73 aller

654 1726 210 74 Welt
927 1728 366 84 gehören,
1353 1750 92 52 so
1506 1731 101 69 im
1668 1731 392 80 gewissen
2121 1728 220 72 Maße
2405 1728 195 72 auch

658 1843 138 76 das
849 1843 318 76 Wiener
1223 1841 447 88 Orchester,
1724 1843 139 74 das
1914 1863 142 53 vor
2107 1843 227 74 allem
2386 1843 214 74 diese

656 1958 398 74 Klassiker
1098 1956 381 76 klassisch
1519 1958 246 85 spielt,
1809 1958 207 73 nicht
2058 1958 284 73 zuletzt
2385 1958 215 73 darin

654 2075 169 71 eine
920 2071 367 75 kostbare
1386 2071 394 73 Tradition
1878 2071 356 85 lebendig
2329 2071 269 75 erhält.

654 2181 254 78 Wirkt
950 2208 87 53 es
1079 2185 198 74 doch
1316 2186 209 75 nicht
1565 2185 173 74 bloß
1780 2186 129 73 auf
1950 2185 318 76 Wiener
2305 2186 291 83 Boden,

654 2302 334 74 sondern
1042 2300 205 74 stellt
1301 2302 195 72 auch
1548 2305 166 69 eine
1765 2302 186 72 süße
2004 2302 284 72 Frucht
2341 2300 257 74 dieses

652 2417 315 74 Bodens
1027 2415 161 88 dar,
1245 2434 141 56 aus
1443 2415 176 75 dem
1679 2439 84 52 es
1819 2420 212 71 seine
2092 2417 223 73 Kraft
2369 2437 182 64 geso-

956 2530 132 73 Mit
1121 2530 293 75 diesem
1445 2530 207 73 nicht
1684 2530 552 83 unpoetischen
2270 2530 328 75 Worten

652 2645 199 75 wird
905 2645 120 77 die
1081 2645 186 82 süße
1323 2645 305 87 Frucht,
1685 2645 139 75 das
1878 2647 315 73 Wiener
2248 2645 305 73 Philhar-

651 2762 396 73 monische
1142 2759 447 86 Orchester,
1677 2783 95 50 zu
1863 2764 293 69 seinem
2246 2759 350 74 Berliner

652 2874 392 86 Gastspiel
1121 2896 155 54 von
1350 2876 249 72 Herrn
1653 2876 131 74 Dr.
1863 2876 239 86 Julius
2180 2872 415 87 Korngold,

649 2989 249 86 Wien,
934 2991 480 90 eingepackt.
1474 2991 140 73 Die
1645 2991 318 74 Wiener
1997 2989 398 75 Klassiker
2427 2987 169 77 sind

652 3106 197 73 auch
905 3111 215 68 sonst
1177 3104 351 75 ziemlich
1584 3104 337 73 bekannt
1980 3104 444 85 geworden,
2483 3108 110 69 sie

652 3218 273 73 heißen
961 3218 299 86 Häydn,
1294 3218 383 74 Schubert
1711 3218 150 73 und
1894 3218 479 74 Beethoven.
2452 3218 143 73 Die

651 3335 188 72 süße
888 3335 284 72 Frucht
1218 3333 268 74 wurde
1538 3355 152 51 von
1741 3333 612 74 verschiedenen
2402 3335 145 71 Her-

652 3470 136 51 ren
834 3451 365 80 geritten:
1254 3448 259 86 „Felix
1555 3448 545 83 Weingartner
2148 3448 266 83 ergriff
2459 3451 136 70 mit

652 3565 293 71 seinem
981 3565 281 81 jungen
1296 3560 682 86 Musikempfinden
2017 3560 120 74 die
2173 3561 234 83 Zügel
2444 3560 152 73 und

649 3677 159 74 hält
869 3682 112 71 sie
1042 3682 135 67 mit
1233 3677 148 74 den
1442 3677 740 83 Unterbrechungen
2241 3677 173 83 fest,
2498 3697 97 52 zu

651 3790 249 75 denen
937 3790 122 73 ihn
1099 3790 581 75 internationale
1716 3790 674 83 Verpflichtungen
2430 3797 124 66 ent-

1091 3905 323 76 Warum
1467 3905 139 75 soll
1660 3927 171 51 man
1892 3905 442 75 schließlich
2385 3905 208 73 nicht

651 4025 252 72 etwas
940 4025 134 70 mit
1111 4020 742 83 Unterbrechungen
1887 4020 437 87 festhalten,
2364 4041 227 52 wenn

649 4137 220 71 einen
903 4134 676 86 Verpflichtungen
1616 4134 423 76 entführen.
2071 4132 160 75 Das
2266 4137 97 71 ist
2397 4134 194 73 eben

649 4247 122 76 die
808 4247 319 76 Wiener
1166 4249 531 85 Leichtigkeit.

647 4364 229 75 Erich
917 4362 330 87 Kleiber,
1291 4362 137 75 der
1467 4362 349 75 Berliner
1856 4364 371 85 Dirigent,
2273 4364 142 73 ließ
2461 4386 87 49 zu-

647 4478 275 74 nächst
959 4478 122 74 die
1118 4478 235 84 Zügel
1394 4478 385 86 schießen,
1821 4500 125 50 um
1985 4478 139 72 das
2168 4478 425 74 Orchester

647 4591 381 74 klassisch
1064 4613 95 51 zu
1193 4591 347 74 machen.
1621 4593 183 74 Eine
1841 4591 413 86 Maschine,
2290 4591 120 73 die
2447 4591 143 73 alle

646 4704 213 75 Töne
895 4706 196 75 nach
1123 4704 249 77 Noten
1404 4728 153 53 von
1591 4706 165 75 sich
1785 4704 185 87 gibt.
2027 4704 280 88 Syrup.
2371 4704 219 77 Ohne

651 4820 448 74 Heiterkeit.
1218 4821 300 85 Haydn,
1614 4826 119 68 ein
1807 4821 537 75 Chorkonzert
2436 4842 152 52 von

649 4931 542 77 Oberlehrern.
1254 4933 198 76 Sehr
1486 4938 269 71 seriös.
1817 4935 554 74 Fachmusiker
2405 4955 139 53 nen-

647 5069 148 52 nen
852 5070 87 53 es
1000 5046 425 87 Stilgefühl.
1531 5048 143 75 Die
1733 5048 205 76 alten
1999 5048 591 85 Musikfreunde,

646 5162 154 74 und
832 5162 569 76 Musikfreunde
1440 5163 166 75 sind
1645 5168 269 70 immer
1951 5165 127 86 alt,
2114 5165 305 73 können
2454 5168 136 70 mit

649 5275 174 75 dem
866 5277 200 84 Kopf
1103 5282 101 68 im
1247 5277 291 84 Tempo
1577 5278 374 75 wackeln.
2038 5278 316 75 Hierauf
2395 5277 198 76 wird

649 5389 136 76 der
818 5390 393 76 Tradition
1247 5395 118 71 ein
1403 5397 321 73 zweites
1762 5394 240 84 Opfer
2033 5394 374 84 gebracht
2439 5394 152 72 und

646 5505 120 75 die
827 5505 799 88 H-Moll-Symphonie
1687 5531 151 52 von
1899 5509 404 86 Schubert,
2363 5509 180 74 über-

646 5624 271 81 tragen
962 5621 126 74 für
1135 5621 120 74 die
1304 5622 832 87 Ausbildungsklassen
2192 5624 137 74 des
2381 5626 156 72 Kon-

646 5737 584 83 servatoriums,
1289 5736 364 86 Ausgabe
1711 5737 120 75 für
1890 5737 317 75 Klavier
2263 5761 93 51 zu
2420 5742 168 70 vier

644 5846 345 89 Händen,
1040 5849 347 85 gespielt.
1484 5851 232 74 Diese
1768 5856 297 81 einzige
2115 5851 473 88 Symphonie

644 5961 139 74 des
879 5964 452 85 zitternden,
1430 5966 399 83 zagenden
1926 5966 327 90 Lebens,
2351 5968 239 74 deren

647 6076 293 85 Klänge
984 6098 137 56 aus
1166 6078 538 78 Wesenlosem
1746 6081 481 76 Gewesenes
2270 6105 93 51 zu
2403 6083 125 76 We-

646 6212 139 54 sen
832 6191 406 85 gestalten.

644 6301 213 80 Nach
905 6305 140 76 der
1089 6306 254 78 Pause
1392 6310 456 76 entschließt
1897 6313 164 73 sich
2110 6313 226 73 Erich
2386 6311 164 77 Klei-

642 6418 143 75 ber
878 6443 93 51 zu
1069 6421 432 87 dirigieren.
1645 6427 477 86 Beethoven,
2222 6427 364 76 Siebente

644 6532 496 88 Symphonie.
1252 6537 418 88 Jedenfalls
1728 6543 98 73 ist
1883 6543 121 73 ein
2065 6543 525 83 aufgeklärter

2842 444 295 85 Despot
3179 444 647 85 wirkungsvoller
3868 444 114 75 als
4024 447 166 72 eine
4236 444 548 75 unerklärbare

2840 557 417 75 Tradition.
3341 559 156 73 Der
3535 559 318 75 Wiener
3894 557 397 77 Klassiker
4330 559 458 75 Beethoven

2840 671 207 74 stellt
3096 671 200 74 doch
3347 673 206 72 nicht
3604 674 168 71 eine
3822 693 90 52 so
3961 673 187 72 süße
4198 673 285 74 Frucht
4530 673 258 74 dieses

2839 786 313 75 Bodens
3201 786 161 86 dar,
3408 808 138 54 aus
3592 786 176 75 dem
3812 786 139 76 das
3995 788 318 74 Wiener
4361 788 427 76 Orchester

2839 905 330 79 gesäugt
3233 905 163 69 sein
3460 901 163 73 soll.
3734 901 143 73 Die
3939 901 391 75 Maschine
4395 901 196 75 wird
4652 901 88 75 be-

2840 1035 303 66 wogen,
3191 1015 166 74 sich
3401 1037 95 52 zu
3538 1015 401 84 bewegen.
4029 1016 142 75 Die
4217 1015 569 78 Musikfreunde

2833 1128 322 75 werden
3184 1135 313 69 nervös.
3570 1130 481 84 Beethoven,
4081 1152 234 54 unser
4346 1130 188 76 aller
4566 1130 176 74 Klas-

2839 1243 230 87 siker,
3113 1243 311 75 wendet
3467 1243 630 88 Tanzrhythmen
4142 1267 119 64 an,
4307 1267 233 63 sogar
4583 1243 151 88 Syn-

2839 1357 276 88 kopen,
3165 1379 154 52 von
3372 1358 249 75 denen
3670 1380 176 53 man
3897 1360 333 85 glaubte,
4281 1358 146 75 daß
4481 1363 112 72 sie
4644 1382 144 53 uns

2840 1479 161 69 erst
3054 1472 240 76 durch
3345 1474 212 74 diese
3609 1474 427 77 verfluchte
4092 1475 445 87 Jazzmusik
4586 1475 200 75 nach

2839 1587 306 85 Europa
3225 1584 374 86 gebracht
3656 1592 236 71 seien.
3995 1590 457 73 Beethoven
4530 1589 258 84 bringt

2839 1700 213 75 Töne
3094 1724 469 65 zusammen,
3607 1702 122 76 die
3772 1702 147 76 den
3960 1702 621 76 Musikfreunden
4623 1726 108 52 we-

2837 1819 347 81 nigstens
3221 1817 209 73 nicht
3467 1838 758 66 zusammenpassen.
4263 1817 252 77 Wenn
4552 1819 188 75 Beet-

2839 1929 254 75 hoven
3160 1931 351 74 wirklich
3575 1932 327 85 gespielt
3966 1931 219 90 wird,
4251 1932 152 75 und
4468 1932 142 77 das
4672 1938 114 69 tut

2837 2044 332 88 Kleiber,
3225 2043 360 77 kommen
3641 2048 120 74 die
3812 2046 781 76 Beethovenfreunde
4647 2070 137 52 aus

2839 2159 174 73 dem
3125 2159 665 77 Musikhäuschen.
3899 2159 269 77 Nichts
4275 2163 216 73 mehr
4603 2183 136 53 vor-

2835 2273 302 76 handen
3172 2275 120 74 für
3330 2275 140 76 das
3506 2276 467 83 Eigenheim.
4058 2278 189 73 Kein
4285 2276 498 75 Mondschein

2835 2390 153 72 und
3049 2390 176 74 kein
3284 2390 315 76 Pathos.
3711 2391 455 75 Beethoven
4256 2393 276 73 richtet
4620 2393 163 73 sich

2835 2505 207 74 nicht
3093 2506 276 73 einmal
3418 2506 198 73 nach
3663 2506 142 75 der
3849 2506 353 85 Theorie,
4253 2506 121 73 die
4420 2529 176 50 man
4644 2529 139 52 aus

2833 2618 155 73 ihm
3023 2618 371 75 erfunden
3428 2620 152 73 hat.
3663 2620 219 73 Auch
3916 2620 247 74 Musik
4198 2622 173 71 muß
4410 2620 373 74 dressiert

2835 2732 341 86 werden,
3216 2755 229 53 wenn
3482 2737 110 73 sie
3631 2733 301 75 lieblich
3970 2738 100 70 im
4109 2733 328 77 Gemüte
4474 2735 309 85 klingen

2835 2847 161 74 soll.
3096 2849 215 72 Auch
3358 2849 456 76 Beethoven
3858 2850 203 73 kann
4105 2850 290 75 frisiert
4439 2850 342 75 werden.

2835 2959 141 74 Die
3032 2959 247 76 Musik
3335 2962 501 76 Beethovens
3894 2967 98 70 ist
4049 2964 188 74 aber
4293 2965 224 73 keine
4576 2964 164 74 klas-

2832 3075 254 75 sische
3118 3075 423 87 Stilübung.
3623 3077 130 75 Sie
3783 3082 97 71 ist
3914 3079 691 83 Hörbarmachung
4632 3077 154 75 und

2837 3191 459 86 Gestaltung
3333 3192 730 85 unzubändigender
4102 3194 416 74 Elemente.
4610 3196 130 72 Ein-

2832 3304 178 75 fach
3057 3306 581 76 unmittelbares
3685 3306 283 78 Leben.
4066 3307 510 75 Unmittelbar
4625 3313 120 69 ein-

2833 3419 268 75 faches
3160 3419 285 76 Leben.
3558 3421 163 76 Das
3782 3423 425 74 Orchester
4268 3423 327 74 braucht
4659 3423 122 74 die

2832 3534 257 88 Zügel,
3143 3558 127 49 um
3323 3536 120 73 für
3499 3536 141 76 das
3689 3538 530 83 Ungezügelte
4273 3538 511 84 freigemacht

2835 3670 95 51 zu
2988 3649 342 73 werden.
3443 3651 102 73 Es
3609 3651 176 73 muß
3849 3673 138 53 aus
4049 3655 256 71 seiner
4366 3651 218 75 Bahn
4649 3673 88 63 ge-

2835 3766 246 71 rissen
3128 3763 340 88 werden,
3516 3766 130 73 auf
3690 3765 136 74 der
3872 3787 84 52 es
4002 3770 96 69 im
4151 3768 271 73 Kreise
4469 3766 310 85 tänzelt,

2833 3876 99 75 da
2988 3898 86 55 es
3126 3878 209 75 nicht
3392 3885 278 69 tanzen
3724 3880 225 73 kann.
4058 3880 311 74 Kleiber
4447 3881 131 73 hat
4659 3881 120 73 die

2832 3992 565 79 künstlerische
3470 3992 148 76 Tat
3694 4000 255 80 getan,
4027 3995 121 74 die
4225 3995 248 74 Musik
4547 3997 186 72 Beet-

2830 4105 300 78 hovens
3176 4129 181 52 vom
3404 4107 593 83 Musikalischen
4044 4132 98 53 zu
4180 4108 364 78 befreien.

3883 4243 415 76 Herwarth
4354 4243 328 75 Walden

2820 4669 461 126 Etüden

3167 4856 355 76 Leben
3599 4858 193 79 und
3839 4853 359 76 Leben
4267 4856 375 76 lassen

3167 4969 340 77 Töten
3600 4975 200 71 und
3868 4976 264 73 Tote
4203 4976 562 83 begraben

2820 5111 515 88 Landschaft

2828 5276 104 77 Es
2981 5280 101 73 ist
3133 5282 120 71 ein
3308 5280 332 76 schöner
3687 5280 491 87 Nachmittag
4227 5284 139 74 das
4415 5282 213 76 Laub
4681 5287 100 73 ist

2830 5407 88 59 so
2986 5394 156 74 voll
3204 5399 146 71 wir
3414 5395 249 75 haben
3731 5399 198 73 noch
3995 5397 539 86 Spätsommer
4600 5397 179 78 bald

2827 5509 200 73 wird
3071 5527 84 58 es
3199 5510 305 75 welken
3550 5512 152 73 und
3746 5512 122 75 die
3910 5512 295 76 Linden
4247 5514 280 76 blühen
4569 5516 210 74 nicht

2828 5624 219 74 mehr
3113 5629 73 71 in
3252 5626 147 74 den
3462 5627 266 77 Alleen
3794 5631 184 84 liegt
4043 5631 267 84 gelbes
4374 5631 214 76 Laub
4656 5632 121 75 die

2827 5739 381 76 Fremden
3250 5742 166 73 sind
3458 5744 153 75 fort
3655 5742 394 87 Sonntags
4088 5749 98 71 ist
4229 5746 120 76 die
4393 5746 215 79 Stille
4656 5748 120 76 die

2828 5853 246 86 Vögel
3140 5859 268 82 singen
3474 5859 196 73 auch
3733 5861 208 73 nicht
4005 5864 112 71 sie
4183 5863 171 72 sind
4415 5868 112 69 tot
4589 5866 190 83 jetzt

2828 5969 226 87 spielt
3093 5974 167 72 eine
3301 5973 254 74 Zither
3595 5978 104 69 im
3739 5974 292 75 Garten
4071 5996 88 55 er
4195 5976 183 85 liegt
4415 5981 73 70 in
4527 5983 250 71 einem

2828 6085 205 74 alten
3096 6085 279 77 Schloß
3441 6090 131 72 auf
3628 6090 162 74 drei
3848 6090 266 74 Seiten
4175 6093 167 73 sind
4402 6091 372 78 Gebäude

2827 6203 198 71 nach
3079 6201 257 77 Süden
3389 6205 325 74 schließt
3768 6210 168 71 eine
3988 6206 266 77 Mauer
4307 6217 232 67 unten
4591 6212 186 84 liegt

2828 6315 139 73 der
3021 6315 149 76 See
3231 6318 136 75 der
3424 6318 327 87 Abhang
3807 6325 98 69 ist
3961 6323 171 73 steil
4188 6323 153 73 und
4396 6327 200 72 hoch
4652 6327 122 72 die

2827 6427 230 86 Segel
3110 6433 237 73 sehen
3399 6455 137 53 aus
3585 6438 151 72 wie
3785 6437 396 74 Fontänen
4232 6438 120 75 die
4403 6438 371 78 Gebäude

2827 6545 249 75 haben
3128 6552 168 69 eine
3352 6555 166 68 rote
3572 6550 247 75 Farbe
3873 6550 120 76 die
4048 6554 321 76 Fenster
4418 6557 170 73 sind
4640 6562 136 68 mit
