2537 4098
1269 430 0 0 463

248 529 301 62 courbes.
596 530 121 57 Des
767 526 188 61 lunes
1015 526 78 60 de
1157 544 160 57 sang
1386 522 188 62 caillé
1635 523 359 80 projettent
2041 525 158 61 hors

245 620 143 61 leur
419 639 178 42 cœur
630 620 109 58 des
766 617 264 79 phallus
1071 617 77 60 de
1184 616 221 61 safran
1435 617 150 59 dur.

329 713 75 59 Et
441 711 150 60 c'est
623 710 61 59 la
718 709 328 76 mystique
1080 708 372 78 apparition
1484 706 73 60 de
1584 708 62 58 la
1679 709 159 58 flore
1862 706 239 75 féroce,
2133 709 63 60 la

245 804 157 60 flore
432 818 407 61 vengeresse,
879 799 158 61 celle
1068 800 111 78 qui
1213 803 295 73 régnera,
1543 818 122 39 aux
1701 804 213 74 temps
1946 799 243 76 futurs,

247 898 188 72 après
479 910 122 59 que
640 889 63 59 la
742 889 142 60 bête
922 889 309 60 humaine
1267 893 59 57 et
1355 907 122 60 que
1512 889 381 61 l'animalité
1928 892 268 75 entière,

245 984 228 60 saisies
498 983 158 59 dans
673 981 93 59 les
788 981 495 59 innombrables
1305 981 362 59 tentacules
1692 982 109 60 des
1827 983 167 60 êtres
2017 986 152 76 végé-

244 1080 175 63 taux,
446 1078 235 55 auront
705 1073 269 78 disparu
1005 1072 76 58 de
1114 1073 62 59 la
1213 1071 264 77 planète
1513 1091 79 41 en
1632 1073 357 64 évolution.

327 1166 162 78 Déjà
534 1164 91 60 les
658 1165 294 76 citoyens
988 1164 309 77 hagards,
1333 1164 91 59 les
1457 1164 213 59 riches
1697 1167 60 57 et
1787 1165 93 59 les
1913 1174 287 64 savants,

245 1256 340 61 s'arrêtent
621 1255 239 60 devant
901 1254 63 58 la
995 1252 359 61 terrifiante
1400 1254 164 58 vitre
1607 1263 81 50 où
1734 1255 218 60 vivent
1995 1257 171 60 silen-

249 1350 273 71 cieuses,
569 1348 395 68 immobiles,
999 1346 92 60 les
1124 1346 197 60 fleurs
1354 1345 76 61 de
1474 1346 63 59 la
1574 1348 113 58 Yie
1724 1349 385 72 Prochaine,
2144 1353 61 57 et

248 1439 84 60 ils
364 1443 274 75 songent
663 1443 38 55 à
733 1456 104 40 ces
882 1442 216 54 autres
1126 1435 262 79 hydres,
1437 1454 103 42 ces
1570 1437 389 72 léviathans,
2001 1443 58 56 et
2100 1458 103 41 ces

248 1531 288 77 dragons
587 1533 220 56 contre
851 1528 111 77 qui
1014 1528 240 58 durent
1301 1527 358 59 combattre
1711 1529 89 59 les
1847 1529 220 75 héros,
2112 1531 93 59 les

251 1621 195 59 dieux
482 1623 59 57 et
567 1621 94 59 les
695 1619 207 60 saints
938 1619 76 59 de
1044 1623 212 55 toutes
1288 1618 93 59 les
1415 1618 318 79 religions
1766 1619 350 78 périmées.

329 1712 83 59 Ils
442 1711 465 77 ressurgiront,
954 1710 93 59 les
1080 1711 317 57 Monstres
1433 1710 76 59 de
1564 1710 66 58 la
1661 1711 540 61 transformation

248 1802 314 60 éternelle
637 1802 237 59 devant
950 1805 184 54 notre
1214 1799 446 62 descendance
1743 1802 266 61 effarée.
2087 1805 117 58 Les

248 1892 198 60 fleurs
480 1891 407 76 grandiront.

331 1983 168 59 Elles
525 1983 430 59 s'exalteront.
985 1983 199 58 Leurs
1203 1983 362 59 tentacules
1590 1981 381 61 s'armeront
2007 1984 165 77 d'épi-

247 2092 134 53 nes,
421 2092 249 43 comme
692 2073 96 61 les
812 2073 227 79 ongles
1065 2072 76 61 de
1169 2091 118 42 nos
1321 2074 300 60 ancêtres
1646 2092 65 41 se
1736 2079 148 55 sont
1907 2075 293 79 allongés

248 2168 60 57 et
358 2166 221 59 durcis
629 2163 264 80 jusqu'à
958 2163 267 61 devenir
1286 2164 110 59 des
1465 2164 273 76 glaives.
1800 2168 171 57 Dans
2022 2166 178 61 leurs

248 2256 170 59 seins
479 2256 113 59 des
647 2254 213 60 forces
930 2254 316 60 délétères
1306 2260 272 54 sauront
1620 2254 370 72 s'élaborer,
2050 2256 149 77 puis

245 2347 228 79 jaillir,
525 2350 58 57 et
635 2347 385 59 combattre.
1056 2348 76 56 Et
1171 2345 93 59 les
1297 2345 272 77 peuples
1599 2346 243 60 entiers
1875 2347 319 76 périront,

249 2455 252 42 comme
540 2436 93 61 les
670 2436 306 60 convives
1007 2435 511 77 d'Héliogobale,
1548 2453 148 41 sous
1730 2435 109 59 des
1872 2453 327 61 ouragans

249 2526 76 60 de
358 2526 298 78 parfums
687 2526 290 59 mortels.

328 2616 212 72 Aussi,
572 2615 284 79 hagards
897 2619 62 56 et
993 2615 242 75 tristes,
1273 2613 94 59 les
1410 2614 292 77 citoyens
1747 2614 109 60 des
1900 2615 258 78 républi-

252 2724 161 61 ques
483 2709 317 69 savantes,
854 2705 341 60 s'arrêtent
1255 2704 239 60 devant
1551 2704 58 60 le
1667 2723 146 41 mur
1875 2705 76 60 de
2011 2724 185 41 verre

251 2797 158 61 dont
459 2797 93 59 les
601 2795 273 60 biseaux
921 2795 191 59 lisses
1157 2794 421 60 contiennent
1621 2813 251 55 encore,
1937 2801 61 55 et
2031 2815 165 59 pour

249 2891 131 59 très
423 2905 125 61 peu
590 2887 76 60 de
710 2886 253 72 siècles,
1019 2886 63 59 la
1123 2883 232 61 fureur
1397 2884 393 63 absorbante
1835 2887 111 60 des
1988 2889 165 77 végé-

251 2985 152 52 taux
433 2977 240 60 fardés.

1526 3142 500 59 RAXI-FLASSAN.
