2537 4098
1191 383 116 57 443

286 540 288 61 diverses
626 539 200 77 faces,
882 543 275 58 tournée
1216 539 292 61 chacune
1554 558 149 42 vers
1747 556 125 42 une
1916 536 214 81 partie
2175 536 86 61 du

287 631 261 61 monde.

367 734 83 57 Le
486 732 242 77 dégoût
764 730 306 80 m'oblige
1105 737 36 54 à
1173 730 141 60 l'air
1348 730 192 74 libre,
1578 732 167 61 mais
1781 732 110 58 dix
1936 732 322 58 sénestres

281 823 274 61 tendues
611 842 97 41 me
765 824 268 60 barrent
1085 823 218 61 l'issue
1333 846 11 50 ;
1410 824 64 79 je
1541 823 189 61 laisse
1792 842 125 42 une
1974 821 273 62 illusion

284 913 160 63 dans
479 916 249 76 chaque
757 916 205 60 sébile
997 915 78 61 de
1105 916 183 60 chair
1317 918 60 59 et
1410 934 208 62 gagne
1656 916 60 60 le
1753 916 262 60 dehors.

362 1015 125 60 Sur
549 1015 57 60 le
666 1019 194 57 crâne
922 1016 77 60 de
1056 1016 65 59 la
1164 1020 376 75 montagne,
1601 1015 294 80 planant,
1946 1014 302 61 colombe

284 1110 179 56 entre
498 1106 172 60 deux
709 1108 353 77 éperviers,
1104 1108 191 61 Jésus
1329 1110 59 57 et
1428 1108 93 61 les
1556 1106 172 61 deux
1759 1109 309 57 Larrons.

361 1214 144 60 Afin
576 1214 325 63 d'assurer
949 1233 70 44 sa
1089 1216 230 61 tutelle
1373 1221 36 54 à
1447 1233 105 42 ma
1612 1216 286 72 fortune,
1956 1214 59 60 le
2065 1214 181 60 front

282 1305 162 60 dans
488 1325 122 40 une
654 1307 202 60 touffe
903 1307 77 60 de
1025 1308 206 79 thym,
1273 1307 65 76 je
1375 1306 217 80 plains
1634 1306 64 59 la
1740 1306 242 79 justice
2030 1305 221 60 divine

281 1395 232 62 d'ainsi
548 1397 172 78 pâtir
751 1405 178 53 entre
964 1398 165 60 deux
1168 1397 402 79 escogriffes.

362 1508 583 71 Cauteleusement,
976 1512 190 58 Jésus
1199 1508 200 77 glisse
1437 1506 87 60 du
1556 1508 203 78 gibet,
1804 1509 59 57 et
1895 1525 99 42 ses
2030 1506 220 78 doigts

282 1597 418 73 descendent,
750 1599 214 59 souris
1014 1598 441 72 inattendues,
1488 1598 251 58 fureter
1777 1597 161 59 dans
1977 1614 106 41 ma
2135 1595 77 59 be-

279 1705 168 53 sace,
484 1689 219 60 tandis
742 1708 121 59 que
901 1708 99 42 ses
1042 1691 289 76 acolytes
1366 1692 204 57 restés
1612 1707 77 42 en
1738 1689 174 59 croix
1952 1707 99 41 me
2100 1687 121 59 hur-

280 1778 129 60 lent
441 1779 563 61 fraternellement
1042 1800 12 39 :

361 1915 78 7 —
473 1880 363 61 Sauve-toi!

359 1990 135 60 Une
543 1990 147 60 hâte
734 1989 461 79 vertigineuse,
1246 2007 196 61 parce
1495 2007 122 60 que
1668 1988 65 59 la
1771 1993 193 72 pente
2010 1990 59 57 et
2112 1987 146 80 plus

275 2079 241 79 proche
572 2079 295 62 l'aimant
907 2082 60 58 et
1013 2080 63 60 la
1121 2080 234 61 besace
1402 2079 318 78 amaigrie
1771 2084 59 55 et
1886 2078 192 61 l'idée
2134 2096 123 61 que

276 2187 133 42 mes
453 2188 115 61 pas
618 2171 331 62 foulèrent
994 2171 312 78 jusqu'ici
1340 2171 93 61 les
1475 2169 424 61 broussailles
1946 2169 86 59 du
2088 2187 129 41 som-

272 2261 175 73 meil,
486 2281 101 42 me
625 2263 324 79 précipite
983 2281 146 42 vers
1162 2262 65 60 la
1263 2262 129 62 vie.

355 2364 71 58 Je
470 2381 217 55 cours,
740 2383 166 58 pour
949 2381 269 42 secouer
1267 2362 59 61 le
1371 2361 418 69 cauchemar,
1832 2362 150 58 sûre
2032 2362 77 60 de
2152 2384 101 42 me

272 2454 305 61 réveiller
616 2455 160 60 dans
811 2455 62 60 la
908 2455 178 60 saine
1121 2454 223 60 vérité.

364 2545 177 60 Voici
578 2547 209 59 l'aube
818 2547 109 58 des
952 2549 349 73 remparts,
1340 2544 211 60 enfin!

359 2637 116 58 Les
499 2638 294 58 battants
832 2637 76 58 de
941 2637 66 58 la
1039 2634 427 79 synthétique
1502 2634 124 60 cité
1664 2632 349 75 s'ouvrent,
2064 2638 156 60 e'nor-

276 2742 135 42 mes
444 2728 374 76 paupières.

359 2816 48 58 Il
436 2835 99 42 me
576 2817 244 60 semble
858 2816 184 61 choir
1076 2816 86 58 du
1192 2815 96 59 lit.

355 2907 72 59 Je
465 2909 140 58 vais
646 2909 180 58 vivre
853 2911 8 47 !

357 2999 363 68 Haletante,
736 2997 269 79 j'arrive
1032 3016 81 41 au
1146 2999 222 59 centre
1405 2996 86 60 du
1524 2996 219 61 forum
1775 2997 379 65 desforurns
2189 3006 59 57 et

277 3089 324 63 m'arrête.

366 3185 99 59 Ah
521 3201 146 61 que,
728 3180 234 79 depuis
1020 3183 98 56 cet
1164 3179 247 60 instant
1470 3179 76 60 de
1589 3180 281 60 solitude
1928 3184 197 59 emmi
2184 3203 69 42 ce

273 3281 182 78 large
491 3292 229 64 espace
757 3293 110 50 nu,
900 3272 64 78 je
1011 3270 391 78 comprends
1439 3270 64 60 la
1538 3273 225 60 brebis
1800 3274 330 78 paraphée
2162 3277 86 58 du

275 3373 205 78 préau
510 3370 9 55 !

356 3465 164 57 Tout
580 3461 237 56 autour
869 3455 76 58 de
999 3453 322 68 l'intruse,
1387 3452 62 60 la
1502 3460 303 64 couvant,
1857 3474 281 59 grappes
2191 3462 60 56 et

276 3569 281 61 grappes
613 3549 76 58 de
746 3547 184 70 têtes,
968 3579 78 8 —
1103 3549 37 53 à
1192 3542 376 79 s'imaginer
1601 3544 160 59 dans
1810 3564 88 40 un
1941 3546 311 78 vignoble

277 3644 258 76 d'yeux.
