<?xml version="1.0" encoding="UTF-8"?>
<alto xmlns:xsi="http://www.w3.org/2001/XMLSchema-instance" xmlns="http://www.loc.gov/standards/alto/ns-v2#" xsi:schemaLocation="http://www.loc.gov/standards/alto/ns-v2# http://www.loc.gov/standards/alto/alto-v2.0.xsd" xmlns:xlink="http://www.w3.org/1999/xlink">
	<Description>
		<MeasurementUnit>mm10</MeasurementUnit>
		<sourceImageInformation>
			<fileName>//fileserver7/IN2-2/Princeton/Batch7/bmtnaas/1893/11/25_01/00000495.tif</fileName>
		</sourceImageInformation>
		<OCRProcessing ID="OCRPROCESSING_1">
			<preProcessingStep>
				<processingSoftware>
					<softwareCreator>CCS Content Conversion Specialists GmbH, Germany</softwareCreator>
					<softwareName>CCS docWorks</softwareName>
					<softwareVersion>6.7-1.24</softwareVersion>
				</processingSoftware>
			</preProcessingStep>
			<ocrProcessingStep>
				<processingSoftware>
					<softwareCreator>ABBYY (BIT Software), Russia</softwareCreator>
					<softwareName>FineReader</softwareName>
					<softwareVersion>10.0</softwareVersion>
				</processingSoftware>
			</ocrProcessingStep>
		</OCRProcessing>
	</Description>
	<Styles>
		<TextStyle ID="TXT_0" FONTSIZE="22" FONTFAMILY="Times New Roman"/>
		<TextStyle ID="TXT_1" FONTSIZE="22" FONTFAMILY="Times New Roman" FONTSTYLE="italics"/>
		<ParagraphStyle ID="PAR_CENTER" ALIGN="Center"/>
		<ParagraphStyle ID="PAR_LEFT" ALIGN="Left"/>
	</Styles>
	<Layout>
		<Page ID="P21" PHYSICAL_IMG_NR="21" HEIGHT="4098" WIDTH="2537" PRINTED_IMG_NR="451" PC="0.927">
			<TopMargin ID="P21_TM00001" HPOS="0" VPOS="0" WIDTH="2537" HEIGHT="444">
				<TextBlock ID="P21_TB00001" HPOS="1222" VPOS="382" WIDTH="116" HEIGHT="59" STYLEREFS="TXT_0 PAR_CENTER">
					<TextLine ID="P21_TL00001" HPOS="1223" VPOS="383" WIDTH="114" HEIGHT="58">
						<String ID="P21_ST00001" HPOS="1223" VPOS="383" WIDTH="114" HEIGHT="58" CONTENT="451" WC="0.28" CC="677"/>
					</TextLine>
				</TextBlock>
			</TopMargin>
			<LeftMargin ID="P21_LM00001" HPOS="0" VPOS="444" WIDTH="276" HEIGHT="3267"/>
			<RightMargin ID="P21_RM00001" HPOS="2257" VPOS="444" WIDTH="280" HEIGHT="3267"/>
			<BottomMargin ID="P21_BM00001" HPOS="0" VPOS="3711" WIDTH="2537" HEIGHT="387"/>
			<PrintSpace ID="P21_PS00001" HPOS="276" VPOS="444" WIDTH="1981" HEIGHT="3267">
				<TextBlock ID="P21_TB00002" HPOS="276" VPOS="536" WIDTH="1981" HEIGHT="3175" STYLEREFS="TXT_0 PAR_LEFT">
					<TextLine ID="P21_TL00002" HPOS="371" VPOS="536" WIDTH="1886" HEIGHT="87">
						<String ID="P21_ST00002" HPOS="371" VPOS="539" WIDTH="338" HEIGHT="67" CONTENT="N'est-elle" WC="0.99" CC="6440030070"/>
						<SP ID="P21_SP00001" HPOS="709" VPOS="606" WIDTH="56"/>
						<String ID="P21_ST00003" HPOS="765" VPOS="558" WIDTH="140" HEIGHT="61" CONTENT="pas," WC="0.96" CC="5463"/>
						<SP ID="P21_SP00002" HPOS="905" VPOS="619" WIDTH="36"/>
						<String ID="P21_ST00004" HPOS="941" VPOS="539" WIDTH="144" HEIGHT="72" CONTENT="elle," WC="0.99" CC="50001"/>
						<SP ID="P21_SP00003" HPOS="1085" VPOS="619" WIDTH="41"/>
						<String ID="P21_ST00005" HPOS="1126" VPOS="537" WIDTH="39" HEIGHT="60" CONTENT="Y" WC="0.20" CC="7" STYLEREFS="TXT_1"/>
						<SP ID="P21_SP00004" HPOS="1165" VPOS="619" WIDTH="13"/>
						<String ID="P21_ST00006" HPOS="1178" VPOS="536" WIDTH="297" HEIGHT="87" CONTENT="Olympia" WC="0.99" CC="5024601" STYLEREFS="TXT_1"/>
						<SP ID="P21_SP00005" HPOS="1475" VPOS="623" WIDTH="52"/>
						<String ID="P21_ST00007" HPOS="1527" VPOS="539" WIDTH="419" HEIGHT="63" CONTENT="indifférente" WC="1.00" CC="244000060030"/>
						<SP ID="P21_SP00006" HPOS="1946" VPOS="623" WIDTH="46"/>
						<String ID="P21_ST00008" HPOS="1992" VPOS="541" WIDTH="161" HEIGHT="62" CONTENT="dans" WC="0.96" CC="6903"/>
						<SP ID="P21_SP00007" HPOS="2153" VPOS="623" WIDTH="34"/>
						<String ID="P21_ST00009" HPOS="2187" VPOS="562" WIDTH="70" HEIGHT="43" CONTENT="sa" WC="0.57" CC="08"/>
					</TextLine>
					<TextLine ID="P21_TL00003" HPOS="295" VPOS="630" WIDTH="1960" HEIGHT="71">
						<String ID="P21_ST00010" HPOS="295" VPOS="634" WIDTH="248" HEIGHT="61" CONTENT="bizarre" WC="0.98" CC="6002751"/>
						<SP ID="P21_SP00008" HPOS="543" VPOS="695" WIDTH="31"/>
						<String ID="P21_ST00011" HPOS="574" VPOS="633" WIDTH="261" HEIGHT="68" CONTENT="beauté," WC="0.99" CC="2006064"/>
						<SP ID="P21_SP00009" HPOS="835" VPOS="701" WIDTH="38"/>
						<String ID="P21_ST00012" HPOS="873" VPOS="634" WIDTH="162" HEIGHT="57" CONTENT="cette" WC="0.99" CC="03003"/>
						<SP ID="P21_SP00010" HPOS="1035" VPOS="701" WIDTH="36"/>
						<String ID="P21_ST00013" HPOS="1071" VPOS="630" WIDTH="237" HEIGHT="61" CONTENT="beauté" WC="0.98" CC="407640"/>
						<SP ID="P21_SP00011" HPOS="1308" VPOS="701" WIDTH="41"/>
						<String ID="P21_ST00014" HPOS="1349" VPOS="653" WIDTH="33" HEIGHT="37" CONTENT="«" WC="1.00" CC="0"/>
						<SP ID="P21_SP00012" HPOS="1382" VPOS="701" WIDTH="28"/>
						<String ID="P21_ST00015" HPOS="1410" VPOS="631" WIDTH="123" HEIGHT="61" CONTENT="dur" WC="1.00" CC="000"/>
						<SP ID="P21_SP00013" HPOS="1533" VPOS="701" WIDTH="23"/>
						<String ID="P21_ST00016" HPOS="1556" VPOS="633" WIDTH="169" HEIGHT="59" CONTENT="fléau" WC="0.98" CC="66300"/>
						<SP ID="P21_SP00014" HPOS="1725" VPOS="701" WIDTH="37"/>
						<String ID="P21_ST00017" HPOS="1762" VPOS="633" WIDTH="110" HEIGHT="59" CONTENT="des" WC="0.99" CC="300"/>
						<SP ID="P21_SP00015" HPOS="1872" VPOS="701" WIDTH="27"/>
						<String ID="P21_ST00018" HPOS="1899" VPOS="633" WIDTH="296" HEIGHT="62" CONTENT="hommes" WC="0.98" CC="753020"/>
						<SP ID="P21_SP00016" HPOS="2195" VPOS="701" WIDTH="27"/>
						<String ID="P21_ST00019" HPOS="2222" VPOS="656" WIDTH="33" HEIGHT="36" CONTENT="»" WC="0.73" CC="2"/>
					</TextLine>
					<TextLine ID="P21_TL00004" HPOS="292" VPOS="722" WIDTH="1423" HEIGHT="82">
						<String ID="P21_ST00020" HPOS="292" VPOS="725" WIDTH="110" HEIGHT="79" CONTENT="qui" WC="0.97" CC="501"/>
						<SP ID="P21_SP00017" HPOS="402" VPOS="804" WIDTH="33"/>
						<String ID="P21_ST00021" HPOS="435" VPOS="723" WIDTH="327" HEIGHT="80" CONTENT="supplicia" WC="0.99" CC="005731030"/>
						<SP ID="P21_SP00018" HPOS="762" VPOS="804" WIDTH="32"/>
						<String ID="P21_ST00022" HPOS="794" VPOS="723" WIDTH="58" HEIGHT="61" CONTENT="le" WC="0.96" CC="00"/>
						<SP ID="P21_SP00019" HPOS="852" VPOS="804" WIDTH="33"/>
						<String ID="P21_ST00023" HPOS="885" VPOS="727" WIDTH="188" HEIGHT="72" CONTENT="poète" WC="0.98" CC="03505"/>
						<SP ID="P21_SP00020" HPOS="1073" VPOS="804" WIDTH="33"/>
						<String ID="P21_ST00024" HPOS="1106" VPOS="722" WIDTH="265" HEIGHT="78" CONTENT="jusqu'à" WC="0.99" CC="5024006"/>
						<SP ID="P21_SP00021" HPOS="1371" VPOS="804" WIDTH="31"/>
						<String ID="P21_ST00025" HPOS="1402" VPOS="723" WIDTH="64" HEIGHT="61" CONTENT="la" WC="0.91" CC="10"/>
						<SP ID="P21_SP00022" HPOS="1466" VPOS="804" WIDTH="35"/>
						<String ID="P21_ST00026" HPOS="1501" VPOS="727" WIDTH="214" HEIGHT="58" CONTENT="mort?" WC="0.98" CC="04670"/>
					</TextLine>
					<TextLine ID="P21_TL00005" HPOS="372" VPOS="814" WIDTH="1880" HEIGHT="82">
						<String ID="P21_ST00027" HPOS="372" VPOS="819" WIDTH="98" HEIGHT="58" CONTENT="Eh" WC="0.68" CC="06"/>
						<SP ID="P21_SP00023" HPOS="470" VPOS="877" WIDTH="51"/>
						<String ID="P21_ST00028" HPOS="521" VPOS="818" WIDTH="175" HEIGHT="67" CONTENT="bien," WC="0.97" CC="60672"/>
						<SP ID="P21_SP00024" HPOS="696" VPOS="885" WIDTH="38"/>
						<String ID="P21_ST00029" HPOS="734" VPOS="816" WIDTH="78" HEIGHT="58" CONTENT="de" WC="1.00" CC="00"/>
						<SP ID="P21_SP00025" HPOS="812" VPOS="885" WIDTH="57"/>
						<String ID="P21_ST00030" HPOS="869" VPOS="817" WIDTH="208" HEIGHT="58" CONTENT="même" WC="0.99" CC="0102"/>
						<SP ID="P21_SP00026" HPOS="1077" VPOS="885" WIDTH="37"/>
						<String ID="P21_ST00031" HPOS="1114" VPOS="814" WIDTH="159" HEIGHT="79" CONTENT="qu'il" WC="0.98" CC="07004"/>
						<SP ID="P21_SP00027" HPOS="1273" VPOS="893" WIDTH="54"/>
						<String ID="P21_ST00032" HPOS="1327" VPOS="833" WIDTH="167" HEIGHT="44" CONTENT="nous" WC="0.99" CC="1300"/>
						<SP ID="P21_SP00028" HPOS="1494" VPOS="893" WIDTH="34"/>
						<String ID="P21_ST00033" HPOS="1528" VPOS="819" WIDTH="94" HEIGHT="56" CONTENT="est" WC="1.00" CC="000"/>
						<SP ID="P21_SP00029" HPOS="1622" VPOS="893" WIDTH="57"/>
						<String ID="P21_ST00034" HPOS="1679" VPOS="817" WIDTH="313" HEIGHT="79" CONTENT="précieux" WC="1.00" CC="00510000"/>
						<SP ID="P21_SP00030" HPOS="1992" VPOS="896" WIDTH="35"/>
						<String ID="P21_ST00035" HPOS="2027" VPOS="817" WIDTH="78" HEIGHT="61" CONTENT="de" WC="1.00" CC="00"/>
						<SP ID="P21_SP00031" HPOS="2105" VPOS="896" WIDTH="44"/>
						<String ID="P21_ST00036" HPOS="2149" VPOS="836" WIDTH="69" HEIGHT="43" CONTENT="re" SUBS_TYPE="HypPart1" SUBS_CONTENT="retrouver" WC="0.98" CC="00"/>
						<HYP HPOS="2218" VPOS="836" WIDTH="34" CONTENT="-"/>
					</TextLine>
					<TextLine ID="P21_TL00006" HPOS="291" VPOS="903" WIDTH="1962" HEIGHT="81">
						<String ID="P21_ST00037" HPOS="291" VPOS="912" WIDTH="262" HEIGHT="57" CONTENT="trouver" SUBS_TYPE="HypPart2" SUBS_CONTENT="retrouver" WC="0.98" CC="5630406"/>
						<SP ID="P21_SP00032" HPOS="553" VPOS="969" WIDTH="32"/>
						<String ID="P21_ST00038" HPOS="585" VPOS="907" WIDTH="160" HEIGHT="58" CONTENT="dans" WC="1.00" CC="0010"/>
						<SP ID="P21_SP00033" HPOS="745" VPOS="969" WIDTH="34"/>
						<String ID="P21_ST00039" HPOS="779" VPOS="904" WIDTH="60" HEIGHT="60" CONTENT="le" WC="1.00" CC="00"/>
						<SP ID="P21_SP00034" HPOS="839" VPOS="969" WIDTH="33"/>
						<String ID="P21_ST00040" HPOS="872" VPOS="903" WIDTH="261" HEIGHT="61" CONTENT="tableau" WC="0.99" CC="0070006"/>
						<SP ID="P21_SP00035" HPOS="1133" VPOS="969" WIDTH="31"/>
						<String ID="P21_ST00041" HPOS="1164" VPOS="906" WIDTH="76" HEIGHT="59" CONTENT="de" WC="1.00" CC="00"/>
						<SP ID="P21_SP00036" HPOS="1240" VPOS="969" WIDTH="42"/>
						<String ID="P21_ST00042" HPOS="1282" VPOS="907" WIDTH="212" HEIGHT="60" CONTENT="Manet" WC="0.64" CC="37600"/>
						<SP ID="P21_SP00037" HPOS="1494" VPOS="969" WIDTH="32"/>
						<String ID="P21_ST00043" HPOS="1526" VPOS="906" WIDTH="262" HEIGHT="78" CONTENT="l'image" WC="0.99" CC="0210062"/>
						<SP ID="P21_SP00038" HPOS="1788" VPOS="984" WIDTH="33"/>
						<String ID="P21_ST00044" HPOS="1821" VPOS="908" WIDTH="78" HEIGHT="60" CONTENT="de" WC="0.85" CC="02"/>
						<SP ID="P21_SP00039" HPOS="1899" VPOS="984" WIDTH="28"/>
						<String ID="P21_ST00045" HPOS="1927" VPOS="907" WIDTH="65" HEIGHT="60" CONTENT="la" WC="1.00" CC="00"/>
						<SP ID="P21_SP00040" HPOS="1992" VPOS="984" WIDTH="42"/>
						<String ID="P21_ST00046" HPOS="2034" VPOS="907" WIDTH="219" HEIGHT="62" CONTENT="Mœsta" WC="0.91" CC="00030" STYLEREFS="TXT_1"/>
					</TextLine>
					<TextLine ID="P21_TL00007" HPOS="289" VPOS="995" WIDTH="1966" HEIGHT="83">
						<String ID="P21_ST00047" HPOS="289" VPOS="1007" WIDTH="58" HEIGHT="52" CONTENT="et" WC="0.66" CC="32" STYLEREFS="TXT_1"/>
						<SP ID="P21_SP00041" HPOS="347" VPOS="1059" WIDTH="33"/>
						<String ID="P21_ST00048" HPOS="380" VPOS="995" WIDTH="354" HEIGHT="63" CONTENT="errabunda" WC="0.67" CC="433237500" STYLEREFS="TXT_1"/>
						<SP ID="P21_SP00042" HPOS="734" VPOS="1059" WIDTH="36"/>
						<String ID="P21_ST00049" HPOS="770" VPOS="997" WIDTH="77" HEIGHT="60" CONTENT="de" WC="1.00" CC="00"/>
						<SP ID="P21_SP00043" HPOS="847" VPOS="1059" WIDTH="52"/>
						<String ID="P21_ST00050" HPOS="899" VPOS="996" WIDTH="408" HEIGHT="75" CONTENT="Baudelaire," WC="0.99" CC="50006054600"/>
						<SP ID="P21_SP00044" HPOS="1307" VPOS="1071" WIDTH="37"/>
						<String ID="P21_ST00051" HPOS="1344" VPOS="997" WIDTH="77" HEIGHT="60" CONTENT="de" WC="1.00" CC="00"/>
						<SP ID="P21_SP00045" HPOS="1421" VPOS="1071" WIDTH="53"/>
						<String ID="P21_ST00052" HPOS="1474" VPOS="998" WIDTH="210" HEIGHT="61" CONTENT="même" WC="0.99" CC="0104"/>
						<SP ID="P21_SP00046" HPOS="1684" VPOS="1071" WIDTH="52"/>
						<String ID="P21_ST00053" HPOS="1736" VPOS="1017" WIDTH="519" HEIGHT="61" CONTENT="pouvons-nous" WC="0.99" CC="050640031500"/>
					</TextLine>
					<TextLine ID="P21_TL00008" HPOS="287" VPOS="1087" WIDTH="1968" HEIGHT="82">
						<String ID="P21_ST00054" HPOS="287" VPOS="1095" WIDTH="337" HEIGHT="55" CONTENT="retrouver" WC="0.99" CC="300430006"/>
						<SP ID="P21_SP00047" HPOS="624" VPOS="1150" WIDTH="38"/>
						<String ID="P21_ST00055" HPOS="662" VPOS="1087" WIDTH="161" HEIGHT="60" CONTENT="dans" WC="0.99" CC="0050"/>
						<SP ID="P21_SP00048" HPOS="823" VPOS="1150" WIDTH="29"/>
						<String ID="P21_ST00056" HPOS="852" VPOS="1105" WIDTH="105" HEIGHT="42" CONTENT="ces" WC="1.00" CC="000"/>
						<SP ID="P21_SP00049" HPOS="957" VPOS="1150" WIDTH="33"/>
						<String ID="P21_ST00057" HPOS="990" VPOS="1087" WIDTH="190" HEIGHT="61" CONTENT="toiles" WC="1.00" CC="012020"/>
						<SP ID="P21_SP00050" HPOS="1180" VPOS="1150" WIDTH="28"/>
						<String ID="P21_ST00058" HPOS="1208" VPOS="1089" WIDTH="86" HEIGHT="58" CONTENT="du" WC="0.71" CC="05"/>
						<SP ID="P21_SP00051" HPOS="1294" VPOS="1150" WIDTH="50"/>
						<String ID="P21_ST00059" HPOS="1344" VPOS="1089" WIDTH="264" HEIGHT="61" CONTENT="dernier" WC="0.98" CC="0090506"/>
						<SP ID="P21_SP00052" HPOS="1608" VPOS="1150" WIDTH="57"/>
						<String ID="P21_ST00060" HPOS="1665" VPOS="1090" WIDTH="249" HEIGHT="79" CONTENT="Champ" WC="0.97" CC="66800"/>
						<SP ID="P21_SP00053" HPOS="1914" VPOS="1169" WIDTH="41"/>
						<String ID="P21_ST00061" HPOS="1955" VPOS="1091" WIDTH="76" HEIGHT="60" CONTENT="de" WC="0.82" CC="03"/>
						<SP ID="P21_SP00054" HPOS="2031" VPOS="1169" WIDTH="55"/>
						<String ID="P21_ST00062" HPOS="2086" VPOS="1094" WIDTH="169" HEIGHT="59" CONTENT="Mars" WC="0.99" CC="0060"/>
					</TextLine>
					<TextLine ID="P21_TL00009" HPOS="287" VPOS="1178" WIDTH="1968" HEIGHT="82">
						<String ID="P21_ST00063" HPOS="287" VPOS="1181" WIDTH="77" HEIGHT="60" CONTENT="de" WC="1.00" CC="00"/>
						<SP ID="P21_SP00055" HPOS="364" VPOS="1241" WIDTH="33"/>
						<String ID="P21_ST00064" HPOS="397" VPOS="1183" WIDTH="77" HEIGHT="58" CONTENT="M." WC="0.74" CC="40"/>
						<SP ID="P21_SP00056" HPOS="474" VPOS="1241" WIDTH="18"/>
						<String ID="P21_ST00065" HPOS="492" VPOS="1180" WIDTH="76" HEIGHT="61" CONTENT="de" WC="1.00" CC="00"/>
						<SP ID="P21_SP00057" HPOS="568" VPOS="1241" WIDTH="38"/>
						<String ID="P21_ST00066" HPOS="606" VPOS="1183" WIDTH="88" HEIGHT="58" CONTENT="La" WC="0.46" CC="46"/>
						<SP ID="P21_SP00058" HPOS="694" VPOS="1241" WIDTH="28"/>
						<String ID="P21_ST00067" HPOS="722" VPOS="1179" WIDTH="322" HEIGHT="71" CONTENT="Gandara," WC="0.79" CC="70000701"/>
						<SP ID="P21_SP00059" HPOS="1044" VPOS="1250" WIDTH="22"/>
						<String ID="P21_ST00068" HPOS="1066" VPOS="1178" WIDTH="160" HEIGHT="62" CONTENT="dans" WC="1.00" CC="0000"/>
						<SP ID="P21_SP00060" HPOS="1226" VPOS="1250" WIDTH="30"/>
						<String ID="P21_ST00069" HPOS="1256" VPOS="1198" WIDTH="103" HEIGHT="42" CONTENT="ces" WC="1.00" CC="000"/>
						<SP ID="P21_SP00061" HPOS="1359" VPOS="1250" WIDTH="34"/>
						<String ID="P21_ST00070" HPOS="1393" VPOS="1180" WIDTH="164" HEIGHT="61" CONTENT="trois" WC="0.99" CC="05300"/>
						<SP ID="P21_SP00062" HPOS="1557" VPOS="1250" WIDTH="32"/>
						<String ID="P21_ST00071" HPOS="1589" VPOS="1181" WIDTH="315" HEIGHT="79" CONTENT="portraits" WC="1.00" CC="005000070"/>
						<SP ID="P21_SP00063" HPOS="1904" VPOS="1260" WIDTH="25"/>
						<String ID="P21_ST00072" HPOS="1929" VPOS="1199" WIDTH="12" HEIGHT="41" CONTENT=":" WC="1.00" CC="0"/>
						<SP ID="P21_SP00064" HPOS="1941" VPOS="1260" WIDTH="30"/>
						<String ID="P21_ST00073" HPOS="1971" VPOS="1181" WIDTH="57" HEIGHT="60" CONTENT="la" WC="0.64" CC="70" STYLEREFS="TXT_1"/>
						<SP ID="P21_SP00065" HPOS="2028" VPOS="1260" WIDTH="34"/>
						<String ID="P21_ST00074" HPOS="2062" VPOS="1181" WIDTH="193" HEIGHT="63" CONTENT="Dame" WC="0.97" CC="0064" STYLEREFS="TXT_1"/>
					</TextLine>
					<TextLine ID="P21_TL00010" HPOS="286" VPOS="1268" WIDTH="1966" HEIGHT="81">
						<String ID="P21_ST00075" HPOS="286" VPOS="1292" WIDTH="74" HEIGHT="39" CONTENT="en" WC="0.67" CC="06" STYLEREFS="TXT_1"/>
						<SP ID="P21_SP00066" HPOS="360" VPOS="1331" WIDTH="33"/>
						<String ID="P21_ST00076" HPOS="393" VPOS="1282" WIDTH="153" HEIGHT="61" CONTENT="vert," WC="0.99" CC="40320" STYLEREFS="TXT_1"/>
						<SP ID="P21_SP00067" HPOS="546" VPOS="1343" WIDTH="42"/>
						<String ID="P21_ST00077" HPOS="588" VPOS="1270" WIDTH="61" HEIGHT="60" CONTENT="la" WC="0.82" CC="03" STYLEREFS="TXT_1"/>
						<SP ID="P21_SP00068" HPOS="649" VPOS="1343" WIDTH="43"/>
						<String ID="P21_ST00078" HPOS="692" VPOS="1268" WIDTH="204" HEIGHT="61" CONTENT="Dame" WC="0.97" CC="1840" STYLEREFS="TXT_1"/>
						<SP ID="P21_SP00069" HPOS="896" VPOS="1343" WIDTH="31"/>
						<String ID="P21_ST00079" HPOS="927" VPOS="1289" WIDTH="74" HEIGHT="41" CONTENT="en" WC="0.78" CC="04" STYLEREFS="TXT_1"/>
						<SP ID="P21_SP00070" HPOS="1001" VPOS="1343" WIDTH="202"/>
						<String ID="P21_ST00080" HPOS="1203" VPOS="1268" WIDTH="775" HEIGHT="81" CONTENT="noir,iEnfant" WC="0.99" CC="975238463051" STYLEREFS="TXT_1"/>
						<SP ID="P21_SP00071" HPOS="1978" VPOS="1349" WIDTH="-375"/>
						<String ID="P21_ST00081" HPOS="1603" VPOS="1291" WIDTH="72" HEIGHT="40" CONTENT="en" WC="1.00" CC="00" STYLEREFS="TXT_1"/>
						<SP ID="P21_SP00072" HPOS="1978" VPOS="1349" WIDTH="-46"/>
						<String ID="P21_ST00082" HPOS="1932" VPOS="1324" WIDTH="10" HEIGHT="24" CONTENT="," WC="1.00" CC="0"/>
						<SP ID="P21_SP00073" HPOS="1978" VPOS="1349" WIDTH="12"/>
						<String ID="P21_ST00083" HPOS="1990" VPOS="1277" WIDTH="262" HEIGHT="58" CONTENT="surtout" WC="0.99" CC="0600265"/>
					</TextLine>
					<TextLine ID="P21_TL00011" HPOS="287" VPOS="1360" WIDTH="1961" HEIGHT="82">
						<String ID="P21_ST00084" HPOS="287" VPOS="1364" WIDTH="162" HEIGHT="60" CONTENT="dans" WC="1.00" CC="0000"/>
						<SP ID="P21_SP00074" HPOS="449" VPOS="1424" WIDTH="30"/>
						<String ID="P21_ST00085" HPOS="479" VPOS="1363" WIDTH="67" HEIGHT="60" CONTENT="la" WC="0.28" CC="49"/>
						<SP ID="P21_SP00075" HPOS="546" VPOS="1424" WIDTH="27"/>
						<String ID="P21_ST00086" HPOS="573" VPOS="1362" WIDTH="321" HEIGHT="78" CONTENT="première" WC="0.99" CC="04000643"/>
						<SP ID="P21_SP00076" HPOS="894" VPOS="1440" WIDTH="36"/>
						<String ID="P21_ST00087" HPOS="930" VPOS="1364" WIDTH="60" HEIGHT="57" CONTENT="et" WC="0.70" CC="50"/>
						<SP ID="P21_SP00077" HPOS="990" VPOS="1440" WIDTH="30"/>
						<String ID="P21_ST00088" HPOS="1020" VPOS="1360" WIDTH="67" HEIGHT="60" CONTENT="la" WC="0.90" CC="20"/>
						<SP ID="P21_SP00078" HPOS="1087" VPOS="1440" WIDTH="55"/>
						<String ID="P21_ST00089" HPOS="1142" VPOS="1362" WIDTH="320" HEIGHT="72" CONTENT="dernière," WC="0.99" CC="076000540"/>
						<SP ID="P21_SP00079" HPOS="1462" VPOS="1440" WIDTH="37"/>
						<String ID="P21_ST00090" HPOS="1499" VPOS="1362" WIDTH="258" HEIGHT="80" CONTENT="l'image" WC="0.98" CC="0059096"/>
						<SP ID="P21_SP00080" HPOS="1757" VPOS="1442" WIDTH="56"/>
						<String ID="P21_ST00091" HPOS="1813" VPOS="1364" WIDTH="110" HEIGHT="60" CONTENT="des" WC="0.98" CC="040"/>
						<SP ID="P21_SP00081" HPOS="1923" VPOS="1442" WIDTH="47"/>
						<String ID="P21_ST00092" HPOS="1970" VPOS="1364" WIDTH="278" HEIGHT="61" CONTENT="femmes" WC="0.99" CC="630040"/>
					</TextLine>
					<TextLine ID="P21_TL00012" HPOS="286" VPOS="1453" WIDTH="1962" HEIGHT="79">
						<String ID="P21_ST00093" HPOS="286" VPOS="1457" WIDTH="225" HEIGHT="58" CONTENT="chères" WC="0.99" CC="200510"/>
						<SP ID="P21_SP00082" HPOS="511" VPOS="1515" WIDTH="46"/>
						<String ID="P21_ST00094" HPOS="557" VPOS="1461" WIDTH="38" HEIGHT="53" CONTENT="à" WC="1.00" CC="9"/>
						<SP ID="P21_SP00083" HPOS="595" VPOS="1515" WIDTH="50"/>
						<String ID="P21_ST00095" HPOS="645" VPOS="1453" WIDTH="213" HEIGHT="79" CONTENT="Edgar" WC="0.99" CC="00900"/>
						<SP ID="P21_SP00084" HPOS="858" VPOS="1532" WIDTH="59"/>
						<String ID="P21_ST00096" HPOS="917" VPOS="1454" WIDTH="153" HEIGHT="73" CONTENT="Poë," WC="0.65" CC="3460"/>
						<SP ID="P21_SP00085" HPOS="1070" VPOS="1532" WIDTH="36"/>
						<String ID="P21_ST00097" HPOS="1106" VPOS="1453" WIDTH="219" HEIGHT="79" CONTENT="Ligeia" WC="0.90" CC="000005"/>
						<SP ID="P21_SP00086" HPOS="1325" VPOS="1532" WIDTH="51"/>
						<String ID="P21_ST00098" HPOS="1376" VPOS="1471" WIDTH="84" HEIGHT="42" CONTENT="ou" WC="0.50" CC="36"/>
						<SP ID="P21_SP00087" HPOS="1460" VPOS="1532" WIDTH="48"/>
						<String ID="P21_ST00099" HPOS="1508" VPOS="1454" WIDTH="293" HEIGHT="74" CONTENT="Morella," WC="0.56" CC="03705692"/>
						<SP ID="P21_SP00088" HPOS="1801" VPOS="1532" WIDTH="46"/>
						<String ID="P21_ST00100" HPOS="1847" VPOS="1457" WIDTH="262" HEIGHT="58" CONTENT="Béatrix" WC="0.79" CC="5044000"/>
						<SP ID="P21_SP00089" HPOS="2109" VPOS="1532" WIDTH="55"/>
						<String ID="P21_ST00101" HPOS="2164" VPOS="1475" WIDTH="84" HEIGHT="42" CONTENT="ou" WC="0.86" CC="20"/>
					</TextLine>
					<TextLine ID="P21_TL00013" HPOS="284" VPOS="1543" WIDTH="1959" HEIGHT="84">
						<String ID="P21_ST00102" HPOS="284" VPOS="1546" WIDTH="344" HEIGHT="62" CONTENT="Eléonora." WC="0.61" CC="600455506"/>
						<SP ID="P21_SP00090" HPOS="628" VPOS="1608" WIDTH="19"/>
						<String ID="P21_ST00103" HPOS="647" VPOS="1545" WIDTH="242" HEIGHT="59" CONTENT="C'estla" WC="0.69" CC="4300409"/>
						<SP ID="P21_SP00091" HPOS="889" VPOS="1608" WIDTH="19"/>
						<String ID="P21_ST00104" HPOS="908" VPOS="1546" WIDTH="210" HEIGHT="58" CONTENT="même" WC="0.99" CC="0600"/>
						<SP ID="P21_SP00092" HPOS="1118" VPOS="1608" WIDTH="27"/>
						<String ID="P21_ST00105" HPOS="1145" VPOS="1543" WIDTH="254" HEIGHT="61" CONTENT="hantise" WC="0.99" CC="0043712"/>
						<SP ID="P21_SP00093" HPOS="1399" VPOS="1608" WIDTH="28"/>
						<String ID="P21_ST00106" HPOS="1427" VPOS="1545" WIDTH="86" HEIGHT="61" CONTENT="du" WC="0.70" CC="05"/>
						<SP ID="P21_SP00094" HPOS="1513" VPOS="1608" WIDTH="19"/>
						<String ID="P21_ST00107" HPOS="1532" VPOS="1550" WIDTH="284" HEIGHT="75" CONTENT="mystère" WC="0.98" CC="0502665"/>
						<SP ID="P21_SP00095" HPOS="1816" VPOS="1625" WIDTH="22"/>
						<String ID="P21_ST00108" HPOS="1838" VPOS="1547" WIDTH="109" HEIGHT="60" CONTENT="des" WC="0.98" CC="005"/>
						<SP ID="P21_SP00096" HPOS="1947" VPOS="1625" WIDTH="18"/>
						<String ID="P21_ST00109" HPOS="1965" VPOS="1547" WIDTH="278" HEIGHT="80" CONTENT="visages," WC="0.99" CC="03009000"/>
					</TextLine>
					<TextLine ID="P21_TL00014" HPOS="282" VPOS="1633" WIDTH="1965" HEIGHT="82">
						<String ID="P21_ST00110" HPOS="282" VPOS="1637" WIDTH="88" HEIGHT="59" CONTENT="du" WC="1.00" CC="00"/>
						<SP ID="P21_SP00097" HPOS="370" VPOS="1696" WIDTH="30"/>
						<String ID="P21_ST00111" HPOS="400" VPOS="1640" WIDTH="286" HEIGHT="75" CONTENT="mystère" WC="0.99" CC="0600470"/>
						<SP ID="P21_SP00098" HPOS="686" VPOS="1715" WIDTH="38"/>
						<String ID="P21_ST00112" HPOS="724" VPOS="1635" WIDTH="111" HEIGHT="59" CONTENT="des" WC="1.00" CC="000"/>
						<SP ID="P21_SP00099" HPOS="835" VPOS="1715" WIDTH="31"/>
						<String ID="P21_ST00113" HPOS="866" VPOS="1639" WIDTH="233" HEIGHT="74" CONTENT="gestes," WC="0.99" CC="9410010"/>
						<SP ID="P21_SP00100" HPOS="1099" VPOS="1715" WIDTH="42"/>
						<String ID="P21_ST00114" HPOS="1141" VPOS="1633" WIDTH="87" HEIGHT="60" CONTENT="du" WC="1.00" CC="00"/>
						<SP ID="P21_SP00101" HPOS="1228" VPOS="1715" WIDTH="33"/>
						<String ID="P21_ST00115" HPOS="1261" VPOS="1637" WIDTH="286" HEIGHT="76" CONTENT="mystère" WC="0.99" CC="0002570"/>
						<SP ID="P21_SP00102" HPOS="1547" VPOS="1715" WIDTH="32"/>
						<String ID="P21_ST00116" HPOS="1579" VPOS="1637" WIDTH="109" HEIGHT="57" CONTENT="des" WC="1.00" CC="000"/>
						<SP ID="P21_SP00103" HPOS="1688" VPOS="1715" WIDTH="40"/>
						<String ID="P21_ST00117" HPOS="1728" VPOS="1637" WIDTH="270" HEIGHT="78" CONTENT="regards" WC="0.99" CC="5090002"/>
						<SP ID="P21_SP00104" HPOS="1998" VPOS="1715" WIDTH="46"/>
						<String ID="P21_ST00118" HPOS="2044" VPOS="1658" WIDTH="58" HEIGHT="40" CONTENT="et" WC="0.28" CC="67"/>
						<SP ID="P21_SP00105" HPOS="2102" VPOS="1715" WIDTH="34"/>
						<String ID="P21_ST00119" HPOS="2136" VPOS="1639" WIDTH="111" HEIGHT="59" CONTENT="des" WC="0.98" CC="050"/>
					</TextLine>
					<TextLine ID="P21_TL00015" HPOS="284" VPOS="1725" WIDTH="1964" HEIGHT="81">
						<String ID="P21_ST00120" HPOS="284" VPOS="1727" WIDTH="214" HEIGHT="61" CONTENT="fronts" WC="0.98" CC="061701"/>
						<SP ID="P21_SP00106" HPOS="498" VPOS="1788" WIDTH="57"/>
						<String ID="P21_ST00121" HPOS="555" VPOS="1726" WIDTH="287" HEIGHT="80" CONTENT="penchés" WC="0.99" CC="0000054"/>
						<SP ID="P21_SP00107" HPOS="842" VPOS="1806" WIDTH="57"/>
						<String ID="P21_ST00122" HPOS="899" VPOS="1744" WIDTH="111" HEIGHT="41" CONTENT="sur" WC="0.95" CC="066"/>
						<SP ID="P21_SP00108" HPOS="1010" VPOS="1806" WIDTH="49"/>
						<String ID="P21_ST00123" HPOS="1059" VPOS="1725" WIDTH="67" HEIGHT="60" CONTENT="la" WC="1.00" CC="00"/>
						<SP ID="P21_SP00109" HPOS="1126" VPOS="1806" WIDTH="41"/>
						<String ID="P21_ST00124" HPOS="1167" VPOS="1725" WIDTH="126" HEIGHT="61" CONTENT="vie." WC="0.98" CC="0033"/>
						<SP ID="P21_SP00110" HPOS="1293" VPOS="1806" WIDTH="47"/>
						<String ID="P21_ST00125" HPOS="1340" VPOS="1726" WIDTH="163" HEIGHT="60" CONTENT="C'est" WC="0.99" CC="62200"/>
						<SP ID="P21_SP00111" HPOS="1503" VPOS="1806" WIDTH="51"/>
						<String ID="P21_ST00126" HPOS="1554" VPOS="1726" WIDTH="59" HEIGHT="60" CONTENT="le" WC="0.63" CC="34"/>
						<SP ID="P21_SP00112" HPOS="1613" VPOS="1806" WIDTH="57"/>
						<String ID="P21_ST00127" HPOS="1670" VPOS="1730" WIDTH="210" HEIGHT="57" CONTENT="même" WC="0.97" CC="0506"/>
						<SP ID="P21_SP00113" HPOS="1880" VPOS="1806" WIDTH="58"/>
						<String ID="P21_ST00128" HPOS="1938" VPOS="1729" WIDTH="310" HEIGHT="77" CONTENT="stigmate" WC="0.99" CC="60300002"/>
					</TextLine>
					<TextLine ID="P21_TL00016" HPOS="284" VPOS="1816" WIDTH="1965" HEIGHT="82">
						<String ID="P21_ST00129" HPOS="284" VPOS="1816" WIDTH="716" HEIGHT="82" CONTENT="d'incompréhensible" WC="1.00" CC="030002204201000730"/>
						<SP ID="P21_SP00114" HPOS="1000" VPOS="1898" WIDTH="30"/>
						<String ID="P21_ST00130" HPOS="1030" VPOS="1816" WIDTH="278" HEIGHT="61" CONTENT="douleur" WC="0.99" CC="0160056"/>
						<SP ID="P21_SP00115" HPOS="1308" VPOS="1898" WIDTH="36"/>
						<String ID="P21_ST00131" HPOS="1344" VPOS="1835" WIDTH="81" HEIGHT="42" CONTENT="au" WC="1.00" CC="00"/>
						<SP ID="P21_SP00116" HPOS="1425" VPOS="1898" WIDTH="35"/>
						<String ID="P21_ST00132" HPOS="1460" VPOS="1818" WIDTH="170" HEIGHT="61" CONTENT="teint" WC="0.98" CC="00247"/>
						<SP ID="P21_SP00117" HPOS="1630" VPOS="1898" WIDTH="54"/>
						<String ID="P21_ST00133" HPOS="1684" VPOS="1819" WIDTH="284" HEIGHT="60" CONTENT="maladif" WC="0.98" CC="4036601"/>
						<SP ID="P21_SP00118" HPOS="1968" VPOS="1898" WIDTH="45"/>
						<String ID="P21_ST00134" HPOS="2013" VPOS="1821" WIDTH="78" HEIGHT="59" CONTENT="de" WC="0.92" CC="01"/>
						<SP ID="P21_SP00119" HPOS="2091" VPOS="1898" WIDTH="54"/>
						<String ID="P21_ST00135" HPOS="2145" VPOS="1838" WIDTH="104" HEIGHT="42" CONTENT="ces" WC="1.00" CC="000"/>
					</TextLine>
					<TextLine ID="P21_TL00017" HPOS="284" VPOS="1908" WIDTH="1967" HEIGHT="80">
						<String ID="P21_ST00136" HPOS="284" VPOS="1912" WIDTH="167" HEIGHT="59" CONTENT="êtres" WC="0.98" CC="24400"/>
						<SP ID="P21_SP00120" HPOS="451" VPOS="1971" WIDTH="23"/>
						<String ID="P21_ST00137" HPOS="474" VPOS="1931" WIDTH="13" HEIGHT="49" CONTENT=";" WC="0.71" CC="2"/>
						<SP ID="P21_SP00121" HPOS="487" VPOS="1980" WIDTH="40"/>
						<String ID="P21_ST00138" HPOS="527" VPOS="1909" WIDTH="151" HEIGHT="60" CONTENT="c'est" WC="0.99" CC="34000"/>
						<SP ID="P21_SP00122" HPOS="678" VPOS="1980" WIDTH="31"/>
						<String ID="P21_ST00139" HPOS="709" VPOS="1909" WIDTH="63" HEIGHT="60" CONTENT="la" WC="1.00" CC="00"/>
						<SP ID="P21_SP00123" HPOS="772" VPOS="1980" WIDTH="42"/>
						<String ID="P21_ST00140" HPOS="814" VPOS="1909" WIDTH="211" HEIGHT="58" CONTENT="même" WC="0.98" CC="0700"/>
						<SP ID="P21_SP00124" HPOS="1025" VPOS="1980" WIDTH="56"/>
						<String ID="P21_ST00141" HPOS="1081" VPOS="1908" WIDTH="356" HEIGHT="59" CONTENT="discrétion" WC="0.99" CC="0103650050"/>
						<SP ID="P21_SP00125" HPOS="1437" VPOS="1980" WIDTH="45"/>
						<String ID="P21_ST00142" HPOS="1482" VPOS="1914" WIDTH="464" HEIGHT="74" CONTENT="respectueuse" WC="1.00" CC="600000160502"/>
						<SP ID="P21_SP00126" HPOS="1946" VPOS="1988" WIDTH="48"/>
						<String ID="P21_ST00143" HPOS="1994" VPOS="1915" WIDTH="38" HEIGHT="54" CONTENT="à" WC="1.00" CC="9"/>
						<SP ID="P21_SP00127" HPOS="2032" VPOS="1988" WIDTH="50"/>
						<String ID="P21_ST00144" HPOS="2082" VPOS="1928" WIDTH="169" HEIGHT="43" CONTENT="nous" WC="0.98" CC="0360"/>
					</TextLine>
					<TextLine ID="P21_TL00018" HPOS="281" VPOS="2000" WIDTH="1971" HEIGHT="78">
						<String ID="P21_ST00145" HPOS="281" VPOS="2002" WIDTH="94" HEIGHT="61" CONTENT="les" WC="1.00" CC="000"/>
						<SP ID="P21_SP00128" HPOS="375" VPOS="2063" WIDTH="33"/>
						<String ID="P21_ST00146" HPOS="408" VPOS="2002" WIDTH="165" HEIGHT="59" CONTENT="faire" WC="0.99" CC="00050"/>
						<SP ID="P21_SP00129" HPOS="573" VPOS="2063" WIDTH="33"/>
						<String ID="P21_ST00147" HPOS="606" VPOS="2000" WIDTH="142" HEIGHT="61" CONTENT="voir" WC="0.98" CC="0008"/>
						<SP ID="P21_SP00130" HPOS="748" VPOS="2063" WIDTH="35"/>
						<String ID="P21_ST00148" HPOS="783" VPOS="2002" WIDTH="161" HEIGHT="58" CONTENT="dans" WC="0.98" CC="0055"/>
						<SP ID="P21_SP00131" HPOS="944" VPOS="2063" WIDTH="34"/>
						<String ID="P21_ST00149" HPOS="978" VPOS="2018" WIDTH="123" HEIGHT="42" CONTENT="une" WC="0.98" CC="600"/>
						<SP ID="P21_SP00132" HPOS="1101" VPOS="2063" WIDTH="31"/>
						<String ID="P21_ST00150" HPOS="1132" VPOS="2000" WIDTH="424" HEIGHT="78" CONTENT="atmosphère" WC="0.99" CC="7103096540"/>
						<SP ID="P21_SP00133" HPOS="1556" VPOS="2078" WIDTH="46"/>
						<String ID="P21_ST00151" HPOS="1602" VPOS="2002" WIDTH="344" HEIGHT="59" CONTENT="combinée" WC="0.98" CC="04970070"/>
						<SP ID="P21_SP00134" HPOS="1946" VPOS="2078" WIDTH="46"/>
						<String ID="P21_ST00152" HPOS="1992" VPOS="2021" WIDTH="217" HEIGHT="42" CONTENT="savam" SUBS_TYPE="HypPart1" SUBS_CONTENT="savamment" WC="0.99" CC="09000"/>
						<HYP HPOS="2209" VPOS="2021" WIDTH="43" CONTENT="-"/>
					</TextLine>
					<TextLine ID="P21_TL00019" HPOS="281" VPOS="2092" WIDTH="1963" HEIGHT="80">
						<String ID="P21_ST00153" HPOS="281" VPOS="2094" WIDTH="179" HEIGHT="60" CONTENT="ment" SUBS_TYPE="HypPart2" SUBS_CONTENT="savamment" WC="0.98" CC="8000"/>
						<SP ID="P21_SP00135" HPOS="460" VPOS="2154" WIDTH="32"/>
						<String ID="P21_ST00154" HPOS="492" VPOS="2093" WIDTH="77" HEIGHT="60" CONTENT="de" WC="1.00" CC="00"/>
						<SP ID="P21_SP00136" HPOS="569" VPOS="2154" WIDTH="33"/>
						<String ID="P21_ST00155" HPOS="602" VPOS="2092" WIDTH="230" HEIGHT="60" CONTENT="réalité" WC="0.99" CC="5308100"/>
						<SP ID="P21_SP00137" HPOS="832" VPOS="2154" WIDTH="34"/>
						<String ID="P21_ST00156" HPOS="866" VPOS="2094" WIDTH="61" HEIGHT="59" CONTENT="et" WC="0.77" CC="40"/>
						<SP ID="P21_SP00138" HPOS="927" VPOS="2154" WIDTH="35"/>
						<String ID="P21_ST00157" HPOS="962" VPOS="2092" WIDTH="76" HEIGHT="60" CONTENT="de" WC="1.00" CC="00"/>
						<SP ID="P21_SP00139" HPOS="1038" VPOS="2154" WIDTH="33"/>
						<String ID="P21_ST00158" HPOS="1071" VPOS="2094" WIDTH="307" HEIGHT="78" CONTENT="mystère." WC="0.99" CC="00904603"/>
						<SP ID="P21_SP00140" HPOS="1378" VPOS="2172" WIDTH="37"/>
						<String ID="P21_ST00159" HPOS="1415" VPOS="2096" WIDTH="99" HEIGHT="57" CONTENT="On" WC="0.38" CC="57"/>
						<SP ID="P21_SP00141" HPOS="1514" VPOS="2172" WIDTH="32"/>
						<String ID="P21_ST00160" HPOS="1546" VPOS="2097" WIDTH="143" HEIGHT="56" CONTENT="sent" WC="0.98" CC="0305"/>
						<SP ID="P21_SP00142" HPOS="1689" VPOS="2172" WIDTH="52"/>
						<String ID="P21_ST00161" HPOS="1741" VPOS="2092" WIDTH="65" HEIGHT="61" CONTENT="la" WC="0.93" CC="10"/>
						<SP ID="P21_SP00143" HPOS="1806" VPOS="2172" WIDTH="33"/>
						<String ID="P21_ST00162" HPOS="1839" VPOS="2093" WIDTH="405" HEIGHT="79" CONTENT="préférence," WC="0.99" CC="06241620004"/>
					</TextLine>
					<TextLine ID="P21_TL00020" HPOS="277" VPOS="2182" WIDTH="1970" HEIGHT="83">
						<String ID="P21_ST00163" HPOS="277" VPOS="2185" WIDTH="60" HEIGHT="61" CONTENT="le" WC="1.00" CC="00"/>
						<SP ID="P21_SP00144" HPOS="337" VPOS="2246" WIDTH="29"/>
						<String ID="P21_ST00164" HPOS="366" VPOS="2185" WIDTH="174" HEIGHT="78" CONTENT="parti" WC="0.99" CC="00501"/>
						<SP ID="P21_SP00145" HPOS="540" VPOS="2263" WIDTH="29"/>
						<String ID="P21_ST00165" HPOS="569" VPOS="2183" WIDTH="139" HEIGHT="79" CONTENT="pris" WC="0.98" CC="0620"/>
						<SP ID="P21_SP00146" HPOS="708" VPOS="2263" WIDTH="43"/>
						<String ID="P21_ST00166" HPOS="751" VPOS="2183" WIDTH="86" HEIGHT="60" CONTENT="du" WC="0.67" CC="06"/>
						<SP ID="P21_SP00147" HPOS="837" VPOS="2263" WIDTH="52"/>
						<String ID="P21_ST00167" HPOS="889" VPOS="2183" WIDTH="258" HEIGHT="79" CONTENT="peintre" WC="1.00" CC="0000060"/>
						<SP ID="P21_SP00148" HPOS="1147" VPOS="2263" WIDTH="53"/>
						<String ID="P21_ST00168" HPOS="1200" VPOS="2190" WIDTH="39" HEIGHT="53" CONTENT="à" WC="1.00" CC="9"/>
						<SP ID="P21_SP00149" HPOS="1239" VPOS="2263" WIDTH="49"/>
						<String ID="P21_ST00169" HPOS="1288" VPOS="2201" WIDTH="168" HEIGHT="43" CONTENT="nous" WC="0.96" CC="0665"/>
						<SP ID="P21_SP00150" HPOS="1456" VPOS="2263" WIDTH="47"/>
						<String ID="P21_ST00170" HPOS="1503" VPOS="2182" WIDTH="95" HEIGHT="61" CONTENT="les" WC="1.00" CC="000"/>
						<SP ID="P21_SP00151" HPOS="1598" VPOS="2263" WIDTH="49"/>
						<String ID="P21_ST00171" HPOS="1647" VPOS="2191" WIDTH="294" HEIGHT="53" CONTENT="montrer" WC="0.98" CC="0036656"/>
						<SP ID="P21_SP00152" HPOS="1941" VPOS="2263" WIDTH="43"/>
						<String ID="P21_ST00172" HPOS="1984" VPOS="2205" WIDTH="84" HEIGHT="38" CONTENT="un" WC="0.66" CC="60"/>
						<SP ID="P21_SP00153" HPOS="2068" VPOS="2263" WIDTH="49"/>
						<String ID="P21_ST00173" HPOS="2117" VPOS="2202" WIDTH="130" HEIGHT="63" CONTENT="peu" WC="0.98" CC="006"/>
					</TextLine>
					<TextLine ID="P21_TL00021" HPOS="277" VPOS="2275" WIDTH="1971" HEIGHT="80">
						<String ID="P21_ST00174" HPOS="277" VPOS="2294" WIDTH="262" HEIGHT="61" CONTENT="vagues," WC="1.00" CC="0000000"/>
						<SP ID="P21_SP00154" HPOS="539" VPOS="2355" WIDTH="20"/>
						<String ID="P21_ST00175" HPOS="559" VPOS="2277" WIDTH="206" HEIGHT="78" CONTENT="noyés" WC="0.99" CC="63000"/>
						<SP ID="P21_SP00155" HPOS="765" VPOS="2355" WIDTH="27"/>
						<String ID="P21_ST00176" HPOS="792" VPOS="2275" WIDTH="160" HEIGHT="59" CONTENT="dans" WC="1.00" CC="0000"/>
						<SP ID="P21_SP00156" HPOS="952" VPOS="2355" WIDTH="25"/>
						<String ID="P21_ST00177" HPOS="977" VPOS="2293" WIDTH="124" HEIGHT="41" CONTENT="une" WC="0.98" CC="600"/>
						<SP ID="P21_SP00157" HPOS="1101" VPOS="2355" WIDTH="25"/>
						<String ID="P21_ST00178" HPOS="1126" VPOS="2276" WIDTH="360" HEIGHT="78" CONTENT="pénombre" WC="0.99" CC="04040750"/>
						<SP ID="P21_SP00158" HPOS="1486" VPOS="2355" WIDTH="32"/>
						<String ID="P21_ST00179" HPOS="1518" VPOS="2281" WIDTH="84" HEIGHT="53" CONTENT="où" WC="0.46" CC="28"/>
						<SP ID="P21_SP00159" HPOS="1602" VPOS="2355" WIDTH="34"/>
						<String ID="P21_ST00180" HPOS="1636" VPOS="2275" WIDTH="94" HEIGHT="59" CONTENT="les" WC="1.00" CC="000"/>
						<SP ID="P21_SP00160" HPOS="1730" VPOS="2355" WIDTH="28"/>
						<String ID="P21_ST00181" HPOS="1758" VPOS="2280" WIDTH="151" HEIGHT="54" CONTENT="tons" WC="0.98" CC="0303"/>
						<SP ID="P21_SP00161" HPOS="1909" VPOS="2355" WIDTH="29"/>
						<String ID="P21_ST00182" HPOS="1938" VPOS="2276" WIDTH="276" HEIGHT="60" CONTENT="s'assour" SUBS_TYPE="HypPart1" SUBS_CONTENT="s'assourdissent," WC="0.99" CC="30040565"/>
						<HYP HPOS="2214" VPOS="2276" WIDTH="34" CONTENT="-"/>
					</TextLine>
					<TextLine ID="P21_TL00022" HPOS="281" VPOS="2365" WIDTH="1965" HEIGHT="81">
						<String ID="P21_ST00183" HPOS="281" VPOS="2368" WIDTH="272" HEIGHT="73" CONTENT="dissent," SUBS_TYPE="HypPart2" SUBS_CONTENT="s'assourdissent," WC="1.00" CC="00000003"/>
						<SP ID="P21_SP00162" HPOS="553" VPOS="2441" WIDTH="39"/>
						<String ID="P21_ST00184" HPOS="592" VPOS="2366" WIDTH="274" HEIGHT="80" CONTENT="perdent" WC="0.99" CC="0020080"/>
						<SP ID="P21_SP00163" HPOS="866" VPOS="2446" WIDTH="31"/>
						<String ID="P21_ST00185" HPOS="897" VPOS="2370" WIDTH="178" HEIGHT="56" CONTENT="toute" WC="0.99" CC="00600"/>
						<SP ID="P21_SP00164" HPOS="1075" VPOS="2446" WIDTH="33"/>
						<String ID="P21_ST00186" HPOS="1108" VPOS="2365" WIDTH="256" HEIGHT="70" CONTENT="ardeur," WC="0.99" CC="0600040"/>
						<SP ID="P21_SP00165" HPOS="1364" VPOS="2446" WIDTH="36"/>
						<String ID="P21_ST00187" HPOS="1400" VPOS="2365" WIDTH="400" HEIGHT="79" CONTENT="participent" WC="0.99" CC="00652020500"/>
						<SP ID="P21_SP00166" HPOS="1800" VPOS="2446" WIDTH="48"/>
						<String ID="P21_ST00188" HPOS="1848" VPOS="2365" WIDTH="84" HEIGHT="60" CONTENT="du" WC="0.68" CC="06"/>
						<SP ID="P21_SP00167" HPOS="1932" VPOS="2446" WIDTH="56"/>
						<String ID="P21_ST00189" HPOS="1988" VPOS="2366" WIDTH="258" HEIGHT="60" CONTENT="trouble" WC="0.98" CC="6641613"/>
					</TextLine>
					<TextLine ID="P21_TL00023" HPOS="282" VPOS="2455" WIDTH="1970" HEIGHT="83">
						<String ID="P21_ST00190" HPOS="282" VPOS="2463" WIDTH="195" HEIGHT="75" CONTENT="épars" WC="0.90" CC="00040"/>
						<SP ID="P21_SP00168" HPOS="477" VPOS="2538" WIDTH="58"/>
						<String ID="P21_ST00191" HPOS="535" VPOS="2475" WIDTH="83" HEIGHT="42" CONTENT="au" WC="1.00" CC="00"/>
						<SP ID="P21_SP00169" HPOS="618" VPOS="2538" WIDTH="62"/>
						<String ID="P21_ST00192" HPOS="680" VPOS="2456" WIDTH="410" HEIGHT="79" CONTENT="crépuscule." WC="1.00" CC="00000000004"/>
						<SP ID="P21_SP00170" HPOS="1090" VPOS="2538" WIDTH="39"/>
						<String ID="P21_ST00193" HPOS="1129" VPOS="2456" WIDTH="52" HEIGHT="59" CONTENT="Il" WC="0.90" CC="01"/>
						<SP ID="P21_SP00171" HPOS="1181" VPOS="2538" WIDTH="50"/>
						<String ID="P21_ST00194" HPOS="1231" VPOS="2455" WIDTH="93" HEIGHT="61" CONTENT="les" WC="1.00" CC="000"/>
						<SP ID="P21_SP00172" HPOS="1324" VPOS="2538" WIDTH="54"/>
						<String ID="P21_ST00195" HPOS="1378" VPOS="2456" WIDTH="203" HEIGHT="78" CONTENT="peint," WC="0.99" CC="000600"/>
						<SP ID="P21_SP00173" HPOS="1581" VPOS="2538" WIDTH="60"/>
						<String ID="P21_ST00196" HPOS="1641" VPOS="2455" WIDTH="207" HEIGHT="60" CONTENT="allant" WC="0.99" CC="070000"/>
						<SP ID="P21_SP00174" HPOS="1848" VPOS="2538" WIDTH="56"/>
						<String ID="P21_ST00197" HPOS="1904" VPOS="2459" WIDTH="60" HEIGHT="56" CONTENT="et" WC="1.00" CC="00"/>
						<SP ID="P21_SP00175" HPOS="1964" VPOS="2538" WIDTH="47"/>
						<String ID="P21_ST00198" HPOS="2011" VPOS="2461" WIDTH="241" HEIGHT="55" CONTENT="venant" WC="0.99" CC="060000"/>
					</TextLine>
					<TextLine ID="P21_TL00024" HPOS="280" VPOS="2545" WIDTH="1966" HEIGHT="83">
						<String ID="P21_ST00199" HPOS="280" VPOS="2567" WIDTH="119" HEIGHT="61" CONTENT="par" WC="0.98" CC="005"/>
						<SP ID="P21_SP00176" HPOS="399" VPOS="2628" WIDTH="32"/>
						<String ID="P21_ST00200" HPOS="431" VPOS="2549" WIDTH="58" HEIGHT="60" CONTENT="le" WC="0.97" CC="00"/>
						<SP ID="P21_SP00177" HPOS="489" VPOS="2628" WIDTH="37"/>
						<String ID="P21_ST00201" HPOS="526" VPOS="2548" WIDTH="246" HEIGHT="60" CONTENT="silence" WC="0.99" CC="0504040"/>
						<SP ID="P21_SP00178" HPOS="772" VPOS="2628" WIDTH="37"/>
						<String ID="P21_ST00202" HPOS="809" VPOS="2548" WIDTH="111" HEIGHT="60" CONTENT="des" WC="0.99" CC="001"/>
						<SP ID="P21_SP00179" HPOS="920" VPOS="2628" WIDTH="29"/>
						<String ID="P21_ST00203" HPOS="949" VPOS="2547" WIDTH="291" HEIGHT="59" CONTENT="maisons" WC="1.00" CC="0000100"/>
						<SP ID="P21_SP00180" HPOS="1240" VPOS="2628" WIDTH="46"/>
						<String ID="P21_ST00204" HPOS="1286" VPOS="2545" WIDTH="231" HEIGHT="77" CONTENT="closes," WC="0.99" CC="0060007"/>
						<SP ID="P21_SP00181" HPOS="1517" VPOS="2628" WIDTH="35"/>
						<String ID="P21_ST00205" HPOS="1552" VPOS="2547" WIDTH="216" HEIGHT="77" CONTENT="parmi" WC="0.99" CC="00204"/>
						<SP ID="P21_SP00182" HPOS="1768" VPOS="2628" WIDTH="53"/>
						<String ID="P21_ST00206" HPOS="1821" VPOS="2545" WIDTH="143" HEIGHT="60" CONTENT="leur" WC="0.96" CC="3364"/>
						<SP ID="P21_SP00183" HPOS="1964" VPOS="2628" WIDTH="53"/>
						<String ID="P21_ST00207" HPOS="2017" VPOS="2547" WIDTH="229" HEIGHT="59" CONTENT="milieu" WC="1.00" CC="010200"/>
					</TextLine>
					<TextLine ID="P21_TL00025" HPOS="278" VPOS="2634" WIDTH="1964" HEIGHT="76">
						<String ID="P21_ST00208" HPOS="278" VPOS="2639" WIDTH="309" HEIGHT="71" CONTENT="familier," WC="0.99" CC="000353364"/>
						<SP ID="P21_SP00184" HPOS="587" VPOS="2710" WIDTH="32"/>
						<String ID="P21_ST00209" HPOS="619" VPOS="2638" WIDTH="153" HEIGHT="60" CONTENT="bien" WC="0.96" CC="7325"/>
						<SP ID="P21_SP00185" HPOS="772" VPOS="2710" WIDTH="31"/>
						<String ID="P21_ST00210" HPOS="803" VPOS="2637" WIDTH="154" HEIGHT="58" CONTENT="chez" WC="0.98" CC="0700"/>
						<SP ID="P21_SP00186" HPOS="957" VPOS="2710" WIDTH="34"/>
						<String ID="P21_ST00211" HPOS="991" VPOS="2637" WIDTH="95" HEIGHT="58" CONTENT="soi" WC="1.00" CC="000"/>
						<SP ID="P21_SP00187" HPOS="1086" VPOS="2710" WIDTH="31"/>
						<String ID="P21_ST00212" HPOS="1117" VPOS="2635" WIDTH="160" HEIGHT="59" CONTENT="dans" WC="1.00" CC="0000"/>
						<SP ID="P21_SP00188" HPOS="1277" VPOS="2710" WIDTH="26"/>
						<String ID="P21_ST00213" HPOS="1303" VPOS="2653" WIDTH="70" HEIGHT="41" CONTENT="ce" WC="0.94" CC="01"/>
						<SP ID="P21_SP00189" HPOS="1373" VPOS="2710" WIDTH="23"/>
						<String ID="P21_ST00214" HPOS="1396" VPOS="2635" WIDTH="196" HEIGHT="60" CONTENT="décor" WC="0.99" CC="00052"/>
						<SP ID="P21_SP00190" HPOS="1592" VPOS="2710" WIDTH="30"/>
						<String ID="P21_ST00215" HPOS="1622" VPOS="2635" WIDTH="75" HEIGHT="59" CONTENT="de" WC="0.71" CC="05"/>
						<SP ID="P21_SP00191" HPOS="1697" VPOS="2710" WIDTH="28"/>
						<String ID="P21_ST00216" HPOS="1725" VPOS="2634" WIDTH="208" HEIGHT="60" CONTENT="blême" WC="0.98" CC="36500"/>
						<SP ID="P21_SP00192" HPOS="1933" VPOS="2710" WIDTH="29"/>
						<String ID="P21_ST00217" HPOS="1962" VPOS="2635" WIDTH="280" HEIGHT="61" CONTENT="lumière" WC="0.98" CC="0600764"/>
					</TextLine>
					<TextLine ID="P21_TL00026" HPOS="280" VPOS="2726" WIDTH="1963" HEIGHT="78">
						<String ID="P21_ST00218" HPOS="280" VPOS="2735" WIDTH="61" HEIGHT="57" CONTENT="et" WC="0.59" CC="43"/>
						<SP ID="P21_SP00193" HPOS="341" VPOS="2792" WIDTH="36"/>
						<String ID="P21_ST00219" HPOS="377" VPOS="2729" WIDTH="78" HEIGHT="60" CONTENT="de" WC="1.00" CC="00"/>
						<SP ID="P21_SP00194" HPOS="455" VPOS="2792" WIDTH="46"/>
						<String ID="P21_ST00220" HPOS="501" VPOS="2729" WIDTH="202" HEIGHT="59" CONTENT="calme" WC="0.99" CC="00501"/>
						<SP ID="P21_SP00195" HPOS="703" VPOS="2792" WIDTH="63"/>
						<String ID="P21_ST00221" HPOS="766" VPOS="2745" WIDTH="277" HEIGHT="59" CONTENT="presque" WC="1.00" CC="0500000"/>
						<SP ID="P21_SP00196" HPOS="1043" VPOS="2804" WIDTH="61"/>
						<String ID="P21_ST00222" HPOS="1104" VPOS="2726" WIDTH="344" HEIGHT="78" CONTENT="religieux." WC="0.99" CC="0030905000"/>
						<SP ID="P21_SP00197" HPOS="1448" VPOS="2804" WIDTH="69"/>
						<String ID="P21_ST00223" HPOS="1517" VPOS="2727" WIDTH="84" HEIGHT="58" CONTENT="Ils" WC="1.00" CC="000"/>
						<SP ID="P21_SP00198" HPOS="1601" VPOS="2804" WIDTH="58"/>
						<String ID="P21_ST00224" HPOS="1659" VPOS="2727" WIDTH="220" HEIGHT="60" CONTENT="vivent" WC="0.99" CC="000450"/>
						<SP ID="P21_SP00199" HPOS="1879" VPOS="2804" WIDTH="63"/>
						<String ID="P21_ST00225" HPOS="1942" VPOS="2728" WIDTH="62" HEIGHT="59" CONTENT="là" WC="0.38" CC="29"/>
						<SP ID="P21_SP00200" HPOS="2004" VPOS="2804" WIDTH="50"/>
						<String ID="P21_ST00226" HPOS="2054" VPOS="2729" WIDTH="189" HEIGHT="60" CONTENT="d'une" WC="0.98" CC="53600"/>
					</TextLine>
					<TextLine ID="P21_TL00027" HPOS="278" VPOS="2816" WIDTH="1965" HEIGHT="79">
						<String ID="P21_ST00227" HPOS="278" VPOS="2822" WIDTH="102" HEIGHT="59" CONTENT="vie" WC="0.97" CC="026"/>
						<SP ID="P21_SP00201" HPOS="380" VPOS="2881" WIDTH="100"/>
						<String ID="P21_ST00228" HPOS="480" VPOS="2818" WIDTH="300" HEIGHT="69" CONTENT="délicate," WC="0.99" CC="000405023"/>
						<SP ID="P21_SP00202" HPOS="780" VPOS="2887" WIDTH="107"/>
						<String ID="P21_ST00229" HPOS="887" VPOS="2817" WIDTH="315" HEIGHT="60" CONTENT="soucieux" WC="0.99" CC="06500060"/>
						<SP ID="P21_SP00203" HPOS="1202" VPOS="2887" WIDTH="103"/>
						<String ID="P21_ST00230" HPOS="1305" VPOS="2816" WIDTH="426" HEIGHT="79" CONTENT="uniquement" WC="1.00" CC="3000000120"/>
						<SP ID="P21_SP00204" HPOS="1731" VPOS="2895" WIDTH="115"/>
						<String ID="P21_ST00231" HPOS="1846" VPOS="2817" WIDTH="76" HEIGHT="60" CONTENT="de" WC="0.81" CC="03"/>
						<SP ID="P21_SP00205" HPOS="1922" VPOS="2895" WIDTH="117"/>
						<String ID="P21_ST00232" HPOS="2039" VPOS="2818" WIDTH="204" HEIGHT="61" CONTENT="belles" WC="0.98" CC="721530"/>
					</TextLine>
					<TextLine ID="P21_TL00028" HPOS="280" VPOS="2907" WIDTH="1964" HEIGHT="84">
						<String ID="P21_ST00233" HPOS="280" VPOS="2912" WIDTH="273" HEIGHT="79" CONTENT="pensées" WC="1.00" CC="0001000"/>
						<SP ID="P21_SP00206" HPOS="553" VPOS="2991" WIDTH="54"/>
						<String ID="P21_ST00234" HPOS="607" VPOS="2911" WIDTH="60" HEIGHT="58" CONTENT="et" WC="0.74" CC="50"/>
						<SP ID="P21_SP00207" HPOS="667" VPOS="2991" WIDTH="62"/>
						<String ID="P21_ST00235" HPOS="729" VPOS="2909" WIDTH="76" HEIGHT="59" CONTENT="de" WC="0.94" CC="01"/>
						<SP ID="P21_SP00208" HPOS="805" VPOS="2991" WIDTH="61"/>
						<String ID="P21_ST00236" HPOS="866" VPOS="2925" WIDTH="177" HEIGHT="42" CONTENT="rares" WC="0.98" CC="60600"/>
						<SP ID="P21_SP00209" HPOS="1043" VPOS="2991" WIDTH="60"/>
						<String ID="P21_ST00237" HPOS="1103" VPOS="2909" WIDTH="301" HEIGHT="69" CONTENT="ivresses," WC="1.00" CC="005000003"/>
						<SP ID="P21_SP00210" HPOS="1404" VPOS="2991" WIDTH="67"/>
						<String ID="P21_ST00238" HPOS="1471" VPOS="2907" WIDTH="76" HEIGHT="60" CONTENT="de" WC="1.00" CC="00"/>
						<SP ID="P21_SP00211" HPOS="1547" VPOS="2991" WIDTH="61"/>
						<String ID="P21_ST00239" HPOS="1608" VPOS="2909" WIDTH="240" HEIGHT="58" CONTENT="subtils" WC="0.99" CC="0630232"/>
						<SP ID="P21_SP00212" HPOS="1848" VPOS="2991" WIDTH="81"/>
						<String ID="P21_ST00240" HPOS="1929" VPOS="2910" WIDTH="183" HEIGHT="59" CONTENT="rêves" WC="0.98" CC="55020"/>
						<SP ID="P21_SP00213" HPOS="2112" VPOS="2991" WIDTH="73"/>
						<String ID="P21_ST00241" HPOS="2185" VPOS="2914" WIDTH="59" HEIGHT="57" CONTENT="et" WC="0.79" CC="40"/>
					</TextLine>
					<TextLine ID="P21_TL00029" HPOS="282" VPOS="2997" WIDTH="1960" HEIGHT="83">
						<String ID="P21_ST00242" HPOS="282" VPOS="2999" WIDTH="488" HEIGHT="81" CONTENT="d'agonisantes" WC="0.99" CC="0359500000051"/>
						<SP ID="P21_SP00214" HPOS="770" VPOS="3080" WIDTH="57"/>
						<String ID="P21_ST00243" HPOS="827" VPOS="2997" WIDTH="372" HEIGHT="78" CONTENT="langueurs," WC="0.99" CC="0009404300"/>
						<SP ID="P21_SP00215" HPOS="1199" VPOS="3080" WIDTH="40"/>
						<String ID="P21_ST00244" HPOS="1239" VPOS="2997" WIDTH="238" HEIGHT="60" CONTENT="devant" WC="1.00" CC="000020"/>
						<SP ID="P21_SP00216" HPOS="1477" VPOS="3080" WIDTH="46"/>
						<String ID="P21_ST00245" HPOS="1523" VPOS="2999" WIDTH="305" HEIGHT="78" CONTENT="l'énigme" WC="0.99" CC="00803004"/>
						<SP ID="P21_SP00217" HPOS="1828" VPOS="3080" WIDTH="54"/>
						<String ID="P21_ST00246" HPOS="1882" VPOS="2999" WIDTH="77" HEIGHT="61" CONTENT="de" WC="0.84" CC="03"/>
						<SP ID="P21_SP00218" HPOS="1959" VPOS="3080" WIDTH="63"/>
						<String ID="P21_ST00247" HPOS="2022" VPOS="3006" WIDTH="220" HEIGHT="73" CONTENT="portes" WC="0.99" CC="056000"/>
					</TextLine>
					<TextLine ID="P21_TL00030" HPOS="278" VPOS="3088" WIDTH="1964" HEIGHT="80">
						<String ID="P21_ST00248" HPOS="278" VPOS="3093" WIDTH="351" HEIGHT="61" CONTENT="refermées" WC="0.99" CC="446250000"/>
						<SP ID="P21_SP00219" HPOS="629" VPOS="3154" WIDTH="34"/>
						<String ID="P21_ST00249" HPOS="663" VPOS="3108" WIDTH="126" HEIGHT="42" CONTENT="aux" WC="0.97" CC="060"/>
						<SP ID="P21_SP00220" HPOS="789" VPOS="3154" WIDTH="32"/>
						<String ID="P21_ST00250" HPOS="821" VPOS="3089" WIDTH="399" HEIGHT="60" CONTENT="blancheurs" WC="0.99" CC="7005062750"/>
						<SP ID="P21_SP00221" HPOS="1220" VPOS="3154" WIDTH="41"/>
						<String ID="P21_ST00251" HPOS="1261" VPOS="3088" WIDTH="228" HEIGHT="61" CONTENT="molles" WC="0.98" CC="033360"/>
						<SP ID="P21_SP00222" HPOS="1489" VPOS="3154" WIDTH="29"/>
						<String ID="P21_ST00252" HPOS="1518" VPOS="3093" WIDTH="37" HEIGHT="56" CONTENT="à" WC="1.00" CC="9"/>
						<SP ID="P21_SP00223" HPOS="1555" VPOS="3154" WIDTH="42"/>
						<String ID="P21_ST00253" HPOS="1597" VPOS="3090" WIDTH="189" HEIGHT="78" CONTENT="peine" WC="1.00" CC="00000"/>
						<SP ID="P21_SP00224" HPOS="1786" VPOS="3168" WIDTH="30"/>
						<String ID="P21_ST00254" HPOS="1816" VPOS="3090" WIDTH="309" HEIGHT="62" CONTENT="éclairées" WC="0.99" CC="066415051"/>
						<SP ID="P21_SP00225" HPOS="2125" VPOS="3168" WIDTH="39"/>
						<String ID="P21_ST00255" HPOS="2164" VPOS="3094" WIDTH="78" HEIGHT="60" CONTENT="de" WC="0.75" CC="04"/>
					</TextLine>
					<TextLine ID="P21_TL00031" HPOS="281" VPOS="3178" WIDTH="1961" HEIGHT="84">
						<String ID="P21_ST00256" HPOS="281" VPOS="3183" WIDTH="169" HEIGHT="61" CONTENT="filets" WC="0.99" CC="600000"/>
						<SP ID="P21_SP00226" HPOS="450" VPOS="3244" WIDTH="34"/>
						<String ID="P21_ST00257" HPOS="484" VPOS="3183" WIDTH="164" HEIGHT="70" CONTENT="d'or," WC="0.97" CC="03653"/>
						<SP ID="P21_SP00227" HPOS="648" VPOS="3253" WIDTH="33"/>
						<String ID="P21_ST00258" HPOS="681" VPOS="3185" WIDTH="32" HEIGHT="55" CONTENT="à" WC="0.74" CC="2"/>
						<SP ID="P21_SP00228" HPOS="713" VPOS="3253" WIDTH="38"/>
						<String ID="P21_ST00259" HPOS="751" VPOS="3179" WIDTH="190" HEIGHT="61" CONTENT="l'abri" WC="0.99" CC="030560"/>
						<SP ID="P21_SP00229" HPOS="941" VPOS="3253" WIDTH="32"/>
						<String ID="P21_ST00260" HPOS="973" VPOS="3178" WIDTH="357" HEIGHT="79" CONTENT="desquelles" WC="0.99" CC="0030601600"/>
						<SP ID="P21_SP00230" HPOS="1330" VPOS="3257" WIDTH="32"/>
						<String ID="P21_ST00261" HPOS="1362" VPOS="3179" WIDTH="82" HEIGHT="58" CONTENT="ils" WC="0.97" CC="070"/>
						<SP ID="P21_SP00231" HPOS="1444" VPOS="3257" WIDTH="33"/>
						<String ID="P21_ST00262" HPOS="1477" VPOS="3185" WIDTH="151" HEIGHT="54" CONTENT="sont" WC="0.97" CC="0563"/>
						<SP ID="P21_SP00232" HPOS="1628" VPOS="3257" WIDTH="28"/>
						<String ID="P21_ST00263" HPOS="1656" VPOS="3198" WIDTH="251" HEIGHT="42" CONTENT="comme" WC="1.00" CC="00000"/>
						<SP ID="P21_SP00233" HPOS="1907" VPOS="3257" WIDTH="45"/>
						<String ID="P21_ST00264" HPOS="1952" VPOS="3182" WIDTH="290" HEIGHT="80" CONTENT="réfugiés" WC="0.99" CC="60369000"/>
					</TextLine>
					<TextLine ID="P21_TL00032" HPOS="280" VPOS="3269" WIDTH="1964" HEIGHT="79">
						<String ID="P21_ST00265" HPOS="280" VPOS="3276" WIDTH="136" HEIGHT="61" CONTENT="loin" WC="0.96" CC="0547"/>
						<SP ID="P21_SP00234" HPOS="416" VPOS="3337" WIDTH="29"/>
						<String ID="P21_ST00266" HPOS="445" VPOS="3274" WIDTH="77" HEIGHT="60" CONTENT="de" WC="0.98" CC="00"/>
						<SP ID="P21_SP00235" HPOS="522" VPOS="3337" WIDTH="32"/>
						<String ID="P21_ST00267" HPOS="554" VPOS="3273" WIDTH="65" HEIGHT="60" CONTENT="la" WC="0.77" CC="40"/>
						<SP ID="P21_SP00236" HPOS="619" VPOS="3337" WIDTH="26"/>
						<String ID="P21_ST00268" HPOS="645" VPOS="3272" WIDTH="124" HEIGHT="59" CONTENT="vie." WC="0.98" CC="0024"/>
						<SP ID="P21_SP00237" HPOS="769" VPOS="3337" WIDTH="38"/>
						<String ID="P21_ST00269" HPOS="807" VPOS="3270" WIDTH="96" HEIGHT="59" CONTENT="On" WC="0.81" CC="30"/>
						<SP ID="P21_SP00238" HPOS="903" VPOS="3337" WIDTH="35"/>
						<String ID="P21_ST00270" HPOS="938" VPOS="3270" WIDTH="196" HEIGHT="60" CONTENT="dirait" WC="0.99" CC="036010"/>
						<SP ID="P21_SP00239" HPOS="1134" VPOS="3337" WIDTH="33"/>
						<String ID="P21_ST00271" HPOS="1167" VPOS="3269" WIDTH="235" HEIGHT="79" CONTENT="qu'une" WC="0.99" CC="060601"/>
						<SP ID="P21_SP00240" HPOS="1402" VPOS="3348" WIDTH="30"/>
						<String ID="P21_ST00272" HPOS="1432" VPOS="3270" WIDTH="252" HEIGHT="60" CONTENT="crainte" WC="0.98" CC="3600761"/>
						<SP ID="P21_SP00241" HPOS="1684" VPOS="3348" WIDTH="50"/>
						<String ID="P21_ST00273" HPOS="1734" VPOS="3272" WIDTH="380" HEIGHT="61" CONTENT="instinctive" WC="1.00" CC="07000630100"/>
						<SP ID="P21_SP00242" HPOS="2114" VPOS="3348" WIDTH="45"/>
						<String ID="P21_ST00274" HPOS="2159" VPOS="3274" WIDTH="85" HEIGHT="59" CONTENT="du" WC="0.69" CC="06"/>
					</TextLine>
					<TextLine ID="P21_TL00033" HPOS="278" VPOS="3359" WIDTH="1963" HEIGHT="78">
						<String ID="P21_ST00275" HPOS="278" VPOS="3366" WIDTH="238" HEIGHT="61" CONTENT="monde" WC="1.00" CC="03000"/>
						<SP ID="P21_SP00243" HPOS="516" VPOS="3427" WIDTH="38"/>
						<String ID="P21_ST00276" HPOS="554" VPOS="3363" WIDTH="323" HEIGHT="61" CONTENT="extérieur" WC="0.99" CC="000063053"/>
						<SP ID="P21_SP00244" HPOS="877" VPOS="3427" WIDTH="28"/>
						<String ID="P21_ST00277" HPOS="905" VPOS="3361" WIDTH="289" HEIGHT="69" CONTENT="ralentit," WC="0.99" CC="070020103"/>
						<SP ID="P21_SP00245" HPOS="1194" VPOS="3430" WIDTH="60"/>
						<String ID="P21_ST00278" HPOS="1254" VPOS="3361" WIDTH="251" HEIGHT="58" CONTENT="attarde" WC="1.00" CC="0000400"/>
						<SP ID="P21_SP00246" HPOS="1505" VPOS="3430" WIDTH="52"/>
						<String ID="P21_ST00279" HPOS="1557" VPOS="3359" WIDTH="143" HEIGHT="60" CONTENT="leur" WC="0.97" CC="0264"/>
						<SP ID="P21_SP00247" HPOS="1700" VPOS="3430" WIDTH="54"/>
						<String ID="P21_ST00280" HPOS="1754" VPOS="3362" WIDTH="290" HEIGHT="75" CONTENT="marche," WC="0.98" CC="0054644"/>
						<SP ID="P21_SP00248" HPOS="2044" VPOS="3437" WIDTH="65"/>
						<String ID="P21_ST00281" HPOS="2109" VPOS="3371" WIDTH="132" HEIGHT="52" CONTENT="met" WC="0.98" CC="033"/>
					</TextLine>
					<TextLine ID="P21_TL00034" HPOS="278" VPOS="3451" WIDTH="1964" HEIGHT="81">
						<String ID="P21_ST00282" HPOS="278" VPOS="3458" WIDTH="162" HEIGHT="59" CONTENT="dans" WC="0.99" CC="0030"/>
						<SP ID="P21_SP00249" HPOS="440" VPOS="3517" WIDTH="53"/>
						<String ID="P21_ST00283" HPOS="493" VPOS="3456" WIDTH="145" HEIGHT="60" CONTENT="leur" WC="0.98" CC="0063"/>
						<SP ID="P21_SP00250" HPOS="638" VPOS="3517" WIDTH="58"/>
						<String ID="P21_ST00284" HPOS="696" VPOS="3455" WIDTH="233" HEIGHT="77" CONTENT="regard" WC="0.97" CC="429990"/>
						<SP ID="P21_SP00251" HPOS="929" VPOS="3532" WIDTH="59"/>
						<String ID="P21_ST00285" HPOS="988" VPOS="3455" WIDTH="162" HEIGHT="57" CONTENT="cette" WC="0.98" CC="04093"/>
						<SP ID="P21_SP00252" HPOS="1150" VPOS="3532" WIDTH="59"/>
						<String ID="P21_ST00286" HPOS="1209" VPOS="3451" WIDTH="408" HEIGHT="79" CONTENT="inquiétude," WC="1.00" CC="38000000000"/>
						<SP ID="P21_SP00253" HPOS="1617" VPOS="3532" WIDTH="51"/>
						<String ID="P21_ST00287" HPOS="1668" VPOS="3455" WIDTH="167" HEIGHT="58" CONTENT="cette" WC="0.99" CC="00061"/>
						<SP ID="P21_SP00254" HPOS="1835" VPOS="3532" WIDTH="65"/>
						<String ID="P21_ST00288" HPOS="1900" VPOS="3453" WIDTH="342" HEIGHT="60" CONTENT="obsession" WC="0.99" CC="570300044"/>
					</TextLine>
					<TextLine ID="P21_TL00035" HPOS="280" VPOS="3538" WIDTH="1956" HEIGHT="83">
						<String ID="P21_ST00289" HPOS="280" VPOS="3544" WIDTH="517" HEIGHT="63" CONTENT="indéfinissable." WC="1.00" CC="000711000357104"/>
						<SP ID="P21_SP00255" HPOS="797" VPOS="3607" WIDTH="66"/>
						<String ID="P21_ST00290" HPOS="863" VPOS="3540" WIDTH="411" HEIGHT="78" CONTENT="Contemplez" WC="1.00" CC="7100400010"/>
						<SP ID="P21_SP00256" HPOS="1274" VPOS="3618" WIDTH="64"/>
						<String ID="P21_ST00291" HPOS="1338" VPOS="3541" WIDTH="63" HEIGHT="58" CONTENT="la" WC="1.00" CC="00"/>
						<SP ID="P21_SP00257" HPOS="1401" VPOS="3618" WIDTH="53"/>
						<String ID="P21_ST00292" HPOS="1454" VPOS="3538" WIDTH="207" HEIGHT="61" CONTENT="Petite" WC="0.99" CC="400100" STYLEREFS="TXT_1"/>
						<SP ID="P21_SP00258" HPOS="1661" VPOS="3618" WIDTH="54"/>
						<String ID="P21_ST00293" HPOS="1715" VPOS="3541" WIDTH="129" HEIGHT="79" CONTENT="fille" WC="0.98" CC="24052" STYLEREFS="TXT_1"/>
						<SP ID="P21_SP00259" HPOS="1844" VPOS="3620" WIDTH="55"/>
						<String ID="P21_ST00294" HPOS="1899" VPOS="3561" WIDTH="71" HEIGHT="38" CONTENT="en" WC="1.00" CC="00" STYLEREFS="TXT_1"/>
						<SP ID="P21_SP00260" HPOS="1970" VPOS="3620" WIDTH="41"/>
						<String ID="P21_ST00295" HPOS="2011" VPOS="3542" WIDTH="225" HEIGHT="79" CONTENT="jaune." WC="0.99" CC="003007" STYLEREFS="TXT_1"/>
					</TextLine>
					<TextLine ID="P21_TL00036" HPOS="280" VPOS="3631" WIDTH="1962" HEIGHT="80">
						<String ID="P21_ST00296" HPOS="280" VPOS="3635" WIDTH="226" HEIGHT="75" CONTENT="Quelle" WC="0.98" CC="550105"/>
						<SP ID="P21_SP00261" HPOS="506" VPOS="3710" WIDTH="32"/>
						<String ID="P21_ST00297" HPOS="538" VPOS="3635" WIDTH="209" HEIGHT="61" CONTENT="vision" WC="0.99" CC="060030"/>
						<SP ID="P21_SP00262" HPOS="747" VPOS="3710" WIDTH="36"/>
						<String ID="P21_ST00298" HPOS="783" VPOS="3634" WIDTH="196" HEIGHT="59" CONTENT="dilate" WC="0.98" CC="403800"/>
						<SP ID="P21_SP00263" HPOS="979" VPOS="3710" WIDTH="18"/>
						<String ID="P21_ST00299" HPOS="997" VPOS="3650" WIDTH="99" HEIGHT="42" CONTENT="ses" WC="1.00" CC="000"/>
						<SP ID="P21_SP00264" HPOS="1096" VPOS="3710" WIDTH="30"/>
						<String ID="P21_ST00300" HPOS="1126" VPOS="3631" WIDTH="355" HEIGHT="79" CONTENT="prunelles," WC="0.99" CC="0760054011"/>
						<SP ID="P21_SP00265" HPOS="1481" VPOS="3710" WIDTH="22"/>
						<String ID="P21_ST00301" HPOS="1503" VPOS="3631" WIDTH="75" HEIGHT="60" CONTENT="de" WC="0.77" CC="04"/>
						<SP ID="P21_SP00266" HPOS="1578" VPOS="3710" WIDTH="26"/>
						<String ID="P21_ST00302" HPOS="1604" VPOS="3631" WIDTH="309" HEIGHT="61" CONTENT="douleurs" WC="0.99" CC="03640532"/>
						<SP ID="P21_SP00267" HPOS="1913" VPOS="3710" WIDTH="35"/>
						<String ID="P21_ST00303" HPOS="1948" VPOS="3651" WIDTH="294" HEIGHT="60" CONTENT="pressen-" WC="0.81" CC="06000053"/>
					</TextLine>
				</TextBlock>
			</PrintSpace>
		</Page>
	</Layout>
</alto>
