2603 4262
1320 3924 74 40 100

522 357 210 47 Genie.
796 361 38 43 I.
860 356 89 47 Die
977 354 168 57 Grenze
1173 354 190 57 zwischen
1393 355 366 48 Dilettautisinns
1789 357 86 46 nnd
1905 356 140 49 Genie
2075 358 49 56 ist
2154 359 129 47 kauin
2314 359 84 56 fest-

349 441 167 57 legbarz
556 441 76 47 der
671 439 186 49 Geniale
892 438 50 57 ist
979 438 171 48 allemal
1189 439 70 47 ein
1299 439 70 47 ins
1409 438 225 57 Heroische
1673 438 272 58 gesteigerter
1985 441 239 49 Dilettant.
2292 442 125 48 Aber

349 525 139 48 Genie
524 526 84 46 und
646 523 157 47 Talent
836 534 178 44 grenzen
1051 521 243 57 iiberhanpt
1329 522 111 55 nicht
1473 524 280 47 aneinander.
2268 526 5 7 «

519 617 43 42 2.
601 613 49 46 Z.
676 611 74 49 St.
775 610 55 48 T.
853 611 136 56 sagte:
1029 609 99 56 ,,Gs
1153 609 93 56 gibt
1271 610 98 47 kein
1394 610 158 57 Genie;
1594 624 50 34 es
1668 611 94 56 gibt
1786 624 83 34 nur
1894 612 136 56 stets.
2083 612 124 48 Was
2230 613 60 56 ich
2315 614 102 57 mit,

347 696 115 47 kann
488 695 61 55 ich
577 693 145 56 auch.«
779 693 80 56 Ich
886 692 246 48 erwiderte:
1175 693 110 58 »Ja,
1313 693 105 48 aber
1447 693 60 56 ich
1537 693 88 48 will
1654 707 96 43 nur,
1780 707 96 35 was
1904 695 61 55 ich
1995 696 163 47 kaum«

517 781 171 48 Gott.
740 780 113 56 Zum
881 780 143 58 Geiste
1050 780 116 48 Gott
1193 794 47 43 zn
1267 782 144 56 sagen,
1434 782 120 47 wäre
1581 782 231 57 Lästerung
1838 784 76 46 der
1941 783 175 58 Ratur;
2158 798 72 43 zur
2257 785 159 51 Ratnr

345 866 113 48 Gott
483 879 46 43 zn
553 867 142 55 sagen,
718 865 232 56 Lästerung
973 865 79 47 des
1076 864 186 57 Geistes.
1315 865 164 56 Geseht
1504 878 101 44 nun,
1630 866 389 47 alleAntinomien
2045 867 137 56 lieszen
2207 867 75 56 sich
2308 869 106 55 auf«

343 949 131 56 lösen,
492 950 45 55 so
559 947 145 48 wiirde
728 949 58 46 im
809 947 343 57 Gesamtbereich
1174 949 80 46 des
1274 948 213 47 Denkens
1510 949 101 54 doch
1634 961 23 35 e
1674 948 14 47 i
1704 962 28 34 n
1755 949 345 57 Gegeusatzpaar
2123 951 180 55 bleiben,
2330 953 84 46 das

335 1031 153 55 nicht
507 1033 125 47 unter
653 1031 157 57 höhere
832 1030 177 58 Ginheit
1030 1045 47 45 zu
1096 1031 182 57 bringen
1299 1033 137 47 Nu:
1460 1033 68 47 die
1553 1033 243 56 Antithesis
1819 1045 85 35 von
1927 1033 229 47 Seiendem
2173 1034 85 46 nnd
2275 1034 112 47 Sein-

340 1117 237 58 sollendem,
607 1116 121 47 Gros
759 1116 86 47 nnd
874 1116 160 57 Logos,
1063 1116 157 48 Ratnr
1250 1117 85 47 nnd
1365 1116 135 56 Geist.
1556 1117 114 55 Ihre
1701 1116 177 56 Giuheit
1909 1118 119 46 wäre
2058 1119 83 46 das
2169 1118 243 57 schlechthin

340 1199 350 58 Unbegreifliche.
745 1200 188 47 Rennen
961 1199 82 48 wir
1069 1195 55 61 sie
1149 1199 131 56 Gott,
1304 1200 45 57 so
1375 1200 241 47 entkleiden
1643 1200 82 48 wir
1751 1201 252 55 wenigstens
2029 1201 80 47 den
2139 1201 101 56 Satz
2267 1201 144 58 »Gott

337 1280 50 61 ist
424 1285 83 45 das
544 1280 363 59 Unbegreisliche«
957 1282 136 58 seiner
1144 1281 426 58 Gemeinplälzigkeit
1621 1284 86 46 und
1744 1283 479 57 Verschwommenheit.
2289 1283 123 55 Anch

338 1367 122 55 lohnt
491 1380 50 34 es
570 1366 76 57 sich
675 1366 130 56 wohl,
831 1367 95 47 edle
954 1365 212 57 Begriffe
1194 1379 47 43 zu
1271 1367 155 57 retten,
1457 1367 265 56 abgetatzten
1751 1367 82 47 den
1863 1368 118 46 alten
2012 1367 155 57 Glanz,
2198 1367 182 57 kompro-

337 1449 236 48 mittierten
606 1450 94 56 ihre
732 1448 175 49 Wiirde
937 1449 357 57 wiederzugeben.

508 1538 43 56 H
566 1551 29 33 a
612 1551 26 34 n
654 1551 28 43 p
697 1541 21 45 t
733 1550 41 35 m
790 1550 29 34 a
834 1550 28 35 n
878 1552 27 35 n
930 1536 250 60 (Gerhart).
1233 1537 155 57 Dieser
1414 1537 180 56 Dichter
1622 1537 157 58 schrieb
1805 1539 117 55 ,,Die
1947 1539 196 47 Weber«
2170 1540 84 46 nnd
2281 1541 128 55 bezog

335 1620 130 69 dann,
495 1621 78 47 mit
601 1621 96 47 dem
728 1619 284 50 Einkommen
1043 1621 120 47 eines
1190 1619 474 59 Grosznnternehmers
1693 1622 92 47 eine
1814 1621 128 48 Villa
1972 1623 76 46 der
2080 1623 119 50 Göte
2229 1625 179 55 d’Azur.

335 1705 114 68 Kurz
472 1718 82 34 vor
576 1705 94 46 dem
694 1705 159 56 Kriege
874 1704 78 57 sah
973 1716 100 36 man
1094 1692 187 68 Photos
1304 1709 86 43 von
1413 1704 103 56 ihm,
1539 1704 79 48 wie
1641 1718 65 42 er,
1728 1705 44 46 in
1795 1705 76 47 der
1895 1705 213 56 Kleidung
2130 1706 119 46 eines
2274 1704 106 56 nach-

334 1788 173 57 lässigen
532 1788 210 56 Glåganh
763 1801 59 34 an
844 1787 82 49 den
951 1788 214 48 Vitrinen
1188 1788 135 57 seiner
1347 1788 364 57 archäologischen
1737 1788 257 57 Sammlung
2019 1790 131 54 lehnt.
2189 1789 80 56 Ich
2295 1790 110 55 habe

333 1879 84 49 gar
444 1871 136 56 nichts
605 1885 133 43 gegen
762 1872 81 48 den
868 1872 149 48 Luxus
1041 1869 129 61 lnicht
1196 1872 67 47 die
1289 1872 191 56 Reichen
1506 1873 128 55 sollen
1661 1885 111 43 arm,
1797 1873 182 57 sondern
2006 1874 68 47 die
2099 1873 168 47 Armen
2296 1874 109 54 reich

333 1954 224 56 werdend;
609 1955 105 47 aber
751 1967 90 35 wer
876 1955 82 48 wie
991 1955 69 48 ein
1097 1954 367 57 Kommerzienrat
1499 1955 226 58 vegetiert,
1761 1956 94 48 dem
1890 1958 145 56 mäszte
2069 1970 51 35 es
2155 1956 252 57 wenigstens

335 2038 207 47 verboten
566 2038 99 58 sein,
688 2038 152 57 friiher
865 2038 117 57 »Die
1007 2038 198 49 Weber«
1227 2038 263 58 geschrieben
1513 2052 47 44 zu
1587 2040 154 56 haben.

504 2127 206 57 Segel.
768 2127 109 49 Sein
904 2127 173 57 Fehler:
1122 2127 107 57 Dass
1261 2141 46 34 er
1337 2128 82 47 den
1448 2127 147 57 Logos
1624 2141 84 35 ans
1735 2129 94 47 dem
1859 2128 171 48 Deuter
2059 2129 72 47 ins
2162 2129 241 47 Gedeutete

335 2210 164 56 verlegt
525 2210 85 47 nnd
632 2210 95 48 dem
752 2210 147 56 Gthos
921 2210 138 49 damit
1081 2210 112 48 allen
1215 2210 154 48 Raum
1391 2211 147 48 raubt.
1574 2210 153 58 ,,Was
1751 2210 189 57 wirklich
1965 2211 63 58 ist,
2050 2210 50 59 ist
2123 2209 280 60 verniinftigE

331 2296 119 57 heifzt
471 2296 183 57 lwofern
677 2290 244 62 ,,wirklich«
945 2287 111 64 nicht
1077 2309 130 44 zuvor
1230 2296 236 56 insgeheim
1487 2296 71 48 als
1581 2296 298 57 Bezeichnung
1901 2298 73 56 fiir
1997 2299 85 46 das
2104 2299 299 56 Verniinftige

332 2379 279 56 introduziert
644 2380 123 47 ward
799 2400 60 8 ——
891 2391 96 36 was
1023 2380 122 56 jenen
1180 2379 292 56 Satz-Götzen
1507 2381 72 46 als
1614 2381 121 47 einen
1772 2380 137 57 höchst
1944 2381 209 47 tönernen
2188 2381 215 55 enthüllen

331 2463 162 56 würde,
522 2463 175 56 nämlich
728 2463 71 48 als
829 2463 294 57 Cautologiey
1155 2464 137 47 Jeder
1321 2463 195 57 Versuch
1547 2464 118 47 einer
1696 2463 405 58 Rationalisiernng
2132 2465 78 46 des
2242 2464 127 56 Empf-

334 2548 154 64 rischeu
516 2548 49 57 ist
591 2546 367 59 gegenstandslos;
999 2548 110 47 denn
1138 2548 146 47 Ratio
1311 2546 49 58 ist
1387 2548 95 47 dem
1510 2547 289 57 Gmpirifchen
1829 2548 120 57 schon
1978 2548 247 59 immanent,
2254 2548 148 55 wohnt

332 2633 87 55 ihm
446 2633 112 47 inne.
611 2633 228 56 Vernunft
866 2633 45 49 in
937 2633 69 47 die
1031 2631 307 56 Wirklichkeit
1368 2665 14 15 .
1412 2666 14 13 .
1455 2667 14 13 .
1494 2632 122 56 hiesze
1644 2632 139 47 Gulen
1810 2633 103 56 nach
1941 2633 150 56 Athen
2117 2635 174 55 tragen;
2333 2632 67 48 die

332 2701 304 70 Wirklichkeit
669 2717 49 57 in
753 2713 136 59 nichts
921 2716 72 48 ais
1027 2715 68 49 die
1132 2713 238 58 iceiichciche
1407 2715 125 56 Hiiae
1568 2716 79 46 des
1685 2713 341 59 Weit-Seines,
2062 2717 75 47 de:
2174 2715 226 47 »meine-««-

331 2801 185 57 sionalen
538 2801 244 57 objektiven
805 2802 229 56 Vernunft
1054 2821 60 7 —-
1136 2800 152 56 welche
1308 2812 100 35 vom
1433 2800 228 56 Snbselcte,
1683 2800 132 57 dieser
1840 2801 304 54 verächtlichen
2168 2799 232 55 Riikrobe,

331 2896 85 35 ans
448 2884 43 48 in
521 2885 67 47 die
618 2884 304 56 Wirklichkeit
952 2884 251 57 eingeleiteu
1232 2897 48 44 zu
1309 2884 167 59 wollen,
1505 2884 229 55 vermessen
1765 2884 85 47 nnd
1881 2884 190 56 lachhaft
2101 2884 134 47 wäre.
2294 2884 106 46 Das

331 2962 220 59 Hegelsche
582 2964 163 49 Axiom
773 2964 199 50 bedeutet
1001 2965 218 56 demnach:
1265 2964 232 57 Heiligung
1528 2965 110 47 alles
1668 2963 323 58 Vorhaudnen;
2039 2964 250 58 Befreiung
2321 2964 77 46 des

330 3045 272 58 geschichtlich
636 3046 299 51 Gewordenen
969 3061 86 35 von
1087 3049 78 47 der
1198 3046 186 59 Pflicht,
1417 3048 77 57 sich
1528 3048 71 46 als
1633 3049 146 56 gesollt
1816 3061 45 44 zn
1897 3047 319 57 rechtfertigen;
2266 3047 99 46 Rus-

330 3129 212 58 lchAlkUUg
612 3145 85 38 von
742 3132 266 72 södeologie,
1078 3132 162 57 Gthos,
1307 3132 136 60 Geist,
1512 3131 181 57 Utopik;
1761 3131 320 57 Ansschaltung
2154 3129 242 57 iiberhaupt

330 3212 108 49 des
531 3213 63 46 Ri
610 3215 96 57 ens
722 3214 43 56 a)
782 3217 94 55 en,
970 3216 73 49 als
1138 3217 79 47 des
1313 3215 269 58 eingesetzten
1676 3214 339 58 Verschwörers
2098 3228 133 44 gegen
2329 3212 66 47 die

330 3285 174 70 Ratnr;
544 3283 360 74 Ratnralismnsz
946 3289 249 68 Apotheose
1235 3301 77 47 der
1352 3299 101 59 lunr
1506 3299 128 57 durch
1685 3299 303 57 automatische
2040 3282 354 74 ,,Gntwiclclung«

329 3381 292 58 gemilderten)
648 3383 289 57 Veharrnngz
979 3383 199 57 krasseste
1205 3385 85 47 nnd
1320 3384 338 56 konsegueuteste
1687 3383 174 57 soriuel
1887 3382 78 49 des
1993 3381 402 59 Kouservatismum
