2865 3987
882 3184 70 36 294

1556 963 128 46 THE
1713 963 186 42 WORD

980 1126 22 38 I
1035 1123 119 42 have
1186 1137 27 27 a
1243 1121 132 42 facile
1404 1121 176 50 beauty
1609 1119 105 42 that
1745 1117 38 43 is
1813 1121 137 39 sweet

1098 1197 23 39 I
1148 1195 132 42 skate
1306 1208 59 28 on
1392 1193 80 42 the
1499 1192 121 42 roofs
1647 1191 48 42 of
1719 1190 80 43 the
1825 1189 144 42 winds

1097 1269 23 40 I
1151 1267 131 42 skate
1313 1279 60 28 on
1403 1265 79 42 the
1513 1263 121 43 roofs
1665 1262 48 43 of
1742 1263 80 42 the
1851 1276 99 29 seas

1102 1341 24 39 I
1158 1352 76 28 am
1263 1338 186 42 become
1479 1335 294 44 sentimental

1040 1413 25 40 I
1096 1425 58 27 no
1185 1410 155 53 longer
1369 1410 136 40 know
1535 1408 80 42 the
1645 1407 251 41 conductor

981 1486 24 40 I
1037 1483 82 43 stir
1149 1497 58 27 no
1241 1495 123 28 more
1394 1480 88 43 silk
1512 1479 197 54 clinging
1739 1483 49 38 to
1818 1478 68 41 ice

1101 1557 23 39 I
1157 1568 76 29 am
1262 1553 48 42 ill
1341 1553 173 43 flowers
1545 1552 92 42 and
1666 1550 189 56 pebbles

1041 1630 24 39 I
1096 1627 89 44 like
1216 1627 79 42 the
1328 1629 120 39 most
1481 1624 188 43 Chinese
1700 1623 47 42 of
1777 1624 79 41 the
1887 1622 151 42 naked
2069 1636 109 28 ones

987 1703 22 39 I
1040 1700 90 42 like
1161 1700 79 42 the
1272 1703 120 38 most
1423 1697 153 43 naked
1606 1695 47 43 in
1684 1695 80 42 the
1795 1694 119 43 flock
1945 1693 48 44 of
2022 1693 125 43 birds

1049 1775 23 40 I
1105 1786 75 29 am
1209 1771 77 44 old
1316 1771 86 42 but
1433 1770 105 42 here
1569 1771 24 39 I
1625 1782 75 29 am
1731 1766 226 44 beautiful

984 1845 106 43 And
1123 1845 79 41 the
1237 1843 209 43 shadows
1479 1841 106 42 that
1619 1839 81 44 fall
1733 1839 120 43 from
1884 1838 230 56 profound
2147 1836 215 43 windows

929 1918 141 56 Spare
1102 1916 112 43 each
1246 1916 130 54 night
1409 1915 80 41 the
1522 1912 115 44 dark
1669 1913 130 41 heart
1827 1911 48 43 of
1908 1926 79 37 my
2019 1923 118 40 eyes.

1608 2097 182 46 SUITE

871 2260 144 55 Sleep,
1047 2259 80 42 the
1155 2271 138 29 moon
1320 2257 48 41 in
1395 2270 87 29 one
1510 2270 82 37 eye
1622 2254 91 43 and
1740 2253 80 43 the
1848 2267 87 28 sun
1962 2252 48 42 in
2037 2252 80 42 the
2147 2251 132 42 other

813 2332 41 43 A
877 2346 155 39 young
1058 2331 103 42 love
1185 2330 49 41 in
1258 2329 87 52 thy
1371 2327 176 50 mouth,
1577 2342 26 26 a
1629 2326 102 42 bird
1756 2326 48 41 in
1829 2326 88 51 thy
1941 2324 113 49 hair,

872 2406 172 41 Ornate
1079 2417 49 28 as
1161 2402 81 42 the
1275 2400 143 50 fields,
1453 2400 81 41 the
1565 2399 169 50 woods,
1770 2398 81 42 the
1884 2398 134 41 roads
2051 2396 93 42 and
2177 2396 79 42 the
2288 2409 78 29 sea

932 2474 235 46 Beautiful
1202 2474 93 42 and
1331 2477 161 38 ornate
1527 2485 49 29 as
1611 2471 80 43 the
1724 2469 143 44 wheel
1901 2469 49 43 of
1984 2469 79 42 the
2096 2467 155 43 world.

1049 2598 86 53 Fly
1166 2611 151 30 across
1348 2596 80 43 the
1458 2595 259 55 landscape,

816 2672 179 55 Among
1027 2672 80 42 the
1134 2670 222 44 branches
1385 2668 49 44 of
1461 2668 158 43 smoke
1649 2667 92 43 and
1770 2666 59 43 all
1858 2666 80 42 the
1968 2664 111 43 fruit
2109 2664 47 42 of
2194 2664 80 42 the
2303 2662 134 50 wind,

993 2747 115 51 Iyegs
1138 2743 48 43 of
1214 2747 133 39 stone
1376 2741 113 43 with
1519 2740 233 54 stockings
1783 2739 47 43 of
1858 2737 117 44 sand

934 2816 157 43 Taken
1121 2817 62 51 by
1214 2816 80 42 the
1323 2814 146 50 waist,
1502 2813 113 42 with
1646 2812 59 43 all
1735 2812 80 42 the
1846 2810 193 43 muscles
2069 2809 48 43 of
2146 2809 79 42 the
2255 2808 119 43 river

876 2889 105 43 And
1016 2888 80 43 the
1131 2887 90 43 last
1256 2887 145 42 frown
1436 2901 60 28 on
1533 2900 26 27 a
1594 2885 155 53 visage
1782 2882 321 44 transformed.
