2865 3987
760 3208 69 43 336

700 667 115 38 After
838 677 81 36 you
942 665 102 37 have
1069 663 205 39 confessed
1296 668 44 33 to
1364 675 63 26 me
1449 664 93 39 that
1563 663 113 37 there
1698 673 101 26 were
1821 661 135 37 others
1979 658 135 40 before
2137 659 83 37 him
2243 663 43 32 at
2309 658 185 38 Madame

702 729 136 37 Pace's
865 727 81 37 and
977 738 110 26 more
1117 727 103 37 than
1250 738 99 26 once
1366 755 9 9 .
1396 755 7 8 .
1423 755 7 8 .

799 789 90 39 The
917 788 363 40 Step-Daughter
1319 787 159 48 (bowing
1512 786 65 37 her
1611 786 108 44 head,
1758 783 235 50 impressed).
2047 783 75 38 It's
2156 788 103 32 true.
2318 784 82 35 But
2436 795 38 24 re-

700 852 177 38 member
894 851 116 38 those
1030 851 135 37 others
1185 861 117 26 mean
1321 849 84 36 him
1424 850 60 36 for
1504 860 62 25 me
1587 847 52 37 all
1663 848 71 37 the
1760 858 121 26 same.

800 913 94 39 The
920 915 215 36 Manager
1171 912 79 48 [not
1282 909 312 49 understanding)
1632 910 122 37 What
1772 908 15 38 ?
1842 908 84 37 The
1959 908 136 37 others
2112 904 15 40 ?
2184 906 122 38 What
2335 905 50 36 do
2413 916 82 36 you

698 986 119 27 mean
834 975 15 37 ?

801 1037 90 38 The
920 1037 376 38 Step-Daughter.
1351 1035 77 37 For
1462 1046 75 26 one
1570 1034 88 36 who
1691 1033 74 38 has
1797 1044 99 35 gone
1930 1042 148 35 wrong,
2112 1030 67 44 sir,
2206 1030 51 37 he
2289 1029 89 36 who
2415 1040 79 26 was

699 1098 243 50 responsible
994 1098 62 37 for
1107 1098 72 37 the
1232 1098 88 38 first
1362 1096 103 38 fault
1506 1096 33 38 is
1582 1094 242 48 responsible
1863 1094 61 36 for
1972 1092 52 37 all
2074 1093 92 36 that
2219 1091 144 38 follow.
2434 1093 60 35 He

700 1161 33 39 is
752 1160 244 48 responsible
1015 1160 61 37 for
1097 1172 69 34 my
1185 1159 138 43 faults,
1343 1170 94 31 was,
1458 1170 100 26 even
1578 1158 134 37 before
1731 1159 21 34 I
1771 1168 80 25 was
1871 1156 111 36 born.
2036 1154 114 41 I,ook
2179 1157 43 33 at
2264 1153 84 37 him
2366 1153 7 37 !
2414 1152 80 36 and

700 1236 63 25 see
787 1224 29 36 if
842 1223 33 37 it
913 1222 95 38 isn't
1033 1226 91 32 true
1142 1221 7 37 !

799 1284 94 38 The
919 1285 224 35 Manager.
1200 1282 112 43 Well,
1342 1282 99 37 well.
1495 1281 92 36 And
1617 1280 94 39 does
1738 1280 70 37 the
1838 1280 144 46 weight
2012 1279 41 36 of
2081 1290 43 25 so
2152 1277 121 36 much
2300 1276 169 48 responsi-

700 1347 118 45 bility
839 1357 106 28 seem
968 1345 168 45 nothing
1156 1348 45 32 to
1223 1355 82 33 you
1323 1343 14 37 ?
1395 1343 98 38 Give
1516 1342 83 38 him
1627 1355 23 23 a
1674 1343 146 36 chance
1842 1346 44 32 to
1909 1346 66 32 act
1997 1340 47 43 it,
2065 1344 44 32 to
2133 1344 65 43 get
2225 1338 33 37 it
2285 1350 106 26 over.

800 1407 92 39 The
919 1407 375 38 Step-Daughter.
1349 1406 104 34 How
1470 1405 14 36 ?
1541 1406 104 34 How
1665 1416 74 28 can
1759 1405 50 35 he
1830 1408 67 32 act
1924 1403 53 36 all
1995 1402 61 39 his
2125 1401 117 37 noble
2262 1412 192 26 remorses

699 1470 53 36 all
768 1469 62 38 his
888 1469 127 36 moral
1039 1472 200 32 torments
1297 1467 32 35 if
1355 1478 81 34 you
1453 1470 107 33 want
1577 1470 44 32 to
1639 1477 115 35 spare
1769 1464 85 38 him
1879 1466 70 36 the
1981 1465 137 36 horror
2150 1463 41 37 of
2208 1463 118 45 being
2342 1462 132 38 discov-

698 1531 92 38 ered
827 1543 75 24 one
936 1529 80 46 day
1048 1550 40 5 —
1119 1529 103 37 after
1255 1529 49 36 he
1328 1527 80 39 had
1432 1527 122 39 asked
1578 1528 70 36 her
1674 1528 108 36 what
1806 1527 49 37 he
1879 1526 69 37 did
1972 1526 72 38 ask
2065 1526 70 36 her
2164 1547 40 3 —
2234 1526 42 36 in
2297 1525 71 37 the
2391 1536 105 25 arms

699 1594 41 35 of
766 1594 83 42 her,
871 1594 92 36 that
987 1592 163 45 already
1175 1590 122 38 fallen
1320 1601 170 31 woman,
1512 1590 92 36 that
1628 1589 119 43 child,
1771 1588 66 44 sir,
1860 1588 92 38 that
1980 1587 106 38 child
2107 1588 51 35 he
2180 1587 97 38 used
2298 1590 44 33 to
2366 1587 131 35 watch

700 1667 111 26 come
837 1660 72 31 out
936 1654 42 36 of
1005 1653 135 39 school
1158 1653 14 36 ?
1233 1652 88 48 [She
1349 1651 35 36 is
1410 1651 157 47 moved).

804 1716 105 48 (The
945 1716 181 38 Mother
1152 1718 38 33 at
1213 1714 75 37 this
1312 1714 110 48 point
1446 1714 34 36 is
1505 1724 185 25 overcome
1714 1712 89 37 with
1828 1712 175 43 emotion,
2029 1711 78 37 and
2132 1710 130 37 breaks
2286 1713 65 33 out
2375 1709 78 36 into
2473 1721 22 24 a

699 1778 41 45 fit
771 1779 38 46 of
835 1778 143 48 crying.
1084 1776 68 38 All
1183 1788 62 25 are
1277 1775 164 37 touched.
1497 1775 32 36 A
1561 1776 88 46 long
1673 1774 151 48 pause).

799 1840 92 39 The
918 1839 363 39 Step-Daughter
1318 1838 57 48 (<zs
1402 1849 91 25 soon
1521 1849 43 25 as
1596 1837 59 36 the
1687 1836 152 37 Mother
1873 1836 161 36 becomes
2067 1847 23 24 a
2112 1834 93 37 little
2231 1833 151 49 quieter,
2403 1832 93 37 adds

698 1903 197 46 resolutely
915 1902 76 36 and
1017 1901 179 47 gravely).
1248 1900 55 38 At
1323 1904 172 43 present,
1516 1912 57 24 we
1601 1911 66 25 are
1686 1899 200 36 unknown
1906 1903 43 32 to
1969 1898 69 36 the
2055 1896 145 48 public.
2254 1895 241 43 Tomorrow,

699 1977 81 34 you
797 1964 79 37 will
895 1969 66 32 act
987 1976 47 25 us
1054 1976 43 25 as
1114 1974 81 34 you
1214 1962 110 44 wish,
1343 1962 175 47 treating
1537 1973 47 26 us
1602 1961 41 38 in
1662 1973 100 33 your
1780 1972 89 25 own
1889 1971 176 25 manner.
2095 1961 82 34 But
2197 1957 50 37 do
2274 1969 82 34 you
2373 1957 124 45 really

699 2031 109 32 want
834 2031 44 32 to
899 2039 63 25 see
983 2025 152 43 drama,
1157 2025 51 35 do
1228 2036 81 34 you
1335 2028 108 33 want
1470 2028 44 32 to
1533 2035 66 27 see
1618 2022 33 38 it
1672 2022 101 39 flash
1799 2027 72 33 out
1892 2034 43 26 as
1972 2021 33 37 it
2032 2021 126 45 really
2184 2020 69 36 did
2271 2020 15 36 ?

800 2088 92 38 The
919 2089 225 37 Manager.
1200 2086 52 37 Of
1285 2099 149 25 course.
1488 2084 142 39 That's
1662 2083 83 48 just
1773 2084 109 37 what
1917 2084 98 38 Ido
2058 2088 108 32 want
2194 2095 42 25 so
2272 2084 20 35 I
2326 2093 75 25 can
2427 2092 69 27 use

700 2164 43 25 as
771 2150 118 38 much
917 2150 43 36 of
985 2150 33 37 it
1046 2162 44 25 as
1117 2149 32 38 is
1175 2148 185 47 possible.

799 2212 93 39 The
919 2212 376 38 Step-Daughter.
1350 2210 101 37 Well
1493 2209 111 43 then,
1650 2209 73 37 ask
1747 2208 92 38 that
1885 2208 156 37 Mother
2085 2208 113 36 there
2224 2211 44 32 to
2295 2205 113 37 leave
2435 2216 58 26 us.

799 2274 93 39 The
919 2276 182 36 Mother
1119 2277 17 44 (<
1136 2272 186 48 changing
1333 2272 65 37 her
1410 2274 69 35 low
1505 2270 129 49 plaint
1647 2270 79 37 into
1740 2282 24 25 a
1778 2270 115 48 sharp
1909 2270 91 47 cry).
2055 2270 63 35 No
2138 2269 6 36 !
2199 2270 63 35 No
2281 2269 7 35 !

698 2336 125 37 Don't
850 2336 147 47 permit
1023 2335 33 38 it
1084 2335 73 43 Sir,
1194 2334 113 37 don't
1334 2333 147 48 permit
1507 2333 33 38 it
1559 2335 7 34 !

798 2398 93 39 The
917 2400 226 36 Manager.
1200 2399 81 35 But
1308 2396 69 38 it's
1403 2397 96 44 only
1524 2401 44 32 to
1594 2400 70 40 tiy
1688 2394 45 38 it.

799 2460 92 40 The
918 2462 194 37 Mother.
1169 2462 20 34 I
1217 2458 109 38 can't
1354 2459 95 37 bear
1475 2458 46 37 it.
1576 2460 20 34 I
1624 2457 121 37 can't.

799 2521 92 41 The
917 2524 225 36 Manager.
1199 2523 82 34 But
1304 2521 106 37 since
1432 2521 33 36 it
1488 2520 73 37 has
1582 2519 212 47 happened
1817 2517 173 46 already.
2046 2519 21 36 I
2094 2517 112 37 don't
2235 2514 260 38 understand.

799 2583 92 40 The
918 2586 193 36 Mother.
1167 2583 74 39 It's
1261 2583 141 46 taking
1422 2583 113 46 place
1556 2593 101 25 now.
1711 2583 41 35 It
1772 2582 180 45 happens
1980 2580 52 37 all
2062 2580 70 37 the
2161 2580 111 37 time.
2327 2578 70 45 My
2415 2583 62 32 tor-

700 2651 109 32 ment
837 2647 94 37 isn't
947 2658 22 25 a
983 2645 220 48 pretended
1215 2657 87 26 one.
1357 2647 21 34 I
1404 2644 78 37 live
1497 2644 80 37 and
1591 2643 76 40 feel
1681 2655 122 33 every
1829 2643 154 37 minute
1996 2643 42 36 of
2052 2653 69 34 my
2146 2646 168 33 torture.
2368 2639 129 38 Those

700 2713 79 31 two
808 2709 175 37 children
1009 2709 112 36 there
1154 2729 39 4 —
1223 2709 103 36 have
1354 2718 80 34 you
1462 2707 122 37 heard
1620 2706 113 38 them
1770 2705 125 47 speak
1911 2704 15 37 ?
1982 2703 113 46 They
2121 2704 109 37 can't
2268 2702 124 47 speak
2419 2713 78 32 any

700 2782 117 26 more.
870 2770 113 45 They
1009 2770 104 46 cling
1136 2775 44 31 to
1206 2781 63 25 me
1292 2774 43 32 to
1362 2770 98 46 keep
1486 2781 70 32 my
1580 2771 179 35 torment
1784 2767 135 37 actual
1944 2766 80 37 and
2049 2766 112 37 vivid
2195 2765 62 37 for
2286 2775 74 26 me.
2417 2765 80 34 But

698 2833 61 36 for
785 2833 254 42 themselves,
1063 2832 100 44 they
1190 2831 50 36 do
1268 2836 72 32 not
1364 2830 118 44 exist,
1508 2832 98 44 they
1629 2830 129 36 aren't
1801 2841 82 33 any
1925 2840 120 25 more.
2099 2827 92 37 And
2215 2827 70 37 she
2323 2825 155 48 [indicat-

698 2893 67 50 ing
790 2893 317 51 Step-Daughter)
1136 2894 73 37 has
1232 2905 77 25 run
1336 2905 126 33 away,
1489 2894 68 36 she
1582 2893 73 37 has
1679 2891 73 38 left
1778 2903 63 25 me
1863 2891 79 36 and
1963 2890 34 38 is
2015 2890 90 38 lost.
2132 2889 38 36 If
2192 2891 20 35 I
2232 2900 89 24 now
2342 2899 64 25 see
2429 2888 68 36 her

696 2959 93 35 here
816 2958 135 37 before
978 2968 76 31 me,
1082 2956 33 37 it
1148 2954 34 40 is
1209 2956 96 45 only
1329 2960 44 32 to
1408 2967 129 24 renew
1563 2955 61 36 for
1660 2964 62 27 me
1755 2954 70 37 the
1858 2956 178 34 tortures
2064 2954 19 35 I
2111 2952 102 37 have
2240 2949 170 40 suffered
2437 2950 60 36 for

696 3020 70 38 her
792 3024 82 33 too.

797 3081 92 40 The
917 3081 186 39 Father.
1157 3079 84 39 The
1276 3080 154 38 eternal
1457 3079 205 38 moment!
1718 3078 77 38 She
1834 3077 228 48 [indicating
2095 3076 60 37 the
2178 3073 315 52 Step-Daughter)
