2865 3987
2018 3179 67 35 305

478 3239 18 27 3

449 634 121 47 Truly
591 647 23 24 a
637 633 97 38 droll
756 633 222 47 apparition
998 633 79 38 had
1099 645 110 26 come
1231 645 105 36 upon
1359 645 57 33 us,
1442 633 78 37 and
1542 646 97 26 even
1661 635 113 37 those
1795 634 108 47 lying
1926 634 123 38 under
2070 636 70 37 the

350 697 127 38 tables
494 696 123 38 found
635 696 96 37 time
748 701 43 31 to
809 700 95 32 turn
922 696 78 36 and
1019 696 92 47 fling
1138 696 69 36 the
1225 694 156 38 bruised
1415 696 149 38 flowers
1581 696 97 46 they
1694 696 80 36 had
1800 701 42 32 at
1860 696 107 36 hand
1984 701 71 32 not
2072 701 68 33 too

351 757 219 49 dejectedly
590 763 41 32 at
651 759 93 36 him.
798 759 39 35 It
857 757 79 37 had
957 757 97 37 been
1075 770 23 23 a
1118 769 93 24 man
1232 759 20 34 I
1271 757 187 47 gathered
1479 759 142 37 almost
1641 762 43 32 at
1703 769 108 33 once,
1847 759 152 45 though
2032 759 109 36 there

351 833 79 25 was
451 820 101 38 little
575 820 154 46 enough
750 819 41 37 of
811 819 69 36 the
903 830 92 25 man
1017 819 72 37 left
1110 819 41 37 in
1172 820 91 36 that
1285 819 132 47 figure.
1472 821 138 35 Where
1642 820 141 37 should
1814 820 102 36 have
1939 819 98 37 been
2058 832 85 25 ears

350 896 99 24 were
468 882 73 37 but
560 882 113 43 tufts,
693 880 78 37 and
787 880 60 38 his
863 880 74 49 lips
955 894 99 24 were
1073 881 152 38 slashed
1245 880 41 37 in
1303 881 69 36 the
1392 881 156 38 clown's
1567 881 86 47 grin
1672 882 79 36 and
1771 880 128 38 baked
1919 882 96 35 with
2034 881 106 46 dyes,

351 944 79 37 and
452 944 106 36 what
582 942 79 37 had
684 943 98 36 been
804 955 106 25 scars
948 954 106 35 upon
1077 942 59 38 his
1160 943 107 45 body
1289 943 79 36 had
1392 943 97 36 been
1500 943 158 43 altered,
1682 943 147 47 shaped
1852 943 77 36 and
1940 943 202 37 fashioned

351 1007 55 45 by
429 1006 164 45 cutting,
619 1004 56 45 by
697 1004 203 46 branding,
926 1004 79 36 and
1029 1004 55 45 by
1105 1006 69 34 the
1199 1004 149 47 eatings
1372 1006 40 35 of
1436 1005 117 44 acids,
1578 1006 85 35 into
1687 1005 68 36 the
1778 1005 165 37 likeness
1967 1005 41 35 of
2030 1005 113 37 those

351 1067 173 46 symbols
547 1065 79 37 and
647 1066 126 37 ribald
795 1066 174 47 writings
990 1065 261 38 unrestricted
1273 1066 99 45 boys
1395 1066 77 36 and
1495 1066 92 47 girls
1609 1067 136 36 scrawl
1777 1079 51 24 on
1849 1067 68 36 the
1934 1067 108 36 walls
2065 1065 78 37 and

351 1133 232 43 pavements
605 1128 40 36 of
665 1129 87 42 low,
774 1128 183 38 secluded
979 1128 211 46 by-places.
1242 1126 108 39 Thus
1371 1139 80 25 was
1472 1128 49 36 he
1543 1128 73 36 but
1639 1140 22 24 a
1682 1128 168 46 walking
1871 1127 137 47 legend
2030 1128 40 36 of
2092 1128 51 36 all

351 1192 70 36 the
444 1190 83 37 foul
548 1189 69 38 wit
640 1190 41 37 of
703 1190 69 37 the
795 1190 132 36 world.

452 1252 139 37 Before
619 1253 68 35 the
715 1252 141 36 throne
885 1251 49 37 he
962 1251 115 38 stood
1107 1251 78 36 and
1214 1251 115 36 made
1349 1263 24 24 a
1388 1251 213 37 humorous
1628 1251 244 38 contraction
1901 1251 126 37 which
2051 1251 94 45 only

351 1314 61 38 his
440 1314 148 37 broken
616 1314 122 45 joints
764 1313 225 48 permitted,
1020 1313 79 37 and
1129 1314 143 47 Bixnip
1299 1313 126 38 shook
1452 1314 96 36 with
1575 1313 189 47 laughter.

490 1376 148 46 Laugh,
665 1376 299 46 Zu-pa-cat-lan,
1033 1376 143 47 Bixnip
1201 1374 177 45 shouted,
1444 1375 118 46 laugh
1587 1375 297 47 Zu-pa-cat-lan.

450 1437 123 48 Again
601 1437 68 37 the
688 1437 79 37 fool
783 1436 250 46 whimsically
1049 1437 188 37 distorted
1254 1437 152 38 himself
1423 1457 51 5 —
1490 1449 96 33 very
1605 1436 161 38 fanciful
1790 1436 68 37 the
1878 1440 152 43 gesture
2052 1448 90 32 was,

352 1499 78 38 and
451 1500 97 36 with
568 1512 51 24 an
640 1503 231 42 outrageous
903 1498 205 38 innuendo.
1154 1500 182 36 Whereat
1357 1500 68 36 the
1456 1499 122 37 whole
1599 1503 113 33 court
1743 1498 141 37 rocked
1912 1498 112 47 again
2049 1497 96 37 with

350 1562 189 47 laughter,
564 1560 78 38 and
664 1561 141 47 Bixnip
828 1561 90 44 also,
943 1561 89 43 and,
1056 1561 177 47 glancing
1255 1565 42 32 at
1318 1562 68 35 the
1408 1560 183 44 Princess,
1616 1562 21 35 I
1658 1559 187 39 observed
1866 1561 68 36 her
1957 1571 88 34 eyes
2065 1564 79 33 rest

352 1635 52 25 on
431 1624 70 36 the
528 1623 91 44 fool,
651 1622 79 38 and
757 1623 97 37 then
882 1623 68 37 she
979 1622 149 39 smiled.
1182 1623 138 46 Seeing
1341 1622 69 36 the
1440 1622 175 38 Princess
1643 1621 110 38 smile
1780 1621 70 37 the
1879 1621 124 37 whole
2032 1624 113 34 court

351 1684 185 49 stamped
561 1684 79 37 and
661 1685 125 37 shook
809 1684 115 47 again
945 1684 97 37 with
1061 1684 180 47 laughter
1261 1684 49 37 all
1332 1685 69 36 the
1425 1696 107 25 more
1554 1682 181 47 heartily.
1783 1685 80 34 But
1883 1683 70 36 the
1974 1682 171 37 maimed

353 1752 175 33 monster
550 1747 138 38 ceased
709 1746 62 38 his
791 1746 194 48 spinning,
1010 1746 79 36 and
1112 1747 62 36 fell
1199 1745 133 38 before
1353 1757 58 26 us.

402 1808 94 38 This
518 1808 41 37 of
580 1820 136 27 course
737 1808 202 47 provoked
961 1813 153 42 greater
1136 1808 153 43 humor,
1314 1807 79 36 and
1416 1807 145 47 Bixnip
1599 1806 169 38 shouted
1804 1811 44 32 to
1870 1806 69 36 her
1962 1806 115 47 again
2098 1810 47 32 to

353 1871 131 47 laugh,
503 1870 79 37 and
598 1870 294 47 Zu-pa-cat-lan
908 1870 181 47 laughed.
1108 1869 110 38 Then
1235 1870 68 37 she
1319 1869 141 37 looked
1478 1869 115 47 again
1610 1873 43 32 at
1669 1869 69 36 the
1755 1868 91 44 fool,
1867 1868 78 36 and
1962 1870 21 35 I
2001 1868 145 37 behind

353 1934 81 43 her,
456 1945 94 24 over
569 1934 69 35 her
659 1932 194 43 shoulder,
875 1944 82 25 saw
976 1944 43 25 as
1039 1932 69 37 she
1129 1931 67 37 did
1214 1932 93 43 also,
1327 1935 42 33 at
1386 1931 91 37 that
1498 1934 177 33 moment
1694 1930 93 37 that
1802 1930 70 37 the
1892 1942 91 33 eyes
2000 1929 144 44 before,

353 1995 130 37 lidless
505 1994 78 36 and
605 1994 176 47 painted,
804 2006 101 24 were
926 1998 68 41 yet
1016 1994 69 36 the
1107 2006 90 33 eyes
1218 1993 91 37 that
1326 1992 80 37 had
1428 1992 91 38 held
1540 1997 193 43 pageants
1754 1992 41 37 in
1815 1992 123 44 them,
1952 2004 99 25 were
2063 1991 63 37 Ish-

353 2058 104 37 kar's
482 2069 99 33 eyes.
633 2056 91 37 And
748 2056 68 37 the
841 2056 109 37 smile
974 2056 139 47 passed
1137 2056 103 36 from
1263 2055 68 37 the
1355 2055 86 37 face
1465 2055 41 36 of
1530 2055 68 36 the
1623 2054 184 38 Princess.

451 2180 64 38 All
537 2180 80 38 this
639 2180 32 37 is
695 2180 74 37 but
793 2192 51 24 an
868 2180 99 36 hour
990 2180 115 43 since,
1131 2190 69 35 my
1223 2190 99 27 sons.
1391 2178 104 46 Only
1518 2190 51 25 an
1593 2178 99 37 hour
1709 2178 6 36 !
1769 2177 76 39 She
1868 2177 79 37 had
1970 2176 79 38 this
2073 2188 75 35 cup

353 2255 90 26 ever
465 2243 121 46 ready
607 2243 104 38 since
734 2244 21 35 I
778 2242 141 37 earned
942 2253 69 35 my
1033 2241 108 38 salad
1164 2242 55 46 by
1240 2242 44 37 it.
1337 2241 121 37 What
1481 2240 67 37 she
1581 2252 79 25 saw
1691 2241 38 35 in
1755 2239 68 37 the
1847 2239 168 37 maimed
2038 2238 110 38 fool's

353 2317 89 33 eyes
460 2307 21 35 I
498 2305 116 35 know
629 2309 82 39 not,
731 2316 70 24 nor
818 2303 173 38 whether
1008 2303 147 37 certain
1172 2303 180 47 laughter
1368 2303 114 46 being
1498 2302 166 47 laughed
1693 2302 134 37 makes
1853 2302 65 36 life
1934 2305 70 32 not
2022 2300 126 37 worth

350 2366 69 37 the
438 2367 121 46 living
578 2366 91 37 Ido
689 2370 70 33 not
779 2371 164 32 venture
962 2370 43 33 to
1026 2369 134 34 assert.
1212 2366 93 35 Man
1325 2364 101 38 finds
1445 2377 43 24 so
1524 2375 120 35 many
1663 2375 154 26 reasons
1846 2363 60 36 for
1925 2367 70 32 not
2014 2362 130 47 living.

351 2427 105 38 That
480 2429 111 36 alone
614 2428 32 37 is
671 2429 152 47 enough
846 2428 60 36 for
929 2439 47 26 us

452 2491 104 45 Only
571 2502 50 24 an
636 2491 98 35 hour
750 2490 67 38 she
833 2502 108 25 came
955 2490 92 37 here
1061 2490 102 36 from
1177 2490 90 36 that
1282 2493 108 43 great
1406 2488 89 37 hall.
1548 2488 103 45 Only
1667 2499 50 25 an
1731 2488 99 36 hour
1851 2499 71 35 ago
1939 2486 67 37 she
2022 2486 125 37 drank

351 2551 82 40 this
460 2557 95 34 neat
586 2557 276 42 arrangement
890 2553 42 36 of
958 2552 119 37 herbs
1105 2552 79 37 and
1212 2550 71 39 oils
1312 2552 80 36 and
1430 2550 248 48 unexpected
1706 2550 119 37 acids.
1854 2550 175 37 Observe
2057 2550 90 36 how

351 2620 146 43 potent
515 2615 34 38 it
567 2613 45 41 is.
666 2616 103 35 How
787 2614 184 37 valuable
989 2618 157 32 toman
1165 2614 41 36 in
1225 2613 61 38 his
1304 2612 187 39 troubles.
1545 2614 71 36 We
1628 2624 74 24 can
1721 2612 102 46 hope
1841 2617 45 31 to
1898 2611 116 37 make
2025 2622 122 33 many

353 2690 52 24 an
425 2677 81 37 odd
528 2677 61 39 bit
611 2677 41 37 of
673 2677 91 47 gold
786 2677 56 45 by
861 2676 100 38 such
982 2688 23 24 a
1026 2675 185 38 valuable
1233 2675 244 37 concoction.
1531 2676 40 36 It
1592 2674 35 38 is
1646 2686 99 34 very
1766 2673 193 38 effective.
1983 2675 62 36 Do
2067 2683 81 35 you

352 2740 128 37 doubt
499 2739 34 38 it
551 2739 15 37 ?
623 2740 99 38 Rest
742 2750 100 35 your
862 2738 107 37 hand
988 2738 99 37 then
1106 2750 54 24 on
1179 2737 70 37 the
1270 2737 114 37 heart
1396 2737 41 36 of
1456 2737 70 37 the
1547 2737 179 38 Princess
1745 2735 403 48 Zu-pa-cat-lan.You

352 2801 78 37 will
464 2803 164 37 observe
661 2801 92 37 that
786 2801 34 37 it
854 2801 72 38 has
961 2800 138 39 ceased
1131 2804 45 33 to
1210 2799 106 38 beat.

1780 2924 114 43 John
1921 2923 176 37 Mosher
