2865 3987
969 3199 70 35 304

914 656 92 25 cess.
1060 647 20 36 I
1102 646 198 37 remained
1322 646 41 36 in
1385 646 69 37 the
1476 659 110 25 room
1609 648 51 36 all
1681 648 90 37 that
1794 648 111 48 night
1929 649 96 37 with
2046 651 69 36 the
2138 653 237 38 connivance
2392 654 40 37 of
2450 657 102 41 Kou,
2576 656 74 37 lest
2665 656 40 37 in

913 718 107 25 some
1049 707 225 46 unqueenly
1302 714 177 32 moment
1509 711 289 46 Zu-pa-cat-lan
1827 712 139 35 should
1996 712 112 37 allow
2137 726 22 24 a
2189 720 250 42 momentary
2466 722 239 33 resentment

914 774 42 32 at
988 769 176 45 Bixnip's
1195 774 65 32 act
1289 774 42 32 to
1362 771 190 39 influence
1581 773 68 36 her
1677 776 43 33 to
1750 773 68 35 her
1846 779 230 40 permanent
2106 776 87 37 loss.

1013 830 159 44 Indeed,
1186 833 20 35 I
1223 832 99 35 took
1332 833 182 37 occasion
1531 845 89 24 now
1636 833 78 37 and
1733 834 113 46 again
1865 847 44 25 as
1924 836 68 36 the
2010 837 113 46 night
2140 849 101 25 wore
2259 851 52 24 on
2327 842 43 33 to
2390 839 165 47 whisper
2571 841 136 47 telling

912 891 116 39 items
1055 892 41 36 of
1121 893 69 36 the
1219 893 138 48 King's
1388 895 150 43 wealth,
1566 895 61 39 his
1651 896 137 47 palace
1815 896 96 37 with
1938 909 23 24 a
1987 897 179 37 hundred
2192 905 121 41 gates,
2342 901 79 35 and
2447 901 53 39 its
2526 902 181 38 fabulous

914 955 262 44 contrivance,
1204 967 23 24 a
1252 960 125 32 secret
1402 957 200 37 invention
1630 959 40 35 of
1693 958 60 37 his
1777 970 87 24 own
1890 959 208 46 engineers,
2124 964 44 32 to
2193 962 105 37 loose
2324 967 42 32 at
2392 963 77 37 will
2494 975 24 24 a
2543 964 162 43 sudden,

914 1016 196 47 cleansing
1131 1016 102 37 flush
1255 1018 40 36 of
1318 1023 122 32 water
1462 1018 55 46 by
1537 1030 134 28 means
1693 1020 146 45 merely
1860 1021 40 37 of
1921 1033 24 24 a
1966 1021 87 37 slim
2075 1021 90 47 gold
2187 1023 117 38 chain
2324 1024 69 37 the
2415 1029 105 34 most
2543 1025 164 37 delicate

914 1078 107 36 hand
1046 1079 115 36 could
1187 1080 161 37 control.

1014 1141 160 37 Dawn's
1195 1141 166 47 coming,
1385 1142 97 36 with
1501 1143 53 37 its
1575 1143 209 38 attendant
1806 1144 163 36 turmoil
1989 1145 41 36 in
2049 1146 68 36 the
2139 1147 234 45 courtyards
2394 1148 80 37 and
2494 1148 69 38 the
2582 1154 100 31 trum-

915 1202 119 49 peted
1054 1202 210 47 orderings,
1286 1204 178 36 revealed
1483 1204 69 37 the
1571 1206 167 36 resolute
1760 1206 185 38 Princess.
1998 1209 20 35 I
2037 1207 190 38 hastened
2246 1213 44 31 to
2311 1221 69 33 my
2398 1210 148 46 library
2563 1214 43 32 to
2628 1211 78 35 don

915 1276 69 34 my
1003 1265 124 43 robes,
1150 1276 108 25 worn
1279 1265 94 45 only
1392 1270 42 31 at
1455 1266 79 37 this
1555 1267 94 36 final
1669 1279 218 35 ceremony,
1910 1268 137 44 which,
2069 1270 143 47 lasting
2233 1282 42 26 as
2294 1270 34 37 it
2349 1271 92 38 does
2460 1272 110 36 three
2592 1272 109 45 days,

914 1326 170 49 requires
1112 1326 163 47 especial
1303 1331 166 33 vesture.
1522 1329 82 36 Not
1631 1329 90 37 that
1749 1331 22 35 I
1798 1329 139 38 should
1964 1331 102 37 have
2093 1332 70 36 felt
2192 1332 152 48 obliged
2371 1338 43 31 to
2443 1334 139 37 attend
2610 1334 96 36 each

914 1392 176 32 moment
1107 1388 41 35 of
1162 1388 68 36 the
1246 1388 113 44 feast,
1378 1389 106 36 what
1500 1390 96 36 with
1613 1401 69 34 my
1696 1403 70 35 age
1782 1392 78 36 and
1876 1393 146 36 serious
2041 1394 120 43 office,
2182 1394 79 36 had
2282 1397 20 35 I
2321 1399 70 32 not
2411 1395 69 37 felt
2500 1395 79 38 still
2598 1408 108 33 wary

913 1449 41 37 of
977 1450 69 36 the
1072 1449 207 37 Princess's
1303 1450 129 36 mood.

1014 1513 80 34 But
1114 1523 42 24 as
1174 1511 68 36 the
1261 1511 169 48 feasting
1449 1512 79 36 and
1546 1514 68 36 the
1632 1512 144 49 rioting
1794 1516 236 46 progressed,
2052 1517 97 37 with
2166 1517 52 38 its
2237 1523 228 41 customary
2483 1519 224 47 distressing

912 1572 339 47 accompaniment
1270 1573 41 36 of
1329 1573 173 37 disorder
1521 1575 78 36 and
1618 1575 146 44 racket,
1786 1578 20 35 I
1825 1589 81 24 saw
1924 1578 114 46 again
2057 1578 41 37 in
2117 1581 291 46 Zu-pa-cat-lan
2426 1582 91 36 that
2537 1582 170 47 princess

913 1636 20 34 I
954 1634 80 36 had
1056 1634 142 36 known
1219 1635 42 36 of
1281 1635 75 43 old,
1380 1648 42 24 so
1444 1635 226 45 admirable,
1694 1637 96 37 with
1810 1639 69 36 the
1899 1639 94 47 high
2014 1652 141 32 crown,
2179 1641 97 37 with
2295 1642 69 37 the
2384 1644 87 36 face
2493 1655 42 25 as
2554 1644 153 45 though

913 1696 40 36 of
979 1696 160 44 marble,
1167 1709 51 24 on
1243 1697 69 37 her
1336 1697 141 37 throne
1503 1698 130 37 beside
1660 1698 155 49 Bixnip.
1868 1702 81 35 Not
1975 1702 90 36 that
2093 1702 143 48 Bixnip
2262 1704 144 45 always
2432 1704 198 37 remained
2656 1716 51 24 on

912 1757 59 39 his
994 1759 152 37 throne.
1171 1761 98 34 Now
1297 1759 78 37 and
1396 1759 114 48 again
1538 1761 48 37 he
1610 1761 215 38 descended
1850 1768 180 42 amongst
2052 1764 69 37 the
2147 1766 188 36 courtiers
2357 1766 79 36 and
2458 1766 127 36 drank
2610 1764 97 38 with

911 1820 110 36 them
1046 1843 39 2 —
1119 1833 22 23 a
1171 1832 162 26 manner
1352 1821 167 37 affected
1538 1822 55 45 by
1610 1835 107 25 some
1736 1825 217 37 monarchs.
2006 1827 80 35 Not
2106 1838 72 25 one
2197 1829 22 34 I
2239 1827 124 43 favor,
2385 1828 161 47 though,
2570 1841 51 24 on
2638 1828 69 37 the

912 1883 111 36 other
1039 1883 116 43 hand,
1189 1884 20 35 I
1225 1883 132 37 feared
1377 1884 67 36 the
1462 1884 173 38 Princess
1656 1886 192 46 appeared
1865 1891 117 40 stern,
1995 1888 168 47 perhaps
2173 1889 240 47 ungracious,
2432 1890 78 36 and
2526 1891 22 36 I
2564 1889 117 47 whisp-

912 1944 87 38 ered
1025 1945 90 36 that
1143 1957 23 24 a
1192 1944 109 38 smile
1319 1950 43 32 to
1380 1946 68 36 the
1469 1951 111 32 court
1597 1947 126 47 might
1739 1948 114 36 make
1880 1960 23 24 a
1934 1950 137 36 nation
2087 1950 144 47 happy.
2252 1952 175 45 Royalty
2453 1952 136 47 enjoys
2612 1952 95 38 such

910 2011 118 33 stress
1052 2018 105 35 upon
1180 2006 52 38 its
1256 2008 178 47 personal
1458 2008 204 38 activities.
1717 2011 80 35 But
1821 2011 67 36 she
1911 2023 99 35 gave
2033 2023 51 24 no
2109 2012 84 47 sign
2217 2013 41 37 of
2281 2013 159 49 hearing
2464 2025 73 26 me.

1009 2068 82 37 The
1111 2069 100 38 feast
1232 2075 42 32 at
1293 2070 76 37 last
1390 2071 247 46 approached
1655 2071 69 37 the
1743 2072 76 37 end
1839 2073 41 36 of
1897 2073 54 37 its
1979 2073 108 37 third
2107 2074 90 45 day,
2219 2075 78 36 and
2316 2076 33 36 it
2369 2088 80 25 was
2469 2088 42 26 as
2530 2076 96 44 well,
2647 2076 60 37 for

910 2131 68 37 the
996 2136 112 32 court
1127 2144 79 25 was
1224 2144 139 33 weary.
1396 2133 110 46 Long
1525 2145 71 35 ago
1616 2135 21 35 I
1655 2133 79 37 had
1752 2135 173 36 resorted
1942 2139 43 32 to
2005 2147 51 24 an
2074 2137 187 37 excellent
2279 2137 206 38 stimulant
2503 2139 202 46 suggested

911 2192 55 46 by
989 2192 76 44 Pit,
1091 2194 126 36 which
1240 2194 162 36 enabled
1427 2206 62 25 me
1512 2199 43 31 to
1580 2195 97 47 keep
1702 2207 68 34 my
1792 2201 91 42 post
1906 2197 55 45 by
1983 2198 68 37 the
2075 2198 81 38 side
2180 2199 41 36 of
2253 2200 68 36 the
2345 2199 186 39 Princess.
2585 2203 20 34 I
2629 2201 78 36 had

910 2255 139 36 indeed
1070 2255 145 37 offered
1234 2257 32 36 it
1286 2260 42 33 to
1349 2257 79 43 her,
1452 2257 74 36 but
1546 2258 67 35 she
1635 2258 154 37 refused
1808 2258 44 45 it,
1875 2271 51 24 no
1948 2259 125 38 doubt
2104 2260 139 48 feeling
2262 2262 90 36 that
2373 2274 23 24 a
2416 2262 170 47 princess
2606 2275 101 25 owes

909 2317 32 37 it
966 2321 41 32 to
1034 2317 68 37 her
1126 2318 136 46 people
1286 2323 43 31 to
1355 2318 96 47 keep
1477 2319 133 37 awake
1640 2341 39 4 —
1707 2321 160 47 putting
1889 2321 32 36 it
1947 2321 155 46 bluntly
2127 2344 39 3 —
2198 2328 42 31 at
2264 2324 97 36 such
2377 2336 215 34 ceremony.
2645 2325 62 36 An

909 2378 216 38 exhibition
1145 2381 41 35 of
1206 2380 109 45 royal
1335 2380 220 37 endurance
1575 2385 42 32 to
1640 2382 46 36 be
1707 2383 254 37 commended
1981 2384 6 36 !
2041 2384 50 38 So
2121 2385 118 37 much
2268 2385 114 37 could
2403 2391 69 31 not
2493 2387 48 36 be
2561 2387 85 36 said
2667 2388 40 36 of

910 2441 144 47 Bixnip
1078 2443 88 36 who
1190 2443 190 45 betrayed
1402 2443 60 36 his
1486 2444 181 37 nomadic
1690 2443 125 48 origin
1837 2444 56 37 off
1916 2446 77 35 and
2017 2458 62 32 on,
2104 2451 43 32 to
2170 2447 68 37 the
2262 2448 293 38 consternation
2578 2450 40 35 of
2639 2450 68 36 the

910 2503 167 48 dancing
1115 2504 91 48 girls
1245 2505 87 36 who
1371 2505 132 36 feared
1532 2506 69 36 the
1632 2507 184 37 Princess.
1870 2509 80 35 But
1980 2509 68 36 she
2077 2520 119 25 never
2224 2509 143 38 turned
2396 2511 69 36 her
2493 2510 112 44 head,
2638 2522 69 25 nor

908 2565 154 38 seemed
1087 2571 43 32 to
1157 2579 72 25 see.
1250 2566 105 46 Only
1380 2571 42 32 at
1448 2567 116 38 times
1589 2570 20 34 I
1634 2568 72 37 left
1731 2569 69 36 her
1825 2570 60 35 for
1912 2582 23 23 a
1962 2575 175 33 moment
2163 2575 42 33 to
2232 2573 115 36 make
2374 2585 23 23 a
2422 2573 127 36 round
2575 2573 40 35 of
2639 2574 68 36 the

908 2627 127 37 tables
1060 2628 96 36 with
1183 2640 69 34 my
1276 2629 105 47 spice
1406 2640 132 36 purge.

1010 2690 318 46 Unfortunately,
1353 2691 69 37 the
1445 2691 108 46 early
1573 2692 122 38 hours
1716 2693 41 37 of
1778 2694 69 36 the
1869 2694 101 38 feast
1993 2695 80 36 had
2096 2707 42 25 so
2163 2697 216 37 exhausted
2401 2697 69 36 the
2486 2702 115 31 court
2617 2698 90 35 that

910 2763 51 24 an
990 2751 204 48 ill-boding
1226 2752 218 37 desolation
1474 2754 234 37 threatened
1738 2759 44 32 to
1815 2757 189 37 overtake
2023 2757 33 37 it
2077 2769 99 24 now.
2232 2757 109 37 Then
2372 2758 140 38 hostile
2539 2759 168 37 factions

909 2813 41 36 of
971 2815 70 36 the
1063 2815 152 46 priests,
1241 2815 78 35 and
1341 2816 68 36 the
1432 2816 111 46 spies,
1570 2817 126 47 might
1719 2817 93 47 play
1836 2829 107 35 upon
1964 2818 70 37 the
2057 2819 137 46 people
2217 2819 97 37 with
2335 2832 153 27 rumors
2510 2822 41 36 of
2572 2822 90 36 how
2685 2833 22 24 a

908 2875 129 47 gloom
1059 2876 79 36 had
1161 2877 217 37 descended
1400 2888 106 36 upon
1528 2878 69 36 the
1620 2879 176 37 Princess
1819 2892 51 24 on
1891 2880 69 36 the
1981 2881 108 36 third
2111 2881 90 45 day,
2226 2882 79 36 and
2326 2883 89 36 how
2435 2883 32 36 it
2489 2883 218 47 portended

907 2936 42 37 ill
970 2938 60 37 for
1052 2939 69 36 the
1143 2939 144 36 future.
1342 2942 39 34 It
1404 2951 80 26 was
1505 2940 195 37 therefore
1722 2941 98 37 with
1840 2946 110 42 great
1971 2942 110 38 relief
2102 2944 90 36 that
2215 2945 20 35 I
2258 2944 120 36 heard
2402 2958 22 24 a
2447 2946 146 36 sudden
2624 2946 83 46 gale

908 3001 42 36 of
973 3001 191 47 laughter,
1191 3001 116 44 fresh,
1335 3001 198 45 unforced,
1561 3003 94 36 rock
1678 3003 69 36 the
1771 3004 150 37 farther
1947 3005 75 36 end
2048 3006 42 36 of
2112 3006 70 37 the
2206 3006 89 44 hall,
2324 3007 78 36 and
2428 3008 138 47 spread
2593 3008 114 36 down

907 3066 43 33 to
972 3076 58 33 us,
1054 3076 42 25 so
1117 3064 91 37 that
1230 3075 98 25 even
1350 3064 144 47 Bixnip
1516 3064 86 37 who
1623 3065 80 36 had
1725 3066 98 37 been
1846 3067 157 47 snoring
2024 3079 52 25 on
2095 3067 61 39 his
2175 3069 153 45 throne,
2351 3069 151 47 opened
2523 3070 61 38 his
2605 3083 100 33 eyes.
