2865 3987
699 3238 78 45 284

897 695 6 41 !
939 697 105 40 You
1075 710 75 28 are
1181 695 133 54 right.
1378 697 105 40 You
1528 694 167 52 always
1738 694 134 42 teach
1917 708 84 28 me.
2064 696 82 40 We
2189 693 115 43 shall
2347 693 89 45 live

640 768 119 43 from
788 768 79 42 the
896 767 141 43 blind.
1099 766 96 44 The
1220 768 118 41 dead
1363 767 114 43 shall
1502 767 101 42 feed
1632 767 98 42 us/'

803 839 90 43 I'm
921 839 135 54 going
1082 844 51 38 to
1159 840 120 52 bury
1305 840 80 42 the
1413 839 117 42 dead
1556 839 46 41 in
1629 838 92 42 this
1747 839 184 52 grave/'
1966 837 160 53 Cleary
2151 837 286 56 interrupted

640 925 49 29 as
719 912 57 42 he
806 912 174 54 paused
1008 926 26 28 a
1062 916 217 38 moment.
1390 910 96 42 The
1512 915 147 38 towns
1686 910 92 42 and
1805 910 128 42 cities
1962 924 74 27 are
2064 909 266 54 awakening
2348 910 90 41 and

637 997 112 29 soon
780 983 79 42 the
890 983 119 44 dead
1037 983 91 42 will
1164 984 57 43 be
1256 983 213 55 trooping
1500 981 134 54 along
1669 981 80 43 the
1785 981 156 43 road/'

753 1055 247 43 McDowell
1032 1057 91 41 and
1149 1056 80 42 the
1254 1054 83 55 girl
1363 1054 93 42 had
1482 1059 82 37 not
1590 1054 141 42 heard
1757 1053 95 42 him
1876 1052 144 56 speak
2048 1067 49 27 as
2123 1053 113 52 they
2262 1054 176 42 started

637 1128 135 42 down
802 1128 80 43 the
926 1127 189 50 hillside,
1162 1128 87 42 but
1296 1126 158 52 Cleary
1498 1126 196 42 shouted
1740 1126 117 42 after
1900 1125 143 43 them.
2155 1124 73 42 I'll
2274 1126 162 42 snatch

636 1199 130 43 them
795 1199 64 43 off
888 1200 120 42 their
1037 1204 134 38 carts.
1233 1198 72 43 I'll
1336 1198 107 55 pick
1491 1198 129 42 them
1669 1198 118 41 from
1836 1196 120 43 their
2008 1196 179 43 market
2236 1197 199 42 baskets.

637 1269 178 54 They'll
845 1270 57 42 be
933 1272 179 53 coming
1142 1285 123 29 soon.
1300 1270 71 41 I'll
1403 1270 118 51 bury
1550 1270 128 41 them

753 1346 72 39 He
846 1343 160 43 leaned
1030 1359 26 26 a
1079 1347 203 38 moment
1305 1342 153 53 longer
1482 1355 59 28 on
1564 1341 68 42 his
1655 1340 170 51 shovel,
1851 1341 230 53 watching
2104 1341 79 41 the
2205 1345 92 37 two
2320 1339 118 43 until

638 1414 112 51 they
779 1415 163 53 passed
990 1415 183 52 beyond
1224 1428 26 28 a
1300 1412 137 43 knoll.
1500 1412 127 42 Then
1676 1413 57 42 he
1782 1414 167 42 turned
1998 1412 258 55 vigorously
2288 1417 50 38 to
2369 1411 69 43 his

635 1484 124 42 work
789 1484 144 55 again.

1815 1544 189 45 Robert
2139 1544 40 45 M.
2199 1544 121 45 Coates
