2865 3987
2014 3153 67 35 321

494 3210 17 27 4

544 822 107 45 SIX
684 823 400 47 CHARACTERS
1117 827 69 43 IN
1219 825 242 46 SEARCH
1494 826 77 43 OF
1603 826 86 43 AN
1722 826 257 44 AUTHOR

1166 981 99 38 ACT
1292 984 54 35 II.

472 1103 78 38 The
567 1106 98 45 stage
684 1103 179 38 call-bells
881 1104 87 47 ring
984 1108 34 32 to
1036 1115 105 25 warn
1153 1104 57 39 the,
1223 1107 187 45 company
1422 1104 79 38 that
1512 1105 56 37 the
1580 1106 92 47 play
1684 1106 34 36 is
1730 1105 113 37 about
1854 1110 35 33 to
1901 1106 108 49 begin
2027 1108 127 47 again.

467 1163 93 40 The
586 1164 362 39 Step-Daughter
1003 1177 119 25 comes
1153 1169 63 33 out
1246 1165 38 47 of
1312 1166 58 37 the
1399 1167 224 47 Manager's
1653 1167 99 47 office
1792 1167 112 49 along
1948 1168 89 39 with
2065 1168 92 39 The

367 1225 132 41 Chii,d
528 1227 76 36 and
630 1226 93 38 The
745 1228 104 35 Boy.
905 1226 57 37 As
992 1227 64 37 she
1077 1238 120 26 comes
1218 1230 63 33 out
1302 1227 38 47 of
1360 1228 56 38 the
1439 1228 111 47 office,
1574 1225 69 50 she•
1663 1229 115 37 cries:
1808 1250 49 4 —

464 1289 247 36 Nonsense!-
750 1289 219 36 nonsense!
1023 1290 63 35 Do
1112 1289 33 36 it
1166 1289 248 46 yourselves!
1470 1289 77 37 I'm
1572 1294 72 33 not
1667 1290 118 47 going
1818 1294 44 33 to
1900 1292 82 35 mix
2017 1292 141 45 myself

365 1360 55 37 up
444 1350 42 35 in
509 1350 81 36 this
616 1361 112 25 mess.
761 1350 192 48 (Turning
993 1353 35 33 to
1068 1351 56 38 the
1153 1351 113 37 Child
1291 1350 77 37 and
1402 1351 148 49 coming
1574 1352 150 48 quickly
1756 1353 90 37 with
1872 1353 63 38 her
1962 1365 49 24 on
2038 1357 36 33 to
2100 1354 56 37 the

365 1411 129 48 stage).
550 1411 118 37 Come
696 1423 62 32 on,
781 1414 181 42 Rosetta,
984 1411 89 38 let's
1101 1424 74 25 run
1193 1413 6 36 !

471 1471 105 49 (The
598 1474 91 35 Boy
706 1473 143 46 follows
862 1473 97 37 them
971 1473 139 49 slowly,
1124 1474 217 48 remaining
1352 1486 23 24 a
1397 1475 92 36 little
1512 1475 137 37 behind
1661 1475 77 36 and
1750 1477 165 47 seeming
1926 1477 228 49 perplexed).

466 1533 92 40 The
585 1534 362 39 Step-Daughter
1020 1535 139 48 (Stops,
1199 1536 113 36 bends
1349 1548 83 24 over
1469 1537 57 37 the
1564 1536 113 38 Child
1714 1538 76 36 and
1835 1538 103 36 takes
1975 1538 64 37 her
2075 1539 81 46 face

367 1595 156 38 between
550 1596 64 37 her
641 1596 152 49 hands).
845 1598 71 44 My
941 1596 103 37 little
1072 1597 177 47 darling!
1304 1598 149 36 You're
1478 1598 394 47 frightened,'aren't
1897 1600 114 45 you?
2067 1602 92 35 You

367 1658 113 36 don't
506 1658 118 36 know
649 1658 130 36 where
810 1670 60 24 we
903 1670 77 32 are,
1016 1658 51 36 do
1093 1671 82 33 you
1192 1659 14 37 ?
1247 1659 235 48 (pretending
1515 1663 34 33 to
1576 1660 106 48 reply
1708 1663 35 33 to
1777 1671 22 26 a
1832 1661 172 48 question
2032 1662 37 46 of
2102 1662 55 36 the

367 1718 142 50 Child).
563 1720 124 37 What
713 1720 33 37 is
769 1720 70 36 the
863 1720 144 46 stage?
1037 1720 75 38 It's
1138 1732 24 25 a
1186 1720 124 48 place,
1338 1720 122 47 baby,
1485 1732 82 34 you
1591 1722 130 43 know,
1745 1722 130 36 where
1900 1722 140 47 people
2063 1722 96 48 play

365 1785 45 33 at
435 1781 119 47 being
571 1781 160 44 serious,
750 1794 24 24 a
790 1781 111 48 place
916 1782 130 36 where
1061 1782 99 46 they
1177 1786 66 33 act
1260 1782 205 38 comedies.
1519 1782 137 39 We've
1688 1787 69 43 got
1782 1787 44 32 to
1854 1787 66 33 act
1947 1797 23 23 a
1992 1785 166 45 comedy

367 1854 100 33 now,
498 1844 102 36 dead
626 1844 160 43 serious,
814 1856 82 32 you
934 1844 117 36 know
1092 1844 81 36 and
1209 1844 139 47 you're
1387 1844 41 36 in
1467 1844 34 36 it
1527 1844 95 45 also,
1664 1844 104 38 little
1799 1857 85 25 one.
1942 1846 216 48 (Embraces

365 1905 75 44 her,
465 1906 174 47 pressing
660 1905 57 36 the
740 1905 92 36 little
856 1905 92 36 head
966 1909 34 32 to
1016 1906 64 36 her
1098 1906 132 44 breast,
1254 1906 77 36 and
1348 1905 155 49 rocking
1524 1906 58 37 the
1604 1906 99 39 child
1725 1906 57 47 for
1805 1919 23 24 a
1851 1908 189 47 moment).
2095 1908 64 37 Oh

365 1965 165 47 darling,
550 1966 165 48 darling,
732 1966 110 37 what
860 1979 24 24 a
899 1967 135 37 horrid
1061 1967 166 45 comedy
1253 1967 146 46 you've
1426 1971 69 43 got
1520 1972 44 32 to
1590 1967 106 48 play.
1750 1969 124 37 What
1911 1981 24 24 a
1959 1969 200 37 wretched

364 2032 93 43 part
482 2028 163 45 they've
672 2028 127 37 found
824 2028 61 37 for
912 2041 92 33 you.
1059 2028 35 38 A
1120 2029 149 46 garden
1287 2059 60 7 ...
1391 2042 23 24 a
1441 2029 186 37 fountain
1645 2059 35 7 ..
1701 2059 7 9 ,
1754 2030 92 36 look
1864 2059 35 7 ..
1921 2060 6 7 .
1958 2032 83 45 just
2067 2042 68 37 sup-

365 2101 106 35 pose,
492 2089 146 45 kiddie,
659 2089 68 38 it's
745 2090 102 37 here.
901 2090 155 44 Where,
1177 2103 71 33 say
1266 2091 15 36 ?
1336 2091 118 45 Why,
1494 2091 105 47 right
1617 2092 93 36 here
1728 2092 41 36 in
1787 2092 69 36 the
1876 2092 158 38 middle.
2086 2093 73 37 It's

366 2151 53 37 all
448 2155 186 44 pretence
663 2164 82 33 you
774 2152 129 39 know.
958 2152 140 38 That's
1128 2153 69 36 the
1228 2153 168 44 trouble,
1430 2165 68 33 my
1540 2157 93 43 pet:
1682 2152 68 38 it's
1781 2153 53 38 all
1874 2153 285 39 make-believe

364 2213 104 37 here.
523 2214 74 37 It's
622 2214 133 37 better
778 2218 43 33 to
846 2214 172 47 imagine
1044 2214 33 37 it
1101 2215 165 46 though,
1293 2214 168 38 because
1486 2214 31 37 if
1541 2215 97 45 they
1663 2214 56 38 fix
1742 2216 33 35 it
1799 2227 54 36 up
1877 2215 63 37 for
1962 2228 93 33 you,
2083 2216 75 37 it'll

365 2274 94 46 only
485 2275 51 37 be
558 2275 167 48 painted
748 2275 232 45 cardboard,
1023 2276 165 47 painted
1212 2277 222 36 cardboard
1456 2277 62 36 for
1540 2277 71 36 the
1634 2276 177 46 rockery,
1837 2277 69 36 the
1928 2282 135 40 water,
2089 2278 69 37 the

364 2336 134 49 plants
517 2366 34 8 ..
574 2367 6 7 .
633 2337 77 44 Ah,
736 2338 75 36 but
830 2340 19 34 I
866 2338 118 36 think
1002 2350 23 24 a
1040 2338 110 45 baby
1174 2338 78 37 like
1278 2338 81 38 this
1384 2350 74 25 one
1480 2338 133 37 would
1630 2350 139 26 sooner
1793 2339 103 36 have
1917 2351 25 24 a
1959 2340 174 36 make-be-

364 2398 100 37 lieve
491 2398 186 37 fountain
703 2399 101 36 than
832 2411 22 24 a
882 2399 80 37 real
990 2412 86 31 one,
1106 2412 43 25 so
1177 2400 69 37 she
1274 2399 116 38 could
1417 2400 93 47 play
1538 2400 97 37 with
1660 2400 43 37 it.
1757 2400 124 38 What
1915 2413 24 24 a
1964 2401 93 47 joke
2084 2400 75 37 it'll

365 2460 50 37 be
436 2460 62 37 for
518 2461 70 36 the
610 2461 144 44 others,
778 2461 76 36 but
875 2461 61 36 for
958 2473 93 34 you,
1076 2461 83 37 alas
1177 2463 6 35 !
1226 2465 72 33 not
1322 2462 110 46 quite
1453 2462 97 37 such
1572 2474 23 24 a
1616 2462 112 46 joke:
1757 2473 83 34 you
1859 2463 89 35 who
1972 2474 66 25 are
2065 2463 92 44 real,

365 2522 108 45 baby
501 2523 106 43 dear,
632 2522 80 37 and
734 2522 123 45 really
884 2522 94 48 play
1000 2524 55 44 by
1078 2536 24 23 a
1124 2522 82 38 real
1226 2524 187 36 fountain
1434 2524 92 36 that
1548 2524 32 36 is
1602 2524 67 46 big
1692 2524 80 36 and
1794 2536 118 34 green
1934 2525 81 35 and
2040 2524 95 37 beau-

364 2583 93 37 tiful
481 2584 97 37 with
601 2596 92 25 ever
713 2596 44 25 so
778 2595 121 35 many
920 2585 193 37 bamboos
1136 2585 153 36 around
1308 2585 34 36 it
1361 2586 93 35 that
1475 2597 66 24 are
1562 2585 185 37 reflected
1767 2586 42 35 in
1828 2586 70 36 the
1917 2590 136 40 water,
2081 2587 80 36 and

364 2658 23 24 a
406 2646 128 36 whole
552 2646 60 36 lot
633 2646 40 36 of
697 2645 104 38 little
825 2646 124 38 ducks
971 2647 221 47 swimming
1225 2647 150 37 about.
1397 2677 6 7 .
1425 2678 7 6 .
1486 2650 76 41 No,
1582 2650 182 41 Rosetta,
1798 2660 64 32 no,
1883 2660 102 34 your
2006 2649 155 36 mother

366 2708 156 37 doesn't
538 2708 145 37 bother
704 2708 126 37 about
845 2721 82 33 you
945 2721 51 24 on
1014 2712 169 33 account
1205 2708 40 37 of
1265 2709 93 36 that
1376 2710 151 36 wretch
1548 2709 40 36 of
1611 2722 23 24 a
1654 2721 74 26 son
1747 2709 125 38 there.
1927 2710 77 37 I'm
2030 2711 42 36 in
2092 2711 69 36 the

366 2769 105 37 devil
493 2769 41 37 of
555 2782 24 24 a
616 2774 165 44 temper,
823 2771 80 36 and
939 2783 44 25 as
1020 2771 62 36 for
1117 2771 94 37 that
1247 2770 79 38 lad.
1373 2770 138 49 (Seizes
1533 2771 83 48 Boy
1639 2771 47 49 by
1718 2772 58 37 the
1797 2783 84 26 arm
1901 2776 35 32 to
1957 2772 98 47 force
2082 2773 79 37 him

364 2835 35 32 to
444 2832 81 36 take
554 2844 67 25 one
650 2832 37 47 of
731 2832 61 38 his
818 2832 122 39 hands
969 2836 63 33 out
1074 2832 37 47 of
1138 2833 60 37 his
1243 2832 175 50 pockets).
1473 2833 124 37 What
1639 2834 104 36 have
1784 2845 83 34 you
1910 2837 69 44 got
2018 2834 139 37 there?

365 2893 123 38 What
515 2905 66 26 are
600 2905 83 35 you
702 2894 137 47 hiding
853 2895 13 36 ?
927 2894 123 49 (Pulls
1071 2895 60 37 his
1152 2894 102 38 hand
1277 2898 63 33 out
1360 2894 38 47 of
1425 2894 59 41 his
1507 2895 137 48 pocket,
1663 2895 102 37 looks
1783 2896 79 36 into
1878 2896 30 36 it
1924 2896 76 36 and
2021 2896 140 37 catches

367 2955 56 38 the
447 2955 96 49 glint
569 2956 38 47 of
631 2968 22 25 a
677 2957 186 48 revolver).
917 2956 64 37 Ah
999 2957 6 37 !
1032 2957 131 37 where
1189 2956 69 38 did
1305 2969 82 33 you
1410 2960 66 44 get
1501 2956 80 38 this
1599 2957 15 37 ?

469 3017 106 48 (The
603 3020 104 43 Boy,
738 3029 85 38 very
851 3018 84 49 pale
962 3019 43 37 in
1035 3018 56 38 the
1118 3018 93 48 face,
1239 3018 101 37 looks
1369 3022 38 33 at
1434 3018 75 45 her,
1541 3019 64 37 but
1632 3020 84 36 docs
1748 3022 65 34 not
1840 3020 169 48 answer).
