2865 3987
920 3160 69 36 292

868 611 117 45 ically
1016 632 40 4 —
1087 623 44 25 as
1157 622 52 25 an
1245 611 218 47 aspiration
1506 611 41 36 of
1582 611 150 37 certain
1802 611 127 46 rights
2044 612 39 34 It
2117 609 73 37 has
2223 609 161 36 become
2424 629 39 5 —
2501 609 154 44 indeed,

866 672 45 38 T.
942 674 36 34 R
995 674 7 36 !
1038 694 39 3 —
1108 673 94 42 alas,
1231 672 44 36 T.
1308 674 36 34 R
1362 674 7 36 !
1405 695 39 3 —
1475 686 23 22 a
1519 677 106 33 state
1646 672 41 36 of
1706 672 122 36 mind.
1882 672 92 36 And
1994 684 44 24 as
2057 672 98 36 such
2173 670 33 37 it
2226 670 34 37 is
2279 671 250 43 everywhere
2554 672 102 36 —in

866 734 160 48 Europe
1058 755 40 4 —
1127 733 41 37 in
1197 736 132 46 Japan
1361 756 41 5 —
1433 735 79 36 and
1536 745 96 26 soon
1656 745 144 36 among
1821 734 71 36 the
1915 733 130 38 South
2069 733 92 36 Pole
2184 732 204 48 penguins.

868 796 81 37 Call
967 795 32 37 it
1018 795 194 44 America,
1235 796 260 45 Democracy,
1531 797 69 35 the
1620 794 136 38 Crowd
1777 795 122 44 Mind,
1924 795 101 37 Rule
2054 794 79 37 and
2154 794 183 47 Worship
2372 794 41 35 of
2430 795 70 37 the
2533 795 99 37 Aver-

866 870 84 35 age,
976 858 71 37 the
1071 859 140 39 Lower
1228 858 148 37 Middle
1395 858 108 38 Class
1522 857 207 38 Condition
1754 879 39 3 —
1814 869 137 24 names
1969 856 51 36 do
2037 862 71 31 not
2128 861 158 32 matter.
2341 857 40 35 It
2399 855 33 37 is
2448 856 69 37 the
2535 856 121 48 Spirit

866 920 41 36 of
927 919 191 37 Numbers
1139 932 44 25 as
1204 932 95 25 over
1322 921 156 46 against
1499 920 70 37 the
1591 919 133 48 Spirit.
1788 921 39 35 It
1849 918 33 38 is
1895 919 71 37 the
1983 917 113 48 spirit
2112 918 92 37 that
2221 916 170 38 believes
2406 917 42 37 in
2466 918 169 39 advertis-

864 981 68 48 ing
959 981 79 37 and
1064 981 42 37 in
1134 981 244 48 advertising
1404 983 163 42 values;
1593 982 42 36 in
1661 980 195 48 anything
1880 981 93 37 that
1999 991 81 35 you
2105 991 74 25 can
2206 979 68 36 din
2298 978 87 37 into
2410 979 69 37 the
2505 992 87 26 ears
2616 980 40 37 of

908 1043 189 38 numbers

870 1104 118 38 Build
1029 1117 101 33 your
1183 1104 244 48 advertising
1477 1105 153 37 around
1715 1104 208 48 anything.
2018 1102 111 38 Then
2178 1102 111 38 build
2338 1114 99 33 your
2487 1103 151 37 civiliza-

865 1167 88 38 tion
980 1167 154 37 around
1160 1166 257 48 advertising.

866 1230 50 36 In
943 1230 90 36 Hoc
1054 1227 119 49 Signe
1205 1250 40 6 —
1277 1229 164 37 avanti!

865 1352 109 38 Thus
1016 1364 92 34 says
1150 1354 69 35 the
1269 1352 150 44 Crowd,
1470 1352 69 37 the
1590 1352 324 37 million-headed
1963 1352 283 47 metropolitan
2285 1351 79 36 and
2413 1351 243 38 continental

866 1419 177 32 monster
1064 1435 41 6 —
1125 1413 104 37 from
1246 1414 131 36 whom
1393 1414 150 36 Nature
1560 1413 32 38 is
1609 1414 124 37 taken
1752 1427 115 33 away
1889 1436 39 3 —
1949 1418 43 32 to
2011 1415 131 35 whom
2162 1413 153 37 Culture
2331 1412 33 38 is
2382 1418 72 32 not
2471 1413 128 47 given.
2620 1443 7 7 .
2649 1443 6 7 .

865 1477 82 35 But
973 1475 158 38 instead
1157 1476 42 36 of
1225 1477 154 35 Nature
1406 1476 80 36 and
1513 1476 42 36 of
1587 1476 161 36 Culture
1773 1476 70 36 the
1874 1476 113 36 three
2019 1476 239 36 substitutes
2275 1486 7 24 :

861 1537 207 45 Liberties,
1098 1537 292 37 Conveniences
1417 1537 79 36 and
1524 1537 280 37 Information.

864 1601 93 43 Just
985 1611 44 25 as
1054 1599 103 47 good
1190 1620 40 4 —

1931 1691 133 38 Emmy
2092 1693 223 36 Veronica
2347 1690 194 39 Sanders
