2865 3987
2080 3206 71 38 333

424 675 83 38 nize
529 675 210 38 themselves
762 675 43 38 in
827 674 58 39 the
905 673 171 49 Leading
1096 673 109 49 Lady
1226 673 77 37 and
1320 672 56 38 the
1398 672 170 48 Leading
1589 672 115 45 Man,
1722 673 82 37 who
1824 673 137 37 deliver
1977 672 95 39 their
2087 675 121 35 words

425 736 42 38 in
489 736 175 48 different
685 740 103 34 tones
809 735 78 37 and
908 736 89 38 with
1019 747 24 25 a
1064 735 174 48 different
1268 734 235 49 psychology,
1527 737 164 44 express,
1714 734 207 37 sometimes
1958 733 89 38 with
2068 734 140 45 smiles,

423 798 208 38 sometimes
658 798 90 37 with
772 801 174 45 gestures,
974 797 58 38 the
1060 797 225 48 impression
1313 797 82 47 they
1421 795 164 49 receive).

523 862 197 39 Leading
740 861 107 36 Man.
944 858 113 38 Good
1078 858 221 44 afternoon,
1327 858 96 37 Miss

523 920 93 39 The
642 921 172 38 Father
845 920 52 49 (at
922 933 87 24 once
1035 920 137 38 unable,
1197 924 35 33 to
1258 920 152 37 contain
1435 919 179 48 himself).
1668 922 65 34 No
1751 919 6 37 !
1787 920 78 36 no!

529 981 104 50 (The
659 981 360 40 Step-Daugther
1049 983 167 47 noticing
1242 982 57 37 the
1322 993 82 37 way
1426 981 56 37 the
1505 983 196 39 Leading
1723 983 102 35 Man
1847 983 131 42 enters,
2004 980 123 37 bursts
2148 984 65 34 out

425 1044 209 49 laughing).

525 1105 93 40 The
642 1107 213 38 Manager
884 1105 193 48 (furious).
1131 1104 151 38 Silence
1299 1106 7 35 !
1325 1105 94 36 And
1436 1115 82 35 you
1536 1103 132 48 please
1684 1103 85 48 just
1786 1107 92 44 stop
1895 1104 93 37 that
2008 1103 201 47 laughing.

427 1166 38 39 If
490 1180 61 24 we
572 1180 49 34 go
649 1180 52 24 on
722 1168 79 36 like
826 1167 94 44 this,
941 1180 60 24 we
1023 1166 101 38 shall
1145 1178 121 25 never
1290 1166 129 36 finish.

525 1228 92 40 The
643 1228 372 40 Step-Daughter.
1069 1227 168 47 Forgive
1274 1240 74 32 me,
1388 1227 64 44 sir,
1491 1226 76 37 but
1604 1227 66 37 it's
1698 1226 159 37 natural
1894 1227 167 45 enough.
2115 1225 98 38 This

424 1289 93 47 lady
553 1291 225 48 (indicating
797 1290 172 48 Leading
998 1289 120 49 Lady)
1153 1289 139 38 stands
1318 1289 112 37 there
1450 1287 92 46 still,
1564 1289 76 37 but
1659 1287 30 37 if
1708 1288 70 37 she
1805 1287 34 37 is
1858 1288 199 46 supposed
2087 1291 44 33 to
2161 1287 52 37 be

425 1364 74 31 me,
530 1355 20 35 I
599 1364 74 25 can
696 1364 134 25 assure
851 1363 82 34 you
958 1352 93 36 that
1072 1351 31 36 if
1126 1354 20 33 I
1169 1351 123 37 heard
1315 1362 155 35 anyone
1494 1362 72 33 say
1641 1349 114 38 Good
1771 1349 209 37 afternoon
2055 1349 41 36 in
2119 1350 93 36 that

425 1425 166 25 manner
617 1414 80 36 and
722 1414 42 36 in
783 1414 93 37 that
895 1417 107 40 tone,
1025 1415 20 34 I
1066 1412 143 38 should
1228 1413 116 38 burst
1365 1416 71 33 out
1455 1411 188 48 laughing
1665 1423 42 26 as
1736 1413 20 36 I
1783 1411 80 37 did.

523 1474 93 40 The
642 1475 185 39 Father.
880 1477 92 42 Yes,
1000 1486 82 34 yes,
1110 1475 70 36 the
1207 1486 176 31 manner,
1411 1474 70 36 the
1507 1477 176 34 tone...

524 1536 92 39 The
640 1539 224 36 Manager.
887 1539 205 34 Nonsense
1110 1537 7 36 !
1140 1536 165 37 rubbish
1325 1537 7 36 1
1356 1535 128 39 Stand
1502 1535 108 37 aside
1628 1536 80 36 and
1725 1534 56 37 let
1804 1547 63 24 me
1888 1545 64 26 see
1972 1534 70 37 the
2063 1534 146 37 action.

524 1601 196 38 Leading
744 1601 114 36 Man.
899 1598 37 37 If
959 1598 86 37 I've
1070 1601 70 43 got
1165 1601 44 33 to
1233 1601 200 44 represent
1460 1609 52 25 an
1553 1596 66 38 old
1640 1595 128 39 fellow
1791 1595 125 38 who's
1948 1595 157 47 coming
2127 1595 86 37 into

425 1672 24 25 a
474 1660 123 38 house
630 1660 41 37 of
704 1672 53 25 an
782 1660 207 48 equivocal
1016 1660 203 36 character
1237 1689 7 7 .
1265 1687 8 10 <.
1294 1689 8 7 .

523 1721 93 40 The
640 1724 224 37 Manager.
918 1722 125 37 Don't
1073 1721 117 38 listen
1219 1725 45 32 to
1294 1721 112 36 them
1435 1720 61 37 for
1537 1720 200 37 Heaven's
1768 1719 104 37 sake.
1927 1721 63 34 Do
2020 1719 34 36 it
2084 1719 127 45 again.

425 1785 41 35 It
485 1795 91 35 goes
594 1783 89 38 fine.
741 1783 186 49 (Waiting
944 1784 58 46 for
1022 1783 57 37 the
1098 1787 119 33 actors
1237 1787 34 33 to
1294 1782 105 48 begin
1420 1782 128 48 again)
1578 1781 101 38 Well
1696 1782 14 36 ?

523 1848 197 38 Leading
737 1848 113 34 Man.
880 1844 113 38 Good
1019 1845 221 44 afternoon,
1266 1844 107 37 Miss.

525 1909 196 39 Leading
745 1910 135 39 Lady.
909 1907 114 37 Good
1049 1907 219 36 afternoon.

524 1971 196 38 Leading
741 1970 102 37 Man
872 1969 206 47 (imitating
1102 1969 56 37 the
1183 1971 141 44 gesture
1349 1968 38 46 of
1410 1967 56 37 the
1492 1967 138 39 Father
1665 1966 105 38 when
1792 1966 43 37 he
1861 1965 127 37 looked
2012 1965 118 36 under
2155 1965 57 37 the

423 2030 76 44 hat,
530 2031 77 36 and
637 2031 85 38 then
740 2030 218 49 expressing
987 2030 98 49 quite
1106 2030 135 47 clearly
1260 2029 81 45 first
1364 2029 237 46 satisfaction
1620 2028 76 36 and
1715 2028 85 37 then
1819 2027 108 49 fear).
1978 2027 76 43 Ah;
2082 2027 100 36 but.
2202 2056 10 7 .

424 2093 21 36 I
471 2103 73 35 say
569 2093 81 36 this
672 2092 33 38 is
737 2096 73 33 not
842 2093 69 36 the
943 2091 86 38 first
1052 2091 98 38 time
1171 2091 93 37 that
1296 2102 81 35 you
1409 2091 103 37 have
1535 2102 111 25 come
1672 2089 102 44 here,
1816 2089 32 37 is
1874 2089 33 37 it
1923 2088 15 38 ?

523 2153 92 40 The
640 2157 223 36 Manager.
918 2153 126 44 Good,
1070 2153 75 37 but
1169 2157 72 33 not
1266 2153 110 47 quite
1399 2164 44 26 so
1463 2152 170 45 heavily.
1691 2151 97 41 Like
1811 2150 82 37 this
1919 2150 90 48 (acts
2035 2149 176 48 himself).

584 2216 95 37 isn't
706 2216 70 37 the
802 2216 87 37 first
917 2216 97 37 time
1041 2215 92 37 that
1159 2227 83 34 you
1266 2215 103 36 have
1397 2226 109 25 come
1696 2243 63 7 ...
1793 2213 70 47 (To
1891 2211 170 48 Leading
2088 2211 120 49 Lady)

424 2276 91 38 And
539 2290 83 34 you
647 2290 72 34 say
736 2290 8 25 :
817 2281 77 41 No,
915 2277 63 38 sir.

524 2342 196 39 Leading
744 2342 134 39 Lady.
905 2342 78 42 No,
1010 2340 63 37 sir.

523 2404 198 39 Leading
755 2404 113 36 Man.
922 2402 156 37 You've
1103 2401 102 37 been
1230 2401 91 36 here
1347 2400 135 37 before
1510 2411 108 25 more
1643 2399 101 37 than
1771 2410 106 24 once.

522 2462 94 41 The
640 2466 224 36 Manager.
917 2466 76 41 No,
1021 2476 65 32 no,
1106 2467 92 43 stop
1216 2463 7 37 !
1277 2465 76 39 Let
1371 2463 70 36 her
1459 2462 80 36 nod
1627 2472 69 34 yes
1757 2459 97 38 first.
1910 2457 183 38 "You've
2111 2458 101 37 been

423 2525 145 45 before,
592 2526 50 37 eh
659 2526 14 37 ?
774 2526 92 47 (The
884 2526 171 47 Leading
1070 2525 108 47 Lady
1195 2525 80 46 lifts
1292 2527 54 44 up
1372 2524 64 38 her
1459 2523 93 38 head
1574 2522 149 48 slightly
1745 2521 77 37 and
1844 2521 113 36 closes
1978 2520 64 39 her
2064 2531 83 37 eyes
2169 2531 43 25 as

423 2588 136 48 though
586 2587 43 38 in
656 2588 155 48 disgust.
868 2587 107 38 Then
1007 2587 162 37 inclines
1202 2586 63 37 her
1296 2585 95 38 head
1423 2585 130 47 twice).

522 2649 92 39 The
640 2648 362 40 Step-Daughter
1042 2647 149 50 (unable
1230 2651 35 33 to
1301 2646 153 38 contain
1490 2646 163 48 herself).
1706 2645 65 37 Oh
1797 2657 68 33 my
1903 2643 89 38 God
2011 2644 7 37 [
2051 2643 101 48 (puts
2190 2655 23 24 a

423 2712 101 37 hand
555 2716 35 32 to
619 2712 65 37 her
714 2711 126 38 mouth
871 2714 36 33 to
934 2714 151 44 prevent
1114 2709 135 47 herself
1273 2709 98 47 from
1397 2707 210 49 laughing).

522 2773 92 39 The
638 2777 214 34 Manager
906 2772 169 48 (turning
1098 2771 148 49 round).
1299 2769 157 40 What's
1482 2770 70 36 the
1588 2772 147 33 matter
1752 2769 14 36 ?

522 2835 91 39 The
640 2835 371 40 Step-Daughter.
1063 2833 191 46 Nothing,
1292 2832 179 47 nothing.

522 2897 92 39 The
642 2900 214 35 Manager
910 2897 47 48 (to
984 2895 169 49 Leading
1182 2895 130 49 Man),
1367 2893 60 38 Go
1454 2906 63 24 on.

522 2963 196 39 Leading
734 2962 111 35 Man.
901 2959 155 37 You've
1087 2958 101 37 been
1219 2958 92 36 here
1328 2956 145 44 before,
1494 2956 49 36 eh
1560 2956 14 36 ?
1613 2954 100 39 Well
1731 2954 108 44 then,
1874 2952 145 39 there's
2037 2963 50 25 no
2115 2951 98 36 need

423 3025 43 33 to
490 3022 50 37 be
565 3034 45 26 so
635 3022 89 45 shy,
748 3022 33 37 is
805 3021 112 37 there
933 3020 15 38 ?
975 3022 96 44 May
1095 3022 21 35 I
1142 3018 95 38 take
1263 3018 54 37 off
1343 3029 102 36 your
1469 3018 73 36 hat
1559 3017 14 37 ?

527 3083 104 48 (The
649 3086 196 39 Leading
861 3085 102 34 Man
981 3093 87 37 says
1086 3081 74 38 this
1178 3081 73 37 last
1268 3080 131 48 speech
1432 3079 42 37 in
1493 3079 91 37 such
1602 3090 23 24 a
1644 3081 81 34 tone
1745 3078 76 36 and
1837 3076 90 38 with
1945 3076 91 37 such
2052 3078 161 45 gestures
