2250 3741
856 192 327 28 PUBLICATIONS
1218 193 263 29 NOUVELLES

2067 201 76 36 147

775 375 400 43 Publications
1207 377 314 43 nouvelles.

1137 522 40 54 J.
1194 522 204 41 BRAHMS.
1420 522 166 40 Danses
1604 522 259 55 hongroises
1869 555 8 18 ,
1896 529 240 46 arrangées

1084 604 54 27 en
1178 593 99 39 trio.
1301 591 146 50 Paris,
1478 592 222 40 Hamelle.

1139 660 102 54 Joh.
1259 660 211 48 Brahms,
1493 665 55 36 né
1568 661 39 40 le
1631 675 20 37 7
1671 663 89 38 mai
1790 664 118 48 1833,
1929 670 65 33 est
2018 672 120 31 mort

1085 729 39 39 le
1152 743 17 36 3
1205 729 108 40 avril
1341 731 117 49 1897.
1483 728 261 52 Originaire
1772 731 54 39 de
1850 729 284 53 Hambourg,

1084 798 29 39 il
1155 806 66 32 est
1286 798 191 39 l'auteur
1519 798 52 39 de
1612 798 299 41 nombreuses
1957 813 180 27 œuvres

1085 867 256 47 musicales,
1373 867 339 50 généralement
1734 868 103 51 plus
1861 881 198 28 connues
2079 882 55 27 en

1084 929 267 51 Allemagne
1382 931 132 50 qu'en
1558 929 183 40 France.
1769 928 264 54 Cependant
2072 931 62 39 les

1084 1000 168 39 Danses
1294 997 258 54 hongroises
1593 998 108 41 dont
1750 998 29 39 il
1825 1007 65 32 est
1926 1001 208 50 question

1085 1072 52 39 ici
1159 1078 101 33 sont
1296 1069 200 40 données
1533 1081 126 28 assez
1684 1068 347 51 régulièrement
2063 1069 48 40 de-

1085 1142 101 51 puis
1204 1140 224 52 plusieurs
1449 1142 166 36 années
1639 1152 80 38 par
1743 1138 63 40 les
1826 1146 201 32 concerts
2050 1136 56 42 La-

1087 1223 214 28 moureux
1325 1216 41 33 et
1386 1207 206 41 Colonne
1612 1216 42 32 et
1678 1216 101 32 sont
1802 1221 55 27 en
1881 1210 142 50 partie
2046 1206 87 42 fort

1085 1284 188 47 goûtées
1315 1278 59 40 du
1426 1276 166 54 public.
1651 1276 121 41 Leur
1828 1278 176 39 entrain
2058 1290 75 27 en-

114 1349 150 41 diable
287 1359 41 31 et
351 1351 97 39 leur
470 1351 183 41 couleur
673 1352 233 52 populaire
930 1361 76 32 ont
1031 1353 39 39 le
1095 1351 89 40 don
1203 1349 54 40 de
1278 1352 170 36 récréer
1468 1345 169 54 l'esprit
1675 1345 87 41 Les
1786 1355 157 43 quatre
1967 1345 166 40 Danses

114 1418 258 54 hongroises
395 1422 74 50 qui
492 1422 214 38 viennent
726 1420 135 41 d'être
897 1425 242 47 arrangées
1162 1433 56 26 en
1257 1419 83 39 trio
1365 1424 178 45 portent
1565 1416 64 40 les
1650 1420 211 35 numéros
1879 1414 54 49 V,
1955 1413 75 49 VI,
2049 1413 80 42 VII

113 1497 41 32 et
177 1488 118 40 VIII.
322 1488 127 41 Nous
473 1502 113 27 nous
623 1490 321 52 dispenserons
980 1490 100 40 d'en
1116 1488 110 41 faire
1256 1486 215 52 l'analyse
1510 1485 231 49 musicale,
1785 1498 71 26 ces
1892 1497 238 27 morceaux

113 1563 122 35 étant
271 1557 199 40 célèbres
510 1558 302 52 aujourd'hui.
858 1557 284 42 Néanmoins
1165 1570 115 27 nous
1318 1555 151 40 ferons
1491 1567 87 27 une
1600 1558 177 35 réserve
1799 1566 115 38 pour
1946 1550 161 42 l'avant-

112 1627 203 39 dernière
334 1627 140 40 danse
497 1639 55 27 en
576 1626 41 40 la
634 1627 187 52 majeur,
849 1629 76 50 qui
945 1641 116 26 nous
1081 1630 144 49 paraît
1249 1626 148 39 moins
1417 1623 285 53 personnelle
1746 1636 85 38 que
1854 1622 64 40 les
1943 1630 148 32 autres
2117 1635 9 34 ;

111 1709 57 27 on
188 1697 218 50 pourrait,
438 1695 54 40 de
525 1695 117 52 plus,
663 1710 28 37 y
714 1704 128 32 noter
864 1711 60 25 un
961 1696 175 53 rythme
1176 1693 135 41 banal
1348 1693 54 40 de
1435 1691 211 40 mazurka
1673 1693 75 50 qui
1789 1691 60 40 lui
1882 1692 129 38 retire
2041 1704 87 26 une

110 1764 172 51 grande
304 1766 142 51 partie
469 1764 53 39 de
545 1778 47 26 sa
614 1764 276 40 distinction.

167 1832 175 52 Malgré
362 1841 111 33 cette
493 1833 149 50 légère
665 1835 205 50 critique,
906 1847 115 27 nous
1043 1831 375 42 recommandons
1455 1844 83 25 aux
1572 1829 244 39 musiciens
1839 1836 41 31 et
1912 1842 83 25 aux
2033 1829 70 37 vir-

112 1911 152 31 tuoses
287 1915 71 27 ces
381 1915 236 28 morceaux
642 1902 133 40 d'une
798 1904 231 38 exécution
1051 1900 85 41 fort
1153 1907 267 45 attrayante,
1444 1906 41 32 et
1508 1910 114 27 nous
1645 1900 215 47 espérons
1882 1893 108 55 qu'il
2009 1909 118 27 nous

111 1984 98 28 sera
227 1973 167 51 permis
414 1971 54 40 de
492 1972 63 39 les
578 1971 214 40 entendre
812 1971 113 40 dans
950 1970 38 40 le
1009 1977 186 33 courant
1211 1969 53 39 de
1289 1968 38 40 la
1363 1968 152 39 saison
1549 1965 230 40 musicale.

111 2083 174 42 LUCIEN
311 2098 56 26 DE
392 2085 197 40 FLAGNY.

692 2083 103 41 Soir
819 2083 126 40 d'Eté
966 2082 228 53 (mélodie,
1218 2087 158 47 poème
1396 2081 53 39 de
1472 2079 52 40 A.
1549 2076 211 52 Steiner).
1779 2077 35 40 L
1831 2077 170 39 Amour
2023 2077 105 40 dont

163 2154 42 51 je
242 2168 139 26 meurs
407 2186 26 8 ..
461 2154 99 53 (id.,
603 2159 159 48 poème
784 2154 53 40 de
863 2153 106 41 Karl
996 2151 196 53 Stieler).
1219 2151 123 40 Dans
1381 2150 37 40 le
1458 2149 91 40 bois
1582 2149 131 52 fleuri
1754 2147 97 53 (id.,
1894 2152 157 47 poème
2075 2147 54 40 de

165 2222 51 41 L.
243 2223 229 51 Fortolisy
494 2224 104 40 chez
624 2224 246 49 Friedrich,
897 2223 171 40 éditeur
1095 2227 22 35 à
1140 2220 170 41 Berlin.

165 2291 62 41 M.
254 2292 54 40 de
332 2293 174 53 Flagny
529 2301 66 32 est
636 2307 61 26 un
737 2293 219 40 musicien
1000 2293 75 51 qui
1118 2289 171 41 semble
1326 2302 45 26 se
1412 2290 159 50 piquer
1603 2286 53 40 de
1695 2285 319 47 modernisme,
2040 2288 22 36 à
2087 2285 39 39 la

109 2363 198 39 manière
331 2363 53 39 de
408 2363 190 40 certains
621 2362 54 39 de
693 2375 82 27 nos
799 2362 328 51 compositeurs
1151 2364 188 43 récents,
1361 2365 133 44 ayant
1515 2356 38 39 le
1569 2354 219 53 privilège
1811 2354 26 39 d
1858 2368 59 26 un
1931 2353 196 50 langage

108 2431 301 52 harmonique
431 2444 207 27 nouveau
662 2431 195 50 adéquat
882 2434 22 35 à
925 2445 60 24 un
1009 2433 90 35 état
1120 2428 144 39 d'âme
1285 2425 272 53 particulier.

166 2498 121 42 C'est
307 2500 41 39 là
371 2513 87 26 une
482 2499 134 40 noble
653 2500 212 39 tentative
903 2499 76 50 qui
1021 2506 66 31 est
1131 2497 135 49 digne
1305 2495 78 39 des
1427 2492 228 40 meilleurs
1698 2499 424 41 encouragements.

109 2566 202 42 Souvent
331 2568 29 40 il
385 2582 46 26 se
454 2568 175 50 dégage
656 2568 76 39 des
757 2566 217 40 mélodies
998 2566 53 39 de
1077 2563 60 40 M.
1161 2565 53 38 de
1240 2563 175 52 Flagny
1453 2576 59 25 un
1548 2560 181 40 charme
1753 2558 106 50 réel,
1902 2559 195 52 quelque-

111 2636 84 42 fois
218 2641 145 36 même
383 2652 59 26 un
463 2636 154 40 tendre
640 2636 181 52 lyrisme
841 2650 8 33 ;
875 2636 113 38 mais
1009 2643 97 43 trop
1146 2641 239 40 rarement,
1407 2635 22 35 à
1470 2638 127 32 notre
1621 2629 110 49 avis,
1764 2641 71 26 ces
1859 2629 265 38 sentiments

110 2707 246 50 atteignent
398 2706 241 40 l'intensité
678 2705 25 40 d
723 2706 199 39 émotion
962 2708 22 35 à
1024 2702 194 53 laquelle
1260 2702 54 39 ils
1357 2699 221 41 semblent
1618 2699 184 50 aspirer.
1844 2695 177 52 Malgré
2053 2709 71 28 ces

108 2779 212 47 réserves,
346 2775 29 40 il
395 2774 93 41 faut
511 2775 126 40 louer
661 2774 38 40 le
723 2775 218 39 musicien
965 2774 76 50 qui
1060 2780 104 32 veut
1185 2784 46 27 se
1254 2770 198 50 dégager
1485 2768 78 40 des
1586 2765 219 42 formules
1826 2765 298 52 scolastiques

108 2858 113 39 pour
244 2845 182 40 s'élever
448 2857 100 27 vers
567 2844 76 39 des
668 2844 181 50 régions
868 2842 101 53 plus
992 2841 184 40 idéales.

162 2913 153 41 Parmi
337 2927 71 27 ces
429 2913 216 40 mélodies
665 2926 115 27 nous
804 2913 192 39 citerons
1016 2909 408 54 particulièrement
1446 2921 7 26 :
1479 2905 218 41 L'Amour
1720 2905 106 39 dont
1835 2903 49 54 je
1908 2918 213 35 meurs...,

111 2985 75 51 qui
209 2992 66 32 est
297 2983 105 40 d'un
426 2982 153 41 tendre
602 2982 255 40 sentiment.

168 3377 122 41 Dans
310 3391 46 27 ce
381 3390 207 28 morceau
613 3377 88 41 l'on
718 3385 202 33 constate
937 3390 105 28 avec
1059 3374 278 42 satisfaction
1356 3386 101 39 que,
1480 3372 171 50 malgré
1672 3371 38 40 le
1727 3373 124 38 souci
1875 3371 53 40 de
1948 3370 152 41 recher-

112 3447 79 40 che
229 3447 317 52 harmonique,
575 3446 39 40 la
652 3446 121 51 ligne
797 3446 257 51 mélodique
1077 3459 54 27 ne
1172 3458 46 28 se
1253 3453 158 31 trouve
1449 3454 80 40 pas
1569 3440 162 40 altérée
1753 3455 9 33 ;
1800 3440 84 40 elle
1923 3453 46 27 se
2004 3447 121 33 meut

116 3517 217 39 aisément
356 3524 40 32 et
421 3517 88 38 suit
532 3515 202 52 toujours
754 3528 82 27 son
859 3513 112 42 libre
990 3527 146 28 cours.
