2250 3741
378 208 51 26 LA
463 208 237 28 NOUVELLE
732 199 197 35 THÉORIE
963 206 57 26 DE
1053 191 277 41 L'HARMONIE
1363 207 56 25 DE
1452 208 45 24 M.
1534 206 124 28 HUGO
1691 208 199 28 RIEMANN

2065 208 77 41 139

162 301 94 52 J'ai
270 317 47 25 eu
337 302 24 40 1
368 301 195 41 honneur
576 302 50 39 de
644 307 147 48 porter
808 299 86 40 àla
916 313 310 26 connaissance
1242 299 51 40 de
1309 297 64 43 M.
1393 301 39 40 d'
1439 300 296 41 Estournelles
1754 302 50 39 de
1829 301 222 52 Constant,
2072 304 74 53 qui

115 385 65 26 me
201 372 58 39 les
283 371 114 41 avait
419 370 268 47 demandées,
709 377 97 46 puis
835 372 24 37 à
879 368 102 40 celle
1003 368 51 40 de
1086 367 64 41 M.
1175 367 236 51 Bourdais,
1435 370 58 40 les
1513 370 272 41 conclusions
1802 372 287 54 précédentes,
2110 372 33 40 il

114 456 21 37 y
162 456 22 24 a
208 440 197 55 quelques
426 439 110 41 mois
557 440 51 38 de
631 438 104 40 cela.

167 508 64 41 M.
270 508 221 40 Bourdais
526 507 114 41 avait
677 515 111 47 paru
826 508 205 39 admettre
1066 513 37 34 et
1126 506 58 40 les
1212 506 218 42 méthodes
1460 508 156 42 suivies
1636 515 38 34 et
1693 508 59 41 les
1773 508 198 41 résultats
1996 508 143 55 précis

114 592 77 39 que
209 575 29 52 f
244 576 118 41 avais
384 576 182 52 donnés,
596 590 86 33 car,
709 576 155 40 devant
883 590 103 33 moi,
1012 575 33 39 il
1077 581 115 35 avait
1216 575 362 42 immédiatement
1595 576 93 54 fait
1705 576 122 41 venir
1848 591 77 26 son
1952 577 192 54 employé

111 645 219 56 principal
349 653 112 48 pour
485 645 63 40 lui
562 644 200 55 indiquer
785 643 224 50 d'étudier,
1034 659 73 25 sur
1124 659 56 25 un
1200 644 166 41 modèle
1385 659 50 26 en
1457 645 224 41 réduction
1699 647 53 39 du
1783 645 259 51 Trocadéro,
2061 661 84 24 une

111 715 190 40 solution
321 715 88 54 qui,
430 730 19 25 s
468 714 215 56 inspirant
699 714 51 39 de
773 728 78 26 nos
873 713 290 51 conclusions,
1182 714 265 55 permettrait
1468 713 163 42 d'obéir
1654 730 86 25 aux
1762 715 225 55 exigences
2008 714 112 41 esthé-

114 784 133 55 tiques
271 784 245 54 auxquelles
538 783 63 41 M.
626 783 223 40 Bourdais
868 790 58 33 est
940 782 39 41 si
1001 782 95 41 bien
1120 782 179 55 qualifié
1313 791 114 46 pour
1449 783 169 40 donner
1639 784 289 54 satisfaction.

174 852 65 42 M.
266 852 222 42 Bourdais
509 854 82 39 m'a
603 852 93 54 fait
717 852 147 41 savoir
887 852 32 40 il
932 867 30 39 y
985 867 22 25 a
1031 852 180 54 quelque
1240 858 132 48 temps
1389 860 80 47 par
1490 867 77 25 son
1601 852 192 55 employé
1813 859 36 34 et
1883 862 80 45 par
1986 854 37 39 le
2042 854 81 40 télé-

113 922 142 55 phone
278 937 53 39 qu
350 922 33 40 il
404 922 141 42 venait
568 922 51 40 de
650 922 178 55 déposer
856 936 59 26 un
950 927 181 49 rapport
1161 920 229 41 concluant
1424 925 22 35 à
1480 921 42 39 la
1556 921 273 41 nomination
1859 922 128 40 d'une
2016 921 96 41 Com-

115 991 195 40 mission.

172 1059 218 42 Peut-être
412 1066 101 35 cette
537 1059 293 41 Commission
854 1075 51 25 ne
927 1074 42 25 se
990 1059 315 41 réunira-t-elle
1310 1058 167 55 jamais
1494 1063 17 33 ?
1527 1058 219 41 Peut-être
1764 1073 43 26 se
1830 1058 315 41 réunira-t-elle

113 1136 111 47 pour
240 1129 208 55 procéder
472 1132 23 36 à
518 1144 82 25 une
623 1130 123 39 étude
769 1129 196 42 nouvelle
984 1143 55 26 ou
1063 1132 24 37 à
1124 1129 40 40 la
1188 1128 268 55 vérification
1486 1128 50 40 de
1566 1143 86 25 mes
1681 1134 181 36 travaux
1883 1131 17 37 ?
1926 1126 216 52 J'attends

115 1211 102 28 avec
233 1212 81 26 une
337 1198 132 40 douce
488 1197 276 57 philosophie
793 1205 37 33 et
860 1198 202 41 m'estime
1086 1198 236 55 cependant
1341 1197 188 41 heureux
1550 1197 167 41 d'avoir
1743 1205 59 49 pu
1824 1198 218 50 résoudre,
2069 1212 73 25 sur

115 1267 40 40 la
179 1268 209 39 demande
412 1275 193 47 expresse
637 1266 104 41 d'un
765 1267 338 54 fonctionnaire
1136 1268 57 39 du
1211 1266 227 41 Ministère
1466 1268 72 39 des
1559 1266 297 50 Beaux-Arts,
1881 1282 101 24 sans
2004 1281 136 25 aucun

115 1336 133 40 crédit
271 1336 50 40 de
338 1336 150 50 l'Etat,
510 1336 109 40 mais
639 1341 132 50 grâce
793 1352 53 25 au
868 1351 209 25 concours
1100 1334 50 42 de
1173 1336 41 40 la
1233 1336 169 40 maison
1426 1335 150 53 Pleyel
1598 1342 37 34 et
1654 1336 51 40 de
1726 1350 63 25 ses
1809 1336 181 40 dévoués
2007 1335 111 40 colla-

117 1404 236 52 borateurs,
378 1420 83 25 une
485 1406 72 39 des
588 1405 219 54 questions
830 1405 57 40 les
919 1405 96 54 plus
1037 1405 300 40 intéressantes
1363 1412 113 47 pour
1509 1405 36 39 le
1578 1404 346 56 développement
1955 1405 56 39 du
2030 1406 108 52 goût

114 1473 181 42 musical
314 1473 230 56 populaire
566 1488 49 25 en
641 1473 180 42 France.

161 1541 55 49 Je
249 1543 103 47 sais,
377 1557 102 24 mon
513 1542 97 40 cher
638 1541 242 52 Directeur,
913 1542 193 41 combien
1130 1557 43 25 ce
1196 1542 347 55 développement
1565 1557 103 26 vous
1700 1541 102 41 tient
1822 1557 53 24 au
1895 1556 114 25 coeur
2028 1541 116 40 ainsi

113 1610 97 55 qu'à
232 1609 64 42 M.
324 1610 37 40 le
377 1609 203 41 Ministre
598 1611 72 39 des
689 1610 283 41 Beaux-Arts
992 1617 36 34 et
1048 1614 24 35 à
1094 1610 52 41 M
1179 1611 37 39 le
1237 1611 225 40 Directeur
1478 1611 72 40 des
1571 1609 300 41 Beaux-Arts.

174 1677 111 42 C'est
304 1679 111 40 donc
438 1683 23 36 à
475 1679 117 53 juste
616 1679 97 40 titre
732 1694 79 39 que
819 1679 50 54 je
885 1679 99 55 puis
1002 1694 65 25 me
1089 1679 164 53 réjouir
1273 1680 55 39 du
1353 1679 155 41 travail
1531 1679 211 55 accompli
1770 1686 36 33 et
1836 1677 166 42 d'avoir
2029 1678 114 40 ainsi

113 1756 56 47 pu
197 1750 156 53 prêter,
379 1760 100 28 avec
510 1748 36 39 le
574 1762 209 26 concours
811 1747 116 41 aussi
948 1747 248 54 intelligent
1218 1762 78 39 que
1327 1748 161 40 dévoué
1520 1748 72 39 des
1624 1747 406 55 expérimentateurs
2068 1747 75 53 qui

114 1816 133 41 m'ont
267 1816 114 51 aidé,
405 1831 83 26 une
511 1816 317 41 collaboration
862 1816 179 40 amicale
1077 1820 22 36 à
1123 1814 220 42 Véminent
1372 1815 225 41 architecte
1620 1816 56 39 du
1704 1815 152 41 Palais
1888 1816 55 40 du
1979 1816 136 40 Troca-

115 1886 118 50 déro,
258 1884 65 42 M.
348 1885 235 41 Bourdais.

162 1953 54 50 Je
238 1968 104 26 vous
362 1953 108 55 prie,
491 1968 101 26 mon
614 1952 96 41 cher
729 1953 239 52 Directeur,
992 1953 50 41 de
1063 1953 95 41 bien
1185 1952 171 42 vouloir
1378 1955 155 52 agréer
1555 1952 280 55 l'expression
1864 1952 50 40 de
1936 1966 86 25 mes
2043 1950 100 56 plus

116 2023 181 40 dévoués
320 2028 36 35 et
378 2022 200 41 amicaux
595 2021 262 42 sentiments.

1789 2094 54 42 G.
1878 2094 145 42 LYON.

202 2311 76 41 La
300 2311 263 43 nouvelle
586 2311 225 44 théorie
833 2313 67 41 de
921 2312 340 43 l'harmonie
1285 2313 68 41 de
1379 2314 73 40 M.
1482 2314 169 51 Hugo
1674 2313 284 42 Riemann

1983 2314 60 53 (i)

174 2428 72 43 On
267 2431 85 40 sait
376 2444 84 39 que
487 2430 60 40 M.
575 2430 133 51 Hugo
733 2430 227 41 Riemann
984 2429 135 42 fonde
1139 2444 87 26 une
1249 2430 209 40 nouvelle
1488 2430 170 40 théorie
1681 2431 54 40 de
1770 2430 267 41 l'harmonie
2061 2445 78 27 sur

115 2499 289 52 l'opposition
446 2499 288 40 irréductible
774 2499 55 40 de
867 2499 114 40 deux
1018 2499 156 40 modes
1210 2499 188 51 (majeur
1429 2507 42 32 et
1513 2500 193 50 mineur;
1733 2501 404 50 symétriquement

116 2567 253 50 engendrés
392 2581 80 38 par
503 2567 40 40 la
584 2566 167 41 double
790 2569 112 38 série
938 2567 77 39 des
1044 2568 217 50 premiers
1294 2580 106 26 sons
1436 2567 326 52 harmoniques
1802 2570 257 49 supérieurs
2097 2577 40 31 et

118 2634 236 41 inférieurs
380 2638 22 36 à
423 2636 140 51 partir
593 2633 107 42 d'un
724 2648 81 27 son
824 2635 282 52 quelconque
1128 2635 163 40 donné.
1314 2633 63 41 La
1404 2638 145 37 même
1574 2644 104 32 note
1696 2635 81 48 sol,
1803 2650 80 37 par
1917 2637 218 52 exemple,

117 2713 67 31 est
210 2708 21 36 à
257 2704 39 40 la
318 2702 86 42 fois
425 2703 40 40 la
491 2703 338 41 fondamentale
852 2703 130 40 d'une
1007 2703 237 41 harmonie
1268 2705 260 50 supérieure
1561 2717 56 27 ou
1642 2705 199 52 majeure
1859 2704 216 49 sol-si-ré,
2097 2714 42 32 et

119 2774 39 40 la
179 2772 337 42 fondamentale
539 2772 133 41 d'une
695 2772 237 41 harmonie
951 2771 242 42 inférieure
1217 2786 57 26 ou
1295 2774 202 39 mineure
1528 2772 282 53 sol-mi\>-do,
1838 2781 146 33 toutes
2021 2774 113 41 deux

117 2842 256 51 également
398 2845 261 49 composées
682 2839 133 42 d'une
839 2842 154 51 quinte
1016 2850 41 32 et
1077 2841 133 41 d'une
1235 2843 133 39 tierce
1384 2842 204 52 majeure.

176 3150 127 42 Nous
329 3164 54 28 ne
419 3152 326 52 reprocherons
764 3165 81 39 pas
870 3156 21 35 à
915 3150 62 40 M.
1003 3150 223 42 Riemann
1252 3152 53 40 de
1326 3151 238 53 s'appuyer
1583 3165 75 27 sur
1678 3165 88 27 une
1782 3152 249 53 hypothèse
2052 3166 85 38 que

163 3303 30 40 (i
207 3301 9 41 )
232 3299 230 34 L'harmonie
504 3300 189 44 simplifiée
699 3328 7 12 ,
741 3312 46 21 ou
828 3300 139 33 théorie
1009 3300 61 33 des
1099 3300 182 34 fonctions
1318 3303 140 30 tonales
1490 3300 62 33 des
1588 3300 149 33 accords
1780 3310 64 30 par
1870 3300 43 32 H.
1940 3300 193 39 Riemann,

122 3359 28 30 D
155 3363 12 15 r
182 3357 89 41 phil.
297 3365 33 26 et
353 3368 107 28 mus.,
484 3357 271 41 privat-docent
779 3359 18 30 à
817 3357 225 33 l'université
1062 3357 44 34 de
1124 3357 165 43 Leipzig,
1312 3357 158 33 traduite
1489 3367 65 30 par
1573 3357 31 32 G
1644 3356 193 38 Humbert,
1856 3356 92 41 prof,
1973 3367 43 22 au
2035 3357 73 33 Con-

118 3413 198 34 servatoire
341 3415 43 31 de
407 3414 160 39 Genève,
593 3415 172 41 Augener
783 3421 35 25 et
837 3413 55 39 C°,
916 3413 222 33 London.—
1159 3414 148 31 Manuel
1328 3415 39 29 de
1390 3413 209 31 l'harmonie
1605 3439 6 14 ,
1635 3423 66 30 par
1732 3415 32 29 le
1796 3413 28 31 D
1832 3420 7 15 l
1840 3413 4 43 *
1872 3413 43 31 H.
1940 3413 192 41 Riemann,

120 3471 137 32 traduit
290 3481 61 22 sur
382 3473 32 31 la
449 3478 39 36 3e
520 3469 58 34 éd.
602 3469 215 39 allemande,
842 3469 164 43 Leipzig,
1043 3469 195 42 Breitkopf
1272 3477 33 25 et
1338 3470 139 39 Hârtel,
1507 3479 103 32 1902.
1696 3467 90 33 Voir
1808 3471 50 31 les
1901 3469 145 34 articles
2087 3470 45 32 de

122 3526 87 33 MM.
231 3526 250 34 Calvocoressi
498 3533 33 26 et
551 3526 39 33 L.
612 3527 187 32 Boutroux
821 3536 110 30 parus
957 3528 18 30 à
1001 3537 39 22 ce
1060 3528 92 41 sujet
1174 3526 88 33 dans
1285 3533 94 26 cette
1401 3526 118 32 Revue
1536 3524 136 44 (1903).
