3558 4490
1743 151 58 50 94

179 309 86 31 von
295 290 89 50 ihm
417 290 110 49 dazu
559 290 276 65 vereinigten
856 290 336 49 musicalischen
1209 290 159 49 Kräfte
1400 290 42 49 in
1474 290 100 49 dem
1607 290 88 50 fünf-

178 384 76 39 ten
287 373 591 50 Abonnements-Concerte
908 391 70 30 am
1018 373 86 51 15.
1137 374 41 49 d.
1201 374 104 49 Mts.
1336 373 80 48 der
1446 374 94 49 Fall
1570 391 107 33 war.

304 456 174 50 Unsere
521 456 434 50 niederrheinischen
1000 456 261 49 Musikfeste
1316 457 144 48 haben
1507 456 214 50 während

179 539 82 50 der
291 556 174 51 ganzen
493 539 140 50 Reihe
662 539 118 49 ihrer
809 539 158 49 Dauer
1005 557 88 31 nur
1121 539 83 49 Ein
1234 539 87 49 Mal
1353 541 39 47 J.
1425 538 108 50 Seb.
1562 539 159 49 Bach's

178 623 174 48 Namen
384 621 80 49 auf
487 621 100 49 dem
605 622 268 63 Programm
905 619 180 68 gehabt,
1114 621 59 48 im
1195 621 136 49 Jahre
1363 619 170 59 1838,
1564 638 72 32 wo
1668 640 56 30 zu

179 704 166 59 Köln,
375 712 132 41 unter
534 703 358 50 Mendelssohn's
910 703 242 57 Direction,
1183 721 70 30 am
1287 703 189 50 zweiten
1507 704 215 65 Festtage

183 787 73 50 die
308 787 219 57 „Cantate
568 804 71 30 am
1250 787 255 65 aufgeführt
1547 787 173 50 wurde.

179 870 190 50 Freilich
399 868 146 50 haben
576 870 114 49 auch
731 870 69 49 die
841 870 196 48 anderen
1067 868 249 51 deutschen
1345 870 348 48 Musikfest-Ver-

183 952 112 59 eine,
339 969 51 31 so
421 951 82 48 viel
532 951 84 49 wir
646 951 177 60 wissen,
867 951 143 49 nichts
1051 970 85 30 von
1166 951 121 49 Bach
1331 951 230 66 gebracht.
1618 951 103 51 Und

182 1033 116 51 doch
325 1051 96 32 war
444 1033 80 50 der
540 1033 243 59 Eindruck,
814 1033 200 50 welchen
1038 1033 104 66 jene
1164 1033 203 59 Cantate,
1397 1035 93 48 und
1521 1042 173 42 nament-

181 1117 85 48 lich
308 1116 81 49 der
433 1116 326 67 achtstimmige
790 1116 287 69 Doppelchor
1117 1117 43 48 in
1195 1117 144 50 C-dur
1382 1135 69 30 am
1484 1117 236 50 Schlüsse:

192 1198 137 58 „Nun
357 1198 57 49 ist
444 1198 77 49 das
550 1198 102 49 Heil
695 1198 94 51 und
827 1198 70 50 die
925 1200 132 48 Kraft
1099 1198 93 50 und
1232 1198 76 50 das
1339 1200 137 48 Reich
1522 1200 91 48 und
1654 1200 68 48 die

179 1281 158 50 Macht
374 1298 186 33 unseres
591 1281 160 50 Gottes
794 1281 93 50 und
931 1281 144 50 seines
1105 1281 220 57 Christus,
1369 1282 98 49 weil
1509 1282 80 49 der
1625 1298 73 31 ver-

181 1364 176 49 worfen
397 1364 71 58 ist,
513 1364 80 49 der
634 1364 61 49 sie
734 1364 260 67 verklagete
1023 1365 98 65 Tag
1148 1364 92 49 und
1270 1364 146 49 Nacht
1446 1383 78 30 vor

183 1446 82 48 auf
301 1446 70 48 die
399 1445 351 51 Zuhörerschaft
793 1446 140 50 schon
976 1446 43 50 in
1062 1446 81 51 der
1183 1446 303 67 Hauptprobe
1529 1446 192 59 machte,

182 1527 123 51 einer
336 1527 80 50 der
446 1529 327 66 gewaltigsten,
812 1529 140 50 deren
978 1529 83 49 wir
1090 1545 86 34 uns
1202 1529 48 64 je
1278 1529 141 49 selbst
1448 1529 272 67 empfunden

181 1611 94 48 und
292 1628 56 31 an
366 1610 216 51 Anderen
599 1611 402 66 wahrgenommen
1025 1630 56 31 zu
1112 1610 147 51 haben
1288 1611 210 50 erinnern
1529 1611 193 50 können.

305 1693 111 52 Wir
449 1693 157 52 dürfen
634 1694 60 49 im
722 1694 254 49 Andenken
1005 1712 56 31 an
1085 1694 129 66 jenes
1244 1694 372 66 Durchschlagen
1645 1694 80 48 der

181 1775 559 51 Himmelfahrts-Cantate
769 1778 92 49 und
889 1785 135 42 unter
1054 1778 101 49 dem
1183 1776 190 50 frischen
1388 1778 230 48 Eindruck
1646 1778 80 48 der

185 1858 430 50 Johannis-Passion
656 1859 70 49 die
753 1860 293 66 Bemerkung
1084 1859 122 51 nicht
1232 1859 351 57 unterdrücken,
1623 1859 102 49 dass

186 1957 48 33 es
266 1941 105 49 sehr
402 1959 56 32 zu
487 1940 232 51 bedauern
747 1943 70 57 ist,
859 1943 101 49 dass
1000 1960 86 32 von
1129 1941 85 51 den
1246 1941 292 50 Cantaten
1568 1941 157 50 Bach's

183 2023 123 48 nicht
336 2024 208 65 häufiger
585 2024 41 48 in
666 2025 85 49 den
783 2024 284 51 öffentlichen
1099 2024 254 50 Concerten
1378 2024 238 50 Gebrauch
1648 2042 51 48 ge-

182 2105 151 49 macht
362 2105 127 50 wird.
535 2107 107 49 Wir
689 2107 148 48 halten
878 2107 69 48 die
977 2107 293 64 Aufführung
1312 2105 236 50 derselben
1590 2122 135 49 sogar

182 2187 70 48 für
282 2188 275 65 geeigneter,
601 2188 86 49 den
718 2189 108 48 Sinn
867 2190 68 47 für
974 2189 159 50 Bach's
1164 2188 313 51 Vocal-Musik
1517 2188 208 66 lebendig

182 2287 53 29 zu
268 2270 202 58 machen,
511 2270 63 49 als
605 2270 68 49 die
704 2272 79 48 der
812 2272 259 48 Passionen.
1115 2270 273 66 Abgesehen
1421 2272 158 57 davon,
1622 2272 102 48 dass

183 2352 95 47 ihre
308 2352 246 66 Einübung
596 2353 123 48 nicht
760 2353 194 49 dieselbe
995 2371 160 48 grosse
1187 2353 242 48 Ausdauer
1470 2353 78 48 des
1580 2352 145 49 Chors

185 2433 186 57 fordert,
394 2434 86 48 wie
505 2435 68 47 die
586 2435 259 59 Passionen,
859 2435 101 49 dass
985 2437 61 47 sie
1068 2435 243 65 (geradezu
1334 2435 174 67 gesagt)
1526 2434 200 66 weniger

186 2517 249 49 ermüdend
461 2517 125 58 wird,
618 2518 255 48 erleichtert
902 2518 80 48 der
1013 2518 235 66 geringere
1268 2517 193 67 Umfang
1489 2517 236 49 derselben

181 2597 203 49 offenbar
413 2598 71 50 die
515 2599 279 68 Auffassung
825 2599 68 50 bei
926 2601 101 48 dem
1057 2601 221 48 Zuhörer.
1311 2601 174 48 Ferner
1514 2604 123 61 trägt
1669 2617 53 32 zu

181 2681 103 48 dem
313 2681 228 49 Eindruck
585 2682 71 48 die
685 2682 179 49 Einheit
907 2683 78 50 des
1028 2683 272 50 Charakters
1340 2682 94 51 und
1476 2682 80 49 der
1587 2682 108 48 Stim-

179 2780 155 48 mung,
379 2781 80 32 aus
491 2764 78 50 der
601 2764 61 49 sie
693 2764 224 66 geflossen
957 2766 92 48 und
1090 2764 170 50 welche
1292 2766 61 48 sie
1383 2782 211 48 anregen,
1639 2764 82 50 viel

182 2844 85 59 bei,
296 2846 215 49 während
536 2846 120 50 diese
672 2847 178 51 Einheit
874 2847 80 49 der
981 2848 258 65 Stimmung
1260 2847 43 51 in
1326 2847 88 49 den
1441 2847 280 49 Gemüthern

182 2926 81 49 der
292 2928 206 48 Zuhörer
536 2928 69 48 bei
648 2929 85 49 den
762 2931 245 48 Passionen
1051 2929 139 49 durch
1235 2929 71 49 die
1348 2928 221 68 (obschon
1597 2929 103 49 treff-

181 3008 161 66 lichen)
361 3010 326 50 dramatischen
700 3013 175 47 Scenen
901 3016 176 62 gestört
1099 3012 93 48 und
1214 3012 234 65 eigentlich
1468 3029 88 31 nur
1580 3011 141 49 durch

182 3092 70 48 die
270 3092 191 50 Choräle
487 3093 170 52 wieder
681 3095 262 66 hergestellt
959 3095 125 49 wird.
1113 3096 132 48 Dann
1264 3095 232 49 erfordern
1523 3095 60 48 sie
1607 3095 114 48 auch

182 3175 122 48 nicht
336 3192 48 31 so
414 3176 200 66 tüchtige
644 3177 299 66 Solosänger;
982 3177 60 66 ja,
1091 3177 108 48 viele
1240 3177 93 50 Soli
1375 3177 96 48 sind
1510 3176 80 48 der
1618 3176 102 58 Art,

186 3257 103 50 dass
319 3274 102 31 man
451 3257 61 50 sie
541 3258 312 51 unbeschadet
893 3260 78 49 des
1001 3260 252 48 Eindrucks
1296 3260 80 48 des
1406 3260 184 48 Ganzen
1618 3276 103 47 weg

182 3340 149 48 lassen
362 3338 130 60 kann,
530 3341 218 50 während
778 3342 68 49 die
875 3341 244 51 Passionen
1150 3360 86 31 nur
1265 3342 80 49 mit
1376 3340 318 67 ausgezeichne-

182 3431 77 38 ten
292 3421 305 67 Solosängern
638 3424 255 66 aufgelührt
938 3424 183 49 werden
1152 3425 191 48 können.
1404 3422 189 50 Endlich
1622 3440 74 31 ver-

186 3510 165 42 statten
380 3504 61 47 sie
472 3523 97 39 uns,
599 3505 152 51 dafern
775 3506 81 50 wir
878 3524 86 32 nur
985 3506 122 50 nicht
1121 3506 231 48 Pedanten
1377 3506 109 48 oder
1503 3505 217 48 Pietisten

186 3586 110 57 sind,
341 3586 96 47 eine
468 3586 322 67 Umänderung
833 3587 80 50 der
955 3589 148 48 Texte
1142 3606 56 31 an
1242 3587 265 66 denjenigen
1538 3586 184 60 Stellen,

185 3667 170 51 welche
386 3685 80 48 gar
497 3688 55 29 zu
582 3671 234 50 auffallend
855 3688 146 49 gegen
1030 3688 137 33 unser
1195 3671 205 66 heutiges
1430 3670 292 49 ästhetisches

187 3750 159 48 Gefühl
376 3750 201 60 streiten,
687 3752 96 49 eine
813 3754 294 64 Aenderung,
1137 3752 169 50 welche
1336 3754 70 47 für
1437 3752 68 49 die
1537 3751 158 48 Einfüh-

186 3850 118 49 rung
332 3834 42 48 in
405 3834 427 66 Gesang-Vereinen
873 3836 90 50 und
1004 3836 68 49 für
1113 3836 68 49 die
1211 3835 186 66 richtige
1427 3835 297 65 Würdigung

188 3916 79 47 der
298 3916 339 50 musicalischen
667 3918 301 49 Schönheiten
995 3919 159 48 Bach's
1195 3918 140 49 durch
1380 3918 76 48 das
1486 3916 235 50 Publicum

186 3996 293 68 nothwendig
507 3999 70 60 ist,
607 4017 54 31 an
694 3999 170 49 welche
893 4000 81 48 wir
1005 3999 108 49 aber
1140 4000 44 48 in
1213 4000 87 50 den
1330 3999 241 49 Passionen
1603 3998 119 49 nicht

187 4080 175 51 denken
394 4080 192 64 können,
630 4083 98 49 weil
771 4083 42 49 in
854 4083 132 50 ihnen
1013 4083 340 66 grösstentheils
1386 4084 77 48 der
1494 4084 118 47 Text
1644 4081 77 50 des

1816 290 318 68 Evangeliums
2176 309 56 32 zu
2261 292 185 49 Grunde
2488 292 150 67 gelegt
2667 292 69 49 ist.
2796 292 133 52 Auch
2970 293 81 51 wir
3092 292 147 52 haben
3278 293 87 51 alle

1814 373 218 66 Achtung
2062 391 80 32 vor
2172 374 81 50 der
2283 376 243 48 schlichten
2556 374 279 50 Einfachheit
2876 376 80 49 der
2984 376 264 66 Erzählung
3278 377 80 48 der

1816 456 315 66 Evangelisten
2162 457 70 58 da,
2277 475 74 31 wo
2393 458 62 48 sie
2483 457 264 67 hingehört;
2793 458 61 48 sie
2886 459 162 65 gehört
3079 458 109 51 aber
3219 459 41 50 in
3291 459 69 49 die

1816 538 167 48 Kirche
2012 539 93 50 und
2126 557 82 31 vor
2229 539 79 50 das
2323 541 131 56 Volk,
2484 541 121 48 nicht
2627 539 42 50 in
2689 539 69 50 die
2775 541 165 58 Kunst,
2972 542 92 48 und
3083 542 82 48 alle
3186 542 145 49 Schön-

1816 621 174 49 thuerei
2021 621 80 49 mit
2130 621 258 67 gläubigem
2413 622 343 49 Christenthum
2787 622 110 49 wird
2930 641 84 32 uns
3043 623 122 50 nicht
3194 623 140 50 bewei-

1818 721 94 39 sen,
1942 703 103 50 dass
2074 704 170 51 Worte
2276 704 109 50 wie:
2440 706 123 57 „und
2595 706 79 49 der
2703 704 182 50 Knecht
2912 706 119 49 hiess
3060 706 206 49 Malchus

1816 786 94 49 und
1940 786 80 48 der
2060 804 96 31 war
2185 787 212 66 Kaiphas'
2430 788 248 49 Schwäher
2787 788 61 49 sie
2878 788 154 49 hatten
3064 788 68 49 ein
3164 790 173 48 Kohlen-

1818 868 125 49 feuer
1973 870 222 64 gemacht,
2227 870 118 48 denn
2374 887 47 32 es
2453 887 95 32 war
2578 871 91 48 kalt
2774 871 64 48 sie
2867 871 164 66 gingen
3062 871 122 48 nicht
3213 873 41 46 in
3286 871 77 49 das

1818 951 246 49 Richthaus
2150 952 70 50 die
2251 953 164 58 Stätte,
2446 952 69 50 die
2545 952 55 50 da
2632 952 140 50 heisst
2799 953 336 68 Hochpflaster,
3165 955 81 47 auf
3268 955 63 48 He-

1816 1033 178 50 bräisch
2018 1033 108 50 aber
2153 1035 235 49 Gabbatha
2476 1052 45 32 es
2542 1054 94 30 war
2662 1035 295 66 geschrieben
2981 1037 80 48 auf
3083 1035 280 59 hebräische,

1818 1116 277 66 griechische
2124 1117 95 50 und
2247 1117 255 50 lateinische
2805 1136 44 31 u.
2876 1135 35 33 s.
2940 1136 56 33 w.
3022 1138 43 30 u.
3093 1136 33 32 s.
3149 1136 57 32 w.
3295 1121 70 47 ein

1818 1200 124 48 Stoff
1963 1200 71 48 für
2055 1201 353 66 Vergeistigung
2437 1201 79 48 des
2530 1201 169 48 Inhalts
2716 1201 142 48 durch
2882 1202 69 49 die
2965 1202 240 49 Tonkunst
3229 1202 133 50 seien.

1942 1281 351 67 Aufführungen
2336 1281 81 50 der
2457 1282 246 50 Passionen
2746 1282 147 50 haben
2937 1300 71 32 am
3045 1284 320 49 Niederrheine

1818 1380 86 32 nur
1933 1364 143 49 selten
2093 1366 122 47 Statt
2243 1365 239 66 gefunden.
2514 1366 62 48 So
2608 1365 85 51 viel
2723 1365 84 49 wir
2836 1367 177 58 wissen,
3043 1366 78 48 hat
3151 1366 43 48 in
3222 1367 106 49 Düs-

1818 1446 230 50 seldorf
2086 1447 191 49 Hiller
2308 1447 69 49 die
2406 1447 251 50 Matthäus-
2689 1447 93 50 und
2812 1449 335 49 Schumann
3179 1449 70 49 die
3281 1450 54 48 Jo-

1816 1529 381 50 hannes-Passion
2228 1530 272 66 aufgeführt.
2556 1530 85 51 Die
2671 1531 188 48 letztere
2890 1531 174 57 wurde,
3109 1531 85 50 wie
3225 1531 140 50 schon

1816 1618 174 59 gesagt,
2015 1611 113 66 jetzt
2157 1613 114 49 auch
2300 1613 44 48 in
2373 1613 175 57 Bonn,
2577 1613 93 49 und
2693 1630 120 31 zwar
2834 1630 103 32 zum
2959 1620 154 43 ersten
3127 1614 133 58 Male,
3286 1630 51 50 ge-

1818 1694 161 66 geben,
2008 1712 94 33 was
2133 1695 236 48 immerhin
2399 1695 140 50 schon
2568 1695 43 50 in
2628 1696 216 49 Betracht
2872 1696 160 50 dessen
3057 1696 308 66 merkwürdig

1816 1776 72 56 ist,
1918 1776 100 50 dass
2050 1778 69 48 ein
2142 1795 80 32 vor
2253 1776 111 50 125
2392 1778 167 49 Jahren
2585 1778 343 66 geschriebenes
2944 1779 280 49 Musikwerk
3248 1779 115 66 jetzt

1818 1867 92 40 erst
1941 1859 94 49 hier
2065 1878 55 30 zu
2150 1860 155 50 Gehör
2335 1860 186 57 kommt,
2568 1860 93 50 und
2700 1860 44 48 in
2774 1860 196 50 hundert
2999 1861 197 50 anderen
3227 1861 105 50 deut-

1818 1940 137 50 schen
1974 1941 204 58 Städten,
2209 1941 70 50 die
2310 1949 126 42 sonst
2463 1941 151 50 Musik
2643 1960 153 49 genug
2824 1943 189 58 treiben,
3045 1943 115 49 eben
3191 1960 49 32 so
3272 1960 61 34 we-

1816 2023 77 66 nig
1922 2024 62 48 als
2016 2024 96 50 hier
2143 2024 208 65 lebendig
2392 2025 245 65 geworden
2681 2025 70 49 ist.
2807 2027 86 47 Die
2919 2027 443 48 Matthäus-Passion

1816 2107 160 48 wurde
2018 2114 153 41 zuerst
2218 2105 148 51 1729
2416 2108 281 65 aufgelührt;
2741 2108 69 49 die
2839 2108 439 49 Johannes-Passion
3309 2109 56 50 ist

1816 2187 108 49 aber
1956 2188 128 66 (nach
2115 2189 127 48 Mose
2248 2189 35 47 vi
2291 2188 68 67 us)
2391 2188 203 51 offenbar
2623 2190 127 56 älter,
2780 2189 63 50 als
2873 2189 114 65 jene.

1941 2270 77 49 Bei
2045 2270 79 49 der
2138 2270 292 63 Aufführung
2455 2272 42 47 in
2516 2273 129 47 Bonn
2670 2272 173 49 leistete
2871 2273 78 47 der
2973 2273 154 48 Chor
3158 2289 53 32 an
3229 2273 107 48 Rein-

1816 2353 107 57 heit,
1955 2353 251 48 Sicherheit
2236 2354 91 48 und
2357 2354 229 48 Präcision
2617 2354 104 48 sehr
2749 2354 264 59 Löbliches;
3045 2355 163 49 freilich
3239 2355 124 50 hätte

1819 2452 48 30 er
1898 2434 272 48 zahlreicher
2210 2435 92 49 sein
2345 2441 195 52 müssen,
2586 2437 92 48 und
2723 2437 115 48 auch
2883 2437 70 49 die
2982 2438 256 65 Klangfülle
3280 2438 82 50 der

1818 2515 218 50 Stimmen
2068 2515 128 50 stand
2229 2517 120 49 nicht
2379 2518 43 47 in
2451 2518 233 65 richtigem
2716 2518 297 50 Verhältniss.
3047 2521 116 48 Was
3194 2519 169 50 könnte

1816 2599 130 49 Bonn
1978 2599 67 47 für
2076 2599 127 49 einen
2232 2599 330 50 vortrefflichen
2589 2601 122 48 Chor
2736 2601 249 57 aufstellen,
3017 2618 134 32 wenn
3182 2602 92 48 sich
3305 2621 56 30 zu

1816 2681 284 49 öffentlichen
2125 2682 352 66 Aufführungen
2507 2682 84 49 alle
2615 2683 320 50 vorhandenen
2954 2684 173 58 Kräfte,
3159 2686 85 48 wie
3271 2684 91 50 dies

1816 2763 42 50 in
1884 2764 119 49 Köln
2035 2764 77 49 der
2135 2764 94 49 Fall
2262 2764 69 58 ist,
2363 2764 297 66 vereinigten!
2690 2767 93 47 Das
2812 2766 114 49 wird
2957 2766 108 48 aber
3095 2767 118 48 wohl
3245 2767 117 51 noch

1815 2846 130 66 lange
1976 2846 70 48 ein
2076 2846 213 49 frommer
2321 2847 210 49 Wunsch
2572 2847 191 51 bleiben.
2822 2849 122 47 Herr
2975 2866 38 30 v.
3046 2848 315 51 Wasielewski

1816 2929 197 65 dirigirte
2043 2929 80 49 mit
2152 2929 249 49 Sicherheit
2432 2931 91 47 und
2556 2931 344 57 Bestimmtheit,
2933 2949 48 30 so
3013 2931 101 49 dass
3146 2932 114 50 auch
3291 2933 69 49 die

1815 3011 215 48 mitunter
2076 3011 290 66 schwierigen
2410 3012 209 48 Einsätze
2675 3012 79 48 des
2799 3012 145 50 Chors
3000 3020 81 58 gut
3126 3013 235 68 gelangen»

1814 3093 156 50 Neben
2013 3093 101 50 dem
2147 3095 249 48 Orchester
2434 3112 95 31 war
2571 3095 96 48 eine
2714 3095 143 49 kleine
2887 3096 140 66 Orgel
3070 3096 105 67 (von
3206 3098 152 49 Herrn

1815 3176 177 49 Ibach
2021 3177 42 47 in
2092 3177 147 65 Bonn)
2271 3177 225 56 wirksam,
2528 3177 77 47 mit
2634 3177 197 48 welcher
2860 3178 268 50 namentlich
3158 3180 68 48 die
3257 3181 60 48 Re-

1816 3258 173 49 citative
2022 3257 214 66 begleitet
2265 3258 204 49 wurden.

1938 3341 96 47 Der
2059 3342 94 47 Bau
2178 3341 79 48 der
2284 3341 438 50 Johannes-Passion
2752 3342 58 49 ist
2840 3342 220 57 derselbe,
3092 3344 85 48 wie
3206 3342 43 51 in
3281 3345 79 49 der

1815 3422 468 57 Matthäus-Passion;
2314 3422 61 49 sie
2401 3424 118 48 stellt
2543 3424 76 48 das
2642 3424 170 49 Leiden
2839 3424 161 48 Christi
3026 3425 41 48 in
3093 3425 142 49 einem
3260 3445 67 32 mu-

1816 3504 254 49 sicalischen
2091 3505 263 65 Mysterium
2380 3523 93 39 vor,
2505 3524 48 30 so
2585 3506 84 48 wie
2698 3506 60 48 im
2782 3506 257 48 Mittelalter
3071 3507 139 50 selbst
3234 3509 100 49 thea-

1818 3586 204 50 tralische
2056 3587 350 66 Darstellungen
2440 3589 182 66 heiliger
2653 3589 299 48 Geschichten
2984 3596 133 42 unter
3147 3591 101 50 dem
3272 3594 58 48 Na-

1818 3686 100 31 men
1947 3669 266 66 Mysterium
2255 3670 254 66 aufgeführt
2549 3670 202 48 wurden.
2796 3671 153 47 Daher
2989 3671 130 50 rührt
3150 3672 76 50 das
3258 3674 75 48 dra-

1816 3751 214 48 matische
2044 3751 221 59 Element,
2297 3754 191 48 welches
2514 3754 40 48 in
2580 3752 86 49 den
2690 3752 272 50 Bach'schen
2982 3755 244 50 Passionen
3257 3758 99 48 eine

1815 3834 285 48 bedeutende
2131 3834 138 48 Stelle
2299 3835 244 57 einnimmt,
2576 3835 215 48 während
2824 3836 76 49 das
2932 3836 177 66 epische
3150 3838 86 64 (die
3267 3839 56 47 Er-

1815 3916 196 64 zählung
2039 3915 77 50 des
2143 3918 330 63 Evangelisten)
2500 3918 85 48 den
2617 3916 147 49 Faden
2792 3916 150 59 bildet,
2985 3919 79 48 der
3095 3920 91 48 sich
3211 3920 141 50 durch

1816 3999 77 49 das
1926 3999 150 48 Ganze
2107 3998 190 50 bindend
2331 4000 131 57 zieht,
2505 4000 89 47 und
2625 4000 77 47 das
2733 4000 187 50 lyrische
2952 4003 40 47 in
3024 4003 85 48 den
3139 4004 188 49 Betrach-

1816 4089 171 58 tungen
2016 4081 90 49 und
2137 4081 364 68 Empfindungen
2533 4081 119 49 einer
2683 4083 170 48 idealen
2878 4084 243 49 Gemeinde
3153 4085 57 68 (in
3238 4085 118 51 Chö-
