3436 4366
348 171 1407 203 Niederrheinisclie
1898 171 1133 254 Musik-Zeitung

978 471 115 114 für
1171 466 557 122 fttrastfretraiie
1778 466 145 119 traft
1976 468 392 120 Mtratlfr.

164 710 389 68 Herausgegeben
598 727 88 35 von
736 708 233 52 Professor
1020 705 67 58 L.
1132 702 263 78 Bischoff.
1588 706 174 67 Verlag
1814 707 81 50 der
1945 701 83 58 M.
2074 698 756 82 DuMont-Schauberg'schen
2867 703 375 69 Buchhandlung.

532 1040 180 35 Stimmen
739 1051 69 24 aus
837 1041 106 33 Paris
971 1039 94 34 über
1091 1039 162 34 Richard
1280 1040 164 44 Wagner
1482 1039 49 37 11,
1636 1039 98 34 Aus
1776 1038 273 35 Frankfurt
2091 1049 67 23 am
2200 1039 131 34 Main
2371 1037 316 47 (Quartettspiel).
2716 1039 81 34 Von
2825 1039 44 34 A.
2901 1038 270 36 Schindler.

157 1101 96 33 Aus
294 1100 196 34 Aachen
531 1099 502 45 (Abonnements-Concerte
1138 1099 96 34 Herr
1261 1110 71 23 von
1362 1100 173 44 Turanyi
1641 1099 123 34 Soiree
1801 1100 59 33 für
1887 1098 307 35 Kammermusik
2237 1118 47 6 —•
2328 1100 182 43 Tages-
2561 1097 94 34 und
2703 1096 544 46 Unterhaltungsblatt

157 1159 129 44 (Köln,
314 1159 125 34 Soiree
466 1159 50 33 im
544 1157 339 42 Conservatorium,
913 1157 270 34 Musicalische
1214 1157 256 34 Gesellschaft
1598 1157 137 42 Mainz,
1772 1158 218 44 Programm
2020 1159 60 33 für
2109 1157 65 34 das
2202 1157 117 35 vierte
2347 1156 334 34 mittelrheinische
2707 1155 205 35 Musikfest
3041 1157 206 35 Frankfurt

158 1232 60 21 am
245 1220 116 41 Main,
390 1220 71 32 Die
489 1228 94 24 neue
611 1219 142 43 pariser
780 1217 269 45 Stimmgabel).

258 1038 219 37 Inhalt.

270 1370 229 53 Stimmen
540 1387 86 36 aus
666 1370 138 53 Paris
844 1369 125 54 über
1009 1369 217 54 Richard
1268 1369 56 53 W

1469 1371 76 65 '*)•

883 1495 55 45 II.

796 1600 55 44 (S.
875 1601 63 34 Nr.
966 1600 52 45 6.)

272 1676 92 46 Der
400 1675 214 47 Referent
654 1674 77 48 des
770 1675 227 47 Moniteur
1028 1674 104 64 (30.
1160 1672 211 66 Januar),
1414 1674 80 48 der
1538 1681 131 40 unter

158 1751 100 48 dem
289 1752 176 47 Namen
496 1752 53 47 A.
578 1750 56 48 de
663 1752 178 64 Rovray
878 1751 212 56 schreibt,
1134 1750 179 48 widmet
1352 1750 81 47 der
1471 1751 164 64 Compo-

155 1829 130 47 sition
317 1826 90 48 und
430 1827 301 64 Aufführung
758 1844 83 30 von
868 1827 269 47 Cimarosa's

157 1903 71 47 die
256 1903 85 47 den
371 1905 99 61 Tag
498 1920 76 30 vor
598 1903 247 63 Wagner's
874 1902 194 48 Concert
1095 1903 61 47 im
1184 1903 305 47 italiänischen
1519 1903 120 49 Thea-

155 1987 69 40 ter
252 1980 117 47 Statt
404 1978 120 56 fand,
565 1980 100 47 eine
704 1978 284 64 begeisterte,
1028 1978 213 65 übrigens
1277 1980 301 47 vollkommen
1614 1996 53 31 zu

157 2053 393 64 rechtfertigende,
579 2055 309 47 ausführliche
911 2055 209 47 Lobrede
1151 2055 89 47 und
1266 2055 121 47 fährt
1415 2055 117 48 dann
1562 2055 105 47 fort:

282 2132 192 53 „Treten
501 2131 81 44 wir
605 2130 107 62 jetzt
734 2146 80 30 aus
840 2130 80 46 der
941 2131 168 53 Sonne,
1139 2131 67 45 ich
1239 2132 86 44 will
1355 2131 122 47 nicht
1504 2147 161 46 sagen:

157 2207 40 44 in
228 2206 69 47 die
327 2206 284 53 Finsterniss,
640 2206 112 47 aber
779 2206 113 47 doch
924 2207 40 44 in
996 2206 127 47 einen
1153 2206 213 47 düsteren
1386 2206 164 54 Nebel,
1580 2206 84 47 den

158 2282 227 63 prächtige
430 2283 134 45 Blitze
611 2282 328 47 durchzucken.
995 2283 85 46 Ein
1124 2282 263 63 Componist
1435 2300 84 30 von
1561 2283 106 46 sehr

158 2373 199 51 grossem
390 2359 186 45 Talente
606 2357 89 47 und
725 2357 387 48 unbestreitbarer
1141 2358 286 64 Bedeutung,
1465 2358 198 48 Richard

160 2434 225 64 Wagner,
430 2436 76 44 hat
548 2451 80 29 uns
658 2434 41 46 in
737 2433 259 48 demselben
1026 2434 173 55 Hause,
1242 2451 71 30 wo
1344 2451 102 30 man
1477 2434 186 47 Abends

153 2512 162 45 vorher
344 2511 70 45 die
444 2509 419 65 durchsichtigsten,
902 2511 192 46 reinsten
1136 2509 91 48 und
1264 2511 273 46 reizendsten
1569 2512 63 45 Me-

151 2588 193 52 lodieen,
388 2587 70 45 die
493 2587 160 62 jemals
692 2585 79 47 das
800 2587 101 47 Ohr
941 2587 207 47 entzückt
1186 2587 166 54 haben,
1397 2587 268 47 bewundert

155 2664 137 55 halte,
324 2664 206 46 mehrere
563 2663 305 47 Bruchstücke
897 2679 79 31 aus
1004 2663 151 47 seinen
1185 2664 158 64 Opern
1380 2664 283 64 vorgeführt,

154 2739 70 47 die
252 2739 42 47 in
328 2738 302 47 Deutschland
662 2739 229 47 Aufsehen
922 2740 210 61 gemacht
1161 2739 163 48 haben.
1335 2740 203 47 —Seine
1561 2740 67 47 Mu-

151 2815 65 47 sik
245 2815 54 47 ist
327 2831 47 31 so
403 2815 195 52 seltsam,
628 2831 48 30 so
700 2814 94 48 fern
818 2831 83 31 von
925 2817 114 44 allen
1066 2814 254 48 bekannten
1347 2818 194 46 Formen
1574 2815 87 49 und

157 2893 189 62 Regeln,
376 2890 101 48 dass
507 2907 100 30 man
639 2892 112 46 nach
783 2892 284 63 einmaligem
1099 2893 155 45 Hören
1283 2893 91 45 sich
1407 2893 127 47 keine
1566 2894 72 44 hin-

158 2968 188 62 länglich
377 2968 168 63 präcise
576 2966 91 47 und
698 2968 123 45 klare
851 2968 288 63 Vorstellung
1176 2969 206 53 machen,
1421 2969 115 47 noch
1571 2985 62 31 we-

155 3044 127 63 niger
311 3043 120 48 diese
458 3043 213 48 Anderen
704 3044 245 47 mittheilen
979 3044 131 47 kann.

223 3167 33 46 *)
286 3168 66 33 Bei
381 3167 82 34 dem
491 3165 205 42 Aufsehen,
741 3163 66 36 das
837 3165 204 45 Wagner
1077 3165 78 35 und
1185 3167 100 33 seine
1315 3166 178 35 Concerte
1522 3167 78 35 hier
1627 3168 37 34 in

281 3228 108 33 Paris
417 3226 176 46 gemacht
622 3224 133 44 haben,
804 3224 146 35 scheint
985 3225 69 34 mir
1083 3226 81 33 eine
1201 3227 279 44 unparteiische
1509 3228 130 33 Zusam-

282 3287 254 43 menstellung
580 3285 65 33 der
673 3284 169 34 Urtheile
882 3296 73 23 von
981 3285 284 33 Franzosen
1306 3286 91 35 über
1432 3287 66 33 ihn
1525 3285 140 36 Pflicht

280 3349 101 32 eines
411 3346 206 34 deutschen
637 3344 360 45 Correspondenten.
1025 3345 122 34 Meine
1177 3346 129 43 eigene
1326 3346 159 34 Ansicht
1512 3347 151 46 geltend

280 3416 47 23 zu
357 3405 168 43 machen,
557 3407 99 31 wäre
677 3403 236 45 überflüssig,
941 3403 47 34 da
1016 3405 53 33 sie
1097 3415 93 32 ganz
1218 3405 68 34 mit
1315 3405 213 47 derjenigen
1557 3407 85 34 über-

279 3467 215 41 einstimmt,
529 3464 57 34 die
620 3465 37 32 in
697 3463 127 34 diesen
852 3464 170 34 Blättern
1051 3463 114 35 schon
1193 3464 54 33 oft
1275 3463 195 47 dargelegt
1498 3464 77 35 und
1603 3465 42 36 be-

278 3525 160 47 gründet
459 3524 143 34 worden
627 3525 60 33 ist.
718 3523 188 34 Desshalb
935 3523 77 34 und
1039 3535 63 22 um
1129 3523 247 34 andererseits
1403 3523 105 33 nicht
1536 3535 129 34 wegen

277 3586 207 34 Einflusses
525 3583 64 34 des
617 3584 268 33 Patriotismus
927 3585 70 32 auf
1033 3584 119 33 meine
1180 3584 127 33 Kritik
1352 3583 239 46 verdächtigt
1619 3595 47 22 zu

279 3645 158 42 werden,
479 3644 101 33 halte
617 3642 60 34 ich
708 3644 144 32 meinen
880 3642 152 34 Bericht
1059 3643 91 35 über
1179 3643 57 34 die
1262 3645 279 44 gegenwärtige
1569 3644 79 45 pari-

281 3715 58 23 ser
367 3704 243 45 Tagesfrage,
659 3703 58 34 die
752 3705 43 43 ja
831 3702 61 35 bei
918 3702 106 35 Euch
1063 3704 97 33 auch
1187 3703 126 46 längst
1340 3704 70 33 auf
1432 3703 80 35 ihre
1541 3704 126 34 wahre

276 3762 223 45 Bedeutung
541 3762 297 46 zurückgeführt
878 3762 62 42 ist,
983 3763 78 34 rein
1101 3763 179 44 objectiv.
1332 3763 105 35 Neue
1475 3763 171 35 Gesichts-

278 3822 145 44 punkte
450 3833 67 23 zur
544 3823 274 45 Beurtheilung
846 3822 198 46 Wagner's
1070 3823 91 34 wird
1191 3835 82 22 man
1304 3823 58 34 bei
1390 3823 69 35 den
1487 3824 160 33 französi-

276 3881 115 34 schen
419 3880 195 35 Kritikern
641 3882 107 33 nicht
776 3880 142 44 finden;
957 3882 90 34 aber
1072 3883 226 34 interessant
1325 3883 50 33 ist
1403 3894 50 32 es,
1492 3883 91 34 dass
1612 3883 53 34 sie

276 3941 94 35 ohne
390 3940 325 36 Einzelkenntniss
738 3941 64 35 der
822 3941 208 35 deutschen
1051 3943 374 44 Wagner-Literatur
1447 3942 95 35 doch
1559 3943 109 33 meist

277 4001 69 35 auf
370 4000 190 34 dieselben
588 4000 196 35 Resultate
812 4001 185 47 kommen,
1043 4003 142 35 welche
1225 4002 57 35 die
1310 4002 358 36 Nicht-Zukünftler

275 4061 38 33 in
343 4058 261 36 Deutschland
633 4060 306 46 ausgesprochen
968 4061 136 36 haben.
1476 4063 41 34 B.
1547 4062 42 35 P.

1863 1371 134 55 „Man
2040 1370 77 47 hat
2158 1369 119 48 diese
2319 1370 148 48 Musik
2509 1370 71 47 die
2618 1369 376 48 Zukunftsmusik
3034 1379 210 55 genannt.

1740 1446 117 49 Was
1880 1461 81 32 uns
1984 1444 185 57 betrifft,
2197 1445 83 47 wir
2307 1445 177 56 wissen,
2514 1461 104 49 mag
2647 1449 103 44 mafi
2780 1461 83 31 uns
2892 1445 116 48 auch
3034 1445 210 48 desshalb

1739 1520 305 58 bemitleiden,
2073 1520 161 48 keinen
2262 1521 179 64 Begriff
2463 1521 79 47 mit
2570 1521 143 47 dieser
2740 1522 292 64 Eintheiiung
3060 1521 44 48 in
3133 1522 85 47 Ver-

1738 1599 317 64 gangenheits-
2078 1596 91 50 und
2185 1596 371 48 Zukunftsmusik
2582 1614 52 29 zu
2663 1597 266 56 verbinden;
2958 1599 83 47 wir
3071 1597 176 49 kennen

1736 1693 87 30 nur
1849 1675 108 48 zwei
1987 1676 143 46 Arten
2159 1690 85 32 von
2266 1674 166 57 Musik,
2460 1680 108 57 gute
2597 1672 92 49 und
2717 1674 240 57 schlechte,
2985 1674 91 48 und
3104 1674 142 48 daran

1738 1752 150 49 halten
1918 1751 83 48 wir
2027 1768 97 31 uns.

1861 1827 136 57 „Wir
2039 1830 179 44 müssen
2257 1832 328 50 voraussetzen,
2629 1825 101 48 dass
2757 1825 213 64 Wagner
3006 1842 82 31 uns
3126 1826 120 48 nicht

1735 1903 121 49 seine
1876 1903 324 49 schlechtesten
2222 1902 166 48 Stücke
2416 1902 270 64 vorgeführt
2708 1902 89 47 hat.
2826 1901 163 63 Einige
3017 1902 227 48 enthalten

1735 1981 103 48 sehr
1861 1997 154 49 grosse
2031 1980 306 48 Schönheiten
2361 1980 90 47 und
2473 1980 237 47 verrathen
2737 1978 241 49 besonders
3001 1980 90 47 sein
3117 1996 102 47 gros-

1735 2074 67 30 ses
1832 2058 162 46 Talent
2035 2058 62 46 als
2128 2057 309 64 Symphonist;
2481 2072 82 31 von
2604 2055 85 47 den
2732 2055 198 48 anderen
2961 2056 162 47 wollen
3160 2056 84 47 wir

1735 2133 121 46 nicht
1886 2133 273 63 behaupten,
2201 2132 102 46 dass
2338 2132 61 46 sie
2427 2131 165 47 dunkel
2625 2130 88 46 und
2745 2130 353 46 unverständlich
3128 2131 113 56 sind,

1734 2208 112 47 aber
1872 2210 63 45 sie
1964 2208 146 62 gehen
2140 2207 113 47 über
2282 2222 162 32 unsere
2473 2206 317 48 Urtheilskraft
2820 2206 170 48 hinaus.
3029 2208 96 46 Der
3154 2208 58 47 Ge-

1734 2284 162 54 danke,
1938 2286 82 45 last
2046 2292 104 38 stets
2180 2284 42 46 in
2255 2283 199 47 höheren
2487 2283 230 62 Regionen
2747 2282 287 56 schwebend,
3065 2283 178 47 verliert

1731 2361 89 47 sich
1851 2362 42 46 in
1924 2359 70 49 die
2028 2361 214 53 Wolken,
2282 2359 70 47 die
2382 2358 78 47 der
2492 2358 263 65 Componist
2790 2359 78 46 mit
2898 2359 214 63 Behagen
3142 2359 73 49 auf-

1733 2438 172 46 thürmt
1935 2436 88 48 und
2054 2437 199 47 schwarz
2285 2436 145 53 färbt;
2469 2452 48 31 er
2557 2436 200 63 begnügt
2784 2436 90 45 sich
2906 2434 119 49 nicht
3053 2437 79 46 mit
3159 2434 80 50 der

1734 2513 251 64 mächtigen
2016 2512 369 56 Persönlichkeit,
2427 2511 70 46 die
2526 2511 223 48 Niemand
2790 2512 41 45 in
2874 2511 92 46 ihm
3008 2512 231 56 verkennt,

1730 2588 194 48 sondern
1955 2606 49 30 er
2034 2588 108 63 geht
2171 2588 167 47 darauf
2361 2603 95 40 aus,
2484 2587 322 48 unaufhörlich
2837 2588 41 44 in
2901 2588 257 47 Erstaunen
3187 2604 52 31 zu

1730 2673 163 45 setzen,
1922 2682 52 29 zu
2006 2664 321 54 überraschen,
2357 2663 78 47 das
2458 2664 100 47 Ohr
2585 2681 53 29 zu
2666 2664 175 64 quälen.
2872 2664 105 47 Man
3001 2664 127 47 sollte
3158 2664 82 47 fast

1733 2742 191 54 meinen,
1968 2758 48 29 er
2056 2742 60 45 sei
2159 2740 63 49 oft
2263 2740 260 47 absichtlich
2567 2739 337 64 weitschweifig
2945 2739 92 47 und
3080 2740 160 47 unklar

1731 2817 163 64 (diffus
1922 2819 44 46 et
1989 2817 192 63 confus).

1856 2894 159 53 „Seine
2042 2893 409 63 Instrumentirung
2481 2893 163 62 gleicht
2675 2892 152 46 keiner
2855 2892 198 48 anderen
3076 2890 70 66 (?).
3175 2894 64 44 Er

1733 2970 76 49 hat
1832 2972 252 47 manchmal
2109 2970 173 64 geniale
2304 2972 142 62 Züge,
2477 2970 70 46 die
2571 2969 200 63 plötzlich
2804 2984 79 31 aus
2911 2969 144 47 einem
3080 2975 132 41 unent-

1733 3046 250 49 wirrbaren
2007 3048 148 47 Chaos
2183 3046 262 55 aufblitzen,
2476 3045 270 64 prachtvolle
2777 3045 360 62 Klang-Effecte,
3166 3045 72 47 die

1731 3123 141 47 wider
1900 3124 107 46 alles
2040 3124 237 46 Erwarten
2318 3123 81 47 auf
2431 3121 160 47 einmal
2636 3120 151 47 mitten
2830 3128 129 39 unter
2995 3120 85 47 den
3118 3119 96 49 farb-

1733 3200 207 53 losesten,
1984 3205 318 41 monotonsten
2345 3196 89 49 und
2483 3196 363 47 verzweifeltsten
2888 3196 237 49 Accorden
3168 3213 48 32 er-

1733 3275 222 48 scheinen.
2004 3276 85 46 Die
2131 3274 372 48 enharmonische
2531 3273 284 48 Modulation
2857 3271 121 50 dient
3018 3274 90 47 ihm
3140 3289 74 32 vor-

1735 3351 212 55 trefflich,
1989 3369 50 29 er
2069 3351 191 47 braucht
2289 3349 87 48 und
2409 3350 301 47 missbraucht
2736 3349 62 47 sie
2829 3349 82 48 wie
2940 3350 69 46 ein
3038 3350 198 56 Mensch,

1735 3427 80 49 der
1844 3429 99 47 kein
1974 3427 187 47 anderes
2191 3427 158 47 Gesetz
2379 3426 152 55 kennt,
2572 3426 64 47 als
2671 3425 121 48 seine
2820 3426 174 47 Laune.
3038 3425 97 48 Auf
3166 3425 70 47 die

1736 3505 196 63 logische
1948 3502 321 65 Entwicklung
2290 3504 121 47 eines
2429 3502 336 47 musicalischen
2784 3501 267 48 Gedankens
3067 3501 173 47 kommt

1735 3598 46 31 es
1809 3582 90 46 ihm
1929 3598 83 47 gar
2039 3580 122 48 nicht
2189 3596 76 38 an;
2295 3596 50 31 er
2371 3580 172 47 scheint
2563 3580 92 47 sich
2685 3580 183 46 niemals
2891 3577 270 65 glücklicher
3183 3594 55 30 zu

1738 3657 174 55 fühlen,
1940 3657 63 47 als
2032 3673 131 30 wenn
2192 3673 49 30 er
2270 3656 86 47 den
2376 3656 207 47 Zuhörer
2611 3656 91 46 irre
2731 3655 161 47 führen
2921 3654 110 46 oder
3057 3654 47 46 in
3126 3652 84 48 Ver-

1738 3735 224 63 legenheit
1989 3741 146 40 setzen
2167 3734 140 54 kann;
2335 3737 132 44 stösst
2493 3749 50 32 er
2571 3731 110 48 aber
2707 3731 179 62 zufällig
2914 3730 81 48 auf
3017 3731 99 47 eine
3145 3746 63 32 me-

1738 3811 195 48 lodische
1956 3811 188 56 Phrase,
2173 3808 70 49 die
2267 3810 74 47 ihn
2365 3808 243 66 anspricht,
2636 3825 47 30 so
2713 3807 149 64 bringt
2890 3822 49 32 er
2966 3806 62 48 sie
3056 3822 48 32 so
3135 3807 78 47 wie-

1738 3888 176 47 derholt
1950 3887 117 47 ohne
2107 3887 85 47 alle
2222 3885 330 64 Veränderung
2592 3899 92 39 vor,
2724 3882 101 48 dass
2859 3882 94 48 sein
2981 3883 258 47 Festhalten

1738 3963 139 49 daran
1909 3962 65 48 bis
2001 3980 80 30 zur
2101 3962 254 48 Knauserei
2384 3962 121 64 geht.
2531 3962 65 46 Er
2624 3960 76 47 hat
2727 3958 98 49 eine
2851 3958 249 65 ärgerliche
3121 3958 87 47 Vor-

1738 4041 115 48 liebe
1882 4041 77 47 für
1985 4040 71 48 die
2087 4040 194 58 Quinte;
2326 4055 48 32 er
2402 4040 95 47 sitzt
2526 4036 231 63 beständig
2785 4036 82 49 auf
2896 4036 86 57 ihr,
3018 4035 89 48 und
3135 4051 105 32 man

2891 4111 32 48 8

226 867 82 54 Nr.
343 867 46 54 8.

2752 863 120 57 VIII.
2907 863 267 74 Jahrgang.

1349 852 166 83 KÖLN,
1554 866 69 56 18.
1661 863 209 56 Februar
1908 862 140 57 1860.
