3510 4341
1831 113 109 53 336

325 251 195 36 Teilheim.
551 252 104 34 Nach
686 253 82 33 dem
799 254 161 35 Theater
988 253 127 34 wurde
1145 253 63 35 der
1236 254 153 35 Jubilar
1416 253 97 34 auch
1541 253 99 34 noch
1668 253 177 46 privatim

322 323 74 23 von
424 313 129 33 seinen
585 311 180 47 Collegen
807 314 169 44 gefeiert.
1031 314 71 33 Die
1147 313 249 35 Theilnahme
1441 317 111 30 unter
1594 313 71 33 den
1708 313 139 33 wiener

324 372 346 34 Theaterfreunden
691 384 78 22 war
786 372 178 47 übrigens
987 374 83 33 eine
1091 374 238 45 aufrichtige,
1352 374 78 33 und
1450 373 232 34 Jedermann
1703 374 144 44 gönnte

323 431 82 34 dem
435 432 198 34 wackeren
663 432 155 45 Sänger,
870 432 63 34 der
973 433 97 33 nach
1098 432 147 34 Ablauf
1282 433 124 33 seiner
1432 432 217 34 Blüthezeit
1685 430 161 35 manche

323 491 211 45 Kränkung
576 491 169 34 erfahren
787 496 153 40 musste,
985 492 127 35 diesen
1154 492 158 47 billigen
1341 492 136 35 Tribut
1517 491 211 36 dankbarer
1768 491 52 34 An-

324 552 231 45 erkennung.

399 629 98 33 Frau
527 630 338 46 Kapp-Young
893 642 94 35 sang
1016 630 55 35 als
1101 632 132 33 zweite
1264 630 189 35 Gastrolle
1483 630 59 35 die
1571 630 140 35 Recha.
1754 631 92 34 War

321 700 39 24 es
388 700 59 23 am
477 694 121 29 ersten
628 690 157 34 Abende
815 691 59 34 die
903 692 272 46 Indisposition
1206 692 64 34 der
1298 690 233 44 Künstlerin,
1563 691 59 34 die
1651 691 94 35 über
1773 691 70 33 den

319 748 131 46 Erfolg
477 749 99 33 ihrer
595 750 185 45 Leistung
809 752 110 33 einen
947 751 167 35 leichten
1136 751 92 35 Flor
1255 752 171 42 breitete,
1456 763 40 23 so
1526 751 131 34 schien
1686 752 159 34 diesmal

319 809 59 33 die
407 809 269 45 Indisposition
707 811 67 32 auf
807 810 63 34 der
900 811 100 35 Seite
1043 812 63 34 des
1134 811 221 35 Publicums
1397 823 46 21 zu
1483 811 136 46 liegen,
1669 811 65 36 das
1763 812 80 34 sich

317 868 106 35 nicht
450 868 103 35 bloss
582 869 83 34 dem
696 870 125 43 Gaste,
866 872 162 33 sondern
1071 871 212 46 überhaupt
1321 871 65 34 der
1423 882 147 35 ganzen
1599 872 246 47 Vorstellung

318 929 216 45 gegenüber
562 929 204 35 auffallend
796 930 91 34 kühl
917 933 131 43 zeigte.

398 1007 79 33 Der
502 1006 38 37 k.
568 1007 37 33 k.
633 1007 364 46 Hof-Opernsänger
1025 1008 98 34 Herr
1154 1007 217 35 Schmidt
1409 1009 65 34 hat
1513 1011 60 33 für
1602 1011 59 34 die
1689 1011 153 35 Ferien-

321 1067 153 34 Monate
501 1068 107 32 einen
637 1066 236 46 glänzenden
902 1068 146 45 Antrag
1088 1079 66 24 zur
1192 1067 268 36 italiänischen
1489 1069 100 46 Oper
1617 1072 97 33 nach
1743 1072 75 34 Lon-

320 1128 72 33 don
422 1127 238 46 (Impresario
693 1127 97 46 Gye)
821 1126 181 35 erhalten.
1051 1127 182 36 Derselbe
1262 1129 136 34 studirt
1425 1129 139 36 bereits
1592 1142 58 22 am
1677 1131 149 35 italiäni-

318 1188 112 34 schen
461 1190 120 32 Texte
609 1188 65 35 des
703 1187 171 36 Bertram
903 1190 77 34 und
1009 1190 155 44 Marcel,
1195 1191 58 34 für
1281 1191 144 35 welche
1453 1192 136 35 Rollen
1619 1205 39 23 er
1688 1205 153 35 express

320 1248 171 45 engagirt
519 1247 137 35 wurde.

393 1326 194 34 Während
617 1326 64 34 der
708 1327 303 35 Winter-Saison
1042 1328 151 34 werden
1222 1329 87 33 acht
1340 1329 371 47 „philharmonische
1741 1332 74 35 Con-

465 1387 98 34 Statt
590 1388 137 34 finden.
767 1388 78 35 Das
874 1388 270 35 inhaltsreiche
1172 1390 220 45 Programm
1420 1390 147 36 besteht
1597 1404 67 23 aus
1691 1394 127 47 folgen-

310 1448 70 34 den
412 1449 183 33 Werken:
644 1449 104 34 Suite
788 1449 61 37 für
889 1449 111 35 Flöte
1043 1450 77 34 und
1157 1450 422 37 Streich-Instrumente
1618 1455 40 33 in
1688 1454 150 37 H-moll

307 1520 74 22 von
412 1508 37 34 J.
480 1508 36 37 S.
547 1509 115 43 Bach,
695 1509 212 35 Ouvertüre
935 1522 67 22 zur
1244 1522 75 23 von
1349 1512 163 46 Bargiel,
1552 1513 284 47 Symphonieen

310 1568 61 36 Nr.
402 1566 34 47 3,
468 1567 33 46 6,
533 1568 19 36 7
582 1569 78 35 und
689 1569 34 45 9,
769 1570 324 46 Triple-Concert,
1143 1571 239 36 Ouvertüren
1411 1584 67 24 zur
1759 1576 78 35 und

312 1630 151 46 „König
705 1642 75 23 von
809 1632 232 45 Beethoven,
1070 1632 147 47 Adagio
1248 1634 78 33 und
1355 1634 163 35 Scherzo
1549 1647 66 23 aus
1646 1637 64 33 der
1730 1637 80 45 Sym-

306 1689 141 46 phonie
477 1691 167 47 „Romeo
672 1693 77 33 und
938 1705 75 23 von
1042 1694 162 44 Berlioz,
1253 1695 212 34 Ouvertüre
1502 1708 48 22 zu

306 1761 75 23 von
413 1751 219 44 Cherubini,
661 1753 125 35 Chöre
823 1766 67 22 aus
1154 1757 80 33 und
1260 1756 91 34 Arie
1394 1768 67 24 aus
1761 1771 76 22 von

307 1810 162 45 Händel,
500 1811 231 47 Symphonie
759 1815 38 33 in
817 1813 133 36 B-dur
970 1827 74 22 von
1065 1816 153 46 Haydn,
1247 1815 146 48 Adagio
1423 1815 224 49 (Gretchen)
1676 1830 67 23 aus
1773 1818 64 35 der

305 1871 369 48 Faust-Symphonie
705 1871 106 51 (neu)
840 1887 74 22 von
943 1876 117 45 Liszt,
1105 1877 233 46 Symphonie
1368 1877 62 36 Nr.
1462 1876 24 36 4
1515 1877 75 35 und
1620 1878 214 36 Ouvertüre

305 1943 66 23 zur
751 1947 76 23 von
855 1936 280 47 Mendelssohn,
1173 1938 235 46 Symphonie
1437 1939 39 33 in
1509 1939 65 44 Es,
1621 1940 212 35 Ouvertüre

305 2004 67 22 zur
710 1996 78 34 und
818 1997 164 35 Concert
1022 1999 60 33 für
1110 1997 152 35 Violine
1303 1999 79 34 und
1423 1999 110 35 Viola
1570 2011 76 23 von
1674 2002 160 43 Mozart,

305 2051 212 37 Ouvertüre
536 2067 48 22 zu
813 2056 105 48 (neu)
940 2070 75 23 von
1034 2059 205 45 Reinecke,
1270 2060 233 47 Symphonie
1523 2062 63 35 Nr.
1608 2060 23 36 2

303 2111 102 48 (neu)
434 2126 74 23 von
537 2115 45 34 A.
611 2116 238 48 Rubinstein,
893 2118 210 36 Ouvertüre
1133 2120 61 37 Nr.
1224 2119 22 35 2
1278 2120 125 37 C-dur
1431 2121 78 35 und
1538 2122 213 35 Ouvertüre
1781 2135 47 22 zu

305 2173 155 45 „Julius
641 2189 74 22 von
746 2178 230 45 Schumann,
1006 2180 76 35 und
1112 2180 211 36 Ouvertüre
1352 2194 85 22 zum
1469 2182 278 45 „Beherrscher
1766 2183 67 35 der

507 2247 73 22 von
612 2236 39 36 C.
680 2238 53 36 M.
761 2250 75 23 von
865 2240 152 39 Weber.

381 2313 72 34 Die
482 2315 255 45 Differenzen,
780 2318 143 35 welche
952 2319 193 35 zwischen
1175 2320 64 36 der
1268 2322 197 36 Direction
1496 2323 65 35 des
1589 2323 220 47 Hof-Opern-

300 2373 165 35 theaters
507 2376 78 34 und
613 2378 121 33 Herrn
769 2379 175 35 Wachtel
985 2381 92 34 über
1119 2382 70 33 den
1220 2382 183 35 Contract
1432 2384 65 34 des
1525 2385 199 33 Letzteren
1754 2389 60 29 ent-

302 2435 158 33 standen
482 2447 136 34 waren,
647 2438 85 34 sind
760 2440 284 46 ausgeglichen.
1075 2443 79 34 Das
1178 2444 265 47 Engagement
1464 2444 64 36 des
1547 2446 125 33 Herrn
1695 2446 112 35 Wach-

300 2495 52 35 tel
380 2496 48 35 ist
456 2498 82 34 eine
569 2499 235 45 Thatsache;
835 2514 39 21 es
903 2503 126 34 wurde
1060 2504 68 34 auf
1152 2505 110 33 fünf
1285 2505 119 36 Jahre
1433 2506 295 46 abgeschlossen
1757 2506 79 34 und

300 2555 77 47 legt
407 2558 83 34 dem
519 2559 181 36 Künstler
738 2561 59 35 die
827 2563 291 48 Verpflichtung
1158 2566 75 44 auf,
1278 2577 122 24 neun
1439 2568 155 34 Monate
1635 2568 52 33 im
1716 2567 119 36 Jahre

306 2629 46 21 zu
382 2618 144 46 singen.

380 2696 305 49 Hellmesbei'ger
727 2702 65 33 hat
831 2704 58 33 die
932 2704 210 47 vorläufige
1171 2706 172 46 Anzeige
1386 2708 124 33 seiner
1552 2707 263 44 Quartett-Pro-

306 2755 202 36 ductionen
538 2759 138 35 bereits
704 2763 292 36 veröffentlicht.
1051 2766 275 46 Dessgleichen
1354 2768 120 35 Laub.
1530 2770 111 33 Auch
1673 2769 58 34 die
1763 2770 49 34 Ge-

304 2815 195 36 sellschaft
538 2819 64 34 der
635 2822 289 36 Musikfreunde
968 2824 163 48 kündigt
1171 2827 110 34 sechs
1319 2828 412 37 Orchester-Concerte
1774 2843 60 22 an.

301 2878 55 33 Im
398 2878 237 48 vorläufigen
686 2883 221 46 Programm
950 2885 165 35 befindet
1159 2888 81 34 sich
1282 2888 252 37 Schumann's
1575 2890 255 48 vollständige

303 2937 243 36 Faustmusik
576 2946 109 29 unter
714 2942 249 49 Mitwirkung
992 2945 309 38 Stockhausen's.

375 3120 71 34 Die
465 3119 303 47 Mitgliederzahl
797 3123 64 35 der
882 3125 139 34 wiener
1042 3125 325 47 Sing-Akademie
1395 3129 137 48 betrug
1561 3143 58 23 am
1641 3132 180 38 Schlüsse

299 3180 64 34 der
391 3180 319 36 Concert-Saison
742 3181 254 41 1862—1863
1026 3187 61 34 bei
1110 3185 74 39 174
1204 3189 229 47 Mitglieder,
1464 3191 123 35 davon
1610 3191 47 38 79
1679 3194 146 37 Damen

296 3240 77 34 und
403 3238 47 38 95
480 3241 158 36 Herren.
696 3245 77 33 Der
809 3245 296 49 Stimmgattung
1147 3249 97 34 nach
1286 3250 74 46 gab
1405 3263 39 23 es
1472 3250 50 38 46
1552 3253 181 46 Soprane,
1780 3253 49 38 33

298 3300 97 44 Alte,
427 3299 47 38 36
510 3303 156 46 lenöre,
698 3302 47 38 59
776 3306 127 35 Bässe.
961 3308 82 34 Von
1086 3308 130 36 diesen
1248 3309 74 36 174
1348 3312 242 46 Mitgliedern
1623 3325 126 24 waren
1778 3314 49 39 59

297 3362 51 32 im
377 3362 117 34 Jahre
524 3359 99 39 1862
653 3365 255 45 eingetreten;
955 3378 66 23 aus
1064 3368 64 35 der
1170 3370 309 47 Gründungszeit
1524 3373 65 34 der
1617 3373 210 38 Akademie

298 3420 93 46 (Mai
421 3420 113 49 1858)
563 3436 124 23 waren
717 3422 43 39 31
792 3427 193 35 Personen
1015 3428 119 48 übrig.
1164 3431 56 33 Im
1249 3431 120 36 Laufe
1399 3431 64 36 des
1488 3433 222 47 September
1730 3436 33 37 d.
1785 3438 39 35 J.

297 3492 126 23 waren
456 3481 43 37 15
527 3495 97 23 neue
654 3485 215 46 Mitglieder
899 3488 250 45 angemeldet.
1178 3489 69 36 Als
1276 3492 191 47 Nachtrag
1495 3506 47 22 zu
1572 3494 83 35 dem
1684 3495 142 37 bereits

296 3542 329 37 veröffentlichten
647 3546 243 46 Programme
905 3548 115 48 gelte,
1051 3550 85 35 dass
1165 3552 51 33 im
1246 3556 122 31 ersten
1390 3554 186 35 Concerte
1607 3556 65 35 das
1690 3557 112 46 Opfer-

294 3602 89 45 lied,
411 3603 50 33 im
490 3606 159 33 zweiten
680 3607 184 36 Concerte
894 3609 64 35 der
987 3610 193 47 elegische
1209 3611 153 49 Gesang
1403 3626 74 23 von
1506 3616 220 36 Beethoven
1758 3631 67 22 zur

296 3663 244 48 Aufführung
567 3665 188 38 kommen.

371 3835 72 34 Die
487 3835 229 48 diesjährige
753 3838 280 46 Opern-Saison
1075 3845 39 33 in
1157 3846 113 34 Rom
1312 3848 127 35 wurde
1481 3851 160 36 eröffnet
1676 3854 68 34 mit

294 3897 104 31 nun?
427 3897 66 33 mit
526 3896 162 46 „Robert
718 3898 63 35 der

2269 3549 71 51 pie
2369 3551 330 52 'gföe&errljeittifcfje
2727 3556 325 51 2{lusifi-^eifun<j

1898 3607 188 34 erscheint
2118 3608 115 45 jeden
2272 3614 173 45 Samstag
2487 3615 39 33 in
2570 3616 124 34 einem
2737 3629 147 33 ganzen
2920 3619 130 46 Bogen
3095 3620 69 35 mit
3198 3619 242 48 zwanglosen

1898 3657 196 47 Beilagen.
2203 3662 77 33 Der
2303 3663 387 50 Abonnementspreis
2711 3668 150 46 beträgt
2895 3671 59 33 für
2984 3671 65 34 das
3070 3671 189 45 Halbjahr
3287 3669 23 37 2
3326 3673 114 42 Thlr.,

1897 3709 61 35 bei
1986 3710 72 34 den
2079 3711 48 34 K.
2156 3723 143 35 preuss.
2323 3715 311 37 Post-Anstalten
2664 3718 22 36 2
2703 3719 103 34 Thlr.
2832 3720 22 36 5
2874 3720 82 47 Sgr.
3012 3722 96 35 Eine
3137 3722 171 36 einzelne
3328 3724 84 35 Num-

1896 3772 79 23 mer
2003 3759 24 37 4
2056 3761 82 47 Sgr.

2000 3814 126 34 Briefe
2154 3815 78 34 und
2253 3817 278 49 Zusendungen
2565 3819 94 36 aller
2678 3821 70 35 Art
2776 3821 151 36 werden
2956 3827 112 32 unter
3096 3824 64 36 der
3185 3824 166 38 Adresse
3380 3824 63 37 der

1896 3864 51 35 M.
1979 3866 545 50 DuMont-Schauberg'schen
2552 3873 307 48 Buchhandlung
2887 3875 38 34 in
2955 3876 103 35 Köln
3088 3877 164 36 erbeten.

2015 3974 360 37 Verantwortlicher
2404 3979 287 47 Herausgeber:
2722 3981 101 36 Prof.
2857 3982 35 34 L
2895 4007 11 12 ♦
2936 3982 177 47 Bischoff
3134 3987 41 33 in
3203 3986 116 38 Köln.

1971 4024 198 49 Verleger:
2201 4027 54 36 M.
2840 4035 306 48 Buchhandlung
3175 4039 40 33 in
3243 4039 117 35 Köln.

1928 4076 191 37 Drucker:
2156 4078 50 37 M.
2237 4079 420 51 DuMont-Schauberg
2685 4085 39 35 in
2753 4085 114 46 Köln,
2906 4087 245 38 Breitstrasse
3181 4089 48 38 76
3255 4102 35 24 u.
3323 4090 61 39 78.

2458 256 458 79 änhmtdtgtmgett.

2025 419 51 38 So
2105 421 90 37 eben
2223 424 224 38 erschienen
2475 426 84 36 und
2585 426 124 38 durch
2738 430 75 36 alle
2829 431 128 37 Buch-
2987 435 82 36 und
3092 437 357 43 Musicalienhand-

1925 471 142 47 lungen
2094 485 46 23 zu
2169 474 195 39 beziehen:

2796 548 589 75 Mteeihoven
3392 556 21 27 9
3415 576 34 47 #

2077 647 341 63 Sonaten
2474 651 128 60 für
2642 652 141 61 das
2827 656 470 66 Pianoforte.

1980 746 196 49 Kritisch
2209 749 394 66 durchgesehene,
2639 755 177 49 überall
2848 755 283 70 berechtigte
3161 763 233 66 Ausgabe.

2250 838 519 51 Einzel-Ausgabe.
2797 845 97 40 J¥r.
2929 848 29 36 1
3025 848 97 41 38.

1920 904 73 36 Nr.
2049 909 35 32 1.
2114 906 158 38 F-moll.
2308 911 68 44 Op.
2432 912 35 33 2.
2501 913 72 35 Nr.
2604 917 21 31 1
2656 927 37 23 n.
2725 917 50 33 12
2805 915 98 49 Ngr.

1947 984 16 18 „
2049 960 35 33 2.
2115 957 141 37 A-dur.
2330 988 17 20 „
2430 964 35 33 2.
2525 991 17 20 „
2608 967 89 33 2n.
2729 969 50 33 18
2836 995 17 20 „

1948 1035 18 20 „
2049 1010 36 37 3.
2119 1010 132 35 C-dur.
2330 1039 18 19 ~
2430 1016 37 34 2,
2524 1042 18 20 „
2607 1017 88 35 3n.
2726 1020 50 32 18
2833 1047 17 19 ~

1947 1087 18 19 „
2047 1064 35 31 4.
2113 1063 161 36 Es-dur.
2333 1091 16 19 „
2660 1080 38 25 n.
2728 1071 51 32 18
2835 1097 18 20 „

1946 1138 17 21 v
2048 1114 23 33 5
2116 1112 144 37 C-moll.
2335 1143 17 19 „
2408 1119 59 33 10.
2502 1117 73 36 Nr.
2604 1121 90 33 In.
2726 1122 49 32 12
2834 1150 17 18 „

1947 1190 17 19 „
2049 1166 33 33 6.
2115 1165 140 37 F-dur.
2330 1194 17 19 „
2406 1171 61 33 iO.
2526 1195 17 21 „
2601 1172 23 32 2
2653 1183 36 22 rc.
2723 1174 49 31 J2
2820 1185 23 8 -

1946 1240 18 21 „
2049 1219 33 31 7.
2112 1217 146 36 D-dur.
2334 1245 18 20 „
2408 1222 61 33 10.
2529 1247 17 19 „
2604 1223 89 34 3n.
2724 1225 49 33 15
2832 1252 18 19 „

1947 1293 17 19 „
2046 1269 24 34 5
2118 1267 143 37 C-moll.
2335 1297 18 20 „
2410 1273 49 33 13
2488 1272 267 48 (pathetique).
2783 1287 40 25 n.
2853 1278 50 33 15
2934 1278 96 47 Ngr,

1945 1344 19 20 v
2112 1319 144 36 F-dur.
2331 1348 17 18 „
2408 1326 60 31 14.
2500 1322 71 38 iVr.
2604 1329 91 31 In.
2724 1328 49 32 J2

1946 1396 18 20 „
2021 1374 61 32 iO.
2119 1372 139 35 G-dur.
2330 1400 17 20 „
2406 1376 60 33 14.
2527 1403 17 20 „
2601 1379 89 33 2n.
2721 1380 49 32 15
2829 1407 17 19 „

1946 1447 18 21 „
2021 1425 61 31 ü.
2114 1422 142 36 B-dur.
2331 1452 17 21 „
2406 1427 62 34 52.
2655 1441 38 22 n.
2724 1431 47 34 2i
2832 1459 18 20 „

1943 1498 19 20 „
2113 1473 159 37 As-dur.
2331 1503 17 21 „
2405 1479 59 35 2ö.
2653 1493 37 22 n.
2723 1482 49 33 jfs
2830 1510 17 19 „

1944 1550 17 21 „
2020 1527 20 33 i
2040 1527 40 33 3.
2110 1526 150 36 Es-dur
2265 1526 4 61 .
2329 1556 17 20 „
2401 1531 62 32 27.
2494 1529 72 37 JW.
2598 1534 20 31 1
2650 1532 137 46 (quasi
2804 1535 205 47 fantasia)
3039 1550 37 23 n.
3108 1541 49 33 12
3188 1540 98 47 Ngr.

1945 1602 17 19 „
2020 1580 19 32 i
2039 1580 40 32 4.
2118 1578 169 36 Cis-moll
2329 1608 17 20 „
2404 1582 61 34 27.
2526 1609 17 20 „
2599 1584 24 32 2
2806 1586 209 50 fantasia)
3044 1602 37 25 n.
3110 1593 52 33 12
3192 1591 98 48 Ngr.

1944 1653 17 20 a
2019 1630 60 33 .25.
2110 1630 146 36 D-dUr.
2331 1660 17 18 w
2408 1634 61 34 25.
2655 1649 38 22 n.
2722 1639 51 33 15
2808 1639 93 46 Ngr.

1943 1706 18 20 „
2018 1684 61 32 Jö.
2115 1682 140 37 G-dur.
2329 1712 18 17 „
2407 1686 58 34 3i.
2500 1686 72 37 iVr.
2603 1690 88 33 in.
2724 1689 47 33 2i
2832 1717 17 19 ~

1943 1758 17 20 „
2018 1736 20 32 i
2038 1736 40 32 7.
2111 1733 154 36 D-moll.
2334 1764 16 19 „
2409 1738 61 35 3i.
2529 1764 17 20 „
2604 1741 89 33 2w.
2833 1769 17 20 „

1940 1809 17 19 „
2018 1786 60 34 .2S.
2108 1785 159 36 Es-dur.
2336 1815 18 20 „
2411 1790 59 34 3i.
2531 1816 18 21 „
2606 1792 90 35 sn.
2836 1821 15 19 „

1941 1861 18 20 „
2017 1839 20 34 i
2037 1839 42 34 9.
2112 1836 155 38 G-moll.
2331 1867 17 18 „
2408 1843 62 34 49.
2529 1868 17 20 „
2604 1845 89 33 In.
2752 1846 21 32 9
2831 1872 17 18 „

1908 1927 8 8 .
1941 1913 18 20 „
2017 1890 60 33 20.
2112 1888 139 38 G-dur.
2331 1919 17 20 „
2407 1894 61 33 49.
2528 1920 17 19 „
2601 1896 92 34 2n.
2751 1898 21 32 9
2830 1924 16 17 „

1941 1964 17 21 „
2016 1941 62 35 2i.
2113 1940 133 38 C-dur.
2331 1970 17 20 „
2406 1946 61 34 55.
2498 1957 38 22 w.
2567 1946 52 34 24
2647 1946 98 48 iV^r.

1941 2016 17 20 „
2016 1993 61 33 22.
2112 1993 139 38 F-dur.
2331 2021 16 19 „
2409 1997 60 34 54.
2500 2009 40 22 n.
2570 1999 50 33 12
2678 2025 18 21 „

1940 2069 17 20 „
2016 2044 123 52 23.
2262 2044 42 52 „
2345 2044 123 52 57.
2498 2060 39 23 n.
2568 2051 48 32 2i
2677 2079 16 17 „

1941 2121 17 19 „
2016 2096 61 35 24.
2108 2094 176 39 Fis-dur.
2331 2126 17 17 „
2409 2102 59 33 7£.
2498 2112 37 22 n.
2594 2103 22 33 9

1941 2173 17 20 „
2016 2148 61 35 25.
2112 2147 130 36 G-dur
2246 2178 9 8 .
2330 2178 18 20 „
2409 2154 59 33 79.
2497 2164 37 23 w.
2593 2155 22 32 9
2674 2181 17 20 „

1940 2225 16 17 „
2016 2200 61 34 2ö.
2109 2199 162 36 Es-dur.
2333 2229 17 20 „
2408 2206 77 33 81a
2496 2216 39 22 n.
2565 2206 51 33 15
2674 2234 15 17 n

1939 2275 17 19 „
2016 2251 59 35 27.
2108 2251 153 38 E-moll.
2329 2281 18 20 „
2406 2258 63 33 90.
2502 2267 38 24 n.
2570 2258 50 33 12
2678 2283 18 20 „

1941 2328 17 20 „
2016 2303 59 35 28.
2105 2303 144 35 A-dur.
2336 2333 17 21 „
2384 2307 89 36 101.
2502 2319 38 22 n.
2570 2310 49 32 15
2678 2336 18 19 „

1921 2380 41 20 n;
2021 2356 61 35 29.
2113 2355 143 36 B-dur.
2334 2385 17 21 n
2489 2357 380 52 (Hammerciavier),
2899 2375 38 24 n.
2969 2364 49 36 33
3048 2364 97 49 Ngr.

1921 2395 41 46 L
2021 2408 60 34 30.
2332 2437 17 20 „
2381 2413 89 35 JO9.
2500 2423 38 23 n.
2570 2413 50 33 i
3035 2395 414 62 5

1919 2457 10 60 j
1946 2483 17 20 „
2020 2460 61 33 3i.
2112 2458 162 38 As-dur.
2334 2489 17 20 „
2382 2465 88 33 110.
2501 2475 38 23 n.
2569 2465 49 33 15
2677 2491 18 21 „

1920 2498 14 30 l
1944 2535 16 19 „
2021 2511 60 34 32.
2117 2509 146 38 C-molL
2333 2540 17 20 „
2382 2517 87 33 111.
2498 2526 39 23 n.
2570 2517 50 33 18
2675 2542 17 19 „

1941 2587 18 20 „
2016 2563 63 35 33.
2108 2562 164 37 Es-dur.
2302 2578 27 22 n
2333 2592 8 9 .
2397 2568 22 33 9
2455 2566 97 47 jV^r.

1941 2639 18 20 j,
2016 2615 59 34 34.
2108 2614 155 36 F-moll.
2295 2630 38 22 n.
2391 2620 22 32 9
2472 2644 17 20 „

1940 2691 16 18 „
2016 2667 62 34 35.
2110 2667 146 36 D-dur.
2295 2681 37 22 n.
2364 2671 49 32 12
2472 2696 17 20 „

1940 2743 15 18 „
2016 2719 61 33 3ö.
2115 2717 123 37 C-dur
2268 2719 162 49 (leicht),
2462 2734 37 22 n.
2532 2724 22 32 6
2585 2721 87 48 Ngr
2674 2751 9 9 t

1940 2795 18 19 „
2017 2770 62 36 37.
2112 2769 139 37 G-dur.
2291 2775 40 44 \2
2362 2772 148 36 leichte)
2550 2773 70 36 Nr.
2653 2777 21 32 1
2705 2787 38 23 n.
2774 2776 23 33 3
2830 2776 97 47 Ngr.

1940 2847 17 19 „
2016 2822 61 34 38.
2110 2822 139 36 F-dur.
2285 2810 232 60 {Sonaten}
2576 2851 18 20 „
2651 2828 89 33 2n.
2773 2829 22 33 6

2041 2890 173 38 Sonaten
2254 2893 72 36 Nr.
2355 2896 61 43 30,
2525 2893 83 36 wncZ
2636 2896 48 34 32
2723 2895 153 38 können
2912 2899 192 48 vorläufig
3140 2900 147 38 einzeln
3323 2902 102 37 nicht

2472 2945 211 47 abgegeben
2707 2948 166 37 werden.

1997 3002 242 39 Sämmtliche
2271 3004 172 39 Sonaten
2471 3006 43 37 in
2543 3008 86 35 drei
2655 3008 218 38 brochirten
2902 3010 168 38 Bänden
3099 3025 38 24 n.
3167 3016 50 34 15
3255 3014 104 39 Thlr.

1909 3063 142 47 (Band
2078 3063 32 38 I.
2144 3065 73 35 Nr.
2248 3069 20 31 1
2327 3069 61 33 12.
2497 3067 121 36 Band
2646 3068 61 36 11.
2741 3070 72 35 Nr.
2844 3072 162 37 13—24.
3116 3074 123 36 Band
3257 3076 85 35 111.
3371 3078 73 36 Nr.

2106 3118 190 46 25—38.)
2325 3118 114 36 Freis
2460 3119 111 46 jedes
2600 3119 197 38 einzelnen
2825 3123 160 36 Bandes
3011 3138 37 22 n.
3081 3126 24 34 5
3141 3126 105 36 Thlr.

1983 3176 200 37 Dieselben
2218 3178 42 36 in
2296 3179 85 36 drei
2416 3181 199 46 eleganten
2645 3180 373 41 Sarsenet-Bänden
3046 3185 68 36 mit
3146 3188 223 37 Golddruck

2434 3246 38 22 n.
2504 3236 49 32 16
2591 3232 108 37 Thlr.
2729 3237 51 34 15
2811 3236 98 47 Ngr.

2103 3288 112 37 Preis
2234 3291 111 46 jedes
2374 3292 195 37 einzelnen
2598 3293 159 37 Bandes
2785 3309 38 22 n.
2855 3298 22 33 5
2915 3297 108 37 Thlr.
3057 3301 49 33 15
3138 3299 98 49 Ngr.

2008 3359 203 49 Leipzig
2220 3390 8 16 ,
2259 3363 74 36 den
2362 3366 61 33 24.
2456 3363 220 47 September
2704 3368 114 34 1863.

2605 3434 326 51 Breitkopf
2954 3438 124 37 und
3108 3436 227 42 Härtel«
