4752 6769
323 6565 147 67 198

324 238 241 112 Zur
597 235 693 117 Geschichte
1330 240 202 108 des
1574 235 410 117 Sturm
2021 240 250 108 und

326 414 203 109 des
592 414 642 109 deutschen
1278 409 904 143 Journalismus

323 583 276 82 Briefe
662 613 259 78 gegen
982 578 203 87 Paul
1241 581 483 84 Westheim

323 785 441 59 Vierzehnter
803 784 190 60 Brief

323 924 253 71 Kaum
630 922 213 73 hatte
892 922 131 75 ich
1075 922 246 73 Ihnen
1375 946 146 51 vor
1573 924 261 73 einem
1871 922 192 73 Jahr
2115 922 152 73 den

323 1043 254 67 ersten
618 1038 296 93 Begriff
960 1038 368 93 gegeben,
1380 1036 181 74 dass
1614 1039 130 71 ich
1798 1061 82 49 es
1932 1038 144 71 mit
2129 1036 141 73 der

320 1153 493 93 Aufklärung
862 1153 223 73 Ihrer
1138 1151 352 75 dunklen
1531 1153 735 93 Verdächtigungen

322 1286 340 75 genauer
698 1268 345 74 nehmen
1084 1268 269 74 werde
1404 1271 115 70 als
1558 1268 125 73 Sie
1734 1271 146 70 mit
1932 1268 141 73 der
2108 1270 108 71 An-

322 1385 388 91 fertigung
782 1385 222 73 Ihrer
1080 1383 762 93 Beschuldigungen,
1932 1408 88 50 so
2098 1391 127 65 ent-

322 1498 408 75 schlossen
803 1500 125 73 Sie
1001 1498 191 92 sich,
1270 1520 146 51 vor
1488 1496 153 75 den
1705 1498 295 73 Lesern
2052 1498 215 73 Ihres

320 1613 288 73 Blattes
693 1615 144 71 mit
930 1615 218 73 einer
1243 1613 494 92 freimütigen
1829 1613 440 93 Erklärung

320 1728 515 73 aufzutreten:

327 1842 159 86 „An
544 1842 127 74 die
723 1844 239 71 Leser
1013 1842 137 73 des
1204 1844 516 72 Kunstblatts!

318 1960 85 70 In
459 1959 261 73 einem
755 1959 298 73 Artikel
1107 1957 260 75 dieser
1399 1957 443 75 Zeitschritt
1876 1957 212 73 hatte
2140 1959 127 73 ich

322 2072 127 73 die
483 2074 245 91 Frage
765 2076 326 91 gestellt,
1145 2096 310 51 warum
1500 2076 156 71 alle
1709 2072 128 73 die
1875 2074 389 91 Künstler,

320 2186 129 74 die
510 2187 216 73 nicht
789 2189 173 71 blos
1028 2211 151 49 nur
2064 2189 200 91 sind,

322 2302 183 73 dem
599 2302 1072 75 Geschäftsbetrieb
1778 2302 136 73 des
2010 2304 254 71 Herrn

318 2418 337 74 Waiden
743 2419 630 71 entlaufen:
1472 2418 494 91 Kokoschka,
2054 2419 213 90 Klee,

318 2534 436 94 Feininger,
850 2553 193 75 ganz
1133 2558 96 48 zu
1324 2533 446 93 schweigen
1866 2556 156 50 von
2110 2533 151 73 den

320 2650 273 71 Fällen
703 2650 233 91 Marc,
1048 2650 295 91 Macke,
1446 2650 242 91 Essig,
1790 2650 471 93 Jawlensky,

320 2765 376 93 Chagall?
776 2766 116 72 Da
953 2765 204 73 Herr
1214 2765 305 73 Rudolf
1570 2765 386 71 Blümner
2010 2763 252 75 durch

318 2880 175 71 eine
528 2880 265 91 Fabel,
847 2878 128 73 die
1013 2904 84 47 er
1148 2882 110 69 im
1299 2880 264 73 Sturm
1615 2880 646 91 veröffentlichte,

317 2995 157 71 mir
510 3017 95 51 zu
642 2997 398 71 erkennen
1096 2995 169 93 gab,
1319 2995 154 73 wie
1511 2993 250 73 falsch
1807 3019 86 47 er
1946 2997 315 71 meinen

325 3110 212 83 „Fall
865 3109 468 74 verstanden
1370 3109 234 91 hatte,
1656 3112 210 69 teilte
1914 3110 128 71 ich
2091 3109 171 72 ihm

317 3225 142 71 auf
486 3225 218 71 einer
738 3225 414 71 Postkarte
1187 3225 164 90 mit,
1390 3227 143 69 auf
1560 3224 306 74 welche
1905 3224 306 74 Schand-

313 3346 109 66 tat
472 3341 133 71 ich
654 3342 145 70 mit
852 3339 301 74 diesem
1199 3341 210 82 „Fall
1758 3339 504 95 hingedeutet

317 3454 240 73 hatte:
625 3454 179 73 dass
857 3454 423 73 Herwarth
1333 3454 337 74 Waiden
1734 3454 168 73 sich
1954 3478 98 49 an
2108 3452 153 75 den

315 3567 323 73 Bildern
669 3569 249 73 Franz
942 3569 274 73 Marc's
1248 3567 205 73 habe
1478 3569 436 93 vergreifen
1944 3571 315 71 wollen.

315 3681 134 74 Ich
501 3689 176 88 trug
726 3684 183 71 kein
964 3683 450 93 Bedenken,
1468 3684 418 73 Herwarth
1924 3683 335 74 Waiden

317 3798 284 74 darum
633 3798 141 74 der
798 3799 726 73 Leichenfledderei
1546 3823 95 48 zu
1671 3798 590 93 beschuldigen.

313 3913 412 74 Nachdem
762 3915 130 72 ich
931 3913 268 74 diesen
1231 3913 628 93 ehrenrührigen
1888 3913 382 74 Vorwurf

313 4030 82 71 in
432 4030 259 73 einem
721 4030 483 73 Privatbrief
1228 4030 775 93 zurückgenommen
2034 4028 225 91 habe,

315 4145 210 73 halte
576 4145 130 73 ich
743 4169 80 49 es
870 4148 127 70 für
1033 4148 262 71 meine
1331 4145 298 91 Pflicht,
1685 4145 320 73 hiermit
2056 4147 205 71 auch

313 4260 402 73 öffentlich
765 4284 99 49 zu
914 4262 436 91 bekennen,
1407 4260 180 74 dass
1643 4319 13 14 .
1715 4318 16 15 .
1787 4318 15 15 .

313 4373 104 75 Es
469 4395 185 75 mag
703 4377 191 90 sein,
958 4375 182 75 dass
1192 4377 131 73 ich
1373 4377 234 71 Ihren
1663 4377 142 73 Stil
1859 4377 215 71 nicht
2127 4379 142 69 auf

317 4489 137 72 das
517 4492 518 91 glücklichste
1099 4494 374 91 getroffen
1539 4492 226 71 habe.
1868 4490 211 73 Aber
2127 4490 132 73 ich

313 4627 220 51 muss
564 4605 244 73 Ihnen
840 4607 205 73 auch
1077 4609 295 71 einmal
1400 4607 371 93 zugeben,
1803 4605 180 73 dass
2017 4605 125 75 Sie
2178 4629 79 49 es

313 4719 307 74 damals
654 4722 215 73 nicht
896 4722 240 73 leicht
1165 4722 290 92 hatten,
1473 4721 215 74 diese
1705 4722 276 71 Pflicht
2010 4744 95 49 zu
2134 4743 84 50 er-

312 4836 267 71 füllen.
642 4837 223 72 Denn
898 4837 209 73 ohne
1136 4839 317 71 meinen
1485 4836 212 74 Geist
1722 4859 97 50 zu
1847 4839 407 76 forcieren,

312 4951 206 71 kann
571 4951 130 73 ich
749 4971 255 73 sagen,
1062 4951 179 74 dass
1279 4951 130 76 Sie
1463 4975 80 50 es
1597 4951 169 73 sich
1819 4976 103 48 zu
1973 4951 284 73 leicht

312 5066 364 90 gemacht
749 5066 287 91 hatten,
1126 5068 149 73 den
1358 5068 412 74 Widerruf
1839 5068 218 73 nicht
2132 5068 127 71 für

310 5179 176 73 Ihre
549 5181 281 73 Pflicht
899 5205 97 49 zu
1067 5183 288 73 halten.
1461 5181 178 73 Und
1712 5181 100 73 da
1885 5183 125 73 Sie
2081 5188 178 66 statt

313 5293 281 74 dessen
633 5296 124 71 ein
808 5296 196 73 über
1057 5296 137 73 das
1248 5295 296 74 andere
1582 5296 155 73 Mal
1775 5296 479 92 versichern,

312 5432 79 51 es
466 5410 194 93 gäbe
735 5411 130 72 für
921 5411 127 72 Sie
1109 5411 254 73 nichts
1424 5435 98 48 zu
1583 5411 507 94 berichtigen,
2169 5435 88 49 so

312 5525 264 71 hätten
657 5527 127 72 Sie
860 5525 170 74 sich
1107 5527 205 72 auch
1392 5525 286 73 anders
1756 5527 498 72 ausdrücken

312 5640 340 73 können.
759 5642 176 73 Und
987 5640 124 75 Sie
1163 5647 271 69 wären
1488 5640 234 73 dabei
1775 5640 142 75 der
1966 5642 232 73 Wahr-

310 5755 162 73 heit
547 5779 139 51 um
764 5759 228 72 einen
1057 5757 288 76 Schritt
1421 5755 252 75 näher
1748 5757 506 93 gekommen:

317 5869 159 84 „An
530 5870 127 75 die
711 5874 241 71 Leser
1004 5874 136 73 des
1196 5870 518 77 Kunstblatts!

307 5985 135 73 Ich
518 5985 207 77 habe
803 5989 252 73 Herrn
1135 5989 381 73 Blümner
1595 5989 291 71 wissen
1969 5991 283 89 lassen,

312 6099 179 74 dass
542 6102 127 73 ich
725 6106 145 69 mit
921 6106 349 71 meinem
1331 6104 212 85 „Fall
1893 6104 144 71 auf
2081 6106 173 71 eine

312 6216 729 76 Leichenfledderei
1126 6217 136 75 des
1348 6219 256 71 Herrn
1687 6217 338 75 Waiden
2112 6241 95 51 an-

312 6333 299 93 spielen
649 6336 291 71 wollte.
1043 6334 119 73 Da
1196 6334 127 73 ich
1365 6334 217 73 diese
1619 6334 637 93 Beschuldigung

2501 232 134 71 auf
2714 232 129 71 die
2919 232 441 93 Mitteilung
3444 233 214 73 eines
3744 233 704 95 hochgeschätzten

2504 345 431 73 deutschen
3048 345 801 75 Museumsdirektors
3961 347 167 73 und
4235 350 217 71 einer

2503 460 638 75 hochachtbaren
3180 462 527 93 Malersgattin
3746 464 426 93 gegründet
4216 464 231 91 hatte,

2501 585 300 65 musste
2852 577 127 73 ich
3035 579 111 69 sie
3194 579 113 71 als
3356 577 430 93 grundlose
3813 577 637 95 Verdächtigung

2501 690 671 77 zurücknehmen.
3273 692 209 73 Weil
3543 692 130 73 ich
3736 694 189 71 aber
3984 696 111 69 im
4159 694 241 73 Kunst-

2501 807 195 73 blatt
2747 831 155 49 von
2967 809 272 71 keiner
3292 807 747 92 Leichenfledderei,
4103 809 345 73 sondern

2503 946 151 49 nur
2730 946 157 49 von
2967 924 259 71 einem
3312 924 212 83 „Fall
3939 924 506 92 geschrieben

2501 1038 229 91 habe,
2796 1039 135 70 bin
2994 1038 130 72 ich
3187 1039 79 70 in
3333 1038 142 72 der
3539 1041 225 91 Lage,
3830 1038 151 72 den
4045 1039 413 73 Widerruf

2501 1175 97 49 an
2669 1151 261 73 dieser
2980 1153 237 73 Stelle
3270 1153 515 74 abzulehnen.
3886 1153 134 73 Ich
4083 1154 365 73 bestreite

2491 1270 188 91 jetzt
2731 1286 251 75 sogar,
3036 1268 146 71 mit
3229 1270 349 71 meinem
3624 1270 211 83 „Fall
4193 1270 252 72 Herrn

2501 1381 337 75 Waiden
2877 1383 218 71 einer
3131 1385 408 71 unreellen
3581 1383 424 93 Handlung
4037 1383 411 95 bezichtigt

2499 1520 95 49 zu
2648 1496 285 75 haben.
3033 1498 411 75 Vielmehr
3488 1500 99 71 ist
3639 1496 257 75 dieser
3939 1500 210 83 „Fall

2503 1613 399 73 nunmehr
2940 1637 88 49 so
3082 1637 95 49 zu
3229 1613 439 93 verstehen,
3724 1613 179 75 dass
3952 1615 251 71 Franz
4235 1615 213 73 Marc

2499 1752 141 51 aus
2716 1730 633 75 künstlerischen
3431 1730 164 73 und
3670 1730 338 75 ideellen
4066 1730 377 75 Gründen

2501 1844 183 72 dem
2740 1845 713 73 Geschäftsbetrieb
3514 1905 13 13 .
3581 1903 19 18 .
3654 1903 17 18 .

2501 1960 220 73 Auch
2797 1960 253 73 dieses
3123 1984 181 71 mag
3363 1960 235 73 Ihren
3653 1960 142 73 Stil
3869 1962 217 73 nicht
4145 1964 300 71 treffen.

2499 2074 210 73 Aber
2786 2077 154 71 wie
3004 2077 227 73 sollte
3292 2101 81 49 es
3426 2077 159 71 mir
3634 2077 379 93 gelingen,
4095 2076 99 74 da
4272 2077 175 73 Sie

2501 2189 362 71 selbst
2974 2192 320 72 keine
3402 2191 369 73 Worte
3885 2192 558 94 gefunden

2499 2302 380 73 haben.
2984 2306 101 73 So
3123 2308 238 71 leicht
3397 2308 125 72 Sie
3559 2331 80 49 es
3678 2309 290 90 hatten,
4023 2309 170 73 sich
4227 2309 220 73 Ihrer

2501 2419 278 71 Pflicht
2855 2443 93 47 zu
3028 2421 430 85 entziehen,
3536 2445 88 49 so
3697 2424 309 73 schwer
4076 2428 217 68 wäre
4364 2446 81 50 es

2496 2533 247 71 Ihnen
2806 2533 452 93 geworden,
3341 2534 127 73 die
3520 2536 415 73 Wahrheit
4012 2562 96 49 zu
4184 2558 258 73 sagen.

2498 2648 150 71 Um
2720 2672 94 49 zu
2885 2650 359 93 leugnen,
3326 2650 184 72 dass
3576 2651 126 73 Sie
3763 2655 147 71 mit
3968 2655 233 71 Ihren
4254 2655 142 71 Ent-

2496 2765 366 71 laufenen
2887 2765 168 71 und
3079 2765 270 73 Fällen
3375 2766 140 72 auf
3536 2770 352 69 unreelle
3920 2768 522 95 Handlungen

2496 2878 406 93 anspielen
2960 2882 349 88 wollten,
3399 2880 199 73 dazu
3680 2882 360 72 bedurfte
4125 2907 80 49 es
4291 2907 154 47 nur

2496 2993 213 73 eines
2747 2995 382 93 kräftigen
3167 2995 572 75 Entschlusses.
3788 2997 210 73 Aber
4037 2997 239 93 Sätze,
4316 2998 127 73 die

2494 3110 473 93 wenigstens
3023 3119 242 66 etwas
3304 3112 410 73 Törichtes
3754 3112 390 74 bedeuten
4183 3115 208 71 konn-

2494 3230 153 85 ten,
2726 3227 320 91 solange
3126 3227 112 71 sie
3299 3249 155 51 von
3532 3229 171 71 fern
3783 3251 98 49 an
3954 3229 440 73 Leichenbe-

2493 3339 382 95 raubung,
2938 3341 877 94 Namensmissbrauch,
3885 3344 558 93 geschäftliche

2494 3452 513 97 Ausbeutung
3060 3456 166 72 und
3277 3457 994 95 Zahlungsverweigerung
4316 3481 84 49 er-

2494 3569 383 92 innerten,
2933 3569 335 75 wurden
3321 3595 181 49 zum
3554 3572 327 92 Unsinn,
3934 3576 117 69 als
4105 3574 125 73 Sie
4281 3596 159 51 von

2496 3686 205 71 allen
2769 3684 152 73 den
2985 3686 497 74 unsauberen
3537 3688 302 93 Dingen
3903 3688 254 74 nichts
4210 3689 232 73 mehr

2494 3799 290 73 wissen
2862 3803 342 73 wollten.
3304 3801 103 75 Es
3480 3801 361 75 bedurfte
3913 3804 297 94 einiger
4279 3804 109 73 An-

2494 3920 546 89 strengungen,
3106 3938 235 51 wenn
3397 3916 127 75 Sie
3587 3916 215 75 diese
3864 3916 239 93 Sätze,
4169 3918 127 73 die
4357 3942 81 49 es

2494 4030 485 74 inzwischen
3041 4055 95 48 zu
3202 4033 217 71 einer
3470 4031 550 75 Berühmtheit
4071 4033 371 93 gebracht

2494 4145 283 93 haben,
2843 4145 217 74 nicht
3121 4148 115 71 als
3300 4148 290 93 völlige
3644 4147 557 94 Sinnlosigkeit
4257 4172 183 49 zum

2496 4262 273 72 Teufel
2814 4263 229 94 jagen
3099 4265 347 90 wollten,
3478 4263 286 95 Biegen
3819 4263 194 75 oder
4057 4265 380 93 Brechen,

2493 4375 338 75 dachten
2885 4377 148 91 Sie,
3116 4377 162 73 und
3356 4380 417 92 besorgten
3835 4380 256 93 gleich
4145 4380 292 75 beides.

2491 4492 200 73 Fürs
2770 4499 202 66 erste
3045 4494 369 72 machten
3480 4495 125 73 Sie
3681 4495 168 73 sich
3915 4494 268 93 daran,
4262 4495 176 73 Ihre

2493 4607 240 92 Fälle,
2809 4609 153 73 wie
3035 4609 111 71 sie
3207 4611 203 71 auch
3475 4611 313 72 heissen
3849 4611 395 89 mochten,
4318 4612 120 71 ins

2493 4721 850 74 Ideal-Künstlerische
3395 4724 554 73 umzudeuten.
4052 4727 197 71 Dass
4313 4726 127 72 die

2493 4837 370 72 Künstler
3520 4861 295 70 waren,
3903 4841 319 73 mochte
4298 4842 142 72 mit

2491 4953 322 93 Hängen
2852 4953 167 71 und
3057 4954 345 92 Würgen
3438 4978 96 49 zu
3563 4954 222 75 Ihrer
3820 4980 258 49 neuen
4105 4958 330 74 Version

2489 5090 310 71 passen.
2904 5066 195 75 Dass
3178 5069 114 72 sie
3366 5071 190 71 aber
3632 5071 464 73 ausserdem
4174 5073 264 71 einem

3360 5186 399 71 entlaufen
3837 5210 293 52 waren,
4211 5188 229 73 stand

4117 5267 12 9 *

2486 5296 157 75 den
2679 5298 340 73 ideellen
3060 5298 164 73 und
3261 5300 630 74 künstlerischen
3932 5301 379 75 Gründen
4349 5327 88 51 so

2491 5413 354 71 schlecht
2897 5435 121 70 an,
3075 5413 180 75 dass
3294 5415 125 73 Sie
3466 5417 168 71 sich
3688 5418 562 92 entschlossen,
4305 5420 142 71 auf

2488 5528 230 71 Ihren
2774 5530 320 91 eigenen
3988 5533 447 94 zupfeifen.

2488 5645 194 70 Zum
2720 5645 328 71 zweiten
3090 5645 430 73 erkannten
3563 5645 123 75 Sie
3724 5649 260 88 selbst,
4042 5647 180 74 dass
4259 5647 178 74 Ihre

2486 5757 342 74 ideellen
2865 5759 168 72 und
3070 5760 632 75 künstlerischen
3736 5762 323 73 Gründe
4088 5786 98 50 an
4225 5765 210 71 allen

2489 5872 264 75 Ecken
2833 5874 166 73 und
3060 5875 278 73 Enden
3402 5877 218 73 nicht
3695 5877 523 93 ausreichten,
4298 5903 135 49 um

2489 5989 417 73 Herwarth
2967 5989 337 74 Waiden
3378 5991 195 72 oder
3646 5991 151 72 den
3861 5991 267 74 Sturm
4191 6016 88 51 so
4340 6018 97 49 zu

2489 6102 627 93 diskreditieren,
3153 6106 158 73 wie
3346 6104 127 75 Sie
3509 6128 81 52 es
3636 6107 492 77 wünschten.
4210 6107 225 77 Auch

2488 6217 127 75 Sie
2703 6226 372 85 wussten,
3173 6219 182 73 dass
3449 6243 83 51 es
3625 6221 351 91 weniger
4057 6226 117 69 als
4260 6224 175 73 eine

2486 6333 396 94 Bagatelle
2931 6336 120 90 ist,
3107 6358 237 51 wenn
3380 6334 203 73 Herr
3620 6334 576 93 Campendonk
4240 6336 198 75 oder
