2398 4216
1184 3948 54 47 10

348 375 344 100 Stimme:
726 415 279 59 ,,Geschehen
1036 418 122 46 wird
1190 431 49 33 es
1271 418 45 57 in
1348 420 84 45 den
1464 415 371 63 fernenTagen,

344 493 64 44 da
439 495 183 42 werden
653 486 205 62 Sänger:
883 489 337 58 kommen,wie
1250 493 104 54 noch
1387 491 133 47 keine.
1791 511 6 7 ««

343 564 173 48 Voran
547 564 209 56 schreiten
787 563 277 57 Spielleute,
1097 562 214 58 zzarfner
1342 568 94 43 und
1469 566 200 58 Geiger;

344 636 90 59 auf
463 641 100 43 dem
594 634 209 59 dürrsten
834 636 114 53 Feld
981 638 179 55 machen
1191 636 59 57 sie
1279 637 138 56 Halt.

341 709 149 49 Dann
523 710 108 58 hebt
663 724 62 33 an
757 709 195 60 Gesang
982 715 95 43 und
1109 709 315 59 Saitenspiel.

342 783 147 48 Dann
520 785 122 46 wird
673 787 90 44 das
792 783 115 54 Feld
940 781 242 62 ergrünen,
1214 789 94 42 und
1340 783 180 59 Büschel
1548 783 180 59 duften.

340 856 148 48 Dann
519 860 183 44 werden
732 853 182 59 Tänzer
944 857 217 57 kommen,
1194 860 86 44 wie
1312 860 105 55 noch
1448 858 152 58 keine;

342 928 89 59 auf
460 935 80 42 der
570 930 99 47 Aue
699 930 224 58 beginnen
954 930 58 56 sie
1044 934 85 43 den
1161 930 148 56 Tanz.

341 1003 147 47 Dann
520 1006 185 44 werden
737 1003 206 47 Blumen
973 1001 185 61 blühen,
1191 1006 85 44 wie
1309 1007 103 53 noch
1445 1003 134 49 keine.

340 1076 148 63 Dann
518 1076 171 49 kommt
721 1078 70 45 ein
822 1076 174 59 großer
1026 1074 233 61 Frühling
1292 1074 114 49 über
1439 1079 68 46 die
1539 1078 153 55 Welt.

336 1147 150 51 Dann
519 1154 182 44 werden
732 1149 246 58 Menschen
1009 1147 185 61 blühen,
1227 1153 86 44 wie
1344 1154 104 54 noch
1483 1151 164 48 keine«.

340 1295 293 60 Schiffer:
665 1297 227 47 Stimme!
923 1296 336 59 Weissagende
1289 1297 429 57 Nacht-Stimme!

338 1369 347 59 Erschütterter
716 1373 188 44 Mund:
933 1372 122 45 Wer
1086 1371 86 57 bist
1202 1369 103 48 du?

340 1443 94 58 Ich
465 1445 228 56 vernahm
725 1443 130 58 schon
885 1445 125 45 deine
1040 1440 203 62 Klänge.

341 1516 213 47 Damals
585 1517 194 56 lauschte
811 1518 116 45 mein
959 1516 317 58 Kinder-Tag,

340 1589 84 47 Da
455 1603 106 33 war
593 1604 49 31 es
672 1591 101 57 still,
806 1592 60 55 ich
897 1602 108 34 war
1036 1592 70 44 ein
1137 1590 350 47 Saamenkorn.
1590 1589 1 59 e

338 1664 148 54 Heute
518 1663 80 46 bin
629 1665 60 55 ich
722 1664 68 46 die
822 1662 340 59 blitzgesegnete
1192 1664 143 56 Eiche,
1455 1662 2 59 .

337 1741 95 42 und
465 1739 90 44 mir
586 1735 165 59 blasen
784 1738 159 56 eherne
978 1735 270 60 Posaunen.

340 1868 104 46 Aus
475 1869 156 46 deinen
662 1868 179 54 Fernen

340 1940 185 58 sprichst
557 1944 61 44 du
650 1943 89 44 mir
770 1938 115 50 über
916 1942 68 45 die
1014 1941 342 64 Nacht-Meere«
1413 1975 16 9 -

339 2015 47 46 in
418 2017 118 44 mein
569 2013 174 59 einsam
775 2015 194 47 eilendes
1000 2012 167 61 Schiff.
1349 2010 5 8 ««
1739 2010 2 63 :

337 2087 92 58 Ich
460 2084 112 61 höre
603 2089 123 45 deine
757 2087 208 47 Stimme
998 2094 135 40 unter
1164 2086 214 48 Sternen

338 2163 64 45 im
431 2160 386 59 Wogenschwall.
1097 2160 3 59 s

337 2292 104 48 Du:
474 2305 75 35 wo
580 2293 87 56 bist
698 2291 103 48 du?

337 2365 85 59 Ist
453 2370 110 44 dort
596 2365 146 59 Tag?

337 2439 159 58 Siehst
527 2443 62 42 du
621 2442 69 44 die
721 2438 210 49 Sonne?

338 2572 279 47 Stimme:
653 2570 117 58 ,,Ich
801 2569 195 60 befahre
1028 2571 69 46 die
1127 2568 285 60 Einsamkeit
1448 2573 79 43 des
1558 2569 160 58 Poles,

338 2646 117 45 mein
486 2643 159 59 Schiff
670 2644 214 58 begleitet
916 2645 70 45 die
1016 2640 140 57 Flöte

338 2719 86 45 mit
455 2720 76 55 ach
563 2718 44 56 so
641 2714 532 61 schwaclpwehmütiger
1205 2715 188 56 Musik!

336 2793 72 43 Es
439 2791 51 57 ist
521 2792 161 45 immer
712 2790 120 59 Tag,
866 2793 59 51 ich
958 2790 99 57 sehe
1088 2792 68 45 die
1187 2791 186 48 Sonne.

337 2939 94 46 Ein
462 2938 274 57 Segnender
768 2937 168 57 spricht
968 2939 85 55 dir,
1088 2939 70 45 ein
1187 2936 321 58 Scheidender

337 3011 135 47 Bald
504 3012 53 55 ist
588 3011 164 47 Stille.

337 3176 54 5 —
422 3151 120 46 Wer
573 3150 115 46 aber
718 3147 109 60 hört
860 3148 150 59 mich?
1045 3174 54 7 —
1466 3147 1 60 »

336 3249 55 7 —
422 3225 120 45 Wer
574 3225 51 55 ist
657 3226 79 44 der
768 3225 174 55 Mund,
976 3226 80 43 der
1088 3220 235 59 spricht?«
1360 3246 54 8 —-
1459 3220 1 60 i
