3624 4465
1752 138 88 53 135

153 272 124 54 nicht
306 273 106 53 sehr
442 276 88 50 voll
562 275 92 52 und
686 276 165 69 kräftig
894 279 249 59 tönenden,
1186 279 119 50 doch
1353 279 108 49 sehr
1504 281 203 65 angeneh-

154 375 107 33 men
291 359 94 50 und
412 359 240 50 lieblichen
682 360 278 62 Altstimme,
1005 362 115 52 wird
1162 362 64 51 sie
1269 361 149 51 sicher
1448 361 130 51 ihren
1609 365 129 67 Weg

153 442 208 60 machen,
390 442 163 51 dessen
576 445 177 67 Beginn
785 445 97 52 ihre
912 447 191 51 Gönner
1133 446 144 51 schon
1308 453 188 59 gestern
1527 446 80 51 mit
1628 449 83 49 Blu-

153 543 106 34 men
290 526 284 52 bestreuten.

281 610 84 51 Als
395 611 193 52 Alfonso
623 619 90 44 trat
753 614 70 49 ein
856 613 348 52 einheimischer
1233 613 206 59 Bariton,
1479 615 125 50 Herr
1634 616 70 50 Ha-

153 694 212 52 milton
395 698 264 57 Braham,
691 699 71 49 ein
792 699 128 49 Sohn
944 699 80 49 des
1051 698 276 50 berühmten
1362 700 263 67 englischen
1650 703 59 48 Te-

150 779 206 52 noristen
386 781 216 59 Braham,
652 781 71 50 für
769 783 208 49 welchen
1007 781 185 53 Weber
1233 783 70 51 die
1343 802 176 48 grosse,
1560 784 44 52 in
1650 785 88 52 den

153 863 193 52 Oberon
391 865 258 66 eingelegte
690 864 310 67 kriegerische
1030 867 111 50 Arie
1192 868 195 59 schrieb,
1432 888 104 32 zum
1583 877 153 43 ersten

150 948 121 49 Male
303 950 81 49 auf
408 950 94 50 und
532 949 164 50 wurde
728 950 324 52 wohlwollend
1094 953 369 67 aufgenommen.
1518 955 91 50 Am
1642 972 63 32 we-

150 1032 182 67 nigsten
364 1037 203 62 genügte
598 1032 82 49 der
699 1033 156 51 Tenor
887 1037 216 48 Pavesi
1134 1037 65 51 als
1231 1038 232 58 Gennaro,
1496 1038 117 50 doch
1639 1038 99 51 that

151 1133 51 32 er
233 1117 96 49 sein
358 1118 180 50 Bestes.
597 1118 88 50 Die
727 1136 143 49 ganze
901 1121 301 68 Vorstellung
1232 1122 127 49 hatte
1391 1123 133 50 einen
1555 1141 155 32 ausser-

151 1199 314 52 ordentlichen
497 1202 175 67 Erfolg,
714 1203 70 51 die
816 1203 218 52 Caradori
1066 1206 94 50 und
1193 1206 79 50 das
1307 1207 286 51 sämmtliche
1625 1208 83 50 Per-

153 1284 127 50 sonal
310 1284 193 51 wurden
526 1303 74 33 am
625 1286 219 52 Schlüsse
874 1289 206 66 gerufen.
1112 1289 174 51 Form
1301 1308 58 32 es
1390 1291 99 51 tritt
1517 1308 72 32 am
1606 1291 97 51 Don-

153 1376 190 61 nerstag
374 1369 87 53 den
496 1369 92 53 27.
621 1371 42 51 d.
692 1372 110 52 Mts.
833 1373 61 50 im
925 1373 368 52 Freischütz
1324 1376 89 49 auf.
1444 1376 84 51 Als
1560 1376 173 51 Musik-

151 1452 277 52 Directoren
475 1455 98 50 sind
620 1456 70 49 die
734 1457 186 50 Herren
964 1457 450 70 Lindpaintner
1472 1460 95 50 und
1623 1461 72 49 An-

152 1538 207 51 schütz
391 1538 72 52 bei
494 1539 82 52 der
605 1539 386 71 Unternehmung
1022 1542 289 69 beschäftigt.

1505 1544 50 51 C.
1587 1545 57 50 A.

275 1770 130 45 Ein
439 1770 415 46 Hofconcert
886 1771 72 45 in
996 1770 564 46 Konstantinopel.

224 1865 61 39 Da
327 1877 95 26 man
464 1864 84 39 sich
592 1864 43 39 in
673 1864 231 51 politischer
932 1865 189 40 Hinsicht
1160 1867 104 50 jetzt
1308 1879 43 27 so
1395 1868 76 39 viel
1501 1867 73 40 mit
1603 1867 131 40 dieser

144 1926 124 47 Stadt,
309 1927 124 39 deren
472 1926 299 40 Beherrschern
803 1927 82 38 und
915 1926 255 41 Bewohnern
1209 1929 249 53 beschäftigt,
1503 1942 42 28 so
1576 1929 159 41 dürften

143 1987 131 52 einige
302 1989 278 39 musicalische
610 1988 270 40 Nachrichten
923 1989 144 40 daraus
1112 1990 109 40 nicht
1264 1992 333 40 unwillkommen
1637 1992 98 40 sein.

141 2051 55 39 Es
227 2063 83 28 war
337 2050 56 41 im
421 2050 95 41 Juni
551 2050 113 47 1848,
703 2051 56 38 als
793 2050 353 53 Vieuxtemps
1178 2053 335 53 Konstantinopel
1543 2055 192 40 besuchte

141 2113 84 40 und
255 2113 109 41 eines
394 2114 129 51 Tages
555 2114 71 39 mit
656 2114 72 39 der
746 2113 231 51 Einladung
1008 2114 235 40 überrascht
1273 2117 151 47 wurde,
1454 2117 110 40 beim
1595 2118 138 39 Sultan

142 2175 80 40 den
262 2177 193 39 nächsten
482 2177 171 51 Morgen
696 2189 69 26 um
798 2176 47 39 10
875 2176 85 39 Uhr
1000 2189 49 26 zu
1089 2177 165 50 spielen.
1289 2175 45 53 —■
1365 2178 77 40 Um
1472 2180 24 39 8
1527 2180 85 40 Uhr
1642 2179 89 39 früh

142 2236 146 42 fanden
319 2239 82 38 sich
433 2239 123 38 schon
586 2238 97 39 zwei
715 2237 204 40 Khavasse
950 2250 69 27 zur
1041 2239 236 52 Begleitung
1307 2240 76 47 ein,
1414 2242 151 40 welche
1595 2242 137 39 Herrn

142 2302 85 38 und
255 2302 107 38 Frau
391 2300 266 52 Vieuxtemps
687 2312 77 26 von
793 2300 231 51 Bujukdere
1055 2302 200 47 abholten,
1287 2314 65 27 um
1384 2304 58 38 sie
1472 2305 122 38 übers
1618 2304 115 40 Meer

142 2363 103 39 nach
275 2363 207 47 Tshesme,
526 2363 42 39 in
612 2363 79 40 den
720 2362 134 40 Palast
883 2361 131 40 Rifaat
1043 2363 186 40 Pascha's
1272 2377 48 26 zu
1350 2366 157 47 führen,
1553 2366 92 40 dem
1675 2367 56 39 als

140 2424 183 41 Minister
366 2425 71 39 der
484 2424 268 54 auswärtigen
795 2424 377 51 Angelegenheiten
1228 2426 64 39 die
1339 2427 259 52 Einführung
1656 2428 71 39 der

142 2488 201 38 Fremden
372 2487 108 39 beim
511 2487 136 39 Sultan
679 2488 130 50 oblag.
867 2488 99 38 Dort
1005 2488 179 52 empfing
1230 2489 56 39 sie
1316 2490 131 39 Rifaat
1476 2490 154 39 Pascha
1661 2490 71 40 mit

142 2551 72 38 der
242 2550 229 47 Nachricht,
510 2551 89 38 dass
630 2550 125 39 durch
786 2549 64 40 die
879 2550 185 39 Ankunft
1103 2551 109 40 eines
1244 2552 186 40 Couriers
1461 2554 69 38 das
1560 2552 172 41 Concert

141 2624 69 27 um
242 2611 131 53 einige
403 2612 181 39 Stunden
615 2613 203 50 verzögert
848 2612 150 39 würde.
1038 2613 266 52 Vieuxtemps
1334 2614 162 40 wohnte
1525 2627 84 27 nun
1638 2617 93 38 dem

141 2674 160 40 Conseil
331 2675 69 39 des
429 2673 202 41 Ministers
661 2673 76 47 bei,
779 2674 72 39 der
881 2673 117 41 keine
1029 2675 265 41 Indiscretion
1325 2677 224 39 seinerseits
1581 2691 47 25 zu
1659 2678 45 39 be-

139 2736 184 41 fürchten
342 2737 117 45 hatte,
489 2737 50 38 da
559 2736 63 39 die
640 2737 331 50 Staatsgeschäfte
989 2737 71 39 auf
1072 2738 198 40 Türkisch
1288 2739 234 39 verhandelt
1540 2740 189 47 wurden;

140 2799 97 39 aber
265 2799 72 39 mit
365 2799 52 39 20
446 2798 199 41 Sheriffen
687 2800 83 38 und
814 2800 103 39 eben
960 2812 43 27 so
1047 2800 77 39 viel
1154 2801 152 40 Tassen
1337 2801 141 40 Kaffee
1508 2807 150 36 musste
1689 2817 42 26 er

139 2862 151 39 nähere
319 2862 309 40 Bekanntschaft
656 2862 182 40 machen.
868 2862 104 39 Frau
1003 2862 265 52 Vieuxtemps
1299 2865 139 38 wurde
1470 2865 261 40 unterdessen

139 2923 41 40 in
219 2925 79 39 den
327 2924 153 40 Harem
523 2925 169 51 geführt,
741 2937 60 27 wo
847 2924 84 40 sich
974 2925 118 47 Frau,
1136 2926 264 44 Schwestern,
1452 2928 150 39 Mutter
1644 2929 85 39 und

140 2986 239 40 Sclavinnen
400 2988 69 39 des
489 2987 184 40 Pascha's
704 2987 40 39 in
774 2988 187 39 höchster
983 2988 177 51 Neugier
1190 2991 255 38 versammelt
1474 2990 160 46 hatten;
1665 2991 65 39 die

141 3048 192 48 hübsche,
376 3051 96 38 aber
500 3050 299 50 geschmacklos
839 3052 83 38 und
962 3052 231 51 unbequem
1224 3064 254 39 angezogene
1510 3052 215 40 Gemahlin

140 3110 239 41 versicherte
410 3113 222 46 derselben,
662 3125 77 26 nur
767 3113 98 40 zwei
894 3113 336 50 Europäerinnen
1259 3114 41 39 in
1330 3113 129 40 ihrem
1488 3114 138 39 Leben
1658 3114 71 52 (sie

141 3183 83 27 war
253 3173 119 39 zwölf
396 3174 120 39 Jahre
545 3173 65 51 alt)
640 3175 174 52 gesehen
845 3189 47 25 zu
922 3175 145 47 haben,
1097 3176 152 40 welche
1279 3175 118 41 beide
1420 3175 304 41 Gesandtinnen

140 3245 148 29 waren.
337 3235 92 39 Alle
459 3238 159 38 wollten
649 3238 197 46 erfahren,
890 3238 75 38 wie
1010 3250 41 27 es
1091 3238 107 39 denn
1243 3238 39 39 in
1312 3238 71 40 der
1413 3238 168 52 übrigen
1614 3240 111 39 Welt

140 3297 180 45 aussehe,
353 3297 80 39 und
456 3298 188 46 meinten,
676 3311 39 28 es
746 3302 107 37 wäre
883 3300 102 39 doch
1017 3301 65 38 ein
1102 3300 182 47 Scandal,
1315 3302 89 38 dass
1435 3301 89 39 dort
1553 3313 43 27 so
1626 3302 101 40 viele

139 3360 158 39 Frauen
327 3360 103 40 ohne
451 3360 177 41 Schleier
657 3361 306 52 herumgingen.
995 3363 92 39 Ihre
1106 3363 229 51 Neugierde
1365 3364 236 39 verschonte
1633 3364 93 40 kein

137 3421 340 53 Kleidungsstück
532 3424 71 39 der
646 3425 212 45 Fremden,
915 3426 193 38 während
1153 3427 57 39 sie
1256 3427 115 38 dafür
1416 3426 86 40 ihre
1546 3427 179 48 Schätze,

137 3484 289 52 schwerfällige
455 3485 172 40 silberne
658 3487 146 39 Ketten
847 3488 83 38 und
974 3487 151 40 wiener
1154 3488 155 39 Shawls
1355 3488 167 52 zeigten,
1570 3490 154 39 welche

137 3548 64 38 für
228 3547 76 40 viel
334 3548 214 39 moderner
577 3549 57 38 als
659 3548 202 40 türkische
877 3551 144 50 galten.
1052 3550 172 39 Endlich
1249 3551 122 40 nahm
1390 3564 94 27 man
1501 3552 221 47 Abschied,

137 3610 84 39 und
250 3610 130 40 Rifaat
408 3610 155 39 Pascha
591 3610 92 39 liess
722 3611 78 39 den
830 3612 220 40 Künstlern
1097 3613 63 39 ein
1191 3614 126 39 Diner
1358 3615 188 47 serviren,
1593 3615 132 40 wobei

137 3671 155 49 Fische,
334 3673 116 40 Reiss
488 3674 82 38 und
600 3672 371 41 Bocks-Coteletten
1001 3674 63 40 die
1096 3676 238 51 Hauptrolle
1375 3676 181 53 spieiien,
1600 3678 124 39 deren

136 3734 271 54 Zubereitung
449 3736 146 52 jedoch
634 3736 91 39 dem
764 3736 290 51 europäischen
1086 3737 251 40 Geschmack
1367 3739 92 40 sehr
1490 3740 132 51 wenig
1652 3753 44 26 zu-

135 3802 121 45 sagte.
287 3798 174 40 Hierauf
486 3799 136 39 wurde
652 3798 64 39 ein
746 3797 322 41 reichverziertes
1086 3800 101 38 Boot
1218 3801 203 47 bemannt,
1451 3803 172 39 welches
1654 3802 63 39 die

135 3869 126 39 ganze
304 3858 263 43 Gesellschaft
608 3862 101 39 über
754 3861 77 40 den
870 3861 203 51 Bosporus
1113 3861 102 40 nach
1261 3863 92 39 dem
1403 3876 132 28 neuen
1565 3865 155 39 Palaste

138 3919 251 51 Tshiraghan
434 3923 175 40 brachte.
666 3923 134 41 Allein
829 3924 71 39 der
930 3924 139 39 Sultan
1107 3924 107 40 hatte
1256 3924 42 39 in
1328 3926 123 51 Folge
1491 3927 71 39 der
1590 3927 104 50 Depe-

136 3982 122 40 schen
302 3983 140 39 seinen
471 3985 274 41 Ministerrath
789 3999 70 26 zur
908 3984 221 41 Conferenz
1177 3989 414 47 zusammenberufen,
1637 3989 81 39 und

136 4045 198 40 abermals
365 4047 141 39 sollten
537 4048 166 48 Pfeifen,
723 4048 140 42 Kaffee
894 4049 79 39 und
1003 4048 343 41 Bocks-Cotelctte
1378 4051 80 39 den
1489 4051 228 40 Reisenden

135 4107 65 39 die
228 4107 85 40 Zeit
341 4108 231 42 verkürzen.
615 4111 73 40 Als
718 4111 107 40 diese
856 4111 139 54 (durch
1024 4110 230 53 Erfahrung
1282 4112 216 52 gewitzigt)
1531 4113 187 41 höflichst

136 4169 185 48 dankten,
351 4170 132 42 befahl
513 4172 71 40 der
614 4174 149 46 Sultan,
795 4175 108 39 selbe
933 4174 55 41 im
1007 4172 125 42 Serail
1161 4172 343 44 herumzuführen
1535 4175 83 40 und
1648 4177 45 40 be-

1839 277 166 40 sonders
2035 278 78 39 den
2145 278 141 53 Flügel
2316 278 70 41 des
2418 278 176 42 Palastes
2625 293 45 27 zu
2701 280 151 54 zeigen,
2894 283 39 39 in
2971 283 193 43 welchem
3206 288 118 37 unter
3357 284 50 41 Do-

1835 338 166 40 nizetti's
2030 340 172 53 Leitung
2249 341 71 40 das
2362 341 306 41 Conservatoire
2712 343 83 39 sich
2843 345 159 41 befand.
3060 348 189 40 Daselbst
3295 359 137 28 waren

1835 406 100 34 etwa
1966 402 179 54 scchszig
2174 402 203 44 türkische
2409 405 174 39 Knaben
2612 405 82 39 und
2725 406 217 53 Jünglinge
2978 410 72 39 mit
3078 410 117 41 ihren
3225 411 184 41 Professo-

1835 475 84 34 ren,
1948 463 117 40 meist
2091 465 217 41 Italiänern
2352 467 82 39 und
2466 466 231 49 Griechen;
2745 467 57 41 sie
2833 470 162 40 werden
3025 472 175 41 daselbst
3229 475 202 39 anfallen

1835 526 293 53 Instrumenten
2159 529 82 38 und
2270 528 41 41 in
2340 531 93 39 dem
2466 531 185 53 Gesänge
2682 532 279 39 unterwiesen.
2992 533 64 41 Sie
3088 536 130 52 legten
3246 536 184 40 Beweise

1835 585 110 41 ihrer
1976 588 219 42 Kenntniss
2239 592 72 39 auf
2349 593 71 40 der
2451 594 163 41 Violine
2654 595 82 40 und
2778 595 92 40 dem
2904 594 109 41 Cello
3059 597 50 40 ab
3152 599 80 38 und
3280 611 150 40 sangen

1836 647 119 41 einen
1986 649 77 40 Act
2093 663 69 26 aus
2193 653 71 39 der
2293 654 276 43 Sonnambula
2599 658 71 39 mit
2702 658 296 39 italienischem
3031 658 140 48 Texte,
3201 661 131 40 wobei
3363 664 45 38 be-

1835 710 167 40 sonders
2047 711 65 39 ein
2141 712 164 50 kleines,
2349 722 259 37 untersetztes
2639 719 208 48 Türklein,
2893 724 101 35 etwa
3032 721 46 38 14
3107 721 122 41 Jahre
3260 724 64 47 alt,
3371 725 59 38 als

1833 773 152 40 Amina
2029 773 83 41 sich
2153 776 125 40 durch
2325 778 76 40 den
2433 782 220 39 näselnden
2684 782 174 52 Vortrag
2888 783 72 40 der
2990 783 304 42 Schluss-Arie:
3351 788 80 36 Deh

1833 835 272 46 m'abbraccia,
2136 835 241 44 hervorthat.
2434 840 230 42 Besondere
2694 844 173 51 Sorgfalt
2899 844 48 41 ist
2978 846 67 39 auf
3074 844 66 41 die
3172 846 257 41 Blechmusik

1836 899 217 46 verwandt,
2084 899 62 39 für
2175 900 151 41 welche
2357 901 70 40 der
2443 903 137 39 Sultan
2611 905 193 41 zuweilen
2833 909 124 38 selbst
2987 908 119 40 einen
3129 909 160 41 Marsch
3323 923 80 27 com-

1833 960 146 51 ponirt,
2011 961 181 41 welchen
2222 962 198 41 Donizctti
2451 964 85 50 (der
2562 966 155 41 Bruder
2747 970 68 38 des
2843 970 245 41 berühmten
3122 971 305 54 Componisten)

1832 1023 156 40 sodann
2035 1023 292 42 instrumentirt
2373 1027 81 40 und
2496 1030 216 39 aufführen
2750 1032 108 40 lässt.
2914 1034 266 53 Vieuxtemps
3223 1036 106 41 hatte
3365 1036 65 39 die

1832 1086 131 40 Noten
2006 1100 48 26 zu
2099 1088 132 39 einem
2260 1089 188 40 Marsche
2486 1091 277 52 mitgebracht,
2806 1096 181 39 welchen
3027 1110 43 26 er
3109 1098 149 41 Nachts
3303 1112 123 28 zuvor

1832 1149 226 51 componirt
2089 1150 106 40 hatte
2226 1153 81 37 und
2338 1152 91 39 dem
2461 1154 140 40 Sultan
2631 1155 177 41 widmen
2837 1158 152 47 wollte;
3020 1159 71 40 der
3112 1161 182 52 Dirigent
3324 1164 102 51 legte

1832 1210 57 41 sie
1919 1211 76 47 auf,
2035 1211 82 40 und
2157 1225 43 27 er
2247 1214 138 39 wurde
2424 1215 202 41 fehlerfrei
2665 1230 92 28 vom
2788 1219 129 41 Blatte
2961 1221 181 51 gespielt.
3251 1223 172 42 Endlich

1832 1286 83 28 war
1944 1274 63 40 die
2026 1274 223 41 Confcrenz
2279 1290 83 34 aus,
2392 1280 82 38 und
2505 1293 93 26 man
2628 1281 133 41 führte
2792 1282 66 40 die
2879 1284 198 39 Künstler
3106 1285 126 39 durch
3265 1288 162 39 endlose

1832 1335 141 53 Gänge
2002 1337 83 39 und
2115 1337 103 48 Säle,
2264 1340 152 40 welche
2462 1341 65 40 die
2571 1342 253 41 reizendsten
2855 1345 370 53 Aussichtspunkte
3265 1348 70 39 auf
3359 1348 70 40 das

1831 1412 90 27 vom
1952 1401 149 40 Monde
2132 1402 165 40 erhellte
2340 1403 155 41 Scutari
2540 1407 234 51 gegenüber
2814 1408 122 40 boten
2980 1411 57 47 (es
3070 1421 83 28 war
3182 1409 247 42 inzwischen

1832 1460 127 41 Nacht
1988 1463 244 53 geworden),
2261 1464 41 41 in
2333 1467 80 40 den
2444 1467 78 40 hell
2552 1469 272 41 erleuchteten
2856 1470 237 49 Thronsaal,
3135 1486 62 28 wo
3229 1473 73 41 der
3331 1474 72 41 Kai-

1831 1535 63 28 ser
1939 1524 71 40 mit
2054 1530 101 36 etwa
2198 1528 179 52 zwanzig
2415 1528 460 57 Grosswürdenträgern
2919 1547 70 28 um
3028 1535 70 40 das
3147 1535 157 42 Ciavier
3347 1538 80 52 (ein

1831 1586 152 42 wiener
2012 1590 154 52 Mügel)
2200 1591 181 41 standen.
2438 1592 138 41 Abdul
2606 1594 212 41 Medschid
2863 1596 50 41 ist
2955 1597 65 41 ein
3063 1599 171 40 schöner
3276 1601 150 52 junger

1832 1648 126 43 Mann
1987 1652 72 38 mit
2087 1653 281 51 sprechenden
2396 1667 179 40 grossen,
2603 1657 231 42 schwarzen
2865 1661 144 51 Augen
3053 1662 82 40 und
3178 1669 122 34 etwas
3340 1665 67 39 fati-

1832 1712 159 50 guirten
2009 1714 158 52 Zügen;
2198 1716 220 40 besonders
2448 1717 224 42 freundlich
2703 1721 83 39 und
2816 1722 285 40 herablassend
3130 1724 293 54 entschuldigte

1833 1788 42 28 er
1905 1776 83 41 sich
2019 1778 40 39 in
2090 1779 297 51 gebrochenem
2418 1782 273 48 Französisch,
2734 1796 43 27 so
2809 1784 115 52 lange
2954 1787 71 38 auf
3049 1787 82 39 sich
3163 1788 133 39 haben
3326 1802 75 27 war-

1832 1841 66 36 ten
1927 1851 49 26 zu
2005 1840 145 41 lassen.
2178 1841 104 40 Eine
2788 1844 197 37 Fanlaisie
3239 1846 151 49 caprice
2712 1845 92 39 liess
2833 1846 71 40 ihn
2935 1848 91 39 sehr
3055 1848 102 48 kalt;
3189 1850 109 39 beim

1842 1903 98 36 molo
1962 1915 75 27 von
2066 1903 138 41 Beriot
2233 1906 116 38 stand
2380 1919 43 26 er
2452 1907 96 38 aber
2578 1907 185 40 entzückt
2792 1909 76 41 auf.
2912 1923 70 26 um
3020 1911 138 41 seinen
3199 1912 141 41 Beifall
3379 1926 48 27 zu

1833 1964 220 52 bezeugen,
2099 1966 72 40 der
2214 1967 127 41 durch
2382 1968 65 40 ein
2479 1968 88 41 Duo
2608 1970 102 39 über
2752 1970 275 41 Sonnambula
3070 1973 105 40 noch
3214 1975 213 52 gesteigert

1833 2028 152 41 wurde.
2033 2029 84 40 Für
2145 2030 71 40 das
2245 2030 208 42 Cantabile
2484 2032 100 40 nach
2617 2044 165 30 unserer
2813 2034 138 41 Weise
2982 2036 67 39 hat
3078 2037 72 39 der
3180 2037 134 40 Türke
3345 2037 61 40 kei-

1832 2102 79 28 nen
1941 2090 121 48 Sinn;
2106 2104 77 27 nur
2212 2093 288 53 Schnelligkeit
2543 2095 83 40 und
2655 2095 121 40 Lärm
2808 2095 154 41 wirken
2992 2097 72 40 auf
3086 2097 110 40 seine
3225 2098 178 40 musicali-

1831 2154 122 39 schen
1983 2154 173 42 Nerven.
2212 2156 113 41 Nach
2355 2159 176 51 Vortrag
2575 2159 71 40 der
2684 2160 87 39 drei
2800 2160 147 41 Stücke
2987 2161 158 40 machte
3183 2161 73 41 der
3284 2161 141 41 Sultan

1831 2213 75 41 viel
1935 2215 551 57 Artigkeits-Bezeugungen,
2527 2220 81 39 und
2647 2221 73 39 der
2748 2221 280 41 Dolmetscher
3067 2227 151 36 musste
3244 2222 74 41 auf
3347 2222 57 42 sei-

1828 2288 79 28 nen
1938 2278 139 41 Befehl
2106 2279 65 40 die
2200 2281 166 42 Anrede
2393 2283 111 40 eines
2543 2284 271 40 anwesenden
2843 2284 164 47 Mufti's,
3049 2286 72 38 der
3149 2286 249 39 wahrschein-

1828 2337 78 40 lich
1936 2339 89 40 eine
2054 2341 76 39 Art
2159 2337 179 56 Hofpoet
2366 2357 94 35 war,
2490 2346 251 40 übersetzen.
2781 2346 66 39 Sie
2877 2347 167 38 lautete:
3074 2347 61 47 „0
3166 2348 257 51 Fremdling!

1828 2401 47 38 In
1918 2414 175 28 unseren
2136 2404 174 53 heiligen
2354 2406 192 40 Büchern
2591 2408 151 51 spricht
2785 2421 94 27 man
2924 2409 74 39 mit
3047 2410 244 51 Verehrung
3345 2423 77 27 von

2283 2481 43 26 er
2368 2469 106 40 lebte
2503 2482 72 27 vor
2604 2471 107 39 3000
2741 2470 152 40 Jahren
2937 2472 84 39 und
3058 2484 84 28 war
3172 2473 70 38 der
3271 2474 151 50 grösste

1828 2526 164 40 Meister
2022 2529 70 38 auf
2117 2529 71 39 der
2216 2530 176 41 Violine.
2449 2533 69 38 Ich
2563 2533 95 40 sehe
2705 2534 96 39 aber
2838 2534 107 51 jetzt,
2990 2535 90 39 dass
3125 2547 43 27 er
3211 2535 212 42 höchstens

1828 2589 103 40 Dein
1970 2591 170 40 Schüler
2184 2605 186 39 gewesen
2417 2595 86 39 sein
2804 2597 77 40 Mit
2919 2598 153 39 diesem
3112 2598 307 41 orientalischen

1828 2651 296 52 Complimente
2155 2667 82 28 war
2267 2656 70 40 das
2368 2657 172 41 Concert
2568 2659 270 52 geschlossen,
2882 2661 83 39 und
3005 2661 49 39 da
3093 2672 40 28 es
3162 2660 257 41 Mitternacht

1829 2726 94 35 war,
1955 2716 81 39 also
2066 2729 49 26 zu
2144 2720 99 48 spät,
2273 2732 68 26 um
2372 2720 103 39 nach
2505 2721 230 51 Bujukdere
2764 2721 364 49 zurückzurudern,
3158 2734 43 27 so
3227 2723 95 51 ging
3352 2723 65 39 die

1830 2775 263 43 Gesellschaft
2120 2780 104 40 nach
2255 2782 102 40 Pera
2386 2782 42 40 in
2458 2782 63 40 ein
2552 2784 134 47 Hotel,
2729 2797 63 27 wo
2834 2785 57 40 sie
2930 2786 121 39 müde
3081 2785 81 39 und
3192 2785 94 39 sehr
3314 2786 76 39 hun-

1828 2839 113 53 gerig
1970 2843 196 51 anlangte.

2005 3024 243 58 Tages-
2282 3029 140 42 und
2456 3027 763 57 Unterhaltungs-Blatt.

1907 3113 178 36 KöSh.
2134 3111 188 51 (Schluss.
2352 3113 41 41 S.
2423 3113 69 39 Nr.
2527 3111 73 52 16.)
2656 3114 139 39 Neben
2837 3114 131 39 dieser
2996 3116 255 40 natürlichen
3281 3117 103 52 Bega-

1824 3173 110 51 bung
1964 3173 66 39 hat
2057 3174 178 39 Ander
2278 3175 97 39 aber
2413 3175 102 39 auch
2555 3176 126 39 durch
2724 3177 64 39 die
2827 3177 292 41 künstlerische
3148 3179 261 52 Ausbildung

1823 3236 132 40 seiner
1983 3236 166 41 Stimme
2179 3237 89 40 eine
2297 3237 119 39 Höhe
2447 3239 55 38 als
2533 3238 153 52 Sänger
2715 3239 183 48 erreicht,
2924 3240 70 40 auf
3020 3241 172 40 welcher
3222 3241 85 40 ihm
3338 3255 48 28 un-

1823 3302 59 35 ter
1912 3299 102 38 allen
2044 3299 195 39 lebenden
2269 3299 218 40 Künstlern
2534 3312 76 27 nur
2647 3300 136 52 Roger
2825 3313 52 27 an
2922 3301 65 40 die
3026 3302 106 40 Seite
3175 3316 48 26 zu
3268 3305 140 39 stellen

1823 3361 83 39 sein
1938 3361 149 47 dürfte;
2129 3361 53 52 ja,
2211 3361 43 39 in
2282 3361 145 40 Einem
2458 3363 285 40 wesentlichen
2774 3364 158 39 Punkte
2962 3366 140 39 stellen
3132 3365 73 40 wir
3235 3366 69 39 ihn
3336 3379 48 27 un-

1821 3424 167 50 bedingt
2018 3424 98 39 über
2145 3424 76 39 den
2251 3423 294 41 französischen
2574 3425 166 52 Sänger,
2780 3427 176 40 nämlich
2985 3428 129 46 darin,
3144 3429 90 38 dass
3264 3441 43 27 er
3337 3430 71 39 das

1819 3487 133 40 Maass
1982 3487 69 39 des
2080 3486 185 40 Schönen
2295 3487 64 40 nie
2388 3488 303 40 überschreitet.
2748 3490 90 40 Den
2868 3490 293 40 dramatischen
3191 3492 218 42 Ausdruck

1820 3549 55 40 im
1906 3549 173 48 Grellen,
2110 3550 54 40 im
2193 3550 220 41 Extremen
2443 3564 48 27 zu
2529 3553 165 47 suchen,
2738 3554 129 40 davon
2915 3554 47 40 ist
3004 3554 141 40 Ander
3187 3555 94 39 weit
3324 3561 63 34 ent-

1818 3614 123 46 fernt;
1984 3626 42 26 er
2068 3614 171 39 erreicht
2282 3614 70 40 ihn
2398 3615 272 41 vollkommen
2712 3617 126 39 durch
2877 3617 64 40 die
2983 3617 298 52 sympathische
3312 3619 72 40 Fär-

1818 3676 111 51 bung
1948 3675 129 40 seines
2096 3677 144 46 Tones,
2271 3676 128 40 durch
2428 3677 65 40 die
2524 3678 240 52 Steigerung
2805 3681 72 38 der
2904 3680 232 52 Klangfülle
3177 3681 60 40 bis
3270 3695 50 27 zu
3347 3695 41 27 er-

1818 3738 284 40 schütternden
2132 3739 340 53 Schwingungen,
2512 3741 126 40 durch
2668 3742 78 39 den
2775 3742 182 40 Schmelz
2988 3743 70 39 des
3089 3744 137 40 Tones
3256 3744 41 40 in
3328 3747 79 40 den

1816 3801 180 39 weichen
2025 3801 281 53 Stimmungen
2347 3803 83 39 und
2470 3803 126 40 durch
2637 3803 63 40 ein
2729 3803 291 41 vortreffliches
3051 3805 123 52 Spiel.
3232 3807 101 40 Was
3364 3821 44 27 er

1814 3862 242 41 namentlich
2087 3863 54 40 im
2169 3864 152 40 vierten
2352 3866 101 40 Acte
2482 3866 71 39 der
2580 3866 157 41 Martha
2767 3868 55 38 als
2853 3868 154 50 Lyoncl
3037 3870 83 38 und
3152 3869 55 40 im
3238 3871 169 39 zweiten

1814 3926 72 39 der
1928 3925 124 40 Lucia
2096 3927 56 38 als
2195 3927 191 52 Edgardo
2430 3928 164 46 leistete,
2641 3934 89 46 trug
2774 3928 42 39 in
2848 3928 162 53 Gesang
3049 3932 86 38 und
3176 3932 110 51 Spiel
3328 3934 81 39 den

1815 3988 177 52 Stempel
2032 3989 71 39 der
2142 3989 302 42 hinreissenden
2486 3991 214 39 Wahrheit
2742 3991 72 40 der
2856 3992 297 50 Leidenschaft,
3203 3996 85 40 und
3336 3998 72 40 der

1814 4050 116 39 letzte
1959 4050 78 40 Act
2066 4052 73 38 der
2167 4052 134 48 Lucia,
2341 4053 75 39 wie
2446 4052 102 40 auch
2592 4052 64 40 die
2684 4052 287 42 Schlussscene
3004 4055 40 40 in
3074 4057 198 41 Stradella
3302 4061 86 50 zeig-

1814 4119 66 34 ten
1912 4112 293 43 hinwiederum
2235 4115 70 40 das
2337 4115 236 39 Vollendete
2603 4115 41 40 in
2674 4116 72 39 der
2775 4118 249 53 Auffassung
3053 4121 85 39 und
3168 4122 94 40 dem
3294 4123 85 40 Wie-

1814 4175 204 51 dergeben
2047 4175 69 40 des
2146 4177 199 49 lyrischen
2376 4175 155 41 Geistes
2560 4177 72 40 der
2661 4177 278 42 italiänischen
2968 4181 149 41 Musik.
3175 4184 139 40 Durch
3345 4185 64 41 die
