3398 4572
2736 457 52 36 23

1663 642 380 53 EDLER
2072 646 73 49 <&
2176 646 491 54 KBISCHE

1866 736 605 57 HA\\OYER

1568 934 2 32 ~
1775 955 51 6 .■■..,'
1830 955 11 6 ,,
1907 955 5 7 |
1914 955 5 6 i
1922 955 44 7 iltit,
1969 955 5 7 i
1977 955 12 7 ll
1993 934 4 32 |
2001 955 12 8 n
2016 955 59 7 ,|||||l|
2079 934 4 32 i
2086 955 5 7 ,
2094 934 4 32 i
2102 934 4 32 |
2110 955 51 8 nMni
2164 955 28 9 ||||
2195 955 43 9 nnM
2241 955 21 9 |||
2265 955 19 9 m
2288 955 13 9 ||
2304 955 20 9 m
2327 934 4 32 |
2335 955 20 9 m
2358 955 13 9 ||
2373 955 45 10 mm
2420 955 5 10 |
2428 955 13 10 n
2443 955 5 10 |
2451 934 331 32 nil|imniHHlMllllMlHllHtlHlllHll

1546 964 345 35 FERTIGEN
1936 968 644 36 LIEBHAKERDRIICH
2599 975 30 29 E
2667 975 116 30 MIT

1545 1004 1238 43 lllllllllllllllllllllllillllllllllllllllllllllllllllllllllllllllllllllllillllllllllllllllllllllllillllllllllllllllllllllllllllllllllllllllllllllllllllllllllllll

1754 1047 391 32 BESONDERER
2177 1049 297 32 SORGFALT
2510 1053 65 29 AS

1543 1082 1240 45 lllllllllllllllllllllllllllllllWlllllllllillllllllllllllllllllllllllllllll|||l||||{||||]]||||||||||||||||||||||||||||||||||||||{|{|||||||{{||||{|||||||{||||||

1543 1121 338 34 HIMDSAT*
1916 1126 217 31 unter
2163 1127 620 35 künstlerischer

1542 1161 1240 48 llJ|lllllllll{||||||lllllllllllllllllllllllllllll||||||||||||||||||||||||||||||||||||||||l!l||||||||||||||||||||||||||||||||||{|||||||{{{||||||||||||{{{|||||||{

1547 1201 532 34 lIBERWAOHUNG
2117 1217 18 17 ■
2177 1206 606 35 TORZIIGNARZUGE

1542 1240 1240 43 llllllllllllllllllllll!llllllllllllllllllllllllll||||||||||||||||||||!!llllllllll!llllll|||||||||||||||||||||||||||||||||||||||||||||||{{|||||||{||||||{{|||||{|

1547 1279 107 31 NOS
1686 1282 627 34 STEIN/.EIEHNVNGEN
2349 1287 64 30 IM
2436 1288 123 31 Itdl
2599 1289 183 32 ||A\|).

1542 1319 1240 43 it[lllllllllllilllllllllllll!llll!lllllllllllllllllll|{||||llllllllll|{|||||||||||||||||||||||||||||||||||||||||||||||l{||||||||||||||||||!|||||||{||||||||{{|{|

1541 1357 283 33 PREISEN
1860 1372 16 17 ■
1917 1362 609 35 AEFLAGENIIRIICKE
2559 1367 223 32 OIJREH

1541 1397 1239 44 lllllllllllllllllllllllllllllllllllllllllllllllllll|||||||||||||||||||||||||||||||||||||||||||||||||||||||||||||||||||||||||||||||||||||||||||||{{||||||||{|||||

1540 1438 265 32 OFFSET-
1838 1441 296 40 (GUMMI-),
2168 1443 211 32 STEIIN-
2416 1444 129 32 UND
2586 1447 122 32 IIU«
2721 1448 59 31 ll-

1540 1476 1240 43 llllllllllllllllllllllllll{|||||||||||||||||||||||||||||||||||||||||!lllllllll|||||||||||||||||||||||||||||||||||||||||||||||||||||||||||||||||||||||||

1538 1516 783 36 DRDEKNCHNEEEPRENNEN
2352 1535 16 16 •
2394 1524 220 32 HANDH
2633 1527 146 30 ERR-

1540 1556 1239 43 llllllllllllllllllllllllllllllllllllllllllllllllllllllll||||||||||||||||||||||||||||||||||||||||||||||||||||||||||||||||||||||||{||||||{||||{||||||||{||||||||||

1537 1594 155 32 EICH
1716 1597 517 34 EINWANDFREIE
2260 1602 170 30 BUCH
2446 1604 58 30 El
2519 1604 30 30 S
2567 1606 33 28 B
2611 1606 28 29 A
2653 1606 126 30 SDE

1536 1673 287 32 MITGLIED
1857 1676 104 30 DES
1996 1677 340 33 DEUTSCHES
2370 1681 172 31 WERK
2554 1683 63 31 BI
2632 1683 145 32 NDEN

1917 1715 98 33 lllllllllllll

2086 1841 142 30 ekAha

567 701 206 72 19
922 704 41 69 2
1105 704 46 71 0

562 808 167 66 NELI
755 811 28 63 t
818 813 333 66 BLÄTTER

361 915 125 63 FÜR
524 915 218 66 KUNST
778 917 160 64 UND
978 920 373 66 DICHTUNG

620 1096 218 44 Schriftleitung:
871 1100 82 40 Hugo
977 1101 112 32 Zehder

558 1143 133 41 Ständige
729 1145 185 33 Mitarbeiter:
962 1148 63 31 Paul
1067 1150 83 31 Adler

558 1190 88 40 Adolf
654 1191 92 32 Behne
757 1193 17 29 /
785 1193 129 32 Theodor
927 1195 223 33 Däubler/Max

559 1237 73 31 Brod
647 1238 18 31 /
680 1237 66 33 Carl
766 1239 114 32 Einstein
899 1241 19 31 /
934 1241 94 33 Albert
1046 1243 102 32 Ehren-

557 1291 66 24 stein
642 1284 19 31 /
682 1285 65 32 Iwan
768 1286 69 32 Goll
861 1288 18 29 /
901 1288 94 40 Alfred
1021 1289 129 33 Günther

558 1331 105 32 Walter
677 1332 186 33 Hasenclever
872 1334 19 31 /
901 1335 65 31 Max
980 1336 168 32 Herrmann-

556 1377 101 33 Neisse
680 1378 20 32 /
717 1379 101 32 Camill
839 1381 147 39 Hoffmann
1006 1383 18 32 /
1042 1383 106 41 Ludwig

556 1424 129 32 Meidner
693 1425 20 32 /
722 1426 122 40 Mynona
854 1427 125 33 /Oscar
992 1430 155 32 Kokoschka

557 1470 66 32 Carl
637 1472 87 32 Otten
738 1473 19 30 /
772 1473 164 34 Felixmüller
947 1476 19 31 /
978 1477 64 31 Max
1053 1477 95 33 Pulver

557 1518 62 31 Paul
640 1519 103 32 Zech/
756 1520 87 32 Anton
864 1522 145 40 Wildgans
1021 1524 20 30 /
1052 1524 93 40 Alfred

556 1565 180 39 Wolfenstein
759 1567 19 31 /
801 1568 64 31 Paul
886 1568 65 33 Klee
974 1571 18 30 /
1016 1570 128 33 Friedrich

555 1611 48 32 Ahl
609 1613 250 33 ers-Hestermann
888 1616 19 30 /
936 1616 75 33 Hans
1037 1618 108 41 Poelzig

756 1660 67 33 Carl
849 1662 29 30 M
883 1677 65 18 ense

555 1742 139 40 Halbjährl
715 1755 5 19 :
736 1747 32 28 12
777 1745 231 42 M./Einzelheft;
1021 1750 71 29 2.50
1103 1750 40 32 M.

352 1999 123 42 EMIL
506 2001 244 42 RICHTER
778 2005 222 42 VERLAG
1035 2014 10 39 /
1081 2009 262 42 DRESDEN

287 2328 329 127 Georg
655 2334 750 104 Müller-Bücher

413 2463 99 40 Eine
541 2464 121 52 Folge
690 2483 77 24 von
798 2469 475 57 Gegenwartsdichtungen

283 2533 59 32 Die
355 2534 110 41 Georg
739 2541 112 32 wollen
865 2543 193 40 Dichtungen
1072 2546 106 39 geben.
1199 2548 71 40 Jene
1280 2550 124 32 werden

282 2580 167 35 sprechen,
479 2578 48 32 die
555 2592 56 19 aus
640 2580 52 32 der
714 2582 74 32 Zeit
815 2583 112 33 heraus
956 2587 64 30 und
1043 2587 52 32 der
1117 2588 74 32 Zeit
1213 2602 72 20 zum
1307 2590 97 33 Trotz

282 2617 122 32 Dichter
431 2619 76 32 sind.
554 2621 59 32 Die
635 2622 117 40 Jugend
783 2629 44 27 sei
856 2627 78 31 nicht
962 2628 89 32 durch
1076 2629 54 33 das
1156 2630 247 35 Geburtsdatum

281 2660 163 37 bewiesen,
475 2662 74 31 auch
586 2660 78 35 nicht
695 2664 90 33 durch
816 2667 58 31 den
902 2668 104 33 Sturm
1039 2670 52 32 der
1114 2672 126 38 VArte,
1268 2675 134 32 sondern

281 2700 91 32 durch
400 2702 48 31 die
470 2704 264 34 unerschütterlich
766 2709 136 39 freudige
925 2710 178 34 Gewißheit
1135 2714 53 31 der
1211 2714 192 42 Gestaltung

281 2759 39 4 ~
343 2746 43 28 sei
410 2756 31 19 es
465 2756 64 20 nun
553 2747 107 38 episch,
684 2747 108 40 lyrisch
816 2751 75 31 oder
913 2751 189 35 dramatisch.
1149 2756 66 32 Das
1239 2757 100 32 Werk
1357 2759 44 31 als

281 2784 182 38 bejahender
474 2786 145 39 Akkord,
631 2789 44 31 als
686 2790 153 40 Ergebnis
852 2804 64 20 von
923 2794 144 40 Hingabe
1075 2797 62 31 und
1147 2797 255 42 Zugehörigkeit,

281 2825 44 31 als
349 2826 246 41 nichtgeredetes,
613 2831 135 32 sondern
766 2834 175 32 erlösendes
959 2836 98 40 Epos,
1133 2839 54 32 das
1207 2840 99 32 Werk
1324 2842 79 31 nicht

281 2879 52 19 um
371 2868 53 32 der
458 2869 106 33 Kunst
600 2872 114 38 willen,
752 2876 77 30 nicht
867 2889 51 19 um
956 2877 55 33 der
1039 2879 118 33 Stunde
1194 2881 113 38 willen,
1347 2883 54 32 das

284 2910 97 31 Werk
409 2910 53 32 des
491 2912 202 38 gebundenen
721 2916 62 33 und
814 2917 202 41 berechtigten
1046 2920 125 34 Geistes
1200 2927 44 28 sei
1272 2928 127 36 gezeigt.

528 3017 156 33 Bisher
720 3021 100 31 sind
852 3023 298 35 erschienen:

279 3065 221 42 Potsdamer
527 3069 103 40 Platz
736 3073 75 39 Die
839 3074 173 52 Heiligen
1099 3079 82 39 Das
1207 3080 166 51 Gebirge

279 3116 193 34 Ekstatische
479 3120 154 33 Visionen
662 3123 176 40 Legendäre
847 3126 197 34 Geschichten
1159 3131 156 32 Novellen

279 3158 77 32 Von
381 3160 83 32 Gurt
482 3161 151 34 Corrinth
661 3164 77 32 Von
750 3166 114 33 Alfred
877 3168 169 34 Neumann
1070 3171 76 32 Von
1153 3173 60 40 Jos,
1222 3173 177 33 Sandmeier

334 3232 84 42 Das
439 3234 354 55 Versöhnungsfest
864 3241 83 42 Das
976 3243 156 41 Lächeln
1161 3246 66 39 des
1258 3247 139 41 Glücks

277 3283 82 33 Eine
380 3285 155 42 Diditung
558 3291 29 28 in
610 3293 66 28 vier
699 3290 130 33 Kreisen
1042 3295 174 41 Schauspiel

392 3327 76 33 Von
491 3330 97 31 Ernst
611 3331 97 33 Weiß
977 3336 78 33 Von
1077 3338 97 33 Ernst
1197 3340 86 31 Hierl

406 3397 114 43 Trieb
590 3403 280 43 Katilinarisdie
897 3408 221 51 Pilgerfahrt
1185 3412 181 51 Hymnen

359 3450 62 33 Ein
444 3452 121 34 Roman
651 3456 78 32 Von
752 3458 120 32 Rudolf
890 3460 163 33 Leonhard
1237 3465 77 32 Von

276 3491 77 32 Von
378 3493 83 32 Gurt
485 3495 151 33 Corrinth
1147 3505 101 33 Franz
1271 3507 126 40 Spunda

275 3585 190 40 JEDER
509 3589 165 35 BAND
719 3594 405 36 KARTONIERT
1168 3600 17 31 3
1224 3600 172 33 MARK

400 3639 290 44 Vorzugsausgabe
719 3650 29 28 in
780 3647 36 31 15
846 3648 208 40 Exemplaren
1083 3652 56 31 auf
1157 3652 113 33 Bütten

400 3685 29 28 in
452 3683 168 34 Halbleder
643 3687 162 39 gebunden
828 3690 82 38 jeder
932 3691 86 32 Band
1042 3704 48 20 ca,
1116 3693 38 31 10
1176 3694 94 32 Mark

594 3759 58 32 Die
675 3760 98 40 Folge
795 3762 77 32 wird
895 3763 181 40 fortgesetzt

275 3836 204 43 GEORG
507 3841 229 44 MÜLLER
764 3845 237 42 VERLAG
1029 3849 24 39 /
1086 3849 309 44 MÜNCHEN

1593 2338 243 62 LEIB
1865 2340 228 63 NIZ~
2120 2342 603 71 AKADEMIE

1593 2419 99 31 Freie
1713 2420 355 38 Bildungsgemeinde
2101 2434 37 21 //
2175 2425 195 33 Goeihesir.
2389 2428 69 37 2A,
2481 2429 65 31 Am
2566 2431 148 31 Sieintor

1593 2523 566 55 POLITISCHE
2213 2526 499 58 VORTRÄGE

1592 2604 663 49 DEUTSCHNATIONALE
2286 2613 425 45 VOLKSPARTEI

1820 2660 118 38 Ref.
1954 2674 11 18 :
2025 2664 81 30 Dt.
2156 2665 165 32 Wien
2349 2667 22 30 b
2399 2679 21 19 e
2447 2670 37 29 ck

1821 2712 63 20 am
1917 2707 29 26 8.
1980 2704 136 36 März,
2150 2711 19 26 6
2192 2708 86 30 Uhr
2310 2709 172 32 abends

1589 2756 639 48 ZENTRUMS
2283 2765 424 43 PARTEI

1819 2812 98 36 Ref
1933 2824 7 19 :
1986 2813 289 34 Geheimrai
2305 2818 154 32 Rinke
2471 2822 13 28 l

1818 2863 60 20 am
1902 2857 49 27 17.
1975 2855 123 36 März,
2220 2859 80 30 Uhr
2322 2860 159 32 abends

1589 2905 285 44 DEUTSCH
1893 2933 16 8 -
1932 2911 525 47 HANNOVERSCHE
2501 2918 203 41 PARTEI

1817 2963 31 29 R
1860 2973 21 19 e
1885 2964 56 35 f.:
1989 2965 197 32 Oberst
2214 2978 27 20 v.
2272 2970 207 37 Bergen

1817 3013 60 21 am
1908 3008 53 28 18.
1985 3007 113 34 März,
2220 3011 75 30 Uhr
2322 3012 156 30 abends

1588 3057 513 47 SOZIALISTISCHE
2139 3066 563 43 MEHRHEITSPARTEI

1816 3113 31 30 R
1859 3114 81 37 ef.:
1971 3116 327 33 Redakteur
2324 3121 155 30 Prüll

1816 3165 59 20 am
1902 3159 55 28 22.
1982 3158 117 35 März,
2135 3163 18 26 6
2166 3159 7 17 1
2175 3160 11 37 /
2187 3175 12 18 x
2222 3161 74 30 Uhr
2318 3162 157 30 abends

1587 3208 456 45 DEUTSCHE
2096 3215 603 45 VOLKSPARTEI

1815 3264 144 38 Ref,:
2001 3267 154 39 Prof.
2201 3270 75 29 Sdi
2300 3274 96 27 ust
2417 3283 20 19 e
2458 3283 16 19 r

1816 3316 58 20 am
1902 3311 55 26 24.
1982 3309 112 34 März,
2129 3314 18 27 6
2159 3309 35 40 */i
2217 3313 73 28 Uhr
2317 3314 157 28 abends

1588 3354 424 51 UNABHÄNGIGE
2045 3366 437 44 SOZIALISTISCHE
2518 3370 180 41 PARTEI

1816 3416 133 37 Ref.:
1990 3418 154 31 Herr
2180 3421 296 31 Pleiiner

1816 3467 58 20 am
1901 3462 54 26 27.
1979 3460 111 34 März,
2124 3466 19 24 8
2155 3461 8 16 1
2177 3477 12 17 *
2217 3462 74 30 Uhr
2314 3464 157 29 abends

1587 3510 770 48 KOMMUNISTISCHE
2403 3520 295 42 PARTEI

1813 3567 96 36 Ref:
1932 3568 133 37 Ludwig
2076 3569 161 36 Säumer,
2257 3570 214 38 Worpswede

1815 3618 62 20 am
1904 3612 59 26 29.
1987 3610 130 35 März,
2151 3615 17 25 6
2192 3612 84 29 Uhr
2298 3615 170 29 abends

1584 3661 754 47 DEMOKRATISCHE
2391 3669 304 43 PARTEI

1814 3718 30 29 R
1856 3718 79 36 ef.:
1976 3719 134 29 Herr
2142 3720 334 40 Ronnsdorf

1811 3769 58 19 am
1901 3763 55 27 31.
1978 3760 112 33 März,
2124 3765 18 24 8
2154 3761 10 17 1
2166 3761 10 37 /
2177 3777 12 17 4
2218 3763 76 30 Uhr
2321 3764 147 30 abends

1583 3814 118 40 EIN
1744 3815 413 42 WELTBUND
2205 3819 130 40 DES
2378 3820 315 42 GEISTES

1809 3868 70 29 Dr.
1912 3869 129 28 Kurt
2070 3869 113 30 Hill
2195 3881 70 27 er,
2300 3873 167 31 Berlin

1809 3919 56 19 am
1898 3913 28 27 2.
1950 3910 127 34 April,
2111 3915 18 25 8
2142 3911 8 17 1
2151 3913 22 36 /*
2199 3913 80 29 Uhr
2309 3915 157 29 abends
