2847 4313
962 459 392 37 BIBLIOGRAPHIE

2146 496 0 0 211

148 631 74 34 nos
251 614 234 54 collègues
518 612 164 56 Aubry
716 620 47 39 et
796 612 128 47 Wolf
959 613 146 47 m'ont
1139 614 208 56 toujours
1382 628 114 42 paru
1531 625 228 48 suspects,
1798 626 46 39 et
1879 618 171 47 devant
2081 633 64 32 un

147 688 88 53 jour
260 680 136 47 céder
425 679 42 45 la
496 679 131 55 place
655 682 26 43 à
710 680 84 45 des
823 682 208 53 rythmes
1059 683 243 55 beaucoup
1332 683 104 55 plus
1464 683 207 56 simples,
1704 686 117 44 mais
1852 688 294 52 agrémentés

148 754 51 45 de
221 757 127 39 notes
373 748 304 46 accessoires.
709 748 68 46 En
804 762 195 40 somme,
1030 750 30 45 il
1088 750 136 55 s'agit
1251 752 58 44 de
1335 752 156 44 savoir
1516 752 38 45 si
1582 766 118 31 nous
1728 767 205 33 sommes
1959 768 59 32 en
2046 757 75 53 pré-

148 832 126 34 sence
301 815 277 47 d'éléments
606 816 241 46 musicaux
874 818 250 45 essentiels
1152 832 58 31 au
1237 825 138 47 texte,
1407 832 60 33 ou
1495 833 58 32 en
1582 820 104 45 face
1713 820 57 46 de
1798 823 240 45 broderies
2067 823 78 56 qui

148 887 177 46 altèrent
355 884 290 53 légèrement
678 884 265 56 l'équilibre
975 885 59 44 de
1065 885 44 44 la
1140 899 205 42 mesure,
1382 900 109 32 sans
1524 895 213 47 pourtant
1769 889 44 44 le
1846 901 197 44 rompre.
2080 889 66 47 Le

147 952 167 57 rythme
347 952 144 52 nègre
524 959 193 48 apporte
752 965 92 32 une
881 951 311 48 intéressante
1244 954 312 47 contribution
1609 956 25 43 à
1688 955 174 47 l'étude
1915 956 58 46 de
2025 965 122 39 cette

148 1020 214 49 difficulté.
1885 1023 39 58 J.
1958 1025 54 47 E.

151 1158 310 51 WOTQUENNE
485 1154 95 55 (A).
696 1157 255 56 Catalogue
973 1159 58 43 de
1054 1158 43 44 la
1120 1158 329 56 Bibliothèque
1472 1161 62 44 du
1558 1159 361 49 Conservatoire
1944 1163 126 53 royal
2092 1164 57 44 de

232 1224 209 56 musique
470 1225 57 43 de
557 1225 263 45 Bruxelles.
853 1224 118 53 (Vol.
1006 1224 81 46 111.
1121 1225 262 55 Bruxelles,
1416 1224 306 58 Coosemans,
1763 1228 137 56 1908,
1933 1229 123 50 in-8°
2089 1229 57 47 de

231 1291 93 47 600
350 1304 157 43 pages.
543 1290 60 47 18
630 1291 81 55 fr.)

239 1406 71 48 Un
339 1406 241 56 catalogue
607 1420 27 33 a
662 1407 209 55 toujours
898 1407 204 56 quelque
1130 1408 145 46 chose
1303 1408 57 47 de
1390 1408 213 48 funèbre.
1637 1408 133 48 C'est
1797 1423 63 35 un
1887 1409 174 58 hôpital
2090 1411 59 47 de

151 1475 126 46 livres
301 1482 44 38 et
369 1474 58 46 de
451 1474 42 46 la
517 1478 176 53 pensée
717 1475 235 47 humaine.
982 1477 109 54 Que
1115 1477 229 56 d'efforts,
1371 1492 92 42 que
1487 1478 229 57 d'espoirs
1741 1487 46 38 et
1812 1492 92 43 que
1928 1479 58 47 de
2010 1483 139 43 rêves

151 1547 307 53 représentent
494 1544 71 46 les
603 1544 205 47 millions
848 1544 57 47 de
945 1544 143 47 livres
1129 1547 190 45 dressés
1359 1550 103 44 côte
1501 1549 25 43 à
1566 1550 104 44 côte
1709 1548 116 47 dans
1862 1562 86 33 nos
1986 1548 140 47 biblio-

152 1613 182 53 thèques
350 1618 9 38 !

237 1677 108 47 Plus
377 1691 93 42 que
500 1679 164 56 jamais
696 1679 76 56 j'ai
805 1681 207 55 éprouvé
1045 1688 122 39 cette
1199 1681 204 46 émotion
1435 1695 58 32 en
1528 1689 275 48 parcourant
1834 1683 44 45 le
1910 1683 239 45 troisième

154 1747 168 46 volume
350 1747 63 46 du
443 1747 243 55 catalogue
716 1749 59 45 de
805 1749 42 44 la
879 1747 332 57 Bibliothèque
1241 1749 172 55 royale,
1445 1749 112 48 dont
1589 1750 62 47 M.
1684 1750 297 52 Wotquenne
2013 1764 25 32 a
2070 1750 82 47 fait

151 1830 48 30 en
230 1829 76 33 ces
336 1815 129 55 vingt
498 1816 241 46 dernières
771 1818 178 45 années
979 1831 94 32 une
1106 1817 83 46 des
1220 1817 104 55 plus
1357 1817 303 56 importantes
1693 1817 57 46 de
1783 1817 234 56 l'Europe.
2053 1817 96 47 Car

151 1882 50 47 ici
230 1883 64 46 les
324 1883 142 47 livres
496 1892 106 38 sont
631 1883 288 47 inventoriés
950 1883 115 47 dans
1096 1884 171 46 l'ordre
1298 1887 155 43 même
1483 1887 59 43 où
1573 1884 59 46 ils
1662 1898 54 32 se
1746 1892 216 39 trouvent
1992 1886 158 54 placés

147 1966 70 40 par
246 1953 42 44 le
319 1952 167 47 hasard
538 1961 46 38 et
616 1966 82 42 par
729 1953 43 46 la
805 1953 249 46 nécessité.
1110 1953 98 46 Des
1258 1953 182 46 raisons
1491 1953 320 56 particulières
1857 1961 78 39 ont
1986 1953 163 47 décidé

156 2019 52 46 M.
249 2019 293 56 Wotquenne
583 2022 24 44 à
649 2034 228 32 renoncer
917 2023 24 43 à
984 2020 172 46 l'ordre
1196 2020 301 50 méthodique
1539 2028 46 39 et
1625 2020 342 56 alphabétique.
2012 2022 36 44 Il
2090 2036 57 30 en

152 2088 159 45 résulte
335 2086 316 47 évidemment
675 2088 204 56 quelque
903 2088 137 56 peine
1065 2102 116 42 pour
1205 2088 119 45 celui
1352 2088 75 54 qui
1454 2088 212 47 voudrait
1689 2089 169 46 rendre
1881 2103 62 32 un
1968 2095 183 49 compte

154 2163 116 38 exact
303 2155 56 47 de
394 2164 73 38 cet
501 2169 219 41 ouvrage.
759 2155 383 47 Heureusement
1194 2170 92 32 une
1341 2156 258 46 excellente
1652 2156 125 46 table
1829 2156 322 56 onomastique

152 2222 182 49 termine
362 2231 46 40 et
434 2224 128 47 vient
592 2225 128 46 aider
748 2225 44 46 le
822 2225 273 46 chercheur.

239 2290 205 57 Lorsque
468 2305 55 32 ce
550 2291 364 56 dépouillement
938 2292 324 46 considérable
1289 2306 104 32 sera
1420 2292 197 46 terminé
1642 2306 118 32 nous
1785 2306 227 41 pourrons
2036 2292 116 55 jeter

152 2371 54 32 un
234 2372 114 43 coup
380 2359 125 47 d'œil
538 2361 294 45 d'ensemble
865 2375 80 31 sur
975 2368 123 38 cette
1129 2361 242 45 collection
1407 2361 57 45 de
1495 2361 203 56 premier
1730 2361 148 45 ordre.
1915 2359 237 56 Espérons

154 2438 80 42 que
261 2425 60 47 M.
354 2428 297 56 Wotquenne
682 2442 60 33 ne
771 2443 119 32 nous
921 2429 100 46 fera
1050 2443 83 41 pas
1163 2429 211 46 attendre
1403 2437 101 47 trop
1534 2428 262 56 longtemps
1826 2442 55 32 ce
1910 2428 173 56 plaisir.

1891 2494 38 57 J.
1965 2495 52 46 E.

150 2599 40 47 P.
246 2602 324 47 FROMAGEOT.
750 2606 186 53 Orgues
993 2610 44 40 et
1091 2607 260 53 organistes
1399 2607 58 43 de
1512 2607 634 45 Saint-Germain-des-Prês.

241 2668 189 52 (Extrait
460 2671 59 45 du
550 2671 204 47 Bulletin
785 2672 58 46 de
872 2672 42 44 la
947 2671 184 47 Société
1163 2672 273 56 Historique
1467 2673 59 46 du
1557 2673 62 45 VI
1623 2676 16 19 e
1669 2673 396 47 arrondissement
2094 2673 58 46 de

245 2737 142 55 Paris,
418 2738 175 46 Firmin
622 2738 155 54 Didot,
814 2739 137 51 1008,
984 2739 123 46 in-8°
1140 2740 56 45 de
1230 2749 55 45 17
1317 2754 40 41 p.
1392 2748 44 38 et
1464 2753 28 42 3
1524 2740 292 54 hors-texte.)

239 2833 64 46 En
340 2848 80 32 ces
457 2848 158 42 pages,
655 2834 64 46 M.
761 2834 289 54 Fromageot.
1091 2834 76 56 qui
1206 2834 88 46 sait
1331 2834 145 46 aimer
1512 2837 42 44 la
1592 2836 216 49 musique
1845 2834 241 56 ancienne,
2126 2838 25 42 à

154 2903 165 43 retracé
353 2900 227 47 l'histoire
617 2900 83 46 des
736 2914 169 41 orgues
943 2903 56 44 de
1039 2902 632 53 Saint-Germain-des-Prés,
1713 2903 164 48 depuis
1911 2903 46 46 le
1992 2903 159 46 milieu

152 2964 51 46 du
234 2969 116 44 xvii®
381 2969 159 46 siècle.
578 2969 232 55 Inauguré
843 2983 81 41 par
956 2969 258 48 Thomelin,
1252 2970 45 45 le
1330 2973 165 43 maître
1528 2972 57 44 de
1618 2970 253 56 Couperin,
1909 2970 104 56 puis
2046 2972 105 53 joué

154 3044 69 41 par
256 3034 232 57 Calvière,
527 3050 82 42 par
645 3036 212 55 Legrand
895 3045 46 38 et
978 3052 80 40 par
1096 3038 175 52 Miroir,
1312 3038 192 53 l'orgue,
1545 3041 136 52 après
1719 3039 82 46 des
1839 3038 310 53 vicissitudes,

156 3097 88 50 finit
268 3116 80 41 par
373 3104 125 54 périr
523 3104 116 47 dans
665 3102 251 47 l'incendie
943 3105 58 44 de
1027 3104 182 53 l'église
1237 3105 57 44 de
1322 3104 399 53 Saint-Eustache,
1752 3119 56 30 en
1845 3105 137 53 1844.
2013 3104 138 47 Celui

156 3167 69 53 qui
253 3170 41 45 le
324 3171 269 56 remplaçait
622 3171 158 46 venait
809 3171 239 46 lui-même
1081 3171 139 46 d'une
1252 3180 130 37 autre
1413 3172 223 55 paroisse,
1670 3172 58 45 de
1759 3171 330 53 Saint-Victor;
2121 3171 30 46 il

157 3232 103 49 dure
293 3251 183 39 encore,
514 3241 136 48 après
684 3238 130 46 avoir
847 3238 104 46 subi
988 3240 57 44 de
1079 3240 309 44 nombreuses
1441 3238 299 55 réparations.
1796 3238 91 46 Les
1939 3241 215 43 récentes

157 3303 256 51 spoliations
437 3306 58 45 de
517 3306 141 45 l'Etat
679 3306 45 45 le
747 3306 238 47 réduiront
1009 3320 110 31 sans
1143 3306 138 45 doute
1305 3320 58 31 au
1388 3306 176 44 silence
1589 3306 270 53 désormais,
1887 3306 38 45 si
1952 3306 202 55 quelque

157 3369 146 48 artiste
329 3374 245 53 bénévole,
606 3387 183 32 comme
816 3382 72 38 est
914 3373 329 46 actuellement
1368 3373 209 54 Auguste
1608 3372 151 54 Barié,
1792 3387 60 32 ne
1879 3372 275 48 s'intéresse

157 3435 21 43 à
206 3450 78 33 son
316 3448 108 39 sort.
1892 3439 38 57 J.
1966 3440 53 46 E.

160 3566 150 53 EMILE
335 3574 155 48 ERGO.
611 3579 129 43 Dans
767 3579 70 44 les
863 3579 248 53 propylées
1138 3580 56 42 de
1222 3576 452 46 l'instrumentation.
1705 3576 201 52 (Anvers
1934 3584 47 39 et
2006 3576 146 57 Paris,

251 3638 324 59 Fischbacher,
607 3643 138 55 1908,
771 3643 141 54 in-B°,
938 3655 27 44 7
989 3645 56 44 fr.
1072 3643 101 56 50.)

247 3734 115 48 Bien
391 3751 90 44 que
508 3737 201 49 l'auteur
734 3753 53 31 se
814 3739 202 47 défende
1044 3739 178 47 d'avoir
1247 3739 141 45 voulu
1416 3751 244 42 composer
1686 3751 61 33 un
1777 3737 133 47 traité
1938 3737 213 56 complet,

166 3796 24 46 il
214 3814 144 35 avoue
414 3806 259 55 cependant
698 3807 96 45 «la
853 3806 224 47 faiblesse
1135 3806 57 46 de
1250 3806 149 46 croire
1457 3820 104 42 que,
1622 3820 109 32 sans
1787 3805 180 47 vouloir
2023 3806 134 44 dorer
