2847 4313
1042 1350 712 106 ERNEST
1891 1350 594 106 REYER

1525 1561 480 67 1823-1909

857 1975 212 45 L'artiste
1101 1975 75 56 qui
1207 1975 127 45 vient
1365 1975 57 45 de
1452 1975 173 46 mourir
1657 1989 24 31 a
1713 1976 118 44 droit
1860 1978 26 42 à
1917 1976 103 54 pius
2052 1984 44 37 et
2128 1983 131 37 autre
2289 1975 143 45 chose
2463 1975 143 55 qu'un
2639 1975 112 45 banal

750 2042 161 45 article
943 2041 343 56 nécrologique.
1323 2042 141 45 Aussi
1498 2042 125 54 bien,
1659 2051 249 45 comment,
1946 2055 116 42 pour
2095 2056 90 41 peu
2221 2042 139 55 qu'on
2399 2041 94 46 l'ait
2527 2054 147 33 connu
2707 2041 43 45 de

750 2110 122 52 près,
899 2109 280 54 pourrait-on
1205 2110 150 54 parler
1379 2111 56 43 de
1459 2110 62 44 lui
1546 2110 281 46 froidement
1851 2119 45 35 et
1919 2112 25 42 à
1969 2111 42 43 la
2035 2111 157 53 légère
2225 2111 25 43 ?
2278 2110 34 43 Il
2338 2110 109 44 était
2471 2110 38 44 si
2533 2110 216 51 différent,

750 2190 57 30 en
840 2176 178 54 réalité,
1056 2177 57 43 de
1146 2190 55 32 ce
1235 2190 90 42 que
1360 2185 95 37 tant
1489 2178 57 44 de
1581 2191 115 41 gens
1731 2177 358 53 s'imaginaient,
2127 2177 297 55 s'imaginent
2458 2190 170 33 encore
2668 2177 23 43 ?
2725 2176 24 43 Il

751 2243 183 53 gagnait
960 2252 94 36 tant
1079 2246 24 42 à
1130 2246 98 42 être
1253 2244 227 46 contraint
1505 2258 57 31 en
1590 2246 203 54 quelque
1818 2253 139 45 sorte,
1987 2247 26 42 à
2039 2244 258 55 dépouiller
2322 2252 122 37 cette
2471 2258 117 41 peau
2616 2244 134 45 d'ours

746 2323 90 41 que
875 2309 62 45 lui
975 2310 322 55 reprochaient
1337 2312 67 44 les
1441 2312 292 54 prétentieux
1770 2326 60 30 ou
1869 2313 69 43 les
1977 2314 225 52 gêneurs!
2242 2312 92 45 Cet
2369 2312 215 56 humour,
2625 2312 122 44 d'une

745 2376 241 46 virtuosité
1026 2379 280 53 légendaire,
1348 2387 122 36 cette
1508 2393 144 30 verve
1692 2380 265 51 inlassable,
2000 2379 112 55 qu'il
2151 2380 123 43 avait
2312 2380 140 54 gardé
2494 2379 251 51 l'habitude,

751 2445 164 55 depuis
950 2446 68 44 les
1052 2446 187 45 ateliers
1272 2448 318 54 romantiques
1623 2450 58 42 où
1717 2448 282 54 fréquentait
2033 2462 51 30 sa
2118 2449 235 53 jeunesse,
2394 2449 243 53 d'opposer
2669 2459 60 32 nar-

750 2511 293 55 quoisement
1065 2526 88 31 aux
1176 2514 308 54 indifférents,
1511 2516 241 45 cachaient
1775 2529 90 30 une
1891 2517 101 42 âme
2016 2516 40 43 si
2080 2516 137 43 noble
2241 2524 45 37 et
2308 2516 40 43 si
2372 2516 375 45 enthousiaste!...

756 2578 103 45 Une
883 2581 105 43 âme
1014 2580 172 53 d'élite,
1215 2581 161 44 altière
1403 2590 44 35 et
1474 2582 177 54 tendre,
1681 2583 192 54 capable
1899 2582 280 46 d'émotions
2206 2583 209 44 intenses
2440 2591 46 37 et
2513 2583 138 45 d'une
2677 2581 55 44 sin-

750 2647 144 43 cérité
916 2647 208 53 absolue,
1149 2647 154 55 éprise
1325 2648 59 43 de
1407 2657 125 36 toute
1555 2650 168 44 beauté
1748 2651 57 43 de
1830 2651 42 43 la
1894 2658 163 37 nature
2081 2652 57 43 de
2164 2651 115 53 l'art,
2307 2651 125 44 enfin
2456 2651 148 44 douée
2628 2651 121 43 d'une

751 2712 309 56 prestigieuse
1090 2716 258 53 éloquence
1379 2728 114 41 pour
1525 2717 247 44 l'admirer.

852 2780 246 46 Rarement
1130 2782 185 43 homme
1351 2791 145 45 parut,
1532 2797 88 30 aux
1654 2784 169 53 esprits
1856 2785 306 54 superficiels,
2200 2785 105 55 plus
2338 2785 221 46 différent
2593 2787 55 43 de
2679 2794 70 35 son

749 2860 178 40 œuvre,
963 2855 46 36 et
1042 2848 43 53 je
1120 2848 92 43 sais
1248 2849 103 53 plus
1385 2849 109 43 d'un
1530 2850 56 43 de
1621 2863 78 30 ses
1734 2851 374 54 contemporains
2142 2853 79 54 qui
2255 2853 164 53 jamais
2454 2867 58 30 ne
2550 2850 200 46 l'avaient

748 2915 141 43 vou?u
924 2915 198 53 prendre
1157 2929 55 29 au
1247 2915 199 52 sérieux,
1483 2924 60 44 et,
1579 2918 169 44 devant
1783 2918 251 46 l'évidente
2068 2933 168 33 source
2269 2920 57 44 de
2360 2921 161 52 poésie
2555 2918 193 46 dévoilée

749 2994 81 40 par
856 2981 107 44 telle
991 2982 58 43 de
1075 2995 78 30 ses
1179 2995 202 39 œuvres,
1412 2984 76 53 qui
1516 2984 273 44 admiraient
1816 2999 110 30 sans
1952 2987 356 54 comprendre...
2341 2987 56 45 Et
2423 2987 117 46 c'est
2567 3001 56 31 en
2651 2985 98 44 effet

749 3046 142 45 d'une
916 3048 277 55 impression
1224 3051 57 42 de
1309 3050 221 53 surprise,
1654 3051 106 43 bien
1789 3052 94 45 vite
1911 3052 208 55 changée
2150 3067 57 32 en
2239 3067 58 32 un
2329 3064 183 45 respect
2540 3055 76 54 qui
2644 3051 104 46 avait

749 3127 91 41 peu
871 3117 25 42 à
930 3116 116 44 faire
1078 3130 114 40 pour
1224 3117 192 44 devenir
1447 3131 61 30 un
1543 3118 194 54 profond
1771 3121 327 54 attachement,
2231 3121 140 56 qu'on
2405 3136 58 32 ne
2496 3122 183 56 pouvait
2707 3130 41 33 se

749 3182 225 44 défendre
1005 3183 42 43 le
1077 3184 201 54 premier
1308 3185 99 53 jour
1436 3187 58 42 où
1525 3198 57 31 on
1615 3185 41 44 le
1685 3187 242 52 pénétrait.
1963 3188 104 53 Que
2099 3191 56 41 de
2186 3191 308 44 découvertes
2526 3203 55 31 on
2614 3184 135 48 faisait

749 3249 122 43 alors
892 3250 26 42 à
942 3249 180 55 chaque
1148 3258 105 47 pas!
1282 3250 121 55 Quel
1427 3254 136 53 poète
1590 3265 57 31 on
1672 3255 281 44 rencontrait
1977 3264 46 36 et
2048 3257 57 43 de
2131 3257 155 54 quelle
2312 3257 188 53 finesse,
2529 3258 58 43 de
2612 3253 135 58 quelle

748 3316 162 51 pureté
939 3316 56 43 de
1023 3319 131 49 goût!

845 3381 66 43 En
950 3384 160 52 vérité,
1150 3384 167 45 Ernest
1353 3385 152 54 Reyer
1540 3398 226 41 occupera
1803 3401 91 31 une
1931 3390 130 53 place
2096 3392 26 41 à
2160 3399 98 46 part
2294 3391 115 45 dans
2448 3391 219 45 l'histoire
2702 3386 45 43 de

755 3447 102 45 l'art
891 3450 199 54 français
1124 3452 58 43 du
1215 3464 84 31 xix
1304 3453 14 18 e
1351 3453 159 45 siècle.
1549 3453 107 54 Car,
1692 3456 56 42 de
1784 3464 152 38 toutes
1969 3457 177 55 façons,
2183 3471 80 41 par
2296 3472 51 31 sa
2381 3462 189 51 pensée,
2606 3466 44 37 et
2681 3465 66 44 par

746 3526 79 32 ses
854 3523 141 46 actes,
1030 3517 26 43 il
1090 3519 68 44 fut
1188 3532 52 31 ce
1271 3521 140 53 qu'on
1441 3522 182 52 appelle
1656 3539 22 24 «
1714 3536 60 29 un
1807 3527 235 42 caractère
2079 3544 38 25 ».
2153 3526 33 43 Il
2217 3527 199 53 posséda
2447 3530 24 40 à
2504 3528 41 42 la
2576 3526 85 44 fois
2691 3523 56 42 les

746 3580 120 44 deux
897 3583 199 53 qualités
1127 3586 69 44 les
1228 3587 103 52 plus
1362 3587 165 44 hautes
1559 3596 45 35 et
1638 3589 67 42 les
1738 3591 102 52 plus
1873 3603 128 32 rares
2033 3591 56 44 de
2123 3592 220 44 l'homme
2377 3602 44 36 et
2454 3593 58 45 de
2546 3591 199 47 l'artiste:

1170 3660 46 37 et
1249 3655 41 42 la
1959 3657 328 50 personnalité.
1785 3657 47 44 Si
1865 3672 85 30 son
1986 3659 350 55 indépendance
2368 3674 26 31 a
2427 3659 317 47 constamment

751 3715 153 45 donné
928 3718 42 43 le
993 3718 264 54 change,—
1280 3734 75 31 car
1379 3721 29 44 il
1432 3732 71 35 est
1526 3723 95 43 vrai
1647 3724 112 53 qu'il
1784 3725 41 43 la
1849 3725 235 45 défendait
2109 3726 180 55 jusqu'à
2316 3728 41 44 la
2381 3728 227 51 brutalité,
2634 3732 109 31 —si
