2847 4313
707 444 0 0 126

1157 409 246 34 BULLETIN
1454 405 245 45 FRANÇAIS
1746 405 62 33 DE
1860 404 60 31 LA
1969 402 39 35 S.
2060 402 29 33 I.
2142 401 49 33 M.

936 566 106 47 IV.
1078 566 35 47 -
1149 566 248 47 ORIGINE
1423 570 88 41 DU
1538 567 257 41 RYTHME
1822 566 78 41 ET
1926 567 83 40 DE
2037 567 75 40 LA
2137 566 255 41 MESURE

731 724 165 54 Nous
927 738 221 39 venons
1178 720 71 54 de
1280 719 127 54 voir
1436 735 114 53 que
1578 715 267 72 l'origine
1878 715 79 54 du
1988 715 235 76 rythme
2255 713 151 56 n'est
2436 730 107 55 pas
2573 713 139 56 dans

618 823 113 36 une
760 801 314 58 invention
1108 801 69 55 de
1211 799 408 69 l'intelligence
1652 795 279 57 humaine
1972 793 149 56 mais
2154 795 139 54 bien
2325 795 147 54 dans
2504 811 83 38 un
2620 793 96 56 des

619 884 201 55 modes
853 885 93 54 de'
984 886 168 51 notre
1177 898 210 54 propre
1425 879 311 55 existence.
1774 877 79 55 Ce
1883 875 100 72 qui
2019 875 124 57 suit
2175 891 76 37 va
2284 891 148 38 nous
2463 877 252 52 montrer

619 967 295 51 comment
959 966 168 51 notre
1183 959 352 72 respiration
1591 962 142 68 peut
1792 956 242 56 devenir
2074 956 57 53 la
2170 955 141 56 base
2353 955 71 54 de
2465 959 136 49 tous
2641 953 74 56 les

621 1046 263 64 rythmes
909 1047 60 53 et
995 1060 108 55 par
1131 1042 357 70 conséquent
1520 1041 70 55 de
1616 1044 200 49 toutes
1858 1037 81 56 les
1976 1054 255 38 mesures
2268 1037 99 66 (i).

734 1125 131 57 Une
905 1140 285 56 personne
1233 1121 101 72 qui
1381 1120 215 72 respire
1638 1121 170 53 étant
1855 1117 221 56 debout
2121 1122 59 51 et
2223 1136 75 37 en
2340 1121 375 51 mouvement

622 1206 211 68 donne,
880 1219 104 58 par
1028 1221 107 39 son
1174 1201 357 73 inspiration
1574 1206 60 51 et
1679 1216 108 40 son
1831 1197 356 73 expiration,
2231 1197 53 56 le
2329 1197 236 73 rythme
2607 1196 82 55 sui-

622 1291 142 51 vant
812 1307 12 33 :

619 1892 369 57 c'est-à-dire
1013 1892 52 56 le
1561 1892 210 70 rythme
2039 1892 234 69 binaire,
1590 1907 142 41 avec
2356 1896 59 49 et
2444 1907 80 37 un

618 1973 341 56 inaccentué.

735 2055 85 54 La
867 2052 191 58 même
1103 2071 287 53 personne
1437 2053 254 56 couchée
1740 2057 61 52 et
1849 2056 35 52 à
1933 2051 170 57 l'état
2154 2053 72 56 de
2277 2071 169 55 repos
2494 2053 221 56 normal

621 2136 211 62 donne,
872 2151 107 54 par
1017 2133 52 56 le
1108 2133 190 57 même
1337 2133 112 56 fait
1491 2133 71 56 de
1600 2133 58 55 la
1695 2132 375 72 respiration,
2110 2140 93 49 cet
2245 2138 169 51 autre
2452 2132 231 73 rythme
2707 2155 8 32 :

623 2761 356 57 c'est-à-dire
1027 2759 55 58 le
1116 2761 213 71 rythme
1365 2761 241 56 ternaire
1613 2808 11 23 ,
1665 2777 141 42 avec
1860 2782 78 37 un
1978 2770 178 67 temps
2194 2764 258 55 accentué
2488 2768 59 52 et
2585 2763 134 55 deux

630 2847 176 66 temps
1072 2841 372 57 inaccentués.

736 2921 423 73 L'inspiration
1202 2925 333 69 représente
1581 2923 263 73 l'action,
1892 2926 55 57 le
1991 2927 149 69 levé,
2187 2927 53 57 le
2706 2944 11 47 ;

621 3002 378 72 l'expiration
1031 3005 333 71 représente
1397 3021 76 37 au
1506 3003 295 60 contraire
1832 3006 55 57 le
1919 3013 198 66 temps
2151 3007 238 70 d'arrêt,
2423 3007 53 57 le
2508 3005 207 67 baissé,

621 3085 53 55 le
800 3088 178 68 temps

740 3246 107 58 Les
894 3245 155 61 deux
1091 3246 278 61 formules
1414 3250 72 56 de
1527 3248 58 55 la
1629 3250 354 72 respiration
2027 3269 114 56 que
2185 3269 149 40 nous
2378 3267 224 41 venons
2648 3248 63 56 de

625 3332 260 52 montrer
920 3331 138 53 sont
1094 3326 60 57 la
1190 3328 142 59 base
1373 3328 100 58 des
1514 3346 254 42 mesures
1806 3336 61 52 et
1906 3331 58 55 la
2002 3347 205 42 source
2241 3330 367 75 inépuisable
2648 3326 64 57 de

625 3412 196 52 toutes
853 3407 81 59 les
970 3407 438 60 combinaisons
1441 3410 390 73 rythmiques.

741 3486 149 58 Elles
924 3495 136 51 sont
1091 3488 59 55 la
1180 3490 142 57 base
1356 3491 99 56 des
1488 3488 343 61 différentes
1867 3510 255 42 mesures
2155 3492 47 57 si
2237 3511 150 40 nous
2420 3492 84 59 les
2536 3488 179 60 consi-

721 3674 64 47 (i)
817 3671 67 42 La
914 3674 278 52 respiration
1219 3679 72 37 est
1322 3676 41 40 le
1395 3680 249 48 prototype
1679 3676 54 41 de
1765 3678 44 39 la
1842 3688 178 30 mesure
2056 3680 216 38 musicale
2305 3683 47 35 et
2387 3679 38 39 le
2458 3676 258 53 générateur

625 3734 59 38 du
713 3732 186 52 rythme
930 3732 389 55 (Mathis-Lussy).
