<?xml version="1.0" encoding="UTF-8"?>
<alto xmlns:xsi="http://www.w3.org/2001/XMLSchema-instance" xmlns="http://www.loc.gov/standards/alto/ns-v2#" xsi:schemaLocation="http://www.loc.gov/standards/alto/ns-v2# http://www.loc.gov/standards/alto/alto-v2.0.xsd" xmlns:xlink="http://www.w3.org/1999/xlink">
	<Description>
		<MeasurementUnit>mm10</MeasurementUnit>
		<sourceImageInformation>
			<fileName>//fileserver7/IN2/Princeton/Batch3/bmtnabh/1909/02/15_01/00000197.tif</fileName>
		</sourceImageInformation>
		<OCRProcessing ID="OCRPROCESSING_1">
			<preProcessingStep>
				<processingSoftware>
					<softwareCreator>CCS Content Conversion Specialists GmbH, Germany</softwareCreator>
					<softwareName>CCS docWORKS</softwareName>
					<softwareVersion>6.6-1.18</softwareVersion>
				</processingSoftware>
			</preProcessingStep>
			<ocrProcessingStep>
				<processingSoftware>
					<softwareCreator>ABBYY (BIT Software), Russia</softwareCreator>
					<softwareName>FineReader</softwareName>
					<softwareVersion>10.0</softwareVersion>
				</processingSoftware>
			</ocrProcessingStep>
		</OCRProcessing>
	</Description>
	<Styles>
		<TextStyle ID="TXT_0" FONTSIZE="13" FONTFAMILY="Times New Roman"/>
		<TextStyle ID="TXT_1" FONTSIZE="17" FONTFAMILY="Times New Roman"/>
		<TextStyle ID="TXT_2" FONTSIZE="17" FONTFAMILY="Times New Roman" FONTSTYLE="italics"/>
		<TextStyle ID="TXT_3" FONTSIZE="15" FONTFAMILY="Times New Roman"/>
		<ParagraphStyle ID="PAR_LEFT" ALIGN="Left"/>
		<ParagraphStyle ID="PAR_RIGHT" ALIGN="Right"/>
		<ParagraphStyle ID="PAR_BLOCK" ALIGN="Block"/>
	</Styles>
	<Layout>
		<Page ID="P64" PHYSICAL_IMG_NR="64" HEIGHT="4313" WIDTH="2847" PC="0.911">
			<TopMargin ID="P64_TM00001" HPOS="0" VPOS="0" WIDTH="2847" HEIGHT="420">
				<TextBlock ID="P64_TB00001" HPOS="1157" VPOS="371" WIDTH="253" HEIGHT="35" STYLEREFS="TXT_0 PAR_LEFT">
					<TextLine ID="P64_TL00001" HPOS="1157" VPOS="371" WIDTH="253" HEIGHT="34">
						<String ID="P64_ST00001" HPOS="1157" VPOS="371" WIDTH="253" HEIGHT="34" CONTENT="LUTHERIE" WC="0.97" CC="44677566"/>
					</TextLine>
				</TextBlock>
				<TextBlock ID="P64_TB00002" HPOS="2178" VPOS="373" WIDTH="85" HEIGHT="47" STYLEREFS="TXT_1 PAR_RIGHT">
					<TextLine ID="P64_TL00002" HPOS="2179" VPOS="373" WIDTH="84" HEIGHT="46">
						<String ID="P64_ST00002" HPOS="2179" VPOS="373" WIDTH="84" HEIGHT="46" CONTENT="175" WC="0.47" CC="870"/>
					</TextLine>
				</TextBlock>
			</TopMargin>
			<LeftMargin ID="P64_LM00001" HPOS="0" VPOS="408" WIDTH="253" HEIGHT="3320"/>
			<RightMargin ID="P64_RM00001" HPOS="2264" VPOS="408" WIDTH="583" HEIGHT="3320"/>
			<BottomMargin ID="P64_BM00001" HPOS="0" VPOS="3728" WIDTH="2847" HEIGHT="585"/>
			<PrintSpace ID="P64_PS00001" HPOS="253" VPOS="408" WIDTH="2011" HEIGHT="3320">
				<TextBlock ID="P64_TB00003" HPOS="253" VPOS="521" WIDTH="2011" HEIGHT="3207" STYLEREFS="TXT_1 PAR_BLOCK">
					<TextLine ID="P64_TL00003" HPOS="345" VPOS="521" WIDTH="1913" HEIGHT="62">
						<String ID="P64_ST00003" HPOS="345" VPOS="526" WIDTH="52" HEIGHT="54" CONTENT="Je" WC="0.68" CC="60"/>
						<SP ID="P64_SP00001" HPOS="397" VPOS="580" WIDTH="23"/>
						<String ID="P64_ST00004" HPOS="420" VPOS="530" WIDTH="198" HEIGHT="47" CONTENT="regrette" WC="0.98" CC="36075470"/>
						<SP ID="P64_SP00002" HPOS="618" VPOS="580" WIDTH="24"/>
						<String ID="P64_ST00005" HPOS="642" VPOS="521" WIDTH="261" HEIGHT="46" CONTENT="infiniment" WC="0.99" CC="4400641062"/>
						<SP ID="P64_SP00003" HPOS="903" VPOS="580" WIDTH="23"/>
						<String ID="P64_ST00006" HPOS="926" VPOS="522" WIDTH="57" HEIGHT="45" CONTENT="de" WC="0.53" CC="26"/>
						<SP ID="P64_SP00004" HPOS="983" VPOS="580" WIDTH="23"/>
						<String ID="P64_ST00007" HPOS="1006" VPOS="535" WIDTH="60" HEIGHT="31" CONTENT="ne" WC="0.71" CC="50"/>
						<SP ID="P64_SP00005" HPOS="1066" VPOS="580" WIDTH="23"/>
						<String ID="P64_ST00008" HPOS="1089" VPOS="522" WIDTH="195" HEIGHT="54" CONTENT="pouvoir" WC="0.98" CC="3300586"/>
						<SP ID="P64_SP00006" HPOS="1284" VPOS="580" WIDTH="22"/>
						<String ID="P64_ST00009" HPOS="1306" VPOS="522" WIDTH="117" HEIGHT="45" CONTENT="citer" WC="0.99" CC="00605"/>
						<SP ID="P64_SP00007" HPOS="1423" VPOS="580" WIDTH="21"/>
						<String ID="P64_ST00010" HPOS="1444" VPOS="524" WIDTH="44" HEIGHT="44" CONTENT="le" WC="0.56" CC="71"/>
						<SP ID="P64_SP00008" HPOS="1488" VPOS="580" WIDTH="22"/>
						<String ID="P64_ST00011" HPOS="1510" VPOS="538" WIDTH="108" HEIGHT="30" CONTENT="nom" WC="0.98" CC="310"/>
						<SP ID="P64_SP00009" HPOS="1618" VPOS="580" WIDTH="25"/>
						<String ID="P64_ST00012" HPOS="1643" VPOS="525" WIDTH="58" HEIGHT="44" CONTENT="de" WC="1.00" CC="00"/>
						<SP ID="P64_SP00010" HPOS="1701" VPOS="580" WIDTH="23"/>
						<String ID="P64_ST00013" HPOS="1724" VPOS="534" WIDTH="103" HEIGHT="38" CONTENT="tous" WC="0.98" CC="0632"/>
						<SP ID="P64_SP00011" HPOS="1827" VPOS="580" WIDTH="24"/>
						<String ID="P64_ST00014" HPOS="1851" VPOS="528" WIDTH="68" HEIGHT="44" CONTENT="les" WC="0.98" CC="600"/>
						<SP ID="P64_SP00012" HPOS="1919" VPOS="580" WIDTH="23"/>
						<String ID="P64_ST00015" HPOS="1942" VPOS="536" WIDTH="316" HEIGHT="47" CONTENT="concurrents," WC="1.00" CC="002300011560"/>
					</TextLine>
					<TextLine ID="P64_TL00004" HPOS="254" VPOS="590" WIDTH="2007" HEIGHT="57">
						<String ID="P64_ST00016" HPOS="254" VPOS="596" WIDTH="39" HEIGHT="43" CONTENT="la" WC="0.61" CC="16"/>
						<SP ID="P64_SP00013" HPOS="293" VPOS="639" WIDTH="26"/>
						<String ID="P64_ST00017" HPOS="319" VPOS="592" WIDTH="101" HEIGHT="45" CONTENT="liste" WC="0.97" CC="57070"/>
						<SP ID="P64_SP00014" HPOS="420" VPOS="639" WIDTH="26"/>
						<String ID="P64_ST00018" HPOS="446" VPOS="590" WIDTH="107" HEIGHT="44" CONTENT="n'en" WC="0.97" CC="0317"/>
						<SP ID="P64_SP00015" HPOS="553" VPOS="639" WIDTH="28"/>
						<String ID="P64_ST00019" HPOS="581" VPOS="596" WIDTH="136" HEIGHT="47" CONTENT="ayant" WC="0.97" CC="60743"/>
						<SP ID="P64_SP00016" HPOS="717" VPOS="643" WIDTH="28"/>
						<String ID="P64_ST00020" HPOS="745" VPOS="602" WIDTH="81" HEIGHT="40" CONTENT="pas" WC="1.00" CC="000"/>
						<SP ID="P64_SP00017" HPOS="826" VPOS="643" WIDTH="27"/>
						<String ID="P64_ST00021" HPOS="853" VPOS="590" WIDTH="76" HEIGHT="43" CONTENT="été" WC="0.99" CC="020"/>
						<SP ID="P64_SP00018" HPOS="929" VPOS="643" WIDTH="26"/>
						<String ID="P64_ST00022" HPOS="955" VPOS="590" WIDTH="202" HEIGHT="53" CONTENT="publiée," WC="0.98" CC="90757021"/>
						<SP ID="P64_SP00019" HPOS="1157" VPOS="643" WIDTH="30"/>
						<String ID="P64_ST00023" HPOS="1187" VPOS="602" WIDTH="55" HEIGHT="32" CONTENT="ce" WC="0.80" CC="04"/>
						<SP ID="P64_SP00020" HPOS="1242" VPOS="643" WIDTH="28"/>
						<String ID="P64_ST00024" HPOS="1270" VPOS="590" WIDTH="78" HEIGHT="54" CONTENT="qui" WC="0.92" CC="596"/>
						<SP ID="P64_SP00021" HPOS="1348" VPOS="644" WIDTH="28"/>
						<String ID="P64_ST00025" HPOS="1376" VPOS="597" WIDTH="71" HEIGHT="37" CONTENT="est" WC="0.96" CC="037"/>
						<SP ID="P64_SP00022" HPOS="1447" VPOS="644" WIDTH="27"/>
						<String ID="P64_ST00026" HPOS="1474" VPOS="604" WIDTH="92" HEIGHT="31" CONTENT="une" WC="0.92" CC="876"/>
						<SP ID="P64_SP00023" HPOS="1566" VPOS="644" WIDTH="27"/>
						<String ID="P64_ST00027" HPOS="1593" VPOS="592" WIDTH="239" HEIGHT="55" CONTENT="injustice;" WC="0.98" CC="7789067000"/>
						<SP ID="P64_SP00024" HPOS="1832" VPOS="647" WIDTH="29"/>
						<String ID="P64_ST00028" HPOS="1861" VPOS="596" WIDTH="69" HEIGHT="43" CONTENT="les" WC="0.98" CC="500"/>
						<SP ID="P64_SP00025" HPOS="1930" VPOS="647" WIDTH="28"/>
						<String ID="P64_ST00029" HPOS="1958" VPOS="596" WIDTH="303" HEIGHT="45" CONTENT="malheureux" WC="0.99" CC="7555040133"/>
					</TextLine>
					<TextLine ID="P64_TL00005" HPOS="257" VPOS="657" WIDTH="2007" HEIGHT="61">
						<String ID="P64_ST00030" HPOS="257" VPOS="661" WIDTH="180" HEIGHT="46" CONTENT="évincés" WC="0.99" CC="2005001"/>
						<SP ID="P64_SP00026" HPOS="437" VPOS="707" WIDTH="22"/>
						<String ID="P64_ST00031" HPOS="459" VPOS="658" WIDTH="58" HEIGHT="44" CONTENT="du" WC="0.86" CC="20"/>
						<SP ID="P64_SP00027" HPOS="517" VPOS="707" WIDTH="23"/>
						<String ID="P64_ST00032" HPOS="540" VPOS="658" WIDTH="153" HEIGHT="42" CONTENT="match" WC="1.00" CC="02000" STYLEREFS="TXT_2"/>
						<SP ID="P64_SP00028" HPOS="693" VPOS="707" WIDTH="21"/>
						<String ID="P64_ST00033" HPOS="714" VPOS="657" WIDTH="108" HEIGHT="43" CONTENT="final" WC="0.99" CC="11030"/>
						<SP ID="P64_SP00029" HPOS="822" VPOS="707" WIDTH="24"/>
						<String ID="P64_ST00034" HPOS="846" VPOS="657" WIDTH="211" HEIGHT="45" CONTENT="auraient" WC="0.98" CC="67004095"/>
						<SP ID="P64_SP00030" HPOS="1057" VPOS="707" WIDTH="20"/>
						<String ID="P64_ST00035" HPOS="1077" VPOS="671" WIDTH="58" HEIGHT="31" CONTENT="au" WC="0.38" CC="65"/>
						<SP ID="P64_SP00031" HPOS="1135" VPOS="707" WIDTH="22"/>
						<String ID="P64_ST00036" HPOS="1157" VPOS="657" WIDTH="152" HEIGHT="45" CONTENT="moins" WC="0.97" CC="05780"/>
						<SP ID="P64_SP00032" HPOS="1309" VPOS="707" WIDTH="22"/>
						<String ID="P64_ST00037" HPOS="1331" VPOS="661" WIDTH="164" HEIGHT="42" CONTENT="trouvé" WC="0.98" CC="537090"/>
						<SP ID="P64_SP00033" HPOS="1495" VPOS="707" WIDTH="23"/>
						<String ID="P64_ST00038" HPOS="1518" VPOS="658" WIDTH="56" HEIGHT="54" CONTENT="là," WC="0.96" CC="470"/>
						<SP ID="P64_SP00034" HPOS="1574" VPOS="712" WIDTH="27"/>
						<String ID="P64_ST00039" HPOS="1601" VPOS="672" WIDTH="89" HEIGHT="32" CONTENT="eux" WC="0.94" CC="069"/>
						<SP ID="P64_SP00035" HPOS="1690" VPOS="712" WIDTH="22"/>
						<String ID="P64_ST00040" HPOS="1712" VPOS="661" WIDTH="140" HEIGHT="54" CONTENT="aussi," WC="0.99" CC="600013"/>
						<SP ID="P64_SP00036" HPOS="1852" VPOS="715" WIDTH="27"/>
						<String ID="P64_ST00041" HPOS="1879" VPOS="662" WIDTH="100" HEIGHT="45" CONTENT="leur" WC="0.98" CC="0090"/>
						<SP ID="P64_SP00037" HPOS="1979" VPOS="715" WIDTH="22"/>
						<String ID="P64_ST00042" HPOS="2001" VPOS="663" WIDTH="142" HEIGHT="55" CONTENT="petite" WC="0.98" CC="504703"/>
						<SP ID="P64_SP00038" HPOS="2143" VPOS="718" WIDTH="20"/>
						<String ID="P64_ST00043" HPOS="2163" VPOS="672" WIDTH="101" HEIGHT="46" CONTENT="part" WC="0.97" CC="9500"/>
					</TextLine>
					<TextLine ID="P64_TL00006" HPOS="254" VPOS="723" WIDTH="681" HEIGHT="55">
						<String ID="P64_ST00044" HPOS="254" VPOS="727" WIDTH="101" HEIGHT="44" CONTENT="bien" WC="0.98" CC="3401"/>
						<SP ID="P64_SP00039" HPOS="355" VPOS="771" WIDTH="29"/>
						<String ID="P64_ST00045" HPOS="384" VPOS="723" WIDTH="202" HEIGHT="55" CONTENT="légitime" WC="0.99" CC="00066620"/>
						<SP ID="P64_SP00040" HPOS="586" VPOS="778" WIDTH="29"/>
						<String ID="P64_ST00046" HPOS="615" VPOS="723" WIDTH="57" HEIGHT="43" CONTENT="de" WC="1.00" CC="00"/>
						<SP ID="P64_SP00041" HPOS="672" VPOS="778" WIDTH="28"/>
						<String ID="P64_ST00047" HPOS="700" VPOS="723" WIDTH="235" HEIGHT="53" CONTENT="publicité." WC="0.99" CC="6500308100"/>
					</TextLine>
					<TextLine ID="P64_TL00007" HPOS="343" VPOS="789" WIDTH="1918" HEIGHT="65">
						<String ID="P64_ST00048" HPOS="343" VPOS="792" WIDTH="149" HEIGHT="44" CONTENT="Avant" WC="0.99" CC="04302"/>
						<SP ID="P64_SP00042" HPOS="492" VPOS="836" WIDTH="24"/>
						<String ID="P64_ST00049" HPOS="516" VPOS="789" WIDTH="245" HEIGHT="46" CONTENT="d'aborder" WC="0.99" CC="004550000"/>
						<SP ID="P64_SP00043" HPOS="761" VPOS="836" WIDTH="23"/>
						<String ID="P64_ST00050" HPOS="784" VPOS="790" WIDTH="231" HEIGHT="45" CONTENT="l'examen" WC="1.00" CC="00000000"/>
						<SP ID="P64_SP00044" HPOS="1015" VPOS="836" WIDTH="24"/>
						<String ID="P64_ST00051" HPOS="1039" VPOS="792" WIDTH="104" HEIGHT="54" CONTENT="plus" WC="0.98" CC="6000"/>
						<SP ID="P64_SP00045" HPOS="1143" VPOS="846" WIDTH="25"/>
						<String ID="P64_ST00052" HPOS="1168" VPOS="793" WIDTH="273" HEIGHT="53" CONTENT="approfondi" WC="0.99" CC="6000667006"/>
						<SP ID="P64_SP00046" HPOS="1441" VPOS="846" WIDTH="26"/>
						<String ID="P64_ST00053" HPOS="1467" VPOS="793" WIDTH="57" HEIGHT="44" CONTENT="de" WC="0.92" CC="01"/>
						<SP ID="P64_SP00047" HPOS="1524" VPOS="846" WIDTH="25"/>
						<String ID="P64_ST00054" HPOS="1549" VPOS="802" WIDTH="121" HEIGHT="37" CONTENT="cette" WC="0.98" CC="00652"/>
						<SP ID="P64_SP00048" HPOS="1670" VPOS="846" WIDTH="25"/>
						<String ID="P64_ST00055" HPOS="1695" VPOS="803" WIDTH="124" HEIGHT="37" CONTENT="sorte" WC="0.99" CC="03050"/>
						<SP ID="P64_SP00049" HPOS="1819" VPOS="846" WIDTH="24"/>
						<String ID="P64_ST00056" HPOS="1843" VPOS="795" WIDTH="57" HEIGHT="46" CONTENT="de" WC="0.81" CC="03"/>
						<SP ID="P64_SP00050" HPOS="1900" VPOS="846" WIDTH="24"/>
						<String ID="P64_ST00057" HPOS="1924" VPOS="797" WIDTH="243" HEIGHT="54" CONTENT="plébiscite" WC="0.99" CC="0000703051"/>
						<SP ID="P64_SP00051" HPOS="2167" VPOS="851" WIDTH="15"/>
						<String ID="P64_ST00058" HPOS="2182" VPOS="818" WIDTH="9" HEIGHT="35" CONTENT=";" WC="1.00" CC="0"/>
						<SP ID="P64_SP00052" HPOS="2191" VPOS="853" WIDTH="26"/>
						<String ID="P64_ST00059" HPOS="2217" VPOS="799" WIDTH="44" HEIGHT="55" CONTENT="je" WC="0.41" CC="83"/>
					</TextLine>
					<TextLine ID="P64_TL00008" HPOS="254" VPOS="856" WIDTH="2002" HEIGHT="64">
						<String ID="P64_ST00060" HPOS="254" VPOS="858" WIDTH="206" HEIGHT="48" CONTENT="voudrais" WC="0.99" CC="05970030"/>
						<SP ID="P64_SP00053" HPOS="460" VPOS="906" WIDTH="24"/>
						<String ID="P64_ST00061" HPOS="484" VPOS="872" WIDTH="56" HEIGHT="29" CONTENT="en" WC="0.68" CC="06"/>
						<SP ID="P64_SP00054" HPOS="540" VPOS="906" WIDTH="26"/>
						<String ID="P64_ST00062" HPOS="566" VPOS="856" WIDTH="203" HEIGHT="55" CONTENT="signaler" WC="0.99" CC="06363201"/>
						<SP ID="P64_SP00055" HPOS="769" VPOS="911" WIDTH="21"/>
						<String ID="P64_ST00063" HPOS="790" VPOS="872" WIDTH="93" HEIGHT="30" CONTENT="une" WC="0.97" CC="070"/>
						<SP ID="P64_SP00056" HPOS="883" VPOS="911" WIDTH="24"/>
						<String ID="P64_ST00064" HPOS="907" VPOS="862" WIDTH="328" HEIGHT="52" CONTENT="conséquence" WC="1.00" CC="00501220200"/>
						<SP ID="P64_SP00057" HPOS="1235" VPOS="914" WIDTH="24"/>
						<String ID="P64_ST00065" HPOS="1259" VPOS="859" WIDTH="225" HEIGHT="46" CONTENT="indirecte" WC="0.99" CC="250340001"/>
						<SP ID="P64_SP00058" HPOS="1484" VPOS="914" WIDTH="25"/>
						<String ID="P64_ST00066" HPOS="1509" VPOS="862" WIDTH="109" HEIGHT="44" CONTENT="dont" WC="0.97" CC="0605"/>
						<SP ID="P64_SP00059" HPOS="1618" VPOS="914" WIDTH="25"/>
						<String ID="P64_ST00067" HPOS="1643" VPOS="862" WIDTH="29" HEIGHT="43" CONTENT="il" WC="0.59" CC="08"/>
						<SP ID="P64_SP00060" HPOS="1672" VPOS="914" WIDTH="23"/>
						<String ID="P64_ST00068" HPOS="1695" VPOS="875" WIDTH="29" HEIGHT="41" CONTENT="y" WC="1.00" CC="0"/>
						<SP ID="P64_SP00061" HPOS="1724" VPOS="916" WIDTH="23"/>
						<String ID="P64_ST00069" HPOS="1747" VPOS="875" WIDTH="25" HEIGHT="31" CONTENT="a" WC="0.29" CC="7"/>
						<SP ID="P64_SP00062" HPOS="1772" VPOS="916" WIDTH="27"/>
						<String ID="P64_ST00070" HPOS="1799" VPOS="863" WIDTH="91" HEIGHT="44" CONTENT="lieu" WC="0.99" CC="4000"/>
						<SP ID="P64_SP00063" HPOS="1890" VPOS="916" WIDTH="26"/>
						<String ID="P64_ST00071" HPOS="1916" VPOS="865" WIDTH="57" HEIGHT="44" CONTENT="de" WC="1.00" CC="00"/>
						<SP ID="P64_SP00064" HPOS="1973" VPOS="916" WIDTH="23"/>
						<String ID="P64_ST00072" HPOS="1996" VPOS="878" WIDTH="50" HEIGHT="31" CONTENT="se" WC="0.94" CC="10"/>
						<SP ID="P64_SP00065" HPOS="2046" VPOS="916" WIDTH="25"/>
						<String ID="P64_ST00073" HPOS="2071" VPOS="865" WIDTH="185" HEIGHT="55" CONTENT="réjouir," WC="0.99" CC="20660205"/>
					</TextLine>
					<TextLine ID="P64_TL00009" HPOS="254" VPOS="924" WIDTH="2006" HEIGHT="58">
						<String ID="P64_ST00074" HPOS="254" VPOS="935" WIDTH="41" HEIGHT="36" CONTENT="et" WC="0.76" CC="04"/>
						<SP ID="P64_SP00066" HPOS="295" VPOS="971" WIDTH="22"/>
						<String ID="P64_ST00075" HPOS="317" VPOS="925" WIDTH="73" HEIGHT="56" CONTENT="qui" WC="0.98" CC="300"/>
						<SP ID="P64_SP00067" HPOS="390" VPOS="981" WIDTH="23"/>
						<String ID="P64_ST00076" HPOS="413" VPOS="933" WIDTH="70" HEIGHT="35" CONTENT="est" WC="0.96" CC="153"/>
						<SP ID="P64_SP00068" HPOS="483" VPOS="981" WIDTH="20"/>
						<String ID="P64_ST00077" HPOS="503" VPOS="924" WIDTH="209" HEIGHT="44" CONTENT="d'attirer" WC="1.00" CC="000324000"/>
						<SP ID="P64_SP00069" HPOS="712" VPOS="981" WIDTH="22"/>
						<String ID="P64_ST00078" HPOS="734" VPOS="925" WIDTH="58" HEIGHT="44" CONTENT="de" WC="1.00" CC="00"/>
						<SP ID="P64_SP00070" HPOS="792" VPOS="981" WIDTH="23"/>
						<String ID="P64_ST00079" HPOS="815" VPOS="939" WIDTH="215" HEIGHT="32" CONTENT="nouveau" WC="1.00" CC="6000000"/>
						<SP ID="P64_SP00071" HPOS="1030" VPOS="981" WIDTH="23"/>
						<String ID="P64_ST00080" HPOS="1053" VPOS="925" WIDTH="258" HEIGHT="46" CONTENT="l'attention" WC="0.99" CC="10172055004"/>
						<SP ID="P64_SP00072" HPOS="1311" VPOS="981" WIDTH="24"/>
						<String ID="P64_ST00081" HPOS="1335" VPOS="928" WIDTH="61" HEIGHT="44" CONTENT="du" WC="1.00" CC="00"/>
						<SP ID="P64_SP00073" HPOS="1396" VPOS="981" WIDTH="24"/>
						<String ID="P64_ST00082" HPOS="1420" VPOS="929" WIDTH="155" HEIGHT="53" CONTENT="public" WC="0.98" CC="060805"/>
						<SP ID="P64_SP00074" HPOS="1575" VPOS="982" WIDTH="23"/>
						<String ID="P64_ST00083" HPOS="1598" VPOS="943" WIDTH="108" HEIGHT="30" CONTENT="vers" WC="1.00" CC="0000"/>
						<SP ID="P64_SP00075" HPOS="1706" VPOS="982" WIDTH="25"/>
						<String ID="P64_ST00084" HPOS="1731" VPOS="930" WIDTH="42" HEIGHT="45" CONTENT="le" WC="0.94" CC="10"/>
						<SP ID="P64_SP00076" HPOS="1773" VPOS="982" WIDTH="23"/>
						<String ID="P64_ST00085" HPOS="1796" VPOS="930" WIDTH="188" HEIGHT="46" CONTENT="charme" WC="0.99" CC="070000"/>
						<SP ID="P64_SP00077" HPOS="1984" VPOS="982" WIDTH="23"/>
						<String ID="P64_ST00086" HPOS="2007" VPOS="933" WIDTH="83" HEIGHT="44" CONTENT="des" WC="1.00" CC="000"/>
						<SP ID="P64_SP00078" HPOS="2090" VPOS="982" WIDTH="21"/>
						<String ID="P64_ST00087" HPOS="2111" VPOS="934" WIDTH="149" HEIGHT="44" CONTENT="belles" WC="0.98" CC="606510"/>
					</TextLine>
					<TextLine ID="P64_TL00010" HPOS="254" VPOS="991" WIDTH="2006" HEIGHT="55">
						<String ID="P64_ST00088" HPOS="254" VPOS="992" WIDTH="97" HEIGHT="46" CONTENT="voix" WC="0.96" CC="3609"/>
						<SP ID="P64_SP00079" HPOS="351" VPOS="1038" WIDTH="27"/>
						<String ID="P64_ST00089" HPOS="378" VPOS="999" WIDTH="43" HEIGHT="37" CONTENT="et" WC="0.73" CC="05"/>
						<SP ID="P64_SP00080" HPOS="421" VPOS="1038" WIDTH="25"/>
						<String ID="P64_ST00090" HPOS="446" VPOS="991" WIDTH="81" HEIGHT="45" CONTENT="des" WC="1.00" CC="000"/>
						<SP ID="P64_SP00081" HPOS="527" VPOS="1038" WIDTH="27"/>
						<String ID="P64_ST00091" HPOS="554" VPOS="991" WIDTH="151" HEIGHT="45" CONTENT="beaux" WC="0.99" CC="00550"/>
						<SP ID="P64_SP00082" HPOS="705" VPOS="1038" WIDTH="26"/>
						<String ID="P64_ST00092" HPOS="731" VPOS="991" WIDTH="208" HEIGHT="55" CONTENT="timbres," WC="0.99" CC="45000003"/>
						<SP ID="P64_SP00083" HPOS="939" VPOS="1046" WIDTH="30"/>
						<String ID="P64_ST00093" HPOS="969" VPOS="992" WIDTH="59" HEIGHT="45" CONTENT="de" WC="1.00" CC="00"/>
						<SP ID="P64_SP00084" HPOS="1028" VPOS="1046" WIDTH="25"/>
						<String ID="P64_ST00094" HPOS="1053" VPOS="1006" WIDTH="217" HEIGHT="31" CONTENT="ramener" WC="0.98" CC="0690713"/>
						<SP ID="P64_SP00085" HPOS="1270" VPOS="1046" WIDTH="27"/>
						<String ID="P64_ST00095" HPOS="1297" VPOS="994" WIDTH="69" HEIGHT="44" CONTENT="les" WC="1.00" CC="000"/>
						<SP ID="P64_SP00086" HPOS="1366" VPOS="1046" WIDTH="26"/>
						<String ID="P64_ST00096" HPOS="1392" VPOS="995" WIDTH="254" HEIGHT="44" CONTENT="musiciens" WC="0.99" CC="660037000"/>
						<SP ID="P64_SP00087" HPOS="1646" VPOS="1046" WIDTH="27"/>
						<String ID="P64_ST00097" HPOS="1673" VPOS="999" WIDTH="290" HEIGHT="43" CONTENT="eux-mêmes" WC="1.00" CC="140000000"/>
						<SP ID="P64_SP00088" HPOS="1963" VPOS="1046" WIDTH="26"/>
						<String ID="P64_ST00098" HPOS="1989" VPOS="1011" WIDTH="88" HEIGHT="32" CONTENT="aux" WC="0.96" CC="740"/>
						<SP ID="P64_SP00089" HPOS="2077" VPOS="1046" WIDTH="27"/>
						<String ID="P64_ST00099" HPOS="2104" VPOS="1000" WIDTH="156" HEIGHT="44" CONTENT="saines" WC="1.00" CC="002010"/>
					</TextLine>
					<TextLine ID="P64_TL00011" HPOS="254" VPOS="1057" WIDTH="2007" HEIGHT="60">
						<String ID="P64_ST00100" HPOS="254" VPOS="1058" WIDTH="243" HEIGHT="52" CONTENT="traditions," WC="0.99" CC="57003872002"/>
						<SP ID="P64_SP00090" HPOS="497" VPOS="1110" WIDTH="33"/>
						<String ID="P64_ST00101" HPOS="530" VPOS="1060" WIDTH="25" HEIGHT="42" CONTENT="à" WC="1.00" CC="0"/>
						<SP ID="P64_SP00091" HPOS="555" VPOS="1110" WIDTH="31"/>
						<String ID="P64_ST00102" HPOS="586" VPOS="1057" WIDTH="197" HEIGHT="46" CONTENT="l'amour" WC="0.99" CC="2050200"/>
						<SP ID="P64_SP00092" HPOS="783" VPOS="1110" WIDTH="30"/>
						<String ID="P64_ST00103" HPOS="813" VPOS="1060" WIDTH="57" HEIGHT="43" CONTENT="de" WC="0.69" CC="06"/>
						<SP ID="P64_SP00093" HPOS="870" VPOS="1110" WIDTH="32"/>
						<String ID="P64_ST00104" HPOS="902" VPOS="1072" WIDTH="55" HEIGHT="31" CONTENT="ce" WC="1.00" CC="00"/>
						<SP ID="P64_SP00094" HPOS="957" VPOS="1110" WIDTH="31"/>
						<String ID="P64_ST00105" HPOS="988" VPOS="1074" WIDTH="92" HEIGHT="40" CONTENT="que" WC="1.00" CC="000"/>
						<SP ID="P64_SP00095" HPOS="1080" VPOS="1114" WIDTH="32"/>
						<String ID="P64_ST00106" HPOS="1112" VPOS="1060" WIDTH="91" HEIGHT="44" CONTENT="l'on" WC="0.99" CC="2200"/>
						<SP ID="P64_SP00096" HPOS="1203" VPOS="1114" WIDTH="34"/>
						<String ID="P64_ST00107" HPOS="1237" VPOS="1061" WIDTH="182" HEIGHT="55" CONTENT="appelle" WC="0.98" CC="4902410"/>
						<SP ID="P64_SP00097" HPOS="1419" VPOS="1116" WIDTH="33"/>
						<String ID="P64_ST00108" HPOS="1452" VPOS="1062" WIDTH="42" HEIGHT="45" CONTENT="la" WC="0.69" CC="32"/>
						<SP ID="P64_SP00098" HPOS="1494" VPOS="1116" WIDTH="32"/>
						<String ID="P64_ST00109" HPOS="1526" VPOS="1063" WIDTH="172" HEIGHT="54" CONTENT="qualité" WC="0.98" CC="0900560"/>
						<SP ID="P64_SP00099" HPOS="1698" VPOS="1117" WIDTH="33"/>
						<String ID="P64_ST00110" HPOS="1731" VPOS="1063" WIDTH="60" HEIGHT="45" CONTENT="du" WC="0.91" CC="01"/>
						<SP ID="P64_SP00100" HPOS="1791" VPOS="1117" WIDTH="32"/>
						<String ID="P64_ST00111" HPOS="1823" VPOS="1077" WIDTH="99" HEIGHT="31" CONTENT="son." WC="0.98" CC="0353"/>
						<SP ID="P64_SP00101" HPOS="1922" VPOS="1117" WIDTH="36"/>
						<String ID="P64_ST00112" HPOS="1958" VPOS="1063" WIDTH="138" HEIGHT="47" CONTENT="Cette" WC="0.98" CC="10680"/>
						<SP ID="P64_SP00102" HPOS="2096" VPOS="1117" WIDTH="30"/>
						<String ID="P64_ST00113" HPOS="2126" VPOS="1066" WIDTH="113" HEIGHT="46" CONTENT="indif" SUBS_TYPE="HypPart1" SUBS_CONTENT="indifférence" WC="0.98" CC="60036"/>
						<HYP HPOS="2239" VPOS="1066" WIDTH="22" CONTENT="-"/>
					</TextLine>
					<TextLine ID="P64_TL00012" HPOS="254" VPOS="1124" WIDTH="2004" HEIGHT="63">
						<String ID="P64_ST00114" HPOS="254" VPOS="1127" WIDTH="181" HEIGHT="44" CONTENT="férence" SUBS_TYPE="HypPart2" SUBS_CONTENT="indifférence" WC="0.98" CC="5352433"/>
						<SP ID="P64_SP00103" HPOS="435" VPOS="1171" WIDTH="29"/>
						<String ID="P64_ST00115" HPOS="464" VPOS="1124" WIDTH="257" HEIGHT="46" CONTENT="croissante" WC="0.99" CC="0026000542"/>
						<SP ID="P64_SP00104" HPOS="721" VPOS="1171" WIDTH="31"/>
						<String ID="P64_ST00116" HPOS="752" VPOS="1140" WIDTH="116" HEIGHT="40" CONTENT="pour" WC="1.00" CC="0000"/>
						<SP ID="P64_SP00105" HPOS="868" VPOS="1180" WIDTH="30"/>
						<String ID="P64_ST00117" HPOS="898" VPOS="1126" WIDTH="42" HEIGHT="45" CONTENT="la" WC="0.84" CC="03"/>
						<SP ID="P64_SP00106" HPOS="940" VPOS="1180" WIDTH="32"/>
						<String ID="P64_ST00118" HPOS="972" VPOS="1127" WIDTH="169" HEIGHT="44" CONTENT="beauté" WC="0.99" CC="006010"/>
						<SP ID="P64_SP00107" HPOS="1141" VPOS="1180" WIDTH="32"/>
						<String ID="P64_ST00119" HPOS="1173" VPOS="1127" WIDTH="290" HEIGHT="56" CONTENT="intrinsèque" WC="0.99" CC="06366800800"/>
						<SP ID="P64_SP00108" HPOS="1463" VPOS="1183" WIDTH="32"/>
						<String ID="P64_ST00120" HPOS="1495" VPOS="1131" WIDTH="60" HEIGHT="43" CONTENT="du" WC="0.69" CC="06"/>
						<SP ID="P64_SP00109" HPOS="1555" VPOS="1183" WIDTH="32"/>
						<String ID="P64_ST00121" HPOS="1587" VPOS="1143" WIDTH="99" HEIGHT="41" CONTENT="son," WC="1.00" CC="0100"/>
						<SP ID="P64_SP00110" HPOS="1686" VPOS="1184" WIDTH="35"/>
						<String ID="P64_ST00122" HPOS="1721" VPOS="1131" WIDTH="240" HEIGHT="56" CONTENT="pratiquée" WC="0.99" CC="015540000"/>
						<SP ID="P64_SP00111" HPOS="1961" VPOS="1187" WIDTH="32"/>
						<String ID="P64_ST00123" HPOS="1993" VPOS="1133" WIDTH="126" HEIGHT="45" CONTENT="aussi" WC="1.00" CC="01001"/>
						<SP ID="P64_SP00112" HPOS="2119" VPOS="1187" WIDTH="32"/>
						<String ID="P64_ST00124" HPOS="2151" VPOS="1135" WIDTH="107" HEIGHT="44" CONTENT="bien" WC="0.97" CC="0555"/>
					</TextLine>
					<TextLine ID="P64_TL00013" HPOS="254" VPOS="1192" WIDTH="2007" HEIGHT="62">
						<String ID="P64_ST00125" HPOS="254" VPOS="1207" WIDTH="74" HEIGHT="42" CONTENT="par" WC="0.97" CC="530"/>
						<SP ID="P64_SP00113" HPOS="328" VPOS="1249" WIDTH="28"/>
						<String ID="P64_ST00126" HPOS="356" VPOS="1192" WIDTH="42" HEIGHT="44" CONTENT="le" WC="0.87" CC="20"/>
						<SP ID="P64_SP00114" HPOS="398" VPOS="1249" WIDTH="29"/>
						<String ID="P64_ST00127" HPOS="427" VPOS="1193" WIDTH="277" HEIGHT="53" CONTENT="producteur" WC="1.00" CC="2050005002"/>
						<SP ID="P64_SP00115" HPOS="704" VPOS="1249" WIDTH="30"/>
						<String ID="P64_ST00128" HPOS="734" VPOS="1206" WIDTH="92" HEIGHT="42" CONTENT="que" WC="0.98" CC="004"/>
						<SP ID="P64_SP00116" HPOS="826" VPOS="1249" WIDTH="29"/>
						<String ID="P64_ST00129" HPOS="855" VPOS="1207" WIDTH="81" HEIGHT="41" CONTENT="par" WC="0.99" CC="030"/>
						<SP ID="P64_SP00117" HPOS="936" VPOS="1249" WIDTH="31"/>
						<String ID="P64_ST00130" HPOS="967" VPOS="1193" WIDTH="43" HEIGHT="44" CONTENT="le" WC="0.82" CC="30"/>
						<SP ID="P64_SP00118" HPOS="1010" VPOS="1249" WIDTH="29"/>
						<String ID="P64_ST00131" HPOS="1039" VPOS="1203" WIDTH="389" HEIGHT="47" CONTENT="consommateur," WC="0.99" CC="0465409380002"/>
						<SP ID="P64_SP00119" HPOS="1428" VPOS="1250" WIDTH="51"/>
						<String ID="P64_ST00132" HPOS="1479" VPOS="1211" WIDTH="25" HEIGHT="30" CONTENT="a" WC="1.00" CC="9"/>
						<SP ID="P64_SP00120" HPOS="1504" VPOS="1250" WIDTH="47"/>
						<String ID="P64_ST00133" HPOS="1551" VPOS="1197" WIDTH="84" HEIGHT="44" CONTENT="dès" WC="0.97" CC="080"/>
						<SP ID="P64_SP00121" HPOS="1635" VPOS="1250" WIDTH="47"/>
						<String ID="P64_ST00134" HPOS="1682" VPOS="1211" WIDTH="168" HEIGHT="32" CONTENT="causes" WC="1.00" CC="040000"/>
						<SP ID="P64_SP00122" HPOS="1850" VPOS="1250" WIDTH="47"/>
						<String ID="P64_ST00135" HPOS="1897" VPOS="1199" WIDTH="248" HEIGHT="55" CONTENT="multiples." WC="0.99" CC="0637593000"/>
						<SP ID="P64_SP00123" HPOS="2145" VPOS="1254" WIDTH="51"/>
						<String ID="P64_ST00136" HPOS="2196" VPOS="1201" WIDTH="65" HEIGHT="45" CONTENT="La" WC="0.80" CC="03"/>
					</TextLine>
					<TextLine ID="P64_TL00014" HPOS="256" VPOS="1260" WIDTH="2005" HEIGHT="63">
						<String ID="P64_ST00137" HPOS="256" VPOS="1260" WIDTH="203" HEIGHT="55" CONTENT="musique" WC="0.99" CC="0006840"/>
						<SP ID="P64_SP00124" HPOS="459" VPOS="1315" WIDTH="25"/>
						<String ID="P64_ST00138" HPOS="484" VPOS="1260" WIDTH="237" HEIGHT="54" CONTENT="moderne," WC="1.00" CC="03000200"/>
						<SP ID="P64_SP00125" HPOS="721" VPOS="1315" WIDTH="29"/>
						<String ID="P64_ST00139" HPOS="750" VPOS="1274" WIDTH="115" HEIGHT="31" CONTENT="avec" WC="1.00" CC="0000"/>
						<SP ID="P64_SP00126" HPOS="865" VPOS="1315" WIDTH="26"/>
						<String ID="P64_ST00140" HPOS="891" VPOS="1274" WIDTH="77" HEIGHT="32" CONTENT="ses" WC="1.00" CC="000"/>
						<SP ID="P64_SP00127" HPOS="968" VPOS="1315" WIDTH="27"/>
						<String ID="P64_ST00141" HPOS="995" VPOS="1262" WIDTH="293" HEIGHT="45" CONTENT="innovations" WC="0.99" CC="34930352461"/>
						<SP ID="P64_SP00128" HPOS="1288" VPOS="1315" WIDTH="27"/>
						<String ID="P64_ST00142" HPOS="1315" VPOS="1264" WIDTH="241" HEIGHT="55" CONTENT="radicales," WC="0.99" CC="0668060110"/>
						<SP ID="P64_SP00129" HPOS="1556" VPOS="1319" WIDTH="31"/>
						<String ID="P64_ST00143" HPOS="1587" VPOS="1267" WIDTH="68" HEIGHT="43" CONTENT="les" WC="0.99" CC="300"/>
						<SP ID="P64_SP00130" HPOS="1655" VPOS="1319" WIDTH="26"/>
						<String ID="P64_ST00144" HPOS="1681" VPOS="1267" WIDTH="335" HEIGHT="53" CONTENT="changements" WC="0.99" CC="00649000670"/>
						<SP ID="P64_SP00131" HPOS="2016" VPOS="1320" WIDTH="25"/>
						<String ID="P64_ST00145" HPOS="2041" VPOS="1269" WIDTH="220" HEIGHT="54" CONTENT="profonds" WC="0.99" CC="00037640"/>
					</TextLine>
					<TextLine ID="P64_TL00015" HPOS="253" VPOS="1326" WIDTH="2008" HEIGHT="65">
						<String ID="P64_ST00146" HPOS="253" VPOS="1329" WIDTH="54" HEIGHT="43" CONTENT="de" WC="0.39" CC="65"/>
						<SP ID="P64_SP00132" HPOS="307" VPOS="1372" WIDTH="22"/>
						<String ID="P64_ST00147" HPOS="329" VPOS="1340" WIDTH="79" HEIGHT="31" CONTENT="son" WC="0.98" CC="040"/>
						<SP ID="P64_SP00133" HPOS="408" VPOS="1372" WIDTH="24"/>
						<String ID="P64_ST00148" HPOS="432" VPOS="1326" WIDTH="214" HEIGHT="54" CONTENT="écriture," WC="1.00" CC="100630000"/>
						<SP ID="P64_SP00134" HPOS="646" VPOS="1380" WIDTH="26"/>
						<String ID="P64_ST00149" HPOS="672" VPOS="1328" WIDTH="115" HEIGHT="44" CONTENT="tient" WC="0.97" CC="65046"/>
						<SP ID="P64_SP00135" HPOS="787" VPOS="1380" WIDTH="22"/>
						<String ID="P64_ST00150" HPOS="809" VPOS="1337" WIDTH="133" HEIGHT="36" CONTENT="notre" WC="0.99" CC="01013"/>
						<SP ID="P64_SP00136" HPOS="942" VPOS="1380" WIDTH="22"/>
						<String ID="P64_ST00151" HPOS="964" VPOS="1329" WIDTH="145" HEIGHT="54" CONTENT="esprit" WC="1.00" CC="000012"/>
						<SP ID="P64_SP00137" HPOS="1109" VPOS="1383" WIDTH="23"/>
						<String ID="P64_ST00152" HPOS="1132" VPOS="1344" WIDTH="58" HEIGHT="29" CONTENT="en" WC="0.63" CC="07"/>
						<SP ID="P64_SP00138" HPOS="1190" VPOS="1383" WIDTH="25"/>
						<String ID="P64_ST00153" HPOS="1215" VPOS="1330" WIDTH="121" HEIGHT="45" CONTENT="éveil" WC="0.98" CC="20066"/>
						<SP ID="P64_SP00139" HPOS="1336" VPOS="1383" WIDTH="25"/>
						<String ID="P64_ST00154" HPOS="1361" VPOS="1339" WIDTH="227" HEIGHT="47" CONTENT="constant," WC="0.98" CC="068075562"/>
						<SP ID="P64_SP00140" HPOS="1588" VPOS="1386" WIDTH="25"/>
						<String ID="P64_ST00155" HPOS="1613" VPOS="1340" WIDTH="46" HEIGHT="37" CONTENT="et" WC="0.65" CC="06"/>
						<SP ID="P64_SP00141" HPOS="1659" VPOS="1386" WIDTH="23"/>
						<String ID="P64_ST00156" HPOS="1682" VPOS="1333" WIDTH="236" HEIGHT="45" CONTENT="l'absorbe" WC="0.99" CC="746000000"/>
						<SP ID="P64_SP00142" HPOS="1918" VPOS="1386" WIDTH="19"/>
						<String ID="P64_ST00157" HPOS="1937" VPOS="1348" WIDTH="57" HEIGHT="32" CONTENT="au" WC="0.29" CC="76"/>
						<SP ID="P64_SP00143" HPOS="1994" VPOS="1386" WIDTH="26"/>
						<String ID="P64_ST00158" HPOS="2020" VPOS="1335" WIDTH="129" HEIGHT="55" CONTENT="point" WC="0.96" CC="94467"/>
						<SP ID="P64_SP00144" HPOS="2149" VPOS="1390" WIDTH="21"/>
						<String ID="P64_ST00159" HPOS="2170" VPOS="1349" WIDTH="91" HEIGHT="42" CONTENT="que" WC="0.96" CC="604"/>
					</TextLine>
					<TextLine ID="P64_TL00016" HPOS="253" VPOS="1392" WIDTH="2007" HEIGHT="64">
						<String ID="P64_ST00160" HPOS="253" VPOS="1394" WIDTH="131" HEIGHT="44" CONTENT="l'ouïe" WC="0.99" CC="511310"/>
						<SP ID="P64_SP00145" HPOS="384" VPOS="1438" WIDTH="22"/>
						<String ID="P64_ST00161" HPOS="406" VPOS="1406" WIDTH="57" HEIGHT="31" CONTENT="ne" WC="0.71" CC="50"/>
						<SP ID="P64_SP00146" HPOS="463" VPOS="1438" WIDTH="21"/>
						<String ID="P64_ST00162" HPOS="484" VPOS="1392" WIDTH="188" HEIGHT="46" CONTENT="devient" WC="1.00" CC="0000070"/>
						<SP ID="P64_SP00147" HPOS="672" VPOS="1438" WIDTH="21"/>
						<String ID="P64_ST00163" HPOS="693" VPOS="1395" WIDTH="104" HEIGHT="53" CONTENT="plus" WC="0.99" CC="0040"/>
						<SP ID="P64_SP00148" HPOS="797" VPOS="1448" WIDTH="21"/>
						<String ID="P64_ST00164" HPOS="818" VPOS="1395" WIDTH="144" HEIGHT="55" CONTENT="qu'Un" WC="0.97" CC="00296"/>
						<SP ID="P64_SP00149" HPOS="962" VPOS="1450" WIDTH="23"/>
						<String ID="P64_ST00165" HPOS="985" VPOS="1395" WIDTH="346" HEIGHT="46" CONTENT="intermédiaire" WC="0.99" CC="2340500060541"/>
						<SP ID="P64_SP00150" HPOS="1331" VPOS="1450" WIDTH="22"/>
						<String ID="P64_ST00166" HPOS="1353" VPOS="1406" WIDTH="178" HEIGHT="45" CONTENT="neutre," WC="0.99" CC="2066000"/>
						<SP ID="P64_SP00151" HPOS="1531" VPOS="1451" WIDTH="26"/>
						<String ID="P64_ST00167" HPOS="1557" VPOS="1411" WIDTH="60" HEIGHT="32" CONTENT="ne" WC="0.59" CC="80"/>
						<SP ID="P64_SP00152" HPOS="1617" VPOS="1451" WIDTH="22"/>
						<String ID="P64_ST00168" HPOS="1639" VPOS="1409" WIDTH="195" HEIGHT="44" CONTENT="prenant" WC="0.98" CC="9034550"/>
						<SP ID="P64_SP00153" HPOS="1834" VPOS="1453" WIDTH="22"/>
						<String ID="P64_ST00169" HPOS="1856" VPOS="1415" WIDTH="202" HEIGHT="41" CONTENT="presque" WC="0.99" CC="0001801"/>
						<SP ID="P64_SP00154" HPOS="2058" VPOS="1456" WIDTH="20"/>
						<String ID="P64_ST00170" HPOS="2078" VPOS="1415" WIDTH="182" HEIGHT="33" CONTENT="aucune" WC="0.99" CC="100041"/>
					</TextLine>
					<TextLine ID="P64_TL00017" HPOS="256" VPOS="1461" WIDTH="2004" HEIGHT="63">
						<String ID="P64_ST00171" HPOS="256" VPOS="1470" WIDTH="89" HEIGHT="47" CONTENT="part" WC="0.98" CC="0604"/>
						<SP ID="P64_SP00155" HPOS="345" VPOS="1517" WIDTH="29"/>
						<String ID="P64_ST00172" HPOS="374" VPOS="1474" WIDTH="56" HEIGHT="31" CONTENT="au" WC="0.42" CC="56"/>
						<SP ID="P64_SP00156" HPOS="430" VPOS="1517" WIDTH="31"/>
						<String ID="P64_ST00173" HPOS="461" VPOS="1461" WIDTH="125" HEIGHT="53" CONTENT="régal" WC="0.98" CC="00940"/>
						<SP ID="P64_SP00157" HPOS="586" VPOS="1517" WIDTH="34"/>
						<String ID="P64_ST00174" HPOS="620" VPOS="1461" WIDTH="76" HEIGHT="55" CONTENT="qui" WC="0.93" CC="784"/>
						<SP ID="P64_SP00158" HPOS="696" VPOS="1517" WIDTH="33"/>
						<String ID="P64_ST00175" HPOS="729" VPOS="1462" WIDTH="178" HEIGHT="46" CONTENT="devrait" WC="1.00" CC="0000114"/>
						<SP ID="P64_SP00159" HPOS="907" VPOS="1517" WIDTH="31"/>
						<String ID="P64_ST00176" HPOS="938" VPOS="1464" WIDTH="63" HEIGHT="44" CONTENT="lui" WC="0.98" CC="400"/>
						<SP ID="P64_SP00160" HPOS="1001" VPOS="1517" WIDTH="32"/>
						<String ID="P64_ST00177" HPOS="1033" VPOS="1466" WIDTH="99" HEIGHT="43" CONTENT="être" WC="0.99" CC="0300"/>
						<SP ID="P64_SP00161" HPOS="1132" VPOS="1517" WIDTH="32"/>
						<String ID="P64_ST00178" HPOS="1164" VPOS="1465" WIDTH="197" HEIGHT="45" CONTENT="destiné." WC="0.99" CC="00080602"/>
						<SP ID="P64_SP00162" HPOS="1361" VPOS="1517" WIDTH="35"/>
						<String ID="P64_ST00179" HPOS="1396" VPOS="1465" WIDTH="102" HEIGHT="45" CONTENT="Elle" WC="0.96" CC="6532"/>
						<SP ID="P64_SP00163" HPOS="1498" VPOS="1517" WIDTH="33"/>
						<String ID="P64_ST00180" HPOS="1531" VPOS="1469" WIDTH="180" HEIGHT="44" CONTENT="semble" WC="0.99" CC="000670"/>
						<SP ID="P64_SP00164" HPOS="1711" VPOS="1517" WIDTH="32"/>
						<String ID="P64_ST00181" HPOS="1743" VPOS="1469" WIDTH="118" HEIGHT="44" CONTENT="ainsi" WC="0.97" CC="03790"/>
						<SP ID="P64_SP00165" HPOS="1861" VPOS="1517" WIDTH="32"/>
						<String ID="P64_ST00182" HPOS="1893" VPOS="1469" WIDTH="275" HEIGHT="55" CONTENT="s'échapper" WC="1.00" CC="0200030000"/>
						<SP ID="P64_SP00166" HPOS="2168" VPOS="1524" WIDTH="32"/>
						<String ID="P64_ST00183" HPOS="2200" VPOS="1472" WIDTH="60" HEIGHT="44" CONTENT="du" WC="1.00" CC="00"/>
					</TextLine>
					<TextLine ID="P64_TL00018" HPOS="257" VPOS="1527" WIDTH="2004" HEIGHT="64">
						<String ID="P64_ST00184" HPOS="257" VPOS="1527" WIDTH="202" HEIGHT="46" CONTENT="domaine" WC="0.98" CC="5095041"/>
						<SP ID="P64_SP00167" HPOS="459" VPOS="1573" WIDTH="25"/>
						<String ID="P64_ST00185" HPOS="484" VPOS="1528" WIDTH="83" HEIGHT="43" CONTENT="des" WC="1.00" CC="000"/>
						<SP ID="P64_SP00168" HPOS="567" VPOS="1573" WIDTH="27"/>
						<String ID="P64_ST00186" HPOS="594" VPOS="1541" WIDTH="124" HEIGHT="41" CONTENT="sens," WC="1.00" CC="00000"/>
						<SP ID="P64_SP00169" HPOS="718" VPOS="1582" WIDTH="30"/>
						<String ID="P64_ST00187" HPOS="748" VPOS="1537" WIDTH="46" HEIGHT="37" CONTENT="et" WC="1.00" CC="00"/>
						<SP ID="P64_SP00170" HPOS="794" VPOS="1582" WIDTH="27"/>
						<String ID="P64_ST00188" HPOS="821" VPOS="1531" WIDTH="208" HEIGHT="53" CONTENT="devenir," WC="1.00" CC="00004600"/>
						<SP ID="P64_SP00171" HPOS="1029" VPOS="1584" WIDTH="29"/>
						<String ID="P64_ST00189" HPOS="1058" VPOS="1545" WIDTH="116" HEIGHT="40" CONTENT="pour" WC="1.00" CC="0010"/>
						<SP ID="P64_SP00172" HPOS="1174" VPOS="1585" WIDTH="27"/>
						<String ID="P64_ST00190" HPOS="1201" VPOS="1532" WIDTH="68" HEIGHT="45" CONTENT="les" WC="0.98" CC="004"/>
						<SP ID="P64_SP00173" HPOS="1269" VPOS="1585" WIDTH="26"/>
						<String ID="P64_ST00191" HPOS="1295" VPOS="1546" WIDTH="102" HEIGHT="39" CONTENT="uns," WC="0.98" CC="4400"/>
						<SP ID="P64_SP00174" HPOS="1397" VPOS="1585" WIDTH="30"/>
						<String ID="P64_ST00192" HPOS="1427" VPOS="1547" WIDTH="61" HEIGHT="31" CONTENT="un" WC="1.00" CC="00"/>
						<SP ID="P64_SP00175" HPOS="1488" VPOS="1585" WIDTH="28"/>
						<String ID="P64_ST00193" HPOS="1516" VPOS="1547" WIDTH="85" HEIGHT="42" CONTENT="pur" WC="1.00" CC="000"/>
						<SP ID="P64_SP00176" HPOS="1601" VPOS="1589" WIDTH="24"/>
						<String ID="P64_ST00194" HPOS="1625" VPOS="1535" WIDTH="76" HEIGHT="54" CONTENT="jeu" WC="0.98" CC="500"/>
						<SP ID="P64_SP00177" HPOS="1701" VPOS="1589" WIDTH="27"/>
						<String ID="P64_ST00195" HPOS="1728" VPOS="1536" WIDTH="58" HEIGHT="44" CONTENT="de" WC="0.96" CC="00"/>
						<SP ID="P64_SP00178" HPOS="1786" VPOS="1589" WIDTH="27"/>
						<String ID="P64_ST00196" HPOS="1813" VPOS="1535" WIDTH="191" HEIGHT="56" CONTENT="l'esprit," WC="1.00" CC="000000020"/>
						<SP ID="P64_SP00179" HPOS="2004" VPOS="1591" WIDTH="28"/>
						<String ID="P64_ST00197" HPOS="2032" VPOS="1551" WIDTH="63" HEIGHT="31" CONTENT="un" WC="0.40" CC="65"/>
						<SP ID="P64_SP00180" HPOS="2095" VPOS="1591" WIDTH="26"/>
						<String ID="P64_ST00198" HPOS="2121" VPOS="1538" WIDTH="117" HEIGHT="45" CONTENT="kaléi" SUBS_TYPE="HypPart1" SUBS_CONTENT="kaléidoscope" WC="0.98" CC="05336"/>
						<HYP HPOS="2238" VPOS="1538" WIDTH="23" CONTENT="-"/>
					</TextLine>
					<TextLine ID="P64_TL00019" HPOS="257" VPOS="1594" WIDTH="2007" HEIGHT="64">
						<String ID="P64_ST00199" HPOS="257" VPOS="1594" WIDTH="194" HEIGHT="54" CONTENT="doscope" SUBS_TYPE="HypPart2" SUBS_CONTENT="kaléidoscope" WC="0.99" CC="2500145"/>
						<SP ID="P64_SP00181" HPOS="451" VPOS="1648" WIDTH="23"/>
						<String ID="P64_ST00200" HPOS="474" VPOS="1594" WIDTH="57" HEIGHT="43" CONTENT="de" WC="0.90" CC="01"/>
						<SP ID="P64_SP00182" HPOS="531" VPOS="1648" WIDTH="28"/>
						<String ID="P64_ST00201" HPOS="559" VPOS="1594" WIDTH="346" HEIGHT="47" CONTENT="combinaisons" WC="0.99" CC="000756550110"/>
						<SP ID="P64_SP00183" HPOS="905" VPOS="1648" WIDTH="29"/>
						<String ID="P64_ST00202" HPOS="934" VPOS="1604" WIDTH="218" HEIGHT="39" CONTENT="savantes" WC="0.99" CC="07266400"/>
						<SP ID="P64_SP00184" HPOS="1152" VPOS="1648" WIDTH="30"/>
						<String ID="P64_ST00203" HPOS="1182" VPOS="1606" WIDTH="45" HEIGHT="38" CONTENT="et" WC="0.98" CC="00"/>
						<SP ID="P64_SP00185" HPOS="1227" VPOS="1648" WIDTH="27"/>
						<String ID="P64_ST00204" HPOS="1254" VPOS="1599" WIDTH="315" HEIGHT="55" CONTENT="ingénieuses," WC="0.99" CC="690016500400"/>
						<SP ID="P64_SP00186" HPOS="1569" VPOS="1654" WIDTH="32"/>
						<String ID="P64_ST00205" HPOS="1601" VPOS="1615" WIDTH="114" HEIGHT="40" CONTENT="pour" WC="0.97" CC="0740"/>
						<SP ID="P64_SP00187" HPOS="1715" VPOS="1655" WIDTH="28"/>
						<String ID="P64_ST00206" HPOS="1743" VPOS="1602" WIDTH="68" HEIGHT="44" CONTENT="les" WC="0.96" CC="450"/>
						<SP ID="P64_SP00188" HPOS="1811" VPOS="1655" WIDTH="30"/>
						<String ID="P64_ST00207" HPOS="1841" VPOS="1611" WIDTH="170" HEIGHT="47" CONTENT="autres," WC="0.99" CC="3073110"/>
						<SP ID="P64_SP00189" HPOS="2011" VPOS="1658" WIDTH="30"/>
						<String ID="P64_ST00208" HPOS="2041" VPOS="1617" WIDTH="94" HEIGHT="32" CONTENT="une" WC="0.93" CC="557"/>
						<SP ID="P64_SP00190" HPOS="2135" VPOS="1658" WIDTH="27"/>
						<String ID="P64_ST00209" HPOS="2162" VPOS="1606" WIDTH="77" HEIGHT="43" CONTENT="abs" SUBS_TYPE="HypPart1" SUBS_CONTENT="abstraction" WC="0.97" CC="640"/>
						<HYP HPOS="2239" VPOS="1606" WIDTH="25" CONTENT="-"/>
					</TextLine>
					<TextLine ID="P64_TL00020" HPOS="257" VPOS="1660" WIDTH="2005" HEIGHT="65">
						<String ID="P64_ST00210" HPOS="257" VPOS="1660" WIDTH="180" HEIGHT="46" CONTENT="traction" SUBS_TYPE="HypPart2" SUBS_CONTENT="abstraction" WC="0.98" CC="13657500"/>
						<SP ID="P64_SP00191" HPOS="437" VPOS="1706" WIDTH="33"/>
						<String ID="P64_ST00211" HPOS="470" VPOS="1662" WIDTH="342" HEIGHT="54" CONTENT="sentimentale," WC="0.99" CC="0050404405700"/>
						<SP ID="P64_SP00192" HPOS="812" VPOS="1716" WIDTH="37"/>
						<String ID="P64_ST00212" HPOS="849" VPOS="1664" WIDTH="114" HEIGHT="45" CONTENT="dans" WC="0.98" CC="0450"/>
						<SP ID="P64_SP00193" HPOS="963" VPOS="1716" WIDTH="34"/>
						<String ID="P64_ST00213" HPOS="997" VPOS="1665" WIDTH="201" HEIGHT="55" CONTENT="laquelle" WC="0.99" CC="02900261"/>
						<SP ID="P64_SP00194" HPOS="1198" VPOS="1720" WIDTH="33"/>
						<String ID="P64_ST00214" HPOS="1231" VPOS="1667" WIDTH="31" HEIGHT="44" CONTENT="il" WC="0.86" CC="20"/>
						<SP ID="P64_SP00195" HPOS="1262" VPOS="1720" WIDTH="34"/>
						<String ID="P64_ST00215" HPOS="1296" VPOS="1676" WIDTH="71" HEIGHT="36" CONTENT="est" WC="0.97" CC="007"/>
						<SP ID="P64_SP00196" HPOS="1367" VPOS="1720" WIDTH="32"/>
						<String ID="P64_ST00216" HPOS="1399" VPOS="1668" WIDTH="104" HEIGHT="55" CONTENT="plus" WC="1.00" CC="0020"/>
						<SP ID="P64_SP00197" HPOS="1503" VPOS="1723" WIDTH="33"/>
						<String ID="P64_ST00217" HPOS="1536" VPOS="1677" WIDTH="109" HEIGHT="37" CONTENT="tenu" WC="0.97" CC="6060"/>
						<SP ID="P64_SP00198" HPOS="1645" VPOS="1723" WIDTH="34"/>
						<String ID="P64_ST00218" HPOS="1679" VPOS="1678" WIDTH="183" HEIGHT="47" CONTENT="compte" WC="0.99" CC="053020"/>
						<SP ID="P64_SP00199" HPOS="1862" VPOS="1725" WIDTH="35"/>
						<String ID="P64_ST00219" HPOS="1897" VPOS="1672" WIDTH="82" HEIGHT="44" CONTENT="des" WC="0.99" CC="030"/>
						<SP ID="P64_SP00200" HPOS="1979" VPOS="1725" WIDTH="33"/>
						<String ID="P64_ST00220" HPOS="2012" VPOS="1671" WIDTH="250" HEIGHT="47" CONTENT="intentions" WC="0.98" CC="4053757270"/>
					</TextLine>
					<TextLine ID="P64_TL00021" HPOS="257" VPOS="1728" WIDTH="2007" HEIGHT="66">
						<String ID="P64_ST00221" HPOS="257" VPOS="1728" WIDTH="269" HEIGHT="54" CONTENT="spirituelles" WC="1.00" CC="030406001000"/>
						<SP ID="P64_SP00201" HPOS="526" VPOS="1782" WIDTH="35"/>
						<String ID="P64_ST00222" HPOS="561" VPOS="1742" WIDTH="91" HEIGHT="42" CONTENT="que" WC="0.96" CC="900"/>
						<SP ID="P64_SP00202" HPOS="652" VPOS="1784" WIDTH="33"/>
						<String ID="P64_ST00223" HPOS="685" VPOS="1729" WIDTH="84" HEIGHT="46" CONTENT="des" WC="1.00" CC="000"/>
						<SP ID="P64_SP00203" HPOS="769" VPOS="1784" WIDTH="34"/>
						<String ID="P64_ST00224" HPOS="803" VPOS="1731" WIDTH="293" HEIGHT="45" CONTENT="réalisations" WC="1.00" CC="021007220060"/>
						<SP ID="P64_SP00204" HPOS="1096" VPOS="1784" WIDTH="33"/>
						<String ID="P64_ST00225" HPOS="1129" VPOS="1733" WIDTH="299" HEIGHT="45" CONTENT="matérielles." WC="0.99" CC="940024078020"/>
						<SP ID="P64_SP00205" HPOS="1428" VPOS="1784" WIDTH="41"/>
						<String ID="P64_ST00226" HPOS="1469" VPOS="1735" WIDTH="191" HEIGHT="45" CONTENT="D'autre" WC="0.98" CC="2339230"/>
						<SP ID="P64_SP00206" HPOS="1660" VPOS="1784" WIDTH="36"/>
						<String ID="P64_ST00227" HPOS="1696" VPOS="1745" WIDTH="113" HEIGHT="46" CONTENT="part," WC="0.97" CC="76081"/>
						<SP ID="P64_SP00207" HPOS="1809" VPOS="1791" WIDTH="39"/>
						<String ID="P64_ST00228" HPOS="1848" VPOS="1738" WIDTH="200" HEIGHT="44" CONTENT="certains" WC="0.99" CC="04706080"/>
						<SP ID="P64_SP00208" HPOS="2048" VPOS="1791" WIDTH="33"/>
						<String ID="P64_ST00229" HPOS="2081" VPOS="1752" WIDTH="153" HEIGHT="42" CONTENT="compo" SUBS_TYPE="HypPart1" SUBS_CONTENT="compositeurs," WC="0.99" CC="04090"/>
						<HYP HPOS="2234" VPOS="1752" WIDTH="30" CONTENT="-"/>
					</TextLine>
					<TextLine ID="P64_TL00022" HPOS="257" VPOS="1795" WIDTH="2001" HEIGHT="65">
						<String ID="P64_ST00230" HPOS="257" VPOS="1795" WIDTH="173" HEIGHT="55" CONTENT="siteurs," SUBS_TYPE="HypPart2" SUBS_CONTENT="compositeurs," WC="0.99" CC="05038010"/>
						<SP ID="P64_SP00209" HPOS="430" VPOS="1850" WIDTH="38"/>
						<String ID="P64_ST00231" HPOS="468" VPOS="1796" WIDTH="217" HEIGHT="45" CONTENT="désireux" WC="0.99" CC="00007009"/>
						<SP ID="P64_SP00210" HPOS="685" VPOS="1850" WIDTH="38"/>
						<String ID="P64_ST00232" HPOS="723" VPOS="1799" WIDTH="57" HEIGHT="43" CONTENT="de" WC="0.94" CC="10"/>
						<SP ID="P64_SP00211" HPOS="780" VPOS="1850" WIDTH="37"/>
						<String ID="P64_ST00233" HPOS="817" VPOS="1799" WIDTH="178" HEIGHT="44" CONTENT="donner" WC="1.00" CC="010000"/>
						<SP ID="P64_SP00212" HPOS="995" VPOS="1850" WIDTH="35"/>
						<String ID="P64_ST00234" HPOS="1030" VPOS="1803" WIDTH="26" HEIGHT="40" CONTENT="à" WC="0.94" CC="0"/>
						<SP ID="P64_SP00213" HPOS="1056" VPOS="1850" WIDTH="38"/>
						<String ID="P64_ST00235" HPOS="1094" VPOS="1800" WIDTH="102" HEIGHT="45" CONTENT="leur" WC="1.00" CC="0000"/>
						<SP ID="P64_SP00214" HPOS="1196" VPOS="1850" WIDTH="35"/>
						<String ID="P64_ST00236" HPOS="1231" VPOS="1804" WIDTH="177" HEIGHT="52" CONTENT="pensée" WC="0.99" CC="805000"/>
						<SP ID="P64_SP00215" HPOS="1408" VPOS="1856" WIDTH="36"/>
						<String ID="P64_ST00237" HPOS="1444" VPOS="1817" WIDTH="93" HEIGHT="30" CONTENT="une" WC="0.98" CC="040"/>
						<SP ID="P64_SP00216" HPOS="1537" VPOS="1856" WIDTH="38"/>
						<String ID="P64_ST00238" HPOS="1575" VPOS="1803" WIDTH="149" HEIGHT="45" CONTENT="forme" WC="0.97" CC="97200"/>
						<SP ID="P64_SP00217" HPOS="1724" VPOS="1856" WIDTH="38"/>
						<String ID="P64_ST00239" HPOS="1762" VPOS="1805" WIDTH="293" HEIGHT="46" CONTENT="absolument" WC="0.99" CC="5706750331"/>
						<SP ID="P64_SP00218" HPOS="2055" VPOS="1856" WIDTH="36"/>
						<String ID="P64_ST00240" HPOS="2091" VPOS="1820" WIDTH="167" HEIGHT="40" CONTENT="neuve," WC="0.98" CC="902700"/>
					</TextLine>
					<TextLine ID="P64_TL00023" HPOS="257" VPOS="1862" WIDTH="2005" HEIGHT="65">
						<String ID="P64_ST00241" HPOS="257" VPOS="1869" WIDTH="206" HEIGHT="47" CONTENT="essayent" WC="0.99" CC="30044057"/>
						<SP ID="P64_SP00219" HPOS="463" VPOS="1916" WIDTH="35"/>
						<String ID="P64_ST00242" HPOS="498" VPOS="1862" WIDTH="56" HEIGHT="45" CONTENT="de" WC="0.90" CC="10"/>
						<SP ID="P64_SP00220" HPOS="554" VPOS="1916" WIDTH="36"/>
						<String ID="P64_ST00243" HPOS="590" VPOS="1878" WIDTH="198" HEIGHT="30" CONTENT="secouer" WC="0.99" CC="0002800"/>
						<SP ID="P64_SP00221" HPOS="788" VPOS="1916" WIDTH="35"/>
						<String ID="P64_ST00244" HPOS="823" VPOS="1865" WIDTH="42" HEIGHT="44" CONTENT="la" WC="1.00" CC="00"/>
						<SP ID="P64_SP00222" HPOS="865" VPOS="1916" WIDTH="36"/>
						<String ID="P64_ST00245" HPOS="901" VPOS="1866" WIDTH="227" HEIGHT="55" CONTENT="tyrannie," WC="0.99" CC="004425400"/>
						<SP ID="P64_SP00223" HPOS="1128" VPOS="1921" WIDTH="40"/>
						<String ID="P64_ST00246" HPOS="1168" VPOS="1875" WIDTH="99" HEIGHT="47" CONTENT="trop" WC="1.00" CC="0020"/>
						<SP ID="P64_SP00224" HPOS="1267" VPOS="1922" WIDTH="38"/>
						<String ID="P64_ST00247" HPOS="1305" VPOS="1869" WIDTH="147" HEIGHT="44" CONTENT="douce" WC="0.97" CC="05941"/>
						<SP ID="P64_SP00225" HPOS="1452" VPOS="1922" WIDTH="36"/>
						<String ID="P64_ST00248" HPOS="1488" VPOS="1871" WIDTH="22" HEIGHT="42" CONTENT="à" WC="0.31" CC="6" STYLEREFS="TXT_3"/>
						<SP ID="P64_SP00226" HPOS="1510" VPOS="1922" WIDTH="40"/>
						<String ID="P64_ST00249" HPOS="1550" VPOS="1870" WIDTH="101" HEIGHT="44" CONTENT="leur" WC="0.96" CC="8090"/>
						<SP ID="P64_SP00227" HPOS="1651" VPOS="1922" WIDTH="35"/>
						<String ID="P64_ST00250" HPOS="1686" VPOS="1874" WIDTH="95" HEIGHT="51" CONTENT="gré," WC="0.98" CC="6400"/>
						<SP ID="P64_SP00228" HPOS="1781" VPOS="1925" WIDTH="39"/>
						<String ID="P64_ST00251" HPOS="1820" VPOS="1872" WIDTH="59" HEIGHT="45" CONTENT="du" WC="0.98" CC="00"/>
						<SP ID="P64_SP00229" HPOS="1879" VPOS="1925" WIDTH="38"/>
						<String ID="P64_ST00252" HPOS="1917" VPOS="1880" WIDTH="208" HEIGHT="47" CONTENT="quatuor'" WC="0.99" CC="09080503"/>
						<SP ID="P64_SP00230" HPOS="2125" VPOS="1927" WIDTH="23"/>
						<String ID="P64_ST00253" HPOS="2148" VPOS="1874" WIDTH="114" HEIGHT="44" CONTENT="dans" WC="0.97" CC="1670"/>
					</TextLine>
					<TextLine ID="P64_TL00024" HPOS="258" VPOS="1927" WIDTH="2003" HEIGHT="66">
						<String ID="P64_ST00254" HPOS="258" VPOS="1927" WIDTH="275" HEIGHT="56" CONTENT="l'orchestre," WC="0.99" CC="307403006770"/>
						<SP ID="P64_SP00231" HPOS="533" VPOS="1983" WIDTH="28"/>
						<String ID="P64_ST00255" HPOS="561" VPOS="1938" WIDTH="45" HEIGHT="37" CONTENT="et" WC="0.64" CC="07"/>
						<SP ID="P64_SP00232" HPOS="606" VPOS="1983" WIDTH="27"/>
						<String ID="P64_ST00256" HPOS="633" VPOS="1938" WIDTH="230" HEIGHT="47" CONTENT="trouvent," WC="1.00" CC="500500000"/>
						<SP ID="P64_SP00233" HPOS="863" VPOS="1985" WIDTH="29"/>
						<String ID="P64_ST00257" HPOS="892" VPOS="1946" WIDTH="57" HEIGHT="31" CONTENT="en" WC="0.71" CC="05"/>
						<SP ID="P64_SP00234" HPOS="949" VPOS="1985" WIDTH="28"/>
						<String ID="P64_ST00258" HPOS="977" VPOS="1933" WIDTH="206" HEIGHT="46" CONTENT="donnant" WC="0.98" CC="0368545"/>
						<SP ID="P64_SP00235" HPOS="1183" VPOS="1985" WIDTH="23"/>
						<String ID="P64_ST00259" HPOS="1206" VPOS="1949" WIDTH="80" HEIGHT="30" CONTENT="sur" WC="0.99" CC="003"/>
						<SP ID="P64_SP00236" HPOS="1286" VPOS="1985" WIDTH="26"/>
						<String ID="P64_ST00260" HPOS="1312" VPOS="1936" WIDTH="63" HEIGHT="44" CONTENT="lui" WC="0.96" CC="306"/>
						<SP ID="P64_SP00237" HPOS="1375" VPOS="1985" WIDTH="28"/>
						<String ID="P64_ST00261" HPOS="1403" VPOS="1937" WIDTH="43" HEIGHT="43" CONTENT="le" WC="0.86" CC="20"/>
						<SP ID="P64_SP00238" HPOS="1446" VPOS="1985" WIDTH="25"/>
						<String ID="P64_ST00262" HPOS="1471" VPOS="1950" WIDTH="83" HEIGHT="41" CONTENT="pas" WC="0.98" CC="060"/>
						<SP ID="P64_SP00239" HPOS="1554" VPOS="1991" WIDTH="25"/>
						<String ID="P64_ST00263" HPOS="1579" VPOS="1940" WIDTH="25" HEIGHT="42" CONTENT="à" WC="0.33" CC="6"/>
						<SP ID="P64_SP00240" HPOS="1604" VPOS="1991" WIDTH="28"/>
						<String ID="P64_ST00264" HPOS="1632" VPOS="1937" WIDTH="205" HEIGHT="46" CONTENT="d'autres" WC="0.99" CC="02607000"/>
						<SP ID="P64_SP00241" HPOS="1837" VPOS="1991" WIDTH="25"/>
						<String ID="P64_ST00265" HPOS="1862" VPOS="1940" WIDTH="236" HEIGHT="53" CONTENT="dynasties" WC="0.99" CC="004504030"/>
						<SP ID="P64_SP00242" HPOS="2098" VPOS="1993" WIDTH="26"/>
						<String ID="P64_ST00266" HPOS="2124" VPOS="1938" WIDTH="115" HEIGHT="47" CONTENT="d'ins" SUBS_TYPE="HypPart1" SUBS_CONTENT="d'instruments," WC="0.99" CC="02700"/>
						<HYP HPOS="2239" VPOS="1938" WIDTH="22" CONTENT="-"/>
					</TextLine>
					<TextLine ID="P64_TL00025" HPOS="257" VPOS="1997" WIDTH="2007" HEIGHT="57">
						<String ID="P64_ST00267" HPOS="257" VPOS="2003" WIDTH="229" HEIGHT="47" CONTENT="truments," SUBS_TYPE="HypPart2" SUBS_CONTENT="d'instruments," WC="0.99" CC="390701703"/>
						<SP ID="P64_SP00243" HPOS="486" VPOS="2050" WIDTH="29"/>
						<String ID="P64_ST00268" HPOS="515" VPOS="1997" WIDTH="84" HEIGHT="46" CONTENT="des" WC="1.00" CC="000"/>
						<SP ID="P64_SP00244" HPOS="599" VPOS="2050" WIDTH="24"/>
						<String ID="P64_ST00269" HPOS="623" VPOS="1998" WIDTH="142" HEIGHT="45" CONTENT="effets" WC="0.99" CC="000060"/>
						<SP ID="P64_SP00245" HPOS="765" VPOS="2050" WIDTH="24"/>
						<String ID="P64_ST00270" HPOS="789" VPOS="1999" WIDTH="255" HEIGHT="55" CONTENT="originaux," WC="0.99" CC="2066173702"/>
						<SP ID="P64_SP00246" HPOS="1044" VPOS="2054" WIDTH="30"/>
						<String ID="P64_ST00271" HPOS="1074" VPOS="2016" WIDTH="92" HEIGHT="30" CONTENT="une" WC="0.97" CC="070"/>
						<SP ID="P64_SP00247" HPOS="1166" VPOS="2054" WIDTH="26"/>
						<String ID="P64_ST00272" HPOS="1192" VPOS="2003" WIDTH="193" HEIGHT="45" CONTENT="couleur" WC="0.98" CC="0600096"/>
						<SP ID="P64_SP00248" HPOS="1385" VPOS="2054" WIDTH="24"/>
						<String ID="P64_ST00273" HPOS="1409" VPOS="2005" WIDTH="187" HEIGHT="44" CONTENT="inédite." WC="0.99" CC="09014000"/>
						<SP ID="P64_SP00249" HPOS="1596" VPOS="2054" WIDTH="30"/>
						<String ID="P64_ST00274" HPOS="1626" VPOS="2005" WIDTH="71" HEIGHT="44" CONTENT="De" WC="0.73" CC="50"/>
						<SP ID="P64_SP00250" HPOS="1697" VPOS="2054" WIDTH="27"/>
						<String ID="P64_ST00275" HPOS="1724" VPOS="2006" WIDTH="143" HEIGHT="44" CONTENT="telles" WC="0.98" CC="701070"/>
						<SP ID="P64_SP00251" HPOS="1867" VPOS="2054" WIDTH="18"/>
						<String ID="P64_ST00276" HPOS="1885" VPOS="2008" WIDTH="249" HEIGHT="46" CONTENT="tentatives" WC="0.99" CC="0020447200"/>
						<SP ID="P64_SP00252" HPOS="2134" VPOS="2054" WIDTH="25"/>
						<String ID="P64_ST00277" HPOS="2159" VPOS="2017" WIDTH="105" HEIGHT="37" CONTENT="sont" WC="0.97" CC="0532"/>
					</TextLine>
					<TextLine ID="P64_TL00026" HPOS="258" VPOS="2060" WIDTH="2006" HEIGHT="65">
						<String ID="P64_ST00278" HPOS="258" VPOS="2060" WIDTH="217" HEIGHT="56" CONTENT="légitimes" WC="0.99" CC="101370900"/>
						<SP ID="P64_SP00253" HPOS="475" VPOS="2116" WIDTH="31"/>
						<String ID="P64_ST00279" HPOS="506" VPOS="2072" WIDTH="44" HEIGHT="37" CONTENT="et" WC="1.00" CC="00"/>
						<SP ID="P64_SP00254" HPOS="550" VPOS="2116" WIDTH="30"/>
						<String ID="P64_ST00280" HPOS="580" VPOS="2064" WIDTH="153" HEIGHT="55" CONTENT="utiles," WC="0.99" CC="1740000"/>
						<SP ID="P64_SP00255" HPOS="733" VPOS="2119" WIDTH="33"/>
						<String ID="P64_ST00281" HPOS="766" VPOS="2067" WIDTH="117" HEIGHT="44" CONTENT="elles" WC="0.99" CC="02600"/>
						<SP ID="P64_SP00256" HPOS="883" VPOS="2119" WIDTH="29"/>
						<String ID="P64_ST00282" HPOS="912" VPOS="2067" WIDTH="154" HEIGHT="45" CONTENT="feront" WC="0.99" CC="600303"/>
						<SP ID="P64_SP00257" HPOS="1066" VPOS="2119" WIDTH="30"/>
						<String ID="P64_ST00283" HPOS="1096" VPOS="2072" WIDTH="240" HEIGHT="42" CONTENT="sûrement" WC="1.00" CC="00000073"/>
						<SP ID="P64_SP00258" HPOS="1336" VPOS="2119" WIDTH="31"/>
						<String ID="P64_ST00284" HPOS="1367" VPOS="2071" WIDTH="104" HEIGHT="54" CONTENT="plus" WC="0.95" CC="8517"/>
						<SP ID="P64_SP00259" HPOS="1471" VPOS="2125" WIDTH="31"/>
						<String ID="P64_ST00285" HPOS="1502" VPOS="2072" WIDTH="97" HEIGHT="44" CONTENT="tard" WC="0.97" CC="5600"/>
						<SP ID="P64_SP00260" HPOS="1599" VPOS="2125" WIDTH="32"/>
						<String ID="P64_ST00286" HPOS="1631" VPOS="2073" WIDTH="155" HEIGHT="43" CONTENT="éclore" WC="0.89" CC="000410"/>
						<SP ID="P64_SP00261" HPOS="1786" VPOS="2125" WIDTH="48"/>
						<String ID="P64_ST00287" HPOS="1834" VPOS="2076" WIDTH="24" HEIGHT="42" CONTENT="à" WC="0.93" CC="0"/>
						<SP ID="P64_SP00262" HPOS="1858" VPOS="2125" WIDTH="50"/>
						<String ID="P64_ST00288" HPOS="1908" VPOS="2074" WIDTH="216" HEIGHT="46" CONTENT="maturité" WC="0.98" CC="06530743"/>
						<SP ID="P64_SP00263" HPOS="2124" VPOS="2125" WIDTH="47"/>
						<String ID="P64_ST00289" HPOS="2171" VPOS="2088" WIDTH="93" HEIGHT="32" CONTENT="une" WC="0.98" CC="130"/>
					</TextLine>
					<TextLine ID="P64_TL00027" HPOS="258" VPOS="2129" WIDTH="2006" HEIGHT="69">
						<String ID="P64_ST00290" HPOS="258" VPOS="2129" WIDTH="193" HEIGHT="46" CONTENT="moisson" WC="0.99" CC="6200063"/>
						<SP ID="P64_SP00264" HPOS="451" VPOS="2175" WIDTH="29"/>
						<String ID="P64_ST00291" HPOS="480" VPOS="2133" WIDTH="111" HEIGHT="44" CONTENT="dont" WC="0.99" CC="0070"/>
						<SP ID="P64_SP00265" HPOS="591" VPOS="2177" WIDTH="27"/>
						<String ID="P64_ST00292" HPOS="618" VPOS="2133" WIDTH="30" HEIGHT="44" CONTENT="il" WC="1.00" CC="00"/>
						<SP ID="P64_SP00266" HPOS="648" VPOS="2177" WIDTH="31"/>
						<String ID="P64_ST00293" HPOS="679" VPOS="2147" WIDTH="118" HEIGHT="32" CONTENT="nous" WC="0.97" CC="6230"/>
						<SP ID="P64_SP00267" HPOS="797" VPOS="2179" WIDTH="29"/>
						<String ID="P64_ST00294" HPOS="826" VPOS="2142" WIDTH="76" HEIGHT="37" CONTENT="est" WC="1.00" CC="000"/>
						<SP ID="P64_SP00268" HPOS="902" VPOS="2179" WIDTH="26"/>
						<String ID="P64_ST00295" HPOS="928" VPOS="2135" WIDTH="151" HEIGHT="45" CONTENT="donné" WC="0.98" CC="06610"/>
						<SP ID="P64_SP00269" HPOS="1079" VPOS="2180" WIDTH="30"/>
						<String ID="P64_ST00296" HPOS="1109" VPOS="2137" WIDTH="59" HEIGHT="44" CONTENT="de" WC="1.00" CC="00"/>
						<SP ID="P64_SP00270" HPOS="1168" VPOS="2181" WIDTH="29"/>
						<String ID="P64_ST00297" HPOS="1197" VPOS="2140" WIDTH="162" HEIGHT="51" CONTENT="goûter" WC="0.99" CC="005600"/>
						<SP ID="P64_SP00271" HPOS="1359" VPOS="2191" WIDTH="28"/>
						<String ID="P64_ST00298" HPOS="1387" VPOS="2139" WIDTH="263" HEIGHT="45" CONTENT="seulement" WC="0.98" CC="007606393"/>
						<SP ID="P64_SP00272" HPOS="1650" VPOS="2191" WIDTH="47"/>
						<String ID="P64_ST00299" HPOS="1697" VPOS="2140" WIDTH="70" HEIGHT="45" CONTENT="les" WC="0.96" CC="460"/>
						<SP ID="P64_SP00273" HPOS="1767" VPOS="2191" WIDTH="46"/>
						<String ID="P64_ST00300" HPOS="1813" VPOS="2142" WIDTH="231" HEIGHT="53" CONTENT="prémices" WC="0.99" CC="03000830"/>
						<SP ID="P64_SP00274" HPOS="2044" VPOS="2195" WIDTH="46"/>
						<String ID="P64_ST00301" HPOS="2090" VPOS="2143" WIDTH="174" HEIGHT="55" CONTENT="parfois" WC="0.98" CC="9436700"/>
					</TextLine>
					<TextLine ID="P64_TL00028" HPOS="258" VPOS="2196" WIDTH="2006" HEIGHT="65">
						<String ID="P64_ST00302" HPOS="258" VPOS="2196" WIDTH="160" HEIGHT="55" CONTENT="acides," WC="0.99" CC="5052000"/>
						<SP ID="P64_SP00275" HPOS="418" VPOS="2251" WIDTH="35"/>
						<String ID="P64_ST00303" HPOS="453" VPOS="2199" WIDTH="116" HEIGHT="44" CONTENT="mais" WC="0.97" CC="0560"/>
						<SP ID="P64_SP00276" HPOS="569" VPOS="2251" WIDTH="32"/>
						<String ID="P64_ST00304" HPOS="601" VPOS="2199" WIDTH="315" HEIGHT="48" CONTENT="l'instrument" WC="1.00" CC="006405010050"/>
						<SP ID="P64_SP00277" HPOS="916" VPOS="2251" WIDTH="32"/>
						<String ID="P64_ST00305" HPOS="948" VPOS="2204" WIDTH="24" HEIGHT="42" CONTENT="à" WC="1.00" CC="0"/>
						<SP ID="P64_SP00278" HPOS="972" VPOS="2251" WIDTH="34"/>
						<String ID="P64_ST00306" HPOS="1006" VPOS="2204" WIDTH="173" HEIGHT="52" CONTENT="archet," WC="0.99" CC="0004024"/>
						<SP ID="P64_SP00279" HPOS="1179" VPOS="2256" WIDTH="37"/>
						<String ID="P64_ST00307" HPOS="1216" VPOS="2205" WIDTH="73" HEIGHT="45" CONTENT="tel'" WC="0.97" CC="5060"/>
						<SP ID="P64_SP00280" HPOS="1289" VPOS="2256" WIDTH="23"/>
						<String ID="P64_ST00308" HPOS="1312" VPOS="2219" WIDTH="92" HEIGHT="41" CONTENT="que" WC="0.96" CC="090"/>
						<SP ID="P64_SP00281" HPOS="1404" VPOS="2260" WIDTH="32"/>
						<String ID="P64_ST00309" HPOS="1436" VPOS="2219" WIDTH="119" HEIGHT="32" CONTENT="nous" WC="0.94" CC="6693"/>
						<SP ID="P64_SP00282" HPOS="1555" VPOS="2260" WIDTH="51"/>
						<String ID="P64_ST00310" HPOS="1606" VPOS="2206" WIDTH="111" HEIGHT="46" CONTENT="l'ont" WC="0.97" CC="70560"/>
						<SP ID="P64_SP00283" HPOS="1717" VPOS="2260" WIDTH="51"/>
						<String ID="P64_ST00311" HPOS="1768" VPOS="2208" WIDTH="137" HEIGHT="53" CONTENT="légué" WC="0.98" CC="03901"/>
						<SP ID="P64_SP00284" HPOS="1905" VPOS="2261" WIDTH="50"/>
						<String ID="P64_ST00312" HPOS="1955" VPOS="2209" WIDTH="69" HEIGHT="44" CONTENT="lès" WC="0.95" CC="480"/>
						<SP ID="P64_SP00285" HPOS="2024" VPOS="2261" WIDTH="49"/>
						<String ID="P64_ST00313" HPOS="2073" VPOS="2210" WIDTH="191" HEIGHT="45" CONTENT="anciens" WC="0.99" CC="5504040"/>
					</TextLine>
					<TextLine ID="P64_TL00029" HPOS="258" VPOS="2265" WIDTH="2006" HEIGHT="65">
						<String ID="P64_ST00314" HPOS="258" VPOS="2265" WIDTH="177" HEIGHT="44" CONTENT="maîtres" WC="0.99" CC="6305310"/>
						<SP ID="P64_SP00286" HPOS="435" VPOS="2309" WIDTH="24"/>
						<String ID="P64_ST00315" HPOS="459" VPOS="2266" WIDTH="194" HEIGHT="45" CONTENT="luthiers" WC="1.00" CC="00213010"/>
						<SP ID="P64_SP00287" HPOS="653" VPOS="2311" WIDTH="26"/>
						<String ID="P64_ST00316" HPOS="679" VPOS="2267" WIDTH="57" HEIGHT="45" CONTENT="de" WC="1.00" CC="00"/>
						<SP ID="P64_SP00288" HPOS="736" VPOS="2312" WIDTH="25"/>
						<String ID="P64_ST00317" HPOS="761" VPOS="2267" WIDTH="182" HEIGHT="56" CONTENT="l'ltalie," WC="0.99" CC="105341000"/>
						<SP ID="P64_SP00289" HPOS="943" VPOS="2323" WIDTH="28"/>
						<String ID="P64_ST00318" HPOS="971" VPOS="2272" WIDTH="137" HEIGHT="51" CONTENT="après" WC="0.97" CC="59540"/>
						<SP ID="P64_SP00290" HPOS="1108" VPOS="2323" WIDTH="25"/>
						<String ID="P64_ST00319" HPOS="1133" VPOS="2271" WIDTH="84" HEIGHT="45" CONTENT="des" WC="1.00" CC="000"/>
						<SP ID="P64_SP00291" HPOS="1217" VPOS="2323" WIDTH="24"/>
						<String ID="P64_ST00320" HPOS="1241" VPOS="2271" WIDTH="170" HEIGHT="46" CONTENT="siècles" WC="0.99" CC="0622063"/>
						<SP ID="P64_SP00292" HPOS="1411" VPOS="2323" WIDTH="26"/>
						<String ID="P64_ST00321" HPOS="1437" VPOS="2274" WIDTH="57" HEIGHT="43" CONTENT="de" WC="0.64" CC="70"/>
						<SP ID="P64_SP00293" HPOS="1494" VPOS="2323" WIDTH="25"/>
						<String ID="P64_ST00322" HPOS="1519" VPOS="2275" WIDTH="357" HEIGHT="55" CONTENT="tâtonnements," WC="0.99" CC="7603770946020"/>
						<SP ID="P64_SP00294" HPOS="1876" VPOS="2330" WIDTH="29"/>
						<String ID="P64_ST00323" HPOS="1905" VPOS="2276" WIDTH="108" HEIGHT="45" CONTENT="n'èn" WC="0.78" CC="0062"/>
						<SP ID="P64_SP00295" HPOS="2013" VPOS="2330" WIDTH="28"/>
						<String ID="P64_ST00324" HPOS="2041" VPOS="2276" WIDTH="223" HEIGHT="46" CONTENT="demeure" WC="0.99" CC="0070840"/>
					</TextLine>
					<TextLine ID="P64_TL00030" HPOS="260" VPOS="2331" WIDTH="2002" HEIGHT="62">
						<String ID="P64_ST00325" HPOS="260" VPOS="2341" WIDTH="73" HEIGHT="41" CONTENT="pas" WC="0.99" CC="010"/>
						<SP ID="P64_SP00296" HPOS="333" VPOS="2382" WIDTH="20"/>
						<String ID="P64_ST00326" HPOS="353" VPOS="2331" WIDTH="148" HEIGHT="46" CONTENT="moins" WC="0.98" CC="06630"/>
						<SP ID="P64_SP00297" HPOS="501" VPOS="2382" WIDTH="23"/>
						<String ID="P64_ST00327" HPOS="524" VPOS="2332" WIDTH="44" HEIGHT="46" CONTENT="le" WC="0.76" CC="04"/>
						<SP ID="P64_SP00298" HPOS="568" VPOS="2382" WIDTH="22"/>
						<String ID="P64_ST00328" HPOS="590" VPOS="2333" WIDTH="104" HEIGHT="55" CONTENT="plus" WC="0.97" CC="0650"/>
						<SP ID="P64_SP00299" HPOS="694" VPOS="2388" WIDTH="23"/>
						<String ID="P64_ST00329" HPOS="717" VPOS="2335" WIDTH="166" HEIGHT="54" CONTENT="parfait" WC="0.98" CC="0077450"/>
						<SP ID="P64_SP00300" HPOS="883" VPOS="2389" WIDTH="22"/>
						<String ID="P64_ST00330" HPOS="905" VPOS="2336" WIDTH="58" HEIGHT="44" CONTENT="de" WC="1.00" CC="00"/>
						<SP ID="P64_SP00301" HPOS="963" VPOS="2389" WIDTH="23"/>
						<String ID="P64_ST00331" HPOS="986" VPOS="2345" WIDTH="105" HEIGHT="37" CONTENT="tous" WC="0.99" CC="0300"/>
						<SP ID="P64_SP00302" HPOS="1091" VPOS="2389" WIDTH="23"/>
						<String ID="P64_ST00332" HPOS="1114" VPOS="2339" WIDTH="70" HEIGHT="44" CONTENT="les" WC="0.98" CC="600"/>
						<SP ID="P64_SP00303" HPOS="1184" VPOS="2389" WIDTH="24"/>
						<String ID="P64_ST00333" HPOS="1208" VPOS="2339" WIDTH="318" HEIGHT="54" CONTENT="instruments," WC="0.99" CC="460474045700"/>
						<SP ID="P64_SP00304" HPOS="1526" VPOS="2393" WIDTH="26"/>
						<String ID="P64_ST00334" HPOS="1552" VPOS="2349" WIDTH="47" HEIGHT="37" CONTENT="et" WC="0.67" CC="06"/>
						<SP ID="P64_SP00305" HPOS="1599" VPOS="2393" WIDTH="24"/>
						<String ID="P64_ST00335" HPOS="1623" VPOS="2342" WIDTH="42" HEIGHT="44" CONTENT="le" WC="1.00" CC="00"/>
						<SP ID="P64_SP00306" HPOS="1665" VPOS="2393" WIDTH="26"/>
						<String ID="P64_ST00336" HPOS="1691" VPOS="2342" WIDTH="164" HEIGHT="45" CONTENT="laisser" WC="0.99" CC="4006104"/>
						<SP ID="P64_SP00307" HPOS="1855" VPOS="2393" WIDTH="22"/>
						<String ID="P64_ST00337" HPOS="1877" VPOS="2345" WIDTH="181" HEIGHT="43" CONTENT="tomber" WC="0.99" CC="160000"/>
						<SP ID="P64_SP00308" HPOS="2058" VPOS="2393" WIDTH="24"/>
						<String ID="P64_ST00338" HPOS="2082" VPOS="2344" WIDTH="114" HEIGHT="47" CONTENT="dans" WC="0.99" CC="0330"/>
						<SP ID="P64_SP00309" HPOS="2196" VPOS="2393" WIDTH="24"/>
						<String ID="P64_ST00339" HPOS="2220" VPOS="2346" WIDTH="42" HEIGHT="43" CONTENT="le" WC="0.52" CC="72"/>
					</TextLine>
					<TextLine ID="P64_TL00031" HPOS="260" VPOS="2394" WIDTH="1624" HEIGHT="61">
						<String ID="P64_ST00340" HPOS="260" VPOS="2394" WIDTH="219" HEIGHT="59" CONTENT="discrédit," WC="0.99" CC="7407500440"/>
						<SP ID="P64_SP00310" HPOS="479" VPOS="2453" WIDTH="31"/>
						<String ID="P64_ST00341" HPOS="510" VPOS="2399" WIDTH="117" HEIGHT="46" CONTENT="c'est" WC="0.99" CC="00204"/>
						<SP ID="P64_SP00311" HPOS="627" VPOS="2453" WIDTH="27"/>
						<String ID="P64_ST00342" HPOS="654" VPOS="2401" WIDTH="232" HEIGHT="47" CONTENT="effectuer" WC="0.99" CC="056044300"/>
						<SP ID="P64_SP00312" HPOS="886" VPOS="2453" WIDTH="25"/>
						<String ID="P64_ST00343" HPOS="911" VPOS="2417" WIDTH="62" HEIGHT="31" CONTENT="un" WC="1.00" CC="00"/>
						<SP ID="P64_SP00313" HPOS="973" VPOS="2453" WIDTH="28"/>
						<String ID="P64_ST00344" HPOS="1001" VPOS="2411" WIDTH="159" HEIGHT="38" CONTENT="retour" WC="0.98" CC="006360"/>
						<SP ID="P64_SP00314" HPOS="1160" VPOS="2453" WIDTH="25"/>
						<String ID="P64_ST00345" HPOS="1185" VPOS="2406" WIDTH="239" HEIGHT="46" CONTENT="immédiat" WC="0.99" CC="40000065"/>
						<SP ID="P64_SP00315" HPOS="1424" VPOS="2453" WIDTH="27"/>
						<String ID="P64_ST00346" HPOS="1451" VPOS="2420" WIDTH="109" HEIGHT="32" CONTENT="vers" WC="1.00" CC="0100"/>
						<SP ID="P64_SP00316" HPOS="1560" VPOS="2453" WIDTH="28"/>
						<String ID="P64_ST00347" HPOS="1588" VPOS="2408" WIDTH="42" HEIGHT="45" CONTENT="la" WC="0.33" CC="76"/>
						<SP ID="P64_SP00317" HPOS="1630" VPOS="2453" WIDTH="27"/>
						<String ID="P64_ST00348" HPOS="1657" VPOS="2410" WIDTH="227" HEIGHT="45" CONTENT="barbarie." WC="0.99" CC="452010062"/>
					</TextLine>
					<TextLine ID="P64_TL00032" HPOS="347" VPOS="2463" WIDTH="1913" HEIGHT="70">
						<String ID="P64_ST00349" HPOS="347" VPOS="2463" WIDTH="329" HEIGHT="57" CONTENT="L'expérience" WC="1.00" CC="000700035700"/>
						<SP ID="P64_SP00318" HPOS="676" VPOS="2520" WIDTH="24"/>
						<String ID="P64_ST00350" HPOS="700" VPOS="2471" WIDTH="24" HEIGHT="42" CONTENT="à" WC="1.00" CC="0"/>
						<SP ID="P64_SP00319" HPOS="724" VPOS="2520" WIDTH="24"/>
						<String ID="P64_ST00351" HPOS="748" VPOS="2469" WIDTH="202" HEIGHT="55" CONTENT="laquelle" WC="0.99" CC="16201800"/>
						<SP ID="P64_SP00320" HPOS="950" VPOS="2524" WIDTH="22"/>
						<String ID="P64_ST00352" HPOS="972" VPOS="2485" WIDTH="118" HEIGHT="31" CONTENT="nous" WC="0.97" CC="6060"/>
						<SP ID="P64_SP00321" HPOS="1090" VPOS="2524" WIDTH="23"/>
						<String ID="P64_ST00353" HPOS="1113" VPOS="2486" WIDTH="180" HEIGHT="32" CONTENT="venons" WC="0.99" CC="003056"/>
						<SP ID="P64_SP00322" HPOS="1293" VPOS="2524" WIDTH="23"/>
						<String ID="P64_ST00354" HPOS="1316" VPOS="2473" WIDTH="243" HEIGHT="47" CONTENT="d'assister" WC="0.99" CC="0370040401"/>
						<SP ID="P64_SP00323" HPOS="1559" VPOS="2524" WIDTH="20"/>
						<String ID="P64_ST00355" HPOS="1579" VPOS="2490" WIDTH="24" HEIGHT="30" CONTENT="a" WC="0.65" CC="3"/>
						<SP ID="P64_SP00324" HPOS="1603" VPOS="2524" WIDTH="24"/>
						<String ID="P64_ST00356" HPOS="1627" VPOS="2476" WIDTH="85" HEIGHT="44" CONTENT="dès" WC="0.96" CC="081"/>
						<SP ID="P64_SP00325" HPOS="1712" VPOS="2524" WIDTH="22"/>
						<String ID="P64_ST00357" HPOS="1734" VPOS="2478" WIDTH="277" HEIGHT="52" CONTENT="précédents" WC="0.99" CC="9600007707"/>
						<SP ID="P64_SP00326" HPOS="2011" VPOS="2530" WIDTH="21"/>
						<String ID="P64_ST00358" HPOS="2032" VPOS="2480" WIDTH="228" HEIGHT="53" CONTENT="célèbres," WC="0.99" CC="500070463"/>
					</TextLine>
					<TextLine ID="P64_TL00033" HPOS="263" VPOS="2530" WIDTH="1999" HEIGHT="69">
						<String ID="P64_ST00359" HPOS="263" VPOS="2537" WIDTH="40" HEIGHT="36" CONTENT="et" WC="0.36" CC="75"/>
						<SP ID="P64_SP00327" HPOS="303" VPOS="2573" WIDTH="31"/>
						<String ID="P64_ST00360" HPOS="334" VPOS="2530" WIDTH="200" HEIGHT="49" CONTENT="d'autant" WC="1.00" CC="30000000"/>
						<SP ID="P64_SP00328" HPOS="534" VPOS="2579" WIDTH="33"/>
						<String ID="P64_ST00361" HPOS="567" VPOS="2534" WIDTH="103" HEIGHT="55" CONTENT="plus" WC="0.98" CC="0800"/>
						<SP ID="P64_SP00329" HPOS="670" VPOS="2589" WIDTH="35"/>
						<String ID="P64_ST00362" HPOS="705" VPOS="2537" WIDTH="421" HEIGHT="56" CONTENT="caractéristiques," WC="1.00" CC="06100010504500002"/>
						<SP ID="P64_SP00330" HPOS="1126" VPOS="2593" WIDTH="38"/>
						<String ID="P64_ST00363" HPOS="1164" VPOS="2539" WIDTH="112" HEIGHT="55" CONTENT="qu'il" WC="0.98" CC="04056"/>
						<SP ID="P64_SP00331" HPOS="1276" VPOS="2594" WIDTH="36"/>
						<String ID="P64_ST00364" HPOS="1312" VPOS="2540" WIDTH="233" HEIGHT="55" CONTENT="s'agissait" WC="0.99" CC="0044600466"/>
						<SP ID="P64_SP00332" HPOS="1545" VPOS="2595" WIDTH="35"/>
						<String ID="P64_ST00365" HPOS="1580" VPOS="2543" WIDTH="115" HEIGHT="44" CONTENT="dans" WC="0.98" CC="0700"/>
						<SP ID="P64_SP00333" HPOS="1695" VPOS="2595" WIDTH="35"/>
						<String ID="P64_ST00366" HPOS="1730" VPOS="2544" WIDTH="42" HEIGHT="43" CONTENT="la" WC="0.69" CC="06"/>
						<SP ID="P64_SP00334" HPOS="1772" VPOS="2595" WIDTH="36"/>
						<String ID="P64_ST00367" HPOS="1808" VPOS="2544" WIDTH="209" HEIGHT="55" CONTENT="majorité" WC="0.99" CC="03500140"/>
						<SP ID="P64_SP00335" HPOS="2017" VPOS="2599" WIDTH="36"/>
						<String ID="P64_ST00368" HPOS="2053" VPOS="2546" WIDTH="84" HEIGHT="45" CONTENT="dès" WC="0.97" CC="070"/>
						<SP ID="P64_SP00336" HPOS="2137" VPOS="2599" WIDTH="33"/>
						<String ID="P64_ST00369" HPOS="2170" VPOS="2558" WIDTH="92" HEIGHT="40" CONTENT="cas," WC="0.97" CC="1770"/>
					</TextLine>
					<TextLine ID="P64_TL00034" HPOS="260" VPOS="2603" WIDTH="2002" HEIGHT="59">
						<String ID="P64_ST00370" HPOS="260" VPOS="2607" WIDTH="81" HEIGHT="33" CONTENT="non" WC="0.94" CC="079"/>
						<SP ID="P64_SP00337" HPOS="341" VPOS="2640" WIDTH="28"/>
						<String ID="P64_ST00371" HPOS="369" VPOS="2610" WIDTH="78" HEIGHT="42" CONTENT="pas" WC="0.98" CC="050"/>
						<SP ID="P64_SP00338" HPOS="447" VPOS="2652" WIDTH="28"/>
						<String ID="P64_ST00372" HPOS="475" VPOS="2613" WIDTH="181" HEIGHT="33" CONTENT="comme" WC="1.00" CC="00000"/>
						<SP ID="P64_SP00339" HPOS="656" VPOS="2652" WIDTH="28"/>
						<String ID="P64_ST00373" HPOS="684" VPOS="2603" WIDTH="294" HEIGHT="54" CONTENT="aujourd'hui" WC="0.99" CC="74705002641"/>
						<SP ID="P64_SP00340" HPOS="978" VPOS="2657" WIDTH="31"/>
						<String ID="P64_ST00374" HPOS="1009" VPOS="2605" WIDTH="56" HEIGHT="45" CONTENT="de" WC="1.00" CC="00"/>
						<SP ID="P64_SP00341" HPOS="1065" VPOS="2657" WIDTH="30"/>
						<String ID="P64_ST00375" HPOS="1095" VPOS="2605" WIDTH="192" HEIGHT="56" CONTENT="simples" WC="0.99" CC="0600600"/>
						<SP ID="P64_SP00342" HPOS="1287" VPOS="2661" WIDTH="29"/>
						<String ID="P64_ST00376" HPOS="1316" VPOS="2608" WIDTH="159" HEIGHT="53" CONTENT="copies" WC="0.97" CC="039427"/>
						<SP ID="P64_SP00343" HPOS="1475" VPOS="2661" WIDTH="29"/>
						<String ID="P64_ST00377" HPOS="1504" VPOS="2609" WIDTH="168" HEIGHT="44" CONTENT="devant" WC="0.99" CC="000037"/>
						<SP ID="P64_SP00344" HPOS="1672" VPOS="2661" WIDTH="29"/>
						<String ID="P64_ST00378" HPOS="1701" VPOS="2610" WIDTH="166" HEIGHT="52" CONTENT="égaler" WC="0.97" CC="099055"/>
						<SP ID="P64_SP00345" HPOS="1867" VPOS="2662" WIDTH="21"/>
						<String ID="P64_ST00379" HPOS="1888" VPOS="2612" WIDTH="68" HEIGHT="44" CONTENT="lès" WC="0.98" CC="500"/>
						<SP ID="P64_SP00346" HPOS="1956" VPOS="2662" WIDTH="29"/>
						<String ID="P64_ST00380" HPOS="1985" VPOS="2613" WIDTH="277" HEIGHT="44" CONTENT="vénérables" WC="0.99" CC="0376402700"/>
					</TextLine>
					<TextLine ID="P64_TL00035" HPOS="262" VPOS="2662" WIDTH="2002" HEIGHT="72">
						<String ID="P64_ST00381" HPOS="262" VPOS="2662" WIDTH="239" HEIGHT="59" CONTENT="originaux," WC="0.99" CC="5830605000"/>
						<SP ID="P64_SP00347" HPOS="501" VPOS="2721" WIDTH="33"/>
						<String ID="P64_ST00382" HPOS="534" VPOS="2669" WIDTH="117" HEIGHT="44" CONTENT="mais" WC="0.97" CC="0570"/>
						<SP ID="P64_SP00348" HPOS="651" VPOS="2721" WIDTH="30"/>
						<String ID="P64_ST00383" HPOS="681" VPOS="2669" WIDTH="353" HEIGHT="48" CONTENT="d'instruments" WC="0.99" CC="0057065000700"/>
						<SP ID="P64_SP00349" HPOS="1034" VPOS="2721" WIDTH="29"/>
						<String ID="P64_ST00384" HPOS="1063" VPOS="2674" WIDTH="61" HEIGHT="43" CONTENT="de" WC="0.50" CC="09"/>
						<SP ID="P64_SP00350" HPOS="1124" VPOS="2721" WIDTH="28"/>
						<String ID="P64_ST00385" HPOS="1152" VPOS="2673" WIDTH="150" HEIGHT="45" CONTENT="forme" WC="0.96" CC="65790"/>
						<SP ID="P64_SP00351" HPOS="1302" VPOS="2721" WIDTH="31"/>
						<String ID="P64_ST00386" HPOS="1333" VPOS="2683" WIDTH="45" HEIGHT="37" CONTENT="et" WC="0.33" CC="66"/>
						<SP ID="P64_SP00352" HPOS="1378" VPOS="2721" WIDTH="28"/>
						<String ID="P64_ST00387" HPOS="1406" VPOS="2676" WIDTH="60" HEIGHT="44" CONTENT="de" WC="0.83" CC="03"/>
						<SP ID="P64_SP00353" HPOS="1466" VPOS="2721" WIDTH="28"/>
						<String ID="P64_ST00388" HPOS="1494" VPOS="2676" WIDTH="314" HEIGHT="46" CONTENT="construction" WC="0.99" CC="079078616550"/>
						<SP ID="P64_SP00354" HPOS="1808" VPOS="2722" WIDTH="30"/>
						<String ID="P64_ST00389" HPOS="1838" VPOS="2679" WIDTH="258" HEIGHT="52" CONTENT="nouvellës," WC="0.53" CC="8700087770"/>
						<SP ID="P64_SP00355" HPOS="2096" VPOS="2731" WIDTH="33"/>
						<String ID="P64_ST00390" HPOS="2129" VPOS="2688" WIDTH="135" HEIGHT="46" CONTENT="ayant" WC="0.95" CC="79778"/>
					</TextLine>
					<TextLine ID="P64_TL00036" HPOS="261" VPOS="2728" WIDTH="1676" HEIGHT="70">
						<String ID="P64_ST00391" HPOS="261" VPOS="2728" WIDTH="37" HEIGHT="46" CONTENT="la" WC="0.34" CC="66"/>
						<SP ID="P64_SP00356" HPOS="298" VPOS="2774" WIDTH="29"/>
						<String ID="P64_ST00392" HPOS="327" VPOS="2735" WIDTH="253" HEIGHT="51" CONTENT="prétention" WC="0.99" CC="9003063025"/>
						<SP ID="P64_SP00357" HPOS="580" VPOS="2786" WIDTH="33"/>
						<String ID="P64_ST00393" HPOS="613" VPOS="2737" WIDTH="58" HEIGHT="45" CONTENT="de" WC="1.00" CC="00"/>
						<SP ID="P64_SP00358" HPOS="671" VPOS="2786" WIDTH="32"/>
						<String ID="P64_ST00394" HPOS="703" VPOS="2751" WIDTH="246" HEIGHT="41" CONTENT="surpasser" WC="0.99" CC="000040027"/>
						<SP ID="P64_SP00359" HPOS="949" VPOS="2792" WIDTH="33"/>
						<String ID="P64_ST00395" HPOS="982" VPOS="2746" WIDTH="98" HEIGHT="38" CONTENT="tout" WC="0.95" CC="7544"/>
						<SP ID="P64_SP00360" HPOS="1080" VPOS="2792" WIDTH="32"/>
						<String ID="P64_ST00396" HPOS="1112" VPOS="2754" WIDTH="56" HEIGHT="30" CONTENT="ce" WC="0.94" CC="01"/>
						<SP ID="P64_SP00361" HPOS="1168" VPOS="2792" WIDTH="31"/>
						<String ID="P64_ST00397" HPOS="1199" VPOS="2740" WIDTH="78" HEIGHT="56" CONTENT="qui" WC="0.94" CC="940"/>
						<SP ID="P64_SP00362" HPOS="1277" VPOS="2796" WIDTH="33"/>
						<String ID="P64_ST00398" HPOS="1310" VPOS="2741" WIDTH="124" HEIGHT="46" CONTENT="avait" WC="0.96" CC="60658"/>
						<SP ID="P64_SP00363" HPOS="1434" VPOS="2796" WIDTH="31"/>
						<String ID="P64_ST00399" HPOS="1465" VPOS="2744" WIDTH="147" HEIGHT="44" CONTENT="existé" WC="0.99" CC="007004"/>
						<SP ID="P64_SP00364" HPOS="1612" VPOS="2796" WIDTH="33"/>
						<String ID="P64_ST00400" HPOS="1645" VPOS="2744" WIDTH="292" HEIGHT="54" CONTENT="jusqu'alors." WC="0.99" CC="703030284000"/>
					</TextLine>
					<TextLine ID="P64_TL00037" HPOS="351" VPOS="2797" WIDTH="1909" HEIGHT="69">
						<String ID="P64_ST00401" HPOS="351" VPOS="2797" WIDTH="65" HEIGHT="46" CONTENT="En" WC="0.98" CC="00"/>
						<SP ID="P64_SP00365" HPOS="416" VPOS="2843" WIDTH="29"/>
						<String ID="P64_ST00402" HPOS="445" VPOS="2800" WIDTH="121" HEIGHT="55" CONTENT="1817" WC="0.48" CC="1755"/>
						<SP ID="P64_SP00366" HPOS="566" VPOS="2855" WIDTH="25"/>
						<String ID="P64_ST00403" HPOS="591" VPOS="2802" WIDTH="185" HEIGHT="47" CONTENT="Chanot" WC="0.69" CC="564100"/>
						<SP ID="P64_SP00367" HPOS="776" VPOS="2855" WIDTH="22"/>
						<String ID="P64_ST00404" HPOS="798" VPOS="2807" WIDTH="217" HEIGHT="52" CONTENT="présenta" WC="0.98" CC="91200626"/>
						<SP ID="P64_SP00368" HPOS="1015" VPOS="2859" WIDTH="23"/>
						<String ID="P64_ST00405" HPOS="1038" VPOS="2820" WIDTH="84" HEIGHT="30" CONTENT="son" WC="0.99" CC="020"/>
						<SP ID="P64_SP00369" HPOS="1122" VPOS="2859" WIDTH="24"/>
						<String ID="P64_ST00406" HPOS="1146" VPOS="2806" WIDTH="154" HEIGHT="46" CONTENT="violon" WC="0.99" CC="050600"/>
						<SP ID="P64_SP00370" HPOS="1300" VPOS="2859" WIDTH="24"/>
						<String ID="P64_ST00407" HPOS="1324" VPOS="2810" WIDTH="25" HEIGHT="42" CONTENT="à" WC="0.17" CC="8"/>
						<SP ID="P64_SP00371" HPOS="1349" VPOS="2859" WIDTH="24"/>
						<String ID="P64_ST00408" HPOS="1373" VPOS="2808" WIDTH="272" HEIGHT="46" CONTENT="l'académie" WC="0.98" CC="5264705056"/>
						<SP ID="P64_SP00372" HPOS="1645" VPOS="2859" WIDTH="24"/>
						<String ID="P64_ST00409" HPOS="1669" VPOS="2811" WIDTH="158" HEIGHT="55" CONTENT="royale" WC="0.98" CC="200655"/>
						<SP ID="P64_SP00373" HPOS="1827" VPOS="2866" WIDTH="23"/>
						<String ID="P64_ST00410" HPOS="1850" VPOS="2811" WIDTH="82" HEIGHT="46" CONTENT="des" WC="1.00" CC="000"/>
						<SP ID="P64_SP00374" HPOS="1932" VPOS="2866" WIDTH="26"/>
						<String ID="P64_ST00411" HPOS="1958" VPOS="2811" WIDTH="302" HEIGHT="53" CONTENT="Beaux-Arts," WC="0.99" CC="51609080000"/>
					</TextLine>
					<TextLine ID="P64_TL00038" HPOS="261" VPOS="2863" WIDTH="1997" HEIGHT="69">
						<String ID="P64_ST00412" HPOS="261" VPOS="2864" WIDTH="23" HEIGHT="42" CONTENT="à" WC="0.37" CC="6"/>
						<SP ID="P64_SP00375" HPOS="284" VPOS="2906" WIDTH="24"/>
						<String ID="P64_ST00413" HPOS="308" VPOS="2863" WIDTH="138" HEIGHT="58" CONTENT="Paris," WC="0.98" CC="540600"/>
						<SP ID="P64_SP00376" HPOS="446" VPOS="2921" WIDTH="31"/>
						<String ID="P64_ST00414" HPOS="477" VPOS="2869" WIDTH="169" HEIGHT="46" CONTENT="devant" WC="0.99" CC="000250"/>
						<SP ID="P64_SP00377" HPOS="646" VPOS="2921" WIDTH="25"/>
						<String ID="P64_ST00415" HPOS="671" VPOS="2885" WIDTH="93" HEIGHT="31" CONTENT="une" WC="0.97" CC="410"/>
						<SP ID="P64_SP00378" HPOS="764" VPOS="2921" WIDTH="28"/>
						<String ID="P64_ST00416" HPOS="792" VPOS="2871" WIDTH="316" HEIGHT="47" CONTENT="Commission" WC="0.99" CC="1050520072"/>
						<SP ID="P64_SP00379" HPOS="1108" VPOS="2921" WIDTH="29"/>
						<String ID="P64_ST00417" HPOS="1137" VPOS="2878" WIDTH="250" HEIGHT="51" CONTENT="composée" WC="0.98" CC="16904050"/>
						<SP ID="P64_SP00380" HPOS="1387" VPOS="2929" WIDTH="28"/>
						<String ID="P64_ST00418" HPOS="1415" VPOS="2877" WIDTH="57" HEIGHT="44" CONTENT="de" WC="0.62" CC="15"/>
						<SP ID="P64_SP00381" HPOS="1472" VPOS="2929" WIDTH="27"/>
						<String ID="P64_ST00419" HPOS="1499" VPOS="2874" WIDTH="199" HEIGHT="58" CONTENT="Gossec," WC="0.89" CC="7000000"/>
						<SP ID="P64_SP00382" HPOS="1698" VPOS="2932" WIDTH="31"/>
						<String ID="P64_ST00420" HPOS="1729" VPOS="2876" WIDTH="274" HEIGHT="56" CONTENT="Cherubini," WC="0.66" CC="7601016550"/>
						<SP ID="P64_SP00383" HPOS="2003" VPOS="2932" WIDTH="32"/>
						<String ID="P64_ST00421" HPOS="2035" VPOS="2877" WIDTH="223" HEIGHT="55" CONTENT="Lesueur," WC="0.73" CC="74000060"/>
					</TextLine>
					<TextLine ID="P64_TL00039" HPOS="262" VPOS="2928" WIDTH="1588" HEIGHT="67">
						<String ID="P64_ST00422" HPOS="262" VPOS="2928" WIDTH="80" HEIGHT="48" CONTENT="Ch." WC="1.00" CC="000"/>
						<SP ID="P64_SP00384" HPOS="342" VPOS="2976" WIDTH="25"/>
						<String ID="P64_ST00423" HPOS="367" VPOS="2934" WIDTH="56" HEIGHT="43" CONTENT="de" WC="0.67" CC="60"/>
						<SP ID="P64_SP00385" HPOS="423" VPOS="2977" WIDTH="23"/>
						<String ID="P64_ST00424" HPOS="446" VPOS="2935" WIDTH="153" HEIGHT="56" CONTENT="Prony" WC="0.84" CC="08000"/>
						<SP ID="P64_SP00386" HPOS="599" VPOS="2991" WIDTH="24"/>
						<String ID="P64_ST00425" HPOS="623" VPOS="2946" WIDTH="45" HEIGHT="36" CONTENT="et" WC="0.90" CC="01"/>
						<SP ID="P64_SP00387" HPOS="668" VPOS="2991" WIDTH="26"/>
						<String ID="P64_ST00426" HPOS="694" VPOS="2938" WIDTH="188" HEIGHT="46" CONTENT="BërtOn." WC="0.45" CC="7067952"/>
						<SP ID="P64_SP00388" HPOS="882" VPOS="2991" WIDTH="28"/>
						<String ID="P64_ST00427" HPOS="910" VPOS="2939" WIDTH="67" HEIGHT="46" CONTENT="Le" WC="0.62" CC="70"/>
						<SP ID="P64_SP00389" HPOS="977" VPOS="2991" WIDTH="24"/>
						<String ID="P64_ST00428" HPOS="1001" VPOS="2948" WIDTH="186" HEIGHT="47" CONTENT="rapport" WC="0.98" CC="7000636"/>
						<SP ID="P64_SP00390" HPOS="1187" VPOS="2995" WIDTH="22"/>
						<String ID="P64_ST00429" HPOS="1209" VPOS="2943" WIDTH="230" HEIGHT="46" CONTENT="concluait" WC="0.99" CC="004060746"/>
						<SP ID="P64_SP00391" HPOS="1439" VPOS="2995" WIDTH="24"/>
						<String ID="P64_ST00430" HPOS="1463" VPOS="2956" WIDTH="59" HEIGHT="32" CONTENT="en" WC="0.81" CC="03"/>
						<SP ID="P64_SP00392" HPOS="1522" VPOS="2995" WIDTH="25"/>
						<String ID="P64_ST00431" HPOS="1547" VPOS="2957" WIDTH="82" HEIGHT="32" CONTENT="ces" WC="0.98" CC="060"/>
						<SP ID="P64_SP00393" HPOS="1629" VPOS="2995" WIDTH="22"/>
						<String ID="P64_ST00432" HPOS="1651" VPOS="2953" WIDTH="174" HEIGHT="37" CONTENT="termes" WC="0.98" CC="065508"/>
						<SP ID="P64_SP00394" HPOS="1825" VPOS="2995" WIDTH="14"/>
						<String ID="P64_ST00433" HPOS="1839" VPOS="2965" WIDTH="11" HEIGHT="25" CONTENT=":" WC="0.51" CC="4"/>
					</TextLine>
					<TextLine ID="P64_TL00040" HPOS="351" VPOS="3000" WIDTH="1910" HEIGHT="66">
						<String ID="P64_ST00434" HPOS="351" VPOS="3015" WIDTH="24" HEIGHT="26" CONTENT="«" WC="0.97" CC="0"/>
						<SP ID="P64_SP00395" HPOS="375" VPOS="3041" WIDTH="38"/>
						<String ID="P64_ST00435" HPOS="413" VPOS="3000" WIDTH="62" HEIGHT="46" CONTENT="M." WC="0.69" CC="41"/>
						<SP ID="P64_SP00396" HPOS="475" VPOS="3046" WIDTH="36"/>
						<String ID="P64_ST00436" HPOS="511" VPOS="3003" WIDTH="232" HEIGHT="56" CONTENT="Boucher," WC="0.99" CC="40445043"/>
						<SP ID="P64_SP00397" HPOS="743" VPOS="3059" WIDTH="32"/>
						<String ID="P64_ST00437" HPOS="775" VPOS="3018" WIDTH="80" HEIGHT="32" CONTENT="sur" WC="0.99" CC="030"/>
						<SP ID="P64_SP00398" HPOS="855" VPOS="3059" WIDTH="31"/>
						<String ID="P64_ST00438" HPOS="886" VPOS="3005" WIDTH="275" HEIGHT="47" CONTENT="l'invitation" WC="0.99" CC="625657050460"/>
						<SP ID="P64_SP00399" HPOS="1161" VPOS="3059" WIDTH="33"/>
						<String ID="P64_ST00439" HPOS="1194" VPOS="3009" WIDTH="70" HEIGHT="43" CONTENT="dë-" WC="0.60" CC="073"/>
						<SP ID="P64_SP00400" HPOS="1264" VPOS="3059" WIDTH="20"/>
						<String ID="P64_ST00440" HPOS="1284" VPOS="3009" WIDTH="42" HEIGHT="45" CONTENT="la" WC="0.49" CC="64"/>
						<SP ID="P64_SP00401" HPOS="1326" VPOS="3059" WIDTH="32"/>
						<String ID="P64_ST00441" HPOS="1358" VPOS="3010" WIDTH="192" HEIGHT="54" CONTENT="section," WC="0.99" CC="03000170"/>
						<SP ID="P64_SP00402" HPOS="1550" VPOS="3064" WIDTH="35"/>
						<String ID="P64_ST00442" HPOS="1585" VPOS="3012" WIDTH="124" HEIGHT="44" CONTENT="avait" WC="0.97" CC="20666"/>
						<SP ID="P64_SP00403" HPOS="1709" VPOS="3064" WIDTH="30"/>
						<String ID="P64_ST00443" HPOS="1739" VPOS="3014" WIDTH="191" HEIGHT="52" CONTENT="apporté" WC="0.98" CC="5900007"/>
						<SP ID="P64_SP00404" HPOS="1930" VPOS="3066" WIDTH="30"/>
						<String ID="P64_ST00444" HPOS="1960" VPOS="3013" WIDTH="25" HEIGHT="43" CONTENT="à" WC="1.00" CC="0"/>
						<SP ID="P64_SP00405" HPOS="1985" VPOS="3066" WIDTH="32"/>
						<String ID="P64_ST00445" HPOS="2017" VPOS="3012" WIDTH="45" HEIGHT="44" CONTENT="l'a" WC="0.94" CC="547"/>
						<SP ID="P64_SP00406" HPOS="2062" VPOS="3066" WIDTH="29"/>
						<String ID="P64_ST00446" HPOS="2091" VPOS="3014" WIDTH="170" HEIGHT="43" CONTENT="séance" WC="0.98" CC="086202"/>
					</TextLine>
					<TextLine ID="P64_TL00041" HPOS="262" VPOS="3061" WIDTH="2000" HEIGHT="69">
						<String ID="P64_ST00447" HPOS="262" VPOS="3061" WIDTH="10" HEIGHT="43" CONTENT="1" WC="0.27" CC="7"/>
						<SP ID="P64_SP00407" HPOS="272" VPOS="3104" WIDTH="21"/>
						<String ID="P64_ST00448" HPOS="293" VPOS="3076" WIDTH="55" HEIGHT="32" CONTENT="un" WC="1.00" CC="00"/>
						<SP ID="P64_SP00408" HPOS="348" VPOS="3108" WIDTH="27"/>
						<String ID="P64_ST00449" HPOS="375" VPOS="3066" WIDTH="80" HEIGHT="46" CONTENT="des" WC="1.00" CC="000"/>
						<SP ID="P64_SP00409" HPOS="455" VPOS="3112" WIDTH="25"/>
						<String ID="P64_ST00450" HPOS="480" VPOS="3070" WIDTH="239" HEIGHT="46" CONTENT="meilleurs" WC="1.00" CC="003050300"/>
						<SP ID="P64_SP00410" HPOS="719" VPOS="3116" WIDTH="28"/>
						<String ID="P64_ST00451" HPOS="747" VPOS="3071" WIDTH="313" HEIGHT="49" CONTENT="Stradivarius" WC="1.00" CC="050105000500"/>
						<SP ID="P64_SP00411" HPOS="1060" VPOS="3120" WIDTH="25"/>
						<String ID="P64_ST00452" HPOS="1085" VPOS="3088" WIDTH="193" HEIGHT="42" CONTENT="connus," WC="1.00" CC="0000000"/>
						<SP ID="P64_SP00412" HPOS="1278" VPOS="3130" WIDTH="31"/>
						<String ID="P64_ST00453" HPOS="1309" VPOS="3084" WIDTH="45" HEIGHT="38" CONTENT="et" WC="1.00" CC="00"/>
						<SP ID="P64_SP00413" HPOS="1354" VPOS="3130" WIDTH="27"/>
						<String ID="P64_ST00454" HPOS="1381" VPOS="3090" WIDTH="182" HEIGHT="31" CONTENT="comme" WC="1.00" CC="00000"/>
						<SP ID="P64_SP00414" HPOS="1563" VPOS="3130" WIDTH="26"/>
						<String ID="P64_ST00455" HPOS="1589" VPOS="3078" WIDTH="31" HEIGHT="44" CONTENT="il" WC="0.70" CC="50"/>
						<String ID="P64_ST00456" HPOS="1625" VPOS="3078" WIDTH="5" HEIGHT="23" CONTENT="1" STYLE="superscript" WC="0.68" CC="3"/>
						<SP ID="P64_SP00415" HPOS="1630" VPOS="3130" WIDTH="18"/>
						<String ID="P64_ST00457" HPOS="1648" VPOS="3078" WIDTH="147" HEIGHT="45" CONTENT="existe" WC="0.99" CC="005030"/>
						<SP ID="P64_SP00416" HPOS="1795" VPOS="3130" WIDTH="27"/>
						<String ID="P64_ST00458" HPOS="1822" VPOS="3090" WIDTH="58" HEIGHT="33" CONTENT="en" WC="0.86" CC="02"/>
						<SP ID="P64_SP00417" HPOS="1880" VPOS="3130" WIDTH="28"/>
						<String ID="P64_ST00459" HPOS="1908" VPOS="3079" WIDTH="164" HEIGHT="46" CONTENT="faveur" WC="0.97" CC="690456"/>
						<SP ID="P64_SP00418" HPOS="2072" VPOS="3130" WIDTH="26"/>
						<String ID="P64_ST00460" HPOS="2098" VPOS="3080" WIDTH="58" HEIGHT="43" CONTENT="de" WC="0.90" CC="20"/>
						<SP ID="P64_SP00419" HPOS="2156" VPOS="3130" WIDTH="25"/>
						<String ID="P64_ST00461" HPOS="2181" VPOS="3092" WIDTH="81" HEIGHT="33" CONTENT="ces" WC="1.00" CC="000"/>
					</TextLine>
					<TextLine ID="P64_TL00042" HPOS="262" VPOS="3134" WIDTH="1999" HEIGHT="67">
						<String ID="P64_ST00462" HPOS="262" VPOS="3134" WIDTH="241" HEIGHT="47" CONTENT="excellents" WC="0.99" CC="6350030060"/>
						<SP ID="P64_SP00420" HPOS="503" VPOS="3181" WIDTH="30"/>
						<String ID="P64_ST00463" HPOS="533" VPOS="3136" WIDTH="190" HEIGHT="47" CONTENT="violons-" WC="0.98" CC="07044608"/>
						<SP ID="P64_SP00421" HPOS="723" VPOS="3183" WIDTH="22"/>
						<String ID="P64_ST00464" HPOS="745" VPOS="3153" WIDTH="62" HEIGHT="31" CONTENT="un" WC="1.00" CC="00"/>
						<SP ID="P64_SP00422" HPOS="807" VPOS="3184" WIDTH="32"/>
						<String ID="P64_ST00465" HPOS="839" VPOS="3140" WIDTH="191" HEIGHT="55" CONTENT="préjugé" WC="0.98" CC="0606591"/>
						<SP ID="P64_SP00423" HPOS="1030" VPOS="3195" WIDTH="32"/>
						<String ID="P64_ST00466" HPOS="1062" VPOS="3142" WIDTH="97" HEIGHT="44" CONTENT="très" WC="0.97" CC="1650"/>
						<SP ID="P64_SP00424" HPOS="1159" VPOS="3195" WIDTH="31"/>
						<String ID="P64_ST00467" HPOS="1190" VPOS="3150" WIDTH="304" HEIGHT="47" CONTENT="avantageux," WC="0.99" CC="40000491090"/>
						<SP ID="P64_SP00425" HPOS="1494" VPOS="3197" WIDTH="36"/>
						<String ID="P64_ST00468" HPOS="1530" VPOS="3145" WIDTH="62" HEIGHT="44" CONTENT="M." WC="0.69" CC="60"/>
						<SP ID="P64_SP00426" HPOS="1592" VPOS="3197" WIDTH="38"/>
						<String ID="P64_ST00469" HPOS="1630" VPOS="3144" WIDTH="228" HEIGHT="56" CONTENT="Boucher," WC="0.99" CC="62007260"/>
						<SP ID="P64_SP00427" HPOS="1858" VPOS="3200" WIDTH="36"/>
						<String ID="P64_ST00470" HPOS="1894" VPOS="3159" WIDTH="118" HEIGHT="42" CONTENT="pour" WC="1.00" CC="0002"/>
						<SP ID="P64_SP00428" HPOS="2012" VPOS="3201" WIDTH="27"/>
						<String ID="P64_ST00471" HPOS="2039" VPOS="3153" WIDTH="166" HEIGHT="39" CONTENT="mettre" WC="0.99" CC="702500"/>
						<SP ID="P64_SP00429" HPOS="2205" VPOS="3201" WIDTH="31"/>
						<String ID="P64_ST00472" HPOS="2236" VPOS="3149" WIDTH="25" HEIGHT="43" CONTENT="à" WC="0.86" CC="1"/>
					</TextLine>
					<TextLine ID="P64_TL00043" HPOS="262" VPOS="3200" WIDTH="1999" HEIGHT="67">
						<String ID="P64_ST00473" HPOS="262" VPOS="3200" WIDTH="142" HEIGHT="44" CONTENT="même" WC="0.95" CC="7096"/>
						<SP ID="P64_SP00430" HPOS="404" VPOS="3244" WIDTH="31"/>
						<String ID="P64_ST00474" HPOS="435" VPOS="3203" WIDTH="57" HEIGHT="45" CONTENT="de" WC="0.63" CC="70"/>
						<SP ID="P64_SP00431" HPOS="492" VPOS="3248" WIDTH="30"/>
						<String ID="P64_ST00475" HPOS="522" VPOS="3203" WIDTH="132" HEIGHT="56" CONTENT="juger" WC="0.98" CC="60900"/>
						<SP ID="P64_SP00432" HPOS="654" VPOS="3259" WIDTH="30"/>
						<String ID="P64_ST00476" HPOS="684" VPOS="3219" WIDTH="115" HEIGHT="31" CONTENT="avec" WC="0.98" CC="4006"/>
						<SP ID="P64_SP00433" HPOS="799" VPOS="3259" WIDTH="33"/>
						<String ID="P64_ST00477" HPOS="832" VPOS="3207" WIDTH="310" HEIGHT="55" CONTENT="impartialité;" WC="0.99" CC="2904500560006"/>
						<SP ID="P64_SP00434" HPOS="1142" VPOS="3262" WIDTH="36"/>
						<String ID="P64_ST00478" HPOS="1178" VPOS="3217" WIDTH="80" HEIGHT="37" CONTENT="eut" WC="0.96" CC="062"/>
						<SP ID="P64_SP00435" HPOS="1258" VPOS="3262" WIDTH="31"/>
						<String ID="P64_ST00479" HPOS="1289" VPOS="3210" WIDTH="42" HEIGHT="44" CONTENT="la" WC="0.44" CC="65"/>
						<SP ID="P64_SP00436" HPOS="1331" VPOS="3262" WIDTH="33"/>
						<String ID="P64_ST00480" HPOS="1364" VPOS="3212" WIDTH="341" HEIGHT="54" CONTENT="complaisance" WC="1.00" CC="060035000600"/>
						<SP ID="P64_SP00437" HPOS="1705" VPOS="3266" WIDTH="34"/>
						<String ID="P64_ST00481" HPOS="1739" VPOS="3214" WIDTH="56" HEIGHT="43" CONTENT="dë" WC="0.69" CC="06"/>
						<SP ID="P64_SP00438" HPOS="1795" VPOS="3266" WIDTH="34"/>
						<String ID="P64_ST00482" HPOS="1829" VPOS="3226" WIDTH="160" HEIGHT="41" CONTENT="passer" WC="1.00" CC="060000"/>
						<SP ID="P64_SP00439" HPOS="1989" VPOS="3267" WIDTH="33"/>
						<String ID="P64_ST00483" HPOS="2022" VPOS="3214" WIDTH="115" HEIGHT="45" CONTENT="d'ans" WC="0.98" CC="14080"/>
						<SP ID="P64_SP00440" HPOS="2137" VPOS="3267" WIDTH="31"/>
						<String ID="P64_ST00484" HPOS="2168" VPOS="3228" WIDTH="93" HEIGHT="31" CONTENT="une" WC="0.95" CC="660"/>
					</TextLine>
					<TextLine ID="P64_TL00044" HPOS="263" VPOS="3264" WIDTH="1999" HEIGHT="69">
						<String ID="P64_ST00485" HPOS="263" VPOS="3264" WIDTH="104" HEIGHT="46" CONTENT="salle" WC="0.98" CC="54050"/>
						<SP ID="P64_SP00441" HPOS="367" VPOS="3310" WIDTH="23"/>
						<String ID="P64_ST00486" HPOS="390" VPOS="3268" WIDTH="178" HEIGHT="48" CONTENT="voisine" WC="0.99" CC="1460610"/>
						<SP ID="P64_SP00442" HPOS="568" VPOS="3316" WIDTH="26"/>
						<String ID="P64_ST00487" HPOS="594" VPOS="3280" WIDTH="45" HEIGHT="36" CONTENT="et" WC="0.94" CC="01"/>
						<SP ID="P64_SP00443" HPOS="639" VPOS="3316" WIDTH="26"/>
						<String ID="P64_ST00488" HPOS="665" VPOS="3272" WIDTH="58" HEIGHT="44" CONTENT="de" WC="1.00" CC="00"/>
						<SP ID="P64_SP00444" HPOS="723" VPOS="3316" WIDTH="24"/>
						<String ID="P64_ST00489" HPOS="747" VPOS="3273" WIDTH="132" HEIGHT="55" CONTENT="jouer" WC="0.98" CC="50500"/>
						<SP ID="P64_SP00445" HPOS="879" VPOS="3328" WIDTH="26"/>
						<String ID="P64_ST00490" HPOS="905" VPOS="3275" WIDTH="404" HEIGHT="47" CONTENT="alternativement" WC="1.00" CC="656000502000020"/>
						<SP ID="P64_SP00446" HPOS="1309" VPOS="3328" WIDTH="26"/>
						<String ID="P64_ST00491" HPOS="1335" VPOS="3277" WIDTH="70" HEIGHT="45" CONTENT="les" WC="0.97" CC="600"/>
						<SP ID="P64_SP00447" HPOS="1405" VPOS="3328" WIDTH="24"/>
						<String ID="P64_ST00492" HPOS="1429" VPOS="3281" WIDTH="179" HEIGHT="42" CONTENT="mêmes" WC="0.99" CC="00900"/>
						<SP ID="P64_SP00448" HPOS="1608" VPOS="3328" WIDTH="27"/>
						<String ID="P64_ST00493" HPOS="1635" VPOS="3292" WIDTH="221" HEIGHT="41" CONTENT="passages" WC="0.99" CC="02000900"/>
						<SP ID="P64_SP00449" HPOS="1856" VPOS="3333" WIDTH="25"/>
						<String ID="P64_ST00494" HPOS="1881" VPOS="3294" WIDTH="80" HEIGHT="30" CONTENT="sur" WC="1.00" CC="000"/>
						<SP ID="P64_SP00450" HPOS="1961" VPOS="3333" WIDTH="26"/>
						<String ID="P64_ST00495" HPOS="1987" VPOS="3280" WIDTH="96" HEIGHT="45" CONTENT="l'un" WC="0.97" CC="0291"/>
						<SP ID="P64_SP00451" HPOS="2083" VPOS="3333" WIDTH="28"/>
						<String ID="P64_ST00496" HPOS="2111" VPOS="3288" WIDTH="47" HEIGHT="39" CONTENT="et" WC="0.79" CC="04"/>
						<SP ID="P64_SP00452" HPOS="2158" VPOS="3333" WIDTH="23"/>
						<String ID="P64_ST00497" HPOS="2181" VPOS="3295" WIDTH="81" HEIGHT="32" CONTENT="sur" WC="0.95" CC="372"/>
					</TextLine>
					<TextLine ID="P64_TL00045" HPOS="263" VPOS="3328" WIDTH="1994" HEIGHT="71">
						<String ID="P64_ST00498" HPOS="263" VPOS="3328" WIDTH="9" HEIGHT="43" CONTENT="1" WC="1.00" CC="0"/>
						<SP ID="P64_SP00453" HPOS="272" VPOS="3371" WIDTH="21"/>
						<String ID="P64_ST00499" HPOS="293" VPOS="3341" WIDTH="123" HEIGHT="38" CONTENT="autre" WC="0.97" CC="67612"/>
						<SP ID="P64_SP00454" HPOS="416" VPOS="3379" WIDTH="19"/>
						<String ID="P64_ST00500" HPOS="435" VPOS="3335" WIDTH="289" HEIGHT="50" CONTENT="instrument;" WC="0.98" CC="67038063657"/>
						<SP ID="P64_SP00455" HPOS="724" VPOS="3385" WIDTH="24"/>
						<String ID="P64_ST00501" HPOS="748" VPOS="3342" WIDTH="72" HEIGHT="42" CONTENT="La" WC="0.51" CC="90" STYLEREFS="TXT_2"/>
						<SP ID="P64_SP00456" HPOS="820" VPOS="3385" WIDTH="19"/>
						<String ID="P64_ST00502" HPOS="839" VPOS="3341" WIDTH="315" HEIGHT="45" CONTENT="Commission" WC="0.99" CC="7710001000" STYLEREFS="TXT_2"/>
						<SP ID="P64_SP00457" HPOS="1154" VPOS="3386" WIDTH="24"/>
						<String ID="P64_ST00503" HPOS="1178" VPOS="3343" WIDTH="191" HEIGHT="51" CONTENT="entière," WC="0.99" CC="34005311" STYLEREFS="TXT_2"/>
						<SP ID="P64_SP00458" HPOS="1369" VPOS="3394" WIDTH="26"/>
						<String ID="P64_ST00504" HPOS="1395" VPOS="3346" WIDTH="114" HEIGHT="42" CONTENT="dans" WC="0.97" CC="0714" STYLEREFS="TXT_2"/>
						<SP ID="P64_SP00459" HPOS="1509" VPOS="3394" WIDTH="23"/>
						<String ID="P64_ST00505" HPOS="1532" VPOS="3347" WIDTH="118" HEIGHT="42" CONTENT="trois" WC="0.98" CC="07208" STYLEREFS="TXT_2"/>
						<SP ID="P64_SP00460" HPOS="1650" VPOS="3394" WIDTH="17"/>
						<String ID="P64_ST00506" HPOS="1667" VPOS="3347" WIDTH="230" HEIGHT="52" CONTENT="épreuves" WC="0.98" CC="09207076" STYLEREFS="TXT_2"/>
						<SP ID="P64_SP00461" HPOS="1897" VPOS="3399" WIDTH="21"/>
						<String ID="P64_ST00507" HPOS="1918" VPOS="3347" WIDTH="339" HEIGHT="52" CONTENT="consécutives," WC="0.99" CC="2855768002300" STYLEREFS="TXT_2"/>
					</TextLine>
					<TextLine ID="P64_TL00046" HPOS="273" VPOS="3400" WIDTH="1570" HEIGHT="62">
						<String ID="P64_ST00508" HPOS="273" VPOS="3405" WIDTH="28" HEIGHT="32" CONTENT="a" WC="0.14" CC="8" STYLEREFS="TXT_2"/>
						<SP ID="P64_SP00462" HPOS="301" VPOS="3437" WIDTH="16"/>
						<String ID="P64_ST00509" HPOS="317" VPOS="3400" WIDTH="200" HEIGHT="54" CONTENT="toujours" WC="0.98" CC="47705772" STYLEREFS="TXT_2"/>
						<SP ID="P64_SP00463" HPOS="517" VPOS="3454" WIDTH="19"/>
						<String ID="P64_ST00510" HPOS="536" VPOS="3415" WIDTH="80" HEIGHT="35" CONTENT="cm" WC="0.50" CC="18" STYLEREFS="TXT_2"/>
						<SP ID="P64_SP00464" HPOS="616" VPOS="3454" WIDTH="390"/>
						<String ID="P64_ST00511" HPOS="1006" VPOS="3408" WIDTH="290" HEIGHT="44" CONTENT="enttndt&amp;le" WC="0.42" CC="8739499004" STYLEREFS="TXT_2"/>
						<String ID="P64_ST00512" HPOS="1297" VPOS="3419" WIDTH="12" HEIGHT="18" CONTENT="7" STYLE="superscript" WC="0.23" CC="7" STYLEREFS="TXT_2"/>
						<SP ID="P64_SP00465" HPOS="1309" VPOS="3454" WIDTH="10"/>
						<String ID="P64_ST00513" HPOS="1319" VPOS="3407" WIDTH="324" HEIGHT="47" CONTENT="Stradivarius" WC="0.99" CC="560940084469" STYLEREFS="TXT_2"/>
						<SP ID="P64_SP00466" HPOS="1643" VPOS="3454" WIDTH="12"/>
						<String ID="P64_ST00514" HPOS="1655" VPOS="3412" WIDTH="188" HEIGHT="50" CONTENT="lorsque" WC="0.98" CC="0008258" STYLEREFS="TXT_2"/>
					</TextLine>
					<TextLine ID="P64_TL00047" HPOS="279" VPOS="3461" WIDTH="1982" HEIGHT="74">
						<String ID="P64_ST00515" HPOS="279" VPOS="3461" WIDTH="142" HEIGHT="48" CONTENT="violon" WC="0.98" CC="207091" STYLEREFS="TXT_2"/>
						<SP ID="P64_SP00467" HPOS="421" VPOS="3509" WIDTH="202"/>
						<String ID="P64_ST00516" HPOS="623" VPOS="3474" WIDTH="43" HEIGHT="39" CONTENT="et" WC="0.70" CC="05" STYLEREFS="TXT_2"/>
						<SP ID="P64_SP00468" HPOS="666" VPOS="3513" WIDTH="98"/>
						<String ID="P64_ST00517" HPOS="764" VPOS="3471" WIDTH="104" HEIGHT="45" CONTENT="vice" WC="1.00" CC="1000" STYLEREFS="TXT_2"/>
						<SP ID="P64_SP00469" HPOS="868" VPOS="3516" WIDTH="160"/>
						<String ID="P64_ST00518" HPOS="1028" VPOS="3484" WIDTH="138" HEIGHT="33" CONTENT="versa" WC="0.99" CC="09000" STYLEREFS="TXT_2"/>
						<SP ID="P64_SP00470" HPOS="1166" VPOS="3517" WIDTH="191"/>
						<String ID="P64_ST00519" HPOS="1357" VPOS="3475" WIDTH="211" HEIGHT="54" CONTENT="lorsqu'il" WC="0.99" CC="050138300" STYLEREFS="TXT_2"/>
						<SP ID="P64_SP00471" HPOS="1568" VPOS="3529" WIDTH="263"/>
						<String ID="P64_ST00520" HPOS="1831" VPOS="3476" WIDTH="146" HEIGHT="54" CONTENT="jouait" WC="0.99" CC="140700" STYLEREFS="TXT_2"/>
						<SP ID="P64_SP00472" HPOS="1977" VPOS="3530" WIDTH="196"/>
						<String ID="P64_ST00521" HPOS="2173" VPOS="3478" WIDTH="46" HEIGHT="43" CONTENT="le" WC="0.51" CC="09" STYLEREFS="TXT_2"/>
						<SP ID="P64_SP00473" HPOS="2219" VPOS="3530" WIDTH="-575"/>
						<String ID="P64_ST00522" HPOS="1644" VPOS="3476" WIDTH="138" HEIGHT="47" CONTENT="Cëttis" WC="0.36" CC="578637"/>
						<SP ID="P64_SP00474" HPOS="2219" VPOS="3530" WIDTH="-408"/>
						<String ID="P64_ST00523" HPOS="1811" VPOS="3480" WIDTH="213" HEIGHT="55" CONTENT="méprise'" WC="0.98" CC="02896044"/>
						<SP ID="P64_SP00475" HPOS="2219" VPOS="3535" WIDTH="-175"/>
						<String ID="P64_ST00524" HPOS="2044" VPOS="3482" WIDTH="217" HEIGHT="45" CONTENT="continue" WC="0.98" CC="06048460"/>
					</TextLine>
					<TextLine ID="P64_TL00048" HPOS="263" VPOS="3531" WIDTH="1998" HEIGHT="75">
						<String ID="P64_ST00525" HPOS="263" VPOS="3540" WIDTH="22" HEIGHT="30" CONTENT="a" WC="0.24" CC="7"/>
						<SP ID="P64_SP00476" HPOS="285" VPOS="3570" WIDTH="20"/>
						<String ID="P64_ST00526" HPOS="305" VPOS="3531" WIDTH="155" HEIGHT="48" CONTENT="décidé" WC="0.97" CC="974005"/>
						<SP ID="P64_SP00477" HPOS="460" VPOS="3579" WIDTH="22"/>
						<String ID="P64_ST00527" HPOS="482" VPOS="3536" WIDTH="40" HEIGHT="46" CONTENT="la" WC="0.59" CC="25"/>
						<SP ID="P64_SP00478" HPOS="522" VPOS="3582" WIDTH="22"/>
						<String ID="P64_ST00528" HPOS="544" VPOS="3539" WIDTH="213" HEIGHT="56" CONTENT="question" WC="0.98" CC="31940603"/>
						<SP ID="P64_SP00479" HPOS="757" VPOS="3595" WIDTH="23"/>
						<String ID="P64_ST00529" HPOS="780" VPOS="3553" WIDTH="59" HEIGHT="33" CONTENT="en" WC="0.30" CC="67"/>
						<SP ID="P64_SP00480" HPOS="839" VPOS="3595" WIDTH="24"/>
						<String ID="P64_ST00530" HPOS="863" VPOS="3540" WIDTH="165" HEIGHT="47" CONTENT="faveur" WC="0.98" CC="657300"/>
						<SP ID="P64_SP00481" HPOS="1028" VPOS="3595" WIDTH="21"/>
						<String ID="P64_ST00531" HPOS="1049" VPOS="3542" WIDTH="60" HEIGHT="46" CONTENT="du" WC="0.39" CC="56"/>
						<SP ID="P64_SP00482" HPOS="1109" VPOS="3595" WIDTH="23"/>
						<String ID="P64_ST00532" HPOS="1132" VPOS="3542" WIDTH="155" HEIGHT="50" CONTENT="violon" WC="0.97" CC="863508"/>
						<SP ID="P64_SP00483" HPOS="1287" VPOS="3595" WIDTH="24"/>
						<String ID="P64_ST00533" HPOS="1311" VPOS="3542" WIDTH="57" HEIGHT="46" CONTENT="dë" WC="0.60" CC="07"/>
						<SP ID="P64_SP00484" HPOS="1368" VPOS="3595" WIDTH="23"/>
						<String ID="P64_ST00534" HPOS="1391" VPOS="3542" WIDTH="62" HEIGHT="46" CONTENT="M." WC="0.72" CC="50"/>
						<SP ID="P64_SP00485" HPOS="1453" VPOS="3595" WIDTH="28"/>
						<String ID="P64_ST00535" HPOS="1481" VPOS="3542" WIDTH="198" HEIGHT="56" CONTENT="Charrot," WC="0.53" CC="06864450"/>
						<SP ID="P64_SP00486" HPOS="1679" VPOS="3598" WIDTH="27"/>
						<String ID="P64_ST00536" HPOS="1706" VPOS="3546" WIDTH="91" HEIGHT="55" CONTENT="qui;" WC="0.95" CC="8068"/>
						<SP ID="P64_SP00487" HPOS="1797" VPOS="3601" WIDTH="27"/>
						<String ID="P64_ST00537" HPOS="1824" VPOS="3548" WIDTH="202" HEIGHT="55" CONTENT="quoique" WC="0.98" CC="5064820"/>
						<SP ID="P64_SP00488" HPOS="2026" VPOS="3603" WIDTH="22"/>
						<String ID="P64_ST00538" HPOS="2048" VPOS="3549" WIDTH="213" HEIGHT="57" CONTENT="fabriqué" WC="0.98" CC="67700765"/>
					</TextLine>
					<TextLine ID="P64_TL00049" HPOS="263" VPOS="3600" WIDTH="1999" HEIGHT="72">
						<String ID="P64_ST00539" HPOS="263" VPOS="3606" WIDTH="107" HEIGHT="36" CONTENT="avec" WC="0.96" CC="7903"/>
						<SP ID="P64_SP00489" HPOS="370" VPOS="3642" WIDTH="23"/>
						<String ID="P64_ST00540" HPOS="393" VPOS="3600" WIDTH="58" HEIGHT="45" CONTENT="du" WC="0.50" CC="09"/>
						<SP ID="P64_SP00490" HPOS="451" VPOS="3645" WIDTH="23"/>
						<String ID="P64_ST00541" HPOS="474" VPOS="3602" WIDTH="103" HEIGHT="47" CONTENT="bois" WC="0.96" CC="5860"/>
						<SP ID="P64_SP00491" HPOS="577" VPOS="3649" WIDTH="22"/>
						<String ID="P64_ST00542" HPOS="599" VPOS="3605" WIDTH="125" HEIGHT="47" CONTENT="neuf" WC="0.97" CC="0057"/>
						<SP ID="P64_SP00492" HPOS="724" VPOS="3652" WIDTH="14"/>
						<String ID="P64_ST00543" HPOS="738" VPOS="3606" WIDTH="59" HEIGHT="46" CONTENT="de" WC="0.63" CC="07"/>
						<SP ID="P64_SP00493" HPOS="797" VPOS="3652" WIDTH="24"/>
						<String ID="P64_ST00544" HPOS="821" VPOS="3607" WIDTH="119" HEIGHT="46" CONTENT="deux" WC="0.98" CC="0405"/>
						<SP ID="P64_SP00494" HPOS="940" VPOS="3653" WIDTH="26"/>
						<String ID="P64_ST00545" HPOS="966" VPOS="3621" WIDTH="83" HEIGHT="32" CONTENT="ans" WC="0.96" CC="360"/>
						<SP ID="P64_SP00495" HPOS="1049" VPOS="3653" WIDTH="26"/>
						<String ID="P64_ST00546" HPOS="1075" VPOS="3610" WIDTH="58" HEIGHT="44" CONTENT="de" WC="1.00" CC="00"/>
						<SP ID="P64_SP00496" HPOS="1133" VPOS="3654" WIDTH="23"/>
						<String ID="P64_ST00547" HPOS="1156" VPOS="3623" WIDTH="151" HEIGHT="41" CONTENT="coupe" WC="0.97" CC="05393"/>
						<SP ID="P64_SP00497" HPOS="1307" VPOS="3664" WIDTH="23"/>
						<String ID="P64_ST00548" HPOS="1330" VPOS="3619" WIDTH="47" HEIGHT="37" CONTENT="et" WC="0.71" CC="13"/>
						<SP ID="P64_SP00498" HPOS="1377" VPOS="3664" WIDTH="23"/>
						<String ID="P64_ST00549" HPOS="1400" VPOS="3610" WIDTH="155" HEIGHT="46" CONTENT="débité" WC="0.98" CC="027670"/>
						<SP ID="P64_SP00499" HPOS="1555" VPOS="3664" WIDTH="25"/>
						<String ID="P64_ST00550" HPOS="1580" VPOS="3612" WIDTH="168" HEIGHT="55" CONTENT="depuis" WC="0.97" CC="157557"/>
						<SP ID="P64_SP00500" HPOS="1748" VPOS="3667" WIDTH="20"/>
						<String ID="P64_ST00551" HPOS="1768" VPOS="3614" WIDTH="70" HEIGHT="45" CONTENT="six" WC="0.98" CC="040"/>
						<SP ID="P64_SP00501" HPOS="1838" VPOS="3667" WIDTH="26"/>
						<String ID="P64_ST00552" HPOS="1864" VPOS="3615" WIDTH="132" HEIGHT="54" CONTENT="mois'," WC="0.98" CC="775040"/>
						<SP ID="P64_SP00502" HPOS="1996" VPOS="3669" WIDTH="26"/>
						<String ID="P64_ST00553" HPOS="2022" VPOS="3628" WIDTH="27" HEIGHT="34" CONTENT="a" WC="0.29" CC="7"/>
						<SP ID="P64_SP00503" HPOS="2049" VPOS="3669" WIDTH="24"/>
						<String ID="P64_ST00554" HPOS="2073" VPOS="3629" WIDTH="64" HEIGHT="43" CONTENT="pu" WC="0.28" CC="77"/>
						<SP ID="P64_SP00504" HPOS="2137" VPOS="3672" WIDTH="21"/>
						<String ID="P64_ST00555" HPOS="2158" VPOS="3629" WIDTH="78" HEIGHT="33" CONTENT="sou" SUBS_TYPE="HypPart1" SUBS_CONTENT="soutenir" WC="0.95" CC="577"/>
						<HYP HPOS="2236" VPOS="3629" WIDTH="26" CONTENT="-"/>
					</TextLine>
					<TextLine ID="P64_TL00050" HPOS="263" VPOS="3662" WIDTH="1405" HEIGHT="66">
						<String ID="P64_ST00556" HPOS="263" VPOS="3662" WIDTH="111" HEIGHT="46" CONTENT="tenir" SUBS_TYPE="HypPart2" SUBS_CONTENT="soutenir" WC="0.97" CC="67060"/>
						<SP ID="P64_SP00505" HPOS="374" VPOS="3708" WIDTH="23"/>
						<String ID="P64_ST00557" HPOS="397" VPOS="3678" WIDTH="119" HEIGHT="36" CONTENT="sans;" WC="0.97" CC="45066"/>
						<SP ID="P64_SP00506" HPOS="516" VPOS="3714" WIDTH="13"/>
						<String ID="P64_ST00558" HPOS="529" VPOS="3671" WIDTH="312" HEIGHT="57" CONTENT="désavantage" WC="0.98" CC="63440777670"/>
						<SP ID="P64_SP00507" HPOS="841" VPOS="3728" WIDTH="26"/>
						<String ID="P64_ST00559" HPOS="867" VPOS="3686" WIDTH="97" HEIGHT="33" CONTENT="une" WC="0.93" CC="486"/>
						<SP ID="P64_SP00508" HPOS="964" VPOS="3728" WIDTH="21"/>
						<String ID="P64_ST00560" HPOS="985" VPOS="3687" WIDTH="315" HEIGHT="35" CONTENT="concurrence" WC="0.99" CC="00007971307"/>
						<SP ID="P64_SP00509" HPOS="1300" VPOS="3728" WIDTH="7"/>
						<String ID="P64_ST00561" HPOS="1307" VPOS="3694" WIDTH="7" HEIGHT="7" CONTENT="-" WC="0.55" CC="4"/>
						<SP ID="P64_SP00510" HPOS="1314" VPOS="3728" WIDTH="12"/>
						<String ID="P64_ST00562" HPOS="1326" VPOS="3677" WIDTH="129" HEIGHT="46" CONTENT="aussi" WC="0.97" CC="32097"/>
						<SP ID="P64_SP00511" HPOS="1455" VPOS="3728" WIDTH="24"/>
						<String ID="P64_ST00563" HPOS="1479" VPOS="3677" WIDTH="132" HEIGHT="46" CONTENT="forte." WC="0.97" CC="766734"/>
						<SP ID="P64_SP00512" HPOS="1611" VPOS="3728" WIDTH="33"/>
						<String ID="P64_ST00564" HPOS="1644" VPOS="3694" WIDTH="24" HEIGHT="28" CONTENT="»" WC="1.00" CC="0"/>
					</TextLine>
				</TextBlock>
			</PrintSpace>
		</Page>
	</Layout>
</alto>
