2847 4313
768 439 0 0 186

1147 408 246 35 BULLETIN
1445 406 244 44 FRANÇAIS
1737 407 61 32 DE
1850 406 59 32 LA
1959 405 38 35 S.
2052 406 25 32 I.
2131 401 49 37 M.

672 563 39 44 la
829 560 424 46 Feuerwerkmusik
1254 559 9 51 (la
1933 560 216 54 Musique
2422 559 62 42 du
2598 569 79 41 peu
2044 568 59 30 ou
2135 556 39 44 la
2593 572 84 40 que

669 630 114 42 dans
818 628 133 44 telles
985 640 141 41 pages
1161 626 370 45 monumentales
1567 625 56 43 de
1660 636 77 31 ses
1775 622 226 45 Psaumes
2036 630 44 36 et
2116 622 58 44 de
2208 635 79 31 ses
2323 621 251 46 Oratorios.
2611 624 65 45 Ce

669 704 103 35 sont
804 695 57 43 de
894 695 198 53 grandes
1128 694 229 54 fresques,
1393 694 256 53 largement
1683 691 265 51 exécutées,
1985 702 114 41 pour
2133 690 58 43 de
2225 697 156 36 vastes
2415 702 191 41 espaces
2636 702 41 35 et

669 762 57 43 de
764 769 157 36 vastes
960 761 193 53 publics.
1195 760 73 44 On
1309 774 27 39 y
1375 760 170 44 entend
1586 758 192 45 chanter
1817 757 83 45 des
1939 757 207 53 peuples.
2191 756 69 53 Et,
2302 770 57 30 en
2400 756 160 53 vérité,
2601 760 76 44 des

670 828 192 55 peuples
905 836 78 37 ont
1026 828 166 43 chanté
1235 835 120 38 cette
1399 827 229 53 musique.
1675 824 132 45 Est-il
1851 837 93 32 une
1987 823 143 55 petite
2174 823 108 43 ville
2324 822 259 46 allemande
2622 838 54 32 ou

668 898 376 52 anglo-saxonne,
1108 909 59 31 ou
1232 896 268 52 YHalleluja
1563 896 59 43 du
1688 894 176 42 Messie
1930 906 59 30 ne
2052 892 89 44 soit
2203 904 151 31 connu
2420 899 44 36 et
2527 892 150 47 aimé?

669 964 70 51 Et,
768 977 114 40 pour
908 963 143 54 plaire
1078 965 23 42 à
1128 970 118 46 tous,
1275 976 56 30 en
1359 962 122 45 est-il
1507 962 150 44 moins
1684 960 137 54 digne
1848 960 57 43 de
1931 958 145 56 plaire
2102 962 24 40 à
2154 958 181 44 l'élite?
2363 958 187 44 L'autre
2575 959 99 53 soir,

668 1045 57 30 en
758 1030 265 52 l'écoutant,
1056 1033 23 42 à
1112 1030 41 45 la
1185 1030 63 45 fin
1281 1030 57 43 de
1369 1029 237 43 YAnthem
1637 1029 122 48 XVI,
1794 1028 108 43 dont
1933 1026 29 44 il
1996 1025 150 45 forme
2178 1025 40 45 la
2250 1025 285 52 conclusion,
2569 1039 108 32 nous

668 1097 208 46 sentions
901 1111 171 31 encore
1097 1096 216 45 l'ivresse
1338 1096 77 54 qui
1442 1095 130 44 saisit
1599 1095 42 43 le
1666 1092 155 56 public
1846 1092 193 55 anglais,
2069 1092 95 44 lors
2191 1092 82 44 des
2300 1091 256 55 premières
2582 1095 71 42 exé-

668 1166 194 51 cutions,
900 1166 42 43 le
979 1165 178 53 forçant
1191 1162 414 56 impérieusement
1639 1163 24 42 à
1699 1174 52 31 se
1787 1160 143 52 lever,
2067 1172 183 31 comme
2286 1158 28 44 il
2352 1157 156 46 advint
2544 1160 133 48 aussi,

668 1233 40 45 la
740 1232 230 56 première
1002 1232 87 43 fois
1121 1231 139 54 qu'on
1291 1232 193 42 exécuta
1515 1231 43 42 la
1592 1228 314 45 Chevauchée
1940 1227 57 44 de
2030 1227 40 44 la
2109 1227 230 48 Walkiire,
2373 1228 25 41 à
2434 1226 240 54 Bayreuth.

759 1299 70 46 Ce
861 1299 120 45 n'est
1013 1313 83 41 pas
1126 1312 56 31 au
1216 1298 167 43 hasard
1417 1311 89 40 que
1539 1297 43 53 je
1614 1297 256 54 rapproche
1905 1296 67 43 les
2004 1294 119 45 deux
2157 1307 202 32 œuvres.
2398 1293 47 46 Si
2479 1296 174 53 étrange-

664 1376 126 36 ment
818 1365 358 46 dissemblables
1204 1364 198 56 qu'elles
1429 1364 165 51 soient,
1625 1363 30 44 il
1683 1377 27 40 y
1740 1377 24 30 a
1794 1364 40 43 là
1864 1376 92 31 une
1985 1362 247 54 puissance
2263 1363 58 43 du
2352 1363 153 44 même
2533 1363 140 53 ordre,

663 1447 59 31 un
755 1434 247 44 tourbillon
1035 1431 76 55 qui
1145 1445 116 31 vous
1293 1433 224 51 entraîne,
1552 1444 92 31 une
1677 1430 273 45 fascination
1985 1429 319 55 vertigineuse
2337 1429 58 43 du
2429 1429 178 53 rythme
2636 1438 41 35 et

663 1500 57 46 de
748 1500 42 44 la
816 1513 169 30 masse.

766 1569 39 43 A
834 1569 102 43 côté
966 1567 57 45 de
1053 1580 78 31 ces
1161 1566 198 55 grandes
1388 1579 188 32 œuvres
1605 1565 227 53 chorales,
1865 1565 63 44 M.
1962 1565 264 44 Alexandre
2257 1564 242 45 Guilmant
2528 1579 24 29 a
2583 1567 71 42 exé-

663 1636 119 51 cuté,
819 1646 113 32 avec
966 1646 83 32 son
1083 1633 226 44 éternelle
1343 1632 219 53 jeunesse
1597 1640 45 37 et
1676 1645 51 30 sa
1761 1631 207 46 maîtrise
2004 1633 319 51 accoutumée,
2363 1632 42 43 le
2442 1631 234 46 deuxième

691 1702 230 43 Concerto
1209 1712 117 42 pour
1501 1712 142 43 orgue
1255 1701 57 44 de
1343 1699 218 55 Haendel,
1595 1713 61 31 un
1911 1713 61 31 un
2239 1707 45 37 et
2315 1713 93 31 une
2626 1701 51 43 de

668 1768 288 44 Buxtehude.
992 1768 111 43 Mlle
1135 1768 229 43 Eléonore
1395 1767 145 44 Blanc
1569 1776 46 35 et
1646 1767 62 44 M.
1743 1767 286 44 Plamondon
2061 1774 77 37 ont
2169 1768 180 52 chanté,
2382 1781 116 30 avec
2528 1781 59 30 un
2616 1779 61 32 art

664 1837 284 50 consommé,
980 1835 228 54 quelques
1234 1834 93 45 airs
1355 1834 214 52 d'opéras
1599 1835 58 44 du
1686 1844 99 33 xvii
1790 1834 16 18 e
1832 1843 46 36 et
1906 1835 60 44 du
1994 1844 117 33 xvin
2116 1835 15 17 6
2159 1834 159 51 siècle,
2349 1835 109 44 dont
2486 1834 191 46 certains

664 1910 79 36 ont
763 1904 75 43 été
861 1915 93 31 une
976 1901 256 45 révélation
1257 1915 114 41 pour
1395 1903 42 43 le
1462 1901 154 55 public
1634 1920 8 26 :
1666 1910 180 36 surtout
1869 1915 61 31 un
1956 1901 67 45 air
2048 1901 108 45 d'un
2182 1904 139 52 opéra
2347 1903 57 43 de
2429 1901 248 45 Francesco

667 1969 412 53 Provenzalejoué
1100 1971 24 42 à
1148 1969 173 54 Naples
1341 1983 57 30 en
1427 1969 116 54 1671
1567 1988 9 34 ;
1599 1978 44 36 et
1663 1983 60 30 un
1745 1969 67 44 air
1832 1970 58 43 de
2392 1970 58 44 de
2470 1970 182 44 Alessan-

663 2037 80 43 dro
772 2036 211 46 Scarlatti
1012 2036 185 55 (1707).
1229 2036 97 46 Ces
1354 2039 119 43 deux
1501 2037 93 43 airs
1623 2037 184 45 italiens
1835 2046 79 36 ont
1942 2051 92 31 une
2064 2039 229 52 grandeur
2323 2039 57 43 de
2409 2039 118 53 style
2556 2046 43 36 et
2626 2037 51 45 de

661 2106 191 52 pensée,
896 2103 263 55 qu'aucune
1201 2119 161 30 œuvre
1406 2105 261 44 allemande
1708 2105 75 44 n'a
1825 2105 164 54 jamais
2032 2106 242 53 dépassée.
2323 2106 34 43 Il
2400 2106 111 44 était
2550 2119 127 30 assez

660 2171 191 44 curieux
880 2171 287 53 d'entendre,
1199 2173 137 52 après
1364 2172 197 44 l'oeuvre
1590 2172 57 44 de
1676 2171 227 53 Scarlatti,
1937 2186 59 32 un
2027 2172 67 44 air
2122 2173 164 55 exquis
2315 2174 56 44 de
2401 2172 275 56 VAgrippina

669 2238 56 43 de
754 2238 214 44 Haendel.
999 2238 97 44 Des
1121 2239 120 43 deux
1268 2239 268 54 musiciens,
1566 2239 156 46 c'était
1749 2239 199 45 Hamdel
1977 2239 76 55 qui
2081 2240 216 45 semblait
2325 2242 42 44 le
2395 2254 84 41 pur
2508 2240 166 51 Italien,

669 2313 45 35 et
743 2303 211 45 Scarlatti
985 2304 294 46 l'Allemand.
1314 2305 56 46 Et
1399 2306 57 44 de
1487 2308 169 51 même,
1690 2306 55 45 de
1776 2306 101 45 l'air
1907 2308 57 43 de
1996 2308 288 44 Provenzale
2315 2317 46 35 et
2391 2309 57 43 de
2479 2308 117 44 celui
2626 2308 50 43 de

663 2370 219 53 Rameau,
912 2385 89 41 que
1027 2371 61 45 M.
1120 2373 283 44 Plamondon
1430 2374 202 44 chantait
1658 2374 398 46 immédiatement
2081 2378 150 52 après,
2351 2375 133 53 (l'air,
2513 2375 141 46 divine-

669 2447 126 36 ment
827 2440 135 52 beau,
1031 2440 57 43 de
1121 2439 183 54 Castor,
1374 2455 86 31 aux
1528 2441 467 56 Champs-Elysées),
2130 2442 156 46 c'était
2352 2444 324 44 certainement

669 2505 199 45 l'œuvre
891 2506 59 43 du
976 2506 138 44 vieux
1143 2507 260 55 Napolitain
1431 2507 75 56 qui
1535 2508 241 55 paraissait
1802 2510 43 44 le
1870 2510 105 54 plus
2000 2512 107 52 près
2133 2511 58 43 de
2217 2510 170 45 Gluck.

767 2571 63 45 Le
861 2572 153 55 public
1044 2586 24 30 a
1100 2573 80 46 fait
1209 2587 61 32 un
1300 2574 229 55 triomphe
1558 2590 88 30 aux
1677 2577 186 44 artistes
1893 2586 45 35 et
1968 2591 57 30 au
2056 2578 138 54 jeune
2227 2581 357 52 kapellmeister.
2620 2578 54 43 Le

669 2638 245 46 deuxième
947 2647 187 37 concert
1167 2641 56 43 de
1257 2641 41 43 la
1332 2641 184 45 Société
1550 2642 201 45 Haendel
1787 2657 110 30 aura
1933 2644 108 52 lieu,
2079 2646 43 43 le
2155 2646 145 44 mardi
2338 2658 24 31 2
2400 2660 137 38 mars,
2574 2657 100 33 sous

664 2705 41 43 la
731 2704 221 46 direction
979 2705 56 45 de
1061 2705 63 45 M.
1154 2705 196 47 Vincent
1375 2708 178 54 d'lndy,
1581 2717 46 37 et
1651 2712 320 53 comprendra,
1997 2726 115 30 avec
2137 2713 84 44 des
2245 2727 189 30 œuvres
2461 2714 57 45 de
2544 2714 106 43 Haen-

660 2771 89 54 del,
778 2771 217 54 Lalande,
1027 2773 243 54 Erlebach,
1302 2774 313 47 l'émouvante
1643 2787 180 35 cantate
1851 2779 58 43 de
1939 2779 302 46 Buxtehude:
2274 2781 110 44 Gott
2411 2783 88 52 hilf
2526 2783 94 42 mir.

2128 2864 481 44 Romain
2609 2864 1 44 Rolland.

664 3089 267 47 SOCIETE
959 3093 362 46 NATIONALE
1347 3094 82 45 DE
1455 3094 292 56 MUSIQUE

769 3178 134 45 Enfin
947 3180 42 44 le
1031 3182 141 52 grand
1215 3183 282 46 événement
1539 3185 57 44 du
1641 3186 118 43 mois
1802 3186 68 46 fut
1914 3187 303 56 l'apparition,
2263 3204 80 30 sur
2386 3191 66 43 les
2495 3200 175 35 mornes

664 3257 315 42 programmes
1008 3248 55 43 de
1095 3249 39 44 la
1163 3249 187 44 Société
1380 3252 258 48 Nationale,
1672 3253 140 45 d'une
1841 3267 163 32 œuvre
2034 3256 56 43 de
2122 3256 209 44 Maurice
2363 3257 158 52 Ravel,
2555 3263 115 38 toute

663 3323 175 34 neuve:
870 3313 111 44 trois
1012 3317 190 51 poèmes
1232 3329 114 41 pour
1375 3318 150 53 piano,
1559 3319 184 55 d'après
1774 3321 69 44 les
1873 3336 161 40 proses
2065 3324 317 55 romantiques
2413 3323 256 56 d'Aloysius

665 3376 240 49 Bertrand.
1216 3380 211 54 Gaspard
1686 3384 57 42 de
1851 3384 42 42 la
1987 3385 125 52 Nuit,
1476 3387 58 43 tel
1562 3394 71 36 est
1658 3387 42 44 le
1726 3387 105 45 titre
1857 3389 59 43 du
1942 3390 189 52 recueil,
2159 3390 109 45 dont
2293 3392 69 44 les
2386 3393 112 43 trois
2523 3392 146 54 pièces

670 3453 102 35 sont
937 3445 155 52 VOndine,
1093 3449 78 43 le
1597 3450 153 50 Gibet,
1308 3460 44 35 et
2093 3453 188 44 Scarbo.
1594 3454 61 44 M.
1685 3454 142 46 Vines
1853 3456 68 45 les
1944 3470 24 31 a
1992 3458 163 52 jouées
2178 3472 114 31 avec
2315 3474 93 29 une
2432 3459 233 56 précision,

663 3522 91 31 une
787 3524 142 31 verve
965 3521 44 36 et
1042 3528 93 31 une
1168 3516 174 46 finesse
1378 3519 57 43 de
1469 3520 250 46 sentiment
1754 3521 76 55 qui
1867 3522 208 46 tiennent
2111 3525 58 43 du
2204 3526 204 54 prodige,
2446 3535 44 36 et
2525 3526 87 45 l'on
2644 3535 24 41 y

663 3586 228 46 trouvera,
923 3594 180 33 comme
1131 3596 57 31 en
1218 3592 96 38 tout
1341 3599 54 30 ce
1425 3600 89 41 que
1544 3587 81 46 fait
1653 3587 63 46 M.
1750 3590 157 53 Ravel,
1940 3605 92 30 une
2060 3592 209 46 richesse
2300 3594 289 45 intarissable
2617 3591 50 44 de

663 3643 228 46 sonorités
926 3646 280 57 imprévues,
1243 3651 241 45 flatteuses
1519 3663 44 36 et
1597 3655 258 54 piquantes.
1896 3657 119 46 Mais
2050 3672 57 31 on
2144 3674 26 39 y
2206 3668 214 39 trouvera
2456 3661 137 52 aussi,
2629 3665 38 37 et

663 3719 178 36 surtout
879 3713 113 44 dans
1032 3715 40 44 la
1110 3718 245 52 première,
1397 3733 91 32 une
1528 3722 200 44 émotion
1769 3737 113 41 pure
1921 3733 46 37 et
2005 3740 60 30 un
2105 3727 119 54 style
2263 3737 197 37 soutenu
2499 3729 106 45 dont
2640 3724 24 44 il
