2847 4313
886 479 357 37 CH.-VALENTIN
1279 479 165 37 ALKAN
1480 470 112 45 AINÉ

2195 483 89 42 139

190 640 41 55 il
273 637 134 58 n'en
453 634 94 58 fut
593 650 109 58 pas
754 635 121 55 très
928 633 310 68 enchanté,
1294 630 448 74 probablement
1798 648 173 55 parce
2023 629 146 75 qu'il
2220 648 61 38 se

193 715 213 61 sentait
443 713 249 59 humilié
727 733 110 53 par
873 732 141 38 mon
1045 711 324 59 initiative.
1411 713 92 56 En
1547 717 129 50 tout
1713 728 118 53 cas,
1855 710 45 55 il
1929 711 68 54 fit
2030 710 252 57 échouer

190 802 54 55 la
280 797 221 57 sincère
538 797 198 55 bonne
781 794 236 57 volonté
1058 797 80 55 du
1176 793 203 72 prince
1418 791 101 73 qui
1563 791 114 55 alla
1709 790 141 57 neuf
1882 790 112 57 fois
2028 793 140 53 chez
2201 790 81 55 lui

191 897 130 41 sans
358 875 253 75 pouvoir
649 877 53 55 le
740 874 249 74 joindre.
1031 875 194 55 Alkan
1263 873 82 56 lui
1387 871 196 58 rendit
1623 891 90 38 ses
1757 871 200 56 visites
1996 870 141 57 neuf
2174 870 110 57 fois

193 977 128 41 sans
355 958 55 56 le
447 963 357 51 rencontrer.
835 957 85 53 La
961 955 260 57 dernière
1258 954 112 56 fois
1407 953 288 57 l'huissier
1729 953 82 54 lui
1848 953 67 54 fit
1950 968 336 55 remarquer

191 1038 140 76 qu'il
374 1038 154 58 était
569 1038 213 56 inutile
832 1038 69 56 de
955 1037 160 55 venir
1162 1031 146 60 dans
1355 1033 385 75 l'après-midi
1789 1051 173 54 parce
2008 1051 111 53 que
2168 1033 116 54 Son

194 1120 335 59 Excellence
565 1118 216 57 sortait
815 1118 273 72 toujours
1122 1118 38 56 à
1197 1118 155 54 deux
1395 1117 225 54 heures.

423 1200 155 58 C'est
628 1199 292 55 fâcheux!
975 1216 119 50 car,
1138 1195 141 71 moi,
1329 1198 56 70 je
1439 1195 194 74 digère
1679 1195 322 71 justement
2053 1193 234 71 jusqu'à

193 1284 150 57 deux
383 1283 208 55 heures
618 1282 10 53 !
674 1280 94 56 fut
810 1279 58 56 la
917 1282 245 70 réponse
1204 1278 358 71 stupéfiante
1606 1277 71 57 de
1718 1274 293 72 l'original
2048 1273 210 56 incorri-

193 1363 164 74 gible.
395 1363 80 55 Et
508 1379 67 37 sa
607 1360 164 56 croix
804 1363 72 56 de
909 1360 57 55 la
1000 1359 221 74 Légion
1256 1359 327 57 d'honneur
1618 1359 71 56 de
1722 1357 232 54 tomber
1988 1355 35 54 à
2085 1354 154 57 l'eau
2274 1354 9 53 !

301 1443 420 58 Evidemment
764 1461 74 37 ne
880 1459 108 55 pas
1028 1440 211 58 l'avoir
1280 1439 151 57 était
1473 1458 84 37 un
1599 1437 242 73 chagrin
1883 1453 149 56 pour
2075 1434 212 69 Alkan,

194 1526 142 55 mais
374 1526 74 57 de
487 1523 191 72 quelle
717 1528 250 67 attaque
1004 1523 75 56 de
1119 1541 135 53 rage
1293 1519 234 57 n'eut-il
1578 1537 107 53 pas
1729 1517 272 69 souffert,
2048 1515 92 55 s'il
2184 1515 102 56 eût

191 1607 93 57 été
315 1623 209 38 encore
562 1606 74 54 de
671 1622 64 37 ce
774 1603 215 56 monde
1025 1603 205 71 quand
1266 1621 79 37 on
1379 1602 212 56 décora
1628 1617 108 38 son
1771 1597 149 56 frère
1959 1595 327 74 Napoléon,

193 1687 324 73 professeur
565 1687 79 54 du
688 1683 469 70 Conservatoire,
1205 1700 143 39 avec
1399 1682 103 72 qui
1567 1680 43 54 il
1674 1679 151 56 était
1892 1680 36 53 à
1991 1682 297 53 couteaux

191 1768 157 70 tirés,
377 1786 150 54 pour
557 1767 102 56 des
688 1766 226 55 raisons
943 1783 116 55 que
1088 1764 60 56 ni
1178 1764 126 57 l'un
1322 1763 58 56 ni
1399 1760 211 58 l'autre
1652 1780 71 36 ne
1745 1760 312 55 voulurent
2072 1755 214 74 jamais

197 1849 314 56 rn'avouer.
574 1848 283 67 Gustave,
915 1847 125 54 leur
1096 1846 147 54 frère
1300 1846 192 67 cadet,
1550 1842 149 56 était
1756 1860 76 36 au
1886 1838 294 57 contraire
2234 1837 52 54 le

197 1928 313 72 Benjamin
539 1931 73 56 de
642 1946 140 38 mon
810 1927 142 70 ami,
985 1945 120 36 non
1133 1926 322 58 seulement
1488 1924 33 52 à
1549 1940 174 38 cause
1755 1923 71 55 de
1856 1938 65 36 sa
1957 1917 327 73 gentillesse

197 2009 439 73 mélancolique,
674 2008 149 56 mais
858 2008 155 56 aussi
1052 2008 36 52 à
1121 2025 174 39 cause
1332 2009 72 54 de
1437 2023 65 36 sa
1538 2002 381 57 serviabilité.
1958 1998 215 57 C'était
2207 1997 80 56 lui

195 2092 95 74 qui
326 2089 328 74 s'occupait
689 2092 74 55 de
797 2088 449 73 l'organisation
1281 2086 321 55 matérielle
1638 2086 102 54 des
1775 2087 266 52 concerts
2079 2081 71 55 de
2183 2097 109 37 son

195 2173 144 57 frère
374 2194 13 35 :
416 2171 356 73 impression
804 2172 101 55 des
937 2185 422 57 programmes,
1393 2168 385 69 numérotage
1811 2169 58 50 et
1905 2159 387 60 distribution

195 2254 98 58 des
337 2252 215 70 billets,
600 2251 385 57 surveillance
1033 2252 73 55 de
1152 2248 57 56 la
1254 2248 141 55 salle
1441 2253 60 48 et
1550 2248 80 53 du
1676 2243 307 72 personnel
2028 2241 264 71 pendant

195 2332 369 58 l'exécution.
583 2332 193 69 Aussi,
805 2333 171 71 après
1004 2350 65 38 sa
1098 2336 156 49 mort
1284 2331 391 70 prématurée,
1703 2341 293 40 survenue
2023 2341 73 37 en
2128 2319 164 73 1877,

197 2416 54 71 je
271 2415 169 71 crois,
473 2415 191 54 vit-on
688 2431 188 37 cesser
899 2413 57 56 la
980 2411 147 56 série
1153 2412 100 55 des
1279 2431 21 29 «
1326 2409 102 56 Six
1451 2408 184 73 petits
1660 2411 265 51 concerts
1949 2426 23 29 »
1995 2401 293 73 qu'Alkan

198 2496 244 59 donnait
478 2495 441 58 annuellement
956 2495 36 53 à
1026 2493 326 55 l'ancienne
1383 2489 139 56 salle
1554 2489 207 68 Erard,
1790 2486 140 57 salle
1962 2486 79 56 du
2076 2483 186 56 rez-de-

197 2577 290 58 chaussée.
529 2577 51 55 Il
609 2575 350 57 introduisit
995 2592 98 38 sur
1129 2573 123 56 leur
1287 2587 370 56 programme
1698 2564 395 59 l'innovation
2135 2561 126 57 miri-

199 2657 152 74 fique
384 2660 74 56 de
494 2657 259 56 minuter
787 2656 58 53 la
881 2656 177 57 durée
1093 2656 102 56 des
1230 2669 314 43 morceaux
1572 2671 10 33 :
1615 2665 213 56 moyen
1861 2644 276 74 pratique
2171 2642 91 54 évi-

202 2741 297 57 demment
544 2755 150 56 pour
739 2736 254 73 pouvoir
1040 2735 221 55 arriver
1308 2733 176 71 juste,
1534 2750 75 35 au
1656 2733 264 52 moment
1968 2724 196 68 voulu,
2212 2740 77 36 ou

200 2837 144 54 pour
383 2818 276 75 indiquer
706 2837 119 36 aux
870 2817 318 57 serviteurs
1233 2816 73 57 de
1355 2813 164 56 venir
1563 2812 249 74 prendre
1856 2809 153 54 leurs
2055 2803 236 57 maîtres

202 2900 36 54 à
278 2900 218 58 l'heure
543 2898 240 74 précise,
833 2897 150 60 mais
1030 2914 214 54 moyen
1290 2895 217 71 gênant
1557 2891 153 56 aussi
1760 2906 148 56 pour
1954 2883 333 59 l'auditeur,

203 2981 98 72 qui
336 2987 90 51 est
459 2981 326 56 forcément
820 2977 241 59 distrait
1096 2995 106 55 par
1238 2980 155 52 cette
1422 2971 337 59 indication
1790 2987 107 54 par
1930 2973 136 65 trop
2099 2963 160 74 rigou-

202 3077 160 44 reuse
404 3065 101 56 des
544 3061 205 67 arrêts,
790 3060 313 72 rappelant
1139 3053 564 63 involontairement
1741 3047 273 57 l'horaire
2037 3046 100 57 des
2161 3043 99 56 che-

204 3141 153 61 mins
396 3146 75 55 de
513 3142 104 56 fer.

313 3224 168 71 Mais,
523 3221 368 57 abstraction
914 3220 147 57 faite
1115 3221 71 55 de
1235 3235 65 38 ce
1352 3213 184 60 détail
1585 3211 263 67 ridicule,
1900 3210 81 54 les
2033 3227 23 28 «
2108 3203 184 57 Petits

207 3301 296 61 Concerts»
542 3302 227 57 étaient
802 3320 78 39 on
908 3320 73 38 ne
1009 3305 145 67 peut
1178 3298 132 73 plus
1337 3295 386 57 intéressants
1746 3290 155 55 aussi
1933 3286 139 58 bien
2100 3302 106 55 par
2240 3284 53 55 le

205 3382 171 60 choix
426 3386 101 57 des
579 3401 230 41 œuvres
858 3381 300 74 qu'Alkan
1207 3396 41 55 y
1296 3375 200 57 faisait
1547 3373 298 66 entendre,
1897 3387 114 56 que
2058 3385 107 56 par
2213 3367 79 53 les

208 3464 231 58 artistes
487 3465 102 72 qui
638 3464 83 57 lui
773 3462 296 73 prêtaient
1117 3461 123 56 leur
1290 3471 282 42 concours
1625 3474 12 33 :
1687 3452 183 55 Alard
1934 3451 72 56 de
2074 3447 213 72 Vroye,

209 3545 153 57 Mme
404 3546 271 69 Viardot,
722 3546 154 55 Mme
920 3542 323 70 Szarvady,
1286 3544 61 50 et
1392 3536 259 58 d'autres
1693 3550 224 41 encore.
1963 3527 297 58 Naturelle-

210 3631 161 52 ment
410 3625 448 75 l'organisateur
900 3625 102 57 des
1042 3624 266 55 concerts
1347 3635 76 39 en
1463 3612 283 59 réservait
1787 3613 58 55 la
1886 3615 134 71 part
2061 3608 58 55 la
2160 3607 133 72 plus

207 3701 359 79 importante
599 3723 147 58 pour
777 3704 320 68 lui-même,
1129 3720 61 39 se
1221 3698 219 58 faisant
1474 3693 186 59 valoir
1689 3693 114 56 soit
1821 3709 226 42 comme
2062 3704 194 55 compo-

210 3782 199 75 siteur,
448 3787 118 56 soit
604 3804 229 38 comme
870 3786 339 55 exécutant.
1253 3781 94 55 En
1384 3781 156 53 cette
1580 3775 262 58 dernière
1881 3770 243 75 qualité,
2152 3785 79 54 qu
2251 3766 43 52 il
