2847 4313
1072 337 60 33 LE
1172 337 207 38 RYTHME

2187 335 87 43 131

300 1181 312 66 Remarque
658 1176 54 52 I.
879 1174 85 54 La
1009 1173 212 71 phrase
1265 1173 220 55 formée
1532 1174 71 55 de
1650 1174 222 56 dessins
1918 1174 367 72 mélodiques

197 1257 299 62 ressemble
520 1257 114 55 àla
1120 1256 205 70 phrase
1575 1272 69 36 en
1757 1258 162 66 prose
1160 1272 72 36 en
1256 1271 63 38 ce
1343 1271 129 39 sens
1498 1254 331 72 qu'aucune
1856 1256 70 54 de
1950 1272 90 37 ses
2062 1252 222 74 parties

200 1346 141 54 n'est
375 1346 179 49 tenue
590 1338 35 52 à
659 1338 58 52 la
752 1334 297 73 symétrie.

305 1425 84 53 La
427 1421 211 70 phrase
676 1418 220 55 formée
938 1418 71 55 de
1048 1416 222 57 dessins
1310 1417 388 71 rythmiques,
1739 1417 124 70 elle,
1903 1414 310 58 ressemble
2251 1416 33 53 à

201 1506 52 55 la
385 1503 202 73 phrase
865 1519 70 35 en
1084 1516 137 50 vers,
813 1515 175 53 parce
1028 1497 209 71 qu'elle
1275 1502 88 50 est
1404 1497 304 71 composée
1750 1497 70 56 de
1857 1496 221 72 parties
2117 1496 136 71 géné-

201 1586 276 57 ralement
513 1580 287 55 soumises
837 1581 35 52 à
910 1581 100 54 des
1047 1585 227 49 retours
1311 1578 408 71 symétriques.

305 1666 315 69 Remarque
652 1662 91 55 11.
883 1661 94 54 Au
1007 1660 169 72 point
1213 1661 71 54 de
1315 1676 114 39 vue
1461 1658 363 73 analytique,
1856 1660 54 54 le
1943 1657 193 56 dessin
2167 1657 80 55 mé-

202 1746 230 71 lodique
465 1748 60 51 et
558 1743 53 55 le
648 1741 193 57 dessin
874 1741 344 71 rythmique
1253 1738 364 56 constituent
1653 1740 227 54 chacun
1912 1757 82 36 un
2027 1737 259 56 membre

205 1831 61 55 de
300 1828 227 72 phrase.

305 1908 316 70 Remarque
656 1906 128 53 111.
919 1905 85 52 La
1040 1902 331 56 succession
1413 1900 69 57 de
1526 1900 222 55 dessins
1788 1898 370 73 rythmiques
2199 1903 90 50 est

201 1991 301 69 beaucoup
540 1986 189 56 moins
766 1985 305 72 employée
1108 2000 108 56 par
1251 1983 83 56 les
1372 1981 423 72 compositeurs
1832 1981 307 54 modernes
2175 1996 114 53 que

202 2089 101 54 par
331 2071 82 55 les
444 2069 255 57 anciens.
734 2066 168 56 Dans
934 2085 63 37 ce
1029 2066 389 71 changement
1446 2063 43 54 il
1518 2065 131 53 faut
1682 2061 128 56 voir
1839 2081 115 37 une
1983 2058 306 59 recherche

209 2151 387 72 d'expression
637 2150 132 70 plus
809 2149 154 54 forte
1004 2165 77 37 ou
1123 2147 57 54 la
1222 2146 398 71 conséquence
1664 2143 174 58 d'une
1879 2143 92 55 ère
2012 2138 278 59 musicale

201 2234 276 55 nouvelle.

978 2431 193 43 VIII.
1209 2431 39 43 -
1286 2431 231 43 INCISE

311 2627 78 54 Le
435 2624 192 57 dessin
670 2622 247 56 musical
957 2640 73 36 ne
1071 2620 186 54 forme
1300 2636 107 54 pas
1447 2617 271 71 toujours
1759 2633 81 36 un
1879 2612 292 58 ensemble
2220 2612 68 55 de

207 2725 125 38 sons
374 2704 343 57 indivisible
767 2722 76 36 au
890 2700 170 73 point
1112 2699 69 56 de
1230 2716 115 38 vue
1392 2695 360 74 rythmique.
1804 2694 51 53 Il
1902 2698 89 51 est
2038 2697 251 50 souvent

209 2787 198 70 divisé,
450 2787 204 71 coupé,
697 2803 72 37 en
809 2783 184 72 petits
1033 2797 248 56 groupes
1324 2778 70 55 de
1433 2783 169 50 notes
1642 2777 259 53 formant
1943 2773 224 54 chacun
2207 2789 82 37 un

208 2887 122 38 sens
353 2868 213 71 partiel
591 2866 99 72 qui
720 2872 164 49 entre
906 2864 152 55 dans
1080 2863 52 55 le
1158 2880 131 36 sens
1313 2859 152 55 total
1493 2857 79 57 du
1599 2855 209 58 dessin.
1837 2855 238 52 Chacun
2101 2852 69 55 de
2197 2869 90 37 ces

210 2966 237 53 groupes
483 2966 60 39 se
579 2965 235 38 nomme
852 2966 20 28 «
904 2943 184 55 incise
1125 2963 38 31 ».
