2847 4313
848 460 0 0 198

1233 413 248 36 BULLETIN
1530 412 246 46 FRANÇAIS
1822 413 66 42 DÇ
1935 412 62 34 LA
2045 412 41 35 S.
2137 413 29 33 I.
2217 412 51 34 M.

857 568 66 47 Le
952 567 206 48 Concert
1187 568 57 46 de
1273 568 64 44 M.
1371 568 193 52 Amadé,
1597 565 314 56 compositeur
1942 565 57 46 de
2030 564 196 55 Vienne,
2293 578 92 43 que
2448 579 116 33 nous
2622 583 126 37 avons

757 637 224 52 annoncé,
1013 648 111 33 aura
1152 635 353 55 probablement
1534 634 91 44 lieu
1656 634 43 44 le
1733 645 55 32 12
1818 647 140 39 mars,
1990 635 24 42 à
2043 645 31 42 9
2102 633 174 44 heures
2305 633 59 45 du
2394 633 108 53 soir,
2533 634 118 48 Salle
2677 640 70 47 des

755 701 334 55 Agriculteurs,
1121 715 114 32 avec
1265 701 43 46 le
1336 714 226 33 concours
1623 701 57 45 de
1741 700 274 45 l'orchestre
2076 698 227 47 Colonne.
2336 699 64 46 M.
2433 701 173 46 Amadé
2664 706 83 47 fera

757 769 226 44 entendre
1008 781 61 32 un
1098 769 135 44 choix
1260 769 59 44 de
1343 783 79 31 ses
1447 780 190 33 œuvres
1652 785 9 27 :
1722 780 95 32 une
1875 775 252 37 ouverture
2189 780 114 41 pour
2363 767 249 56 orchestre,
2670 788 77 31 une

755 836 248 55 rhapsodie
1031 849 114 42 pour
1172 836 155 46 violon
1355 844 45 38 et
1427 836 151 56 piano,
1607 849 61 30 un
1696 842 218 38 concerto
1942 849 115 40 pour
2085 835 136 54 piano
2250 842 45 38 et
2323 836 250 53 orchestre,
2603 846 42 38 et
2669 854 78 33 une

757 902 122 47 suite
905 903 59 45 de
989 903 227 46 mélodies
1244 903 78 56 qui
1348 911 158 38 seront
1533 903 223 45 chantées
1783 916 81 41 par
1892 901 65 47 M.
1988 901 176 45 Cahier
2192 903 61 45 du
2281 903 180 45 théâtre
2488 903 58 46 de
2571 905 172 49 Vienne.

755 968 64 46 M.
851 978 45 36 et
924 968 129 46 Mme
1082 971 322 53 Hildebrandt,
1435 971 117 44 ainsi
1582 983 90 42 que
1700 969 64 45 M.
1798 969 246 54 Demblon,
2076 977 79 37 ont
2184 969 108 45 bien
2321 971 141 44 voulu
2491 973 146 52 prêter
2664 974 83 46 leur

755 1049 228 33 concours
1009 1039 24 42 à
1060 1045 122 37 cette
1207 1038 221 53 audition,
1458 1038 77 54 qui
1563 1045 179 46 promet
1770 1037 147 45 d'être
1945 1044 98 38 tout
2070 1039 25 42 à
2124 1037 83 45 fait
2234 1037 321 47 intéressante.

854 1170 37 46 Il
919 1171 98 46 faut
1042 1171 204 55 signaler
1271 1171 44 46 le
1341 1172 120 45 beau
1488 1179 188 38 concert
1703 1172 152 45 donné
1882 1171 44 45 le
1952 1183 33 43 4
2011 1171 190 54 février,
2230 1174 25 43 à
2283 1172 42 45 la
2353 1171 124 46 Salle
2504 1172 151 58 Erard,
2682 1190 66 41 par

763 1236 63 47 M.
866 1239 155 45 Deszo
1056 1237 188 56 Szigeti,
1280 1239 247 45 violoniste
1562 1239 221 54 hongrois
1816 1247 45 37 et
1896 1240 82 44 des
2014 1239 231 47 Concerts
2279 1239 229 55 Colonne,
2545 1242 127 46 élève
2701 1246 44 43 de

764 1303 186 57 Hubay,
979 1312 46 38 et
1047 1313 181 39 surtout
1254 1306 91 44 bon
1371 1306 174 53 artiste,
1573 1320 59 32 au
1660 1308 109 52 goût
1793 1308 94 51 sûr,
1915 1320 58 32 au
2001 1320 84 32 son
2113 1307 260 45 charmeur.

966 1440 227 46 Concerts
1480 1442 58 43 de
1661 1443 157 52 harpe.
1492 1440 63 46 La
2432 1443 142 52 harpe
2147 1451 46 36 et
2244 1443 40 44 la
2640 1446 86 44 vien-

754 1505 316 47 draient-elles
1097 1508 232 44 redonner
1356 1509 24 43 à
1408 1515 74 38 cet
1508 1508 280 45 instrument
1816 1508 189 56 antique
2032 1522 62 31 un
2123 1509 159 55 regain
2311 1509 297 47 d'actualité?
2637 1510 110 47 Nous

753 1587 146 33 avons
929 1588 59 32 eu
1019 1588 59 32 en
1106 1575 180 56 janvier
1315 1576 120 46 deux
1467 1584 228 46 concerts,
1729 1578 110 44 dont
1870 1576 314 47 l'instrument
2216 1576 241 58 d'Orphée
2489 1579 156 55 adapté
2673 1593 72 32 aux

754 1640 189 46 besoins
976 1641 250 46 modernes
1260 1656 80 41 par
1373 1651 133 37 notre
1539 1644 90 44 ami
1666 1642 213 46 Gustave
1914 1644 143 54 Lyon,
2095 1658 26 30 a
2155 1644 82 45 fait
2272 1647 24 42 à
2333 1645 62 44 lui
2429 1646 99 45 seul
2563 1654 96 37 tous
2690 1647 55 44 les

757 1707 127 46 frais.
922 1707 133 47 Chez
1088 1708 189 56 Mustel,
1314 1710 45 45 le
1398 1722 72 44 13,
1507 1710 114 45 Mlle
1657 1711 175 46 Lénars
1868 1725 118 32 nous
2020 1725 26 32 a
2080 1712 154 45 donné
2269 1726 61 32 un
2366 1722 287 45 programme;
2681 1715 62 53 qui

752 1774 125 46 allait
901 1776 60 45 de
986 1776 239 57 Couperin
1253 1780 26 43 à
1307 1777 149 46 César
1483 1778 193 55 Franck,
1708 1780 90 44 fort
1823 1780 220 54 agréable
2070 1783 24 41 à
2123 1781 239 44 entendre.
2394 1781 57 47 Et
2476 1782 45 45 le
2547 1794 74 41 21,
2648 1782 97 45 chez

754 1842 174 56 Pleyel,
961 1843 65 46 M.
1058 1844 180 55 Mullot,
1270 1858 26 32 a
1324 1848 96 43 très
1450 1847 366 46 heureusement
1845 1848 204 45 secondé
2081 1848 42 45 la
2154 1848 105 45 voix
2291 1848 57 46 de
2378 1848 130 46 Mme
2537 1848 207 46 Vallandri

753 1918 46 37 et
825 1910 43 46 le
894 1910 155 45 violon
1077 1912 57 44 de
1159 1912 114 44 Mlle
1299 1912 184 45 Astruc.
1514 1913 143 46 Entre
1684 1914 68 45 les
1779 1914 121 45 deux
1926 1914 305 46 instruments
2258 1915 58 45 de
2344 1914 142 57 Lyon,
2516 1917 43 54 je
2583 1915 161 56 préfère

752 1978 43 45 la
828 1976 278 58 harpe-luth,
1144 1979 109 46 dont
1289 1980 43 45 le
1366 1980 90 45 bon
1493 1983 111 52 père
1642 1981 126 45 Bach
1806 1981 202 46 endosse
2041 1983 41 44 la
2118 1983 241 54 paternité.
2399 1983 81 52 (La
2516 1984 228 44 recherche

751 2042 110 47 n'en
887 2051 73 40 est
986 2045 120 46 donc
1134 2059 82 42 pas
1244 2046 217 47 interdite
1491 2061 57 31 en
1578 2049 276 54 musique?)

2540 2120 62 45 M.
2639 2120 48 44 A.

752 2341 533 50 CONSERVATOIRE

849 2450 131 48 Nous
1003 2465 205 35 sommes
1231 2455 211 46 heureux
1466 2455 285 47 d'annoncer
1774 2472 105 42 que,
1907 2472 58 32 en
1991 2459 366 56 remplacement
2379 2460 58 46 de
2461 2459 62 46 M.
2550 2458 166 46 Wecker-

756 2518 78 53 lin,
859 2519 149 46 admis
1029 2521 26 44 à
1079 2520 42 46 la
1142 2521 204 55 retraite,
1372 2523 43 44 le
1438 2523 212 45 ministre
1673 2525 59 45 de
1753 2524 317 48 l'lnstruction
2095 2526 231 56 Publique
2349 2542 27 30 a
2398 2528 183 44 nommé
2604 2524 59 46 M.
2684 2523 41 54 Ju-

750 2584 93 47 lien
867 2586 194 55 Tiersot,
1089 2587 367 56 bibliothécaire,
1484 2599 46 37 et
1554 2591 65 45 M.
1649 2591 164 56 Henry
1838 2592 186 56 Expert,
2052 2594 482 45 sous-bibliothécaire
2560 2594 56 44 du
2641 2590 77 46 Con-

749 2652 270 46 servatoire.
1065 2653 129 47 Nous
1234 2656 250 46 adressons
1523 2671 85 32 nos
1649 2658 299 47 félicitations
1988 2662 26 43 à
2053 2674 86 31 nos
2179 2661 122 46 deux
2341 2661 248 55 collègues.
2632 2657 108 46 Nous

749 2722 226 53 espérons
999 2735 91 42 que
1114 2736 55 32 ce
1193 2723 310 55 changement
1527 2726 115 44 dans
1666 2726 42 46 la
1732 2727 224 46 direction
1983 2730 59 44 de
2067 2730 42 44 la
2134 2730 319 55 bibliothèque
2478 2736 174 48 portera
2674 2726 67 44 des

749 2787 137 47 fruits
914 2789 223 55 heureux,
1172 2805 90 41 que
1292 2791 184 54 l'ordre,
1508 2793 42 45 la
1579 2794 220 45 méthode
1828 2803 46 37 et
1904 2796 44 44 le
1978 2797 128 44 souci
2138 2798 84 43 des
2252 2797 291 46 travailleurs
2571 2797 145 55 prévau-

750 2853 133 48 dront
911 2855 123 46 enfin
1064 2864 160 38 contre
1252 2871 54 33 ce
1334 2858 114 56 parti
1478 2860 95 54 pris
1600 2860 58 46 de
1686 2860 354 58 dissimulation,
2075 2864 76 55 qui
2180 2878 25 32 a
2236 2864 82 46 fait
2345 2873 95 38 tant
2468 2866 56 44 de
2552 2871 83 38 tort
2660 2863 22 43 à
2708 2859 31 43 la

747 2920 322 59 bibliothèque
1097 2924 165 56 depuis
1294 2925 137 46 Fétis.
1468 2926 240 46 Personne
1738 2929 158 44 mieux
1926 2943 91 42 que
2049 2930 117 46 MM.
2200 2930 182 47 Tiersot
2412 2939 45 38 et
2489 2932 174 54 Expert,
2693 2938 45 32 ne

754 2989 174 45 saurait
960 2990 217 46 arracher
1208 3005 55 31 ce
1296 2993 220 54 précieux
1549 2994 138 56 dépôt
1720 2998 24 41 à
1779 2995 247 47 l'abandon
2059 2998 285 55 anarchique
2378 3001 59 44 où
2471 2999 29 44 il
2534 2996 104 46 était
2668 2994 55 53 jus-

754 3055 139 56 qu'ici
918 3057 181 55 plongé.
1125 3057 73 47 Ce
1220 3067 104 39 sont
1348 3060 41 46 là
1413 3061 58 45 de
1493 3064 95 43 très
1611 3062 262 46 heureuses
1896 3065 326 53 nominations,
2250 3067 109 45 dont
2384 3067 68 45 les
2476 3062 264 50 travailleurs

747 3130 78 38 ont
850 3122 93 47 lieu
970 3125 58 45 de
1052 3137 55 33 se
1131 3126 185 55 réjouir.

821 3472 91 46 Les
955 3475 308 47 conférences
1309 3478 60 45 du
1413 3490 137 33 cours
1596 3479 265 54 Sauvrezis,
1907 3484 80 52 82,
2035 3495 83 32 rue
2164 3484 56 44 de
2265 3484 160 53 Passy,
2472 3478 264 55 comportent

749 3551 93 33 une
870 3541 125 46 série
1022 3542 58 46 de
1108 3544 148 54 sujets
1284 3545 116 46 d'art
1428 3546 60 45 du
1517 3546 104 56 plus
1649 3546 68 46 vif
1747 3547 192 55 intérêt;
1971 3550 117 44 elles
2117 3558 79 38 ont
2225 3550 92 46 lieu
2347 3552 25 42 à
2401 3561 32 44 4
2461 3550 166 44 heures
2659 3536 72 62 1/2,

746 3619 89 31 aux
872 3608 131 45 dates
1040 3610 263 47 suivantes:

849 3685 60 43 23
950 3674 177 55 janvier
1168 3685 45 38 et
1258 3690 56 43 13
1356 3678 198 46 février:
1596 3682 66 43 La
1700 3682 220 55 Musique
1962 3696 58 32 en
2062 3686 290 53 Angleterre,
2397 3697 80 42 par
2516 3681 62 45 M.
2621 3672 112 49 Paul-

749 3738 150 47 Marie
931 3739 217 57 Masson;
1183 3753 60 46 27
1279 3744 198 46 février:
2297 3748 151 55 Wagner
2449 3765 44 41 par
2507 3748 61 47 M.
2603 3737 127 54 Henri
