2847 4313
624 408 225 36 LETTRES
877 398 229 46 INÉDITES
1134 401 330 45 D'EMMANUEL
1490 411 257 34 CHABRIER

2192 460 0 0 119

199 567 170 47 dernier
590 564 174 43 ressort
985 572 81 42 par
1203 560 166 54 Marty.
892 559 113 46 Mon
1032 560 139 45 vieux
1198 559 244 56 Messager
1881 563 31 46 il
1940 564 44 46 1©
2010 568 185 43 connaît

193 643 103 44 trop,
414 626 152 58 puis...
599 626 29 45 il
658 625 76 46 n'a
764 639 83 42 pas
875 626 44 46 le
948 634 165 48 temps.
1148 626 49 47 Si
1228 628 164 56 d'lndy
1422 637 71 38 est
1523 630 59 45 de
1609 638 157 37 retour
1796 644 57 31 en
1884 639 151 48 temps
2063 629 129 57 utile,

192 703 40 53 je
257 698 58 45 lui
345 708 57 32 en
431 691 187 47 collerai
647 691 142 46 aussi.
822 693 125 45 Pour
976 701 44 39 ta
1051 706 252 42 gouverne,
1336 695 155 55 quand
1519 695 78 55 j'ai
1627 696 181 55 corrigé
1838 698 70 45 les
1937 698 258 55 premières

193 770 218 51 épreuves
442 760 395 54 soigneusement,
874 773 93 41 que
997 761 80 55 j'ai
1109 761 179 55 vérifié,
1325 775 80 32 sur
1439 762 70 45 les
1542 764 287 54 deuxièmes,
1865 765 39 44 si
1940 771 152 41 toutes
2125 766 70 45 ï©6

197 833 140 45 fautes
361 827 170 47 étaient
557 827 251 55 corrigées,
835 827 46 55 je
906 828 121 46 bave
1042 835 10 38 1
1080 828 66 45 Le
1171 830 163 44 travail
1362 844 214 31 nouveau
1603 831 206 46 consiste
1833 832 119 46 donc
1978 835 25 43 à
2027 833 102 46 voir
2156 833 39 46 si

195 901 37 53 }e
257 894 88 47 n'ai
373 907 80 43 pas
482 892 139 46 laissé
651 893 58 46 de
740 893 154 46 fautes
922 896 116 44 dans
1068 896 70 44 les
1165 897 260 52 premières
1456 897 231 53 épreuves
1809 898 30 45 il
1871 898 98 47 faut
1998 912 116 43 pour
2143 913 52 42 ça

195 978 53 31 un
276 960 231 47 monsieur
875 960 117 55 frais
1171 964 45 40 et
1321 960 127 56 neuf.
914 960 40 45 A
985 974 57 32 ce
1070 963 269 44 moment-là
1368 963 46 55 je
1443 963 79 56 n'y
1551 964 103 46 vois
1682 964 105 55 plus
1816 964 125 46 clair.

282 1029 51 53 Je
351 1027 90 45 n'ai
461 1039 83 42 pas
563 1028 188 44 attendu
774 1040 91 42 que
886 1034 48 41 tu
954 1042 76 33 me
1051 1030 244 52 parlâches
1315 1030 61 45 du
1397 1033 112 52 père
1528 1030 202 46 Thomas
1750 1046 115 31 avec
1885 1046 50 31 sa
1961 1034 231 53 Tempête.

200 1096 59 55 Ça
289 1094 128 46 ferait
446 1094 240 54 beaucoup
715 1094 59 46 de
802 1098 279 52 tempêtes...

1885 1168 50 45 E.
1968 1168 93 45 Ch.

1262 1512 138 44 Carte
1420 1514 195 51 postale,
1640 1524 30 42 3
1693 1514 266 52 septembre
1987 1509 141 61 1883.

568 1613 64 46 M.
667 1613 59 46 G.
761 1613 321 51 COSTALLAT,

881 1733 77 45 27,
1000 1728 253 43 boulevard
1288 1729 85 43 des
1409 1729 204 51 Italiens,
1654 1730 146 45 Paris.

376 1853 176 47 Oiseau
578 1855 79 54 qui
682 1869 55 33 se
762 1869 113 41 pare
901 1855 84 47 des
1010 1856 184 56 plumes
1221 1857 61 45 du
1310 1870 133 43 paon.

383 1921 324 55 Qualification
742 1922 57 46 de
835 1922 43 47 la
911 1926 217 43 nommée
1165 1922 281 48 Carabosse.

381 1988 117 46 Note
522 1988 60 46 de
607 1989 42 45 la
676 2003 199 41 gamme.

380 2054 217 57 Ousqu'il
624 2070 29 41 y
680 2056 124 46 avait
828 2070 63 32 un
919 2058 163 45 cheval
1112 2059 59 44 de
1197 2059 115 44 bois.

379 2121 187 47 Peintre
595 2124 231 44 ordinaire
859 2125 56 45 de
947 2125 41 45 la
1019 2125 129 55 place
1181 2125 280 47 Saint-Marc
1493 2126 228 55 (Venise).

378 2189 96 45 Eau
498 2191 59 45 de
580 2191 137 45 table.

286 2255 66 43 Ah
370 2261 9 38 !
406 2256 54 43 ah
478 2262 9 38 !
515 2256 56 46 ah
588 2264 9 38 !
625 2256 69 53 (1)

1883 2330 51 45 E.
1971 2329 92 46 Ch.

289 2388 585 55 He-faulx-Hill-Luminais

1569 2673 29 48 6
1678 2678 277 53 Septembre

286 2782 51 53 Je
360 2784 96 45 vais
482 2785 156 45 mieux
663 2787 24 42 à
714 2789 103 41 tous
845 2785 69 45 les
939 2784 154 56 points
1119 2784 56 45 de
1201 2797 104 32 vue.
1338 2783 166 55 Quand
1529 2783 45 55 je
1601 2783 69 46 dis
1695 2785 26 44 à
1747 2788 116 47 tous,
1982 2783 30 44 il
2035 2797 30 41 y
2091 2796 58 33 en
2172 2794 29 33 a

201 2859 52 32 un
280 2862 86 40 que
390 2850 43 55 je
460 2850 102 46 vise
590 2853 104 54 plus
722 2852 426 55 particulièrement
1268 2852 42 43 le
1339 2852 104 54 plus
1471 2850 246 56 important
1745 2864 113 42 pour
1888 2850 91 46 moi
1996 2869 8 36 ;
2034 2850 45 56 je
2106 2849 95 46 sais

200 2924 48 33 ce
275 2928 85 40 que
389 2918 41 53 je
461 2932 121 30 veux
613 2919 111 44 dire.

292 2981 139 57 Voici,
460 2986 112 43 cher
599 2985 105 52 ami,
736 2985 274 44 l'orchestre
1037 2987 94 42 très
1159 2985 162 53 soigné
1348 2985 57 44 de
1432 2986 63 43 La
1523 2985 224 43 Sulamite
1777 2992 43 37 et
1848 2985 70 43 les
1945 2984 171 54 parties
2144 2984 57 44 de

209 3046 124 44 chant
352 3052 254 50 premières
630 3052 247 52 épreuves.
903 3050 73 47 Ce
1000 3051 161 46 travail
1187 3051 219 44 toutefois
1430 3059 72 38 est
1523 3051 153 44 moins
1698 3053 163 53 pressé
1886 3064 91 42 que
1998 3050 121 44 celui
2144 3051 58 42 de

230 3111 313 57 Gwetidoline;
555 3125 46 38 et
630 3117 73 44 s'il
733 3118 155 45 devait
916 3118 307 54 interrompre
1254 3118 42 43 le
1325 3117 161 46 travail
1518 3117 56 44 de
1941 3128 114 44 pour
2083 3116 118 44 faire

209 3175 56 45 La
289 3179 227 55 Salamite,
548 3184 29 45 il
607 3184 200 46 faudrait
834 3183 92 46 l'en
955 3184 256 46 dissuader.

294 3245 117 47 Pour
432 3263 57 32 ne
512 3264 81 41 pas
615 3252 260 44 m'échiner
897 3258 116 48 trop,
1038 3252 44 53 je
1105 3252 101 43 vais
1227 3264 118 32 vous
1369 3250 116 45 faire
1509 3252 57 43 de
1589 3250 159 45 l'orch.
1775 3250 57 45 de
1856 3250 41 45 la
1921 3250 209 45 Bourrée
2154 3255 46 40 et

209 3309 109 47 l'arr.
352 3316 23 42 à
406 3328 30 42 4
465 3332 42 40 p.
527 3337 9 34 ;
569 3319 106 54 plus
708 3319 82 44 des
822 3330 250 33 morceaux
1105 3319 57 43 de
1194 3318 135 54 piano
1362 3318 76 54 qui
1471 3319 199 43 traînent
1703 3318 41 43 là
1777 3325 46 37 et
1856 3330 90 41 que
1975 3316 46 56 je
2050 3316 151 46 finirai

205 3372 472 62 (incomparablement
704 3385 104 55 plus
836 3384 268 45 facilement
1132 3398 90 42 que
1250 3384 42 44 la
1320 3382 246 55 Bourrée),
1598 3384 57 43 de
1682 3382 207 45 manière
1917 3385 21 42 à
1968 3382 234 46 travailler

205 3451 98 37 sans
336 3453 96 50 trop
468 3451 353 46 d'énervement
858 3452 202 55 pendant
1096 3452 228 54 quelques
1361 3450 247 45 semaines.

290 3511 37 44 A
361 3526 114 34 vous
512 3525 117 37 tous.

1647 3585 280 45 Emmanuel
1962 3585 105 45 Ch.

312 3704 58 51 (1)
399 3706 63 44 Le
488 3711 101 40 mot
617 3714 56 39 de
699 3725 50 27 ce
778 3711 135 40 rébus
934 3714 70 39 est
1028 3728 10 24 :
1084 3725 18 27 «
1123 3711 99 47 J'ai
1245 3711 87 51 fait
1355 3711 45 40 la
1424 3711 220 41 troisième
1666 3710 118 42 valse
1814 3722 29 29 ».
