2847 4313
1115 401 247 36 BULLETIN
1411 396 243 46 FRANÇAIS
1701 396 63 33 DE
1814 394 61 33 LA
1925 394 38 34 S.
2015 392 28 33 I.
2096 390 49 34 M.

654 406 86 45 172

649 558 98 44 voir
780 570 90 31 une
903 556 132 53 façon
1071 555 57 42 de
1159 552 145 54 jardin
1338 549 251 55 suspendu,
1625 558 91 32 une
1749 553 201 35 terrasse
1985 541 198 44 inondée
2217 540 56 43 de
2307 539 179 54 plantes
2520 537 104 53 grim-

650 631 161 45 pantes
837 630 45 36 et
908 623 56 42 de
990 621 142 43 fleurs
1157 633 86 30 aux
1271 617 125 44 mille
1422 616 228 43 couleurs.
1682 612 39 44 C
1745 619 69 36 est
1842 612 40 42 là
1910 609 110 54 qu'il
2050 607 141 44 fallait
2220 608 9 41 1
2255 606 221 43 entendre
2505 606 145 51 parler

652 690 127 50 d'art,
808 688 278 53 surprendre
1113 687 43 42 le
1183 685 247 44 sentiment
1456 682 190 54 pénétré
1672 691 114 31 avec
1813 677 152 53 lequel
1993 675 27 43 il
2050 673 216 54 évoquait
2293 674 68 42 les
2385 671 104 44 bois
2514 679 45 36 et
2586 672 66 43 les

651 756 195 44 courbes
881 754 253 44 rocheuses
1169 753 56 43 de
1260 765 83 30 son
1378 751 110 42 cher
1524 746 234 45 Mouthier
1794 744 131 50 (dans
1961 743 42 43 le
2040 740 199 52 Doubs),
2278 741 68 42 les
2382 747 268 43 montagnes

650 832 43 34 et
723 823 67 42 les
818 835 116 29 vues
962 821 56 42 de
1046 833 97 30 mer
1174 820 56 43 de
1258 831 82 30 son
1370 817 319 43 bienheureux
1719 810 249 46 Lavandou
1999 809 94 50 (sur
2125 809 67 42 les
2221 807 139 43 bords
2390 805 238 43 méditerra-

653 886 183 53 néens),
864 888 57 42 de
944 893 125 36 toute
1093 892 120 37 cette
1238 885 125 51 large
1389 889 162 36 nature
1575 883 58 41 où
1659 880 27 42 il
1714 877 173 45 courait
1913 890 51 30 se
1989 877 190 52 plonger
2205 875 81 42 dès
2312 885 88 41 que
2424 872 44 42 la
2494 871 160 42 liberté

650 955 60 43 lui
745 953 108 45 était
887 955 250 41 rendue!...
1174 951 70 44 Ce
1277 950 224 44 véritable
1535 946 172 52 artiste,
1744 958 52 30 ce
1829 946 139 52 poète
1999 942 120 43 avait
2154 941 114 43 dans
2302 953 77 30 ses
2412 951 168 41 propos
2613 938 41 43 !a

648 1033 168 31 saveur
842 1021 57 42 de
924 1021 40 42 la
991 1026 160 37 nature
1175 1021 166 40 même.
1371 1016 87 44 Ses
1481 1027 188 32 œuvres
1693 1020 103 36 sont
1821 1011 163 44 sobres
2010 1016 44 37 et
2079 1007 229 55 inspirées
2333 1018 180 31 comme
2540 1005 86 43 elle
2644 1023 8 33 ;

650 1094 43 37 et
719 1087 115 44 c'est
859 1089 24 40 à
909 1099 81 30 son
1016 1092 179 37 contact
1222 1084 109 53 qu'il
1359 1083 86 53 prit
1471 1095 107 30 sans
1605 1082 137 41 doute
1769 1085 121 37 cette
1918 1077 60 43 foi
2007 1074 245 54 tranquille
2279 1075 112 42 dans
2419 1073 10 42 1
2452 1085 55 30 au
2537 1072 113 52 delà,

650 1154 111 53 quïl
789 1152 220 45 résumait
1037 1153 56 42 de
1121 1165 52 29 ce
1201 1150 97 44 seul
1330 1157 117 36 mot:
1479 1165 21 23 «
1532 1147 19 53 J
1578 1149 187 51 espère!
1799 1161 24 25 »

2088 1209 161 43 HENRI
2278 1218 62 32 DE
2368 1205 222 44 CURZON.

1390 1318 4 12 I

752 1352 167 43 Ernest
949 1350 149 54 Reyer
1128 1357 70 36 est
1227 1355 116 36 mort
1373 1360 56 31 au
1461 1345 248 45 Lavandou
1739 1343 147 52 (Var),
1918 1343 43 43 le
1998 1352 54 44 15
2083 1340 191 55 janvier.
2309 1338 87 45 Ses
2426 1339 233 52 obsèques

649 1428 79 35 ont
752 1433 57 30 eu
834 1419 91 43 lieu
953 1419 42 43 le
1020 1416 243 45 dimanche
1295 1426 71 42 17,
1392 1428 58 30 au
1476 1414 263 49 Lavandou,
1768 1424 113 32 avec
1907 1411 40 42 la
1974 1407 245 56 simplicité
2246 1406 244 55 grandiose
2518 1406 138 43 dune

649 1484 342 44 manifestation
1016 1482 252 55 populaire,
1295 1481 118 55 puis,
1441 1480 42 43 le
1507 1479 279 52 lendemain,
1811 1480 25 40 à
1862 1476 254 52 Marseille,
2144 1475 56 43 de
2227 1475 40 42 la
2293 1485 109 42 gare
2426 1475 24 40 à
2477 1473 10 42 1
2511 1471 144 53 église

651 1551 266 46 St-Vincent
940 1552 57 43 de
1022 1551 128 51 Paul,
1178 1557 44 37 et
1246 1550 56 43 de
1326 1547 178 45 ceîle-ci
1531 1560 56 30 au
1613 1545 238 44 cimetière
1878 1543 246 51 St-Pierre,
2153 1542 113 43 dans
2292 1541 82 44 des
2399 1539 258 45 conditions

649 1617 282 46 solennelles
961 1625 43 36 et
1033 1630 85 30 aux
1150 1614 112 46 frais
1291 1616 56 43 de
1376 1616 41 43 la
1446 1613 122 45 ville.

747 1683 127 46 Voici
900 1684 227 55 quelques
1149 1691 133 35 notes
1305 1679 371 46 documentaires
1698 1692 79 32 sur
1800 1691 78 30 ses
1900 1689 187 32 œuvres
2111 1683 45 37 et
2180 1677 98 42 leur
2302 1673 244 44 exécution
2563 1691 8 25 :

747 1750 202 46 Homme
973 1752 57 43 de
1056 1752 193 50 théâtre,
1278 1748 381 52 exclusivement,
1775 1758 181 32 comme
1982 1743 171 54 Grétry
2179 1743 130 54 jadis,
2427 1754 79 32 ses
2533 1740 99 55 quel-

651 1830 115 41 ques
798 1816 295 56 productions
1126 1816 113 44 dans
1272 1815 155 45 divers
1460 1821 157 37 autres
1649 1825 168 41 genres
1848 1824 59 30 ne
1940 1816 233 49 comptent
2206 1821 91 42 que
2328 1810 96 42 très
2458 1820 105 41 peu,
2599 1820 56 31 ou

649 1898 83 42 pas
760 1886 60 43 du
848 1891 111 46 tout,
991 1884 114 43 dans
1132 1895 83 32 son
1246 1884 174 52 bagage
1450 1881 207 45 musical.
1687 1879 53 54 Je
1770 1879 90 45 cite
1889 1879 296 53 simplement
2215 1877 228 52 quelques

651 1951 226 55 quelques
917 1953 201 46 chœurs,
1165 1948 226 55 quelques
1433 1960 142 42 pages
1617 1946 205 54 lyriques
1864 1957 114 32 avec
2020 1945 254 50 orchestre,
2319 1942 108 45 dont
2471 1942 43 43 la
2554 1941 105 54 plus

649 2031 181 32 connue
858 2026 70 35 est
1267 2020 42 41 la
1408 2017 292 55 Magdeleine
2048 2027 58 32 au
2220 2017 155 43 désert
1615 2013 186 54 (lß74),
1831 2026 114 41 pour
1972 2012 153 52 basse,
2156 2009 124 46 enfin
2309 2022 92 32 une
2431 2008 226 45 trentaine

651 2084 56 43 de
731 2084 236 49 mélodies,
995 2084 54 43 de
1074 2091 151 36 toutes
1248 2083 68 43 les
1338 2084 222 52 époques,
1585 2082 108 42 dont
1716 2079 69 43 les
1806 2078 112 46 trois
1940 2078 103 55 plus
2065 2077 263 53 originales,
2356 2083 43 37 et
2424 2074 109 46 d'un
2557 2080 103 40 tour

652 2149 227 45 vraiment
910 2149 336 55 remarquable,
1279 2150 24 41 à
1334 2160 104 31 mon
1470 2147 115 53 avis,
1618 2154 126 37 sont:
1778 2147 41 43 la
1850 2145 205 43 chanson
2087 2145 57 43 de
2176 2141 234 46 Mathurin
2444 2140 215 54 Régnier,

651 2219 232 53 Pourquoi
916 2229 56 31 ne
1009 2218 386 43 m'aimez-vous?
1430 2216 41 42 la
1510 2216 161 42 Vieille
1705 2216 204 41 chanson
1942 2215 61 41 du
2035 2211 140 55 feune
2210 2215 164 48 temps,
2411 2210 56 43 de
2504 2209 155 44 Victor

651 2282 152 55 Hugo,
832 2291 45 36 et
902 2284 42 44 le
972 2299 22 24 «
1025 2282 136 45 chant
1187 2282 265 54 diatonique
1480 2298 25 24 »
1538 2281 223 43 Tristesse
1790 2279 184 54 (1884).
2096 2279 38 43 A
2162 2285 114 47 part,
2306 2277 41 44 le
2374 2275 174 46 recueil
2576 2275 83 44 des

649 2364 65 40 40
747 2352 179 43 vieilles
962 2354 230 40 chansons
1227 2352 63 41 du
1321 2360 68 33 xn
1392 2348 16 20 e
1441 2361 57 31 au
1533 2359 118 33 xvni
1655 2348 17 18 e
1706 2348 158 47 siècle,
1903 2346 203 44 choisies
2142 2352 44 38 et
2220 2343 324 46 harmonisées
2579 2355 78 42 par

652 2416 77 54 lui,
759 2423 47 38 et
832 2416 140 45 d'une
1000 2430 168 31 saveur
1197 2418 336 42 extrêmement
1561 2422 254 47 attrayante
1845 2421 157 37 autant
2030 2426 90 41 que
2151 2412 55 44 de
2238 2412 41 43 la
2309 2411 102 54 plus
2440 2409 219 55 piquante

649 2482 219 46 curiosité
898 2482 87 51 (éd.
1018 2483 114 43 chez
1161 2482 193 52 Leduc).
1479 2481 128 44 Voici
1639 2482 67 43 les
1734 2493 188 32 œuvres
1951 2478 337 55 dramatiques:

748 2550 64 44 Le
835 2550 171 49 Selam,
1033 2550 86 44 ode
1143 2549 340 55 symphonique
1508 2548 272 53 (Théophile
1804 2545 232 54 Gautier).
2153 2545 198 43 Théâtre
2378 2543 278 52 Ventadour,

652 2628 25 43 5
704 2616 113 45 avril
846 2616 136 54 1850.
1011 2616 238 50 (Partition
1272 2616 115 44 chez
1410 2614 292 53 Choudens).

854 2684 164 43 Maître
1212 2682 130 55 Wolfram,
1343 2681 259 56 opéra-comique,
1639 2694 14 30 1
1690 2690 100 36 acte
1818 2680 190 55 (Méry).
2129 2677 437 56 Théâtre-Lyrique,
2599 2689 61 33 20

652 2749 89 44 mai
780 2749 149 54 1854;
963 2749 178 54 reprise
1173 2751 24 41 à
1231 2747 459 56 l'Opéra-Comique,
1725 2760 104 32 nov.
1874 2747 138 54 1873,
2048 2755 59 44 et,
2144 2759 56 33 en
2237 2745 184 45 dernier
2455 2745 108 53 lieu,
2600 2756 55 33 en

658 2827 137 42 1902.
830 2815 240 52 (Partition
1102 2816 114 44 chez
1248 2813 293 52 Choudens).

747 2883 295 50 Sakountala,
1083 2883 153 52 ballet,
1278 2895 25 30 2
1342 2889 127 37 actes
1505 2881 98 52 (Th.
1644 2881 232 53 Gautier).
2018 2881 172 54 Opéra,
2237 2892 57 42 14
2328 2879 146 55 juillet
2519 2877 133 56 1858.

652 2950 166 50 (Inédit
846 2963 57 32 ou
933 2949 204 52 détruit).

750 3016 62 44 La
837 3016 174 50 Statue,
1042 3014 388 57 opéra-comique,
1458 3027 30 43 3
1514 3022 127 39 actes
1668 3015 81 51 (M.
1780 3014 145 46 Carré
1954 3023 44 37 et
2022 3014 37 55 J.
2093 3013 230 52 Barbier).
2444 3013 216 44 Théâtre-

652 3083 216 55 Lyrique,
901 3096 49 31 11
983 3084 112 44 avril
1129 3083 115 45 1861
1268 3102 9 34 ;
1305 3083 176 54 reprise
1505 3085 26 42 à
1557 3081 460 56 l'Opéra-Comique,
2046 3095 115 31 avec
2186 3080 239 48 récitatifs,
2457 3093 62 31 20
2544 3079 113 45 avril

658 3150 149 54 1878;
829 3150 177 56 reprise
1028 3152 23 42 à
1074 3150 205 54 l'Opéra,
1303 3164 56 30 en
1383 3163 27 41 5
1433 3159 141 44 actes,
1597 3150 30 44 6
1650 3163 122 31 mars
1800 3161 137 42 1903.
1964 3149 239 50 (Partition
2226 3149 115 43 chez
2364 3145 291 53 Choudens).

750 3217 249 50 Erostrate,
1034 3220 140 52 opéra
1210 3229 24 31 2
1269 3226 127 36 actes
1429 3216 188 54 (Méry).
1752 3216 175 46 Casino
1960 3217 58 43 de
2053 3215 358 53 Baden-Baden,
2450 3226 52 32 21
2544 3213 115 46 avril

661 3282 146 55 1862;
839 3283 175 56 reprise
1046 3286 23 40 à
1100 3283 207 55 l'Opéra,
1344 3283 59 46 16
1430 3284 188 45 octobre
1657 3283 137 54 1871,
1827 3292 45 36 et
1902 3296 58 32 en
1992 3282 184 46 dernier
2206 3281 107 53 lieu,
2347 3283 25 42 à
2405 3279 252 54 Marseille,

653 3349 28 43 il
708 3362 28 42 y
761 3362 24 32 a
812 3352 227 53 quelques
1063 3353 190 43 années.
1282 3350 239 50 (Partition
1547 3352 116 43 chez
1688 3348 294 53 Choudens).

750 3417 181 54 Sigurd,
962 3419 155 52 opéra,
1145 3429 33 42 4
1202 3425 128 37 actes
1357 3415 73 54 (C.
1461 3418 58 44 du
1547 3417 140 44 Locle
1714 3424 45 38 et
1786 3417 53 43 A.
1876 3415 153 52 Blau).
2151 3417 199 43 Théâtre
2375 3415 127 54 royal
2532 3415 59 45 de
2617 3414 39 44 la

655 3481 232 54 Monnaie,
912 3484 24 42 à
962 3483 256 54 Bruxelles,
1248 3491 24 46 7
1296 3483 176 54 janvier
1503 3483 148 54 1884;
1676 3483 177 54 reprise
1875 3485 24 41 à
1925 3481 207 56 l'Opéra,
2165 3494 54 32 12
2243 3481 96 54 juin
2370 3480 136 56 1885.
2535 3480 100 52 (Par-

655 3547 128 46 tition
813 3549 116 44 chez
959 3547 220 55 Heugel).

750 3613 280 55 Salammbô,
1055 3617 155 52 opéra,
1235 3627 27 44 5
1286 3625 127 37 actes
1434 3616 73 51 (C.
1535 3617 58 45 du
1617 3616 175 51 Locle).
1905 3616 199 44 Théâtre
2126 3617 126 52 royal
2278 3616 55 43 de
2358 3616 40 43 la
2424 3613 231 52 Monnaie,

655 3683 22 43 à
707 3681 256 54 Bruxelles,
997 3693 58 32 10
1079 3682 172 44 février
1283 3682 147 53 1890;
1456 3682 179 55 reprise
1658 3684 24 44 à
1707 3682 206 55 l'Opéra,
1947 3682 58 44 16
2027 3683 91 43 mai
2152 3681 134 56 1892.
