2847 4313
612 422 0 0 128

1054 389 247 37 BULLETIN
1351 390 246 46 FRANÇAIS
1643 390 64 35 DE
1756 389 61 34 LA
1867 389 39 36 S.
1958 390 28 35 I,
2038 388 34 35 M

759 543 333 69 Remarque.
1099 540 86 53 La
1211 538 325 55 formation
1566 539 99 54 des
1694 553 260 38 mesures
1983 536 36 52 à
2046 550 54 59 4,
2131 546 53 58 5,
2213 548 35 58 7
2275 538 60 52 et
2366 548 34 57 9
2427 538 193 68 temps

525 623 258 71 (simples
825 625 59 51 et
925 620 357 73 composées)
1326 619 152 56 n'est
1519 619 218 71 qu'une
1776 615 310 57 extension
2129 616 74 54 de
2244 632 64 38 ce
2349 612 102 74 qui
2494 616 95 70 pré-

522 704 156 56 cède.

633 783 239 70 Voyons
904 779 376 57 maintenant
1312 784 297 51 comment
1642 794 94 39 ces
1767 779 157 54 deux
1955 776 258 55 modèles
2245 775 375 72 rythmiques

519 866 239 70 passent
796 863 70 56 de
899 863 59 53 la
993 860 225 56 théorie
1254 863 36 52 à
1322 861 58 54 la
1416 860 294 73 pratique,
1748 863 299 50 comment
2085 858 343 55 d'éléments
2463 858 128 55 rudi-

520 941 315 59 mentaires
877 940 173 74 qu'ils
1088 940 227 56 étaient
1351 941 74 54 ils
1465 939 356 57 deviennent
1863 957 82 36 un
1980 936 362 57 instrument
2383 938 72 55 de
2493 940 96 70 pré-

519 1024 180 56 cision
736 1042 149 53 pour
922 1023 52 56 le
1012 1021 301 58 musicien.

631 2286 153 55 Pour
834 2284 169 56 saisir
1051 2283 344 55 clairement
1442 2286 139 51 tout
1630 2298 275 39 morceau
1955 2281 72 55 de
2077 2277 272 74 musique
2394 2277 45 55 il
2488 2276 128 57 faut

515 2365 252 74 pouvoir
800 2382 266 39 ramener
1101 2364 35 54 à
1167 2364 157 56 l'une
1361 2364 100 56 des
1499 2364 155 54 deux
1690 2360 287 58 divisions
2014 2360 218 56 binaire
2267 2378 76 37 ou
2378 2359 240 56 ternaire

518 2448 80 56 les
630 2448 203 56 durées
862 2445 264 56 formant
1157 2464 82 37 un
1270 2449 213 66 temps,
1513 2444 55 54 le
1597 2443 248 57 nombre
1878 2443 71 55 de
1978 2446 198 66 temps
2207 2440 263 58 formant
2500 2458 115 38 une

519 2545 244 51 mesure,
795 2528 53 54 le
880 2525 249 57 nombre
1159 2526 73 55 de
1265 2543 256 38 mesures
1558 2524 263 56 formant
1858 2543 114 37 une
2005 2524 230 71 phrase.

628 2608 96 54 Au
757 2605 171 74 point
966 2608 71 54 de
1072 2620 115 41 vue
1223 2603 285 73 expressif
1540 2605 52 55 le
1628 2605 237 70 rythme
1898 2601 231 59 binaire
2165 2606 89 51 est
2289 2601 133 73 plus
2457 2603 125 54 éner-

517 2689 174 71 gique
721 2705 114 55 que
863 2686 55 58 le
947 2688 236 70 rythme
1212 2684 274 57 ternaire.
1520 2684 173 57 Aussi
1724 2685 83 56 les
1839 2684 426 72 compositeurs
2295 2681 286 74 préfèrent-

513 2768 72 56 ils
614 2768 83 57 les
731 2784 254 41 mesures
1021 2768 71 56 de
1124 2765 245 59 nombre
1404 2766 71 56 de
1507 2770 197 68 temps
1751 2770 60 52 et
1869 2766 71 56 de
1996 2764 262 58 division
2305 2765 70 56 de
2420 2769 193 67 temps

515 2849 257 56 binaires
816 2865 150 56 pour
1027 2846 293 74 exprimer
1384 2848 102 56 des
1548 2846 352 58 sentiments
1936 2845 366 73 énergiques,
2345 2844 229 57 décidés
2599 2865 14 49 ;

513 2928 199 57 tandis
741 2947 113 53 que
882 2928 83 57 les
991 2926 352 58 sentiments
1370 2928 256 70 tendres,
1644 2926 295 74 gracieux,
1954 2932 136 50 sont
2118 2926 55 55 le
2199 2925 134 73 plus
2361 2930 248 51 souvent

514 3009 290 72 exprimés
834 3028 111 55 par
978 3009 100 57 des
1112 3008 283 57 divisions
1426 3008 303 58 ternaires.

627 3090 110 56 Les
781 3090 284 70 marches,
1089 3089 84 57 les
1196 3089 212 56 chants
1432 3089 329 72 héroïques,
1788 3107 230 42 comme
2042 3089 101 55 «la
2168 3086 378 59 Marseillaise
2570 3108 39 50 »,

515 3174 136 52 sont
684 3170 178 56 écrits
900 3172 146 55 dans
1083 3172 100 55 des
1218 3172 265 69 rythmes
1517 3169 278 57 binaires.

624 3250 86 55 La
743 3250 191 70 Valse,
969 3250 59 55 la
1063 3252 303 68 Berceuse,
1400 3249 55 57 le
1491 3250 257 70 Menuet,
1785 3254 137 67 etc.,
1955 3255 136 51 sont
2126 3250 177 55 écrits
2342 3250 146 56 dans
2513 3250 96 55 des

511 3333 263 68 rythmes
810 3330 302 57 ternaires,
1148 3335 5 69 j
1220 3330 3 74 .

1204 3406 4 7 -
1343 3409 11 4 ■—
2212 3407 5 5 r
2442 3407 9 4 -

1191 3512 63 8 V.
1286 3512 76 8 —
1402 3512 277 8 CELLULE
1719 3512 357 8 RYTHMIQUE

627 3597 85 56 La
746 3597 158 57 seule
938 3598 314 59 exécution
1287 3601 72 57 de
1395 3601 157 57 deux
1586 3605 170 53 notes
1792 3601 344 57 accentuées
2173 3598 433 59 différemment

517 3680 191 54 donne
753 3676 305 59 naissance
1105 3697 77 41 au
1226 3681 238 72 rythme
1512 3681 148 57 dans
1704 3699 67 39 sa
1816 3681 132 73 plus
1994 3681 212 72 simple
2250 3678 354 75 expression.
