2847 4313
754 374 92 34 LES
872 365 142 45 IDÉES
1041 368 217 43 D'EDGAR
1286 379 98 34 POE
1412 379 94 36 SUR
1533 380 62 35 LA
1623 383 218 43 MUSIQUE

2250 393 82 45 151

359 530 248 52 Broadway
909 529 203 51 Journal,
1145 541 59 32 ou
934 529 31 44 il
994 530 159 53 publia
1181 544 60 32 ou
1270 533 211 53 republia
1511 535 193 45 nombre
1733 538 59 43 de
1822 552 78 31 ses
1929 539 104 55 plus
2062 540 149 46 belles
2239 555 75 42 pro-

331 594 220 53 ductions,
583 601 96 37 tout
708 608 58 31 en
795 595 270 56 s'occupant
1092 597 86 46 des
1205 600 243 46 actualités
1475 600 248 47 littéraires
1751 611 47 38 et
1826 608 152 45 même
2009 608 325 55 dramatiques.

329 663 70 45 Au
425 661 254 56 printemps
706 661 57 44 de
790 670 122 37 cette
940 666 166 53 année,
1134 675 94 35 une
1255 667 261 55 adaptation
1547 670 57 44 de
1632 670 11 43 1
1924 675 58 43 de
2010 675 233 54 SopTiocle
2268 677 70 46 lut

326 731 296 54 représentée
656 731 26 42 à
720 728 261 47 New-York
1017 743 116 33 avec
1169 731 42 45 la
1247 735 217 54 musique
1501 737 56 43 de
1594 736 351 59 Mendelssohn,
1985 743 109 45 dont
2130 743 111 55 Poe,
2279 759 59 30 en

329 812 48 30 sa
409 797 170 56 qualité
613 797 57 44 de
701 797 200 56 critique
936 801 211 53 théâtral,
1183 815 54 30 se
1270 809 162 39 trouva
1467 804 161 45 devoir
1662 807 168 44 rendre
1864 818 196 46 compte.
2098 811 146 56 Voici,
2279 815 59 43 de

327 878 80 31 son
437 863 171 53 article,
640 864 42 43 la
711 864 146 55 partie
885 865 196 46 relative
1108 869 25 42 à
1162 875 120 37 cette
1313 870 216 55 musique
1545 889 9 26 :

424 948 22 24 «
477 929 71 46 Ce
576 930 113 56 qu'il
717 944 30 42 y
776 947 24 29 a
830 934 57 43 de
915 933 106 56 plus
1049 934 225 55 singulier
1303 938 115 44 dans
1448 947 120 36 cette
1597 943 385 53 représentation,
2014 944 117 46 c'est
2159 947 154 45 indubi-

329 999 245 45 tablement
604 999 41 44 la
674 1000 217 55 musique
920 1002 59 45 de
1002 1005 162 42 'scène.
1197 1004 338 47 Mendelssohn
1564 1022 26 30 a
1619 1009 58 43 dû
1709 1011 99 42 être
1836 1010 174 55 inspiré
2041 1013 208 56 lorsqu'il
2277 1029 60 31 en

327 1072 160 49 conçut
513 1065 44 44 le
581 1067 131 52 plan:
741 1067 157 46 c'était
926 1070 40 43 là
993 1084 61 29 un
1082 1084 133 32 essor
1241 1072 255 46 audacieux
1524 1083 45 36 et
1596 1075 225 54 sublime;
1848 1091 62 30 un
1939 1079 144 54 esprit
2107 1080 231 47 ordinaire

325 1147 27 41 y
377 1132 145 47 aurait
550 1133 128 46 failli.
711 1135 36 44 Il
776 1143 78 39 eut
882 1138 22 42 à
933 1137 140 45 lutter
1101 1147 160 37 contre
1289 1141 108 43 bien
1427 1142 83 45 des
1539 1142 268 47 difficultés:
1837 1145 31 44 il
1897 1146 69 46 fut
1994 1146 129 47 forcé
2151 1147 160 47 d'aban-

327 1202 171 44 donner
528 1213 83 32 son
645 1203 121 53 style
797 1206 196 52 naturel,
1027 1218 117 41 pour
1176 1207 190 55 adopter
1399 1208 43 45 le
1474 1212 208 51 système
1713 1211 128 45 raide
1874 1220 46 38 et
1950 1227 91 41 peu
2072 1215 265 47 mélodieux

325 1270 57 45 du
409 1270 138 44 chant
579 1282 109 42 grec
719 1273 25 42 à
777 1270 241 47 l'unisson.
1055 1272 272 48 Conserver
1357 1290 55 31 ce
1444 1281 236 43 caractère
1710 1279 239 56 distinctif,
1986 1290 44 38 et
2062 1284 273 45 néanmoins

325 1335 145 47 écrire
493 1349 92 32 une
612 1338 217 54 musique
854 1339 274 47 admissible
1152 1354 115 42 pour
1295 1344 83 45 des
1404 1344 188 46 oreilles
1618 1347 264 54 modernes,
1910 1362 56 32 ce
1991 1349 80 46 dut
2099 1353 98 43 être
2222 1364 116 42 pour

325 1403 98 47 l'art
449 1403 60 45 du
538 1405 315 55 compositeur
881 1420 94 32 une
1003 1408 116 45 rude
1148 1410 221 55 épreuve.
1402 1411 122 46 Mais
1553 1413 29 44 il
1613 1427 25 30 a
1669 1414 461 48 merveilleusement
2155 1419 179 45 réussi:

325 1472 41 45 la
390 1471 228 56 musique,
650 1474 204 56 quoique
882 1475 360 57 germanisante,
1272 1486 127 37 reste
1426 1493 217 43 grecque.
1676 1481 93 46 Les
1797 1484 186 46 chœurs
2011 1493 105 38 sont
2142 1486 193 46 chantés

324 1538 95 46 rien
456 1552 90 42 que
580 1554 83 40 par
698 1541 85 44 des
819 1542 107 45 voix
961 1542 277 57 d'hommes,
1279 1554 45 37 et
1361 1556 198 37 souvent
1596 1551 24 42 à
1658 1549 226 45 l'unisson
1902 1570 9 33 ;
1950 1554 153 53 quand
2140 1552 57 46 ils
2231 1563 104 36 sont

324 1607 301 55 harmonisés,
663 1608 68 45 les
764 1611 193 43 accords
990 1612 233 46 semblent
1256 1615 199 44 résulter
1488 1617 360 46 naturellement
1881 1618 82 45 des
1997 1620 247 45 inflexions
2277 1622 58 45 de

325 1673 38 46 la
386 1673 117 46 voix.
531 1674 92 46 Les
645 1676 185 45 thèmes
853 1677 59 46 de
936 1678 179 46 chacun
1139 1681 84 44 des
1247 1681 189 45 chœurs
1460 1691 104 37 sont
1589 1683 205 55 simples,
1822 1686 306 56 majestueux,
2155 1687 180 47 dénués

325 1740 335 56 d'ornements;
696 1743 58 44 ils
787 1744 277 56 participent
1096 1759 89 32 aux
1220 1748 156 44 divers
1409 1752 263 43 caractères
1707 1752 83 44 des
1823 1753 209 53 paroles:
2069 1754 186 46 sérieux
2290 1764 45 37 et

324 1808 226 56 réfléchis,
574 1823 167 41 graves
762 1818 45 38 et
827 1811 350 58 prophétiques,
1199 1814 181 46 animés
1401 1823 47 38 et
1467 1817 320 55 triomphants,
1812 1820 277 46 sentiments
2109 1822 225 54 religieux

322 1876 143 46 mêlés
499 1879 24 43 à
559 1878 43 44 îa
636 1885 183 40 terreur
853 1881 244 46 écrasante
1134 1883 76 54 qui
1246 1884 210 54 toujours
1492 1898 314 42 accompagne
1840 1886 274 55 l'ignorante
2150 1903 161 42 supers-

322 1942 140 47 tition.
493 1944 144 47 Notre
661 1946 226 46 intention
917 1950 125 44 étant
1068 1949 57 45 de
1152 1963 249 33 consacrer
1426 1954 24 42 à
1478 1959 122 38 cette
1625 1954 216 54 musique
1868 1969 61 30 un
1957 1955 160 46 article
2142 1956 188 56 spécial,

322 2024 113 33 nous
461 2026 118 31 nous
604 2022 330 38 contenterons
960 2016 57 44 ici
1045 2017 57 45 de
1130 2017 98 46 dire
1255 2018 228 56 quelques
1509 2027 120 38 mots
1656 2021 57 44 de
1738 2021 294 47 l'exécution.
2066 2040 24 27 »

418 2078 215 46 L'article
663 2082 179 53 projeté
871 2096 60 30 ne
962 2083 69 46 fut
1060 2085 164 53 jamais
1255 2086 128 53 écrit,
1416 2086 44 54 je
1489 2100 148 40 pense
1655 2106 7 26 :
1694 2101 76 31 car
1801 2088 100 45 rien
1931 2091 58 43 de
2018 2091 145 54 pareil
2193 2105 60 32 ne
2282 2106 53 31 se

322 2153 159 39 trouve
514 2149 114 43 dans
661 2149 69 45 les
764 2152 205 43 Œuvres
1002 2154 269 51 complètes.
1308 2154 39 44 A
1383 2154 40 45 la
1455 2154 122 46 suite
1609 2156 84 44 des
1726 2157 148 53 lignes
1907 2158 146 45 citées
2084 2159 127 46 vient
2241 2173 94 32 une

322 2213 191 57 critique
541 2218 169 43 sévère
738 2218 57 44 de
825 2218 42 44 la
895 2219 210 45 manière
1134 2220 109 45 dont
1272 2220 156 46 furent
1456 2224 223 43 exécutés
1802 2223 127 47 faute
1958 2226 57 44 de
2044 2226 287 54 répétitions,

322 2281 191 54 paraît-il
627 2284 70 44 les
721 2285 189 45 chœurs
934 2286 58 44 de
1017 2286 353 46 Mendelssohn.

414 2349 73 45 Ce
519 2351 228 45 véritable
780 2363 184 44 compte
997 2355 162 52 rendu,
1196 2355 47 44 ni
1277 2355 216 46 meilleur
1528 2356 44 45 ni
1609 2358 99 54 pire
1742 2358 144 55 qu'un
1921 2360 90 45 bon
2047 2361 196 45 nombre
2276 2363 57 44 de

321 2429 113 31 ceux
470 2419 75 54 qui
581 2420 262 53 paraissent
876 2421 295 55 aujourd'hui
1209 2436 170 32 encore
1415 2425 115 44 dans
1566 2426 82 45 des
1684 2426 344 47 circonstances
2063 2429 267 54 analogues,

324 2491 66 38 est
418 2486 101 44 seul
553 2487 59 43 de
642 2500 85 32 son
762 2490 171 53 espèce
966 2490 116 44 dans
1114 2490 196 44 l'œuvre
1345 2491 59 44 de
1436 2492 109 45 Poe.
1583 2492 221 47 D'autres
1836 2509 224 40 passages
2093 2497 216 45 caractéri-

322 2560 153 36 seront
504 2552 156 46 mieux
691 2553 43 46 la
764 2554 209 46 manière
1004 2557 110 44 dont
1144 2557 30 43 il
1206 2558 286 54 comprenait
1522 2560 42 43 la
1596 2560 230 55 musique.

415 2618 64 47 Ils
506 2622 143 44 serait
678 2622 91 45 fort
797 2623 192 46 curieux
1018 2624 59 45 de
1106 2626 155 43 savoir
1290 2627 155 53 quelle
1474 2627 216 56 musique
1721 2628 94 45 Poe
1844 2643 25 31 a
1900 2643 59 41 pu
1989 2632 224 44 entendre
2243 2631 86 52 (1),

322 2685 115 46 celle
466 2688 112 54 qu'il
608 2689 236 55 préférait.
880 2689 75 46 On
984 2690 90 46 sait
1102 2698 81 48 par
1213 2706 92 30 une
1335 2694 58 43 de
1423 2707 79 32 ses
1531 2694 160 46 lettres
1721 2695 113 56 qu'il
1865 2698 111 44 était
2006 2698 91 46 fort
2123 2698 208 47 sensible

319 2764 54 33 au
404 2753 186 47 charme
623 2755 57 45 de
713 2756 42 45 la
788 2756 226 46 mélodie:

411 2838 24 26 «
475 2822 64 46 La
566 2824 219 53 musique
813 2825 408 55 m'impressionne
1249 2827 406 54 profondément...
1688 2830 101 44 Elle
1818 2839 72 37 est
1916 2831 43 45 la
1986 2831 257 55 perfection
2268 2834 62 43 de

324 2887 144 55 l'âme,
498 2904 57 31 ou
584 2892 57 43 de
665 2891 154 53 l'idée,
848 2892 61 43 de
933 2892 42 45 la
1002 2892 174 55 poésie.
1206 2894 65 44 Le
1296 2906 150 43 vague
1474 2896 57 43 de
1554 2904 125 37 cette
1705 2897 247 45 exaltation
1978 2911 92 41 que
2095 2911 239 42 provoque

312 2961 97 38 line
432 2957 201 44 mélodie
659 2958 148 45 douce
834 2958 64 52 (et
922 2960 79 54 qui
1030 2960 92 44 doit
1149 2960 405 54 rigoureusement
1581 2966 99 41 être
1705 2963 239 55 indéfinie,
1975 2977 58 31 ne
2061 2977 81 41 pas
2168 2967 138 51 suggé-

320 3033 71 33 rer
412 3031 101 48 trop
536 3026 326 53 directement)
889 3024 68 55 (2)
983 3034 72 37 est
1077 3027 43 44 le
1141 3028 100 43 vrai
1265 3028 81 45 but
1369 3031 58 42 où
1450 3029 43 44 la
1517 3029 160 54 poésie
1700 3029 94 46 doit
1817 3031 175 44 tendre.
2023 3047 24 26 »

418 3090 75 47 On
526 3094 88 45 sait
646 3107 172 32 encore
851 3107 80 42 par
964 3094 70 45 les
1067 3095 248 46 souvenirs
1348 3095 58 45 de
1440 3109 84 32 son
1558 3097 121 44 amie
1713 3097 128 45 Mme
1874 3097 154 54 Shew,
2063 3098 117 46 cités
2215 3099 115 45 dans

320 3155 38 45 la
379 3156 272 59 biographie
677 3160 57 45 de
762 3160 96 46 Poe
884 3174 81 41 par
990 3160 64 46 M.
1087 3161 198 55 Ingram,
1314 3161 112 56 qu'il
1454 3164 235 52 possédait
1714 3177 92 30 une
1832 3164 124 44 belle
1981 3164 105 44 voix
2113 3165 58 45 de
2197 3167 133 43 ténor

322 3230 44 38 et
395 3225 199 46 chantait
628 3226 124 46 bien.
791 3226 60 46 Sa
884 3228 190 53 femme,
1111 3229 42 44 la
1188 3228 206 54 Virginia
1427 3229 113 54 qu'il
1575 3230 188 53 adorait,
1801 3231 109 45 était
1942 3245 92 31 une
2067 3233 262 45 excellente

321 3292 299 47 musicienne.

412 3358 89 46 Sur
534 3361 69 43 les
639 3361 242 54 questions
927 3362 220 45 relatives
1181 3366 24 41 à
1242 3363 40 44 la
1318 3363 230 55 musique,
1597 3363 98 45 Poe
1743 3377 25 32 a
1815 3366 76 43 été
1936 3369 96 41 très
2080 3366 249 47 fortement

418 3489 55 45 (1)
503 3492 106 47 Qu'il
630 3502 63 24 me
717 3492 78 35 soit
817 3492 151 46 permis
988 3492 245 46 d'exprimer
1252 3491 36 35 le
1309 3492 106 35 désir
1435 3502 80 36 que
1536 3493 219 47 quelqu'un
1777 3494 49 35 de
1848 3505 84 25 mes
1952 3496 196 36 confrères
2170 3496 134 36 d'Amé-

315 3541 110 48 rique
446 3543 59 37 ait
527 3545 37 37 la
588 3545 191 37 curiosité
801 3548 50 34 de
873 3547 230 35 rechercher
1124 3556 68 26 sur
1213 3547 115 46 place
1350 3547 71 34 des
1442 3546 345 47 renseignements
1808 3559 69 26 sur
1899 3560 43 24 ce
1966 3549 131 47 point.
2124 3550 188 48 J'accueil-

317 3593 111 39 lerais
453 3609 101 26 avec
585 3612 79 24 une
695 3600 254 47 particulière
979 3600 328 38 reconnaissance
1337 3601 56 35 les
1420 3601 247 37 indications
1697 3614 78 36 que
1805 3603 81 37 l'on
1917 3605 191 38 voudrait
2139 3605 95 37 bien
2262 3615 68 27 ©e

324 3651 259 39 transmettre.

419 3707 53 46 (2)
500 3708 62 36 On
585 3721 113 25 verra
720 3711 91 46 plus
831 3709 82 37 loin
935 3711 36 35 le
993 3710 333 50 développement
1350 3711 48 35 de
1420 3715 105 33 cette
1545 3711 99 38 idée.
