2847 4313
726 341 87 61 176

1194 351 247 36 BULLETIN
1491 346 246 46 FRANÇAIS
1783 346 65 32 DE
1898 344 61 33 LA
2008 342 39 35 S.
2100 342 27 35 I.
2180 341 49 33 M.

826 509 63 44 Le
912 507 61 44 26
993 506 146 54 juillet
1159 506 57 43 de
1237 504 42 44 la
1299 504 151 44 même
1474 501 164 49 année,
1662 511 57 30 en
1743 496 229 45 demande
1994 507 91 32 une
2107 494 207 54 épreuve
2335 489 219 46 nouvelle
2575 489 156 48 devant

726 573 287 47 l'Académie
1046 570 301 46 rassemblée.
1385 568 216 44 Boucher
1633 564 70 55 s'y
1736 565 129 52 prête
1897 562 57 44 de
1987 562 41 43 la
2060 562 153 41 même
2246 556 223 54 manière,
2505 556 42 44 le
2579 560 154 43 succès

729 650 70 37 est
828 643 42 43 le
899 643 152 42 même
1080 647 46 36 et
1155 639 42 43 le
1227 638 153 44 violon
1411 636 56 45 de
1496 634 185 46 C'nanot
1709 639 71 37 est
1811 630 232 55 proclamé
2074 628 106 44 bien
2211 625 245 56 supérieur
2485 626 24 42 à
2538 625 117 45 celui
2685 628 48 44 de

727 708 327 47 Stradivarius.

828 775 68 44 En
940 772 137 54 1818,
1117 772 126 45 Félix
1279 771 162 45 Savart
1475 767 163 52 obtint,
1674 779 114 31 avec
1823 777 84 31 son
1944 762 154 45 violon
2135 760 297 56 trapézoïdal,
2488 772 59 31 un
2602 761 132 52 pareil

727 842 230 54 triomphe
985 841 170 43 devant
1185 836 285 47 l'Académie
1501 836 82 44 des
1614 833 236 45 Sciences.
1884 831 63 43 La
1978 828 315 46 Commission
2325 841 52 30 se
2406 826 253 54 composait
2686 828 48 45 de

729 910 87 44 Ch.
854 910 56 43 de
945 910 167 52 Prony,
1148 904 275 53 Cherubini,
1459 902 150 53 Catel,
1647 902 188 49 Berton,
1891 899 209 44 Lesueur
2133 904 45 37 et
2213 896 118 44 Biot.
2387 894 65 45 Le
2502 894 232 46 violoniste

729 977 233 44 Lefebvre
994 976 67 43 fut
1091 976 170 52 chargé
1291 974 57 43 de
1378 973 130 53 jouer
1539 968 404 47 alternativement
1973 979 63 31 un
2067 964 230 45 excellent
2329 963 154 44 violon
2516 962 152 44 italien
2698 972 37 37 et

729 1044 119 45 celui
877 1044 57 45 de
965 1042 175 45 Savart.
1173 1040 65 45 Le
1266 1047 183 47 rapport
1478 1052 52 30 se
1557 1035 198 46 termine
1783 1034 118 44 ainsi
1917 1052 11 25 :

828 1127 24 25 «
895 1109 34 44 Il
956 1122 117 31 nous
1096 1108 160 44 restait
1280 1109 25 42 à
1331 1106 117 44 faire
1472 1118 92 30 une
1590 1103 214 45 dernière
1831 1103 221 53 épreuve,
2080 1100 42 43 la
2147 1099 104 54 plus
2277 1097 277 55 importante
2578 1099 156 53 même,

730 1188 44 35 et
806 1178 43 44 la
880 1178 104 53 plus
1016 1175 232 44 décisive:
1299 1172 155 46 c'était
1503 1172 58 44 de
1611 1170 124 56 prier
1779 1169 203 55 quelque
2032 1167 160 45 artiste
2244 1165 155 44 habile
2432 1164 239 54 d'essayer
2702 1178 35 31 ie

729 1258 216 31 nouveau
981 1244 154 43 violon
1173 1242 57 43 de
1268 1241 64 43 M.
1374 1240 178 52 Savart,
1591 1236 445 56 comparativement
2072 1247 116 31 avec
2226 1247 61 31 un
2325 1232 155 45 violon
2519 1231 218 46 ordinaire

730 1311 306 46 d'excellente
1061 1308 221 56 qualité...
1313 1307 62 43 La
1401 1305 314 45 Commission
1741 1318 25 31 a
1790 1303 144 45 invité
1959 1303 64 43 M.
2051 1302 250 52 Lefebvre,
2329 1301 108 44 chef
2464 1299 273 46 d'orchestre

730 1379 60 44 du
816 1378 179 45 théâtre
1023 1376 231 54 Feydeau,
1284 1377 24 42 à
1336 1373 179 45 vouloir
1540 1373 108 43 bien
1676 1386 57 30 en
1762 1372 116 43 faire
1906 1369 157 46 l'essai
2091 1371 171 43 devant
2287 1368 104 44 elle.
2423 1367 63 45 M.
2517 1367 220 45 Lefebvre

730 1445 116 45 s'est
868 1444 146 45 rendu
1040 1445 24 42 à
1089 1456 85 31 nos
1197 1443 151 43 désirs
1373 1454 114 31 avec
1510 1453 91 32 une
1627 1439 341 55 complaisance
1994 1438 160 43 infinie
2169 1437 66 52 ;il
2260 1449 26 31 a
2309 1435 214 45 souhaité
2549 1435 57 45 de
2630 1448 81 32 com-

730 1525 133 42 parer
889 1512 42 43 le
955 1510 153 46 violon
1136 1510 56 45 de
1218 1510 63 43 M.
1312 1509 163 44 Savart
1498 1522 116 30 avec
1638 1508 119 44 celui
1785 1508 110 43 dont
1920 1505 29 46 il
1976 1519 51 31 se
2053 1514 96 36 sert
2174 1504 399 53 habituellement,
2602 1510 44 37 et
2671 1504 66 55 qui

730 1594 25 29 a
783 1586 96 39 tant
907 1578 318 55 d'expression
1256 1590 112 31 sous
1395 1590 79 29 ses
1502 1576 164 52 doigts.
1700 1575 36 43 Il
1766 1588 24 30 a
1821 1574 192 44 d'abord
2043 1574 104 53 joué
2179 1574 169 43 devant
2378 1585 119 31 nous
2526 1571 188 45 successi-

730 1652 189 39 vement
948 1645 96 44 l'un
1075 1652 46 37 et
1152 1645 177 44 l'autre.
1364 1644 75 44 On
1470 1656 26 31 a
1526 1644 247 53 remarqué
1803 1642 116 44 dans
1949 1641 43 45 le
2023 1654 214 30 nouveau
2269 1640 155 44 violon
2456 1652 91 32 une
2580 1639 157 54 grande

730 1715 161 53 pureté
915 1713 58 45 de
997 1725 99 41 son,
1122 1712 143 54 jointe
1288 1713 24 42 à
1337 1711 202 53 l'égalité
1564 1710 41 44 la
1629 1711 103 53 plus
1755 1710 221 54 parfaite;
2001 1722 59 30 on
2084 1708 87 44 sait
2194 1707 215 45 combien
2433 1715 122 37 cette
2579 1706 158 56 qualité

730 1788 70 38 est
826 1793 105 31 rare
959 1788 45 37 et
1031 1779 311 51 recherchée;
1373 1778 42 43 le
1444 1791 214 30 nouveau
1686 1777 170 52 violon,
1889 1776 204 44 entendu
2122 1776 117 43 ainsi
2269 1776 57 44 de
2357 1777 120 52 près,
2511 1773 226 55 paraissait

730 1847 130 44 avoir
885 1861 61 30 un
974 1859 90 42 peu
1091 1846 152 44 moins
1268 1844 168 46 d'éclat
1465 1858 89 42 que
1583 1844 190 45 l'autre!
1806 1844 122 45 Pour
1956 1857 118 30 nous
2102 1856 188 31 assurer
2319 1843 57 43 de
2405 1843 42 43 la
2476 1842 259 52 différence,

731 1928 118 31 nous
876 1927 146 32 avons
1049 1914 99 55 prié
1177 1913 64 44 M.
1272 1913 235 44 Lefebvre
1535 1913 57 43 de
1622 1924 162 42 passer
1811 1912 115 44 dans
1956 1924 90 32 une
2075 1910 132 55 pièce
2235 1910 197 52 voisine,
2465 1917 44 38 et
2538 1910 58 43 de
2622 1910 115 54 jouer

731 1981 404 45 alternativement
1168 1981 69 44 les
1270 1983 179 42 mêmes
1482 1980 195 53 phrases
1710 1993 79 30 sur
1825 1979 67 44 les
1925 1981 179 41 mêmes
2140 1979 317 51 instruments,
2494 1990 109 32 sans
2635 1989 102 32 nous

730 2047 171 45 avertir
929 2049 58 43 de
1018 2049 169 44 l'ordre
1218 2047 111 55 qu'il
1360 2047 176 45 mettait
1567 2055 131 37 entre
1729 2060 115 38 eux;

740 2120 175 39 tement
1149 2127 89 41 que
1385 2117 70 42 les
1577 2126 259 41 personnes
2151 2116 69 42 les
2345 2116 102 51 plus
2612 2125 125 32 exerc

730 2183 98 44 l'un
861 2195 114 32 avec
1008 2182 180 50 Vautre,
1225 2196 59 31 ou
1318 2182 38 43 si
1393 2183 43 44 le
1469 2195 215 30 nouveau
1718 2181 155 44 violon
1907 2194 26 30 a
1967 2180 140 44 offert
2142 2180 203 54 quelque
2380 2178 260 45 différence
2672 2177 65 55 qui

735 2252 79 52 pût
840 2249 174 55 parfois
1040 2249 43 44 le
1111 2249 117 44 faire
1256 2251 306 49 reconnaître,
1592 2248 155 45 c'était
1775 2261 62 30 un
1863 2261 91 40 peu
1982 2249 107 51 plus
2116 2249 57 42 de
2202 2248 182 42 suavité
2410 2248 59 42 de
2497 2258 100 32 son.
2631 2262 22 24 »

830 2317 69 44 En
941 2317 137 53 1832,
1115 2315 287 45 l'Académie
1437 2317 83 43 des
1553 2317 213 43 sciences
1801 2323 44 37 et
1878 2323 95 36 arts
2006 2315 59 44 de
2099 2314 144 45 Milan
2278 2314 136 55 jugea
2448 2327 115 30 avec
2597 2318 140 39 autant

733 2384 397 44 d'enthousiasme
1161 2384 68 43 les
1261 2384 218 43 résultats
1511 2384 57 43 de
1599 2383 136 44 C.-À.
1771 2383 280 52 Galbusera,
2086 2390 45 36 et
2164 2383 68 43 les
2264 2389 207 46 gazettes
2504 2379 233 46 musicales

733 2451 57 43 de
824 2450 216 55 l'époque
1074 2463 59 30 ne
1166 2450 218 44 tarissent
1418 2463 82 40 pas
1534 2464 57 29 en
1627 2450 160 53 éloges
1821 2463 80 30 sur
1935 2450 41 43 la
2010 2448 259 55 perfection
2321 2449 59 43 de
2432 2461 53 31 ce
2538 2459 199 33 nouveau

731 2517 169 45 violon.

832 2585 69 44 En
938 2585 137 54 1867,
1107 2599 61 30 un
1199 2592 208 37 amateur
1436 2585 59 44 de
1524 2585 255 53 Grenoble,
1812 2586 104 53 plus
1945 2586 226 52 modeste,
2203 2592 101 37 crut
2333 2585 263 43 seulement
2624 2580 113 47 avoir

731 2655 217 41 retrouvé
978 2652 42 44 le
1046 2652 158 44 vernis
1232 2653 82 43 des
1342 2652 191 44 anciens
1562 2653 194 43 luthiers
1784 2652 198 44 italiens.
2015 2652 35 43 Il
2079 2655 216 52 présenta
2325 2652 42 43 le
2396 2653 193 43 résultat
2616 2651 55 44 de
2696 2661 41 32 sa

731 2719 282 45 découverte
1041 2722 24 40 à
1094 2719 41 45 la
1164 2719 184 45 Société
1376 2721 58 43 de
1461 2719 271 55 Statistique
1760 2721 82 43 des
1869 2721 214 43 sciences
2109 2729 45 35 et
2182 2728 94 36 arts
2302 2721 57 43 de
2387 2719 256 52 Grenoble,
2672 2715 63 56 qui

734 2787 209 54 publiera
969 2787 42 44 la
1036 2789 152 42 même
1215 2789 149 41 année
1392 2801 59 30 un
1481 2802 24 27 «
1530 2795 184 46 rapport
1738 2801 80 30 sur
1845 2788 42 43 le
1915 2788 159 44 vernis
2099 2788 189 43 inventé
2315 2801 80 40 par
2422 2787 62 44 M.
2514 2784 174 47 Grivel.
2718 2799 17 24 »

733 2853 71 45 Ce
832 2862 196 47 rapport,
1059 2856 136 53 après
1221 2855 130 43 avoir
1378 2856 207 42 constaté
1614 2854 223 44 l'identité
1867 2855 207 55 d'aspect
2102 2855 58 45 du
2189 2854 159 44 vernis
2376 2854 164 44 Grivel
2568 2867 110 31 avec
2702 2850 35 45 le

733 2921 158 45 vernis
914 2922 276 53 crémonais,
1218 2935 50 31 se
1294 2921 198 45 termine
1516 2935 81 41 par
1623 2922 39 44 la
1686 2921 322 55 comparaison
2034 2922 57 44 de
2117 2922 204 44 sonorité
2347 2930 45 36 et
2417 2922 57 44 de
2499 2921 168 55 qualité
2691 2933 19 29 c

734 3001 82 31 son
842 2987 84 45 des
948 2989 181 44 violons
1152 2990 57 43 de
1234 2989 61 44 M.
1324 2989 164 44 Grivel
1512 3002 116 31 avec
1651 2990 84 43 des
1760 2990 302 44 instruments
2085 2990 198 52 italiens,
2311 2989 320 54 comparaison
2655 2995 57 37 tov
2731 2999 6 26 :

733 3056 24 42 à
785 3053 245 46 l'honneur
1055 3056 56 43 de
1138 3055 296 44 l'inventeur.

830 3119 97 46 Ces
947 3135 147 40 noms,
1117 3135 80 31 ces
1216 3123 318 52 instruments,
1557 3132 104 36 sont
1681 3123 182 45 tombés
1879 3124 115 44 dans
2010 3123 173 45 l'oubli.
2204 3124 240 44 Personne
2461 3121 234 57 aujourd'h

733 3203 27 29 n
774 3189 276 54 'achèterait,
1075 3192 153 42 même
1249 3203 182 31 comme
1454 3190 124 54 objet
1600 3192 57 43 de
1679 3190 235 54 curiosité,
1940 3204 61 31 un
2025 3192 279 44 instrument
2325 3192 56 43 de
2405 3190 186 46 Chanot
2612 3203 55 31 ou
2690 3202 40 29 c-

735 3255 177 45 Savart.

832 3323 91 44 Les
942 3324 213 44 citations
1177 3338 89 40 que
1286 3325 43 53 je
1351 3325 135 45 viens
1507 3325 56 45 de
1586 3325 116 45 faire
1724 3325 129 46 n'ont
1874 3339 82 41 pas
1976 3339 115 41 pour
2113 3328 80 43 but
2215 3326 55 44 de
2293 3326 215 54 dénigrer
2531 3328 68 43 les
2620 3325 92 55 jugo

734 3390 184 43 d'alors.
945 3390 115 44 Bien
1082 3405 57 29 au
1161 3392 242 44 contraire.
1426 3392 212 54 J'estime
1658 3394 263 43 seulement
1942 3406 105 41 que,
2071 3395 126 43 étant
2218 3394 167 52 donné,
2411 3394 139 44 d'une
2574 3400 107 48 part,
2704 3389 30 41 ia

734 3457 222 43 sélection
987 3458 306 45 indiscutable
1319 3461 24 43 à
1373 3460 199 53 laquelle
1601 3461 348 53 appartenaient
1975 3475 81 30 ces
2084 3461 255 44 musiciens
2367 3470 44 35 et
2439 3475 80 32 ces
2547 3465 184 40 savants,

735 3522 326 55 l'impartialité
1088 3526 76 53 qui
1190 3538 52 31 se
1268 3526 242 53 dégageait
1534 3528 25 41 à
1583 3530 143 49 priori
1751 3528 57 42 de
1835 3528 100 43 leur
1961 3528 186 54 qualité,
2177 3536 44 35 et
2248 3528 56 43 de
2333 3528 162 45 l'autre
2523 3530 40 43 la
2591 3523 102 48 failli

735 3589 57 43 de
820 3591 99 43 leur
945 3591 250 54 jugement,
1225 3593 29 43 il
1282 3607 28 39 y
1338 3607 24 30 a
1390 3594 193 43 matière
1610 3597 24 42 à
1662 3594 264 54 réflexions,
1958 3604 46 36 et
2030 3596 138 54 qu'au
2199 3596 91 44 lieu
2319 3597 57 43 de
2404 3601 330 40 recommencer

735 3655 320 47 indéfiniment
1087 3659 82 43 des
1200 3660 317 55 expériences,
1552 3662 29 43 il
1611 3671 110 35 vaut
1751 3663 154 44 mieux
1936 3677 51 29 se
2019 3664 253 43 demander
2302 3664 37 43 si
2372 3665 116 44 elles
2518 3672 102 37 sont
2649 3671 84 44 pes-
