2847 4313
595 1109 211 101 LE
939 1109 801 101 RYTHME

1798 1110 76 67 (I)

459 1659 36 38 I.
528 1678 75 5 —
657 1659 75 38 LE
762 1659 259 40 RYTHME
1050 1658 228 39 EXISTE
1306 1658 165 39 DANS
1499 1658 156 41 TOUS
1683 1658 114 39 LES
1823 1658 155 39 ARTS

274 1829 76 53 Le
381 1827 237 71 rythme
649 1827 247 55 musical
924 1827 216 55 résulte
1172 1826 71 56 de
1271 1826 380 55 l'alternance
1683 1826 69 55 de
1782 1844 134 37 sons
1947 1829 307 54 accentués

170 1911 53 51 et
264 1907 67 56 de
373 1925 134 37 sons
546 1907 377 55 inaccentués
968 1906 264 72 disposés
1272 1907 162 55 selon
1473 1924 83 37 un
1596 1905 225 56 certain
1863 1907 184 54 ordre.
2091 1907 163 55 Dans

170 2006 74 37 un
277 2005 127 38 sens
438 1989 133 71 plus
606 1989 207 71 précis,
848 1989 53 54 le
936 1989 236 71 rythme
1209 1994 87 48 est
1332 1989 53 53 le
1420 1992 198 50 retour
1651 1987 343 71 périodique
2032 1989 70 54 de
2137 2005 87 38 cer-

169 2067 147 55 tains
345 2069 222 55 dessins
598 2069 306 54 musicaux
935 2074 57 49 et
1026 2069 70 54 de
1126 2067 253 56 certains
1409 2071 251 51 accents.
1691 2066 168 56 Cette
1902 2067 352 69 alternance,

171 2149 90 71 qui
291 2155 85 49 est
404 2150 52 56 le
482 2168 211 54 propre
725 2152 77 54 du
830 2150 256 72 rythme,
1109 2150 152 54 n'est
1289 2166 104 55 pas
1421 2147 373 73 particulière
1820 2149 34 53 à
1874 2147 57 55 la
1954 2147 267 73 musique
2244 2170 10 33 :

170 2230 132 56 c'est
327 2249 72 37 en
423 2232 139 54 effet
590 2250 112 36 une
730 2231 98 55 des
852 2230 110 54 lois
989 2231 70 53 de
1083 2229 281 55 l'univers
1388 2229 260 55 ordonné
1676 2249 12 48 ;
1713 2246 109 52 par
1851 2229 106 55 elle
1980 2227 274 57 s'affirme

171 2309 47 54 3e
259 2315 377 51 mouvement
682 2310 146 56 dans
868 2310 58 53 la
968 2310 243 54 matière
1249 2307 388 73 inorganique
1665 2329 14 47 ;
1721 2326 77 37 on
1839 2312 143 68 peut
2023 2309 57 53 la
2123 2325 99 38 con-

173 2390 181 56 cevoir
390 2409 224 38 comme
647 2391 347 71 régulatrice
1031 2392 69 54 de
1131 2395 171 49 toute
1336 2389 96 55 vie
1465 2389 301 71 organisée
1793 2410 13 47 ;
1841 2406 135 38 sans
2009 2389 105 55 elle
2144 2405 111 39 une

171 2471 250 56 création
458 2474 153 53 d'art
646 2471 272 56 resterait
948 2470 402 72 inexpressive
1385 2474 59 50 et
1481 2469 297 71 amorphe.

274 2552 84 55 La
391 2552 331 56 succession
759 2555 101 53 des
895 2552 159 72 jours
1088 2558 59 49 et
1186 2552 98 55 des
1318 2551 182 67 nuits,
1534 2551 58 53 la
1627 2551 233 55 marche
1897 2552 99 54 des
2031 2551 223 53 saisons

173 2636 123 51 sont
335 2635 98 55 des
471 2634 283 71 rythmes.

275 2714 181 56 Notre
489 2715 353 71 respiration
876 2712 377 73 (inspiration
1284 2719 58 48 et
1375 2710 357 74 expiration)
1768 2718 86 49 est
1887 2730 83 37 un
2000 2711 252 71 rythme.

278 2795 155 55 Tous
468 2795 83 56 les
590 2800 121 50 arts
752 2799 101 49 ont
894 2796 99 54 des
1031 2792 215 56 formes
1282 2791 376 73 rythmiques
1690 2791 334 55 inhérentes
2064 2792 34 53 à
2131 2790 123 56 leur

174 2879 199 52 nature
423 2898 9 30 :

275 2956 160 55 Dans
465 2956 57 54 la
551 2956 197 71 poésie
777 2956 52 55 le
860 2956 235 71 rythme
1125 2956 126 54 naît
1285 2956 70 54 de
1382 2954 58 53 la
1470 2952 406 56 combinaison
1907 2951 70 56 de
2006 2952 249 70 syllabes

173 3031 229 75 longues
438 3043 58 48 et
536 3036 68 56 de
640 3036 251 70 syllabes
924 3035 210 55 brèves
1168 3032 101 73 qui
1305 3032 343 73 produisent
1686 3052 112 35 une
1836 3029 255 57 certaine
2126 3031 96 54 har-

178 3116 184 56 monie
401 3118 144 55 dans
580 3118 52 54 le
672 3116 279 57 discours.

279 3196 163 56 Dans
481 3198 59 53 la
580 3196 287 56 statuaire
909 3215 78 37 on
1028 3196 89 56 dit
1161 3215 22 30 «
1222 3195 53 55 le
1316 3195 234 70 rythme
1594 3195 139 55 d'un
1775 3210 167 52 corps
1984 3191 208 55 vivant
2236 3212 22 27 »

175 3290 137 52 pour
347 3278 290 71 exprimer
670 3278 55 54 le
758 3281 243 66 rapport
1036 3280 60 51 et
1129 3274 58 54 la
1220 3273 280 72 symétrie
1536 3273 98 55 des
1669 3273 212 54 formes
1915 3270 340 72 plastiques.

279 3354 161 59 Dans
508 3358 552 69 l'architectonique
1125 3354 335 56 l'ensemble
1530 3355 99 53 des
1697 3351 218 71 parties
1986 3350 142 57 dont
2197 3369 61 37 se

178 3450 260 59 compose
468 3458 83 37 un
580 3439 205 57 édifice
816 3443 88 50 est
936 3435 222 57 soumis
1190 3435 34 53 à
1256 3436 100 54 des
1384 3433 109 55 lois
1528 3435 68 53 de
1629 3450 243 51 mesure,
1909 3433 245 68 d'ordre,
2189 3433 69 53 de

275 3620 65 49 (i)'
370 3620 190 42 Extrait
590 3622 112 38 d'un
731 3631 200 39 ouvrage
962 3632 75 27 sur
1068 3619 65 39 La
1168 3619 179 42 Théorie
1379 3618 47 39 de
1459 3618 43 38 la
1536 3617 213 52 Musique
1755 3647 9 16 ,
1794 3617 77 49 qui
1900 3615 203 52 paraîtra
2155 3624 77 40 pro-

166 3674 295 47 chainement.
