2847 4313
726 369 91 35 LES
844 357 143 46 IDÉES
1013 358 217 46 D'EDGAR
1258 369 97 35 POE
1383 367 93 37 SUR
1504 369 62 35 LA
1594 367 217 45 MUSIQUE

2220 371 90 43 149

299 533 46 41 et
365 523 273 56 d'amplifier
659 522 42 45 la
723 520 227 47 farouche
971 520 202 47 mélodie
1194 520 154 58 qu'est
1371 519 42 47 la
1434 519 216 46 dernière
1672 520 129 46 valse
1824 519 57 48 de
1904 519 102 47 Von
2029 518 172 48 Weber
2225 519 82 54 (La

300 593 208 46 dernière
534 590 178 55 pensée
738 590 59 43 de
831 588 188 54 Weber)
1052 606 25 25 »
1107 589 184 46 est-elle
1317 588 44 44 la
1387 588 104 56 plus
1518 586 323 56 significative,
1871 600 114 44 pour
2012 600 61 33 ne
2098 600 83 44 pas
2208 586 100 47 dire

300 660 41 47 la
367 658 130 45 seule
525 658 109 44 dont
661 669 58 32 on
748 656 162 55 puisse
939 655 118 46 faire
1082 658 108 44 état.
1223 655 77 46 On
1327 668 136 33 verra
1493 655 104 56 plus
1623 654 93 46 loin
1747 654 41 46 la
1816 655 154 45 raison
1999 655 221 56 probable
2250 655 57 46 de

300 734 117 39 cette
441 724 277 53 abstention,
747 722 337 47 certainement
1109 725 98 44 très
1231 722 270 46 consciente
1527 730 46 38 et
1598 721 208 46 calculée
1921 735 182 33 comme
2129 730 98 38 tout
2252 736 55 32 ce

301 793 73 58 qui
404 790 277 48 caractérise
712 790 102 47 l'art
844 791 58 44 de
934 790 109 47 Poe.
1077 790 123 45 Mais
1228 790 117 45 dans
1374 802 82 32 ces
1482 797 178 45 contes,
1693 802 60 32 ou
1785 790 61 44 du
1876 790 151 44 moins
2058 790 114 45 dans
2204 790 103 56 plus

300 860 105 48 d'un
431 858 179 46 d'entre
635 857 71 46 les
729 857 257 55 meilleurs,
1013 871 92 33 une
1133 857 130 46 vraie
1287 856 260 47 sensibilité
1574 857 58 46 de
1658 856 227 45 musicien
1912 865 71 38 est
2009 857 191 46 décelée
2227 870 80 43 par

300 928 42 46 le
370 926 249 47 sentiment
648 924 85 46 des
764 924 323 56 progressions
1118 932 46 39 et
1194 924 85 46 des
1308 932 275 46 contrastes,
1616 937 81 42 par
1728 937 62 32 un
1819 923 44 56 je
1894 937 60 32 ne
1984 924 95 45 sais
2109 924 107 56 quoi
2250 924 57 46 de

300 993 337 48 l'architecture
665 999 47 38 et
739 993 59 44 de
828 992 347 55 l'atmosphère,
1207 1006 81 41 par
1316 992 202 45 certains
1547 1003 196 43 moyens
1769 990 60 46 de
1858 1004 262 42 provoquer
2149 990 133 46 l'émo-

298 1061 88 47 tion
419 1059 199 53 (comme
651 1059 115 46 dans
1314 1060 245 50 Eléonora,
1881 1060 174 54 Ligéia,
2304 1060 5 42 M
1543 1061 60 42 où
1639 1058 68 45 les
1740 1059 228 55 procédés
2001 1059 58 44 de
2093 1058 189 54 dévelop-

299 1136 181 51 pement
512 1135 46 38 et
591 1127 58 46 de
682 1127 254 55 gradation,
973 1127 59 46 de
1066 1127 199 56 rappels,
1303 1135 88 37 etc.
1427 1134 118 46 sont,
1583 1134 153 38 toutes
1769 1126 290 56 proportions
2093 1126 210 55 gardées,

298 1209 195 45 presque
540 1209 118 32 ceux
705 1194 112 47 d'un
865 1195 338 54 symphoniste,
1261 1195 130 44 voire
1446 1195 114 44 dans
1613 1195 43 44 la
1714 1195 152 43 Chute
1921 1195 57 43 de
2031 1195 46 43 la
2124 1194 184 44 Maison

305 1265 212 48 d'Usher,
538 1262 128 53 etc.).
696 1262 97 45 Poe
819 1275 119 32 nous
964 1262 160 45 révèle
1151 1262 239 45 lui-même
1416 1275 52 32 sa
1495 1261 273 54 conception
1796 1261 61 44 du
1885 1261 284 44 mécanisme
2197 1261 110 44 d'un

295 1333 58 46 tel
384 1331 175 45 artifice
590 1331 155 56 quand
778 1329 29 46 il
840 1329 115 46 écrit
988 1332 26 42 à
1047 1342 169 43 propos
1249 1329 61 45 du
1791 1328 56 45 de
1882 1328 232 45 Dickens:

390 1416 23 25 «
454 1398 63 46 Le
541 1401 237 43 caractère
803 1398 61 46 du
888 1398 203 44 corbeau
1117 1398 148 46 aurait
1288 1411 61 42 pu
1374 1397 145 56 jouer,
1548 1409 80 42 par
1654 1404 185 47 rapport
1863 1398 26 42 à
1914 1395 120 46 celui
2062 1397 57 44 de
2144 1394 160 55 l'idiot,

299 1470 24 44 à
348 1479 90 43 peu
465 1468 109 54 près
605 1468 43 43 le
681 1468 151 43 même
866 1467 96 44 rôle
996 1467 141 53 qu'en
1167 1467 215 52 musique
1414 1464 479 55 l'accompagnement
1921 1475 82 42 par
2034 1467 184 50 rapport
2247 1474 60 33 au

301 1535 145 50 chant,
469 1540 86 38 etc.
590 1549 25 27 »

391 1601 89 46 Les
501 1604 193 53 poèmes
717 1601 204 45 donnent
941 1601 59 45 de
1023 1601 42 46 la
1087 1602 153 44 même
1264 1601 229 45 tendance
1514 1600 84 46 des
1620 1599 177 45 indices
1820 1599 103 56 plus
1945 1597 166 56 précis.
2139 1597 168 47 Inutile

293 1670 54 46 de
364 1667 209 57 rappeler
592 1670 46 44 le
657 1669 187 45 fameux
864 1666 173 47 refrain
1830 1669 305 48 Nevermore,
1386 1666 227 46 véritable
1634 1665 214 47 leitmotif
1867 1677 89 35 aux
1974 1663 335 56 significations

299 1737 288 55 expressives
610 1750 112 32 sans
746 1750 136 32 cesse
907 1736 200 53 variées,
1136 1743 45 39 et
1206 1737 113 43 base
1344 1737 154 43 même
1523 1735 58 45 de
1606 1735 343 44 l'architecture
1974 1735 60 44 du
2063 1733 241 51 Corbeau;

298 1804 41 45 ni
371 1817 81 32 son
485 1806 167 53 poème
689 1804 91 44 The
814 1804 145 49 Bells,
996 1804 250 44 étonnante
1279 1802 278 54 symphonie
1589 1801 296 54 descriptive,
1922 1801 169 53 longue
2123 1807 45 38 et
2201 1812 80 32 sou-

298 1879 147 47 tenue,
477 1874 59 43 où
565 1884 116 42 pour
710 1873 209 53 évoquer
949 1870 70 46 les
1047 1870 218 45 carillons
1294 1870 84 45 des
1406 1869 202 54 cloches,
1641 1869 107 45 voix
1777 1868 58 44 de
1865 1877 193 44 terreur,
2092 1868 58 44 de
2178 1867 126 45 deuil

298 1953 53 32 ou
371 1940 56 45 de
447 1940 226 54 bonheur,
698 1939 30 44 il
750 1939 200 55 emploie
973 1938 69 45 les
1062 1938 232 45 sonorités
1315 1938 85 44 des
1420 1936 210 55 voyelles
1651 1944 46 37 et
1717 1936 84 45 des
1822 1948 262 32 consonnes
2106 1948 114 32 avec
2242 1947 61 33 un

298 2015 63 37 art
389 2008 105 43 dont
521 2006 116 54 rien,
668 2006 104 45 sauf
802 2006 42 45 la
870 2005 337 46 connaissance
1236 2005 58 43 de
1324 2004 210 53 l'œuvre,
1568 2016 59 31 ne
1654 2001 174 46 saurait
1857 2003 177 44 donner
2062 2014 92 33 une
2182 2001 120 45 idée.

295 2072 113 46 Mais
425 2072 27 46 il
469 2074 98 44 faut
582 2074 203 53 signaler
799 2080 123 37 cette
939 2071 291 53 conscience,
1260 2074 230 52 peut-être
1517 2070 103 54 plus
1645 2070 171 44 subtile
1843 2083 184 39 encore,
2056 2069 84 44 des
2164 2069 141 44 effets

298 2142 231 45 musicaux
563 2156 90 41 que
685 2142 212 45 révèlent
931 2141 206 44 d'autres
1170 2141 231 43 éléments
1434 2140 57 43 de
1524 2152 52 31 sa
1611 2137 264 56 technique,
1912 2137 42 45 la
1987 2136 317 46 combinaison

298 2210 77 44 des
402 2211 207 53 rythmes
638 2217 44 37 et
712 2210 83 44 des
823 2222 112 32 sons
963 2208 117 46 dans
1108 2208 70 45 les
1206 2221 109 32 vers
1344 2215 46 38 et
1418 2207 114 44 dans
1562 2207 70 43 les
1660 2206 230 54 strophes,
1922 2218 91 31 non
2042 2203 262 46 seulement

298 2290 53 30 en
381 2291 89 30 vue
502 2277 57 44 de
591 2290 278 43 provoquer,
903 2288 183 32 comme
1119 2276 116 44 dans
1270 2276 93 43 The
1397 2276 144 48 Bells,
1578 2273 83 44 des
1695 2272 304 56 impressions
2032 2270 268 56 physiques,

298 2343 107 44 mais
437 2357 113 42 pour
583 2345 226 52 suggérer
841 2357 80 42 par
954 2343 43 44 la
1029 2342 194 45 matière
1255 2343 155 43 même
1442 2340 61 45 du
1536 2343 166 52 poème
1735 2340 70 44 les
1837 2338 228 46 émotions
2098 2339 70 43 les
2200 2338 103 54 plus

298 2410 215 46 diverses.
541 2410 135 46 C'est
701 2411 107 45 bien
836 2424 58 31 en
921 2410 227 45 musicien
1176 2423 91 42 que
1293 2409 95 44 Poe
1414 2408 156 45 utilise
1594 2408 70 44 les
1688 2408 217 44 couleurs
1931 2414 45 37 et
2002 2406 68 45 les
2096 2406 208 55 rythmes

298 2479 77 44 des
408 2488 132 45 mots,
578 2479 69 45 les
681 2478 319 54 allitérations,
1037 2478 71 44 les
1141 2485 183 37 retours
1358 2475 349 56 d'expressions
1740 2488 60 31 ou
1835 2474 59 44 de
1928 2475 215 53 pensées.
2182 2472 121 45 Mais

298 2545 120 46 force
450 2546 150 53 m'est,
637 2546 73 53 ici,
747 2546 57 45 de
837 2545 167 54 glisser
1035 2558 82 31 sur
1148 2551 106 37 tous
1287 2556 80 31 ces
1400 2542 168 55 points,
1604 2554 182 31 comme
1819 2554 80 31 sur
1933 2540 69 44 les
2035 2538 267 46 évocations

298 2613 231 55 explicites
553 2615 57 44 de
633 2627 112 31 sons
766 2613 241 45 musicaux
1032 2612 77 55 qui
1133 2620 104 37 sont
1260 2612 158 53 placés
1441 2611 115 43 dans
1580 2608 142 45 maint
1747 2608 57 45 de
1827 2622 77 31 ses
1928 2610 192 53 poèmes
2144 2607 69 53 (1)

294 2692 53 32 en
372 2681 273 45 conformité
673 2681 240 45 d'ailleurs
941 2692 115 32 avec
1085 2679 70 45 les
1183 2678 129 45 idées
1341 2677 140 55 qu'on
1510 2690 58 30 va
1594 2676 101 44 voir
1722 2677 243 52 exposées.
1999 2676 228 48 Ulalume,
2260 2673 42 45 la

299 2747 94 54 plus
421 2752 189 52 étrange
640 2749 59 45 de
728 2762 79 32 ses
836 2747 302 56 conceptions
1167 2745 260 56 poétiques,
1458 2757 94 33 une
1583 2744 82 45 des
1696 2743 103 55 plus
1829 2743 149 46 belles
2007 2754 179 33 comme
2218 2742 84 43 des

296 2815 97 54 plus
417 2817 319 53 audacieuses,
764 2824 71 37 est
858 2818 231 52 peut-être
1112 2814 118 45 celle
1254 2813 77 56 qui
1357 2819 180 38 montre
1562 2812 44 44 le
1628 2810 157 46 mieux
1809 2817 232 38 comment
2064 2809 117 44 chez
2205 2808 94 44 Poe

298 2881 39 45 le
366 2883 188 56 langage
585 2890 109 49 peut
724 2881 195 47 devenir
949 2880 232 56 musique,
1214 2881 225 52 suggérer
1470 2892 80 40 par
1580 2890 84 32 son
1696 2879 236 43 caractère
1962 2874 262 56 rythmique
2255 2879 45 40 et

296 2961 160 35 sonore
479 2959 156 37 autant
661 2964 91 40 que
778 2963 80 41 par
883 2949 70 44 les
977 2947 132 46 idées
1132 2949 241 53 évoquées
1397 2945 85 54 (2).

388 3232 129 48 C'est
548 3248 90 42 que
667 3248 116 42 pour
814 3234 110 52 Poè,
958 3233 42 45 la
1029 3232 217 54 musique
1277 3232 110 44 était
1418 3232 231 44 l'essence
1681 3233 152 42 même
1863 3229 61 46 du
1955 3227 207 57 principe
2191 3228 79 53 poé-

298 3295 132 58 tique.
459 3300 73 45 On
559 3309 109 47 peut
695 3302 43 44 le
765 3302 292 43 reconnaître
1082 3299 99 45 rien
1209 3298 141 55 qu'en
1377 3298 136 44 lisant
1537 3311 80 30 ses
1641 3311 123 39 vers,
1794 3304 45 37 et
1863 3297 93 43 l'on
1982 3308 58 32 en
2067 3302 163 38 trouve
2256 3293 40 46 la

296 3377 167 42 preuve
484 3369 215 55 explicite
722 3369 115 44 dans
859 3369 70 43 les
949 3368 161 43 Essais
1133 3367 112 54 qu'il
1268 3379 26 31 a
1315 3367 249 43 consacrés
1585 3367 26 41 à
1634 3365 41 43 la
1697 3364 180 46 théorie
1899 3364 57 44 de
1979 3375 83 32 son
2084 3370 93 37 art:
2204 3363 91 43 The

305 3431 150 47 Poetic
665 3438 247 52 Principle,
1237 3436 92 44 The
1485 3436 240 42 Rationale
2027 3434 51 53 of
2200 3435 100 42 Vers
1822 3438 45 38 et
1896 3433 59 41 où
1985 3430 31 44 il
2048 3431 179 43 énonce
2256 3429 42 44 la

393 3537 52 44 (1)
474 3538 109 36 Dans
934 3538 54 34 Al
1087 3538 158 43 Aaraaf
869 3538 145 43 (lB29),
1042 3547 53 24 on
1119 3546 51 24 en
1194 3543 211 37 remarque
1430 3533 94 46 déjà
1548 3544 55 24 un
1628 3534 127 46 grand
1781 3533 179 38 nombre.
1989 3533 62 34 En
2077 3535 95 31 note
2197 3530 106 36 àun

292 3596 83 27 vers
397 3594 49 34 où
465 3590 29 36 il
518 3591 108 49 parle
651 3594 49 34 de
732 3593 68 35 «la
822 3591 100 37 voix
945 3593 50 34 de
1016 3589 231 38 l'obscurité
1272 3600 28 29 »,
1326 3589 81 34 Poe
1430 3586 98 37 écrit
1547 3598 8 25 :
1589 3586 112 48 «J'ai
1724 3591 172 32 souvent
1919 3596 70 27 cru
2011 3585 192 37 entendre
2225 3584 60 35 dis-

291 3640 227 41 tinctement
543 3647 35 34 le
602 3657 73 26 son
699 3648 51 35 de
772 3647 39 36 la
836 3645 90 36 nuit
950 3646 139 46 quand
1114 3645 71 34 elle
1209 3646 138 33 monte
1371 3643 25 36 à
1418 3641 204 37 l'horizon.
1656 3654 18 24 »

391 3698 54 46 (2)
474 3701 127 41 Voici,
629 3702 157 37 d'autre
813 3706 104 42 part,
946 3712 55 24 un
1028 3711 167 35 passage
1222 3699 121 36 d'une
1369 3699 50 33 de
1446 3708 61 24 ses
1532 3697 138 35 lettres
1696 3701 53 34 où
1773 3697 82 37 l'on
1880 3707 117 27 verra
2021 3693 162 49 jusqu'à
2209 3689 93 50 quel
