<?xml version="1.0" encoding="UTF-8"?>
<alto xmlns:xsi="http://www.w3.org/2001/XMLSchema-instance" xmlns="http://www.loc.gov/standards/alto/ns-v2#" xsi:schemaLocation="http://www.loc.gov/standards/alto/ns-v2# http://www.loc.gov/standards/alto/alto-v2.0.xsd" xmlns:xlink="http://www.w3.org/1999/xlink">
	<Description>
		<MeasurementUnit>mm10</MeasurementUnit>
		<sourceImageInformation>
			<fileName>//fileserver7/IN2/Princeton/Batch3/bmtnabh/1909/02/15_01/00000165.tif</fileName>
		</sourceImageInformation>
		<OCRProcessing ID="OCRPROCESSING_1">
			<preProcessingStep>
				<processingSoftware>
					<softwareCreator>CCS Content Conversion Specialists GmbH, Germany</softwareCreator>
					<softwareName>CCS docWORKS</softwareName>
					<softwareVersion>6.6-1.18</softwareVersion>
				</processingSoftware>
			</preProcessingStep>
			<ocrProcessingStep>
				<processingSoftware>
					<softwareCreator>ABBYY (BIT Software), Russia</softwareCreator>
					<softwareName>FineReader</softwareName>
					<softwareVersion>10.0</softwareVersion>
				</processingSoftware>
			</ocrProcessingStep>
		</OCRProcessing>
	</Description>
	<Styles>
		<TextStyle ID="TXT_0" FONTSIZE="12" FONTFAMILY="Times New Roman" FONTSTYLE="bold"/>
		<TextStyle ID="TXT_1" FONTSIZE="22" FONTFAMILY="Times New Roman"/>
		<ParagraphStyle ID="PAR_LEFT" ALIGN="Left"/>
		<ParagraphStyle ID="PAR_RIGHT" ALIGN="Right"/>
		<ParagraphStyle ID="PAR_BLOCK" ALIGN="Block"/>
	</Styles>
	<Layout>
		<Page ID="P32" PHYSICAL_IMG_NR="32" HEIGHT="4313" WIDTH="2847" PC="0.887">
			<TopMargin ID="P32_TM00001" HPOS="0" VPOS="0" WIDTH="2847" HEIGHT="448">
				<TextBlock ID="P32_TB00001" HPOS="953" VPOS="382" WIDTH="708" HEIGHT="45" STYLEREFS="TXT_0 PAR_LEFT">
					<TextLine ID="P32_TL00001" HPOS="953" VPOS="383" WIDTH="708" HEIGHT="44">
						<String ID="P32_ST00001" HPOS="953" VPOS="387" WIDTH="357" HEIGHT="37" CONTENT="CH.-VALENTIN" WC="0.57" CC="050210566669"/>
						<SP ID="P32_SP00001" HPOS="1310" VPOS="424" WIDTH="34"/>
						<String ID="P32_ST00002" HPOS="1344" VPOS="391" WIDTH="167" HEIGHT="34" CONTENT="ALKAN" WC="0.70" CC="06025"/>
						<SP ID="P32_SP00002" HPOS="1511" VPOS="425" WIDTH="35"/>
						<String ID="P32_ST00003" HPOS="1546" VPOS="383" WIDTH="115" HEIGHT="44" CONTENT="AÎNÉ" WC="0.96" CC="0756"/>
					</TextLine>
				</TextBlock>
				<TextBlock ID="P32_TB00002" HPOS="2262" VPOS="405" WIDTH="86" HEIGHT="43" STYLEREFS="TXT_1 PAR_RIGHT">
					<TextLine ID="P32_TL00002" HPOS="2263" VPOS="405" WIDTH="85" HEIGHT="43">
						<String ID="P32_ST00004" HPOS="2263" VPOS="405" WIDTH="85" HEIGHT="43" CONTENT="143" WC="0.27" CC="867"/>
					</TextLine>
				</TextBlock>
			</TopMargin>
			<LeftMargin ID="P32_LM00001" HPOS="0" VPOS="430" WIDTH="260" HEIGHT="3332"/>
			<RightMargin ID="P32_RM00001" HPOS="2354" VPOS="430" WIDTH="493" HEIGHT="3332"/>
			<BottomMargin ID="P32_BM00001" HPOS="0" VPOS="3762" WIDTH="2847" HEIGHT="551"/>
			<PrintSpace ID="P32_PS00001" HPOS="260" VPOS="430" WIDTH="2094" HEIGHT="3332">
				<TextBlock ID="P32_TB00003" HPOS="260" VPOS="535" WIDTH="2094" HEIGHT="3227" STYLEREFS="TXT_1 PAR_BLOCK">
					<TextLine ID="P32_TL00003" HPOS="376" VPOS="535" WIDTH="1977" HEIGHT="85">
						<String ID="P32_ST00005" HPOS="376" VPOS="539" WIDTH="214" HEIGHT="67" CONTENT="Certes," WC="0.98" CC="0475203"/>
						<SP ID="P32_SP00003" HPOS="590" VPOS="606" WIDTH="42"/>
						<String ID="P32_ST00006" HPOS="632" VPOS="535" WIDTH="123" HEIGHT="56" CONTENT="être" WC="0.97" CC="0075"/>
						<SP ID="P32_SP00004" HPOS="755" VPOS="606" WIDTH="40"/>
						<String ID="P32_ST00007" HPOS="795" VPOS="535" WIDTH="147" HEIGHT="56" CONTENT="ainsi" WC="0.98" CC="72250"/>
						<SP ID="P32_SP00005" HPOS="942" VPOS="606" WIDTH="42"/>
						<String ID="P32_ST00008" HPOS="984" VPOS="555" WIDTH="74" HEIGHT="38" CONTENT="en" WC="0.87" CC="02"/>
						<SP ID="P32_SP00006" HPOS="1058" VPOS="606" WIDTH="38"/>
						<String ID="P32_ST00009" HPOS="1096" VPOS="551" WIDTH="225" HEIGHT="41" CONTENT="avance" WC="0.97" CC="760962"/>
						<SP ID="P32_SP00007" HPOS="1321" VPOS="606" WIDTH="39"/>
						<String ID="P32_ST00010" HPOS="1360" VPOS="555" WIDTH="98" HEIGHT="37" CONTENT="sur" WC="0.94" CC="087"/>
						<SP ID="P32_SP00008" HPOS="1458" VPOS="606" WIDTH="39"/>
						<String ID="P32_ST00011" HPOS="1497" VPOS="555" WIDTH="107" HEIGHT="38" CONTENT="son" WC="0.94" CC="079"/>
						<SP ID="P32_SP00009" HPOS="1604" VPOS="606" WIDTH="38"/>
						<String ID="P32_ST00012" HPOS="1642" VPOS="548" WIDTH="320" HEIGHT="68" CONTENT="entourage" WC="0.98" CC="694775770"/>
						<SP ID="P32_SP00010" HPOS="1962" VPOS="616" WIDTH="47"/>
						<String ID="P32_ST00013" HPOS="2009" VPOS="548" WIDTH="344" HEIGHT="72" CONTENT="témoignait" WC="0.98" CC="7407459650"/>
					</TextLine>
					<TextLine ID="P32_TL00004" HPOS="267" VPOS="615" WIDTH="2086" HEIGHT="86">
						<String ID="P32_ST00014" HPOS="267" VPOS="639" WIDTH="69" HEIGHT="38" CONTENT="en" WC="0.48" CC="27"/>
						<SP ID="P32_SP00011" HPOS="336" VPOS="677" WIDTH="31"/>
						<String ID="P32_ST00015" HPOS="367" VPOS="617" WIDTH="208" HEIGHT="56" CONTENT="faveur" WC="0.97" CC="705376"/>
						<SP ID="P32_SP00012" HPOS="575" VPOS="677" WIDTH="36"/>
						<String ID="P32_ST00016" HPOS="611" VPOS="615" WIDTH="101" HEIGHT="57" CONTENT="des" WC="0.97" CC="700"/>
						<SP ID="P32_SP00013" HPOS="712" VPOS="677" WIDTH="31"/>
						<String ID="P32_ST00017" HPOS="743" VPOS="617" WIDTH="322" HEIGHT="56" CONTENT="tendances" WC="1.00" CC="003230000"/>
						<SP ID="P32_SP00014" HPOS="1065" VPOS="677" WIDTH="33"/>
						<String ID="P32_ST00018" HPOS="1098" VPOS="615" WIDTH="491" HEIGHT="60" CONTENT="évolutionnistes" WC="0.50" CC="607669450966040"/>
						<SP ID="P32_SP00015" HPOS="1589" VPOS="677" WIDTH="39"/>
						<String ID="P32_ST00019" HPOS="1628" VPOS="623" WIDTH="77" HEIGHT="53" CONTENT="du" WC="0.25" CC="77"/>
						<SP ID="P32_SP00016" HPOS="1705" VPOS="677" WIDTH="32"/>
						<String ID="P32_ST00020" HPOS="1737" VPOS="623" WIDTH="189" HEIGHT="57" CONTENT="talent" WC="0.96" CC="396990"/>
						<SP ID="P32_SP00017" HPOS="1926" VPOS="680" WIDTH="40"/>
						<String ID="P32_ST00021" HPOS="1966" VPOS="628" WIDTH="253" HEIGHT="55" CONTENT="d'Alkan" WC="0.41" CC="3347497"/>
						<SP ID="P32_SP00018" HPOS="2219" VPOS="683" WIDTH="35"/>
						<String ID="P32_ST00022" HPOS="2254" VPOS="630" WIDTH="99" HEIGHT="71" CONTENT="qui" WC="0.94" CC="284"/>
					</TextLine>
					<TextLine ID="P32_TL00005" HPOS="267" VPOS="695" WIDTH="2087" HEIGHT="85">
						<String ID="P32_ST00023" HPOS="267" VPOS="701" WIDTH="78" HEIGHT="56" CONTENT="les" WC="0.97" CC="520"/>
						<SP ID="P32_SP00019" HPOS="345" VPOS="757" WIDTH="43"/>
						<String ID="P32_ST00024" HPOS="388" VPOS="696" WIDTH="200" HEIGHT="59" CONTENT="devait" WC="0.99" CC="060050"/>
						<SP ID="P32_SP00020" HPOS="588" VPOS="757" WIDTH="43"/>
						<String ID="P32_ST00025" HPOS="631" VPOS="695" WIDTH="465" HEIGHT="57" CONTENT="exclusivement" WC="0.99" CC="0005760007050"/>
						<SP ID="P32_SP00021" HPOS="1096" VPOS="757" WIDTH="43"/>
						<String ID="P32_ST00026" HPOS="1139" VPOS="699" WIDTH="34" HEIGHT="53" CONTENT="à" WC="1.00" CC="0"/>
						<SP ID="P32_SP00022" HPOS="1173" VPOS="757" WIDTH="40"/>
						<String ID="P32_ST00027" HPOS="1213" VPOS="697" WIDTH="320" HEIGHT="58" CONTENT="lui-même." WC="0.99" CC="175010930"/>
						<SP ID="P32_SP00023" HPOS="1533" VPOS="757" WIDTH="47"/>
						<String ID="P32_ST00028" HPOS="1580" VPOS="700" WIDTH="169" HEIGHT="70" CONTENT="Mais," WC="0.98" CC="14004"/>
						<SP ID="P32_SP00024" HPOS="1749" VPOS="770" WIDTH="33"/>
						<String ID="P32_ST00029" HPOS="1782" VPOS="704" WIDTH="171" HEIGHT="56" CONTENT="étant" WC="0.97" CC="70970"/>
						<SP ID="P32_SP00025" HPOS="1953" VPOS="770" WIDTH="19"/>
						<String ID="P32_ST00030" HPOS="1972" VPOS="706" WIDTH="225" HEIGHT="71" CONTENT="isolées," WC="0.98" CC="44736602"/>
						<SP ID="P32_SP00026" HPOS="2197" VPOS="777" WIDTH="43"/>
						<String ID="P32_ST00031" HPOS="2240" VPOS="725" WIDTH="114" HEIGHT="55" CONTENT="peu" WC="0.92" CC="667"/>
					</TextLine>
					<TextLine ID="P32_TL00006" HPOS="267" VPOS="777" WIDTH="2086" HEIGHT="74">
						<String ID="P32_ST00032" HPOS="267" VPOS="777" WIDTH="311" HEIGHT="72" CONTENT="comprises" WC="0.99" CC="091760000"/>
						<SP ID="P32_SP00027" HPOS="578" VPOS="849" WIDTH="57"/>
						<String ID="P32_ST00033" HPOS="635" VPOS="783" WIDTH="58" HEIGHT="50" CONTENT="et" WC="0.55" CC="80"/>
						<SP ID="P32_SP00028" HPOS="693" VPOS="849" WIDTH="57"/>
						<String ID="P32_ST00034" HPOS="750" VPOS="795" WIDTH="117" HEIGHT="55" CONTENT="peu" WC="0.96" CC="037"/>
						<SP ID="P32_SP00029" HPOS="867" VPOS="850" WIDTH="56"/>
						<String ID="P32_ST00035" HPOS="923" VPOS="779" WIDTH="408" HEIGHT="72" CONTENT="encouragées," WC="0.99" CC="572064064703"/>
						<SP ID="P32_SP00030" HPOS="1331" VPOS="851" WIDTH="58"/>
						<String ID="P32_ST00036" HPOS="1389" VPOS="779" WIDTH="137" HEIGHT="57" CONTENT="elles" WC="0.98" CC="62060"/>
						<SP ID="P32_SP00031" HPOS="1526" VPOS="851" WIDTH="56"/>
						<String ID="P32_ST00037" HPOS="1582" VPOS="781" WIDTH="242" HEIGHT="57" CONTENT="avaient" WC="0.98" CC="8090560"/>
						<SP ID="P32_SP00032" HPOS="1824" VPOS="851" WIDTH="80"/>
						<String ID="P32_ST00038" HPOS="1904" VPOS="807" WIDTH="78" HEIGHT="35" CONTENT="un" WC="0.28" CC="76"/>
						<SP ID="P32_SP00033" HPOS="1982" VPOS="851" WIDTH="80"/>
						<String ID="P32_ST00039" HPOS="2062" VPOS="791" WIDTH="291" HEIGHT="55" CONTENT="caractère" WC="0.98" CC="056959084"/>
					</TextLine>
					<TextLine ID="P32_TL00007" HPOS="264" VPOS="857" WIDTH="2089" HEIGHT="73">
						<String ID="P32_ST00040" HPOS="264" VPOS="860" WIDTH="226" HEIGHT="67" CONTENT="factice," WC="0.99" CC="60000553"/>
						<SP ID="P32_SP00034" HPOS="490" VPOS="927" WIDTH="42"/>
						<String ID="P32_ST00041" HPOS="532" VPOS="857" WIDTH="287" HEIGHT="70" CONTENT="artificiel," WC="0.99" CC="06407642354"/>
						<SP ID="P32_SP00035" HPOS="819" VPOS="927" WIDTH="43"/>
						<String ID="P32_ST00042" HPOS="862" VPOS="859" WIDTH="100" HEIGHT="71" CONTENT="qui" WC="0.97" CC="060"/>
						<SP ID="P32_SP00036" HPOS="962" VPOS="930" WIDTH="39"/>
						<String ID="P32_ST00043" HPOS="1001" VPOS="859" WIDTH="241" HEIGHT="57" CONTENT="influait" WC="0.98" CC="27337006"/>
						<SP ID="P32_SP00037" HPOS="1242" VPOS="930" WIDTH="43"/>
						<String ID="P32_ST00044" HPOS="1285" VPOS="861" WIDTH="541" HEIGHT="57" CONTENT="défavorablement" WC="0.99" CC="646466677637080"/>
						<SP ID="P32_SP00038" HPOS="1826" VPOS="930" WIDTH="42"/>
						<String ID="P32_ST00045" HPOS="1868" VPOS="884" WIDTH="95" HEIGHT="37" CONTENT="sur" WC="0.91" CC="589"/>
						<SP ID="P32_SP00039" HPOS="1963" VPOS="930" WIDTH="41"/>
						<String ID="P32_ST00046" HPOS="2004" VPOS="887" WIDTH="107" HEIGHT="37" CONTENT="son" WC="0.94" CC="367"/>
						<SP ID="P32_SP00040" HPOS="2111" VPOS="930" WIDTH="38"/>
						<String ID="P32_ST00047" HPOS="2149" VPOS="871" WIDTH="170" HEIGHT="55" CONTENT="exécu" SUBS_TYPE="HypPart1" SUBS_CONTENT="exécution," WC="0.97" CC="30978"/>
						<HYP HPOS="2319" VPOS="871" WIDTH="34" CONTENT="-"/>
					</TextLine>
					<TextLine ID="P32_TL00008" HPOS="267" VPOS="939" WIDTH="2085" HEIGHT="73">
						<String ID="P32_ST00048" HPOS="267" VPOS="943" WIDTH="143" HEIGHT="66" CONTENT="tion," SUBS_TYPE="HypPart2" SUBS_CONTENT="exécution," WC="0.97" CC="62614"/>
						<SP ID="P32_SP00041" HPOS="410" VPOS="1009" WIDTH="51"/>
						<String ID="P32_ST00049" HPOS="461" VPOS="940" WIDTH="58" HEIGHT="53" CONTENT="la" WC="1.00" CC="00"/>
						<SP ID="P32_SP00042" HPOS="519" VPOS="1009" WIDTH="49"/>
						<String ID="P32_ST00050" HPOS="568" VPOS="940" WIDTH="254" HEIGHT="55" CONTENT="rendant" WC="0.98" CC="6065160"/>
						<SP ID="P32_SP00043" HPOS="822" VPOS="1009" WIDTH="50"/>
						<String ID="P32_ST00051" HPOS="872" VPOS="939" WIDTH="122" HEIGHT="56" CONTENT="très" WC="0.96" CC="6650"/>
						<SP ID="P32_SP00044" HPOS="994" VPOS="1009" WIDTH="50"/>
						<String ID="P32_ST00052" HPOS="1044" VPOS="946" WIDTH="252" HEIGHT="50" CONTENT="souvent" WC="0.98" CC="0760675"/>
						<SP ID="P32_SP00045" HPOS="1296" VPOS="1009" WIDTH="51"/>
						<String ID="P32_ST00053" HPOS="1347" VPOS="943" WIDTH="280" HEIGHT="69" CONTENT="exagérée" WC="0.98" CC="00065776"/>
						<SP ID="P32_SP00046" HPOS="1627" VPOS="1012" WIDTH="52"/>
						<String ID="P32_ST00054" HPOS="1679" VPOS="944" WIDTH="152" HEIGHT="54" CONTENT="aussi" WC="0.97" CC="87134"/>
						<SP ID="P32_SP00047" HPOS="1831" VPOS="1012" WIDTH="56"/>
						<String ID="P32_ST00055" HPOS="1887" VPOS="946" WIDTH="138" HEIGHT="58" CONTENT="bien" WC="0.96" CC="0676"/>
						<SP ID="P32_SP00048" HPOS="2025" VPOS="1012" WIDTH="53"/>
						<String ID="P32_ST00056" HPOS="2078" VPOS="951" WIDTH="144" HEIGHT="54" CONTENT="dî.ns" WC="0.36" CC="88770"/>
						<SP ID="P32_SP00049" HPOS="2222" VPOS="1012" WIDTH="49"/>
						<String ID="P32_ST00057" HPOS="2271" VPOS="951" WIDTH="81" HEIGHT="56" CONTENT="les" WC="0.94" CC="067"/>
					</TextLine>
					<TextLine ID="P32_TL00009" HPOS="269" VPOS="1021" WIDTH="2084" HEIGHT="82">
						<String ID="P32_ST00058" HPOS="269" VPOS="1025" WIDTH="405" HEIGHT="53" CONTENT="mouvements" WC="0.99" CC="5570505670"/>
						<SP ID="P32_SP00050" HPOS="674" VPOS="1078" WIDTH="37"/>
						<String ID="P32_ST00059" HPOS="711" VPOS="1038" WIDTH="114" HEIGHT="53" CONTENT="que" WC="0.97" CC="160"/>
						<SP ID="P32_SP00051" HPOS="825" VPOS="1091" WIDTH="37"/>
						<String ID="P32_ST00060" HPOS="862" VPOS="1021" WIDTH="147" HEIGHT="55" CONTENT="dans" WC="0.98" CC="0052"/>
						<SP ID="P32_SP00052" HPOS="1009" VPOS="1091" WIDTH="33"/>
						<String ID="P32_ST00061" HPOS="1042" VPOS="1021" WIDTH="83" HEIGHT="55" CONTENT="les" WC="0.97" CC="080"/>
						<SP ID="P32_SP00053" HPOS="1125" VPOS="1091" WIDTH="36"/>
						<String ID="P32_ST00062" HPOS="1161" VPOS="1039" WIDTH="276" HEIGHT="38" CONTENT="nuances." WC="0.99" CC="67060030"/>
						<SP ID="P32_SP00054" HPOS="1437" VPOS="1091" WIDTH="42"/>
						<String ID="P32_ST00063" HPOS="1479" VPOS="1021" WIDTH="50" HEIGHT="55" CONTENT="Il" WC="0.68" CC="51"/>
						<SP ID="P32_SP00055" HPOS="1529" VPOS="1091" WIDTH="33"/>
						<String ID="P32_ST00064" HPOS="1562" VPOS="1025" WIDTH="371" HEIGHT="55" CONTENT="ressemblait" WC="0.98" CC="87003996930"/>
						<SP ID="P32_SP00056" HPOS="1933" VPOS="1091" WIDTH="59"/>
						<String ID="P32_ST00065" HPOS="1992" VPOS="1029" WIDTH="35" HEIGHT="53" CONTENT="à" WC="0.65" CC="3"/>
						<SP ID="P32_SP00057" HPOS="2027" VPOS="1091" WIDTH="49"/>
						<String ID="P32_ST00066" HPOS="2076" VPOS="1047" WIDTH="96" HEIGHT="38" CONTENT="ces" WC="0.93" CC="656"/>
						<SP ID="P32_SP00058" HPOS="2172" VPOS="1091" WIDTH="54"/>
						<String ID="P32_ST00067" HPOS="2226" VPOS="1048" WIDTH="96" HEIGHT="55" CONTENT="per" SUBS_TYPE="HypPart1" SUBS_CONTENT="personnes" WC="0.96" CC="737"/>
						<HYP HPOS="2322" VPOS="1048" WIDTH="31" CONTENT="-"/>
					</TextLine>
					<TextLine ID="P32_TL00010" HPOS="267" VPOS="1101" WIDTH="2087" HEIGHT="79">
						<String ID="P32_ST00068" HPOS="267" VPOS="1120" WIDTH="204" HEIGHT="40" CONTENT="sonnes" SUBS_TYPE="HypPart2" SUBS_CONTENT="personnes" WC="0.98" CC="407631"/>
						<SP ID="P32_SP00059" HPOS="471" VPOS="1160" WIDTH="41"/>
						<String ID="P32_ST00069" HPOS="512" VPOS="1101" WIDTH="100" HEIGHT="71" CONTENT="qui" WC="0.95" CC="570"/>
						<SP ID="P32_SP00060" HPOS="612" VPOS="1172" WIDTH="46"/>
						<String ID="P32_ST00070" HPOS="658" VPOS="1108" WIDTH="369" HEIGHT="66" CONTENT="apprennent" WC="0.99" CC="0007288268"/>
						<SP ID="P32_SP00061" HPOS="1027" VPOS="1174" WIDTH="43"/>
						<String ID="P32_ST00071" HPOS="1070" VPOS="1120" WIDTH="113" HEIGHT="38" CONTENT="une" WC="0.93" CC="556"/>
						<SP ID="P32_SP00062" HPOS="1183" VPOS="1174" WIDTH="41"/>
						<String ID="P32_ST00072" HPOS="1224" VPOS="1103" WIDTH="212" HEIGHT="72" CONTENT="langue" WC="0.96" CC="378881"/>
						<SP ID="P32_SP00063" HPOS="1436" VPOS="1175" WIDTH="43"/>
						<String ID="P32_ST00073" HPOS="1479" VPOS="1104" WIDTH="248" HEIGHT="56" CONTENT="vivante" WC="0.98" CC="0009495"/>
						<SP ID="P32_SP00064" HPOS="1727" VPOS="1175" WIDTH="38"/>
						<String ID="P32_ST00074" HPOS="1765" VPOS="1108" WIDTH="305" HEIGHT="72" CONTENT="étrangère" WC="0.98" CC="454939160"/>
						<SP ID="P32_SP00065" HPOS="2070" VPOS="1180" WIDTH="42"/>
						<String ID="P32_ST00075" HPOS="2112" VPOS="1113" WIDTH="146" HEIGHT="54" CONTENT="dans" WC="0.95" CC="0986"/>
						<SP ID="P32_SP00066" HPOS="2258" VPOS="1180" WIDTH="38"/>
						<String ID="P32_ST00076" HPOS="2296" VPOS="1113" WIDTH="58" HEIGHT="54" CONTENT="la" WC="0.35" CC="48"/>
					</TextLine>
					<TextLine ID="P32_TL00011" HPOS="268" VPOS="1181" WIDTH="2085" HEIGHT="80">
						<String ID="P32_ST00077" HPOS="268" VPOS="1181" WIDTH="364" HEIGHT="77" CONTENT="grammaire," WC="0.99" CC="6500001304"/>
						<SP ID="P32_SP00067" HPOS="632" VPOS="1258" WIDTH="54"/>
						<String ID="P32_ST00078" HPOS="686" VPOS="1199" WIDTH="137" HEIGHT="39" CONTENT="sans" WC="0.98" CC="0065"/>
						<SP ID="P32_SP00068" HPOS="823" VPOS="1258" WIDTH="49"/>
						<String ID="P32_ST00079" HPOS="872" VPOS="1183" WIDTH="327" HEIGHT="55" CONTENT="l'entendre" WC="0.98" CC="8327868061"/>
						<SP ID="P32_SP00069" HPOS="1199" VPOS="1258" WIDTH="50"/>
						<String ID="P32_ST00080" HPOS="1249" VPOS="1183" WIDTH="213" HEIGHT="71" CONTENT="parler," WC="0.96" CC="8994594"/>
						<SP ID="P32_SP00070" HPOS="1462" VPOS="1258" WIDTH="52"/>
						<String ID="P32_ST00081" HPOS="1514" VPOS="1190" WIDTH="59" HEIGHT="50" CONTENT="et" WC="0.61" CC="16"/>
						<SP ID="P32_SP00071" HPOS="1573" VPOS="1258" WIDTH="55"/>
						<String ID="P32_ST00082" HPOS="1628" VPOS="1186" WIDTH="143" HEIGHT="55" CONTENT="dont" WC="0.95" CC="0975"/>
						<SP ID="P32_SP00072" HPOS="1771" VPOS="1258" WIDTH="41"/>
						<String ID="P32_ST00083" HPOS="1812" VPOS="1188" WIDTH="59" HEIGHT="54" CONTENT="la" WC="0.64" CC="70"/>
						<SP ID="P32_SP00073" HPOS="1871" VPOS="1258" WIDTH="29"/>
						<String ID="P32_ST00084" HPOS="1900" VPOS="1190" WIDTH="453" HEIGHT="71" CONTENT="prononciation" WC="0.99" CC="9877695000377"/>
					</TextLine>
					<TextLine ID="P32_TL00012" HPOS="268" VPOS="1263" WIDTH="2085" HEIGHT="77">
						<String ID="P32_ST00085" HPOS="268" VPOS="1270" WIDTH="82" HEIGHT="51" CONTENT="est" WC="0.96" CC="037"/>
						<SP ID="P32_SP00074" HPOS="350" VPOS="1321" WIDTH="35"/>
						<String ID="P32_ST00086" HPOS="385" VPOS="1263" WIDTH="294" HEIGHT="72" CONTENT="peut-être" WC="0.98" CC="047033566"/>
						<SP ID="P32_SP00075" HPOS="679" VPOS="1335" WIDTH="35"/>
						<String ID="P32_ST00087" HPOS="714" VPOS="1263" WIDTH="299" HEIGHT="59" CONTENT="conforme" WC="0.99" CC="50066602"/>
						<SP ID="P32_SP00076" HPOS="1013" VPOS="1335" WIDTH="35"/>
						<String ID="P32_ST00088" HPOS="1048" VPOS="1282" WIDTH="119" HEIGHT="36" CONTENT="aux" WC="0.94" CC="970"/>
						<SP ID="P32_SP00077" HPOS="1167" VPOS="1335" WIDTH="33"/>
						<String ID="P32_ST00089" HPOS="1200" VPOS="1264" WIDTH="203" HEIGHT="72" CONTENT="règles," WC="0.98" CC="7294504"/>
						<SP ID="P32_SP00078" HPOS="1403" VPOS="1336" WIDTH="37"/>
						<String ID="P32_ST00090" HPOS="1440" VPOS="1266" WIDTH="151" HEIGHT="54" CONTENT="mais" WC="0.96" CC="0763"/>
						<SP ID="P32_SP00079" HPOS="1591" VPOS="1336" WIDTH="32"/>
						<String ID="P32_ST00091" HPOS="1623" VPOS="1273" WIDTH="152" HEIGHT="49" CONTENT="reste" WC="0.99" CC="05004"/>
						<SP ID="P32_SP00080" HPOS="1775" VPOS="1336" WIDTH="33"/>
						<String ID="P32_ST00092" HPOS="1808" VPOS="1270" WIDTH="271" HEIGHT="70" CONTENT="toujours" WC="0.97" CC="89787756"/>
						<SP ID="P32_SP00081" HPOS="2079" VPOS="1340" WIDTH="34"/>
						<String ID="P32_ST00093" HPOS="2113" VPOS="1273" WIDTH="240" HEIGHT="56" CONTENT="heurtée" WC="0.97" CC="9879064"/>
					</TextLine>
					<TextLine ID="P32_TL00013" HPOS="270" VPOS="1343" WIDTH="2083" HEIGHT="78">
						<String ID="P32_ST00094" HPOS="270" VPOS="1352" WIDTH="56" HEIGHT="50" CONTENT="et" WC="0.91" CC="01"/>
						<SP ID="P32_SP00082" HPOS="326" VPOS="1402" WIDTH="46"/>
						<String ID="P32_ST00095" HPOS="372" VPOS="1344" WIDTH="180" HEIGHT="56" CONTENT="raide." WC="0.95" CC="300000"/>
						<SP ID="P32_SP00083" HPOS="552" VPOS="1402" WIDTH="52"/>
						<String ID="P32_ST00096" HPOS="604" VPOS="1343" WIDTH="157" HEIGHT="57" CONTENT="Elles" WC="0.98" CC="04650"/>
						<SP ID="P32_SP00084" HPOS="761" VPOS="1402" WIDTH="45"/>
						<String ID="P32_ST00097" HPOS="806" VPOS="1345" WIDTH="313" HEIGHT="55" CONTENT="attachent" WC="0.98" CC="087057688"/>
						<SP ID="P32_SP00085" HPOS="1119" VPOS="1402" WIDTH="52"/>
						<String ID="P32_ST00098" HPOS="1171" VPOS="1346" WIDTH="71" HEIGHT="56" CONTENT="de" WC="1.00" CC="00"/>
						<SP ID="P32_SP00086" HPOS="1242" VPOS="1402" WIDTH="47"/>
						<String ID="P32_ST00099" HPOS="1289" VPOS="1345" WIDTH="416" HEIGHT="73" CONTENT="l'importance" WC="0.99" CC="504805500740"/>
						<SP ID="P32_SP00087" HPOS="1705" VPOS="1418" WIDTH="46"/>
						<String ID="P32_ST00100" HPOS="1751" VPOS="1349" WIDTH="34" HEIGHT="52" CONTENT="à" WC="0.41" CC="5"/>
						<SP ID="P32_SP00088" HPOS="1785" VPOS="1418" WIDTH="46"/>
						<String ID="P32_ST00101" HPOS="1831" VPOS="1367" WIDTH="64" HEIGHT="39" CONTENT="ce" WC="1.00" CC="00"/>
						<SP ID="P32_SP00089" HPOS="1895" VPOS="1418" WIDTH="47"/>
						<String ID="P32_ST00102" HPOS="1942" VPOS="1352" WIDTH="99" HEIGHT="69" CONTENT="qui" WC="0.94" CC="680"/>
						<SP ID="P32_SP00090" HPOS="2041" VPOS="1421" WIDTH="71"/>
						<String ID="P32_ST00103" HPOS="2112" VPOS="1353" WIDTH="136" HEIGHT="56" CONTENT="n'en" WC="0.97" CC="3324"/>
						<SP ID="P32_SP00091" HPOS="2248" VPOS="1421" WIDTH="71"/>
						<String ID="P32_ST00104" HPOS="2319" VPOS="1373" WIDTH="34" HEIGHT="36" CONTENT="a" WC="1.00" CC="0"/>
					</TextLine>
					<TextLine ID="P32_TL00014" HPOS="269" VPOS="1425" WIDTH="2083" HEIGHT="75">
						<String ID="P32_ST00105" HPOS="269" VPOS="1426" WIDTH="319" HEIGHT="58" CONTENT="nullement" WC="0.98" CC="275240676"/>
						<SP ID="P32_SP00092" HPOS="588" VPOS="1484" WIDTH="43"/>
						<String ID="P32_ST00106" HPOS="631" VPOS="1426" WIDTH="147" HEIGHT="56" CONTENT="dans" WC="0.96" CC="7064"/>
						<SP ID="P32_SP00093" HPOS="778" VPOS="1484" WIDTH="38"/>
						<String ID="P32_ST00107" HPOS="816" VPOS="1425" WIDTH="58" HEIGHT="55" CONTENT="la" WC="0.67" CC="41"/>
						<SP ID="P32_SP00094" HPOS="874" VPOS="1484" WIDTH="38"/>
						<String ID="P32_ST00108" HPOS="912" VPOS="1425" WIDTH="298" HEIGHT="73" CONTENT="pratique," WC="0.99" CC="050520764"/>
						<SP ID="P32_SP00095" HPOS="1210" VPOS="1498" WIDTH="41"/>
						<String ID="P32_ST00109" HPOS="1251" VPOS="1430" WIDTH="59" HEIGHT="52" CONTENT="et" WC="0.39" CC="48"/>
						<SP ID="P32_SP00096" HPOS="1310" VPOS="1498" WIDTH="40"/>
						<String ID="P32_ST00110" HPOS="1350" VPOS="1426" WIDTH="136" HEIGHT="56" CONTENT="elles" WC="0.96" CC="45854"/>
						<SP ID="P32_SP00097" HPOS="1486" VPOS="1498" WIDTH="39"/>
						<String ID="P32_ST00111" HPOS="1525" VPOS="1428" WIDTH="296" HEIGHT="72" CONTENT="négligent" WC="0.98" CC="808048388"/>
						<SP ID="P32_SP00098" HPOS="1821" VPOS="1500" WIDTH="30"/>
						<String ID="P32_ST00112" HPOS="1851" VPOS="1449" WIDTH="75" HEIGHT="36" CONTENT="au" WC="0.18" CC="87"/>
						<SP ID="P32_SP00099" HPOS="1926" VPOS="1500" WIDTH="26"/>
						<String ID="P32_ST00113" HPOS="1952" VPOS="1433" WIDTH="293" HEIGHT="57" CONTENT="contraire" WC="0.98" CC="606409296"/>
						<SP ID="P32_SP00100" HPOS="2245" VPOS="1500" WIDTH="27"/>
						<String ID="P32_ST00114" HPOS="2272" VPOS="1434" WIDTH="80" HEIGHT="56" CONTENT="les" WC="0.95" CC="660"/>
					</TextLine>
					<TextLine ID="P32_TL00015" HPOS="268" VPOS="1505" WIDTH="2081" HEIGHT="81">
						<String ID="P32_ST00115" HPOS="268" VPOS="1505" WIDTH="340" HEIGHT="74" CONTENT="exceptions" WC="0.99" CC="0005062681"/>
						<SP ID="P32_SP00101" HPOS="608" VPOS="1579" WIDTH="51"/>
						<String ID="P32_ST00116" HPOS="659" VPOS="1508" WIDTH="306" HEIGHT="54" CONTENT="consacrés" WC="0.99" CC="700503450"/>
						<SP ID="P32_SP00102" HPOS="965" VPOS="1579" WIDTH="52"/>
						<String ID="P32_ST00117" HPOS="1017" VPOS="1524" WIDTH="108" HEIGHT="55" CONTENT="par" WC="0.95" CC="903"/>
						<SP ID="P32_SP00103" HPOS="1125" VPOS="1579" WIDTH="52"/>
						<String ID="P32_ST00118" HPOS="1177" VPOS="1506" WIDTH="222" HEIGHT="74" CONTENT="l'usage" WC="0.98" CC="5380075"/>
						<SP ID="P32_SP00104" HPOS="1399" VPOS="1580" WIDTH="54"/>
						<String ID="P32_ST00119" HPOS="1453" VPOS="1514" WIDTH="58" HEIGHT="51" CONTENT="et" WC="0.67" CC="60"/>
						<SP ID="P32_SP00105" HPOS="1511" VPOS="1580" WIDTH="56"/>
						<String ID="P32_ST00120" HPOS="1567" VPOS="1509" WIDTH="100" HEIGHT="71" CONTENT="qui" WC="0.94" CC="672"/>
						<SP ID="P32_SP00106" HPOS="1667" VPOS="1580" WIDTH="57"/>
						<String ID="P32_ST00121" HPOS="1724" VPOS="1518" WIDTH="134" HEIGHT="48" CONTENT="sont" WC="0.96" CC="6580"/>
						<SP ID="P32_SP00107" HPOS="1858" VPOS="1580" WIDTH="58"/>
						<String ID="P32_ST00122" HPOS="1916" VPOS="1513" WIDTH="141" HEIGHT="56" CONTENT="d'un" WC="0.96" CC="6480"/>
						<SP ID="P32_SP00108" HPOS="2057" VPOS="1580" WIDTH="78"/>
						<String ID="P32_ST00123" HPOS="2135" VPOS="1515" WIDTH="214" HEIGHT="71" CONTENT="emploi" WC="0.98" CC="539070"/>
					</TextLine>
					<TextLine ID="P32_TL00016" HPOS="268" VPOS="1592" WIDTH="260" HEIGHT="52">
						<String ID="P32_ST00124" HPOS="268" VPOS="1592" WIDTH="260" HEIGHT="52" CONTENT="courant." WC="0.98" CC="07720633"/>
					</TextLine>
					<TextLine ID="P32_TL00017" HPOS="371" VPOS="1668" WIDTH="1981" HEIGHT="72">
						<String ID="P32_ST00125" HPOS="371" VPOS="1669" WIDTH="99" HEIGHT="69" CONTENT="Or," WC="0.97" CC="404"/>
						<SP ID="P32_SP00109" HPOS="470" VPOS="1738" WIDTH="31"/>
						<String ID="P32_ST00126" HPOS="501" VPOS="1668" WIDTH="139" HEIGHT="70" CONTENT="moi," WC="0.98" CC="0704"/>
						<SP ID="P32_SP00110" HPOS="640" VPOS="1738" WIDTH="32"/>
						<String ID="P32_ST00127" HPOS="672" VPOS="1669" WIDTH="57" HEIGHT="71" CONTENT="je" WC="0.72" CC="40"/>
						<SP ID="P32_SP00111" HPOS="729" VPOS="1740" WIDTH="29"/>
						<String ID="P32_ST00128" HPOS="758" VPOS="1668" WIDTH="230" HEIGHT="56" CONTENT="n'avais" WC="0.98" CC="5300570"/>
						<SP ID="P32_SP00112" HPOS="988" VPOS="1740" WIDTH="28"/>
						<String ID="P32_ST00129" HPOS="1016" VPOS="1686" WIDTH="108" HEIGHT="54" CONTENT="pas" WC="0.96" CC="090"/>
						<SP ID="P32_SP00113" HPOS="1124" VPOS="1740" WIDTH="30"/>
						<String ID="P32_ST00130" HPOS="1154" VPOS="1669" WIDTH="322" HEIGHT="57" CONTENT="seulement" WC="0.98" CC="078659077"/>
						<SP ID="P32_SP00114" HPOS="1476" VPOS="1740" WIDTH="29"/>
						<String ID="P32_ST00131" HPOS="1505" VPOS="1672" WIDTH="81" HEIGHT="53" CONTENT="les" WC="0.96" CC="360"/>
						<SP ID="P32_SP00115" HPOS="1586" VPOS="1740" WIDTH="29"/>
						<String ID="P32_ST00132" HPOS="1615" VPOS="1672" WIDTH="238" HEIGHT="54" CONTENT="notions" WC="0.97" CC="8780782"/>
						<SP ID="P32_SP00116" HPOS="1853" VPOS="1740" WIDTH="28"/>
						<String ID="P32_ST00133" HPOS="1881" VPOS="1674" WIDTH="471" HEIGHT="59" CONTENT="traditionnelles" WC="0.99" CC="890008006864580"/>
					</TextLine>
					<TextLine ID="P32_TL00018" HPOS="265" VPOS="1752" WIDTH="2088" HEIGHT="77">
						<String ID="P32_ST00134" HPOS="265" VPOS="1752" WIDTH="427" HEIGHT="72" CONTENT="généralement" WC="0.99" CC="733460359660"/>
						<SP ID="P32_SP00117" HPOS="692" VPOS="1824" WIDTH="53"/>
						<String ID="P32_ST00135" HPOS="745" VPOS="1752" WIDTH="333" HEIGHT="69" CONTENT="répandues" WC="0.99" CC="400070740"/>
						<SP ID="P32_SP00118" HPOS="1078" VPOS="1824" WIDTH="55"/>
						<String ID="P32_ST00136" HPOS="1133" VPOS="1769" WIDTH="73" HEIGHT="37" CONTENT="en" WC="0.79" CC="04"/>
						<SP ID="P32_SP00119" HPOS="1206" VPOS="1824" WIDTH="54"/>
						<String ID="P32_ST00137" HPOS="1260" VPOS="1752" WIDTH="359" HEIGHT="73" CONTENT="Allemagne," WC="0.99" CC="0135009834"/>
						<SP ID="P32_SP00120" HPOS="1619" VPOS="1825" WIDTH="60"/>
						<String ID="P32_ST00138" HPOS="1679" VPOS="1753" WIDTH="99" HEIGHT="71" CONTENT="qui" WC="0.96" CC="081"/>
						<SP ID="P32_SP00121" HPOS="1778" VPOS="1825" WIDTH="58"/>
						<String ID="P32_ST00139" HPOS="1836" VPOS="1755" WIDTH="325" HEIGHT="70" CONTENT="pouvaient" WC="0.98" CC="997090366"/>
						<SP ID="P32_SP00122" HPOS="2161" VPOS="1825" WIDTH="59"/>
						<String ID="P32_ST00140" HPOS="2220" VPOS="1758" WIDTH="133" HEIGHT="71" CONTENT="déjà" WC="0.94" CC="8945"/>
					</TextLine>
					<TextLine ID="P32_TL00019" HPOS="263" VPOS="1830" WIDTH="2088" HEIGHT="70">
						<String ID="P32_ST00141" HPOS="263" VPOS="1832" WIDTH="75" HEIGHT="55" CONTENT="lui" WC="0.94" CC="464"/>
						<SP ID="P32_SP00123" HPOS="338" VPOS="1887" WIDTH="53"/>
						<String ID="P32_ST00142" HPOS="391" VPOS="1832" WIDTH="122" HEIGHT="54" CONTENT="être" WC="0.97" CC="0831"/>
						<SP ID="P32_SP00124" HPOS="513" VPOS="1887" WIDTH="49"/>
						<String ID="P32_ST00143" HPOS="562" VPOS="1830" WIDTH="195" HEIGHT="70" CONTENT="utiles," WC="0.98" CC="7304404"/>
						<SP ID="P32_SP00125" HPOS="757" VPOS="1900" WIDTH="52"/>
						<String ID="P32_ST00144" HPOS="809" VPOS="1830" WIDTH="150" HEIGHT="60" CONTENT="mais" WC="0.98" CC="9000"/>
						<SP ID="P32_SP00126" HPOS="959" VPOS="1900" WIDTH="50"/>
						<String ID="P32_ST00145" HPOS="1009" VPOS="1830" WIDTH="155" HEIGHT="55" CONTENT="aussi" WC="0.98" CC="07090"/>
						<SP ID="P32_SP00127" HPOS="1164" VPOS="1900" WIDTH="51"/>
						<String ID="P32_ST00146" HPOS="1215" VPOS="1832" WIDTH="83" HEIGHT="55" CONTENT="les" WC="0.96" CC="064"/>
						<SP ID="P32_SP00128" HPOS="1298" VPOS="1900" WIDTH="49"/>
						<String ID="P32_ST00147" HPOS="1347" VPOS="1833" WIDTH="452" HEIGHT="56" CONTENT="commentaires" WC="0.99" CC="100956690662"/>
						<SP ID="P32_SP00129" HPOS="1799" VPOS="1900" WIDTH="52"/>
						<String ID="P32_ST00148" HPOS="1851" VPOS="1837" WIDTH="69" HEIGHT="53" CONTENT="de" WC="0.42" CC="92"/>
						<SP ID="P32_SP00130" HPOS="1920" VPOS="1900" WIDTH="48"/>
						<String ID="P32_ST00149" HPOS="1968" VPOS="1834" WIDTH="202" HEIGHT="57" CONTENT="l'école" WC="0.97" CC="6265537"/>
						<SP ID="P32_SP00131" HPOS="2170" VPOS="1900" WIDTH="46"/>
						<String ID="P32_ST00150" HPOS="2216" VPOS="1839" WIDTH="102" HEIGHT="55" CONTENT="néo" SUBS_TYPE="HypPart1" SUBS_CONTENT="néoallemande," WC="0.94" CC="779"/>
						<HYP HPOS="2318" VPOS="1839" WIDTH="33" CONTENT="-"/>
					</TextLine>
					<TextLine ID="P32_TL00020" HPOS="265" VPOS="1912" WIDTH="2084" HEIGHT="73">
						<String ID="P32_ST00151" HPOS="265" VPOS="1913" WIDTH="341" HEIGHT="68" CONTENT="allemande," SUBS_TYPE="HypPart2" SUBS_CONTENT="néoallemande," WC="0.99" CC="1653088044"/>
						<SP ID="P32_SP00132" HPOS="606" VPOS="1981" WIDTH="48"/>
						<String ID="P32_ST00152" HPOS="654" VPOS="1932" WIDTH="75" HEIGHT="35" CONTENT="en" WC="0.46" CC="37"/>
						<SP ID="P32_SP00133" HPOS="729" VPOS="1981" WIDTH="46"/>
						<String ID="P32_ST00153" HPOS="775" VPOS="1912" WIDTH="309" HEIGHT="71" CONTENT="beaucoup" WC="0.98" CC="64073060"/>
						<SP ID="P32_SP00134" HPOS="1084" VPOS="1983" WIDTH="51"/>
						<String ID="P32_ST00154" HPOS="1135" VPOS="1914" WIDTH="71" HEIGHT="55" CONTENT="de" WC="0.79" CC="04"/>
						<SP ID="P32_SP00135" HPOS="1206" VPOS="1983" WIDTH="46"/>
						<String ID="P32_ST00155" HPOS="1252" VPOS="1931" WIDTH="99" HEIGHT="35" CONTENT="cas" WC="0.98" CC="400"/>
						<SP ID="P32_SP00136" HPOS="1351" VPOS="1983" WIDTH="43"/>
						<String ID="P32_ST00156" HPOS="1394" VPOS="1913" WIDTH="336" HEIGHT="54" CONTENT="instructifs" WC="0.99" CC="06064700070"/>
						<SP ID="P32_SP00137" HPOS="1730" VPOS="1983" WIDTH="47"/>
						<String ID="P32_ST00157" HPOS="1777" VPOS="1919" WIDTH="59" HEIGHT="51" CONTENT="et" WC="0.15" CC="97"/>
						<SP ID="P32_SP00138" HPOS="1836" VPOS="1983" WIDTH="47"/>
						<String ID="P32_ST00158" HPOS="1883" VPOS="1915" WIDTH="272" HEIGHT="70" CONTENT="toujours" WC="0.97" CC="69807780"/>
						<SP ID="P32_SP00139" HPOS="2155" VPOS="1985" WIDTH="43"/>
						<String ID="P32_ST00159" HPOS="2198" VPOS="1918" WIDTH="121" HEIGHT="56" CONTENT="inté" SUBS_TYPE="HypPart1" SUBS_CONTENT="intéressants." WC="0.97" CC="2765"/>
						<HYP HPOS="2319" VPOS="1918" WIDTH="30" CONTENT="-"/>
					</TextLine>
					<TextLine ID="P32_TL00021" HPOS="263" VPOS="1993" WIDTH="2086" HEIGHT="74">
						<String ID="P32_ST00160" HPOS="263" VPOS="1999" WIDTH="269" HEIGHT="51" CONTENT="ressants." SUBS_TYPE="HypPart2" SUBS_CONTENT="intéressants." WC="0.99" CC="600096800"/>
						<SP ID="P32_SP00140" HPOS="532" VPOS="2050" WIDTH="34"/>
						<String ID="P32_ST00161" HPOS="566" VPOS="1994" WIDTH="111" HEIGHT="55" CONTENT="Les" WC="0.97" CC="304"/>
						<SP ID="P32_SP00141" HPOS="677" VPOS="2050" WIDTH="29"/>
						<String ID="P32_ST00162" HPOS="706" VPOS="1993" WIDTH="307" HEIGHT="56" CONTENT="souvenirs" WC="0.98" CC="687064050"/>
						<SP ID="P32_SP00142" HPOS="1013" VPOS="2050" WIDTH="35"/>
						<String ID="P32_ST00163" HPOS="1048" VPOS="1995" WIDTH="69" HEIGHT="54" CONTENT="de" WC="0.75" CC="04"/>
						<SP ID="P32_SP00143" HPOS="1117" VPOS="2050" WIDTH="30"/>
						<String ID="P32_ST00164" HPOS="1147" VPOS="1993" WIDTH="57" HEIGHT="54" CONTENT="la" WC="0.80" CC="40"/>
						<SP ID="P32_SP00144" HPOS="1204" VPOS="2050" WIDTH="32"/>
						<String ID="P32_ST00165" HPOS="1236" VPOS="1994" WIDTH="325" HEIGHT="56" CONTENT="correction" WC="0.99" CC="0774600066"/>
						<SP ID="P32_SP00145" HPOS="1561" VPOS="2050" WIDTH="30"/>
						<String ID="P32_ST00166" HPOS="1591" VPOS="1994" WIDTH="287" HEIGHT="73" CONTENT="classique" WC="0.98" CC="600617671"/>
						<SP ID="P32_SP00146" HPOS="1878" VPOS="2067" WIDTH="34"/>
						<String ID="P32_ST00167" HPOS="1912" VPOS="1998" WIDTH="69" HEIGHT="55" CONTENT="de" WC="0.66" CC="42"/>
						<SP ID="P32_SP00147" HPOS="1981" VPOS="2067" WIDTH="33"/>
						<String ID="P32_ST00168" HPOS="2014" VPOS="1997" WIDTH="335" HEIGHT="70" CONTENT="Moscheles," WC="0.60" CC="3075603613"/>
					</TextLine>
					<TextLine ID="P32_TL00022" HPOS="265" VPOS="2073" WIDTH="2086" HEIGHT="79">
						<String ID="P32_ST00169" HPOS="265" VPOS="2075" WIDTH="66" HEIGHT="56" CONTENT="de" WC="0.68" CC="60"/>
						<SP ID="P32_SP00148" HPOS="331" VPOS="2131" WIDTH="49"/>
						<String ID="P32_ST00170" HPOS="380" VPOS="2074" WIDTH="341" HEIGHT="57" CONTENT="Ferdinand" WC="0.99" CC="022008080"/>
						<SP ID="P32_SP00149" HPOS="721" VPOS="2131" WIDTH="47"/>
						<String ID="P32_ST00171" HPOS="768" VPOS="2073" WIDTH="203" HEIGHT="57" CONTENT="David" WC="0.98" CC="57000"/>
						<SP ID="P32_SP00150" HPOS="971" VPOS="2131" WIDTH="46"/>
						<String ID="P32_ST00172" HPOS="1017" VPOS="2078" WIDTH="61" HEIGHT="51" CONTENT="et" WC="0.42" CC="74"/>
						<SP ID="P32_SP00151" HPOS="1078" VPOS="2131" WIDTH="52"/>
						<String ID="P32_ST00173" HPOS="1130" VPOS="2075" WIDTH="71" HEIGHT="55" CONTENT="de" WC="0.65" CC="07"/>
						<SP ID="P32_SP00152" HPOS="1201" VPOS="2131" WIDTH="50"/>
						<String ID="P32_ST00174" HPOS="1251" VPOS="2074" WIDTH="413" HEIGHT="71" CONTENT="Hauptmann," WC="0.39" CC="6088684854"/>
						<SP ID="P32_SP00153" HPOS="1664" VPOS="2145" WIDTH="49"/>
						<String ID="P32_ST00175" HPOS="1713" VPOS="2077" WIDTH="58" HEIGHT="54" CONTENT="la" WC="0.64" CC="70"/>
						<SP ID="P32_SP00154" HPOS="1771" VPOS="2145" WIDTH="54"/>
						<String ID="P32_ST00176" HPOS="1825" VPOS="2077" WIDTH="275" HEIGHT="57" CONTENT="méthode" WC="0.99" CC="0100714"/>
						<SP ID="P32_SP00155" HPOS="2100" VPOS="2145" WIDTH="51"/>
						<String ID="P32_ST00177" HPOS="2151" VPOS="2079" WIDTH="167" HEIGHT="73" CONTENT="analy" SUBS_TYPE="HypPart1" SUBS_CONTENT="analytique" WC="0.97" CC="07786"/>
						<HYP HPOS="2318" VPOS="2079" WIDTH="33" CONTENT="-"/>
					</TextLine>
					<TextLine ID="P32_TL00023" HPOS="260" VPOS="2154" WIDTH="2089" HEIGHT="73">
						<String ID="P32_ST00178" HPOS="260" VPOS="2154" WIDTH="160" HEIGHT="73" CONTENT="tique" SUBS_TYPE="HypPart2" SUBS_CONTENT="analytique" WC="0.98" CC="01066"/>
						<SP ID="P32_SP00156" HPOS="420" VPOS="2227" WIDTH="42"/>
						<String ID="P32_ST00179" HPOS="462" VPOS="2158" WIDTH="71" HEIGHT="55" CONTENT="de" WC="1.00" CC="00"/>
						<SP ID="P32_SP00157" HPOS="533" VPOS="2227" WIDTH="41"/>
						<String ID="P32_ST00180" HPOS="574" VPOS="2155" WIDTH="167" HEIGHT="55" CONTENT="Hans" WC="0.83" CC="0050"/>
						<SP ID="P32_SP00158" HPOS="741" VPOS="2227" WIDTH="44"/>
						<String ID="P32_ST00181" HPOS="785" VPOS="2157" WIDTH="70" HEIGHT="53" CONTENT="de" WC="1.00" CC="00"/>
						<SP ID="P32_SP00159" HPOS="855" VPOS="2227" WIDTH="41"/>
						<String ID="P32_ST00182" HPOS="896" VPOS="2154" WIDTH="209" HEIGHT="56" CONTENT="Biïlow" WC="0.46" CC="888700"/>
						<SP ID="P32_SP00160" HPOS="1105" VPOS="2227" WIDTH="38"/>
						<String ID="P32_ST00183" HPOS="1143" VPOS="2162" WIDTH="58" HEIGHT="49" CONTENT="et" WC="0.71" CC="50"/>
						<SP ID="P32_SP00161" HPOS="1201" VPOS="2227" WIDTH="42"/>
						<String ID="P32_ST00184" HPOS="1243" VPOS="2157" WIDTH="80" HEIGHT="53" CONTENT="les" WC="0.97" CC="340"/>
						<SP ID="P32_SP00162" HPOS="1323" VPOS="2227" WIDTH="41"/>
						<String ID="P32_ST00185" HPOS="1364" VPOS="2155" WIDTH="269" HEIGHT="56" CONTENT="envolées" WC="0.99" CC="05500660"/>
						<SP ID="P32_SP00163" HPOS="1633" VPOS="2227" WIDTH="43"/>
						<String ID="P32_ST00186" HPOS="1676" VPOS="2158" WIDTH="70" HEIGHT="55" CONTENT="de" WC="0.39" CC="65"/>
						<SP ID="P32_SP00164" HPOS="1746" VPOS="2227" WIDTH="41"/>
						<String ID="P32_ST00187" HPOS="1787" VPOS="2157" WIDTH="161" HEIGHT="54" CONTENT="Liszt" WC="0.98" CC="42061"/>
						<SP ID="P32_SP00165" HPOS="1948" VPOS="2227" WIDTH="39"/>
						<String ID="P32_ST00188" HPOS="1987" VPOS="2163" WIDTH="60" HEIGHT="51" CONTENT="et" WC="0.45" CC="73"/>
						<SP ID="P32_SP00166" HPOS="2047" VPOS="2227" WIDTH="57"/>
						<String ID="P32_ST00189" HPOS="2104" VPOS="2160" WIDTH="70" HEIGHT="54" CONTENT="de" WC="1.00" CC="00"/>
						<SP ID="P32_SP00167" HPOS="2174" VPOS="2227" WIDTH="58"/>
						<String ID="P32_ST00190" HPOS="2232" VPOS="2162" WIDTH="78" HEIGHT="53" CONTENT="Ru" SUBS_TYPE="HypPart1" SUBS_CONTENT="Rubinstein" WC="0.71" CC="17"/>
						<HYP HPOS="2310" VPOS="2162" WIDTH="39" CONTENT="-"/>
					</TextLine>
					<TextLine ID="P32_TL00024" HPOS="260" VPOS="2234" WIDTH="2091" HEIGHT="74">
						<String ID="P32_ST00191" HPOS="260" VPOS="2235" WIDTH="258" HEIGHT="58" CONTENT="binstein" SUBS_TYPE="HypPart2" SUBS_CONTENT="Rubinstein" WC="0.60" CC="61727400"/>
						<SP ID="P32_SP00168" HPOS="518" VPOS="2293" WIDTH="38"/>
						<String ID="P32_ST00192" HPOS="556" VPOS="2235" WIDTH="226" HEIGHT="58" CONTENT="étaient" WC="0.98" CC="5504274"/>
						<SP ID="P32_SP00169" HPOS="782" VPOS="2293" WIDTH="43"/>
						<String ID="P32_ST00193" HPOS="825" VPOS="2253" WIDTH="206" HEIGHT="38" CONTENT="encore" WC="0.98" CC="084060"/>
						<SP ID="P32_SP00170" HPOS="1031" VPOS="2293" WIDTH="39"/>
						<String ID="P32_ST00194" HPOS="1070" VPOS="2234" WIDTH="389" HEIGHT="60" CONTENT="fraîchement" WC="0.99" CC="89050750282"/>
						<SP ID="P32_SP00171" HPOS="1459" VPOS="2294" WIDTH="41"/>
						<String ID="P32_ST00195" HPOS="1500" VPOS="2238" WIDTH="208" HEIGHT="70" CONTENT="gravés" WC="0.98" CC="040960"/>
						<SP ID="P32_SP00172" HPOS="1708" VPOS="2308" WIDTH="42"/>
						<String ID="P32_ST00196" HPOS="1750" VPOS="2241" WIDTH="146" HEIGHT="53" CONTENT="dans" WC="0.99" CC="4010"/>
						<SP ID="P32_SP00173" HPOS="1896" VPOS="2308" WIDTH="39"/>
						<String ID="P32_ST00197" HPOS="1935" VPOS="2256" WIDTH="98" HEIGHT="38" CONTENT="ma" WC="0.63" CC="07"/>
						<SP ID="P32_SP00174" HPOS="2033" VPOS="2308" WIDTH="41"/>
						<String ID="P32_ST00198" HPOS="2074" VPOS="2239" WIDTH="277" HEIGHT="57" CONTENT="mémoire" WC="0.98" CC="0477456"/>
					</TextLine>
					<TextLine ID="P32_TL00025" HPOS="263" VPOS="2317" WIDTH="2084" HEIGHT="73">
						<String ID="P32_ST00199" HPOS="263" VPOS="2322" WIDTH="56" HEIGHT="51" CONTENT="et" WC="0.69" CC="60"/>
						<SP ID="P32_SP00175" HPOS="319" VPOS="2373" WIDTH="26"/>
						<String ID="P32_ST00200" HPOS="345" VPOS="2336" WIDTH="123" HEIGHT="38" CONTENT="mes" WC="0.95" CC="057"/>
						<SP ID="P32_SP00176" HPOS="468" VPOS="2374" WIDTH="26"/>
						<String ID="P32_ST00201" HPOS="494" VPOS="2317" WIDTH="311" HEIGHT="57" CONTENT="réflexions" WC="0.99" CC="6611213050"/>
						<SP ID="P32_SP00177" HPOS="805" VPOS="2374" WIDTH="25"/>
						<String ID="P32_ST00202" HPOS="830" VPOS="2318" WIDTH="328" HEIGHT="71" CONTENT="procédant" WC="0.99" CC="004060574"/>
						<SP ID="P32_SP00178" HPOS="1158" VPOS="2389" WIDTH="29"/>
						<String ID="P32_ST00203" HPOS="1187" VPOS="2321" WIDTH="71" HEIGHT="53" CONTENT="de" WC="0.39" CC="74"/>
						<SP ID="P32_SP00179" HPOS="1258" VPOS="2389" WIDTH="30"/>
						<String ID="P32_ST00204" HPOS="1288" VPOS="2318" WIDTH="167" HEIGHT="56" CONTENT="celles" WC="0.98" CC="244460"/>
						<SP ID="P32_SP00180" HPOS="1455" VPOS="2389" WIDTH="31"/>
						<String ID="P32_ST00205" HPOS="1486" VPOS="2321" WIDTH="71" HEIGHT="53" CONTENT="de" WC="0.27" CC="85"/>
						<SP ID="P32_SP00181" HPOS="1557" VPOS="2389" WIDTH="27"/>
						<String ID="P32_ST00206" HPOS="1584" VPOS="2336" WIDTH="92" HEIGHT="37" CONTENT="ces" WC="0.97" CC="160"/>
						<SP ID="P32_SP00182" HPOS="1676" VPOS="2389" WIDTH="29"/>
						<String ID="P32_ST00207" HPOS="1705" VPOS="2321" WIDTH="240" HEIGHT="54" CONTENT="maîtres" WC="0.99" CC="0068500"/>
						<SP ID="P32_SP00183" HPOS="1945" VPOS="2389" WIDTH="23"/>
						<String ID="P32_ST00208" HPOS="1968" VPOS="2319" WIDTH="379" HEIGHT="71" CONTENT="incontestés," WC="0.99" CC="360687306654"/>
					</TextLine>
					<TextLine ID="P32_TL00026" HPOS="261" VPOS="2397" WIDTH="2088" HEIGHT="76">
						<String ID="P32_ST00209" HPOS="261" VPOS="2397" WIDTH="77" HEIGHT="57" CONTENT="lui" WC="0.94" CC="763"/>
						<SP ID="P32_SP00184" HPOS="338" VPOS="2454" WIDTH="39"/>
						<String ID="P32_ST00210" HPOS="377" VPOS="2399" WIDTH="321" HEIGHT="55" CONTENT="révélaient" WC="0.99" CC="6603300546"/>
						<SP ID="P32_SP00185" HPOS="698" VPOS="2454" WIDTH="38"/>
						<String ID="P32_ST00211" HPOS="736" VPOS="2401" WIDTH="101" HEIGHT="54" CONTENT="des" WC="0.99" CC="020"/>
						<SP ID="P32_SP00186" HPOS="837" VPOS="2455" WIDTH="34"/>
						<String ID="P32_ST00212" HPOS="871" VPOS="2398" WIDTH="201" HEIGHT="72" CONTENT="points" WC="0.98" CC="000861"/>
						<SP ID="P32_SP00187" HPOS="1072" VPOS="2470" WIDTH="38"/>
						<String ID="P32_ST00213" HPOS="1110" VPOS="2399" WIDTH="71" HEIGHT="55" CONTENT="de" WC="0.69" CC="06"/>
						<SP ID="P32_SP00188" HPOS="1181" VPOS="2470" WIDTH="34"/>
						<String ID="P32_ST00214" HPOS="1215" VPOS="2416" WIDTH="115" HEIGHT="38" CONTENT="vue" WC="0.95" CC="084"/>
						<SP ID="P32_SP00189" HPOS="1330" VPOS="2470" WIDTH="31"/>
						<String ID="P32_ST00215" HPOS="1361" VPOS="2398" WIDTH="350" HEIGHT="57" CONTENT="inattendus" WC="0.98" CC="4821869670"/>
						<SP ID="P32_SP00190" HPOS="1711" VPOS="2470" WIDTH="38"/>
						<String ID="P32_ST00216" HPOS="1749" VPOS="2402" WIDTH="138" HEIGHT="54" CONTENT="d'où" WC="0.96" CC="0097"/>
						<SP ID="P32_SP00191" HPOS="1887" VPOS="2470" WIDTH="28"/>
						<String ID="P32_ST00217" HPOS="1915" VPOS="2399" WIDTH="44" HEIGHT="55" CONTENT="il" WC="0.33" CC="66"/>
						<SP ID="P32_SP00192" HPOS="1959" VPOS="2470" WIDTH="26"/>
						<String ID="P32_ST00218" HPOS="1985" VPOS="2402" WIDTH="203" HEIGHT="71" CONTENT="voyait" WC="0.97" CC="074849"/>
						<SP ID="P32_SP00193" HPOS="2188" VPOS="2473" WIDTH="27"/>
						<String ID="P32_ST00219" HPOS="2215" VPOS="2420" WIDTH="134" HEIGHT="38" CONTENT="sous" WC="0.95" CC="5774"/>
					</TextLine>
					<TextLine ID="P32_TL00027" HPOS="263" VPOS="2479" WIDTH="2086" HEIGHT="73">
						<String ID="P32_ST00220" HPOS="263" VPOS="2498" WIDTH="77" HEIGHT="37" CONTENT="un" WC="0.32" CC="76"/>
						<SP ID="P32_SP00194" HPOS="340" VPOS="2535" WIDTH="40"/>
						<String ID="P32_ST00221" HPOS="380" VPOS="2481" WIDTH="168" HEIGHT="71" CONTENT="angle" WC="0.97" CC="08941"/>
						<SP ID="P32_SP00195" HPOS="548" VPOS="2552" WIDTH="39"/>
						<String ID="P32_ST00222" HPOS="587" VPOS="2483" WIDTH="137" HEIGHT="51" CONTENT="tout" WC="0.94" CC="7568"/>
						<SP ID="P32_SP00196" HPOS="724" VPOS="2552" WIDTH="43"/>
						<String ID="P32_ST00223" HPOS="767" VPOS="2497" WIDTH="274" HEIGHT="38" CONTENT="nouveau" WC="0.98" CC="6070087"/>
						<SP ID="P32_SP00197" HPOS="1041" VPOS="2552" WIDTH="40"/>
						<String ID="P32_ST00224" HPOS="1081" VPOS="2479" WIDTH="82" HEIGHT="54" CONTENT="les" WC="0.95" CC="770"/>
						<SP ID="P32_SP00198" HPOS="1163" VPOS="2552" WIDTH="42"/>
						<String ID="P32_ST00225" HPOS="1205" VPOS="2496" WIDTH="315" HEIGHT="39" CONTENT="morceaux" WC="0.98" CC="59003075"/>
						<SP ID="P32_SP00199" HPOS="1520" VPOS="2552" WIDTH="39"/>
						<String ID="P32_ST00226" HPOS="1559" VPOS="2479" WIDTH="84" HEIGHT="55" CONTENT="les" WC="0.95" CC="453"/>
						<SP ID="P32_SP00200" HPOS="1643" VPOS="2552" WIDTH="38"/>
						<String ID="P32_ST00227" HPOS="1681" VPOS="2481" WIDTH="134" HEIGHT="71" CONTENT="plus" WC="0.97" CC="0572"/>
						<SP ID="P32_SP00201" HPOS="1815" VPOS="2552" WIDTH="40"/>
						<String ID="P32_ST00228" HPOS="1855" VPOS="2479" WIDTH="237" HEIGHT="57" CONTENT="anciens" WC="0.98" CC="7704670"/>
						<SP ID="P32_SP00202" HPOS="2092" VPOS="2552" WIDTH="43"/>
						<String ID="P32_ST00229" HPOS="2135" VPOS="2484" WIDTH="70" HEIGHT="54" CONTENT="de" WC="0.16" CC="97"/>
						<SP ID="P32_SP00203" HPOS="2205" VPOS="2552" WIDTH="39"/>
						<String ID="P32_ST00230" HPOS="2244" VPOS="2500" WIDTH="105" HEIGHT="38" CONTENT="son" WC="0.94" CC="078"/>
					</TextLine>
					<TextLine ID="P32_TL00028" HPOS="263" VPOS="2559" WIDTH="2085" HEIGHT="75">
						<String ID="P32_ST00231" HPOS="263" VPOS="2561" WIDTH="332" HEIGHT="71" CONTENT="répertoire," WC="0.99" CC="65836064504"/>
						<SP ID="P32_SP00204" HPOS="595" VPOS="2632" WIDTH="78"/>
						<String ID="P32_ST00232" HPOS="673" VPOS="2563" WIDTH="61" HEIGHT="55" CONTENT="et" WC="0.84" CC="30"/>
						<SP ID="P32_SP00205" HPOS="734" VPOS="2632" WIDTH="75"/>
						<String ID="P32_ST00233" HPOS="809" VPOS="2559" WIDTH="190" HEIGHT="60" CONTENT="même" WC="0.98" CC="0205"/>
						<SP ID="P32_SP00206" HPOS="999" VPOS="2632" WIDTH="73"/>
						<String ID="P32_ST00234" HPOS="1072" VPOS="2577" WIDTH="90" HEIGHT="39" CONTENT="ses" WC="0.99" CC="100"/>
						<SP ID="P32_SP00207" HPOS="1162" VPOS="2632" WIDTH="84"/>
						<String ID="P32_ST00235" HPOS="1246" VPOS="2577" WIDTH="241" HEIGHT="56" CONTENT="propres" WC="0.98" CC="0009850"/>
						<SP ID="P32_SP00208" HPOS="1487" VPOS="2633" WIDTH="69"/>
						<String ID="P32_ST00236" HPOS="1556" VPOS="2561" WIDTH="438" HEIGHT="72" CONTENT="compositions." WC="0.99" CC="0700502739800"/>
						<SP ID="P32_SP00209" HPOS="1994" VPOS="2633" WIDTH="59"/>
						<String ID="P32_ST00237" HPOS="2053" VPOS="2563" WIDTH="295" HEIGHT="71" CONTENT="J'attirais" WC="0.99" CC="0400968930"/>
					</TextLine>
					<TextLine ID="P32_TL00029" HPOS="263" VPOS="2641" WIDTH="2086" HEIGHT="73">
						<String ID="P32_ST00238" HPOS="263" VPOS="2657" WIDTH="101" HEIGHT="41" CONTENT="son" WC="0.97" CC="044"/>
						<SP ID="P32_SP00210" HPOS="364" VPOS="2698" WIDTH="50"/>
						<String ID="P32_ST00239" HPOS="414" VPOS="2641" WIDTH="302" HEIGHT="58" CONTENT="attention" WC="0.99" CC="038280107"/>
						<SP ID="P32_SP00211" HPOS="716" VPOS="2699" WIDTH="51"/>
						<String ID="P32_ST00240" HPOS="767" VPOS="2658" WIDTH="98" HEIGHT="37" CONTENT="sur" WC="0.97" CC="070"/>
						<SP ID="P32_SP00212" HPOS="865" VPOS="2699" WIDTH="52"/>
						<String ID="P32_ST00241" HPOS="917" VPOS="2642" WIDTH="81" HEIGHT="53" CONTENT="les" WC="0.96" CC="730"/>
						<SP ID="P32_SP00213" HPOS="998" VPOS="2699" WIDTH="67"/>
						<String ID="P32_ST00242" HPOS="1065" VPOS="2641" WIDTH="173" HEIGHT="55" CONTENT="effets" WC="0.97" CC="667350"/>
						<SP ID="P32_SP00214" HPOS="1238" VPOS="2699" WIDTH="67"/>
						<String ID="P32_ST00243" HPOS="1305" VPOS="2661" WIDTH="115" HEIGHT="52" CONTENT="que" WC="0.96" CC="083"/>
						<SP ID="P32_SP00215" HPOS="1420" VPOS="2713" WIDTH="81"/>
						<String ID="P32_ST00244" HPOS="1501" VPOS="2642" WIDTH="121" HEIGHT="54" CONTENT="l'on" WC="0.96" CC="5452"/>
						<SP ID="P32_SP00216" HPOS="1622" VPOS="2713" WIDTH="64"/>
						<String ID="P32_ST00245" HPOS="1686" VPOS="2643" WIDTH="253" HEIGHT="70" CONTENT="obtient," WC="0.98" CC="79002714"/>
						<SP ID="P32_SP00217" HPOS="1939" VPOS="2713" WIDTH="69"/>
						<String ID="P32_ST00246" HPOS="2008" VPOS="2646" WIDTH="202" HEIGHT="68" CONTENT="quand" WC="0.98" CC="07080"/>
						<SP ID="P32_SP00218" HPOS="2210" VPOS="2714" WIDTH="62"/>
						<String ID="P32_ST00247" HPOS="2272" VPOS="2662" WIDTH="77" HEIGHT="37" CONTENT="on" WC="0.28" CC="76"/>
					</TextLine>
					<TextLine ID="P32_TL00030" HPOS="264" VPOS="2723" WIDTH="2084" HEIGHT="72">
						<String ID="P32_ST00248" HPOS="264" VPOS="2723" WIDTH="349" HEIGHT="55" CONTENT="reconstruit" WC="0.99" CC="65006088704"/>
						<SP ID="P32_SP00219" HPOS="613" VPOS="2778" WIDTH="61"/>
						<String ID="P32_ST00249" HPOS="674" VPOS="2741" WIDTH="83" HEIGHT="37" CONTENT="un" WC="0.38" CC="74"/>
						<SP ID="P32_SP00220" HPOS="757" VPOS="2778" WIDTH="59"/>
						<String ID="P32_ST00250" HPOS="816" VPOS="2738" WIDTH="294" HEIGHT="52" CONTENT="morceau," WC="0.99" CC="00304074"/>
						<SP ID="P32_SP00221" HPOS="1110" VPOS="2790" WIDTH="63"/>
						<String ID="P32_ST00251" HPOS="1173" VPOS="2738" WIDTH="226" HEIGHT="38" CONTENT="comme" WC="0.99" CC="16000"/>
						<SP ID="P32_SP00222" HPOS="1399" VPOS="2790" WIDTH="60"/>
						<String ID="P32_ST00252" HPOS="1459" VPOS="2741" WIDTH="84" HEIGHT="35" CONTENT="un" WC="0.58" CC="70"/>
						<SP ID="P32_SP00223" HPOS="1543" VPOS="2790" WIDTH="56"/>
						<String ID="P32_ST00253" HPOS="1599" VPOS="2727" WIDTH="137" HEIGHT="49" CONTENT="tout" WC="0.96" CC="3670"/>
						<SP ID="P32_SP00224" HPOS="1736" VPOS="2790" WIDTH="62"/>
						<String ID="P32_ST00254" HPOS="1798" VPOS="2723" WIDTH="340" HEIGHT="72" CONTENT="organique," WC="0.98" CC="6790740764"/>
						<SP ID="P32_SP00225" HPOS="2138" VPOS="2795" WIDTH="42"/>
						<String ID="P32_ST00255" HPOS="2180" VPOS="2724" WIDTH="168" HEIGHT="70" CONTENT="après" WC="0.98" CC="00870"/>
					</TextLine>
					<TextLine ID="P32_TL00031" HPOS="263" VPOS="2802" WIDTH="2085" HEIGHT="74">
						<String ID="P32_ST00256" HPOS="263" VPOS="2802" WIDTH="204" HEIGHT="56" CONTENT="l'avoir" WC="0.98" CC="7307560"/>
						<SP ID="P32_SP00226" HPOS="467" VPOS="2858" WIDTH="43"/>
						<String ID="P32_ST00257" HPOS="510" VPOS="2802" WIDTH="271" HEIGHT="74" CONTENT="disséqué" WC="0.98" CC="62501273"/>
						<SP ID="P32_SP00227" HPOS="781" VPOS="2876" WIDTH="39"/>
						<String ID="P32_ST00258" HPOS="820" VPOS="2808" WIDTH="137" HEIGHT="51" CONTENT="tant" WC="0.97" CC="7005"/>
						<SP ID="P32_SP00228" HPOS="957" VPOS="2876" WIDTH="44"/>
						<String ID="P32_ST00259" HPOS="1001" VPOS="2821" WIDTH="135" HEIGHT="37" CONTENT="sous" WC="0.97" CC="0680"/>
						<SP ID="P32_SP00229" HPOS="1136" VPOS="2876" WIDTH="42"/>
						<String ID="P32_ST00260" HPOS="1178" VPOS="2804" WIDTH="52" HEIGHT="55" CONTENT="le" WC="0.99" CC="00"/>
						<SP ID="P32_SP00230" HPOS="1230" VPOS="2876" WIDTH="42"/>
						<String ID="P32_ST00261" HPOS="1272" VPOS="2808" WIDTH="244" HEIGHT="68" CONTENT="rapport" WC="0.98" CC="7400750"/>
						<SP ID="P32_SP00231" HPOS="1516" VPOS="2876" WIDTH="46"/>
						<String ID="P32_ST00262" HPOS="1562" VPOS="2806" WIDTH="102" HEIGHT="54" CONTENT="des" WC="1.00" CC="010"/>
						<SP ID="P32_SP00232" HPOS="1664" VPOS="2876" WIDTH="35"/>
						<String ID="P32_ST00263" HPOS="1699" VPOS="2803" WIDTH="161" HEIGHT="57" CONTENT="idées" WC="0.98" CC="50206"/>
						<SP ID="P32_SP00233" HPOS="1860" VPOS="2876" WIDTH="42"/>
						<String ID="P32_ST00264" HPOS="1902" VPOS="2808" WIDTH="59" HEIGHT="51" CONTENT="et" WC="0.80" CC="30"/>
						<SP ID="P32_SP00234" HPOS="1961" VPOS="2876" WIDTH="45"/>
						<String ID="P32_ST00265" HPOS="2006" VPOS="2806" WIDTH="98" HEIGHT="54" CONTENT="des" WC="0.98" CC="021"/>
						<SP ID="P32_SP00235" HPOS="2104" VPOS="2876" WIDTH="42"/>
						<String ID="P32_ST00266" HPOS="2146" VPOS="2803" WIDTH="202" HEIGHT="60" CONTENT="motifs" WC="0.97" CC="952680"/>
					</TextLine>
					<TextLine ID="P32_TL00032" HPOS="265" VPOS="2884" WIDTH="2082" HEIGHT="70">
						<String ID="P32_ST00267" HPOS="265" VPOS="2900" WIDTH="108" HEIGHT="54" CONTENT="que" WC="0.94" CC="374"/>
						<SP ID="P32_SP00236" HPOS="373" VPOS="2954" WIDTH="37"/>
						<String ID="P32_ST00268" HPOS="410" VPOS="2903" WIDTH="136" HEIGHT="37" CONTENT="sous" WC="0.98" CC="0070"/>
						<SP ID="P32_SP00237" HPOS="546" VPOS="2954" WIDTH="39"/>
						<String ID="P32_ST00269" HPOS="585" VPOS="2884" WIDTH="146" HEIGHT="56" CONTENT="celui" WC="0.98" CC="32170"/>
						<SP ID="P32_SP00238" HPOS="731" VPOS="2954" WIDTH="45"/>
						<String ID="P32_ST00270" HPOS="776" VPOS="2887" WIDTH="70" HEIGHT="53" CONTENT="de" WC="0.41" CC="46"/>
						<SP ID="P32_SP00239" HPOS="846" VPOS="2954" WIDTH="39"/>
						<String ID="P32_ST00271" HPOS="885" VPOS="2902" WIDTH="107" HEIGHT="37" CONTENT="son" WC="0.95" CC="066"/>
						<SP ID="P32_SP00240" HPOS="992" VPOS="2954" WIDTH="39"/>
						<String ID="P32_ST00272" HPOS="1031" VPOS="2889" WIDTH="249" HEIGHT="51" CONTENT="contour" WC="0.98" CC="0984074"/>
						<SP ID="P32_SP00241" HPOS="1280" VPOS="2954" WIDTH="42"/>
						<String ID="P32_ST00273" HPOS="1322" VPOS="2886" WIDTH="373" HEIGHT="57" CONTENT="d'ensemble." WC="0.99" CC="33080609050"/>
						<SP ID="P32_SP00242" HPOS="1695" VPOS="2954" WIDTH="45"/>
						<String ID="P32_ST00274" HPOS="1740" VPOS="2886" WIDTH="269" HEIGHT="56" CONTENT="Pendant" WC="0.98" CC="6480058"/>
						<SP ID="P32_SP00243" HPOS="2009" VPOS="2954" WIDTH="38"/>
						<String ID="P32_ST00275" HPOS="2047" VPOS="2884" WIDTH="57" HEIGHT="55" CONTENT="la" WC="1.00" CC="00"/>
						<SP ID="P32_SP00244" HPOS="2104" VPOS="2954" WIDTH="37"/>
						<String ID="P32_ST00276" HPOS="2141" VPOS="2886" WIDTH="172" HEIGHT="68" CONTENT="prépa" SUBS_TYPE="HypPart1" SUBS_CONTENT="préparation" WC="0.97" CC="09299"/>
						<HYP HPOS="2313" VPOS="2886" WIDTH="34" CONTENT="-"/>
					</TextLine>
					<TextLine ID="P32_TL00033" HPOS="263" VPOS="2963" WIDTH="2084" HEIGHT="74">
						<String ID="P32_ST00277" HPOS="263" VPOS="2963" WIDTH="190" HEIGHT="57" CONTENT="ration" SUBS_TYPE="HypPart2" SUBS_CONTENT="préparation" WC="0.98" CC="207450"/>
						<SP ID="P32_SP00245" HPOS="453" VPOS="3020" WIDTH="38"/>
						<String ID="P32_ST00278" HPOS="491" VPOS="2967" WIDTH="70" HEIGHT="53" CONTENT="de" WC="0.71" CC="05"/>
						<SP ID="P32_SP00246" HPOS="561" VPOS="3020" WIDTH="36"/>
						<String ID="P32_ST00279" HPOS="597" VPOS="2982" WIDTH="89" HEIGHT="38" CONTENT="ses" WC="1.00" CC="000"/>
						<SP ID="P32_SP00247" HPOS="686" VPOS="3020" WIDTH="35"/>
						<String ID="P32_ST00280" HPOS="721" VPOS="2982" WIDTH="419" HEIGHT="55" CONTENT="programmes," WC="0.98" CC="09600899564"/>
						<SP ID="P32_SP00248" HPOS="1140" VPOS="3037" WIDTH="38"/>
						<String ID="P32_ST00281" HPOS="1178" VPOS="2966" WIDTH="56" HEIGHT="70" CONTENT="je" WC="0.38" CC="84"/>
						<SP ID="P32_SP00249" HPOS="1234" VPOS="3037" WIDTH="38"/>
						<String ID="P32_ST00282" HPOS="1272" VPOS="2963" WIDTH="374" HEIGHT="73" CONTENT="m'occupais," WC="0.99" CC="00661799002"/>
						<SP ID="P32_SP00250" HPOS="1646" VPOS="3037" WIDTH="25"/>
						<String ID="P32_ST00283" HPOS="1671" VPOS="2983" WIDTH="76" HEIGHT="36" CONTENT="au" WC="0.62" CC="07"/>
						<SP ID="P32_SP00251" HPOS="1747" VPOS="3037" WIDTH="35"/>
						<String ID="P32_ST00284" HPOS="1782" VPOS="2963" WIDTH="308" HEIGHT="70" CONTENT="contraire," WC="0.98" CC="5677240864"/>
						<SP ID="P32_SP00252" HPOS="2090" VPOS="3037" WIDTH="38"/>
						<String ID="P32_ST00285" HPOS="2128" VPOS="2963" WIDTH="188" HEIGHT="71" CONTENT="spécia" SUBS_TYPE="HypPart1" SUBS_CONTENT="spécialement" WC="0.98" CC="096079"/>
						<HYP HPOS="2316" VPOS="2963" WIDTH="31" CONTENT="-"/>
					</TextLine>
					<TextLine ID="P32_TL00034" HPOS="264" VPOS="3043" WIDTH="2084" HEIGHT="71">
						<String ID="P32_ST00286" HPOS="264" VPOS="3043" WIDTH="215" HEIGHT="61" CONTENT="lement" SUBS_TYPE="HypPart2" SUBS_CONTENT="spécialement" WC="0.97" CC="759040"/>
						<SP ID="P32_SP00253" HPOS="479" VPOS="3104" WIDTH="45"/>
						<String ID="P32_ST00287" HPOS="524" VPOS="3048" WIDTH="101" HEIGHT="54" CONTENT="des" WC="1.00" CC="000"/>
						<SP ID="P32_SP00254" HPOS="625" VPOS="3104" WIDTH="42"/>
						<String ID="P32_ST00288" HPOS="667" VPOS="3063" WIDTH="259" HEIGHT="39" CONTENT="nuances" WC="0.97" CC="8866370"/>
						<SP ID="P32_SP00255" HPOS="926" VPOS="3104" WIDTH="42"/>
						<String ID="P32_ST00289" HPOS="968" VPOS="3052" WIDTH="58" HEIGHT="48" CONTENT="et" WC="0.69" CC="60"/>
						<SP ID="P32_SP00256" HPOS="1026" VPOS="3104" WIDTH="48"/>
						<String ID="P32_ST00290" HPOS="1074" VPOS="3047" WIDTH="101" HEIGHT="55" CONTENT="des" WC="0.98" CC="005"/>
						<SP ID="P32_SP00257" HPOS="1175" VPOS="3104" WIDTH="40"/>
						<String ID="P32_ST00291" HPOS="1215" VPOS="3051" WIDTH="431" HEIGHT="63" CONTENT="mouvements," WC="0.98" CC="90807958804"/>
						<SP ID="P32_SP00258" HPOS="1646" VPOS="3114" WIDTH="43"/>
						<String ID="P32_ST00292" HPOS="1689" VPOS="3065" WIDTH="74" HEIGHT="35" CONTENT="en" WC="0.39" CC="47"/>
						<SP ID="P32_SP00259" HPOS="1763" VPOS="3114" WIDTH="40"/>
						<String ID="P32_ST00293" HPOS="1803" VPOS="3046" WIDTH="81" HEIGHT="54" CONTENT="lui" WC="0.95" CC="372"/>
						<SP ID="P32_SP00260" HPOS="1884" VPOS="3114" WIDTH="47"/>
						<String ID="P32_ST00294" HPOS="1931" VPOS="3044" WIDTH="219" HEIGHT="56" CONTENT="faisant" WC="0.99" CC="2030006"/>
						<SP ID="P32_SP00261" HPOS="2150" VPOS="3114" WIDTH="43"/>
						<String ID="P32_ST00295" HPOS="2193" VPOS="3062" WIDTH="117" HEIGHT="37" CONTENT="com" SUBS_TYPE="HypPart1" SUBS_CONTENT="comprendre" WC="0.95" CC="669"/>
						<HYP HPOS="2310" VPOS="3062" WIDTH="38" CONTENT="-"/>
					</TextLine>
					<TextLine ID="P32_TL00035" HPOS="263" VPOS="3124" WIDTH="2084" HEIGHT="74">
						<String ID="P32_ST00296" HPOS="263" VPOS="3130" WIDTH="242" HEIGHT="66" CONTENT="prendre" SUBS_TYPE="HypPart2" SUBS_CONTENT="comprendre" WC="0.97" CC="9978070"/>
						<SP ID="P32_SP00262" HPOS="505" VPOS="3196" WIDTH="26"/>
						<String ID="P32_ST00297" HPOS="531" VPOS="3128" WIDTH="218" HEIGHT="70" CONTENT="qu'une" WC="0.97" CC="770745"/>
						<SP ID="P32_SP00263" HPOS="749" VPOS="3198" WIDTH="23"/>
						<String ID="P32_ST00298" HPOS="772" VPOS="3126" WIDTH="260" HEIGHT="56" CONTENT="certaine" WC="0.97" CC="16969484"/>
						<SP ID="P32_SP00264" HPOS="1032" VPOS="3198" WIDTH="27"/>
						<String ID="P32_ST00299" HPOS="1059" VPOS="3126" WIDTH="347" HEIGHT="71" CONTENT="brusquerie" WC="0.99" CC="9073070226"/>
						<SP ID="P32_SP00265" HPOS="1406" VPOS="3198" WIDTH="30"/>
						<String ID="P32_ST00300" HPOS="1436" VPOS="3131" WIDTH="88" HEIGHT="51" CONTENT="est" WC="0.99" CC="200"/>
						<SP ID="P32_SP00266" HPOS="1524" VPOS="3198" WIDTH="28"/>
						<String ID="P32_ST00301" HPOS="1552" VPOS="3130" WIDTH="251" HEIGHT="50" CONTENT="souvent" WC="0.98" CC="1570367"/>
						<SP ID="P32_SP00267" HPOS="1803" VPOS="3198" WIDTH="32"/>
						<String ID="P32_ST00302" HPOS="1835" VPOS="3126" WIDTH="34" HEIGHT="53" CONTENT="à" WC="0.78" CC="2"/>
						<SP ID="P32_SP00268" HPOS="1869" VPOS="3198" WIDTH="26"/>
						<String ID="P32_ST00303" HPOS="1895" VPOS="3143" WIDTH="64" HEIGHT="37" CONTENT="sa" WC="1.00" CC="00"/>
						<SP ID="P32_SP00269" HPOS="1959" VPOS="3198" WIDTH="36"/>
						<String ID="P32_ST00304" HPOS="1995" VPOS="3124" WIDTH="165" HEIGHT="73" CONTENT="place" WC="0.98" CC="01725"/>
						<SP ID="P32_SP00270" HPOS="2160" VPOS="3198" WIDTH="33"/>
						<String ID="P32_ST00305" HPOS="2193" VPOS="3126" WIDTH="33" HEIGHT="52" CONTENT="à" WC="0.38" CC="6"/>
						<SP ID="P32_SP00271" HPOS="2226" VPOS="3198" WIDTH="28"/>
						<String ID="P32_ST00306" HPOS="2254" VPOS="3130" WIDTH="93" HEIGHT="50" CONTENT="cet" WC="0.96" CC="190"/>
					</TextLine>
					<TextLine ID="P32_TL00036" HPOS="263" VPOS="3204" WIDTH="2083" HEIGHT="74">
						<String ID="P32_ST00307" HPOS="263" VPOS="3207" WIDTH="193" HEIGHT="71" CONTENT="égard," WC="0.98" CC="707504"/>
						<SP ID="P32_SP00272" HPOS="456" VPOS="3278" WIDTH="48"/>
						<String ID="P32_ST00308" HPOS="504" VPOS="3212" WIDTH="236" HEIGHT="52" CONTENT="surtout" WC="0.98" CC="0657760"/>
						<SP ID="P32_SP00273" HPOS="740" VPOS="3278" WIDTH="50"/>
						<String ID="P32_ST00309" HPOS="790" VPOS="3208" WIDTH="139" HEIGHT="55" CONTENT="chez" WC="0.96" CC="0767"/>
						<SP ID="P32_SP00274" HPOS="929" VPOS="3278" WIDTH="47"/>
						<String ID="P32_ST00310" HPOS="976" VPOS="3208" WIDTH="361" HEIGHT="54" CONTENT="Beethoven." WC="0.98" CC="4267775272"/>
						<SP ID="P32_SP00275" HPOS="1337" VPOS="3278" WIDTH="53"/>
						<String ID="P32_ST00311" HPOS="1390" VPOS="3206" WIDTH="149" HEIGHT="54" CONTENT="Chez" WC="0.97" CC="1705"/>
						<SP ID="P32_SP00276" HPOS="1539" VPOS="3278" WIDTH="50"/>
						<String ID="P32_ST00312" HPOS="1589" VPOS="3206" WIDTH="182" HEIGHT="68" CONTENT="Bach," WC="0.97" CC="50674"/>
						<SP ID="P32_SP00277" HPOS="1771" VPOS="3278" WIDTH="25"/>
						<String ID="P32_ST00313" HPOS="1796" VPOS="3206" WIDTH="44" HEIGHT="53" CONTENT="il" WC="0.82" CC="02"/>
						<SP ID="P32_SP00278" HPOS="1840" VPOS="3278" WIDTH="44"/>
						<String ID="P32_ST00314" HPOS="1884" VPOS="3211" WIDTH="88" HEIGHT="51" CONTENT="est" WC="0.95" CC="507"/>
						<SP ID="P32_SP00279" HPOS="1972" VPOS="3278" WIDTH="43"/>
						<String ID="P32_ST00315" HPOS="2015" VPOS="3204" WIDTH="331" HEIGHT="74" CONTENT="important" WC="0.99" CC="309086070"/>
					</TextLine>
					<TextLine ID="P32_TL00037" HPOS="268" VPOS="3286" WIDTH="2078" HEIGHT="68">
						<String ID="P32_ST00316" HPOS="268" VPOS="3287" WIDTH="65" HEIGHT="55" CONTENT="de" WC="0.22" CC="86"/>
						<SP ID="P32_SP00280" HPOS="333" VPOS="3342" WIDTH="35"/>
						<String ID="P32_ST00317" HPOS="368" VPOS="3287" WIDTH="314" HEIGHT="57" CONTENT="s'abstenir" WC="0.99" CC="0305004755"/>
						<SP ID="P32_SP00281" HPOS="682" VPOS="3344" WIDTH="38"/>
						<String ID="P32_ST00318" HPOS="720" VPOS="3286" WIDTH="100" HEIGHT="58" CONTENT="des" WC="0.95" CC="830"/>
						<SP ID="P32_SP00282" HPOS="820" VPOS="3344" WIDTH="38"/>
						<String ID="P32_ST00319" HPOS="858" VPOS="3309" WIDTH="22" HEIGHT="28" CONTENT="«" WC="1.00" CC="0"/>
						<SP ID="P32_SP00283" HPOS="880" VPOS="3344" WIDTH="24"/>
						<String ID="P32_ST00320" HPOS="904" VPOS="3288" WIDTH="310" HEIGHT="54" CONTENT="crescendo" WC="0.99" CC="056030866"/>
						<SP ID="P32_SP00284" HPOS="1214" VPOS="3344" WIDTH="24"/>
						<String ID="P32_ST00321" HPOS="1238" VPOS="3307" WIDTH="20" HEIGHT="28" CONTENT="»" WC="0.65" CC="3"/>
						<SP ID="P32_SP00285" HPOS="1258" VPOS="3344" WIDTH="37"/>
						<String ID="P32_ST00322" HPOS="1295" VPOS="3291" WIDTH="59" HEIGHT="51" CONTENT="et" WC="0.31" CC="67"/>
						<SP ID="P32_SP00286" HPOS="1354" VPOS="3344" WIDTH="40"/>
						<String ID="P32_ST00323" HPOS="1394" VPOS="3286" WIDTH="101" HEIGHT="54" CONTENT="des" WC="0.97" CC="051"/>
						<SP ID="P32_SP00287" HPOS="1495" VPOS="3344" WIDTH="36"/>
						<String ID="P32_ST00324" HPOS="1531" VPOS="3306" WIDTH="22" HEIGHT="28" CONTENT="«" WC="1.00" CC="0"/>
						<SP ID="P32_SP00288" HPOS="1553" VPOS="3344" WIDTH="25"/>
						<String ID="P32_ST00325" HPOS="1578" VPOS="3287" WIDTH="381" HEIGHT="55" CONTENT="decrescendo" WC="0.99" CC="36460104806"/>
						<SP ID="P32_SP00289" HPOS="1959" VPOS="3344" WIDTH="26"/>
						<String ID="P32_ST00326" HPOS="1985" VPOS="3306" WIDTH="40" HEIGHT="48" CONTENT="»," WC="0.78" CC="04"/>
						<SP ID="P32_SP00290" HPOS="2025" VPOS="3354" WIDTH="40"/>
						<String ID="P32_ST00327" HPOS="2065" VPOS="3303" WIDTH="96" HEIGHT="37" CONTENT="car" WC="0.98" CC="004"/>
						<SP ID="P32_SP00291" HPOS="2161" VPOS="3354" WIDTH="41"/>
						<String ID="P32_ST00328" HPOS="2202" VPOS="3287" WIDTH="144" HEIGHT="53" CONTENT="dans" WC="0.96" CC="7085"/>
					</TextLine>
					<TextLine ID="P32_TL00038" HPOS="264" VPOS="3364" WIDTH="2082" HEIGHT="74">
						<String ID="P32_ST00329" HPOS="264" VPOS="3385" WIDTH="85" HEIGHT="37" CONTENT="ses" WC="0.95" CC="066"/>
						<SP ID="P32_SP00292" HPOS="349" VPOS="3422" WIDTH="38"/>
						<String ID="P32_ST00330" HPOS="387" VPOS="3387" WIDTH="315" HEIGHT="37" CONTENT="morceaux" WC="0.99" CC="40000070"/>
						<SP ID="P32_SP00293" HPOS="702" VPOS="3424" WIDTH="36"/>
						<String ID="P32_ST00331" HPOS="738" VPOS="3368" WIDTH="217" HEIGHT="56" CONTENT="formés" WC="0.99" CC="703040"/>
						<SP ID="P32_SP00294" HPOS="955" VPOS="3424" WIDTH="40"/>
						<String ID="P32_ST00332" HPOS="995" VPOS="3370" WIDTH="70" HEIGHT="53" CONTENT="de" WC="0.80" CC="30"/>
						<SP ID="P32_SP00295" HPOS="1065" VPOS="3424" WIDTH="38"/>
						<String ID="P32_ST00333" HPOS="1103" VPOS="3368" WIDTH="162" HEIGHT="54" CONTENT="blocs" WC="0.97" CC="64740"/>
						<SP ID="P32_SP00296" HPOS="1265" VPOS="3424" WIDTH="42"/>
						<String ID="P32_ST00334" HPOS="1307" VPOS="3368" WIDTH="68" HEIGHT="54" CONTENT="de" WC="0.78" CC="04"/>
						<SP ID="P32_SP00297" HPOS="1375" VPOS="3424" WIDTH="40"/>
						<String ID="P32_ST00335" HPOS="1415" VPOS="3386" WIDTH="22" HEIGHT="29" CONTENT="«" WC="1.00" CC="0"/>
						<SP ID="P32_SP00298" HPOS="1437" VPOS="3424" WIDTH="37"/>
						<String ID="P32_ST00336" HPOS="1474" VPOS="3364" WIDTH="153" HEIGHT="58" CONTENT="forte" WC="0.97" CC="40780"/>
						<SP ID="P32_SP00299" HPOS="1627" VPOS="3424" WIDTH="39"/>
						<String ID="P32_ST00337" HPOS="1666" VPOS="3387" WIDTH="22" HEIGHT="28" CONTENT="»" WC="1.00" CC="0"/>
						<SP ID="P32_SP00300" HPOS="1688" VPOS="3424" WIDTH="52"/>
						<String ID="P32_ST00338" HPOS="1740" VPOS="3372" WIDTH="59" HEIGHT="50" CONTENT="et" WC="0.84" CC="30"/>
						<SP ID="P32_SP00301" HPOS="1799" VPOS="3424" WIDTH="51"/>
						<String ID="P32_ST00339" HPOS="1850" VPOS="3368" WIDTH="70" HEIGHT="54" CONTENT="de" WC="0.71" CC="05"/>
						<SP ID="P32_SP00302" HPOS="1920" VPOS="3424" WIDTH="53"/>
						<String ID="P32_ST00340" HPOS="1973" VPOS="3387" WIDTH="23" HEIGHT="30" CONTENT="«" WC="1.00" CC="0"/>
						<SP ID="P32_SP00303" HPOS="1996" VPOS="3424" WIDTH="36"/>
						<String ID="P32_ST00341" HPOS="2032" VPOS="3366" WIDTH="179" HEIGHT="72" CONTENT="piano" WC="0.98" CC="03380"/>
						<SP ID="P32_SP00304" HPOS="2211" VPOS="3438" WIDTH="39"/>
						<String ID="P32_ST00342" HPOS="2250" VPOS="3387" WIDTH="22" HEIGHT="28" CONTENT="»" WC="0.94" CC="0"/>
						<SP ID="P32_SP00305" HPOS="2272" VPOS="3438" WIDTH="32"/>
						<String ID="P32_ST00343" HPOS="2304" VPOS="3367" WIDTH="42" HEIGHT="53" CONTENT="il" WC="0.71" CC="40"/>
					</TextLine>
					<TextLine ID="P32_TL00039" HPOS="264" VPOS="3444" WIDTH="1698" HEIGHT="78">
						<String ID="P32_ST00344" HPOS="264" VPOS="3447" WIDTH="99" HEIGHT="71" CONTENT="n'y" WC="0.93" CC="647"/>
						<SP ID="P32_SP00306" HPOS="363" VPOS="3518" WIDTH="37"/>
						<String ID="P32_ST00345" HPOS="400" VPOS="3467" WIDTH="33" HEIGHT="36" CONTENT="a" WC="0.70" CC="2"/>
						<SP ID="P32_SP00307" HPOS="433" VPOS="3518" WIDTH="39"/>
						<String ID="P32_ST00346" HPOS="472" VPOS="3452" WIDTH="70" HEIGHT="55" CONTENT="de" WC="0.67" CC="06"/>
						<SP ID="P32_SP00308" HPOS="542" VPOS="3518" WIDTH="37"/>
						<String ID="P32_ST00347" HPOS="579" VPOS="3450" WIDTH="166" HEIGHT="71" CONTENT="place" WC="0.97" CC="02942"/>
						<SP ID="P32_SP00309" HPOS="745" VPOS="3521" WIDTH="37"/>
						<String ID="P32_ST00348" HPOS="782" VPOS="3467" WIDTH="114" HEIGHT="55" CONTENT="que" WC="0.92" CC="973"/>
						<SP ID="P32_SP00310" HPOS="896" VPOS="3522" WIDTH="36"/>
						<String ID="P32_ST00349" HPOS="932" VPOS="3465" WIDTH="149" HEIGHT="56" CONTENT="pour" WC="0.97" CC="0670"/>
						<SP ID="P32_SP00311" HPOS="1081" VPOS="3522" WIDTH="35"/>
						<String ID="P32_ST00350" HPOS="1116" VPOS="3448" WIDTH="83" HEIGHT="54" CONTENT="les" WC="0.93" CC="864"/>
						<SP ID="P32_SP00312" HPOS="1199" VPOS="3522" WIDTH="37"/>
						<String ID="P32_ST00351" HPOS="1236" VPOS="3444" WIDTH="368" HEIGHT="74" CONTENT="oppositions" WC="0.99" CC="68060450680"/>
						<SP ID="P32_SP00313" HPOS="1604" VPOS="3522" WIDTH="34"/>
						<String ID="P32_ST00352" HPOS="1638" VPOS="3447" WIDTH="324" HEIGHT="55" CONTENT="tranchées." WC="0.99" CC="7006070601"/>
					</TextLine>
					<TextLine ID="P32_TL00040" HPOS="376" VPOS="3526" WIDTH="1970" HEIGHT="62">
						<String ID="P32_ST00353" HPOS="376" VPOS="3530" WIDTH="77" HEIGHT="54" CONTENT="Et" WC="1.00" CC="00"/>
						<SP ID="P32_SP00314" HPOS="453" VPOS="3584" WIDTH="33"/>
						<String ID="P32_ST00354" HPOS="486" VPOS="3530" WIDTH="47" HEIGHT="54" CONTENT="si" WC="1.00" CC="00"/>
						<SP ID="P32_SP00315" HPOS="533" VPOS="3584" WIDTH="36"/>
						<String ID="P32_ST00355" HPOS="569" VPOS="3530" WIDTH="350" HEIGHT="57" CONTENT="l'isolement" WC="1.00" CC="50000500300"/>
						<SP ID="P32_SP00316" HPOS="919" VPOS="3587" WIDTH="35"/>
						<String ID="P32_ST00356" HPOS="954" VPOS="3527" WIDTH="246" HEIGHT="61" CONTENT="musical" WC="0.99" CC="0701601"/>
						<SP ID="P32_SP00317" HPOS="1200" VPOS="3588" WIDTH="34"/>
						<String ID="P32_ST00357" HPOS="1234" VPOS="3527" WIDTH="254" HEIGHT="56" CONTENT="d'Alkan" WC="0.89" CC="0310002"/>
						<SP ID="P32_SP00318" HPOS="1488" VPOS="3588" WIDTH="32"/>
						<String ID="P32_ST00358" HPOS="1520" VPOS="3526" WIDTH="81" HEIGHT="54" CONTENT="lui" WC="0.93" CC="475"/>
						<SP ID="P32_SP00319" HPOS="1601" VPOS="3588" WIDTH="37"/>
						<String ID="P32_ST00359" HPOS="1638" VPOS="3527" WIDTH="149" HEIGHT="53" CONTENT="était" WC="0.98" CC="00911"/>
						<SP ID="P32_SP00320" HPOS="1787" VPOS="3588" WIDTH="31"/>
						<String ID="P32_ST00360" HPOS="1818" VPOS="3528" WIDTH="120" HEIGHT="55" CONTENT="très" WC="0.96" CC="8800"/>
						<SP ID="P32_SP00321" HPOS="1938" VPOS="3588" WIDTH="35"/>
						<String ID="P32_ST00361" HPOS="1973" VPOS="3527" WIDTH="373" HEIGHT="56" CONTENT="défavorable" WC="0.99" CC="06800009765"/>
					</TextLine>
					<TextLine ID="P32_TL00041" HPOS="269" VPOS="3607" WIDTH="2078" HEIGHT="75">
						<String ID="P32_ST00362" HPOS="269" VPOS="3608" WIDTH="128" HEIGHT="71" CONTENT="déjà" WC="0.97" CC="7040"/>
						<SP ID="P32_SP00322" HPOS="397" VPOS="3679" WIDTH="42"/>
						<String ID="P32_ST00363" HPOS="439" VPOS="3630" WIDTH="75" HEIGHT="37" CONTENT="au" WC="0.64" CC="07"/>
						<SP ID="P32_SP00323" HPOS="514" VPOS="3679" WIDTH="42"/>
						<String ID="P32_ST00364" HPOS="556" VPOS="3610" WIDTH="170" HEIGHT="72" CONTENT="point" WC="0.98" CC="00077"/>
						<SP ID="P32_SP00324" HPOS="726" VPOS="3682" WIDTH="47"/>
						<String ID="P32_ST00365" HPOS="773" VPOS="3611" WIDTH="69" HEIGHT="54" CONTENT="de" WC="0.71" CC="05"/>
						<SP ID="P32_SP00325" HPOS="842" VPOS="3682" WIDTH="48"/>
						<String ID="P32_ST00366" HPOS="890" VPOS="3629" WIDTH="109" HEIGHT="36" CONTENT="vue" WC="0.96" CC="073"/>
						<SP ID="P32_SP00326" HPOS="999" VPOS="3682" WIDTH="46"/>
						<String ID="P32_ST00367" HPOS="1045" VPOS="3611" WIDTH="70" HEIGHT="54" CONTENT="de" WC="0.87" CC="02"/>
						<SP ID="P32_SP00327" HPOS="1115" VPOS="3682" WIDTH="41"/>
						<String ID="P32_ST00368" HPOS="1156" VPOS="3608" WIDTH="374" HEIGHT="68" CONTENT="l'exécution," WC="0.99" CC="240061624404"/>
						<SP ID="P32_SP00328" HPOS="1530" VPOS="3682" WIDTH="34"/>
						<String ID="P32_ST00369" HPOS="1564" VPOS="3608" WIDTH="271" HEIGHT="56" CONTENT="combien" WC="0.98" CC="2726254"/>
						<SP ID="P32_SP00329" HPOS="1835" VPOS="3682" WIDTH="29"/>
						<String ID="P32_ST00370" HPOS="1864" VPOS="3629" WIDTH="73" HEIGHT="35" CONTENT="ne" WC="0.72" CC="31"/>
						<SP ID="P32_SP00330" HPOS="1937" VPOS="3682" WIDTH="41"/>
						<String ID="P32_ST00371" HPOS="1978" VPOS="3608" WIDTH="53" HEIGHT="55" CONTENT="le" WC="0.58" CC="44"/>
						<SP ID="P32_SP00331" HPOS="2031" VPOS="3682" WIDTH="45"/>
						<String ID="P32_ST00372" HPOS="2076" VPOS="3607" WIDTH="271" HEIGHT="58" CONTENT="devint-il" WC="0.99" CC="000462201"/>
					</TextLine>
					<TextLine ID="P32_TL00042" HPOS="267" VPOS="3686" WIDTH="2079" HEIGHT="76">
						<String ID="P32_ST00373" HPOS="267" VPOS="3705" WIDTH="102" HEIGHT="52" CONTENT="pas" WC="0.93" CC="990"/>
						<SP ID="P32_SP00332" HPOS="369" VPOS="3757" WIDTH="30"/>
						<String ID="P32_ST00374" HPOS="399" VPOS="3691" WIDTH="334" HEIGHT="71" CONTENT="davantage" WC="0.99" CC="070875006"/>
						<SP ID="P32_SP00333" HPOS="733" VPOS="3762" WIDTH="30"/>
						<String ID="P32_ST00375" HPOS="763" VPOS="3691" WIDTH="34" HEIGHT="53" CONTENT="à" WC="1.00" CC="0"/>
						<SP ID="P32_SP00334" HPOS="797" VPOS="3762" WIDTH="28"/>
						<String ID="P32_ST00376" HPOS="825" VPOS="3690" WIDTH="146" HEIGHT="57" CONTENT="celui" WC="0.98" CC="05370"/>
						<SP ID="P32_SP00335" HPOS="971" VPOS="3762" WIDTH="35"/>
						<String ID="P32_ST00377" HPOS="1006" VPOS="3691" WIDTH="70" HEIGHT="56" CONTENT="de" WC="0.90" CC="02"/>
						<SP ID="P32_SP00336" HPOS="1076" VPOS="3762" WIDTH="27"/>
						<String ID="P32_ST00378" HPOS="1103" VPOS="3707" WIDTH="91" HEIGHT="38" CONTENT="ses" WC="1.00" CC="000"/>
						<SP ID="P32_SP00337" HPOS="1194" VPOS="3762" WIDTH="29"/>
						<String ID="P32_ST00379" HPOS="1223" VPOS="3686" WIDTH="439" HEIGHT="75" CONTENT="compositions," WC="0.99" CC="4099820835704"/>
						<SP ID="P32_SP00338" HPOS="1662" VPOS="3762" WIDTH="31"/>
						<String ID="P32_ST00380" HPOS="1693" VPOS="3688" WIDTH="100" HEIGHT="71" CONTENT="qui" WC="0.93" CC="773"/>
						<SP ID="P32_SP00339" HPOS="1793" VPOS="3762" WIDTH="33"/>
						<String ID="P32_ST00381" HPOS="1826" VPOS="3695" WIDTH="132" HEIGHT="50" CONTENT="sont" WC="0.95" CC="6960"/>
						<SP ID="P32_SP00340" HPOS="1958" VPOS="3762" WIDTH="29"/>
						<String ID="P32_ST00382" HPOS="1987" VPOS="3707" WIDTH="73" HEIGHT="37" CONTENT="en" WC="0.63" CC="15"/>
						<SP ID="P32_SP00341" HPOS="2060" VPOS="3762" WIDTH="29"/>
						<String ID="P32_ST00383" HPOS="2089" VPOS="3688" WIDTH="257" HEIGHT="70" CONTENT="majeure" WC="0.98" CC="0346776"/>
					</TextLine>
				</TextBlock>
			</PrintSpace>
		</Page>
	</Layout>
</alto>
