2847 4313
675 299 90 46 218

1146 309 248 36 BULLETIN
1444 306 246 46 FRANÇAIS
1737 307 63 33 DE
1850 304 61 35 LA
1959 304 40 36 S.
2051 304 28 35 I.
2131 303 50 34 M.

680 482 58 32 en
773 467 104 56 plus
912 467 254 56 fréquents.
1205 465 38 44 A
1277 463 252 47 l'Oratoire
1563 463 60 45 du
1660 461 128 45 Saint
1823 459 223 53 Crucifix,
2084 458 42 46 la
2161 458 146 56 partie
2342 458 331 54 instrumentale

682 534 236 46 admettait
951 546 93 33 une
1079 533 285 55 importance
1398 529 338 51 considérable,
1775 536 46 38 et
1856 528 59 44 de
1949 525 243 46 curieuses
2229 527 297 54 symphonies
2559 531 95 54 pitto-

683 614 196 42 resques
917 599 383 52 s'enchâssaient,
1342 612 114 42 pour
1495 598 43 44 le
1576 597 103 54 plus
1717 594 142 56 grand
1900 594 157 56 plaisir
2095 594 84 45 des
2217 593 239 54 dilettanti,
2497 597 106 45 dans
2639 602 34 44 la

682 677 147 36 trame
858 668 59 44 de
946 665 264 47 l'Oratorio.

779 734 147 45 Toute
950 741 122 38 cette
1097 732 231 56 première
1352 731 146 57 partie
1524 732 58 45 du
1609 731 117 46 livre
1750 730 57 44 de
1834 729 63 44 M.
1926 729 224 44 Alaléona
2176 736 70 37 est
2273 727 144 46 écrite
2441 729 105 45 d'un
2570 735 106 52 style

679 802 81 52 vif,
786 801 126 53 clair,
937 801 113 52 aisé,
1078 800 127 46 riche
1228 814 57 30 en
1310 800 224 44 formules
1558 799 274 52 heureuses,
1860 810 57 30 en
1943 795 300 56 expressions
2265 796 388 57 caractéristiques
2667 820 7 34 ;

683 882 118 32 nous
832 881 147 32 avons
1012 868 102 54 déjà
1148 870 246 53 remarqué
1428 867 144 45 celles
1606 867 57 43 de
1700 882 23 24 «
1762 863 406 47 travestissement
2218 862 209 56 spirituel
2466 880 23 26 »
2540 875 40 37 et
2627 868 49 45 de

684 952 24 24 «
743 934 367 56 représentation
1140 934 206 45 auditive
1379 951 23 24 »
1436 947 80 42 par
1547 932 252 54 lesquelles
1830 931 198 45 l'auteur
2060 929 194 54 désigne
2283 929 198 46 certains
2512 943 165 43 aspects

684 1003 56 44 de
767 1002 274 53 l'Oratorio;
1069 1003 211 53 ajoutons
1305 1000 112 56 qu'il
1445 1000 188 55 qualifie
1658 1000 57 44 de
1741 999 135 54 façon
1902 999 95 43 très
2023 997 244 56 frappante
2291 997 57 44 de
2376 1013 23 26 «
2428 998 149 46 climat
2598 1000 60 46 his-

684 1070 181 55 torique
895 1087 24 24 »
950 1070 275 45 l'ensemble
1252 1070 82 45 des
1361 1068 261 45 conditions
1649 1065 399 46 extra-musicales
2076 1066 114 44 dans
2218 1065 252 55 lesquelles
2497 1079 49 32 se
2571 1068 106 45 situe

686 1138 195 45 l'œuvre
915 1136 131 46 d'art.
1086 1136 133 45 Doué
1253 1135 111 46 d'un
1399 1135 142 55 esprit
1576 1136 339 44 extrêmement
1967 1133 199 54 logique,
2222 1131 29 45 il
2305 1133 197 54 possède
2546 1136 110 45 excel-

682 1205 221 44 lemment
931 1204 42 44 le
1000 1216 111 32 sens
1138 1204 57 43 de
1223 1202 284 52 l'évolution,
1539 1201 60 46 du
1628 1201 240 55 perpétuel
1897 1200 310 53 changement
2235 1213 79 31 sur
2343 1200 105 54 quoi
2476 1214 51 30 se
2554 1201 123 46 fonde

686 1272 41 45 la
749 1271 75 44 vie
846 1272 82 45 des
950 1285 188 32 œuvres
1159 1279 45 36 et
1225 1271 83 44 des
1331 1271 226 43 hommes.
1583 1268 64 45 La
1670 1268 176 46 lecture
1869 1268 60 45 du
1953 1267 117 46 livre
2091 1276 72 36 est
2185 1267 138 45 facile
2345 1275 45 38 et
2411 1268 266 55 attachante;

686 1338 198 46 l'auteur
912 1352 26 31 a
969 1338 275 45 débarrassé
1277 1337 41 44 la
1348 1337 149 55 partie
1526 1338 224 42 réservée
1782 1338 24 42 à
1839 1334 293 56 l'exposition
2165 1336 57 43 de
2255 1343 97 37 tout
2381 1336 196 53 appareil
2606 1337 54 44 cri-

686 1404 140 56 tique,
851 1418 54 31 ce
927 1404 76 55 qui
1026 1403 121 46 n'est
1168 1417 81 42 pas
1271 1416 112 31 sans
1403 1404 244 54 présenter
1668 1402 230 56 quelques
1920 1401 357 46 inconvénients
2300 1416 57 30 au
2381 1402 123 54 point
2526 1403 53 44 de
2598 1417 79 30 vue

686 1473 57 43 de
774 1472 42 44 la
847 1472 188 54 rigueur
1065 1472 83 44 des
1180 1469 406 53 démonstrations,
1622 1469 116 46 mais
1770 1483 55 31 ce
1858 1469 77 56 qui
1968 1482 118 33 nous
2118 1477 109 37 vaut
2260 1482 59 32 en
2352 1470 225 44 revanche
2606 1470 72 45 des

684 1552 142 43 pages
856 1538 199 56 rapides,
1091 1536 326 56 parfaitement
1448 1539 290 52 composées,
1774 1536 141 47 d'une
1945 1536 256 55 singulière
2234 1535 243 56 puissance
2509 1538 55 43 de
2592 1550 65 42 per-

684 1605 202 46 suasion.

779 1672 129 46 Dans
937 1672 42 45 la
1011 1685 24 32 2
1041 1674 47 17 nie
1117 1672 160 55 partie,
1310 1672 64 45 M.
1407 1672 225 45 Alaléona
1661 1675 225 42 énumère
1915 1671 383 55 soigneusement
2328 1685 77 32 ses
2433 1685 182 32 sources
2640 1681 38 36 et

682 1752 186 43 expose,
904 1752 110 33 sous
1049 1740 150 44 forme
1233 1740 268 53 d'annexes,
1538 1740 68 44 les
1639 1740 220 44 résultats
1892 1738 111 46 d'un
2037 1741 193 43 énorme
2263 1738 160 46 travail
2458 1738 198 55 bibliogra-

680 1807 187 56 phique.
896 1807 35 44 Il
956 1807 229 46 constitue
1210 1806 117 45 ainsi
1351 1821 93 30 une
1469 1807 244 55 précieuse
1740 1823 22 25 «
1792 1807 199 44 raccolta
2019 1823 23 26 »
2070 1807 58 44 de
2152 1807 273 44 documents
2448 1808 24 43 à
2497 1807 181 55 laquelle

682 1874 246 56 s'ajoutent
964 1875 57 45 de
1056 1877 257 43 nombreux
1350 1875 240 55 exemples
1625 1874 240 46 musicaux
1901 1875 160 55 puisés
2096 1875 116 45 dans
2249 1875 42 45 le
2328 1874 247 56 répertoire
2607 1874 72 45 des

693 1943 158 49 Laudi,
875 1942 82 45 des
1289 1943 40 53 Dialogues,
1330 1950 68 36 et
1399 1943 169 44 des
2284 1943 253 43 Oratorios.

781 2008 35 45 Il
840 2022 119 31 nous
981 2009 154 44 donne
1158 2009 400 44 successivement
1583 2009 41 44 la
1649 2009 338 54 bibliographie
2011 2010 83 43 des
2118 2010 146 43 Laudi
2290 2010 57 45 de
2371 2009 239 44 l'Oratorio
2631 2008 47 44 de

684 2076 159 52 Rome,
873 2076 207 45 classées
1108 2089 80 40 par
1215 2077 136 44 ordre
1379 2075 378 56 chronologique,
1788 2076 203 45 celle-de
2020 2077 41 44 la
2089 2077 156 44 Laude
2274 2077 305 49 drammatica,
2608 2075 71 46 des

693 2143 403 54 Representationi
1569 2145 238 52 Spirituali
2117 2145 186 51 (Anima
2461 2156 105 32 e
2567 2143 21 46 celle
2608 2142 71 45 des

683 2211 253 54 Dialogues
959 2209 180 51 (Teatro
1160 2211 249 43 Armonico
1430 2211 264 53 Spirituale,
1721 2211 260 53 d'Anerio),
2005 2211 118 44 celle
2143 2211 59 45 de
2223 2212 12 43 l
2245 2211 226 44 'Oratorio
2494 2209 184 54 (œuvres

683 2277 57 44 de
771 2277 235 53 Balducci,
1403 2278 34 43 A
1492 2279 74 44 bel
1699 2282 46 41 et
1853 2278 115 43 Caïn
1409 2279 58 44 de
1497 2278 220 53 Mazzei.)

782 2343 126 54 Puis,
945 2358 54 31 ce
1033 2353 105 37 sont
1173 2344 83 46 des
1290 2344 352 56 transcriptions
1676 2345 310 46 minutieuses
2023 2345 264 47 d'archives
2323 2347 57 44 de
2415 2344 242 47 l'archi-con-

684 2411 141 45 frérie
863 2413 59 44 du
961 2411 128 46 Saint
1126 2411 222 55 Crucifix,
1389 2420 46 38 et
1473 2427 57 30 en
1568 2414 281 55 particulier,
1889 2415 44 45 le
1971 2417 95 43 très
2103 2415 281 45 intéressant
2420 2414 153 44 relevé
2608 2411 70 45 des

683 2485 208 47 comptes
915 2479 58 44 de
1003 2490 123 42 1529
1150 2481 24 42 à
1205 2489 121 46 1725
1345 2498 9 34 ;
1380 2480 42 46 la
1446 2480 338 56 bibliographie
1808 2483 230 53 complète
2063 2483 83 44 des
2173 2483 238 43 Oratorios
2437 2483 129 43 latins
2589 2479 68 44 exé-

691 2547 130 42 cutés
840 2559 59 31 au
920 2544 130 46 Saint
1070 2545 211 45 Crucifix
1301 2546 59 46 de
1387 2546 123 56 1678
1531 2549 24 43 à
1583 2557 121 45 1725
1723 2566 9 35 ;
1755 2547 145 52 enfin,
1925 2549 70 44 les
2015 2556 150 38 textes
2187 2549 57 45 de
2267 2549 42 44 la
2328 2549 120 55 Jefté
2470 2547 56 45 de
2546 2544 112 46 Caris-

684 2612 104 46 simi
819 2612 168 56 (1650)
1017 2621 46 38 et
1091 2615 83 43 des
1202 2615 121 44 deux
1350 2615 123 54 Jefté
1502 2615 76 54 qui
1610 2616 41 43 la
1680 2616 242 53 suivirent,
1957 2617 117 45 dues
2103 2617 390 55 respectivement
2521 2616 24 43 à
2573 2612 80 45 Mes-

683 2679 123 45 chita
833 2678 167 55 (1682)
1032 2688 46 37 et
1105 2682 24 43 à
1159 2679 196 46 Franchi
1384 2679 185 55 (1688).

785 2747 128 45 Nous
943 2747 158 45 ferons
1130 2761 91 31 une
1251 2748 157 55 légère
1437 2748 196 56 critique
1662 2752 26 42 à
1717 2763 53 32 ce
1801 2751 119 44 beau
1952 2751 139 53 livre;
2124 2751 199 45 l'auteur
2352 2764 25 31 a
2405 2749 114 45 omis
2547 2748 52 43 de
2627 2743 51 46 lui

683 2813 237 56 adjoindre
948 2828 92 33 une
1068 2815 137 45 index
1233 2815 343 56 alphabétique,
1608 2817 124 44 oubli
1762 2817 77 55 qui
1869 2818 113 46 rend
2013 2819 68 45 les
2109 2819 282 45 recherches
2419 2829 128 33 assez
2575 2814 84 44 labo-

684 2881 195 47 rieuses.
903 2883 91 45 Les
1355 2884 133 44 Studi
1168 2885 59 43 de
1247 2884 63 46 M.
1334 2884 225 46 Alaléona
1580 2898 59 32 ne
1660 2885 283 47 constituent
1963 2899 83 42 pas
2067 2888 262 44 seulement
2349 2899 60 32 un
2433 2886 245 44 monument

684 2949 108 45 dont
823 2950 40 44 la
895 2950 302 55 musicologie
1229 2950 220 47 italienne
1481 2960 109 47 peut
1620 2965 52 32 se
1704 2960 205 38 montrer
1939 2954 141 52 fière;
2113 2955 116 43 elles
2260 2952 280 55 témoignent
2569 2944 108 49 aussi

684 3015 109 47 d'un
825 3017 139 46 effort
993 3018 82 45 des
1106 3018 103 55 plus
1238 3018 263 46 méritoires
1530 3021 57 44 de
1618 3020 42 45 la
1689 3029 99 47 part
1817 3021 84 44 des
1929 3021 207 46 éditeurs
2166 3022 59 43 de
2254 3029 121 38 cette
2404 3015 272 61 publication,

686 3085 67 44 les
790 3085 150 44 frères
979 3086 165 53 Bocca,
1183 3088 26 42 à
1244 3086 155 46 Turin.
1440 3087 218 47 Puissent
1695 3102 85 31 nos
1815 3088 222 55 éditeurs,
2077 3090 39 44 si
2154 3090 190 44 timorés
2381 3101 56 32 en
2474 3087 203 55 présence

684 3151 278 55 d'ouvrages
992 3156 249 43 consacrés
1270 3156 24 43 à
1326 3156 42 43 la
1398 3156 231 54 musique,
1680 3157 201 53 prendre
1928 3157 184 44 modèle
2161 3171 79 32 sur
2290 3157 124 44 leurs
2460 3152 217 47 confrères

686 3218 196 47 italiens.
1868 3223 190 46 LIONEL
2083 3234 64 35 DE
2174 3236 61 33 LA
2263 3224 294 45 LAURENCIE.

688 3380 58 46 H.
771 3382 218 47 EXPERT.
1097 3386 257 44 Danceries
1374 3388 61 42 du
1455 3397 80 33 xvi
1540 3387 15 18 e
1576 3387 157 43 siècle.
1759 3386 259 52 (Fascicule
2043 3399 59 42 23
2126 3388 82 45 des
2231 3388 191 42 Maîtres
2443 3378 234 49 Musiciens

966 3450 57 42 de
1126 3452 43 41 la
1258 3450 314 47 Renaissance
1929 3454 249 52 française.
1578 3453 145 54 Paris,
1750 3454 172 53 Leduc,
1956 3454 138 55 1908,
2121 3454 99 55 in-4
2226 3454 17 20 0
2254 3492 8 17 ,
2296 3463 53 46 15
2376 3448 187 53 francs).

791 3560 107 54 Que
929 3575 106 31 mon
1069 3565 229 45 excellent
1329 3565 91 45 ami
1454 3566 171 54 Expert
1658 3579 75 33 me
1768 3575 227 45 permette
2029 3567 57 45 de
2119 3567 63 45 lui
2217 3567 117 45 faire
2367 3577 90 33 une
2490 3554 187 63 querelle

692 3626 108 45 dont
830 3626 45 54 je
905 3628 202 45 cherche
1140 3629 164 56 depuis
1337 3632 259 55 longtemps
1628 3633 264 45 l'occasion.
1943 3632 54 57 Je
2047 3633 91 46 n'ai
2189 3633 205 46 d'autres
2443 3640 111 35 vues
2601 3631 75 48 que
