2847 4313
1135 437 247 35 BULLETIN
1433 435 245 44 FRANÇAIS
1723 435 63 33 DE
1835 433 62 33 LA
1946 432 39 36 S.
2037 432 28 33 I.
2117 432 50 32 M.

710 594 92 53 En
835 608 65 37 sa
934 588 226 73 qualité
1194 589 71 55 de
1301 589 198 53 Saxon
1533 603 111 55 pur
1677 600 147 54 sang
1857 583 52 54 le
1945 587 194 50 comte
2177 581 71 55 de
2284 580 184 56 Beust
2504 587 185 63 avait,

596 678 170 52 outre
804 688 89 37 ses
931 668 300 72 capacités
1269 667 320 72 politiques
1626 664 48 55 si
1696 663 176 56 utiles
1888 664 36 51 à
1961 661 57 55 la
2056 660 436 57 consolidation
2530 661 71 55 de
2639 661 58 54 la

596 752 338 58 monarchie
1001 748 560 73 austro-hongroise,
1631 764 81 36 un
1792 743 301 72 penchant
2172 741 122 54 très
2394 743 296 70 prononcé

595 852 147 55 pour
778 834 55 52 la
870 830 289 71 musique.
1231 830 77 55 Sa
1343 828 280 56 mémoire
1658 824 152 56 était
1846 829 237 51 surtout
2119 821 245 72 remplie
2401 823 71 54 de
2498 821 196 58 bribes

597 917 70 54 de
703 912 280 58 mélodies
1018 910 144 73 qu'il
1195 909 285 72 évoquait
1510 907 526 57 inconsciemment
2072 903 263 71 lorsqu'il
2370 922 60 37 se
2457 903 241 56 mettait

597 999 220 54 devant
855 1011 108 38 son
999 992 177 72 piano
1203 1013 14 47 ;
1259 992 137 56 d'où
1434 1009 107 37 son
1578 1006 195 39 erreur
1810 987 72 55 de
1921 984 184 57 croire
2143 984 145 72 qu'il
2319 981 376 74 improvisait

597 1078 101 55 des
729 1092 233 41 œuvres
993 1072 329 73 originales.
1361 1073 154 55 Pour
1546 1072 82 54 les
1660 1070 210 55 rendre
1903 1068 226 53 viables
2163 1084 76 37 au
2271 1064 170 74 point
2478 1068 71 54 de
2586 1083 108 38 vue

597 1157 266 68 musical,
908 1155 46 54 il
1001 1161 102 49 eut
1133 1171 234 38 recours
1388 1155 35 53 à
1472 1171 140 37 mon
1660 1149 363 73 expérience,
2074 1164 99 37 sur
2223 1147 57 53 la
2335 1163 320 41 re:omman-

596 1239 38 55 d
646 1237 157 58 ition
853 1234 420 59 bienveillante
1325 1237 80 54 du
1458 1239 193 50 comte
1688 1233 101 55 Ch.
1829 1232 73 54 de
1941 1227 333 63 Kuefstein,
2299 1246 108 38 son
2446 1227 248 72 premier

596 1317 321 70 conseiller,
944 1319 52 54 le
1023 1322 318 66 prototype
1372 1317 79 54 du
1476 1315 188 72 grand
1689 1309 270 74 seigneur
1988 1309 352 69 autrichien,
2368 1315 63 50 et
2470 1326 224 38 comme

595 1404 171 54 notre
808 1397 429 59 collaboration
1281 1394 199 59 obtint
1523 1394 285 71 quelques
1851 1394 216 64 succès,
2112 1392 56 70 je
2214 1389 208 57 devins
2467 1388 195 72 rapide-

595 1487 165 49 ment
780 1482 53 54 le
856 1478 188 57 favori
1073 1479 70 55 de
1165 1477 480 61 l'ambassadeur,
1674 1495 75 35 au
1772 1476 190 69 grand
1984 1472 281 72 déplaisir
2289 1473 71 55 de
2388 1472 305 70 beaucoup

596 1564 72 55 de
698 1562 204 72 jaloux
935 1567 58 48 et
1029 1578 75 37 au
1137 1558 178 72 profit
1349 1559 72 56 de
1452 1557 131 72 plus
1617 1558 144 56 d'un
1792 1558 73 55 de
1898 1573 122 37 mes
2051 1553 172 56 amis.

708 1642 95 56 En
853 1647 156 51 cette
1058 1638 226 75 qualité
1354 1641 56 69 je
1460 1637 271 57 circulais
1781 1639 35 54 à
1863 1636 394 58 l'ambassade
2308 1651 227 40 comme
2559 1633 139 57 chez

596 1722 143 70 moi,
786 1722 284 56 assistant
1117 1738 120 39 non
1283 1721 324 54 seulement
1655 1737 120 37 aux
1824 1717 193 57 dîners
2064 1721 60 50 et
2172 1733 119 37 aux
2346 1713 347 72 réceptions,

596 1803 150 59 mais
780 1803 191 56 même
1006 1821 118 37 aux
1179 1801 203 56 visites
1429 1818 114 54 que
1602 1799 468 55 l'ambassadeur
2123 1794 259 57 recevait
2434 1796 148 54 dans
2641 1794 54 54 la

593 1884 260 72 journée.

712 1967 94 55 Au
874 1968 507 52 commencement
1430 1966 78 53 du
1554 1962 151 57 mois
1754 1961 308 58 d'octobre
2115 1958 164 71 1879,
2342 1959 149 70 j'eus
2544 1956 145 57 ainsi

595 2046 315 56 l'occasion
943 2048 70 55 de
1046 2051 336 49 rencontrer
1415 2044 139 54 chez
1585 2042 82 56 lai
1702 2041 415 57 fortuitement
2150 2041 54 54 le
2234 2037 205 74 prince
2491 2037 204 70 Orloff,

593 2127 467 57 l'ambassadeur
1090 2128 71 56 de
1202 2126 228 68 Russie,
1489 2127 145 55 dont
1658 2124 57 56 la
1768 2124 215 55 femme
2035 2121 151 56 était
2242 2140 113 37 une
2407 2119 290 73 princesse

595 2207 414 71 Troubetzkoï,
1071 2207 156 72 jadis
1286 2207 162 55 élève
1510 2206 272 58 d'Alkan.
1846 2204 82 55 Le
1988 2208 195 50 comte
2244 2202 270 70 m'ayant
2578 2201 116 54 très

597 2287 525 57 affectueusement
1165 2290 269 69 présenté
1477 2290 35 52 à
1551 2287 292 56 l'influent
1889 2283 344 73 diplomate,
2276 2283 56 70 je
2350 2282 122 72 pris
2504 2282 170 56 sur-le

597 2371 214 70 champ
845 2371 57 53 la
935 2370 324 55 résolution
1291 2370 72 55 de
1396 2367 149 58 faire
1579 2370 211 68 auprès
1825 2368 71 54 de
1929 2366 80 54 lui
2048 2384 115 36 une
2200 2363 311 56 démarche
2544 2362 120 57 déci-

595 2451 125 56 sive
759 2452 147 55 dans
941 2450 262 59 l'intérêt
1244 2453 71 54 de
1359 2451 253 54 l'artiste
1656 2447 248 57 sacrifié.

837 2532 410 71 Monseigneur
1298 2550 93 41 me
1442 2536 325 66 permettra
1834 2532 73 53 de
1973 2527 80 56 lui
2128 2527 146 67 dire,
2326 2527 171 70 fis-je,
2549 2526 139 72 qu'il

592 2612 203 73 ignore
842 2612 449 71 probablement
1339 2612 253 71 quelque
1637 2611 195 68 chose,
1882 2610 51 54 le
1982 2612 361 52 concernant
2378 2606 280 57 indirecte-

599 2699 184 50 ment.

712 2809 74 8 •
827 2776 79 53 Et
948 2775 287 71 qu'est-ce
1289 2791 113 54 que
1458 2775 143 53 c'est
1646 2773 186 68 donc,
1876 2771 299 56 Monsieur
2199 2773 21 50 ?
2274 2767 329 74 interrogea
2642 2768 49 52 le

597 2853 201 73 prince
835 2870 143 41 avec
1013 2856 256 72 quelque
1301 2855 274 54 hauteur.

821 2937 123 70 Que
982 2954 138 37 mon
1155 2935 286 56 excellent
1479 2935 119 53 ami
1637 2935 215 68 Alkan,
1889 2935 53 56 le
1978 2932 185 74 grand
2203 2931 304 70 musicien,
2543 2932 141 55 n'est

597 3034 108 54 pas
755 3017 204 56 décoré
987 3017 9 52 !

817 3097 75 55 Ce
925 3115 114 53 que
1077 3114 143 37 vous
1254 3095 155 57 dites
1441 3097 57 52 là
1531 3096 150 55 n'est
1714 3114 106 53 pas
1853 3095 258 72 possible
2139 3095 10 51 !

819 3177 154 55 C'est
1010 3177 56 54 la
1100 3196 144 54 pure
1282 3177 185 56 vérité
1501 3176 351 71 cependant,
1890 3174 414 71 Monseigneur
2331 3175 10 52 !

823 3259 89 54 Eh
950 3259 137 54 bien
1114 3260 9 52 !
1164 3259 124 54 cela
1322 3278 72 35 ne
1424 3259 53 54 le
1505 3262 220 51 restera
1757 3276 125 52 pas,
1918 3259 56 69 je
2007 3273 149 39 vous
2192 3274 75 37 en
2298 3255 274 72 réponds,
2595 3269 91 39 car

599 3336 55 70 je
687 3353 157 40 veux
878 3340 331 70 m'occuper
1244 3339 100 54 dès
1380 3336 236 60 demain
1651 3337 69 55 de
1754 3339 56 53 la
1843 3335 342 75 réparation
2220 3335 73 54 de
2326 3340 156 51 cette
2510 3334 147 72 injus-

596 3416 117 56 tice
738 3419 10 53 !

712 3499 184 71 Après
945 3500 205 55 m'être
1195 3500 300 56 confondu
1543 3519 72 37 en
1663 3497 471 60 remerciements
2182 3495 309 73 anticipés,
2528 3497 54 70 je
2623 3509 67 39 ne

600 3577 68 56 fis
710 3580 187 70 qu'un
938 3581 161 54 bond
1143 3581 71 56 de
1272 3581 55 55 la
1385 3599 103 38 rue
1545 3582 71 55 de
1673 3580 114 55 Las
1844 3581 174 56 Cases
2076 3579 236 72 jusqu'à
2352 3579 58 53 la
2468 3575 221 58 maison

602 3657 190 58 Erard
845 3678 148 53 pour
1056 3661 273 71 prévenir
1396 3661 194 55 Alkan
1662 3662 72 56 de
1802 3668 157 49 cette
2027 3662 197 53 bonne
2293 3659 288 56 nouvelle,
2644 3652 41 54 il

599 3737 334 58 l'accueillit
986 3755 142 41 avec
1179 3741 307 71 beaucoup
1527 3744 72 53 de
1650 3740 114 72 joie
1815 3746 343 70 apparente,
2220 3739 151 56 mais
2424 3758 76 37 au
2549 3732 137 59 fond
