2853 3048
1293 2352 46 42 37

505 546 108 42 wie
637 545 80 43 die
740 546 240 51 anderen,
999 560 91 29 aus
1113 546 118 44 dem
1247 546 297 44 bewussten
1560 545 383 47 Unbewussten
1965 549 199 52 heraus,

506 608 101 39 erst
634 605 82 43 ein
745 605 276 44 entfernter
1043 605 211 44 Schüler
1275 619 106 29 von
1404 605 170 43 Rodin
1593 624 52 20 =
1666 606 139 43 siehe
1833 607 99 43 den
1958 607 206 46 kleinen

504 662 388 46 Verwundeten
907 665 106 43 und
1027 665 99 44 den
1138 665 164 42 Mann
1319 665 93 42 mit
1429 665 117 43 dem
1557 664 157 43 Hund
1729 683 52 21 =
1794 665 193 44 freilich
2004 667 160 44 schon

504 721 233 45 welcher
767 724 181 56 riesige
979 724 256 43 Abstand!
1266 723 81 43 Da
1378 724 63 42 ist
1472 723 159 43 schon
1662 724 166 42 nichts
1858 726 306 44 interessant

504 781 334 44 Zerklüftetes
875 783 148 43 mehr
1058 784 109 42 wie
1204 783 81 42 bei
1328 782 98 43 den
1463 782 208 50 Rodins,
1709 795 53 30 es
1805 783 182 56 drängt
2028 785 135 43 nach

504 840 245 44 stärkster
775 841 307 56 Knappheit,
1110 855 122 30 man
1263 842 130 43 sieht
1420 841 98 44 den
1546 845 166 40 ersten
1736 842 193 43 Ansatz
1954 856 66 29 zu
2047 843 115 43 dem

504 898 261 52 Brunnen,
789 901 162 44 dieser
973 904 167 41 ersten
1163 900 236 55 Sculptur
1420 913 204 30 unserer
1645 912 169 31 neuen
1835 901 122 43 Zeit.
2017 909 145 43 ©©©

504 965 41 41 ©
607 958 166 44 Dürer
799 959 90 43 hat
916 959 105 43 mal
1048 963 197 52 gesagt:
1274 958 127 52 „Die
1422 958 164 44 Kunst
1612 958 164 44 steckt
1798 959 52 43 in
1874 959 87 43 der
1983 960 177 52 Natur,

503 1029 123 29 man
658 1030 140 30 muss
828 1018 72 44 sie
931 1032 96 29 nur
1057 1017 384 45 herausholen.”
1474 1036 52 20 =
1562 1017 105 44 Seit
1698 1018 87 43 der
1816 1018 344 45 Renaissance

502 1074 170 55 legten
700 1076 79 43 die
801 1077 161 42 Maler
989 1078 98 41 den
1110 1076 120 44 Satz
1256 1077 134 41 nach
1416 1076 164 43 ihrem
1605 1076 311 44 Gutdünken
1941 1090 91 30 aus
2054 1078 105 42 und

502 1133 227 45 bannten
759 1135 90 42 das
878 1134 319 50 Malerische,
1230 1134 90 43 das
1351 1135 72 43 sie
1451 1135 52 43 in
1535 1135 88 44 der
1652 1135 165 44 Natur
1848 1135 199 52 fanden,
2076 1137 90 42 auf

500 1191 196 44 Kosten
712 1193 88 43 des
817 1193 161 43 festen
995 1193 263 44 Umrisses.
1276 1192 83 44 Sie
1375 1193 192 51 thaten,
1579 1206 117 31 was
1714 1194 77 43 ihr
1805 1195 183 43 Metier
2002 1195 157 44 ihnen

500 1251 165 55 gebot.
705 1252 137 42 Aber
879 1265 133 41 ganz
1049 1252 190 54 gewiss
1275 1250 163 44 steckt
1470 1252 131 42 auch
1631 1253 87 42 der
1749 1253 195 43 Umriss
1981 1255 52 41 in
2071 1255 88 43 der

500 1309 175 43 Natur.
700 1310 92 42 Ihn
814 1311 160 42 sahen
993 1310 79 42 die
1091 1309 260 51 Gothiker,
1368 1311 106 41 und
1491 1322 53 31 er
1561 1311 311 44 befruchtete
1889 1312 108 43 ihre
2014 1312 142 45 herr=

500 1367 131 44 liehe
646 1368 342 50 Architektur,
1013 1381 53 30 er
1088 1367 149 43 allein
1259 1368 143 42 kann
1424 1369 184 43 immer
1629 1383 96 29 nur
1748 1371 90 42 das
1859 1371 298 56 Bindeglied

499 1427 268 44 zwischen
804 1427 98 43 den
932 1427 233 42 Künsten
1201 1427 230 50 werden,
1464 1427 90 42 das
1588 1441 183 30 unsere
1807 1429 205 56 heutige
2048 1431 109 43 Zeit

499 1486 199 42 wieder
719 1485 337 44 herzustellen
1078 1483 229 44 trachtet.
1329 1502 50 20 =
1397 1484 130 43 Wer
1547 1487 144 41 darin
1708 1488 182 42 Armut
1905 1489 143 50 sieht,
2066 1490 90 42 hat

498 1543 152 44 keine
667 1544 194 55 Augen.
883 1544 154 43 Diese
1055 1543 184 43 Armut
1260 1546 143 52 taugt
1419 1556 64 29 zu
1496 1544 238 43 vielerlei.
1757 1545 126 42 Man
1900 1548 142 54 zeige
2059 1561 96 30 uns

498 1604 53 40 in
573 1604 177 54 irgend
768 1604 137 42 einer
922 1603 281 42 modernen
1220 1600 234 54 Sculptur
1472 1602 149 43 einen
1639 1603 230 55 gleichen
1888 1605 266 44 Ausdruck

497 1674 106 29 von
621 1662 198 43 Würde
841 1662 105 42 wie
968 1662 53 41 in
1044 1661 98 42 den
1164 1659 183 44 beiden
1369 1659 254 44 Männern
1646 1661 87 43 der
1756 1662 182 44 Skizze
1959 1663 82 43 für
2064 1664 89 44 das

497 1720 349 44 Volders’sche
859 1720 273 43 Denkmal.
1151 1718 124 42 Man
1290 1731 140 28 muss
1447 1719 108 41 sich
1574 1719 89 42 das
1678 1720 260 44 Denkmal
1953 1722 53 42 in
2025 1723 127 55 dop=

496 1778 159 54 pelter
672 1779 374 55 Lebensgrösse
1060 1775 287 51 vorstellen,
1359 1788 53 31 es
1429 1776 145 43 sollte
1590 1778 83 41 ein
1691 1779 235 43 actuelles
1937 1780 214 53 Thema,

497 1836 80 44 die
608 1836 286 44 Selbsthilfe
925 1838 87 42 des
1044 1836 281 44 modernen
1354 1834 270 51 Arbeiters,
1649 1836 389 55 verherrlichen,
2071 1841 81 44 die

495 1908 106 30 von
618 1896 227 51 Volders,
864 1896 117 44 dem
999 1894 365 45 verstorbenen
1381 1892 232 45 Gründer
1635 1896 88 42 des
1739 1897 161 53 „parti
1918 1900 231 42 ouvrier”

494 1954 53 42 in
569 1954 217 52 Brüssel,
812 1956 288 54 propagiert
1121 1952 199 44 wurde.
1348 1952 133 43 Was
1503 1965 119 30 war
1649 1954 64 42 da
1740 1954 121 44 alles
1883 1969 65 30 zu
1970 1970 178 43 sagen:

494 2012 181 52 Streik,
715 2012 470 51 Arbeiterkrawall,
1227 2011 629 45 Fabrikantenhochmuth
1896 2034 52 19 =
1988 2016 162 45 lauter

493 2072 319 56 bewegliche
841 2073 175 55 Dinge.
1055 2073 179 42 Minne
1264 2070 132 55 zeigt
1427 2071 137 42 zwei
1596 2073 186 42 nackte
1809 2073 232 53 Männer,
2069 2076 79 43 die

492 2130 109 42 sich
620 2130 92 43 auf
726 2131 440 44 schwankendem
1184 2128 164 45 Schilf
1364 2130 309 55 gegenseitig
1695 2133 215 50 stützen,
1927 2134 105 43 und
2056 2136 92 42 mit

492 2189 170 43 einem
684 2189 216 56 Schlage
922 2191 62 42 ist
1006 2203 91 30 aus
1115 2190 88 43 der
1219 2187 275 45 Actualität
1517 2189 82 43 ein
1623 2190 209 55 ewiges,
1850 2192 94 43 tief
1960 2195 186 52 ergrei=
