2342 3914
2083 264 75 73 345

767 287 145 29 COURS
946 289 60 28 DU
1041 285 201 34 COLLÈGE
1277 293 56 27 DE
1367 295 172 27 FRANCE

207 376 71 46 La
320 376 240 48 véritable
598 377 305 64 explication
941 391 73 36 est
1049 395 97 48 que
1177 383 192 63 chaque
1402 385 108 64 Rag
1548 386 117 47 était
1710 390 145 43 censé
1898 386 139 49 avoir
2063 403 98 34 une

144 457 166 49 action
341 475 87 32 sur
448 460 46 47 la
511 473 196 43 nature,
734 473 47 35 et
804 461 240 64 produire
1065 479 92 47 par
1178 465 264 48 lui-même
1464 468 69 47 les
1555 468 436 64 caractéristiques
2013 470 148 48 d'une

143 540 187 48 saison.
359 541 72 49 De
462 543 46 45 là
532 543 364 48 l'interdiction
927 545 59 47 de
1011 545 209 48 chanter
1242 563 70 32 un
1341 548 75 47 air
1444 565 62 31 en
1535 550 183 47 dehors
1742 553 66 45 du
1839 564 163 51 temps
2028 568 107 47 pres-

143 623 111 59 crit,
277 638 116 32 sous
425 623 146 63 peine
602 625 255 47 d'amener
886 626 59 46 de
979 642 175 47 graves
1192 629 395 61 perturbations,
1619 631 273 49 contraires
1929 637 25 43 à
1990 649 52 31 ce
2074 634 85 62 qui

144 704 121 48 était
294 706 230 47 attendu.
558 706 115 50 Une
698 706 147 60 jeune
870 706 99 47 fille
989 720 151 50 ayant
1174 709 179 48 chanté
1390 710 395 62 innocemment,
1813 729 128 47 pour
1964 730 196 32 exercer

146 804 51 31 sa
226 786 134 61 voix,
388 789 42 46 le
462 789 109 62 Rag
600 789 155 65 Maig
801 790 199 47 Mullar
1008 828 11 22 ,
1061 791 93 47 elle
1197 793 205 47 arracha
1444 794 212 47 aussitôt
1694 812 94 30 aux
1835 812 188 48 nuages
2061 814 98 31 une

146 870 158 48 ondée
335 870 335 48 bienfaisante
696 871 86 64 qui
806 873 259 47 rafraîchit
1094 885 110 35 tout
1230 874 43 47 le
1299 877 214 61 Bengale
1544 888 47 34 et
1614 880 232 59 préserva
1867 879 43 46 le
1933 896 122 45 pays
2072 880 85 46 des

146 953 238 47 horreurs
415 953 60 47 de
513 953 44 47 la
586 953 206 48 famine.
837 953 81 49 Sir
957 955 90 46 W.
1084 953 239 65 Ouseley,
1361 957 86 62 qui
1489 971 233 49 rapporte
1761 971 126 34 cette
1929 959 223 62 légende,

144 1034 166 61 ajoute
331 1051 98 47 que
447 1037 170 62 quand
642 1052 69 32 un
744 1037 274 63 Européen
1049 1038 249 47 demande
1322 1051 259 35 comment
1609 1056 70 31 un
1717 1040 64 46 tel
1822 1040 89 47 fait
1939 1053 74 36 est
2042 1058 85 46 pos-

146 1117 123 47 sible
294 1129 49 36 et
378 1118 258 63 pourquoi
660 1134 65 32 on
757 1120 141 46 n'use
929 1136 88 47 pas
1056 1120 115 63 plus
1195 1133 212 36 souvent
1430 1122 59 45 de
1519 1138 52 31 ce
1594 1137 182 48 moyen
1806 1138 129 47 pour
1971 1127 160 58 préser-

146 1214 84 32 ver
257 1199 70 47 les
358 1199 148 48 fruits
537 1200 60 47 de
616 1200 44 46 la
684 1212 146 44 terre,
857 1217 66 30 on
952 1199 71 50 lui
1047 1202 193 62 répond
1279 1218 95 47 que
1406 1203 41 46 le
1478 1214 156 35 secret
1670 1203 59 47 de
1759 1219 78 31 ces
1878 1203 177 48 chants
2084 1216 72 34 est

144 1280 327 61 aujourd'hui
495 1284 160 62 perdu
688 1283 86 62 (i).

209 1363 137 47 Dans
383 1364 243 64 l'antique
659 1365 217 63 Egypte,
909 1381 121 47 pays
1073 1363 214 65 agricole
1331 1381 89 47 par
1451 1365 292 60 excellence,
1788 1365 42 47 le
1874 1365 90 60 roi,
1996 1368 159 46 rendu

144 1444 327 64 responsable
505 1446 88 46 des
628 1446 215 58 saisons,
876 1446 119 48 était
1037 1446 209 63 regardé
1281 1461 197 31 comme
1529 1446 202 63 capable
1761 1447 59 45 de
1851 1446 237 62 produire
2112 1447 44 45 la

147 1528 284 47 sécheresse
456 1545 64 31 ou
543 1528 45 47 la
614 1528 158 64 pluie,
800 1545 145 47 parce
976 1528 120 64 qu'il
1122 1528 120 47 était
1265 1533 163 59 prêtre
1450 1543 61 32 en
1541 1529 164 45 même
1733 1539 164 51 temps
1920 1543 96 47 que
2047 1543 83 32 sou-

144 1608 190 61 verain,
360 1621 61 45 et,
451 1625 198 31 comme
673 1609 85 59 tel,
791 1611 131 45 doué
946 1609 150 47 d'une
1127 1608 113 48 voix
1262 1608 424 64 toute-puissante
1717 1619 47 36 et
1792 1608 251 62 magique.
2071 1609 84 47 Un

147 1702 127 36 texte
290 1691 89 47 fait
401 1693 263 46 connaître
689 1708 117 46 que,
821 1693 126 46 dans
961 1706 98 32 une
1075 1691 341 47 circonstance
1431 1691 65 47 où
1515 1706 63 30 on
1600 1706 25 30 a
1640 1688 178 48 besoin
1841 1691 60 45 de
1924 1688 230 61 citernes,

146 1788 63 31 on
233 1772 70 48 lui
325 1774 222 63 rappelle
583 1790 97 47 que
706 1790 89 47 par
819 1790 53 30 sa
901 1773 112 47 voix
1033 1773 32 47 il
1089 1785 121 50 peut
1232 1772 241 63 produire
1494 1772 122 47 l'eau
1647 1771 207 48 désirée.

209 1854 69 47 Le
308 1856 276 47 document
614 1854 44 47 le
694 1854 115 64 plus
839 1854 306 47 intéressant
1173 1866 48 34 et
1249 1853 42 47 le
1323 1853 113 62 plus
1460 1852 174 47 ancien
1657 1867 95 47 que
1778 1852 43 61 je
1845 1852 168 62 puisse
2037 1852 120 46 citer

146 1948 73 35 est
249 1936 367 48 certainement
641 1937 221 63 l'hymne
886 1952 61 32 au
980 1936 107 59 Nil,
1127 1936 246 62 analogue
1409 1938 26 43 à
1470 1950 97 31 une
1601 1933 309 47 incantation
1957 1948 127 47 pour
2113 1933 43 47 la

146 2018 152 63 pluie.

207 2101 95 47 Les
340 2100 248 63 premiers
633 2100 258 47 habitants
950 2100 87 61 qui
1080 2110 93 35 ont
1214 2100 206 61 pénétré
1465 2097 125 46 dans
1621 2097 44 44 le
1701 2111 121 47 pays
1850 2106 86 35 ont
1959 2096 65 45 dû
2055 2100 101 40 être

144 2182 200 64 frappés
374 2182 60 47 de
459 2181 348 63 phénomènes
839 2180 423 63 singulièrement
1291 2182 247 57 étranges.
1566 2177 67 46 Ils
1662 2176 169 47 voient
1853 2176 203 45 d'abord
2085 2190 69 31 un

146 2263 157 47 fleuve
327 2265 125 47 dont
471 2263 71 46 les
566 2275 207 34 sources
802 2262 108 47 leur
928 2262 281 62 échappent
1238 2272 47 35 et
1314 2258 86 63 qui
1433 2268 103 36 sort
1572 2258 58 46 de
1670 2258 128 46 deux
1840 2256 215 62 gouffres
2082 2256 49 44 in-

146 2346 264 47 sondables
435 2346 160 61 (entre
617 2343 342 64 Eléphantine
989 2355 47 34 et
1065 2342 186 62 Philœ)
1276 2354 11 48 ;
1318 2356 53 31 ce
1395 2341 160 46 fleuve
1577 2340 189 61 change
1788 2337 249 64 plusieurs
2061 2336 93 47 fois

146 2428 57 46 de
233 2428 209 46 couleur
466 2448 11 26 :
506 2442 63 32 au
597 2437 229 36 moment
862 2426 65 46 où
972 2425 45 47 la
1045 2422 288 65 végétation
1364 2434 73 34 est
1474 2420 264 48 desséchée
1775 2435 89 47 par
1914 2420 67 44 les
2014 2428 140 36 vents

146 2522 148 51 ayant
324 2512 143 60 passé
504 2524 87 33 sur
631 2510 68 45 les
743 2507 163 47 sables
956 2507 66 47 du
1066 2506 96 48 sud
1200 2503 161 64 (juin),
1388 2503 30 46 il
1463 2519 25 30 a
1520 2503 86 46 des
1637 2517 122 31 eaux
1802 2501 114 47 bleu
1947 2500 146 58 clair;
2124 2500 31 44 il

146 2604 269 51 augmente
439 2592 60 46 de
523 2591 220 60 volume,
776 2601 63 47 et,
872 2589 180 62 chargé
1096 2589 86 45 des
1219 2586 216 48 détritus
1479 2585 88 45 des
1607 2581 183 48 marais
1834 2582 58 46 de
1930 2581 227 47 Bahr-el-

146 2672 204 59 Ghazal,
374 2674 33 45 il
440 2674 141 47 roule
605 2674 88 45 des
717 2688 121 31 eaux
867 2671 255 46 verdâtres
1141 2670 121 62 (que
1287 2667 101 47 l'on
1411 2666 222 63 prendra
1654 2665 115 62 plus
1793 2663 107 46 tard
1924 2677 129 49 pour
2088 2662 69 46 les

146 2756 181 47 larmes
348 2756 144 47 d'isis
517 2755 237 63 pleurant
796 2769 93 30 son
922 2754 180 62 époux)
1125 2764 13 48 ;
1178 2751 35 47 il
1256 2760 269 52 augmente
1568 2761 196 40 encore,
1790 2757 47 36 et
1859 2761 77 31 ses
1962 2760 122 32 eaux
2107 2760 50 29 se

144 2837 224 47 colorent
390 2837 119 47 d'un
538 2837 127 46 beau
697 2850 173 47 rouge,
908 2849 199 32 comme
1150 2831 74 47 s'il
1275 2829 184 48 roulait
1506 2829 66 47 du
1611 2843 121 46 sang
1756 2844 13 42 ;
1801 2826 33 46 il
1863 2826 186 46 inonde
2080 2841 76 29 ses

146 2917 146 60 rives,
318 2930 47 36 et
396 2929 151 35 avant
567 2917 60 46 de
651 2933 51 30 se
730 2916 193 59 retirer,
960 2930 32 47 y
1021 2915 186 61 dépose
1232 2926 68 33 un
1332 2910 160 47 limon
1516 2909 104 62 qui,
1642 2923 129 47 pour
1801 2906 68 46 les
1900 2905 255 54 riverains,

146 3011 72 36 est
246 3001 46 46 la
321 3000 91 47 vie.
435 2999 276 49 Comment
735 3014 61 30 ne
825 3013 89 48 pas
934 2996 111 47 voir
1066 2996 46 46 là
1153 3009 71 33 un
1259 2991 176 64 esprit,
1468 3005 96 32 une
1597 3004 252 48 personne
1887 2986 268 64 agissante,

144 3081 279 64 quelqu'un
452 3083 18 45 ?

207 3164 247 62 L'hymne
481 3178 60 34 au
569 3161 105 59 Nil,
699 3161 65 47 tel
786 3160 120 64 qu'il
938 3175 26 32 a
986 3161 78 45 été
1101 3155 192 49 traduit
1315 3166 47 35 et
1392 3154 283 47 commenté
1700 3166 89 47 par
1809 3151 70 46 M.
1922 3150 233 61 Maspero

193 3370 50 50 (1)
268 3369 301 39 L'attribution
589 3380 76 40 par
684 3369 61 38 les
783 3366 200 41 Hindous
1021 3367 52 39 de
1096 3365 151 39 chants
1271 3361 199 51 spéciaux
1503 3373 83 26 aux
1624 3359 241 39 différentes
1906 3355 164 39 saisons
2104 3355 51 37 de

144 3432 159 41 l'année
321 3441 102 43 peut
444 3433 88 39 être
570 3431 264 52 rapprochée
858 3431 51 38 de
932 3431 40 38 la
994 3428 184 41 division
1215 3427 56 38 du
1312 3426 94 48 jour
1442 3425 52 38 de
1519 3436 52 37 24
1591 3423 151 38 heures
1766 3432 54 27 en
1842 3420 61 38 six
1943 3417 211 51 périodes,

144 3506 98 29 avec
264 3497 72 38 des
360 3497 150 38 chants
533 3494 269 53 particuliers
823 3494 22 37 à
865 3493 163 51 chaque
1051 3489 195 54 période.
1268 3488 66 38 Au
1356 3494 137 42 temps
1513 3487 56 37 du
1592 3484 62 38 roi
1672 3483 155 47 Akber,
1851 3493 59 26 un
1947 3478 207 39 musicien

144 3557 82 39 très
247 3558 159 47 habile,
433 3558 85 38 Mia
550 3557 205 49 Tonsine,
779 3563 126 44 ayant
937 3554 152 40 chanté
1113 3564 53 27 en
1191 3549 115 52 plein
1329 3548 103 38 midi
1454 3548 38 38 le
1515 3549 99 51 Rag
1649 3547 49 36 de
1737 3545 41 37 la
1817 3550 102 36 nuit,
1944 3540 211 51 produisit

146 3620 175 40 aussitôt
339 3620 245 40 l'obscurité
608 3633 71 25 sur
702 3620 179 49 l'espace
904 3619 56 37 où
981 3615 159 52 portait
1163 3614 39 38 la
1223 3611 110 42 voix.
1360 3611 84 49 (Sir
1467 3613 67 34 W.
1553 3606 218 51 Ouseley.)
