2342 3914
1114 218 94 47 LA

282 358 642 99 REVUE
1064 365 975 100 MUSICALE

350 522 206 48 (Honorée
579 523 121 38 d'une
722 526 285 46 souscription
1030 527 53 37 du
1106 528 218 39 Ministère
1349 531 48 38 de
1418 532 295 40 l'lnstruction
1735 534 229 49 publique.)

445 1074 290 59 COURS
797 1075 113 59 DU
962 1060 370 76 COLLÈGE
1400 1079 97 59 DE
1553 1080 321 59 FRANCE

673 1410 220 44 Etudes
926 1411 69 42 de
1029 1411 188 53 magie
1249 1411 282 43 musicale

780 1539 60 31 LA
877 1539 136 31 PLUIE
1046 1540 58 30 ET
1142 1540 55 30 LE
1227 1540 120 30 BEAU
1376 1539 169 31 TEMPS.

1572 1412 77 55 PI-

152 1633 71 47 Le
245 1633 146 46 chant
419 1630 228 65 magique
675 1632 108 62 che\
814 1632 66 47 les
901 1632 299 59 Mexicains,
1224 1632 66 45 les
1318 1632 157 47 tribus
1508 1630 248 49 indiennes
1786 1629 59 48 de
1874 1630 295 63 VAmérique

215 1712 65 48 du
311 1710 165 58 Nord,
513 1713 62 47 les
626 1712 222 59 Chinois,
876 1712 65 47 les
971 1710 250 61 Hindous,
1254 1712 66 47 les
1350 1712 302 62 Egyptiens,
1685 1712 66 47 les
1783 1710 382 51 Gréco-Latins.

219 1862 73 45 La
321 1859 166 65 magie
516 1859 244 50 musicale
784 1872 74 34 est
881 1859 201 61 fondée,
1107 1873 197 33 comme
1328 1859 44 46 la
1395 1858 163 62 magie
1574 1859 266 56 manuelle,
1863 1874 83 31 sur
1971 1858 40 45 le
2029 1858 111 62 prin-

153 1943 109 62 cipe
295 1943 60 47 de
387 1942 321 61 l'imitation;
739 1952 48 35 et
821 1942 92 45 elle
957 1953 74 34 est
1062 1940 266 64 appliquée
1358 1944 26 43 à
1422 1952 165 35 toutes
1623 1940 68 46 les
1713 1940 367 47 circonstances
2110 1940 59 46 de

153 2025 45 46 la
228 2024 76 48 vie
330 2039 90 49 par
455 2024 70 46 les
557 2023 258 63 primitifs.
847 2024 55 46 Je
941 2022 339 48 l'examinerai
1310 2024 123 46 dans
1463 2023 129 47 deux
1620 2038 97 42 cas,
1750 2020 235 64 indiqués
2010 2037 88 46 par
2128 2020 41 46 le

153 2105 117 47 titre
300 2107 60 45 de
389 2117 126 35 cette
539 2107 167 45 étude.

1158 2324 18 44 I

218 2480 145 47 Nous
386 2476 129 50 voici
548 2476 125 47 dans
697 2491 69 32 un
790 2490 119 48 pays
938 2474 143 47 brûlé
1117 2474 59 45 de
1214 2471 159 59 soleil,
1408 2486 61 32 au
1495 2470 232 62 Mexique
1750 2472 23 58 (
1775 2470 177 47 Sierra
1973 2466 193 50 Madra

153 2559 337 61 occidentale).
538 2559 95 45 Les
682 2555 161 66 pluies
886 2571 33 47 y
948 2566 116 36 sont
1106 2554 116 47 bien
1260 2552 316 47 abondantes
1600 2563 14 49 ;
1655 2551 125 47 mais
1817 2550 244 47 l'altitude
2085 2565 54 31 au-

156 2641 178 47 dessus
357 2641 61 47 de
451 2640 45 47 la
527 2655 106 32 mer
669 2650 74 36 est
778 2640 102 45 très
909 2635 347 50 considérable
1285 2631 109 66 (2.07
1416 2631 21 66 g
1459 2631 65 66 111
1531 2671 9 10 •
1573 2650 26 29 a
1630 2631 210 61 Mexico)
1878 2643 47 35 et
1954 2632 188 61 l'évapo-

156 2723 168 48 ration
346 2734 75 36 est
451 2726 364 42 extrêmement
846 2718 172 64 rapide
1037 2735 13 42 ;
1082 2719 190 46 d'autre
1304 2728 128 50 part,
1472 2716 43 46 le
1547 2714 221 48 sous-sol
1798 2725 74 34 est
1902 2729 191 47 poreux
2121 2724 45 35 et

153 2805 148 47 laisse
333 2804 255 48 s'infiltrer
620 2804 69 46 les
714 2818 139 32 eaux.
900 2803 73 45 De
1003 2800 108 61 juin
1148 2803 27 43 à
1204 2799 202 47 octobre
1437 2796 228 60 environ,
1698 2796 70 46 les
1799 2796 220 47 cultures
2053 2806 118 35 sont

156 2890 263 43 menacées
444 2886 121 47 d'un
589 2885 128 47 fléau
738 2897 10 34 :
788 2884 45 46 la
862 2883 300 47 sécheresse.
1196 2881 65 46 Et
1291 2878 385 48 l'alimentation
1699 2878 263 62 populaire
1992 2892 177 48 repose

159 2984 86 32 sur
280 2969 45 46 la
350 2966 281 64 prospérité
655 2966 60 47 de
743 2982 80 30 ces
847 2965 236 47 cultures.
1112 2963 136 45 Pour
1272 2964 69 43 les
1359 2959 277 63 indigènes,
1658 2974 179 32 encore
1860 2974 61 31 au
1952 2956 218 65 premier

159 3052 139 47 stade
329 3050 61 46 de
420 3049 46 47 la
490 3048 320 56 civilisation,
835 3046 33 47 il
890 3062 33 48 y
941 3063 25 30 a
990 3062 69 30 un
1088 3043 117 48 bien
1230 3044 112 62 plus
1366 3041 234 63 précieux
1629 3055 97 49 que
1757 3041 205 61 l'argent
1986 3050 47 36 et
2053 3040 113 46 l'or:

157 3132 118 47 c'est
299 3132 126 47 l'eau
449 3132 68 47 du
538 3129 109 48 ciel.
677 3130 67 46 Le
774 3128 355 63 dispensateur
1158 3125 58 47 de
1244 3124 46 46 la
1310 3123 136 63 pluie
1477 3134 73 36 est
1587 3121 261 47 considéré
1877 3135 194 32 comme
2100 3134 70 32 un

159 3214 174 64 esprit,
381 3228 70 33 un
489 3212 117 48 dieu
642 3215 164 44 tantôt
843 3209 344 58 bienveillant,
1228 3208 162 44 tantôt
1426 3220 161 32 avare.
1630 3203 70 49 Ce
1742 3203 113 48 dieu
1892 3218 185 46 occupe
2124 3201 46 45 la

160 3295 247 64 première
437 3294 137 64 place
616 3294 124 46 dans
776 3293 193 61 chaque
1001 3289 255 65 panthéon
1293 3286 123 46 local
1459 3286 65 46 où
1562 3285 32 47 il
1624 3297 74 35 est
1732 3285 208 56 honoré,
1973 3295 195 33 comme

211 3454 54 50 (i)
292 3454 114 37 Pour
426 3450 152 49 varier,
599 3462 109 26 nous
730 3449 199 38 donnons
954 3443 270 54 aujourd'hui
1243 3441 37 39 le
1303 3449 112 31 texte
1437 3440 125 38 d'une
1586 3440 122 48 leçon
1730 3450 71 26 sur
1821 3438 39 36 la
1882 3435 148 51 magie.
2055 3435 113 38 Dans

160 3516 38 38 le
219 3515 210 52 prochain
461 3514 199 48 nhméro,
689 3524 110 27 nous
841 3510 289 51 reprendrons
1150 3507 40 37 la
1224 3502 264 54 publication
1519 3502 56 38 du
1604 3514 124 25 cours
1768 3513 69 25 sur
1872 3497 225 41 l'Histoire
2116 3497 52 38 du

161 3579 159 38 théâtre
350 3576 183 52 lyrique.

2045 3654 10 20 I

251 3662 43 32 H.
318 3661 51 33 M.

2021 757 93 37 1908

1117 746 45 37 15
1190 747 98 39 Juin

205 741 54 37 N°
286 741 63 38 12
378 741 262 48 (huitième
661 745 173 46 année)
