2342 3914
751 272 143 28 COURS
927 273 59 27 DU
1023 264 200 36 COLLÈGE
1258 273 55 26 DE
1348 273 171 27 FRANCE

2070 274 77 38 339

140 738 62 31 ou
233 721 125 47 dans
388 721 44 47 la
460 721 215 48 Passion
696 721 130 47 selon
847 721 135 47 saint
1006 721 126 47 Jean
1155 735 14 31 :

136 1191 27 30 o
179 1190 30 31 u
234 1188 198 39 encore,
460 1173 127 47 dans
616 1172 46 47 la
685 1172 211 47 Passion
925 1172 131 48 selon
1079 1172 130 47 saint
1236 1172 245 47 Matthieu
1498 1186 11 32 :

199 1578 80 45 Au
309 1575 146 64 point
481 1576 60 47 de
573 1592 93 31 vue
691 1576 60 47 de
772 1576 46 46 la
842 1573 359 65 composition,
1224 1585 124 35 cette
1369 1572 217 48 mélodie
1611 1571 120 47 offre
1752 1586 69 31 un
1851 1569 222 62 exemple
2096 1570 59 46 de

141 1674 50 30 ce
228 1674 97 45 que
369 1657 70 46 les
478 1656 308 48 théoriciens
816 1668 88 37 ont
934 1656 195 63 appelé,
1165 1656 125 46 dans
1327 1656 45 45 la
1402 1653 236 62 musique
1670 1663 219 43 savante,
1922 1651 41 45 le
1988 1650 169 46 Rondo

141 1738 56 47 de
207 1739 249 62 première
478 1740 169 61 espèce
666 1741 96 53 (un
790 1738 168 47 thème
984 1736 129 49 suivi
1139 1737 119 46 d'un
1295 1735 222 63 épisode,
1560 1733 113 63 puis
1703 1734 60 45 de
1793 1733 45 45 la
1873 1731 188 62 reprise
2091 1732 66 45 du

143 1820 164 47 thème
355 1835 60 31 en
449 1820 165 47 forme
661 1822 59 46 de
746 1819 187 48 refrain
957 1821 76 45 :A
1055 1820 37 45 B
1118 1820 99 58 A').

204 1903 69 45 Le
304 1903 278 46 document
605 1902 171 63 publié
802 1917 88 46 par
921 1900 272 49 Lumholtz
1223 1916 26 29 a
1278 1902 75 43 été
1385 1896 219 49 recueilli
1628 1912 90 46 par
1741 1896 69 46 les
1836 1893 323 64 populations

146 1984 233 46 actuelles
403 1985 67 46 du
494 1983 236 63 Mexique
756 1995 13 49 ;
807 1982 128 47 mais
958 1982 33 47 il
1026 1993 119 51 peut
1177 1986 102 41 être
1304 1978 296 64 rapproché,
1635 1992 61 31 en
1725 1992 93 30 vue
1849 1976 144 46 d'une
2025 1989 100 31 com-

148 2065 234 63 paraison
419 2065 247 56 curieuse,
708 2066 87 45 des
818 2075 332 36 monuments
1181 2063 184 61 figurés
1396 2077 96 45 que
1522 2075 127 31 nous
1672 2058 281 63 possédons
1978 2070 85 32 sur
2091 2056 69 44 les

147 2147 273 47 Mexicains
457 2148 60 46 de
557 2147 232 63 l'époque
834 2144 486 64 pré-colombienne.
1361 2143 136 45 Dans
1538 2152 138 35 toute
1719 2139 44 45 la
1799 2137 174 62 région
1997 2137 163 44 élevée

148 2229 83 62 qui
263 2230 192 46 s'étend
480 2241 182 35 autour
685 2229 66 47 du
777 2227 169 47 bassin
968 2227 215 45 lacustre
1205 2226 123 45 dont
1357 2223 193 46 Mexico
1574 2220 124 47 tient
1722 2220 42 45 le
1789 2230 184 42 centre,
1999 2216 111 63 puis
2137 2219 25 42 à

148 2310 104 47 l'est
285 2326 113 31 vers
438 2311 45 46 la
506 2325 109 32 mer
644 2321 47 35 et
723 2325 62 31 au
827 2309 93 47 sud
953 2322 111 32 vers
1089 2306 218 46 l'isthme
1338 2305 59 45 de
1424 2303 375 60 Téhuantépec,
1832 2316 26 29 a
1884 2298 204 47 dominé
2119 2297 42 45 le

148 2392 127 46 culte
318 2392 88 46 des
444 2391 151 48 dieux
631 2391 296 62 Tlaloques,
965 2389 115 46 c'est
1105 2387 159 47 à-dire
1300 2387 86 45 des
1416 2385 148 46 dieux
1587 2379 459 62 météorologiques
2075 2377 88 62 qui

150 2474 267 46 accordent
451 2472 44 47 la
535 2471 154 64 pluie,
725 2483 47 35 et
802 2470 87 63 qui
920 2481 89 36 ont
1038 2484 129 47 pour
1190 2467 116 47 chef
1323 2467 189 45 Tlaloc.
1541 2464 39 46 Il
1608 2480 31 45 y
1663 2479 25 30 a
1712 2467 163 41 même
1898 2475 85 31 sur
2006 2460 42 44 le
2086 2458 60 46 lit-

149 2555 124 46 toral
304 2554 216 47 oriental
551 2570 98 31 une
680 2553 155 58 tribu,
861 2551 118 47 celle
1012 2551 87 46 des
1132 2549 305 57 Nonoalcas,
1463 2545 88 63 qui
1586 2555 143 51 porte
1762 2543 104 46 l'un
1900 2542 86 45 des
2016 2554 149 31 noms

151 2636 231 62 antiques
414 2636 66 47 du
506 2634 116 49 dieu
663 2636 60 46 de
765 2635 45 46 la
847 2632 156 65 pluie,
1041 2629 300 49 Nonoalcalt
1347 2664 10 12 »
1404 2630 94 44 Les
1541 2627 191 61 images
1781 2625 59 45 de
1880 2639 78 30 ces
1997 2620 162 53 dieux,

150 2718 211 47 décrites
393 2733 62 31 en
498 2717 151 48 détail
681 2718 156 62 parle
878 2717 42 45 D
925 2724 15 18 r
971 2714 279 64 Hamy(i),
1282 2724 88 35 ont
1411 2712 42 45 le
1493 2709 247 47 caractère
1778 2704 259 48 saisissant
2079 2703 87 44 des

151 2799 266 48 habitudes
437 2801 60 46 de
522 2799 45 46 la
587 2799 182 62 magie,
801 2814 82 32 car
913 2798 118 46 elles
1068 2795 281 64 paraissent
1381 2791 306 48 constituées
1715 2788 193 62 d'après
1933 2787 43 44 le
2002 2786 162 44 même

152 2880 223 64 principe
407 2897 96 47 que
535 2881 45 46 la
619 2879 216 47 mélodie
873 2879 87 63 qui
998 2879 137 46 vient
1170 2878 154 46 d'être
1355 2873 123 47 citée
1499 2885 9 33 :
1550 2872 117 46 elles
1699 2881 131 46 sont,
1862 2867 118 46 elles
2010 2864 152 59 aussi,

152 2978 96 30 une
280 2962 243 47 imitation
535 2998 11 12 .
586 2961 165 59 Ainsi,
784 2962 124 45 dans
953 2959 244 47 certaines
1228 2952 430 67 représentations
1694 2961 381 35 monstrueuses
2106 2945 58 45 de

154 3042 183 62 l'idole,
363 3044 70 47 les
457 3045 146 45 dents
634 3044 212 62 perdent
870 3042 107 46 leur
1000 3039 170 49 dessin
1191 3036 214 56 naturel,
1441 3032 368 49 s'amincissent
1839 3041 46 35 et
1915 3044 49 30 se
1994 3025 143 47 multi-

154 3123 160 64 plient
338 3142 24 28 «
388 3140 61 32 au
480 3124 146 63 point
654 3125 61 46 de
752 3123 214 63 pouvoir
998 3137 173 48 passer
1209 3133 130 49 pour
1376 3117 45 45 la
1458 3113 233 48 striation
1730 3112 58 46 de
1822 3111 44 45 la
1901 3107 134 63 pluie
2077 3104 87 63 qui

155 3207 234 47 tombe».
424 3204 172 62 (Croix
631 3206 59 46 de
727 3205 45 46 la
807 3204 155 63 pluie,
1003 3203 133 61 Cru\
1171 3200 58 47 de
1257 3199 48 46 la
1327 3196 198 59 Lluvia,
1565 3198 26 43 à
1620 3188 420 59 Téotihuancan.)
2080 3186 84 46 Un

156 3287 167 47 dessin
346 3286 89 63 qui
459 3297 74 36 est
556 3285 322 61 aujourd'hui
899 3289 26 43 à
943 3285 43 46 la
1004 3283 356 59 Bibliothèque
1384 3276 253 48 nationale
1657 3271 281 64 (collection
1961 3266 203 60 Goupil)

155 3383 127 33 nous
312 3380 200 36 montre
536 3368 42 46 le
609 3367 116 48 dieu
752 3367 175 47 Tlaloc
957 3373 175 40 tenânt
1170 3364 124 46 dans
1334 3375 52 31 sa
1425 3356 137 49 main
1594 3372 69 31 un
1701 3365 190 49 sceptre
1934 3363 60 30 en
2034 3346 127 57 bois,

206 3555 53 49 (i)
283 3555 65 40 Cf.
374 3555 61 39 les
470 3554 160 51 images
657 3554 53 39 de
743 3565 69 28 ces
854 3553 127 38 dieux
1004 3547 231 42 mexicains
1258 3543 71 52 qui
1355 3551 96 31 sont
1479 3553 54 27 au
1559 3539 144 38 musée
1727 3530 362 50 ethnographique
2111 3528 55 37 du

156 3612 259 44 Trocadéro.
