2342 3914
555 283 271 31 DOCUMENTS
853 285 8 24 :
898 268 265 40 L'ACADÉMIE
1198 280 56 26 DE
1288 275 142 32 DANÔE
1463 280 52 26 ET
1550 276 135 30 LOUIS
1718 274 69 29 XiV

172 276 78 51 366

1140 435 41 29 2.

227 525 84 40 Les
343 523 90 40 dits
452 524 140 51 treize
612 522 185 40 anciens
819 515 365 44 s'assembleront
1203 527 86 29 une
1296 515 108 54 fois
1428 515 40 40 le
1492 513 115 42 mois
1614 546 9 17 y
1647 526 59 28 au
1736 513 90 41 lieu
1847 519 44 34 et
1916 514 169 41 maison
2106 518 72 52 qui

169 607 104 27 sera
305 591 25 40 à
365 598 66 33 cet
469 589 106 58 effet
600 603 94 40 par
734 602 89 27 eux
862 585 170 43 choisie
1068 591 43 35 et
1141 584 128 55 prise
1308 583 25 41 à
1370 583 126 52 frais
1534 595 247 37 communs,
1815 595 121 40 pour
1971 583 207 50 conférer

172 661 204 40 entr'eux
417 658 58 41 du
506 658 97 55 fait
635 659 55 40 de
712 659 166 49 Danse,
915 656 154 40 aviser
1093 660 44 35 et
1159 653 234 42 délibérer
1423 666 83 28 sur
1529 653 63 41 les
1615 664 197 44 moyens
1834 651 55 41 de
1918 652 43 40 la
1995 652 156 55 Perfec-

172 732 177 38 tionner
370 736 42 34 et
436 729 216 54 corriger
685 728 64 41 les
770 725 108 42 abus
909 723 80 56 qui
1003 737 49 41 y
1077 729 196 48 peuvent
1295 722 132 41 avoir
1450 721 74 42 été
1546 735 59 28 ou
1634 720 272 54 pourroient
1925 718 100 43 être
2049 721 108 43 intro-

173 797 145 43 duits.

1162 933 39 42 3.

228 1033 43 42 Il
285 1047 103 28 sera
403 1034 94 54 fait
528 1032 138 41 choix
685 1037 126 35 entre
846 1028 157 42 lesdits
1026 1028 183 41 anciens
1252 1027 54 41 de
1329 1027 122 42 deux
1481 1026 272 52 d'entr'eux,
1776 1039 119 41 pour
1933 1025 27 41 à
1994 1033 102 35 tour
2128 1028 48 42 de

173 1103 97 40 rôle
300 1115 46 29 se
367 1109 187 34 trouver
588 1101 41 40 le
648 1098 208 51 Samedy
871 1097 54 42 de
944 1097 168 55 chaque
1134 1097 214 50 semaine,
1366 1110 123 41 pour
1497 1110 49 41 y
1569 1096 209 41 recevoir
1798 1108 118 28 ceux
1937 1094 77 43 des
2032 1103 144 37 autres

175 1171 221 41 Maistres
433 1169 27 42 à
495 1170 193 49 Danser,
727 1181 57 29 ou
819 1173 156 35 autres
1012 1165 78 57 qui
1131 1179 47 28 se
1216 1165 227 43 voudront
1484 1170 297 37 entremettre
1814 1164 287 55 d'enseigner
2136 1168 39 40 la

173 1242 167 51 Danse,
365 1246 42 34 et
432 1240 62 40 les
517 1238 220 41 instruire
760 1237 214 41 touchant
997 1236 43 40 la
1063 1236 203 41 manière
1288 1235 56 42 de
1367 1235 184 50 danser,
1578 1240 42 35 et
1641 1240 207 36 montrer
1881 1240 101 35 tant
2012 1235 60 41 les
2106 1249 46 28 an-

172 1310 177 40 ciennes
369 1322 84 41 que
475 1307 229 41 nouvelles
729 1306 171 41 Danses
922 1304 78 56 qui
1021 1311 168 35 auront
1225 1304 95 42 esté
1357 1318 57 27 on
1452 1310 159 35 seront
1646 1303 229 41 inventées
1905 1315 92 42 par
2028 1304 146 42 lesdits

174 1378 138 53 treize
343 1376 188 41 Anciens
550 1389 10 39 ;
596 1389 51 27 en
688 1381 131 35 sorte
848 1386 84 44 que
955 1386 116 29 ceux
1106 1373 80 56 qui
1221 1387 92 27 sen
1349 1372 227 42 voudront
1616 1372 243 50 instruire,
1897 1384 47 28 se
1974 1373 197 52 puissent

174 1445 167 41 rendre
353 1446 103 53 plus
478 1444 210 54 capables
712 1444 53 41 de
786 1449 211 36 montrer
1020 1449 43 35 et
1082 1442 145 42 éviter
1250 1444 64 40 les
1332 1442 112 42 abus
1484 1450 40 33 et
1566 1443 63 40 les
1671 1440 253 43 mauvaises
1946 1440 228 44 habitudes

176 1513 133 56 qu'ils
324 1514 272 55 pourroient
609 1527 118 42 pour
750 1526 47 28 ce
820 1513 131 42 avoir
969 1511 295 43 contractées.

1161 1671 44 40 4.

241 1749 136 44 Toute
414 1760 117 32 sorte
567 1750 54 42 de
661 1764 247 41 personnes
949 1751 54 41 de
1054 1752 188 53 quelque
1280 1751 177 55 qualité
1494 1758 43 34 et
1572 1750 239 42 condition
1851 1751 132 55 qu'ils
2025 1753 145 49 soient,

176 1826 225 42 montres,
425 1819 77 50 fils
518 1818 54 41 de
594 1819 222 41 Maistres
840 1826 43 33 et
914 1825 173 43 autres,
1111 1825 171 34 auront
1304 1819 153 42 entrée
1492 1819 115 41 dans
1643 1819 144 42 ladite
1815 1820 129 52 salle,
1971 1826 41 35 et
2033 1826 139 35 seront

174 1902 158 28 receus
353 1891 25 38 à
401 1887 262 42 s'instruire
692 1888 77 41 des
802 1887 152 42 choses
976 1887 217 54 susdites,
1233 1894 43 36 et
1299 1889 63 41 les
1399 1889 261 56 apprendre
1684 1889 53 41 de
1758 1891 43 39 la
1826 1889 165 41 bouche
2025 1896 40 35 et
2092 1903 79 41 par

174 1959 61 40 les
257 1957 340 56 enseignemens
620 1959 76 54 qui
715 1964 156 35 seront
899 1958 169 41 donnés
1102 1972 91 41 par
1229 1958 161 42 lesdits
1412 1959 201 41 Anciens
1650 1973 95 27 aux
1786 1966 157 34 autres
1969 1959 205 41 Maistres

171 2025 133 41 dudit
323 2026 106 41 Art.

1160 2164 37 40 5.

227 2253 233 42 Pourront
481 2255 127 39 aussi
627 2254 63 40 les
708 2261 154 35 autres
886 2254 195 42 Anciens
1103 2255 174 42 desdits
1301 2255 156 55 treize,
1484 2269 48 29 se
1544 2262 187 36 trouver
1753 2256 112 42 dans
1889 2255 109 43 ledit
2019 2255 84 41 lieu
2122 2267 49 29 ou

169 2324 117 40 salle
306 2334 107 30 avec
433 2322 154 42 lesdits
608 2322 202 54 Députés
833 2324 109 40 ledit
953 2322 130 57 jour,
1103 2338 121 40 pour
1232 2338 49 42 y
1300 2324 177 42 donner
1497 2326 101 40 leur
1628 2326 97 41 avis
1746 2340 82 27 sur
1852 2327 63 40 les
1934 2326 149 41 choses
2104 2324 67 55 qui

170 2391 74 55 s'y
261 2391 339 54 présenteront,
628 2399 41 34 et
690 2392 63 41 les
774 2392 297 42 instructions
1094 2400 44 34 et
1162 2394 340 55 enseignemens
1531 2397 78 53 qui
1631 2396 100 40 leur
1764 2401 158 35 seront
1944 2390 227 45 demandés

169 2460 213 40 touchant
415 2459 185 41 lesdites
624 2460 175 41 Danses
820 2461 244 55 quoiqu'ils
1102 2475 54 28 ne
1187 2463 149 40 soient
1354 2476 86 40 pas
1464 2463 54 40 de
1545 2463 176 42 service
1745 2471 44 34 et
1825 2466 53 39 de
1913 2463 192 42 semaine
2124 2473 46 28 en

174 2527 141 41 ladite
337 2527 261 42 Académie.

1154 2665 41 42 6.

226 2754 85 41 Les
327 2761 156 34 autres
507 2755 223 42 Maistres
749 2757 275 56 enseignans
1047 2759 42 40 la
1117 2760 153 41 Danse
1292 2759 113 42 dans
1432 2760 143 42 ladite
1606 2761 116 43 Ville
1741 2769 44 35 et
1805 2761 291 55 fauxbourgs
2120 2757 49 43 de

172 2821 151 54 Paris,
344 2831 231 46 pourront
596 2825 184 55 aspirer
805 2828 26 39 à
853 2834 122 34 estre
1016 2827 58 41 du
1112 2828 185 42 nombre
1329 2829 175 43 desdits
1526 2833 185 40 anciens
1734 2839 43 34 et
1811 2832 294 41 académistes
2132 2834 37 35 et

172 2897 120 35 estre
326 2905 160 28 receus
508 2900 44 34 et
573 2893 145 42 admis
750 2908 51 28 en
827 2895 143 42 ladite
1010 2896 264 52 Académie,
1300 2912 50 28 en
1376 2912 74 28 cas
1470 2900 133 54 qu'ils
1625 2914 53 28 en
1702 2901 147 41 soient
1861 2900 140 56 jugés
2023 2900 147 53 dignes

170 2966 45 34 et
236 2959 208 55 capables
453 2974 93 40 par
571 2962 156 41 lesdits
755 2965 196 41 Anciens
982 2968 25 38 à
1034 2966 42 40 la
1093 2967 230 54 pluralité
1342 2968 78 41 des
1441 2969 110 40 voix
1574 2982 14 34 ;
1616 2973 135 51 après
1773 2983 83 42 que
1881 2969 156 42 lesdits
2061 2964 87 56 aspi-

170 3041 111 28 rans
295 3034 171 36 auront
483 3042 51 28 en
549 3031 43 39 la
605 3041 224 43 presence
852 3033 172 43 desdits
1048 3036 212 50 Anciens,
1280 3050 57 27 au
1348 3035 122 56 jour
1492 3038 80 55 qui
1591 3051 107 29 sera
1713 3053 91 40 par
1826 3052 89 28 eux
1936 3038 26 41 à
1985 3044 67 35 cet
2074 3033 95 58 effet

168 3096 200 55 assigné,
386 3097 95 54 fait
505 3099 210 43 exercice
737 3101 56 42 de
826 3108 123 36 toute
972 3111 125 34 sorte
1118 3104 56 42 de
1205 3105 179 42 Danses
1415 3113 96 35 tant
1544 3107 245 43 anciennes
1821 3121 84 42 que
1936 3104 230 45 nouvelles,

170 3171 44 35 et
234 3178 136 29 meme
406 3166 55 41 de
484 3180 88 41 pas
596 3168 53 41 de
673 3169 169 53 Ballet,
869 3185 53 28 en
955 3180 186 48 payant
1166 3187 90 41 par
1291 3175 159 41 lesdits
1485 3177 213 55 aspirans
1734 3178 42 40 la
1809 3189 165 30 somme
2007 3175 51 41 de
2079 3175 89 39 cent

168 3234 242 55 cinquante
435 3236 138 41 livres
605 3251 121 40 pour
750 3239 66 42 les
832 3239 79 54 fils
930 3241 54 42 de
1008 3243 242 51 Maistres,
1277 3250 43 35 et
1350 3246 119 40 trois
1488 3259 105 29 cens
1614 3246 139 43 livres
1783 3260 125 43 pour
1925 3248 61 39 les
2007 3248 159 40 autres,

168 3302 183 43 lesdites
387 3317 190 30 sommes
606 3307 281 54 applicables
922 3324 95 28 aux
1056 3324 255 40 ornemens,
1345 3314 125 52 frais
1506 3322 45 34 et
1581 3316 217 55 dépenses
1835 3325 249 33 communes
2120 3308 48 42 de

167 3370 144 43 ladite
337 3373 263 41 Académie.

1148 3532 43 41 7

229 3598 120 43 Tous
379 3615 117 29 ceux
527 3604 80 54 qui
627 3604 229 45 voudront
869 3608 138 56 faire
1042 3613 263 54 profession
1329 3616 55 41 de
1409 3617 153 43 Danse
1584 3631 54 29 en
1659 3618 144 44 ladite
1830 3617 116 45 Ville
1977 3621 42 37 et
2037 3616 128 51 faux-
