2342 3914
969 272 421 32 CORRESPONDANCE

179 276 80 57 362

177 379 213 43 voudrais
410 377 101 40 voir
539 376 191 52 adopter
755 373 111 40 dans
903 376 98 34 tous
1031 369 63 39 les
1114 377 150 30 conset
1282 370 140 35 vatoit
1440 375 41 28 es
1502 368 43 37 et
1574 361 114 41 dans
1714 361 62 40 les
1796 374 48 44 gt
1861 361 115 41 ands
2008 375 39 28 o)
2063 363 92 45 ches-

182 456 111 35 très.

234 517 194 49 Agréez,
449 513 106 42 cher
579 512 251 51 Monsieur,
850 511 278 38 l'assurance
1150 504 55 42 de
1226 515 89 29 mes
1336 501 261 42 sentiments
1620 497 274 56 distingués.

1641 568 142 41 Votre
1805 566 185 52 dévoué,

1552 650 52 44 L.
1635 647 433 48 MANCINELLI.

235 800 166 54 J'aurai
418 799 38 40 le
481 799 168 52 plaisir,
677 799 35 38 si
733 808 110 29 vous
868 806 70 28 me
960 792 39 40 le
1023 797 260 47 permettez,
1307 788 55 40 de
1381 799 112 29 vous
1516 798 209 41 envoyer,
1760 797 115 40 pour
1899 799 58 26 un
1977 786 200 51 prochain

180 868 165 49 article,
371 868 195 40 d'autres
590 867 264 40 documents
888 863 75 52 qui
987 864 311 50 présenteront
1329 857 40 41 la
1394 857 208 52 question
1636 868 106 28 sous
1775 868 60 26 un
1857 853 55 40 de
1935 867 68 27 ses
2043 864 134 34 autres

206 946 189 44 aspects,
433 946 42 33 et
512 949 110 31 vous
643 936 95 54 prie
781 934 206 49 d'agréer
1023 927 276 42 l'assurance
1333 927 54 40 de
1411 940 95 26 mes
1546 931 88 35 très
1674 924 202 42 amicaux
1912 924 265 46 sentiments.

1587 1023 214 43 GUSTAVE
1824 1022 144 52 LYON,

1401 1093 191 35 Directeur
1614 1093 44 33 de
1684 1094 32 30 la
1740 1091 139 33 maison
1901 1092 137 41 Pleyel.

1128 1281 45 4 —
1210 1256 128 45 Nous
1363 1268 213 29 recevons
1601 1254 38 41 la
1665 1254 127 40 lettre
1824 1254 201 42 suivante
2044 1268 8 25 :

1642 1353 114 40 Paris,
1778 1353 20 32 8
1813 1352 76 43 juin
1921 1352 101 45 1908.

406 1455 247 42 MONSIEUR
687 1467 51 26 ET
762 1465 117 26 CHER
902 1449 284 47 DIRECTEUR,

237 1549 81 55 J'ai
343 1550 42 40 lu
405 1562 103 28 avec
530 1548 142 51 grand
696 1549 158 38 intérêt
879 1546 38 40 le
941 1542 317 55 remarquable
1279 1542 153 41 article
1456 1542 54 40 de
1534 1538 63 43 M.
1623 1538 209 53 Quittard
1874 1551 75 27 sur
1968 1536 212 57 Hippolyte

183 1624 36 34 et
240 1617 147 41 Aricie
395 1650 7 17 ,
428 1618 151 52 publié
602 1617 111 41 dans
738 1616 37 40 la
801 1614 142 41 Revue
966 1613 203 41 musicale
1185 1613 59 40 du
1272 1627 10 25 i
1293 1616 32 18 er
1345 1612 109 52 juin.
1487 1609 63 42 Ce
1571 1608 158 43 travail
1754 1608 54 40 de
1830 1616 124 32 votre
1971 1607 208 51 distingué

183 1686 327 42 collaborateur
527 1684 81 42 m'a
625 1688 193 47 suggéré
837 1684 217 52 quelques
1072 1682 236 41 réflexions
1331 1693 85 40 que
1434 1681 38 52 je
1492 1692 70 28 me
1580 1686 195 46 permets
1799 1677 53 40 de
1870 1689 109 28 vous
1996 1689 181 40 exposer.

239 1755 184 41 Chacun
444 1753 102 43 s'est
569 1754 183 42 accordé
777 1757 20 36 à
833 1754 98 39 voir
954 1752 112 40 dans
1105 1750 148 42 l'abbé
1277 1750 231 51 Pellegrin
1532 1763 60 27 un
1617 1753 129 48 poète
1782 1746 245 49 médiocre;
2053 1746 127 42 c'était

182 1825 170 52 justice.
372 1823 117 41 Mais
512 1836 222 40 personne
752 1820 67 42 n'a
842 1825 141 47 songé
1000 1834 101 39 que,
1125 1821 53 40 de
1195 1819 81 42 Lui
1285 1820 8 40 1
1301 1822 11 38 i
1339 1823 22 36 à
1386 1816 161 53 Gluck,
1566 1816 164 54 l'opéra
1749 1824 66 32 est
1835 1830 58 26 un
1911 1829 82 39 peu
2014 1818 20 38 à
2056 1815 36 41 la
2107 1823 73 32 tra»

183 1893 129 52 gédie
352 1906 46 27 ce
421 1905 84 40 que
545 1892 38 41 la
618 1891 182 53 parodie
823 1891 58 40 du
916 1891 170 40 théâtre
1112 1890 52 40 de
1188 1890 40 40 la
1270 1889 130 41 Foire
1424 1896 65 33 est
1528 1891 21 37 à
1592 1886 200 53 l'Opéra.
1820 1883 64 43 Or
1918 1892 107 34 cette
2059 1884 121 42 vérité

183 1961 166 41 fournit
374 1961 294 54 l'explication
689 1961 54 40 de
775 1961 191 40 maintes
997 1958 238 42 faiblesses
1261 1958 268 53 livresques.

240 2029 32 41 Il
296 2043 54 27 ne
369 2029 94 41 faut
483 2043 80 40 pas
584 2029 172 41 oublier
781 2043 85 39 que
886 2027 146 42 l'abbé
1053 2028 226 51 Pellegrin
1303 2028 136 39 vivait
1453 2039 54 28 en
1531 2037 156 39 marge
1707 2025 53 40 de
1780 2024 39 41 la
1841 2025 160 41 société
2023 2022 155 50 dévote,

181 2112 53 27 en
256 2113 59 26 un
343 2099 162 39 monde
526 2105 56 34 où
606 2098 39 40 le
669 2097 267 52 libertinage
960 2098 77 40 des
1061 2098 121 40 idées
1202 2096 152 42 faisait
1392 2095 91 42 bon
1507 2107 250 29 commerce
1796 2107 104 27 avec
1923 2093 8 40 1
1952 2091 228 54 hypocrisie

183 2168 76 40 des
284 2175 130 33 mots.
442 2166 88 42 Par
564 2180 80 28 son
669 2167 236 41 éducation
945 2167 229 48 littéraire,
1201 2180 80 38 par
1318 2166 39 40 le
1385 2173 101 33 tour
1508 2164 54 41 de
1604 2177 71 29 ses
1699 2163 302 53 conceptions,
2025 2174 75 39 par
2120 2171 60 28 ses

183 2234 353 55 fréquentations
558 2239 160 44 même,
745 2249 47 27 ce
814 2235 169 54 dévoyé
1005 2236 54 40 de
1082 2234 186 52 l'Eglise
1295 2236 106 39 était
1424 2233 246 55 parodiste,
1692 2241 41 32 et
1756 2231 29 41 il
1806 2231 39 41 le
1869 2231 138 40 savait
2038 2230 32 39 si
2093 2227 87 41 bien

184 2303 105 53 qu'il
313 2313 93 32 crut
426 2305 194 52 prudent
641 2305 278 53 d'expliquer
942 2318 72 27 ses
1034 2305 247 41 intentions
1305 2304 112 40 dans
1451 2316 87 28 une
1561 2301 175 54 préface
1760 2302 76 51 qui
1860 2308 65 33 est
1947 2314 57 26 un
2024 2295 156 45 modèle

182 2373 53 40 de
254 2375 338 39 raisonnement
613 2373 257 53 paradoxal.
890 2373 128 50 (Voir
1032 2373 38 42 le
1087 2373 114 42 beau
1218 2373 158 41 travail
1391 2373 55 40 de
1465 2371 63 42 M.
1550 2371 190 41 Charles
1758 2368 247 49 Malherbe,
2027 2364 155 43 l'érudit

184 2446 21 37 à
230 2443 75 51 qui
329 2455 114 28 nous
476 2443 170 40 devons
685 2443 61 40 les
791 2444 345 40 commentaires
1179 2443 79 41 des
1290 2455 178 29 œuvres
1511 2441 54 42 de
1607 2440 206 41 Rameau
1856 2439 111 40 dans
2004 2436 177 43 l'édition

185 2509 222 51 Durand.)

240 2577 87 54 Qui
351 2592 113 28 nous
487 2580 62 41 dit
575 2594 84 40 que
678 2582 190 40 l'auteur
891 2582 54 40 de
966 2582 10 40 1
996 2580 219 41 Imitation
1236 2582 50 38 de
1308 2578 294 52 Jésus-Christ
1622 2576 132 55 (mise
1777 2591 55 28 en
1865 2577 221 50 cantiques
2109 2585 73 27 SUR

185 2661 81 26 DES
291 2662 98 26 AIRS
411 2648 186 42 D'OPÉRA
624 2648 30 54 !)
679 2664 54 27 ne
757 2651 156 41 voulut
934 2665 95 39 pas,
1053 2651 77 41 dès
1154 2650 40 41 la
1227 2652 220 50 première
1470 2650 155 46 heure,
1662 2647 252 41 ridiculiser
1933 2658 59 28 un
2016 2642 167 43 tantinet

185 2716 39 41 la
249 2715 165 41 Phèdre
434 2718 51 40 de
522 2718 167 42 Racine
712 2723 16 37 ?
760 2718 100 54 Que
889 2733 307 28 savons-nous
1239 2720 106 41 d'un
1385 2728 113 32 texte
1540 2716 193 56 primitif
1774 2714 279 49 transformé,
2093 2720 89 30 sans

186 2785 148 49 doute,
356 2799 53 27 au
433 2791 77 46 gré
532 2787 59 41 du
626 2791 322 50 compositeur,
974 2798 41 33 et
1039 2789 189 42 n'est-ce
1251 2791 125 50 point
1413 2792 217 47 exagérer
1653 2800 87 40 que
1772 2786 95 41 dire
1889 2785 52 40 de
1980 2778 203 51 Pellegrin

187 2853 105 53 qu'il
316 2853 63 42 fut
399 2869 59 26 un
480 2857 221 40 misérable
741 2858 280 54 dramaturge
1045 2859 15 39 ?
1086 2857 48 42 Si
1177 2872 114 27 nous
1319 2867 256 45 respectons
1610 2858 40 40 le
1689 2860 220 37 caractère
1944 2853 56 40 du
2041 2859 141 40 temps,

186 2923 28 39 il
240 2928 216 47 apparaît,
483 2939 53 26 au
557 2928 238 47 contraire,
822 2940 175 28 comme
1017 2943 58 26 un
1098 2928 290 51 dramaturge
1414 2928 174 52 lyrique
1614 2925 89 43 fort
1726 2926 139 47 avisé,
1891 2922 193 52 toujours
2103 2918 80 51 prêt

188 2995 21 36 à
235 2990 194 43 sacrifier
452 3006 80 28 son
553 3003 112 32 texte
693 3010 81 26 aux
806 2998 234 49 exigences
1066 2998 241 40 musicales
1328 3006 40 32 et
1392 2999 255 51 scéniques,
1672 2996 176 40 flattant
1871 2993 39 40 le
1931 2995 106 48 goût
2056 2987 49 40 de
2125 2996 58 29 ses

187 3063 359 50 contemporains
564 3065 76 50 qui
665 3077 45 28 se
741 3067 248 40 souciaient
1014 3066 86 42 fort
1122 3081 83 39 peu
1231 3067 53 40 de
1317 3067 157 41 l'unité
1514 3065 193 42 d'action
1753 3065 112 40 dans
1889 3062 38 41 le
1967 3055 152 54 temple
2137 3057 47 36 où

188 3132 172 48 régnait
383 3130 294 53 Terpsichore
698 3146 55 27 en
781 3138 234 39 maîtresse
1036 3135 205 43 absolue.

244 3198 209 42 Relisons
478 3199 39 41 la
543 3200 125 41 lettre
691 3201 54 40 de
771 3201 202 44 Rameau
996 3208 21 37 à
1044 3204 205 43 Houdart
1272 3205 110 40 delà
1406 3204 142 42 Motte
1572 3204 67 53 (25
1666 3202 182 43 octobre
1875 3198 134 52 1727),
2033 3202 38 33 et
2088 3200 98 33 nous

185 3280 183 29 verrons
399 3281 84 40 que
508 3268 37 40 le
569 3269 247 42 théoricien
837 3281 66 32 est
927 3288 59 26 un
1008 3276 222 39 naturiste
1254 3283 40 32 et
1329 3287 90 28 non
1460 3288 60 26 un
1552 3272 325 55 psychologue.
1905 3268 29 40 Il
1967 3262 152 57 prêche
2154 3257 32 39 le

188 3349 20 25 «
232 3335 114 42 beau
370 3337 172 41 naturel
564 3351 19 24 »
609 3349 9 38 ;
644 3339 28 39 il
696 3344 175 48 évoque
895 3355 46 27 sa
967 3344 173 40 science
1162 3359 9 33 ;
1211 3343 28 40 il
1263 3343 164 41 entend
1449 3343 186 53 peindre
1658 3342 78 40 des
1761 3336 303 45 matérialités,
2088 3327 98 43 mais

186 3405 28 40 il
239 3419 55 26 ne
332 3419 44 28 se
412 3408 134 51 pique
585 3408 249 42 nullement
874 3411 25 39 d
921 3412 266 53 interpréter
1209 3412 63 41 les
1315 3420 315 34 mouvements
1663 3410 162 42 subtils
1854 3408 52 40 de
1943 3405 9 40 1
1973 3407 106 38 âme.
2104 3394 81 44 Son

185 3473 210 42 domaine
418 3488 46 28 se
486 3474 138 42 borne
655 3480 22 36 à
702 3474 290 56 l'expression
1016 3481 78 42 des
1129 3482 171 41 colères
1324 3482 186 41 célestes
1534 3491 40 31 et
1599 3481 78 41 des
1710 3481 110 53 joies
1859 3474 247 44 humaines.
2130 3462 54 41 La

188 3542 188 42 douleur
394 3544 53 41 de
468 3558 70 27 ses
558 3546 132 40 héros
725 3556 66 32 est
814 3552 22 35 à
871 3552 130 49 peine
1024 3551 58 41 du
1119 3551 442 42 désenchantement
1600 3560 41 33 et
1665 3551 118 42 leurs
1808 3556 179 35 amours
2020 3552 50 29 ne
2093 3537 92 38 vont

188 3612 159 52 jamais
365 3611 173 55 jusqu'à
557 3615 39 40 la
621 3615 195 43 sublime
835 3615 122 45 folie.

238 1281 22 26 A
293 1277 171 29 PROPOS
499 1261 301 43 D'HIPPOLYTE
835 1275 52 26 ET
920 1272 168 27 ARICIE.
