3479 4399
1743 168 69 47 46

220 315 210 48 Fräulein
464 312 222 49 Destinn's
715 311 200 63 Vortrag
945 327 97 31 war
1072 310 137 48 leider
1240 310 120 48 nicht
1390 310 227 63 geeignet,
1649 325 81 30 uns

219 392 118 49 diese
370 391 364 65 Compositionen
774 390 308 63 angenehmer
1120 405 50 29 zu
1216 387 204 47 machen.

1423 461 92 49 Ed.
1556 463 55 45 H.

333 546 217 60 Strenger
578 542 111 47 oder
718 542 214 46 vielmehr
966 542 149 46 härter
1147 540 281 48 beurtheilen
1461 540 70 45 die
1560 538 170 47 wiener

635 618 79 49 das
738 618 117 64 Spiel
882 618 231 63 Tausig's;
1142 617 62 47 sie
1236 621 185 43 räumen
1447 616 91 45 ihm
1573 616 156 45 weiter

216 714 81 48 gar
320 697 141 47 nichts
485 697 87 53 ein,
596 697 62 47 als
678 696 84 46 den
790 696 181 62 Vorzug
993 696 121 46 eines
1142 695 282 54 „eminenten
1449 692 279 47 Technikers

215 775 57 47 im
315 772 353 48 umfassendsten
710 772 137 47 Sinne
889 771 77 47 des
1007 771 202 53 Wortes,
1246 786 48 30 so
1334 768 101 48 dass
1475 769 89 46 ihm
1608 768 116 47 wohl

216 852 135 47 kaum
394 851 140 47 Einer
588 849 42 47 in
673 848 166 47 diesem
884 847 314 65 Augenblicke
1247 847 70 46 die
1359 847 172 62 Stange
1574 846 148 47 halten

460 955 57 5 —
539 926 82 47 Die
662 926 196 54 „Blätter
889 924 75 47 für
993 926 214 50 Theater,
1239 923 146 47 Musik
1418 922 89 47 und

212 1006 256 47 verkennen
506 1004 114 47 auch
662 1003 136 52 nicht,
841 1002 99 47 dass
979 1002 98 54 „die
1108 1001 266 47 Virtuosität

211 1082 90 47 ihm
333 1082 114 46 noch
480 1081 129 45 meist
630 1079 299 47 Selbstzweck
960 1096 50 29 zu
1040 1078 92 47 sein
1162 1078 197 53 scheine,
1388 1076 200 48 zweifeln
1613 1076 112 47 aber

209 1157 138 56 nicht,
389 1156 99 47 dass
531 1154 71 47 die
642 1156 155 45 wahre
839 1156 323 47 künstlerische
1194 1154 229 61 Richtung
1466 1154 105 46 sehr
1617 1152 103 47 bald

210 1233 70 47 bei
310 1234 90 46 ihm
428 1232 347 48 durchbrechen
1057 1230 258 49 Auffallend
1348 1247 152 30 waren
1533 1246 80 30 uns
1644 1246 50 45 ge-

207 1310 111 49 rade
347 1312 42 47 in
419 1310 145 47 dieser
595 1310 359 63 letztgenannten
986 1309 254 47 Zeitschrift
1279 1307 208 64 folgende
1528 1309 165 46 Aeusse-

209 1403 200 47 rungen:
451 1388 122 53 „Der
607 1423 17 20 „
1156 1402 83 30 von
1275 1384 211 64 Wagner
1522 1384 53 46 ist
1606 1384 114 56 eine,

206 1481 132 30 wenn
385 1481 103 30 man
529 1464 104 53 will,
675 1463 174 63 geniale
878 1463 339 52 Excentricität,
1261 1462 111 47 aber
1402 1460 113 49 doch
1557 1462 163 45 immer

207 1540 98 49 eine
348 1540 337 54 Excentricität,
733 1539 79 48 der
872 1539 69 47 die
991 1540 211 61 wichtige
1258 1538 294 63 Eigenschaft
1598 1538 121 63 jedes

206 1618 343 54 Kunstwerkes,
579 1617 70 48 die
677 1617 263 54 Schönheit,
973 1617 120 47 fehlt.
1127 1618 91 46 Das
1249 1617 238 45 Liszt'sche
1519 1615 197 47 Clavier-

204 1695 344 55 Solo-Concert,
604 1694 321 47 überlliessend
983 1711 83 30 von
1117 1694 402 62 Schwierigkeiten
1578 1700 141 40 erster

204 1773 147 52 Sorte,
380 1773 163 62 gehört
569 1789 52 29 zu
653 1771 85 47 den
771 1771 393 47 Bravourstücken
1197 1774 219 43 wüsterer
1448 1771 100 53 Art,
1579 1770 137 47 deren

201 1849 307 63 vergebliches
532 1850 178 62 Ringen
736 1849 113 47 nach
879 1848 257 64 Erfindung
1160 1848 142 47 durch
1329 1848 77 47 das
1430 1848 289 63 glänzendste

200 1926 508 65 Passagen-Geflunker
737 1926 122 54 nicht
887 1926 193 47 verhüllt
1103 1925 183 48 werden
1319 1925 132 48 kann.
1482 1925 131 47 Auch
1640 1925 80 47 mit

200 2004 152 47 seinen
379 2004 159 47 beiden
562 2020 83 31 von
672 2004 208 47 Fräulein
912 2004 187 47 Destinn
1127 2004 77 47 mit
1232 2019 201 47 grossem
1461 2001 258 50 Aufwände

197 2097 84 31 von
313 2080 367 50 tremolirendem
712 2080 168 48 Pathos
908 2088 362 57 vorgetragenen
1293 2079 214 57 Liedern,
1536 2080 42 47 in
1611 2080 80 47 wel-

198 2156 113 49 chen
355 2158 69 47 die
466 2158 243 48 schlichten
756 2158 145 47 Heine
905 2159 8 18 :
919 2158 134 47 schen
1103 2156 218 50 Gedichte
1363 2174 52 29 zu
1458 2156 258 64 tragischen

200 2235 175 65 Haupt-
413 2235 90 47 und
535 2234 396 49 Staats-Actionen
973 2234 280 48 musicalisch
1297 2234 187 65 gereckt
1514 2232 203 58 werden,

196 2312 292 48 vermochten
520 2311 81 48 wir
632 2329 81 30 uns
743 2312 122 47 nicht
892 2312 104 47 sehr
1025 2330 51 29 zu

309 2543 206 55 Concert
554 2543 65 54 im
662 2543 272 56 Gürzenich
976 2543 94 57 den
1111 2546 78 54 23.
1234 2546 188 54 Januar
1462 2545 140 54 1864.

221 2681 221 36 Carlotta
482 2681 91 36 Patti
591 2681 18 36 -
714 2681 166 34 Alfred
922 2681 151 36 Jaell
1103 2681 30 36 -
1163 2681 272 36 Ferdinand
1476 2681 89 36 Laub
1588 2681 22 36 -

782 2750 327 34 Kellermann.

311 2847 95 47 Der
434 2862 156 48 grosse
620 2847 105 48 Saal
766 2847 89 48 und
888 2847 70 48 die
987 2848 242 48 Galerieen
1261 2865 153 31 waren
1445 2851 266 66 vollständig

192 2924 182 64 gefüllt,
402 2924 71 47 die
504 2924 351 66 Versammlung
887 2943 95 31 war
1012 2927 99 47 eine
1140 2927 248 65 glänzende
1419 2927 92 48 und
1541 2946 142 32 erwar-

192 3002 265 65 tungsvolle.
491 3003 143 47 Unser
666 3002 254 57 Publicum,
951 3004 156 47 dessen
1140 3004 193 49 leitende
1362 3006 136 47 Ideen
1528 3023 51 30 zu
1611 3007 100 48 Lob

192 3077 112 49 oder
332 3078 141 48 Tadel
504 3095 82 31 von
620 3079 399 65 Kunstleistungen
1062 3082 65 47 oft
1161 3082 178 47 schwer
1366 3100 52 29 zu
1450 3083 260 65 ergründen

191 3154 114 57 sind,
349 3155 85 49 wie
463 3155 79 49 das
572 3155 70 49 bei
674 3155 84 50 den
789 3158 411 48 Zuhörerschaften
1231 3159 41 47 in
1305 3176 187 47 grossen
1522 3161 188 49 Städten

192 3233 121 48 wohl
341 3233 163 49 immer
532 3234 80 47 der
634 3235 96 47 Fall
761 3235 70 56 ist,
863 3237 157 47 wurde
1051 3235 208 50 offenbar
1287 3238 146 61 gleich
1465 3238 142 48 durch
1639 3239 71 50 die

192 3317 117 40 erste
331 3310 217 64 Leistung
568 3310 80 49 der
675 3312 202 48 fremden
901 3314 239 64 Sängerin,
1164 3314 86 48 den
1277 3315 199 65 Vortrag
1499 3315 80 49 der
1602 3318 109 47 Arie

192 3387 279 48 DonizettiY
485 3404 80 31 aus
586 3389 144 48 Linda
758 3406 83 31 von
868 3390 286 66 Chamouny,
1184 3392 290 49 dermaassen
1501 3394 78 47 mit
1602 3394 86 48 fort-

194 3464 214 64 gerissen,
439 3465 100 49 dass
559 3482 45 30 es
629 3467 83 47 alle
741 3467 130 48 theils
893 3469 42 47 in
966 3469 93 47 ihm
1090 3470 343 55 aufkeimende,
1460 3472 132 48 theils
1615 3473 93 48 ihm

192 3557 83 32 von
308 3558 159 32 aussen
500 3543 321 63 beigebrachte
853 3545 241 50 Bedenken
1118 3548 264 63 vollständig
1405 3564 182 49 vergass
1616 3550 93 49 und

192 3618 91 47 sich
326 3619 101 48 dem
476 3620 256 49 Eindrucke
773 3623 122 47 eines
938 3624 230 65 Gesanges
1224 3625 254 64 unbedingt
1521 3627 188 64 hingab,

194 3694 156 49 dessen
374 3696 234 64 originelle
632 3699 305 65 Ausführung
961 3700 139 49 durch
1132 3703 98 48 eine
1257 3703 279 48 wunderbar
1558 3705 120 49 merk-

194 3770 205 66 würdige
429 3773 90 48 und
548 3775 202 65 zugleich
780 3775 206 48 liebliche
1017 3778 89 48 und
1139 3778 64 49 bis
1233 3780 43 49 in
1306 3780 71 47 die
1408 3780 189 49 höchste
1620 3783 58 48 Be-

194 3849 104 65 gion
354 3850 362 66 wohlklingende
764 3854 190 48 Stimme
1008 3863 138 42 etwas
1187 3873 49 32 so
1281 3858 428 51 Ueberraschendes

196 3926 139 58 hatte,
364 3926 100 50 dass
493 3929 99 47 eine
622 3930 266 65 allgemeine
919 3933 353 67 Bewunderung
1307 3934 129 58 oder,
1473 3952 133 33 wenn
1636 3937 72 50 die

195 4004 339 51 musicalischen
565 4008 240 49 Puritaner
834 4025 46 32 es
909 4009 141 49 lieber
1079 4011 179 58 wollen,
1297 4013 412 68 Verwunderung

194 4081 86 47 alle
307 4083 208 49 Zuhörer
544 4084 170 63 ergriff.
756 4088 141 48 Unter
925 4086 168 51 diesem
1123 4089 184 52 Zauber
1337 4090 139 50 brach
1509 4091 79 50 das
1617 4094 91 48 Pu-

1828 307 166 47 blicum
2026 307 42 47 in
2100 308 129 47 einen
2260 307 270 64 gewaltigen
2557 307 153 47 Sturm
2744 324 81 31 von
2851 310 205 63 Applaus
3080 310 267 49 wiederholt

1828 399 81 31 aus
1992 383 97 47 eine
2115 383 270 52 Thatsache,
2411 383 170 47 welche
2613 383 241 64 allerdings
2883 386 84 46 den
2998 385 105 63 Sieg
3132 386 79 47 der
3234 388 83 47 Sän-

1829 461 126 63 gerin
1992 460 114 47 über
2144 460 70 47 die
2251 461 287 47 Vorurtheile
2572 461 243 62 schlagend
2849 462 274 56 bekundete,
3172 465 142 47 Vorur-

1828 537 152 52 theile,
2012 537 170 46 welche
2213 537 200 62 weniger
2443 537 97 47 eine
2571 537 268 64 gründliche
2871 538 142 47 Kritik
3047 542 298 61 auswärtiger

1828 613 169 47 Blätter
2027 612 135 63 (denn
2195 630 85 29 nur
2303 615 145 45 einem
2469 615 211 46 Aufsätze
2704 615 76 46 des
2802 613 207 50 Journal
3024 616 56 48 de
3103 616 244 51 Bruxelles

1828 689 180 49 können
2041 689 81 46 wir
2152 689 78 47 das
2260 689 115 47 eben
2407 689 281 64 gebrauchte
2714 692 198 47 Beiwort
2940 692 248 48 theilweise
3216 712 100 30 zuer-

1827 767 212 60 kennen),
2082 768 62 46 als
2186 767 217 47 vielmehr
2450 768 214 54 einzelne,
2716 769 141 47 durch
2906 771 438 64 verschiedenartige

1825 844 165 47 Motive
2023 843 88 47 und
2143 860 98 30 zum
2269 844 128 46 Theil
2422 844 115 47 auch
2563 844 142 47 durch
2738 846 72 47 die
2841 846 75 47 für
2945 862 83 31 uns
3058 863 112 47 ganz
3203 866 112 46 unge-

1825 921 183 47 wohnte
2030 921 85 47 Art
2139 919 80 49 der
2242 921 345 64 Ankündigung
2618 923 87 45 und
2733 923 310 64 Empfehlung
3072 926 273 47 veranlasste

1824 997 334 65 Eingebungen
2205 998 354 64 hervorgerufen
2601 999 168 49 hatten.
2831 1001 106 47 Wir
2964 1001 97 47 sind
3093 1002 81 46 der
3205 1003 138 47 festen

1823 1074 385 64 Ueberzeugung,
2257 1074 102 47 dass
2407 1074 122 49 diese
2580 1076 368 48 überraschende
2987 1077 235 66 Wirkung
3267 1079 76 49 des

1824 1152 232 62 Gesanges
2086 1168 83 31 von
2196 1152 203 48 Carlotta
2426 1153 114 46 Patti
2573 1152 174 48 überall
2779 1153 199 48 dieselbe
3008 1156 91 45 sein
3133 1156 135 55 wird;
3297 1173 46 31 es

1823 1229 52 46 ist
1899 1228 122 47 nicht
2045 1229 213 62 möglich,
2289 1229 100 47 dem
2416 1229 260 48 Eindrucke
2700 1230 125 47 einer
2849 1232 283 63 plötzlichen,
3161 1233 159 48 elektri-

1819 1307 135 45 schen
1987 1305 435 64 Lichterscheinung
2450 1323 51 29 zu
2534 1307 319 57 widerstehen,
2884 1309 70 47 die
2985 1309 138 47 selbst
3150 1310 82 46 auf
3257 1310 85 49 den

1820 1382 188 48 Blinden
2042 1383 149 54 wirkt,
2232 1383 89 47 und
2364 1383 113 47 eben
2509 1399 48 32 so
2587 1384 173 47 verhält
2788 1401 44 30 es
2862 1387 91 45 sich
2987 1387 79 45 mit
3095 1385 102 49 dem
3229 1388 85 47 Auf-

1819 1460 208 47 leuchten
2059 1460 81 47 der
2171 1460 164 55 hellen,
2365 1460 150 47 hohen
2548 1462 127 48 Töne
2700 1462 242 48 Carlotta's
2972 1463 89 47 und
3094 1464 86 47 den
3211 1469 104 60 sprü-

1820 1537 178 47 henden
2032 1537 190 48 Funken
2260 1538 124 47 ihrer
2423 1538 305 48 melodischen
2760 1539 288 48 Ornamente
3079 1542 42 45 in
3154 1542 162 48 Colora-

1818 1614 321 63 tur-Figuren,
2169 1615 214 52 Trillern,
2413 1617 247 47 Staccato's
2691 1633 42 32 u.
2765 1633 32 32 s.
2830 1633 53 31 w.

1935 1693 125 47 Aber
2103 1709 45 31 es
2191 1693 53 45 ist
2285 1693 122 47 nicht
2451 1693 119 47 bloss
2609 1694 142 47 dieses
2784 1694 187 48 Blinken
3014 1695 88 47 und
3138 1697 205 47 Funkeln

1819 1769 79 47 der
1922 1769 388 65 unbegreiflichen
2335 1770 320 64 Naturgaben,
2685 1788 94 30 was
2807 1788 83 30 uns
2916 1771 200 56 blendet,
3144 1774 196 47 sondern

1818 1846 71 49 die
1923 1848 299 63 Behandlung
2266 1846 237 50 derselben
2547 1857 155 55 erregt
2742 1848 42 48 in
2829 1849 135 47 vieler
3009 1849 208 48 Hinsicht
3260 1850 83 50 fast

1818 1925 114 47 noch
1957 1929 232 60 grösseres
2213 1926 273 52 Erstaunen,
2516 1925 202 50 obschon
2741 1926 80 54 sie,
2850 1943 94 32 was
2970 1926 82 49 wir
3075 1928 97 47 hier
3193 1929 146 63 gleich

1820 2001 248 49 bemerken
2102 2004 179 54 wollen,
2321 2001 82 49 der
2432 2003 286 48 Correctheit
2760 2004 124 48 einer
2928 2012 212 57 strengen
3172 2006 148 47 techni-

1818 2080 136 47 schen
1985 2080 168 47 Schule
2183 2080 282 65 keineswegs
2496 2080 221 48 überall
2749 2081 264 65 entspricht,
3051 2081 65 65 ja,
3160 2084 158 47 stellen-

1820 2158 135 47 weise
1990 2158 115 47 noch
2150 2174 83 46 gar
2258 2158 148 47 Vieles
2441 2175 51 31 zu
2529 2158 245 48 wünschen
2807 2159 135 63 übrig
2981 2160 116 47 lässt.
3151 2160 187 48 Hierbei

1819 2250 123 31 muss
1974 2250 103 32 man
2107 2232 149 49 indess
2285 2232 414 68 berücksichtigen,
2735 2234 102 48 dass
2868 2235 204 48 Carlotta
3103 2236 115 49 Patti
3252 2245 90 40 erst

1816 2312 84 47 seit
1927 2312 109 47 zwei
2067 2311 66 47 bis
2162 2311 93 47 drei
2277 2311 172 48 Jahren
2479 2311 120 64 singt
2628 2311 91 48 und
2742 2312 118 55 dass,
2891 2329 133 32 wenn
3050 2314 81 45 wir
3154 2315 189 62 gerecht

1818 2389 92 48 sein
1945 2389 180 54 wollen,
2168 2389 81 47 wir
2288 2389 68 48 bei
2396 2391 124 46 einer
2562 2390 49 46 in
2651 2390 213 47 America
2896 2390 90 47 und
3018 2393 320 63 ursprünglich

1820 2467 88 47 für
1937 2467 212 47 America
2178 2466 257 65 gebildeten
2465 2467 221 64 Sängerin
2727 2466 144 65 gleich
2912 2467 69 47 bei
3011 2467 147 49 ihrem
3192 2476 147 41 ersten

1819 2544 278 48 Erscheinen
2130 2544 67 48 bei
2230 2560 83 32 uns
2342 2544 122 47 nicht
2493 2544 85 48 den
2604 2545 254 47 Maassstab
2881 2544 78 48 des
2982 2545 248 48 deutschen
3250 2547 60 47 Ge-

1816 2621 265 48 schmackes
2117 2621 92 47 und
2249 2621 82 47 der
2369 2622 150 47 hohen
2552 2622 331 64 Forderungen
2925 2622 192 65 anlegen
3161 2622 181 59 dürfen,

1818 2700 171 47 welche
2017 2699 84 47 wir
2130 2716 88 30 nur
2247 2699 112 48 allzu
2390 2700 186 63 geneigt
2603 2699 115 54 sind,
2750 2700 68 47 bei
2853 2700 274 48 berühmten
3152 2701 161 48 Virtuo-

1814 2777 160 47 sitäten
2003 2775 78 49 des
2112 2776 256 48 Auslandes
2397 2776 181 65 geltend
2620 2794 51 30 zu
2718 2777 210 54 machen,
2973 2777 216 49 während
3224 2779 113 48 doch

1815 2871 164 32 unsere
2008 2855 189 63 eigenen
2229 2855 267 65 heutigen
2526 2855 315 65 Sängerinnen
2872 2856 115 47 auch
3020 2856 145 48 nichts
3196 2857 111 49 weni-

1813 2949 82 48 ger
1918 2932 65 49 als
2004 2931 333 50 vollkommene
2361 2932 529 65 Gesangkünstlerinnen
2919 2932 112 50 sind.
3066 2934 155 49 Wenn
3246 2953 92 30 nun

1813 3008 113 50 aber
1956 3010 203 48 Carlotta
2189 3010 116 47 Patti
2345 3010 98 47 ihre
2483 3010 150 48 hohen
2665 3011 128 47 Töne
2826 3010 123 48 nicht
2992 3019 120 40 etwa
3147 3010 120 49 bloss
3297 3012 41 47 in

1814 3087 474 62 Coloratur-Figuren
2313 3086 260 56 anwendet,
2604 3087 70 48 bei
2705 3087 164 55 denen,
2900 3088 85 47 wie
3009 3088 132 65 jeder
3164 3090 176 65 Sänger

1811 3165 146 54 weiss,
2002 3165 80 47 der
2111 3165 175 48 Anlauf
2324 3165 91 47 und
2460 3165 69 48 ein
2572 3165 217 63 gewisser
2817 3166 193 47 Entrain
3055 3165 80 49 das
3164 3182 145 49 augen-

1811 3241 238 49 blickliche
2072 3242 222 65 Gelingen
2318 3242 81 48 der
2425 3242 134 48 Höhe
2590 3242 275 61 erleichtert,
2895 3242 196 50 sondern
3117 3243 80 49 das
3221 3245 119 48 hohe

1815 3336 40 45 c,
1954 3320 48 59 d,
2006 3336 106 32 e
2113 3321 20 47 nach
2144 3320 126 48 einer
2293 3321 147 47 Pause
3121 3317 148 71 piano
2638 3320 90 48 und
2761 3321 80 47 mit
2864 3320 81 48 der
2968 3325 207 61 grössten
3199 3322 112 48 Rein-

1809 3398 93 49 heit
1937 3398 202 56 einsetzt,
2181 3415 46 30 es
2266 3398 302 49 anschwellen
2614 3398 91 49 und
2749 3398 306 49 abschwellen
3100 3401 105 47 lässt
3248 3400 91 48 und

1809 3475 119 49 dann
1960 3476 85 48 den
2077 3476 169 48 darauf
2271 3476 241 63 folgenden
2543 3476 115 48 noch
2691 3476 205 48 höheren
2924 3477 99 47 Ton
3055 3477 57 47 im
3144 3477 167 48 schmel-

1808 3553 170 49 zenden
2013 3551 168 70 Ligato
2225 3553 265 49 anschliesst
2531 3553 92 49 und
2667 3553 219 50 ebenfalls
2929 3555 105 47 leise
3076 3555 263 64 verklingen

1808 3631 120 54 lässt,
1956 3647 50 31 so
2034 3631 55 47 ist
2117 3629 122 50 diese
2266 3646 150 33 messa
2441 3628 55 52 di
2519 3646 105 34 voce
2653 3631 82 48 auf
2759 3631 152 48 diesen
2935 3632 160 48 Tönen
3125 3649 49 31 so
3205 3632 134 65 lange

1808 3708 85 48 wir
1921 3708 179 48 denken
2130 3708 183 50 können
2359 3709 90 49 und
2487 3709 222 49 vielleicht
2738 3708 266 66 überhaupt
3032 3709 117 49 noch
3180 3711 72 48 nie
3281 3711 57 48 da

1808 3802 231 48 gewesen,
2081 3786 88 48 und
2214 3787 63 48 sie
2319 3787 56 47 ist
2416 3787 220 48 wahrlich
2681 3787 123 48 nicht
2843 3787 119 48 bloss
2991 3805 107 39 neu,
3140 3788 199 48 sondern

1808 3863 118 48 auch
1955 3863 157 56 schön,
2154 3863 107 50 sehr
2295 3864 159 56 schön,
2497 3864 92 49 und
2619 3864 123 49 nicht
2771 3863 121 50 bloss
2920 3866 226 48 natürlich
3177 3866 160 57 schön,

1806 3941 197 48 sondern
2048 3941 115 49 auch
2202 3941 299 49 künstlerisch
2545 3942 155 49 schön.
2757 3942 75 48 Sie
2876 3942 205 57 beweist,
3127 3960 94 33 was
3259 3960 81 31 aus

1808 4019 125 49 eirter
1961 4019 224 65 Sängerin
2229 4021 81 48 mit
2347 4021 183 48 solchen
2570 4021 177 48 Mitteln
2791 4019 143 51 durch
2976 4022 118 48 noch
3125 4021 214 58 erhöhte,

1806 4096 94 49 sich
1931 4096 118 49 über
2078 4097 85 49 alle
2191 4098 290 48 technischen
2511 4097 93 49 und
2633 4098 304 50 ästhetischen
2961 4099 174 50 Details
3168 4098 147 64 gleich-
