3479 4399
1737 192 72 46 44

203 336 180 46 lichkeit
414 337 87 46 und
532 343 142 39 steten
702 336 300 62 Versenkung
1032 337 40 45 in
1101 336 79 47 das
1206 334 292 49 Unendliche.
1532 334 82 45 Die
1636 348 52 47 ge-

204 412 209 63 waltigen
445 412 171 47 Sccnen
654 412 251 46 nationaler
933 412 254 63 Erhebung
1220 410 87 47 und
1343 410 260 61 Befreiung,
1644 409 70 45 die

200 487 169 47 Leiden
395 487 87 47 und
507 489 132 62 Siege
667 489 119 45 eines
816 489 73 45 für
911 489 121 47 seine
1062 489 229 47 theuerste
1315 487 133 46 Habe
1480 485 203 63 kämpfen-

201 564 84 47 den
312 565 163 47 Volkes
499 565 149 47 finden
680 566 68 46 bei
780 566 67 46 ihr
878 566 98 46 eine
1009 565 204 63 ungleich
1249 564 221 47 weichere
1502 561 88 48 und
1622 562 66 46 vol-

200 640 90 47 lere
313 642 251 55 Resonanz,
593 642 61 46 als
684 641 77 47 das
790 642 129 51 stille,
949 641 245 47 innerliche
1220 640 175 63 Ringen
1427 639 80 46 der
1535 639 151 63 gläubi-

198 731 84 47 gen
327 717 143 49 Seele.
527 719 238 48 Während
809 719 118 47 Bach
971 719 242 62 gleichsam
1260 717 150 54 allem,
1456 731 91 31 was
1589 715 123 45 seine

197 793 135 47 Hand
378 795 205 57 berührt,
626 796 69 47 die
738 796 285 62 körperliche
1058 796 215 47 Schwere
1317 792 219 55 abstreift,
1574 791 136 65 jeden

198 870 284 48 bestimmten
515 872 144 47 Inhalt
701 872 178 56 auflöst,
925 889 74 29 um
1043 872 75 46 ihn
1159 870 78 49 suh
1265 867 145 69 specie
1435 866 181 51 aeterni
1640 884 47 30 er-

197 948 210 47 scheinen
450 966 51 29 zu
545 951 159 53 lassen,
755 948 213 49 während
1013 948 69 47 die
1126 947 442 50 Matthäus-Passion
1613 946 97 47 ihre

197 1025 126 45 Töne
353 1041 79 31 aus
454 1026 136 61 jenen
623 1026 191 56 Quellen
845 1026 221 63 schöpfte,
1094 1025 146 47 denen
1264 1023 79 47 das
1368 1022 342 48 Christenthum

193 1101 138 47 selbst
353 1111 324 55 entsprungen,
700 1102 95 47 sind
821 1102 68 47 die
910 1102 327 48 Händel'schen
1256 1101 284 63 Tongebilde
1564 1100 145 47 ihrem

197 1177 225 47 innersten
456 1178 170 47 Wesen
659 1180 112 45 nach
803 1178 229 49 durchaus
1063 1180 207 63 positiver
1297 1178 165 52 Natur,
1507 1176 82 47 fest
1631 1176 50 45 be-

192 1253 197 64 gründet
418 1256 41 45 in
489 1256 80 47 der
600 1256 261 48 wirklichen
896 1257 144 56 Welt,
1085 1272 80 31 aus
1195 1257 124 47 einer
1352 1253 324 66 Empfindungs-

192 1331 135 47 weise
359 1332 421 65 hervorgegangen,
823 1333 80 47 der
945 1334 78 46 das
1061 1333 220 47 Endliche
1324 1332 279 61 keineswegs
1645 1331 64 47 als

192 1407 98 47 eine
323 1425 84 30 nur
435 1426 51 29 zu
517 1409 357 47 überwindende
897 1411 232 45 Schranke
1154 1411 106 62 galt.
1291 1408 120 48 Wer
1435 1408 46 64 je
1509 1407 43 47 in
1578 1407 103 47 rech-

191 1493 68 38 ter
290 1486 174 47 Stunde
503 1486 101 48 dem
637 1488 274 47 Bach'schen
944 1488 169 47 Genius
1155 1487 186 65 genaht,
1383 1486 82 47 der
1507 1484 109 47 wird
1663 1484 43 47 in

191 1562 217 47 mancher
425 1563 223 47 Nummer
670 1563 77 47 des
1072 1563 71 48 die
1166 1581 48 30 er
1237 1563 191 47 ehedem
1455 1563 76 45 für
1556 1562 120 47 wahr-

190 1638 169 63 haftige
390 1639 322 49 künstlerische
742 1641 323 63 Offenbarung
1104 1642 227 62 gehalten,
1372 1656 85 30 nur
1488 1638 115 48 noch
1635 1638 71 47 die

188 1715 310 49 musicalische
516 1717 279 48 Convenienz
820 1718 76 47 des
920 1718 297 48 achtzehnten
1235 1717 336 48 Jahrhunderts
1597 1717 79 45 wie-

188 1792 249 48 derfinden.
492 1794 288 48 Namentlich
825 1797 40 47 in
908 1795 80 49 der
1030 1804 150 41 ersten
1211 1794 283 64 Abtheilung
1538 1794 164 47 häufen

186 1870 91 47 sich
309 1869 70 48 die
408 1872 142 53 Sätze,
581 1889 54 30 an
666 1872 146 48 denen
842 1872 71 49 die
941 1873 98 48 Zeit
1067 1874 97 47 ihre
1195 1873 154 48 Macht
1378 1872 157 64 geübt.

306 1948 80 47 Die
417 1949 307 65 Ausführung
753 1967 98 32 war
893 1952 121 47 nicht
1042 1950 110 49 dazu
1184 1950 248 64 angethan,
1476 1964 83 32 uns
1587 1948 116 47 über

186 2022 86 48 den
303 2024 144 48 Staub
478 2025 80 49 der
586 2028 141 47 Jahre
755 2044 52 31 zu
839 2032 232 53 täuschen,
1113 2028 80 48 der
1235 2028 91 47 sich
1371 2027 81 48 auf
1485 2025 218 49 mancher

185 2099 120 48 Seite
334 2102 80 47 der
445 2103 198 48 Partitur
685 2105 287 64 gesammelt;
1014 2104 143 48 durch
1199 2105 62 47 sie
1305 2104 218 48 erhielten
1565 2102 140 48 selbst

185 2178 156 47 Theile
371 2178 76 48 des
480 2180 215 56 Werkes,
726 2182 69 47 die
825 2182 44 48 in
898 2182 82 48 der
1009 2183 120 47 That
1159 2199 82 31 von
1265 2182 135 48 Kraft
1429 2179 89 50 und
1542 2179 158 48 Leben

183 2262 211 49 strotzen,
436 2256 70 47 ein
538 2258 367 66 reliquienhaftes
934 2259 230 48 Ansehen.
1220 2259 48 47 In
1300 2258 130 48 mehr
1460 2259 62 46 als
1551 2258 149 47 einem

185 2331 121 49 Chor
336 2335 230 47 vermisste
596 2353 102 30 man
729 2336 71 47 die
828 2336 248 49 materielle
1107 2336 147 55 Kraft,
1297 2336 84 47 wie
1424 2334 276 49 namentlich

182 2410 114 47 auch
347 2409 70 48 die
459 2414 265 62 energische
756 2414 300 65 Behandlung
1103 2415 77 47 des
1223 2413 338 66 rhythmischen
1593 2411 78 49 Ele-

181 2494 189 47 mentes,
400 2489 172 47 welche
600 2489 71 48 die
703 2490 212 65 Aufgabe
947 2491 182 49 fordert.
1173 2491 115 47 Eine
1320 2489 381 65 Vortragsweise,

181 2563 71 48 die
294 2565 143 47 einem
482 2583 111 47 ganz
634 2568 255 49 abstracten
920 2569 151 48 Ideale
1101 2585 84 32 von
1216 2568 270 48 kirchlicher
1518 2566 184 49 Würde

179 2657 54 30 zu
263 2641 140 47 Liebe
433 2644 83 47 auf
538 2644 83 47 alle
651 2645 233 48 stärkeren
916 2648 199 47 Accente
1156 2645 90 48 und
1284 2645 214 64 saftigere
1527 2645 145 64 Klang-

182 2717 112 49 fülle
318 2720 254 56 verzichtet,
602 2721 173 50 überall
800 2724 41 47 in
865 2724 70 47 ein
959 2725 182 47 zahmes
1157 2725 130 64 juste
1314 2721 156 51 milieu
1496 2723 207 64 gebannt

181 2795 160 57 bleibt,
384 2800 208 62 vergreift
634 2800 93 47 sich
771 2818 57 30 an
872 2801 100 47 dem
1005 2801 326 65 Componisten
1375 2801 138 47 kaum
1554 2799 147 56 mehr,

182 2872 85 49 wie
309 2889 56 32 an
411 2874 85 48 den
539 2875 178 50 Helden
762 2878 120 48 eines
924 2879 147 47 seiner
1100 2879 248 48 Oratorien
1392 2878 192 48 ehedem
1630 2875 72 48 die

181 2950 222 49 Philister.
436 2954 93 45 Der
557 2954 249 64 objectiven
832 2956 332 49 Bestimmtheit
1188 2956 146 49 dieser
1355 2956 346 64 Tongestalten,

179 3026 103 48 dem
314 3030 240 62 allgemein
586 3031 213 65 Gültigen
842 3034 118 47 ihres
990 3035 169 47 Inhalts
1201 3034 316 64 widerspricht
1556 3032 146 49 nichts

179 3105 146 57 mehr,
357 3106 62 47 als
449 3107 99 49 eine
577 3107 338 68 abgedämpfte,
939 3111 295 64 mattherzige
1260 3111 217 64 Haltung.
1509 3110 80 48 Bei
1612 3109 86 48 den

178 3182 333 51 Händel'schen
544 3185 180 49 Chören
752 3189 140 47 sollen
924 3189 83 47 wir
1034 3189 88 48 den
1154 3189 232 48 Eindruck
1416 3187 169 59 haben,
1615 3187 86 49 wie

179 3275 133 33 wenn
341 3262 106 47 alles
479 3264 116 47 Volk
633 3265 40 47 in
714 3266 62 47 sie
816 3265 191 49 einfiele.
1062 3267 121 49 Wer
1212 3267 86 49 den
1329 3267 188 49 Meister
1545 3266 43 47 in
1618 3265 83 48 der

178 3336 144 48 vollen
353 3337 153 50 Glorie
546 3341 144 47 seines
734 3342 195 49 Wesens
969 3344 200 49 schauen
1211 3345 106 57 will,
1363 3360 121 32 muss
1513 3342 76 49 ihn
1621 3342 82 49 auf

181 3411 86 49 den
290 3430 185 48 grossen
499 3417 291 50 Musikfesten
816 3420 264 57 aufsuchen,
1104 3439 71 32 wo
1206 3422 71 47 die
1306 3422 231 49 einzelnen
1560 3420 111 48 Stim-

181 3506 101 33 men
313 3492 96 48 ihre
439 3495 174 63 Sänger
640 3497 113 47 nach
786 3497 272 50 Hunderten
1087 3501 169 48 zählen.
1297 3501 132 47 Auch
1462 3499 117 48 über
1609 3499 88 48 den

179 3568 93 49 Soli
317 3571 179 48 waltete
540 3572 187 50 diesmal
766 3575 102 47 kein
905 3577 235 64 günstiger
1167 3579 150 48 Stern.
1375 3580 86 46 Am
1508 3576 189 48 meisten

179 3646 98 48 that
318 3647 91 47 sich
455 3659 132 38 unter
629 3651 133 48 ihnen
807 3653 162 47 hervor
1011 3653 70 49 die
1126 3656 147 56 Bass-,
1317 3653 265 50 nächstdem
1626 3653 71 49 die

181 3723 269 57 Alt-Partie,
473 3725 106 64 jene
610 3727 142 48 durch
785 3728 153 50 Herrn
968 3731 245 58 Krause,
1242 3731 122 49 diese
1383 3731 144 49 durch
1554 3732 114 47 Fräu-

183 3800 87 48 lein
295 3801 136 48 Baer
455 3812 238 42 vertreten.
727 3807 93 47 Der
839 3808 152 49 Tenor
1014 3808 77 49 des
1108 3811 152 48 Herrn
1284 3812 184 64 Geyer
1498 3808 199 66 kämpfte

181 3878 391 63 augenscheinlich
618 3883 80 46 mit
740 3885 124 47 einer
901 3885 329 66 Indisposition,
1272 3888 172 49 welche
1475 3886 70 49 die
1574 3888 97 46 sinn-

181 3954 113 49 liche
342 3957 399 52 Unmittelbarkeit
789 3961 80 49 der
912 3962 236 67 Wirkung
1197 3966 40 48 in
1288 3966 123 49 nicht
1456 3966 236 65 geringem

183 4032 151 48 Grade
376 4033 400 69 beeinträchtigte;
826 4040 79 48 das
934 4040 311 66 Sopran-Solo
1283 4052 170 40 musste
1495 4042 113 50 aber
1649 4042 44 48 in

185 4111 139 63 bolge
352 4112 259 63 plötzlicher
634 4116 310 67 Erkrankung
967 4117 81 50 der
1072 4122 314 63 ursprünglich
1413 4122 111 50 dazu
1556 4122 109 48 beru-

1819 331 130 47 fenen
1980 331 223 64 Sängerin
2247 331 113 47 noch
2402 332 42 46 in
2474 331 82 47 der
2585 332 159 49 letzten
2775 334 174 48 Stunde
2980 335 199 47 anderen
3211 336 96 46 Hän-

1815 406 87 48 den
1932 415 263 39 anvertraut
2233 407 198 47 werden.
2488 407 117 47 Statt
2643 425 56 31 an
2737 410 71 47 die
2839 411 297 47 Mozart'sche
3165 412 148 46 Instru-

1815 484 268 53 mentation,
2126 484 87 53 die,
2257 485 85 44 wie
2374 500 83 31 uns
2486 484 160 57 dünkt,
2688 485 70 47 bei
2792 487 202 47 Weitem
3034 487 87 49 den
3154 487 184 65 Vorzug

1815 560 217 54 verdient,
2064 560 122 47 hatte
2218 576 103 31 man
2351 561 92 46 sich
2477 561 169 47 wieder
2751 578 50 31 so
2832 565 103 46 weit
2966 580 162 32 unsere
3160 565 140 47 Wahr-

1813 639 233 60 nehmung
2077 636 169 47 reichte
2350 652 54 32 an
2436 637 71 47 die
2538 640 86 45 alte
2655 640 202 47 Partitur
2885 641 228 62 gehalten.
3151 642 48 46 In
3231 641 103 48 dem

1815 713 332 47 Händel'schen
2178 713 251 47 Orchester
2464 715 131 62 spielt
2637 716 288 47 bekanntlich
2958 717 71 47 die
3059 717 143 64 Orgel
3234 719 100 45 eine

1810 792 106 46 sehr
1946 791 212 63 wichtige
2189 791 141 47 Holle.
2369 791 137 47 Ohne
2535 792 63 47 sie
2628 793 166 63 gleicht
2824 795 205 47 dasselbe
3060 795 147 47 einem
3233 795 100 48 Bau

1810 867 119 47 ohne
1963 867 125 47 Dach
2123 866 87 47 und
2247 867 211 64 Füllung,
2502 884 83 30 von
2627 868 101 47 dem
2773 870 117 47 eben
2934 887 85 31 nur
3048 871 79 47 das
3158 871 177 47 Gebälk

1809 946 131 46 steht.
1971 945 150 47 Schon
2153 943 227 56 desshalb,
2412 946 99 46 weil
2543 945 42 47 in
2617 962 191 31 unseren
2843 947 321 48 Concertsälen
3192 947 142 48 leider

1811 1021 124 47 keine
1971 1022 143 62 Orgel
2144 1037 79 29 zur
2255 1021 132 47 Hand
2422 1022 69 57 ist,
2526 1022 130 48 sollte
2688 1039 104 31 man
2822 1022 211 50 dankbar
3062 1026 101 47 eine
3193 1026 112 47 Bear-

1811 1098 187 64 beitung
2030 1098 272 62 aeeeptiren,
2345 1098 173 47 welche
2561 1100 71 47 die
2669 1100 81 47 der
2789 1108 203 40 ersteren
3029 1101 304 65 obliegenden

1811 1176 281 45 Functionen
2116 1174 43 46 in
2183 1174 256 63 geistvoller
2465 1176 160 47 Weise
2656 1185 132 39 unter
2811 1177 71 47 die
2905 1178 306 47 Instrumente
3235 1195 74 30 ver-

1808 1252 141 47 theilt.
1980 1253 84 45 Die
2093 1252 268 47 scheinbare
2392 1252 265 48 historische
2681 1256 151 45 Treue
2862 1256 172 63 schlägt
3065 1256 96 47 hier
3189 1256 44 45 in
3263 1256 72 47 ihr

1809 1328 269 64 Gegentheil
2111 1345 90 30 um.
2261 1328 84 47 Die
2385 1331 265 45 restaurirte
2683 1332 199 46 Partitur
2925 1332 98 63 gibt
3065 1332 88 47 den
3183 1332 150 47 Inhalt

1806 1406 78 47 des
1912 1406 232 63 Originals
2173 1406 319 64 vollständiger
2523 1407 185 56 wieder,
2738 1408 64 47 als
2832 1425 46 30 es
2907 1408 160 55 dieses,
3098 1409 121 47 eines
3248 1409 64 47 sei-

1805 1500 83 30 ner
1918 1483 361 47 wesentlichsten
2314 1486 221 45 Factoren
2568 1484 214 56 beraubt,
2810 1501 200 48 vermag.
3043 1487 93 46 Für
3160 1486 71 48 die
3254 1487 53 47 ka-

1805 1561 218 47 tholische
2067 1561 172 47 Kirche
2281 1562 54 46 ist
2375 1561 73 47 die
2478 1562 236 47 Tradition
2764 1562 136 48 kaum
2942 1571 141 40 etwas
3126 1564 208 46 Festeres

1805 1638 91 47 und
1928 1638 348 63 Geheiligteres,
2307 1639 63 46 als
2401 1639 76 46 für
2506 1656 163 30 unsere
2691 1639 409 65 Sing-Akademie.
3135 1641 117 47 Was
3280 1657 54 31 zu

1808 1714 182 48 Fasch's
2021 1714 89 47 und
2140 1714 188 47 Zelter's
2357 1715 154 47 Zeiten
2553 1715 207 56 bestand,
2805 1715 115 49 wird
2953 1733 84 31 von
3069 1717 71 47 ihr
3172 1733 135 31 unver-

1808 1792 235 48 brüchlich
2074 1793 210 47 aufrecht
2312 1793 221 47 erhalten.
2589 1793 61 48 So
2693 1793 54 47 ist
2789 1794 63 47 sie
2893 1794 117 47 auch
3045 1794 66 47 bis
3140 1794 81 48 auf
3246 1794 88 48 den

1804 1870 217 63 heutigen
2046 1870 98 64 Tag
2176 1869 81 48 der
2286 1869 350 48 altfränkischen
2667 1870 113 49 Sitte
2810 1878 101 41 treu
2943 1872 260 63 geblieben,
3231 1888 102 32 vom

1805 1947 179 47 Ciavier
2012 1963 81 32 aus
2117 1947 70 47 die
2213 1947 305 64 Aufführung
2545 1964 53 31 zu
2629 1947 134 48 leiten
2797 1947 90 48 und
2923 1966 52 29 zu
3008 1952 326 53 unterstützen,

1802 2023 258 48 Fehlendes
2083 2041 51 30 zu
2161 2028 243 60 ergänzen,
2435 2024 85 48 wie
2543 2024 71 48 bei
2639 2025 389 64 Schwankungen
3053 2025 82 49 der
3156 2027 179 63 Sänger

1802 2100 114 49 oder
1945 2100 77 49 des
2051 2102 272 47 Orchesters
2355 2102 251 48 hülfreiche
2641 2102 134 49 Hand
2806 2119 53 31 zu
2890 2103 169 48 leisten.

2426 2335 95 53 Aus
2556 2335 154 53 Wien.

2295 2465 236 46 (Tausig's
2574 2467 270 46 Concerte.)

1921 2566 120 47 Herr
2088 2566 136 47 Karl
2266 2567 219 64 Tausig
2527 2566 91 65 gab
2661 2567 208 65 Sonntag
2911 2567 88 48 den
3043 2567 89 50 24.
3162 2570 176 48 Januar

1801 2643 187 62 Mittags
2031 2642 96 48 sein
2163 2643 182 49 zweites
2375 2643 200 50 Concert
2610 2645 60 47 im
2703 2645 511 57 Musik-Vereinssaale,
3257 2645 81 49 das

1800 2721 131 48 recht
1972 2728 82 58 gut
2097 2721 192 48 besucht
2337 2739 98 30 war
2480 2721 94 49 und
2615 2722 73 48 die
2720 2723 320 49 Anwesenden
3080 2723 45 49 in
3164 2723 170 49 hohem

1803 2798 153 48 Grade
1986 2816 52 29 zu
2072 2798 281 66 befriedigen
2382 2799 170 49 schien.
2582 2799 110 49 Wir
2722 2801 154 47 hatten
2909 2801 166 48 bereits
3106 2802 63 47 oft
3198 2801 108 49 Gele-

1801 2876 202 64 genheit,
2045 2874 73 50 die
2149 2877 270 48 Virtuosität
2459 2877 79 48 des
2581 2878 151 47 Herrn
2763 2878 171 65 Tausig
2980 2878 353 50 anzuerkennen

1803 2953 91 48 und
1945 2954 274 47 namentlich
2260 2954 391 56 hervorzuheben,
2701 2954 102 50 dass
2839 2956 62 47 sie
2938 2956 116 48 nach
3085 2956 124 48 Seite
3250 2956 83 48 der

1800 3032 151 56 Kraft,
2003 3032 245 48 Ausdauer
2297 3032 90 48 und
2439 3033 206 48 Bravour
2693 3034 315 64 gegenwärtig
3059 3036 137 45 kaum
3245 3051 88 32 von

1800 3109 149 49 einem
1973 3109 200 49 anderen
2196 3111 228 48 Pianisten
2455 3111 285 49 übertroffen
2770 3112 169 48 werde.
2971 3113 117 46 Dass
3111 3112 82 47 wir
3215 3112 118 48 noch

1800 3187 60 48 im
1909 3186 303 50 verflossenen
2255 3188 141 48 Jahre
2444 3188 122 48 diese
2609 3189 216 49 Wunder
2875 3188 81 48 der
2998 3188 205 48 Technik
3253 3189 81 50 mit

1799 3264 302 49 ästhetischen
2154 3266 280 48 Barbareien
2483 3266 112 48 aller
2645 3267 86 47 Art
2786 3274 218 56 gemengt
3054 3266 278 49 hinnehmen

1800 3349 220 51 mussten,
2062 3344 222 47 zwischen
2317 3342 357 66 Bewunderung
2712 3343 94 48 und
2836 3343 218 50 Abscheu
3083 3344 249 64 gleichsam

1800 3419 98 48 hin-
1930 3419 91 48 und
2054 3421 338 64 hergeworfen,
2422 3421 160 48 wurde
2612 3422 124 48 nicht
2764 3422 354 65 verschwiegen.
3177 3422 155 48 Herrn

1799 3497 209 64 Tausig's
2044 3498 208 65 jüngstes
2281 3498 200 48 Concert
2518 3499 59 47 im
2608 3499 371 49 Redoutensaale
3022 3499 100 49 liess
3151 3516 84 32 uns
3263 3499 45 49 in-

1799 3574 160 50 dessen
1988 3577 100 48 eine
2118 3577 335 64 Verfeinerung
2486 3577 91 48 und
2603 3577 273 66 Abklärung
2904 3578 146 48 seines
3078 3578 254 65 Vortrages

1798 3653 139 47 schon
1970 3654 336 48 unzweifelhaft
2336 3654 347 50 wahrnehmen.
2727 3655 136 49 Diese
2892 3671 85 33 von
3009 3672 83 30 uns
3123 3655 79 47 mit
3231 3655 75 49 auf-

1798 3730 217 65 richtiger
2046 3733 180 47 Freude
2257 3733 239 63 begrüsste
2521 3733 395 65 Wahrnehmung
2947 3732 105 49 fand
3084 3733 99 48 eine
3212 3733 117 48 noch

1799 3809 187 48 weitere
2013 3809 301 66 Bestätigung
2344 3810 43 47 in
2424 3812 155 47 Herrn
2609 3812 210 63 Tausig's
2847 3810 339 65 sonntäglicher
3214 3812 86 48 Pro-

1798 3887 199 48 duetion.
2030 3889 61 47 Es
2121 3889 152 48 haben
2304 3889 123 48 nicht
2457 3907 87 30 nur
2574 3889 72 48 die
2674 3890 175 64 grellen
2881 3889 448 48 Aeusserlicbkeiten

1796 3965 146 47 seines
1972 3965 171 65 Spieles
2182 3968 92 47 sich
2313 3967 107 48 sehr
2455 3967 260 66 gemildert,
2758 3967 117 48 auch
2913 3967 106 66 jene
3060 3968 269 48 souveraine

1798 4040 260 54 Genialität,
2093 4043 73 48 die
2203 4044 78 48 mit
2321 4044 104 48 dem
2459 4044 306 50 Kunstwerke
2797 4044 156 48 blasirt
2985 4045 90 47 und
3106 4047 221 47 vornehm

1795 4119 147 66 spielt,
1980 4136 46 33 es
2057 4120 81 49 der
2166 4122 192 66 eigenen
2387 4123 161 48 Laune
2580 4122 199 66 beliebig
2808 4123 275 65 anpassend,
3121 4122 52 48 ist
3202 4124 127 47 einer
