2329 3881
750 253 171 37 LEÇONS
954 252 60 28 DU
1048 242 204 37 COLLÈGE
1285 248 57 27 DE
1375 247 176 28 FRANCE

144 254 81 48 460

211 760 69 46 La
309 758 207 62 strophe
538 773 49 31 se
608 755 216 49 termine
848 769 89 45 par
965 764 76 37 cet
1064 763 143 35 autre
1230 765 112 32 vers
1365 746 409 64 identiquement
1798 740 255 51 construit
2077 755 8 33 :

209 1312 57 45 Je
296 1309 99 47 n'ai
418 1324 89 46 pas
525 1310 25 44 à
579 1317 171 37 entrer
783 1303 80 60 ici,
887 1317 199 33 comme
1119 1300 42 60 je
1192 1299 80 47 l'ai
1302 1297 88 48 fait
1416 1297 206 47 ailleurs
1647 1294 89 63 (i),
1774 1294 127 46 dans
1942 1290 238 62 l'analyse

150 1393 59 46 de
234 1402 124 35 cette
390 1403 201 32 mesure
623 1388 270 61 composée
919 1383 156 63 (12/8)
1109 1380 86 65 qui
1232 1392 92 48 est,
1352 1383 25 43 à
1402 1379 93 46 elle
1517 1378 240 57 seule,un
1783 1390 112 31 vers
1919 1371 181 60 entier,
2128 1370 50 47 ni

151 1476 126 45 dans
301 1474 45 45 la
371 1471 264 48 recherche
666 1471 67 45 du
758 1469 158 45 mètre
940 1465 208 63 antique
1174 1463 184 62 auquel
1383 1478 80 31 ces
1486 1476 220 48 groupes
1747 1459 59 46 de
1837 1457 180 47 durées
2058 1469 93 47 peu-

150 1567 118 34 vent
289 1559 101 42 être
417 1552 269 47 rattachés.
717 1551 39 45 Il
778 1549 137 47 suffit
944 1563 96 46 que
1073 1547 42 45 le
1137 1547 189 44 lecteur
1344 1542 324 48 reconnaisse
1710 1540 44 46 là
1792 1539 88 47 des
1915 1552 116 32 vers
2063 1551 90 31 ana-

153 1639 172 60 logues
342 1652 60 31 au
427 1650 207 31 carmen
656 1632 235 62 magique
916 1642 47 36 et
993 1646 96 30 aux
1118 1643 110 32 vers
1260 1629 87 46 des
1368 1629 174 60 poètes
1574 1624 66 61 (la
1668 1622 180 47 croche
1890 1618 288 57 terminale,

154 1718 166 62 placée
350 1718 144 60 après
525 1716 44 45 la
600 1714 142 47 barre
767 1714 60 46 de
852 1727 220 42 mesure,
1099 1709 184 49 faisant
1308 1704 408 66 compensation,
1749 1717 131 49 pour
1900 1703 42 44 le
1968 1700 213 47 nombre

155 1798 120 47 total
306 1799 87 46 des
423 1808 184 51 temps,
631 1811 116 32 avec
770 1796 43 45 le
845 1794 166 47 retard
1044 1792 88 63 qui
1165 1791 185 48 résulte
1382 1792 66 46 du
1474 1784 341 64 demi-soupir
1846 1783 205 58 initial).
2086 1780 97 50 Ces

154 1874 453 65 rapprochements
662 1872 436 65 typographiques
1142 1887 62 31 en
1235 1872 230 46 donnent
1522 1868 371 50 certainement
1931 1865 225 64 l'impres-

157 1957 129 55 sion,
320 1958 163 45 même
513 1954 229 47 visuelle.

219 2041 68 44 Le
324 2047 52 38 n®
395 2038 60 47 62
479 2038 61 46 de
564 2038 45 46 la
638 2037 208 47 Passion
869 2034 133 47 selon
1032 2034 134 47 saint
1184 2034 127 47 Jean
1336 2048 295 33 commence
1658 2029 129 50 ainsi
1820 2031 61 61 (je
1913 2032 271 44 numérote

155 2119 70 47 les
247 2135 245 43 mesures,
526 2133 130 47 pour
685 2116 214 48 faciliter
921 2128 76 33 cet
1021 2119 202 59 exposé,
1251 2131 61 30 en
1338 2113 362 65 reproduisant
1722 2112 211 47 d'abord
1978 2111 43 45 le
2054 2121 130 37 texte

155 2203 60 46 de
237 2201 227 48 l'édition
499 2199 262 60 courante)
795 2212 9 33 :

222 2969 144 49 Cette
398 2969 208 63 période
631 2968 105 62 qui,
764 2966 400 49 contrairement
1188 2982 95 31 aux
1316 2982 111 30 vers
1451 2965 122 47 cités
1596 2964 114 62 plus
1732 2963 139 59 haut,
1895 2975 296 33 commence

159 3065 152 36 avant
341 3054 43 46 la
407 3053 142 45 barre
581 3053 58 45 de
662 3067 201 30 mesure
888 3067 60 29 au
976 3050 98 46 lieu
1106 3050 59 46 de
1197 3063 326 33 commencer
1548 3063 116 30 avec
1695 3046 94 46 elle
1818 3062 66 29 ou
1911 3048 145 59 après
2078 3044 113 57 elle,

159 3154 50 29 se
233 3138 307 59 décompose
562 3133 292 47 facilement
885 3149 62 31 en
977 3131 123 47 trois
1126 3148 112 30 vers
1263 3131 191 63 d'égale
1479 3130 236 52 étendue,
1742 3144 65 31 ou
1833 3126 118 49 bien
1978 3142 62 30 en
2064 3126 130 47 deux

158 3234 111 32 vers
299 3219 126 46 dont
454 3217 43 46 le
529 3217 187 45 second
740 3215 152 46 serait
926 3230 70 32 un
1036 3215 119 62 long
1188 3229 128 32 vers.
1360 3210 293 50 L'essentiel
1686 3222 74 35 est
1790 3210 61 46 de
1882 3208 312 48 déterminer

158 3302 46 45 la
242 3303 171 44 césure
459 3298 88 63 qui
601 3295 256 49 constitue
895 3297 44 45 le
998 3295 223 64 premier
1258 3309 129 33 vers.
1433 3293 145 48 Cette
1625 3297 178 41 césure
1846 3302 76 36 est
1982 3291 128 46 dans
2148 3289 45 46 la

161 3397 198 32 mesure
394 3396 49 45 4.
471 3382 67 45 Le
562 3379 61 47 do
648 3393 18 37 h
702 3389 75 36 est
789 3393 99 33 une
910 3377 372 64 appoggiature
1305 3375 86 64 qui
1415 3375 199 49 retarde
1636 3375 44 47 le
1767 3387 19 37 a
1808 3411 11 20 ,
1842 3373 170 63 lequel
2031 3373 163 47 forme

211 3542 48 49 (1)
289 3542 179 38 Théorie
489 3544 52 36 du
580 3542 170 50 rythme
787 3542 103 36 dans
932 3541 38 36 la
994 3540 274 51 composition
1308 3540 194 38 moderne
1537 3540 164 51 d'après
1735 3540 38 37 la
1801 3540 190 37 doctrine
2013 3539 178 50 antique

163 3605 233 48 (couronné
419 3617 76 36 par
518 3605 217 44 l'lnstitut,
757 3606 48 35 A.
833 3604 169 48 Picard,
1027 3604 195 47 éditeur).
