2329 3881
2090 262 79 52 467

760 270 173 35 LEÇONS
968 273 60 27 DU
1063 268 203 35 COLLÈGE
1301 277 55 26 DE
1390 273 172 30 FRANCE

146 350 256 51 interlude
441 355 155 62 qu'on
644 357 132 47 avait
820 370 240 37 coutume
1096 363 295 48 d'entendre
1433 365 146 61 après
1621 363 192 63 chaque
1861 362 203 63 portion
2102 362 68 47 du

146 437 180 60 poème
356 434 76 50 fut
455 437 252 63 remplacé
738 454 90 46 par
844 440 246 64 quelques
1113 449 362 60 onomatopées
1504 445 113 63 plus
1648 462 64 30 ou
1747 444 166 48 moins
1942 443 203 63 approxi-

145 517 216 48 matives
416 520 81 60 (R.
554 519 277 66 Rozières).
887 523 320 63 Explication
1253 528 293 62 ingénieuse
1590 528 127 47 mais
1775 528 167 60 faible,
1994 543 148 47 super-

145 598 198 62 ficielle,
375 616 61 31 ne
466 602 232 47 donnant
737 619 88 46 pas
863 604 44 47 la
943 607 171 48 raison
1152 611 60 47 de
1251 626 80 30 ces
1372 627 24 29 «
1428 626 181 47 pauses
1644 627 24 28 »
1712 626 97 47 que
1850 611 43 45 le
1926 609 246 49 chanteur

146 679 253 50 introduit
428 683 126 47 dans
599 684 299 48 l'exécution
933 689 189 60 vocale,
1164 702 45 36 et
1239 692 334 62 interprétant
1598 692 60 46 de
1688 689 145 64 façon
1871 703 111 36 tout
2023 694 26 44 à
2084 691 88 47 fait

148 762 354 50 inadmissible
535 767 43 45 le
609 771 252 43 caractère
892 768 193 51 bizarre
1114 773 61 47 de
1202 774 216 47 certains
1443 773 226 47 refrains.

212 847 70 48 M.
312 847 57 47 P.
413 848 175 62 Meyer
619 865 24 30 a
686 852 221 49 rattaché
950 854 44 46 le
1024 867 108 34 mot
1156 858 196 55 refrain
1382 863 26 42 à
1449 858 144 48 l'idée
1617 859 60 46 de
1716 875 24 29 «
1772 858 225 47 fioriture
2021 857 120 48 musi-

148 929 103 46 cale
279 948 22 24 »
332 929 15 63 (
548 931 126 62 refrangere
675 931 82 59 );
758 933 98 47 c'est
886 951 99 32 une
1010 938 301 62 explication
1343 941 373 62 étymologique
1748 941 302 45 intéressant
2073 956 98 30 une

150 1009 206 64 période
381 1012 248 47 moderne
662 1013 60 47 de
759 1014 297 50 l'évolution
1095 1019 66 47 du
1201 1021 205 62 lyrisme
1429 1022 66 61 (le
1533 1039 80 29 xm
1617 1032 15 19 e
1656 1021 166 61 siècle,
1860 1039 83 41 ou,
1975 1036 69 32 un
2076 1036 95 47 peu

150 1092 115 62 plus
301 1092 140 57 haut,
473 1093 71 47 les
574 1094 249 63 premiers
867 1098 156 47 essais
1053 1101 60 47 de
1156 1102 173 61 poésie-
1367 1119 62 30 en
1465 1105 180 62 langue
1683 1103 260 63 vulgaire),
1970 1102 127 47 mais
2121 1119 52 30 ce

152 1173 129 47 n'est
326 1191 88 47 pas
455 1191 99 32 une
586 1177 306 62 explication
935 1195 215 48 prenant
1174 1183 70 47 les
1293 1185 115 47 faits
1438 1190 24 43 à
1494 1185 242 62 l'origine.

220 1257 273 63 L'opinion
525 1259 61 46 de
615 1261 70 45 M.
723 1262 174 64 Meyer
930 1280 27 30 a
992 1268 75 44 été
1104 1267 231 61 adoptée,
1383 1285 64 30 ou
1479 1273 25 42 à
1535 1286 95 47 peu
1664 1272 132 61 près,
1838 1286 89 46 par
1965 1271 212 46 l'auteur

152 1341 124 45 d'un
308 1355 219 48 ouvrage
555 1342 209 61 célèbre,
799 1343 71 47 M.
908 1346 237 63 Jeanroy,
1176 1348 87 61 qui
1292 1350 309 47 m'excusera
1635 1352 60 46 de
1735 1351 163 62 parler
1928 1350 61 47 ici
2018 1352 60 46 de
2109 1350 69 47 lui

152 1436 118 33 avec
300 1422 220 64 quelque
540 1422 323 65 impatience,
889 1426 117 47 bien
1035 1444 98 47 que
1162 1428 44 61 je
1235 1430 263 47 connaisse
1533 1444 137 35 toute
1707 1432 248 46 l'étendue
1985 1432 60 46 de
2087 1446 93 32 son

153 1503 169 49 savoir
342 1516 48 34 et
411 1521 53 29 sa
486 1506 190 61 grande
695 1507 236 47 autorité.
968 1507 235 50 Certains
1237 1511 303 47 romanistes
1569 1524 89 34 ont
1682 1512 100 47 ceci
1811 1513 60 45 de
1905 1516 98 42 très
2034 1511 122 62 parti-

152 1585 160 48 culier
345 1599 11 34 :
383 1586 62 47 ils
475 1587 229 47 étudient
727 1604 68 31 un
814 1588 129 61 sujet
974 1591 428 47 essentiellement
1438 1592 212 47 musical
1689 1620 53 9 —
1777 1593 46 46 la
1863 1592 169 64 poésie
2064 1592 95 62 lyri-

154 1684 98 47 que
279 1695 60 8 —
356 1684 63 31 en
450 1668 211 47 laissant
694 1670 512 63 systématiquement
1235 1674 60 45 de
1325 1677 109 43 côté
1470 1686 110 36 tout
1603 1689 52 31 ce
1693 1674 89 63 qui
1813 1686 72 34 est
1926 1674 254 62 musique.

155 1750 66 45 Et
252 1751 174 61 quand
453 1750 45 47 la
519 1750 133 47 force
677 1752 87 46 des
794 1752 178 47 choses
1004 1754 70 45 les
1098 1754 166 63 oblige
1296 1757 25 44 à
1352 1756 165 61 parler
1552 1771 61 32 en
1651 1755 292 58 musiciens,
1992 1771 103 31 non
2124 1770 61 31 en

154 1830 333 62 littérateurs,
503 1832 63 47 ils
595 1832 230 49 oublient
841 1835 249 47 vraiment
1123 1836 43 46 le
1201 1836 174 47 devoir
1391 1837 60 46 de
1471 1836 253 62 précision
1748 1839 183 61 auquel
1964 1850 72 33 est
2067 1849 118 35 tenu

155 1929 71 32 un
273 1914 216 63 critique
522 1914 214 49 sérieux.
767 1916 72 46 M.
875 1917 238 63 Jeanroy,
1160 1919 244 62 adoptant
1439 1920 248 61 l'opinion
1719 1920 87 62 qui
1848 1920 103 46 voit
1980 1921 125 45 dans
2143 1920 42 46 le

160 1996 185 46 refrain
375 2011 70 32 un
469 1996 250 48 interlude
740 1997 377 55 instrumental,
1152 1999 444 63 périodiquement
1617 2001 130 47 mêlé
1769 2018 61 30 au
1869 2002 166 54 chant,
2060 2000 125 48 croit

158 2089 207 37 trouver
386 2093 72 33 un
478 2090 268 51 argument
769 2095 62 31 en
851 2079 173 49 faveur
1053 2082 60 46 de
1142 2094 127 35 cette
1298 2082 139 47 thèse
1460 2084 123 45 dans
1615 2082 68 47 les
1709 2099 109 30 vers
1848 2084 150 45 d'une
2021 2081 164 47 vieille

159 2159 230 48 chanson
419 2159 122 63 qu'il
567 2173 286 35 commente
884 2161 127 47 ainsi
1042 2162 63 63 (i)
1146 2182 9 27 :

223 2258 24 29 «
273 2242 116 49 Une
409 2242 306 63 pastourelle
756 2241 243 62 française
1035 2245 60 46 de
1129 2245 195 46 Jocelin
1366 2245 61 46 de
1458 2246 192 63 Bruges
1688 2260 130 33 nous
1860 2254 195 38 montre
2086 2262 98 31 une

162 2324 212 61 bergère
403 2324 89 62 qui

768 2442 64 37 En
856 2455 45 24 sa
919 2442 97 51 pipe
1038 2444 260 51 refraignait

767 2504 38 38 le
827 2517 93 26 vers
941 2505 124 38 d'une
1084 2506 239 41 chanson...

226 2662 22 22 «
268 2641 93 47 Ces
498 2656 229 42 vers,
679 2640 386 58 dit-il,
708 2641 261 62 signifient
1834 2656 60 47 qu
1917 2640 86 50 elle
1176 2658 23 29 s
1216 2641 381 61 accompagnait
1616 2656 90 30 sur
1729 2639 46 47 la
1792 2640 151 61 flûte,
1975 2639 123 47 mais
2126 2654 55 32 en

186 2724 242 58 sourdine,
447 2739 92 32 sur
567 2739 62 31 un
660 2730 80 41 ton
750 2723 115 62 plus
896 2724 101 46 bas.
1023 2740 24 28 »
1077 2725 207 46 J'avoue
1307 2739 95 46 que
1429 2723 42 59 je
1496 2738 58 30 ne
1578 2723 305 62 comprends
1908 2738 105 45 pas.
2048 2720 134 48 C'est

163 2822 70 31 un
263 2809 206 58 étrange
499 2817 117 35 tour
635 2805 60 47 de
718 2804 133 47 force
875 2820 98 46 que
999 2805 407 62 s'accompagner
1437 2819 85 31 sur
1566 2819 69 32 un
1659 2803 309 47 instrument
1998 2806 25 42 à
2063 2814 118 34 vent

162 2889 172 62 quand
365 2903 67 32 on
461 2888 181 47 chante
671 2903 67 30 ou
764 2888 171 62 quand
958 2902 67 31 on
1048 2886 155 63 parle.
1232 2886 71 47 De
1334 2886 129 61 plus,
1496 2886 45 45 la
1574 2885 118 47 flûte
1720 2885 79 46 n'a
1829 2900 88 46 pas
1960 2885 60 46 de
2040 2898 113 32 sour-

160 2968 117 48 dine
296 2980 13 49 ;
341 2969 136 46 enfin
498 2984 71 32 un
599 2979 485 52 accompagnement
1122 2988 20 23 «
1169 2983 70 32 un
1268 2979 87 34 ton
1381 2966 112 63 plus
1517 2966 87 46 bas
1637 2983 25 28 »
1706 2966 117 61 (que
1856 2966 42 45 la
1940 2963 233 62 mélodie)

162 3050 152 48 serait
342 3067 70 31 un
453 3063 246 35 monstre.
732 3051 70 46 M.
842 3050 221 62 Jeanroy
1093 3049 237 47 continue
1362 3067 9 29 :
1405 3067 23 24 «
1475 3048 211 62 Refrain
1729 3064 63 31 ou
1833 3046 164 63 refrai
2025 3045 151 47 serait

160 3134 131 46 donc
322 3131 401 64 primitivement
757 3147 70 31 un
856 3143 158 34 terme
1044 3130 210 46 musical
1303 3129 257 63 signifiant
1589 3128 216 57 mélodie,
1844 3140 46 33 et
1932 3143 61 30 en
2025 3126 126 63 parti-

162 3215 157 49 culier
350 3215 205 47 mélodie
728 3215 440 57 basse,
771 3229 116 32 avec
926 3214 68 47 les
1013 3213 205 63 paroles
1246 3211 84 64 qui
1427 3211 176 47 étaient
1813 3246 11 23 ,
1862 3225 85 44 ou,
1980 3223 197 32 comme

160 3313 82 31 me
262 3298 44 46 le
329 3297 89 47 fait
442 3312 295 47 remarquer
760 3297 65 45 M.
858 3295 58 47 G.
958 3294 163 60 Paris,
1146 3295 86 46 des
1258 3293 363 58 modulations,
1663 3293 86 45 des
1778 3289 242 48 vocalises
2044 3290 62 45 où
2133 3289 44 44 la

159 3378 131 60 voix,
315 3379 276 47 s'arrêtant
606 3394 134 47 pour
761 3375 274 65 reprendre
1062 3375 225 59 aussitôt,
1312 3391 150 47 passe
1482 3375 343 63 brusquement
1850 3373 31 45 d
1902 3387 88 30 une
2021 3377 109 40 note
2148 3371 30 44 à

183 3459 178 59 l'autre,
395 3476 52 31 ce
482 3460 141 61 qu'on
647 3458 326 62 exprimerait
1006 3473 135 46 asse\
1176 3457 103 45 bien
1316 3472 56 30 en
1402 3455 164 47 disant
1804 3469 49 31 se
1881 3453 130 45 brise
2031 3452 149 59 (fran-

213 3622 55 50 (1)
290 3621 201 50 Jeanroy,
515 3620 57 38 les
592 3619 201 52 Origines
821 3619 49 36 de
889 3617 40 38 la
953 3617 138 51 poésie
1115 3616 185 51 lyrique,
1322 3627 40 37 p.
1391 3625 89 37 104.
