2329 3881
743 251 173 35 LEÇONS
950 252 61 28 DU
1047 244 203 36 COLLÈGE
1283 253 57 27 DE
1374 251 173 29 FRANCE

2074 246 82 42 453

131 357 188 48 courts,
351 346 307 61 enveloppés
684 344 124 46 dans
842 358 70 32 un
941 343 201 62 rythme
1165 344 215 63 général,
1413 343 97 47 soit
1535 357 87 48 par
1645 358 51 31 ce
1728 342 156 62 qu'on
1914 356 26 30 a
1979 339 179 64 appelé

131 431 45 47 la
200 446 25 29 «
247 428 127 49 rime
399 427 273 48 intérieure
700 444 45 41 »,
769 425 96 46 soit
889 440 91 48 par
1009 426 44 47 la
1084 425 270 64 répétition
1387 427 60 46 de
1477 425 195 63 chaque
1703 437 116 34 note
1851 422 306 65 (dupliciter,

131 511 73 48 dit
244 526 71 32 un
353 507 281 50 manuscrit
677 508 305 46 au-dessous
1033 507 148 47 d'une
1228 507 233 47 notation
1504 506 220 63 simple),
1766 506 96 47 soit
1912 520 87 48 par
2037 503 121 49 celle

131 595 150 47 d'une
317 592 148 47 brève
510 591 219 47 formule
756 607 11 41 ;
816 590 221 47 d'autres
1066 588 96 47 fois
1203 590 93 47 elle
1331 588 238 56 choisira,
1601 590 124 47 dans
1763 590 43 45 le
1846 600 130 35 texte
2022 587 114 47 litté-

132 675 145 56 raire,
304 689 70 33 un
416 687 64 33 ou
527 671 256 65 plusieurs
831 682 135 36 mots
1028 671 123 47 dont
1199 671 92 47 elle
1339 671 170 58 tirera,
1541 685 91 48 par
1674 671 43 46 la
1768 670 294 63 répétition,
2090 684 69 31 un

135 761 218 60 système
385 753 349 50 considérable
753 755 125 47 dont
913 752 144 48 l'idée
1079 755 127 45 n'est
1235 753 280 47 nullement
1537 756 240 60 suggérée
1805 767 90 49 par
1918 752 42 46 le
1997 756 161 58 poète.

138 841 95 46 Les
268 837 322 65 expressions
630 835 230 48 verbales
910 835 250 47 semblent
1187 837 100 45 être
1317 836 60 46 de
1415 835 208 63 simples
1653 832 280 50 matériaux
1961 837 27 43 à
2017 833 145 46 l'aide

136 921 235 64 desquels
390 921 43 46 le
451 917 349 65 compositeur
827 916 252 48 construit
1107 931 198 33 comme
1329 917 33 47 il
1396 929 133 47 veut,
1569 916 159 61 parle
1768 916 215 62 procédé
2026 931 103 31 com-

136 1004 149 47 mode
308 1004 58 45 de
397 1002 45 46 la
460 1000 396 65 multiplication
877 1011 12 50 ;
913 999 129 48 ainsi
1065 999 128 48 J.-S.
1234 999 152 59 Bach,
1419 1014 85 32 sur
1533 1000 69 46 les
1644 1009 133 35 mots
1978 1034 10 23 ,

136 1085 64 47 du
233 1085 87 47 mit
343 1084 99 47 mir
447 1119 12 23 ,
493 1082 122 47 écrit
638 1081 100 48 ceci
770 1100 13 29 :

206 1533 235 46 D'autres
470 1531 113 57 fois,
611 1532 43 46 le
672 1531 349 62 compositeur
1043 1542 104 34 met
1173 1531 86 45 des
1297 1529 245 46 formules
1584 1528 320 61 mélodiques
1943 1529 224 60 répétées

140 1630 86 31 sur
251 1630 99 30 une
375 1613 130 48 suite
534 1614 59 46 de
625 1625 136 35 mots
783 1614 125 46 dont
938 1627 165 33 aucun
1128 1628 59 30 ne
1218 1627 50 31 se
1301 1613 185 60 répète,
1518 1625 197 31 comme
1739 1609 135 46 Bach
1898 1608 84 62 qui
2009 1609 132 45 intro-

141 1696 110 47 duit
282 1696 42 45 le
342 1695 201 62 rythme
568 1693 225 47 ternaire
818 1695 126 45 dans
968 1710 52 29 ce
1053 1708 207 46 passage
1286 1692 123 46 delà
1432 1703 195 33 cantate
1648 1691 81 45 Ich
1761 1689 119 47 habe
1891 1705 173 47 genug
2092 1703 15 31 :

210 2386 23 28 «
256 2367 91 47 J'ai
371 2367 106 63 pris
501 2367 124 46 dans
657 2378 108 32 mes
795 2363 113 47 bras
939 2361 42 47 le
1015 2358 246 55 Sauveur,
1296 2355 170 64 espoir
1489 2355 86 45 des
1599 2354 190 46 fidèles.
1824 2369 23 28 »

215 2452 116 44 Non
362 2449 282 46 seulement
682 2447 45 44 la
751 2443 218 47 mélodie
991 2439 175 50 établit
1204 2438 61 47 ici
1305 2453 89 47 par
1424 2435 269 64 répétition
1734 2449 70 32 un
1847 2434 197 61 rythme
2091 2432 63 47 tri-

146 2531 181 63 partite
351 2528 88 65 qui
469 2529 127 46 n'est
621 2543 89 47 pas
732 2526 213 61 indiqué
971 2522 150 65 parle
1146 2532 129 36 texte
1307 2518 187 55 verbal,
1521 2515 128 47 mais
1670 2517 69 44 les
1782 2518 198 43 césures
2027 2515 59 45 de
2117 2529 54 30 ce

145 2615 200 60 rythme
375 2628 62 30 ne
468 2609 291 49 coïncident
793 2609 166 45 même
990 2621 108 47 pas,
1121 2601 406 57 musicalement,
1560 2615 116 30 avec
1711 2598 70 46 les
1805 2597 197 62 paroles
2037 2602 7 39 !

767 2804 28 52 §
823 2804 56 52 3.
907 2804 28 52 —
963 2804 57 52 Le
1060 2805 209 50 rythme
1312 2804 238 37 ternaire.

214 2943 100 50 Sur
342 2943 70 46 les
442 2941 221 62 origines
687 2940 65 47 du
780 2937 214 64 rythme,
1032 2936 183 46 Platon
1237 2950 24 29 a
1307 2947 95 32 une
1434 2931 229 47 doctrine
1705 2929 387 63 métaphysique
2123 2940 47 34 et

149 3023 345 64 théologique.
520 3023 85 47 Un
632 3020 142 63 point
798 3020 60 45 de
878 3034 94 30 vue
999 3017 261 60 beaucoup
1288 3015 113 61 plus
1435 3016 86 43 sùr
1564 3025 76 33 est
1662 3011 128 48 celui
1814 3012 58 46 de
1904 3009 271 47 l'Histoire

150 3109 87 62 qui
263 3117 195 53 permet
482 3102 230 50 d'établir
742 3102 70 46 les
840 3100 114 47 faits
976 3098 227 46 suivants
1226 3114 9 29 :

218 3191 67 45 La
317 3187 238 63 musique
587 3196 106 36 sort
726 3183 59 47 de
817 3183 44 46 la
894 3180 166 63 magie
1082 3192 14 49 ;
1141 3194 57 31 or
1246 3192 98 33 une
1381 3177 86 47 des
1523 3176 160 62 règles
1725 3173 452 49 universellement

152 3271 187 48 suivies
359 3272 124 45 dans
515 3269 186 61 l'usage
719 3267 89 46 des
828 3262 244 48 formules
1095 3261 283 62 magiques,
1404 3258 118 46 c'est
1541 3258 44 46 la
1608 3256 290 63 répétition.
1924 3256 79 46 Du
2027 3253 150 46 chant

153 3352 236 63 magique
428 3347 233 66 primitif,
685 3347 43 47 le
761 3346 200 62 rythme
991 3355 76 35 est
1098 3345 144 61 passé
1274 3341 125 47 dans
1423 3340 43 45 la
1491 3337 201 64 liturgie
1725 3336 283 63 religieuse,
2035 3350 114 46 orga-

153 3435 137 46 nisée
314 3448 85 31 sur
428 3432 88 46 des
552 3440 156 36 restes
747 3429 60 45 de
837 3426 164 64 magie
1025 3437 14 50 j
1084 3426 59 46 de
1185 3425 46 44 là
1261 3422 126 46 dans
1430 3421 45 46 la
1504 3420 170 62 poésie
1712 3418 214 63 lyrique,
1970 3415 207 47 d'abord

153 3528 141 34 toute
320 3512 266 64 religieuse
604 3523 47 34 et
667 3507 266 61 musicale,
976 3506 133 64 puis,
1134 3505 172 62 quand
1325 3501 168 63 poésie
1517 3514 47 33 et
1588 3500 235 61 musique
1847 3509 88 35 ont
1959 3496 218 57 divorcé,

155 3600 125 44 dans
303 3597 45 45 la
378 3595 237 61 musique
637 3603 269 53 purement
936 3586 407 57 instrumentale,
1376 3585 63 46 où
1474 3599 87 47 par
1604 3580 306 48 abstraction
1942 3577 231 47 dernière
