2329 3881
726 253 205 36 THÉÂTRE
966 264 58 27 DU
1060 264 171 27 PEUPLE
1265 265 55 25 DE
1354 263 202 28 BUSSANG

2073 261 52 38 49
2137 261 10 26 1

137 367 222 38 gramme,
403 351 172 53 l'usage
609 351 342 42 d'instruments
976 356 86 39 mis
1095 359 22 36 à
1152 353 188 43 l'ancien
1378 355 219 53 diapason
1631 355 287 40 entraînerait
1942 353 103 40 bien
2077 352 76 40 des

136 422 234 41 difficultés
388 423 247 52 pratiques.
664 420 61 41 La
758 424 322 50 transposition
1104 423 104 42 d'un
1234 433 75 32 ton
1328 425 267 40 au-dessous
1613 426 132 39 serait
1771 424 117 40 alors
1925 422 226 53 indiquée.

137 491 97 41 Elle
259 491 187 42 suffirait
470 496 23 35 à
516 491 158 40 rendre
697 489 261 43 l'exécution
982 492 101 52 plus
1106 492 128 42 facile
1254 502 40 31 et
1312 495 147 39 moins
1479 494 253 53 périlleuse.
1770 491 278 43 Souhaitons
2069 504 84 40 que

138 561 63 40 les
224 561 196 41 éditeurs
443 561 240 40 modernes
724 558 89 42 s'en
859 561 184 40 rendent
1082 571 191 43 compte.
1297 561 270 42 L'ancienne
1603 564 207 51 musique
1833 571 64 31 est
1937 574 157 28 encore
2118 562 35 39 si

138 630 207 51 négligée
369 627 104 55 qu'il
499 630 134 40 serait
658 628 89 41 bon
770 629 54 40 de
846 630 191 51 prendre
1051 632 123 39 souci
1198 630 141 42 d'ôter
1361 630 89 42 l'un
1474 632 78 40 des
1572 637 218 47 prétextes
1828 635 20 36 à
1884 645 46 27 ce
1973 631 177 46 dédain,

138 712 55 28 en
218 699 39 40 la
279 698 318 54 rapprochant,
623 698 113 40 dans
760 698 39 40 la
825 711 176 27 mesure
1022 699 57 40 du
1102 700 214 52 possible,
1338 700 54 41 de
1436 714 81 27 nos
1541 700 238 41 habitudes
1803 701 292 40 d'exécution.

1512 807 138 41 Henri
1673 806 254 53 QUITTARD.

496 1088 247 42 Théâtre
775 1086 77 43 du
884 1086 209 54 peuple
1127 1088 69 41 de
1229 1089 270 54 Bussang
1530 1089 271 54 (Vosges).

199 1225 199 42 L'année
435 1227 103 49 1908
562 1232 65 33 est
663 1223 40 40 la
732 1224 305 52 quatorzième
1065 1223 159 53 depuis
1248 1224 39 40 la
1313 1224 231 41 fondation
1568 1224 58 41 du
1647 1224 169 41 théâtre
1836 1225 57 40 du
1913 1224 175 53 peuple,
2114 1232 45 31 et

146 1303 223 32 rarement
388 1293 219 54 spectacle
625 1291 64 42 fut
714 1293 122 39 aussi
858 1300 223 45 attrayant
1101 1305 85 40 que
1207 1292 111 41 celui
1338 1292 54 41 de
1413 1293 38 40 la
1482 1294 352 51 représentation
1869 1293 58 40 du
1966 1290 191 43 Château

146 1365 49 39 de
218 1363 45 41 H
266 1378 91 26 ans.

202 1432 128 42 Cette
350 1434 122 51 pièce
496 1430 257 52 légendaire
774 1443 53 27 en
851 1444 25 36 4
900 1438 116 32 actes
1041 1439 40 32 et
1108 1443 14 40 5
1152 1430 224 49 tableaux,
1413 1432 134 38 écrite
1569 1444 80 39 par
1686 1430 61 40 M.
1779 1429 198 41 Maurice
2007 1429 127 41 Potte-

146 1503 104 40 cher
272 1516 55 26 en
352 1514 132 41 prose
509 1501 203 53 rythmée
734 1509 41 31 et
792 1513 100 27 vers
913 1498 152 49 libres,
1084 1501 106 39 était
1211 1503 329 49 accompagnée
1564 1498 132 40 d'une
1711 1499 208 51 musique
1938 1498 53 40 de
2015 1503 143 44 scène,

148 1572 178 40 chœurs
361 1579 41 32 et
426 1570 84 41 soli
534 1570 52 40 de
610 1568 62 42 M.
699 1567 169 43 Lucien
892 1568 230 47 Michelot,
1157 1572 159 36 maître
1338 1568 54 40 de
1431 1567 206 52 chapelle
1660 1567 53 39 de
1735 1565 428 43 Notre-Dame-des-

148 1639 220 54 Champs,
395 1644 21 35 à
442 1639 145 40 Paris.

207 1709 63 41 Le
288 1710 130 52 sujet,
444 1721 176 28 comme
644 1707 113 41 celui
781 1707 54 40 de
860 1715 145 32 toutes
1039 1707 62 40 les
1126 1705 212 51 légendes
1359 1705 272 52 populaires,
1657 1713 65 32 est
1743 1703 85 41 fort
1852 1703 176 53 simple,
2052 1712 40 32 et
2123 1704 38 39 le

153 1780 181 40 charme
359 1780 74 51 qui
475 1777 92 41 s'en
586 1778 178 51 dégage
802 1777 205 52 provient
1037 1775 52 40 de
1114 1784 109 31 cette
1256 1775 239 52 simplicité
1518 1777 158 36 même.
1717 1772 199 41 L'action
1952 1785 45 27 se
2034 1785 129 39 passe

148 1849 114 39 dans
301 1848 64 40 les
399 1846 193 52 Vosges,
622 1860 83 27 aux
731 1846 212 40 environs
968 1845 59 39 du
1051 1844 66 40 lac
1155 1844 154 47 Blanc,
1335 1844 113 39 dans
1482 1843 38 40 le
1568 1842 69 40 val
1662 1840 212 55 d'Orbey,
1909 1843 81 38 site
2032 1843 109 50 pitto-

156 1930 160 40 resque
344 1930 86 40 que
453 1917 182 40 domine
654 1930 59 26 un
740 1915 156 41 rocher
919 1912 207 42 affectant
1150 1913 40 40 la
1215 1911 142 42 forme
1381 1911 103 41 d'un
1505 1912 127 39 vieux
1653 1910 115 51 burg
1791 1924 54 27 en
1870 1912 164 45 ruines,
2060 1909 102 41 d'où

155 2000 82 27 son
259 1999 103 28 nom
388 1985 53 40 de
464 1985 189 40 château
677 1985 54 40 de
752 1983 139 41 Hans.

212 2055 124 40 llans
359 2063 66 32 est
442 2069 60 26 un
534 2054 186 41 vaillant
738 2053 248 47 bûcheron,
1009 2065 54 27 au
1088 2065 121 27 cœur
1230 2050 94 41 d'or
1348 2065 9 34 ;
1401 2064 47 26 sa
1474 2050 151 48 bonté,
1651 2047 280 54 proverbiale
1969 2048 113 40 dans
2125 2048 39 39 le

152 2138 128 40 pays,
308 2138 22 27 a
351 2137 114 39 pour
487 2122 103 42 effet
606 2121 206 42 d'exciter
840 2121 39 40 le
904 2122 314 39 ressentiment
1241 2128 41 31 et
1307 2119 158 40 l'envie
1488 2119 53 39 de
1565 2116 179 54 l'Esprit
1768 2116 155 50 malin,
1949 2118 91 50 qui,
2058 2129 105 27 sous

152 2194 39 40 la
217 2192 142 42 forme
382 2193 58 40 du
465 2191 232 41 Chasseur
717 2199 110 41 vert,
853 2205 22 25 a
897 2191 94 50 juré
1007 2189 39 40 la
1070 2197 123 44 perte
1214 2188 53 40 de
1288 2201 81 27 son
1394 2191 111 36 âme.
1529 2186 120 41 Dans
1671 2199 46 27 ce
1739 2185 76 40 but
1839 2185 28 40 il
1886 2185 38 40 le
1948 2193 174 32 soumet
2140 2189 21 35 à

153 2276 87 27 une
261 2262 130 52 triple
423 2265 209 49 épreuve,
658 2273 54 27 en
745 2267 210 45 essayant
988 2258 54 40 de
1066 2258 39 39 le
1129 2257 189 52 prendre
1351 2270 76 27 sur
1454 2256 62 40 les
1541 2256 106 39 trois
1671 2257 263 37 sentiments
1958 2255 74 50 qui
2058 2255 85 38 tien-

153 2340 106 32 nent
296 2332 39 39 le
375 2330 101 53 plus
511 2344 55 26 au
606 2343 121 27 cœur
750 2329 53 39 de
840 2328 212 40 l'homme
1079 2342 6 24 :
1129 2324 206 51 l'amour,
1376 2323 204 52 l'argent,
1615 2323 260 40 l'habitude.
1917 2321 123 41 Hans
2076 2330 90 31 sort

154 2400 294 53 triomphant,
470 2402 134 48 grâce
623 2403 21 36 à
668 2396 167 54 l'appui
859 2396 54 41 de
935 2395 86 41 Till
1046 2403 41 33 et
1107 2395 54 39 de
1193 2394 141 47 Troll,
1359 2394 155 49 génies
1548 2391 296 42 bienfaisants
1881 2391 52 39 de
1961 2391 39 39 la
2035 2403 99 27 mon-

155 2478 135 42 tagne
314 2471 76 50 qui
415 2467 107 41 l'ont
552 2468 92 52 pris
667 2479 107 28 sous
807 2466 96 40 leur
921 2465 249 53 protection
1196 2467 22 35 à
1239 2476 133 27 cause
1394 2462 54 40 de
1471 2475 46 26 sa
1536 2460 149 42 bonté.
1710 2459 402 46 Successivement,
2138 2459 28 39 il

156 2552 46 27 se
226 2539 135 40 laisse
384 2537 191 53 prendre
599 2549 47 27 sa
679 2533 168 42 fiancée
863 2548 80 39 par
976 2548 60 25 un
1058 2532 109 40 rival
1190 2532 101 52 plus
1315 2531 230 40 séduisant
1569 2529 160 53 qu'elle
1753 2529 108 40 croit
1896 2530 164 45 aimer;
2097 2527 71 39 dix

157 2621 80 27 ans
263 2612 144 48 après,
435 2606 27 40 il
486 2606 150 40 donne
656 2619 47 26 sa
727 2605 194 48 maison,
943 2601 103 42 fruit
1066 2601 53 41 de
1137 2614 81 27 son
1239 2600 173 48 labeur,
1432 2604 22 35 à
1471 2612 87 28 une
1573 2598 147 41 vieille
1740 2606 181 44 parente
1938 2598 230 48 acariâtre,

157 2678 116 39 mais
297 2685 197 43 pauvre;
520 2675 72 40 dix
626 2687 80 27 ans
739 2674 101 52 plus
865 2673 115 46 tard,
1003 2673 153 38 vivant
1180 2671 131 40 retiré
1334 2678 41 31 et
1414 2669 200 40 solitaire
1651 2667 112 40 dans
1792 2679 86 28 une
1909 2674 100 32 tour
2032 2664 111 41 aban-

157 2747 192 49 donnée,
375 2745 29 40 il
429 2757 137 28 sauve
589 2744 39 40 la
652 2744 70 39 vie
748 2743 106 40 d'un
880 2753 234 40 voyageur
1134 2744 150 45 égaré,
1311 2737 151 42 tombé
1488 2737 111 40 dans
1620 2751 59 25 un
1709 2737 232 51 précipice.
1977 2733 63 41 Ce
2064 2732 108 42 n'est

158 2824 126 31 autre
317 2827 86 39 que
426 2811 181 55 l'Esprit
632 2812 139 40 malin
795 2813 76 50 qui
908 2810 60 40 lui
993 2808 237 49 demande,
1265 2821 54 26 en
1343 2815 142 36 outre,
1511 2820 47 26 sa
1582 2807 117 50 pipe,
1726 2819 45 26 sa
1797 2805 128 40 chère
1949 2805 118 51 pipe,
2089 2811 41 32 et
2150 2806 21 36 à

160 2886 129 51 peine
320 2882 150 41 l'a-t-il
496 2890 124 32 entre
644 2881 63 40 les
730 2881 147 39 mains
901 2878 108 53 qu'il
1031 2878 39 39 la
1096 2890 125 27 casse
1250 2890 54 26 en
1330 2878 215 37 ricanant.
1574 2874 110 40 C'en
1705 2881 64 33 est
1789 2882 113 43 trop.
1931 2872 125 40 Hans
2077 2872 96 51 déjà

157 2954 147 46 vieux,
329 2953 156 51 épuisé
510 2951 54 40 de
588 2950 204 50 chagrin,
829 2947 151 42 tombe
1003 2946 178 40 malade
1204 2953 40 32 et
1266 2958 52 26 va
1344 2945 184 39 mourir.
1559 2942 115 40 Mais
1698 2942 63 40 les
1781 2954 190 38 gnomes
1999 2940 150 40 obtien-

160 3031 106 32 nent
290 3022 55 40 de
365 3021 40 39 la
430 3019 136 48 Mort,
586 3020 75 51 qui
679 3020 120 38 vient
821 3017 38 40 le
882 3015 212 42 chercher
1114 3027 106 28 sous
1237 3013 40 41 la
1300 3012 142 41 forme
1459 3010 131 42 d'une
1613 3012 130 39 dame
1762 3010 161 47 voilée,
1950 3024 59 26 un
2034 3011 140 38 sursis

160 3092 54 39 de
249 3090 122 40 mille
408 3102 96 28 ans.
543 3088 110 41 Puis
688 3088 55 39 ils
767 3087 60 40 lui
861 3090 233 35 ramènent
1117 3096 47 27 sa
1204 3081 168 42 fiancée
1404 3082 54 39 de
1491 3081 113 52 jadis
1627 3082 106 50 (que
1753 3093 80 27 son
1855 3080 109 38 mari
1987 3093 21 25 a
2033 3078 113 40 aban-

161 3158 211 54 donnée),
411 3159 199 52 rajeunie
646 3169 174 29 comme
862 3155 247 45 lui-même,
1134 3161 40 31 et
1209 3151 60 40 lui
1295 3150 219 41 bâtissent
1553 3163 55 26 en
1643 3162 86 27 une
1763 3149 95 40 nuit
1895 3162 57 25 un
1988 3147 185 40 château

162 3228 287 41 merveilleux
473 3228 96 52 prix
592 3227 55 40 de
670 3226 95 40 leur
787 3225 128 52 enjeu
941 3223 112 40 dans
1074 3229 109 33 cette
1201 3220 108 41 lutte
1331 3233 103 26 avec
1451 3219 38 40 le
1509 3219 179 40 démon.
1709 3217 127 40 Celui
1864 3217 35 38 ci
1922 3229 51 26 ne
1997 3214 177 41 s'avoue

162 3311 80 40 pas
268 3299 176 45 vaincu,
479 3305 40 32 et
544 3309 76 27 sur
656 3308 80 27 son
761 3294 147 45 ordre,
934 3292 39 40 la
999 3290 157 42 foudre
1178 3290 197 40 anéantit
1405 3288 39 40 le
1477 3288 134 40 castel
1642 3287 228 50 magique.
1897 3283 132 47 Mais,
2051 3283 62 40 dit
2138 3283 36 39 le

162 3380 165 38 gnome
351 3380 55 27 en
427 3379 46 28 se
497 3372 218 45 moquant
731 3365 59 39 du
813 3361 207 41 Mauvais
1047 3370 7 30 :

689 3463 47 31 Le
763 3464 152 30 château
940 3459 62 42 qui
1026 3457 137 34 brillait
1188 3456 124 33 n'était
1336 3465 70 32 que
1428 3455 120 33 féerie.

692 3512 94 32 Sous
807 3514 33 29 la
863 3518 91 24 terre
977 3508 179 42 profonde
1176 3515 34 24 et
1232 3509 31 29 le
1289 3505 127 32 massif
1434 3507 129 30 rocher

776 3560 93 33 C'est
891 3562 31 30 là
948 3569 72 32 que
1044 3558 55 40 j'ai
1127 3569 39 20 su
1194 3556 128 33 cacher

689 3611 47 33 La
761 3610 139 33 maison
927 3610 46 31 du
996 3608 180 36 bonheur,
1202 3606 162 36 humble,
1389 3607 114 31 calme
1526 3611 33 25 et
1583 3603 139 37 fleurie,
