2329 3881
767 265 173 35 LEÇONS
972 267 61 27 DU
1067 257 203 36 COLLÈGE
1305 266 57 27 DE
1396 265 174 30 FRANCE

155 272 86 40 474

208 363 71 38 Ma
298 360 128 47 mère,
449 358 197 50 puisque,
666 358 136 39 vouée
824 370 53 25 au
896 358 115 37 deuil
1034 366 41 30 et
1096 371 81 25 aux
1197 358 169 47 larmes,
1390 368 46 30 tu
1460 360 199 51 déplores
1681 372 99 26 sans
1800 370 121 27 cesse
1942 358 39 37 la
1997 364 111 31 mort
2132 357 54 38 de

158 435 100 24 mon
280 422 98 49 père
402 428 39 30 et
462 421 38 37 la
523 421 120 37 ruine
667 421 50 38 de
741 428 121 30 notre
886 421 148 49 patrie,
1058 423 104 36 c'est
1186 423 22 36 à
1230 422 86 37 moi
1341 423 221 38 d'allumer
1581 435 109 38 pour
1714 435 89 26 mes
1835 433 131 26 noces
2001 421 38 38 le
2064 419 99 39 flam-

157 485 108 37 beau
282 484 115 38 sacré
422 491 40 30 et
481 484 94 38 d'en
596 483 102 39 faire
723 484 146 38 briller
891 484 40 38 la
950 484 144 39 clarté.
1125 485 36 38 O
1182 485 173 51 Hymen
1380 491 14 33 !
1417 487 22 36 ô
1460 485 226 52 Hyménée
1709 491 14 34 !

217 619 144 47 Voici
383 636 69 30 un
476 632 140 36 autre
646 637 236 31 morceau
912 621 197 63 lyrique
1130 623 83 62 (au
1244 624 157 46 début
1425 626 59 45 de
1507 625 141 62 Vlon)
1672 626 63 45 où
1771 625 32 46 il
1827 642 31 46 y
1898 642 26 29 a
1963 625 117 63 plus
2118 626 60 45 de

155 702 437 62 développement,
615 703 127 46 mais
773 703 87 61 qui
891 717 72 33 est
1004 705 249 46 construit
1296 706 195 62 d'après
1531 707 42 45 le
1604 712 166 41 même
1802 707 247 62 principe.
2107 708 70 45 Le

153 783 146 59 jeune
329 783 231 47 ministre
583 785 286 61 d'Apollon,
895 802 61 30 au
1007 786 133 46 lever
1182 788 66 45 du
1279 788 131 60 jour,
1442 805 59 29 va
1532 800 232 51 nettoyer
1808 802 47 33 et
1892 801 182 35 mettre
2118 805 61 30 en

154 866 147 45 ordre
324 866 42 46 le
404 865 281 47 sanctuaire
710 868 66 45 du
795 866 115 48 dieu
935 880 11 48 ;
972 868 43 45 le
1046 868 186 46 refrain
1263 870 266 47 lui-même
1561 884 73 33 est
1671 875 121 42 orné
1827 888 9 30 :

203 977 146 49 Viens,
369 990 171 26 rameau
562 979 235 51 verdoyant
813 980 57 38 du
891 980 156 38 laurier
1070 981 153 46 touffu,
1250 982 163 38 destiné
1439 984 21 36 à
1479 983 178 50 purifier
1686 985 38 38 le
1749 985 64 38 sol
1841 997 82 38 que
1968 997 160 26 couvre
2150 986 40 37 la

152 1039 126 39 voûte
301 1040 56 37 du
379 1040 157 51 temple
557 1042 244 49 d'Apollon,
825 1042 59 38 toi
906 1042 72 51 qui
1002 1056 187 38 pousses
1211 1046 106 37 dans
1357 1046 61 38 les
1441 1046 160 49 jardins
1632 1048 73 37 des
1756 1048 254 46 immortels,
2037 1050 56 36 où
2137 1048 52 38 de

157 1102 157 38 saintes
338 1103 144 38 rosées
503 1104 92 37 font
615 1105 125 48 jaillir
761 1118 83 25 une
867 1119 151 25 source
1039 1107 277 39 intarissable
1339 1121 108 37 pour
1465 1122 166 26 arroser
1653 1111 39 37 la
1708 1111 225 38 chevelure
1960 1112 144 38 sacrée
2132 1112 57 37 du

153 1173 148 41 myrte,
327 1166 104 37 dont
459 1166 37 38 le
519 1166 200 51 feuillage
742 1181 63 25 me
828 1177 83 30 sert
941 1169 168 50 chaque
1136 1171 110 49 jour,
1272 1172 73 37 dès
1367 1185 82 36 que
1471 1173 37 38 le
1523 1173 124 38 soleil
1669 1175 135 50 prend
1829 1187 79 25 son
1926 1175 68 38 vol
2022 1175 163 50 rapide,

152 1228 21 37 à
203 1227 172 51 balayer
395 1228 37 39 le
456 1230 157 49 temple
639 1232 54 36 du
713 1231 98 37 dieu
835 1233 159 49 auquel
1011 1235 38 47 je
1074 1235 130 37 rends
1222 1247 57 25 un
1305 1235 112 38 culte
1443 1235 160 41 assidu.
1632 1237 35 38 O
1689 1237 115 38 Péan
1820 1236 14 38 !
1856 1240 21 35 ô
1905 1238 112 37 Péan
2038 1243 14 32 !
2077 1237 108 45 béni,

153 1289 93 38 béni
265 1291 163 46 sois-tu,
456 1292 66 45 fils
545 1292 49 37 de
615 1293 161 38 Latone
797 1297 12 33 I

202 1352 34 38 O
261 1353 200 49 Apollon,
491 1354 38 50 je
553 1356 173 49 remplis
751 1358 21 35 à
811 1357 172 40 l'entrée
1020 1359 50 38 de
1107 1372 46 25 ce
1197 1360 157 51 temple
1394 1374 57 25 un
1480 1362 218 39 ministère
1738 1363 256 43 honorable,
2042 1376 53 26 en
2118 1377 67 25 me

150 1423 158 30 vouant
337 1428 51 25 au
411 1417 160 38 service
596 1419 55 36 du
681 1420 239 38 sanctuaire
942 1421 55 39 où
1016 1430 46 30 tu
1093 1424 129 37 rends
1254 1432 63 29 tes
1340 1425 179 40 oracles.
1554 1426 127 46 C'est,
1706 1439 53 25 en
1779 1425 112 48 effet,
1914 1439 58 25 un
1989 1427 199 50 glorieux

151 1478 215 39 ministère
388 1492 109 37 pour
521 1480 85 38 moi
631 1482 50 37 de
701 1483 132 37 servir
852 1484 61 37 les
928 1484 141 49 dieux,
1095 1494 40 29 et
1159 1498 89 26 non
1269 1487 61 37 les
1356 1488 189 38 mortels.
1575 1489 80 38 Les
1671 1488 180 52 fatigues
1871 1489 50 38 de
1942 1501 69 26 ces
2032 1490 153 38 nobles

148 1549 174 30 travaux
347 1554 50 26 ne
419 1555 64 25 me
507 1543 210 38 lasseront
738 1546 167 49 jamais.
935 1548 170 37 Phébus
1132 1557 63 30 est
1219 1562 100 25 mon
1340 1550 99 50 père
1462 1566 7 22 :
1497 1552 35 48 je
1550 1552 121 38 bénis
1686 1552 38 38 le
1745 1552 100 38 dieu
1868 1552 73 51 qui
1963 1566 66 24 me
2050 1566 108 25 nour-

151 1603 69 39 rit.
258 1604 97 45 Oui,
379 1604 36 50 je
441 1605 141 39 donne
605 1606 37 38 le
667 1620 99 25 nom
798 1609 50 38 de
872 1609 100 49 père
1013 1622 54 26 au
1113 1611 263 40 bienfaisant
1413 1614 188 50 Apollon
1643 1617 131 48 qu'on
1815 1616 130 38 adore
1987 1617 107 37 dans
2139 1630 46 26 ce

150 1666 173 50 temple.
349 1668 35 37 O
399 1667 115 38 Péan
538 1672 14 33 1
571 1671 21 36 ô
615 1670 114 37 Péan
750 1671 13 37 !
787 1671 108 48 béni,
922 1672 94 38 béni
1055 1674 165 48 sois-tu,
1236 1675 79 52 fils
1344 1676 51 38 de
1410 1677 155 39 Latone
1588 1684 15 32 !

208 1795 57 44 Je
314 1794 171 47 citerai
508 1797 136 45 aussi
684 1813 70 31 un
806 1809 130 37 texte
983 1801 121 61 plus
1156 1804 265 59 moderne,
1474 1806 64 45 où
1577 1806 43 45 le
1660 1806 189 47 refrain
1881 1809 161 61 paraît
2081 1813 104 42 être

148 1890 197 31 comme
395 1876 239 48 enchâssé
674 1880 124 45 dans
831 1881 248 47 certaines
1131 1884 235 61 strophes
1404 1890 277 58 (peut-être
1731 1905 91 46 par
1847 1889 44 46 la
1938 1889 134 47 faute
2116 1892 68 46 du

147 1957 385 64 transcripteur)
557 1976 12 40 ;
592 1960 114 46 c'est
730 1961 339 64 l'inscription
1095 1966 60 45 de
1177 1966 45 45 la
1253 1967 121 45 stèle
1400 1968 217 61 (époque
1649 1968 60 47 de
1748 1968 208 63 Trajan)
1999 1971 155 47 décou-

149 2050 136 35 verte
314 2055 61 31 en
395 2027 195 75 Égypte
621 2046 26 42 à
678 2042 314 60 Menschieh,
1027 2046 277 49 l'ancienne
1343 2050 298 59 Ptolémaïs,
1672 2062 48 34 et
1763 2050 327 60 aujourd'hui
2120 2069 62 31 au

148 2123 174 45 musée
354 2122 59 46 de
439 2123 240 63 Boulacq.
708 2123 83 48 On
813 2140 33 46 y
888 2137 178 36 trouve
1116 2143 99 32 une
1267 2129 169 62 prière
1487 2147 60 30 au
1579 2130 117 48 dieu
1729 2133 60 46 de
1827 2133 45 46 la
1921 2134 259 61 guérison,

151 2217 116 31 avec
291 2202 44 46 la
355 2204 232 47 mention
618 2206 89 45 des
736 2206 244 49 divinités
1004 2219 273 51 Connexes,
1308 2223 48 34 et
1387 2213 42 45 le
1460 2212 186 47 refrain
1674 2227 9 33 :
1707 2213 45 48 iê
1780 2215 25 45 ô
1829 2215 42 46 iê
1899 2216 137 46 Péan
2059 2232 17 30 :

194 2322 92 47 Que
312 2322 129 46 Péan,
466 2322 37 39 le
527 2336 96 38 sage
642 2324 66 38 fils
728 2326 50 37 de
806 2326 181 49 Latone,
1014 2328 82 38 soit
1123 2329 146 51 l'objet
1293 2331 52 38 de
1371 2345 74 24 vos
1466 2333 164 48 chants,
1650 2334 24 36 ô
1698 2347 106 25 vous
1829 2335 61 38 les
1914 2344 96 29 cent
2029 2337 147 48 jeunes

144 2383 222 50 choristes,
390 2385 35 37 ié
430 2416 9 16 ,
463 2399 37 33 o,
519 2387 35 37 ié
580 2389 142 38 Pcean.
746 2389 112 37 C'est
879 2389 61 38 lui
963 2391 73 50 qui
1061 2404 22 25 a
1105 2393 175 50 produit
1302 2407 58 25 un
1383 2396 134 48 grand
1544 2396 182 39 bienfait
1749 2410 110 38 pour
1902 2399 60 37 les
2001 2401 176 37 mortels

143 2447 146 49 lorsqu
307 2447 29 37 il
354 2460 16 24 s
388 2457 62 29 est
471 2449 74 37 uni
575 2451 25 36 d
616 2462 150 26 amour
787 2452 22 37 à
834 2453 199 48 Coronis,
1053 2455 40 36 la
1122 2455 86 39 fille
1225 2457 52 38 de
1306 2458 210 51 Phlégias,
1545 2460 36 37 ié
1605 2461 128 37 Pcean
1758 2476 13 31 ,*
1799 2462 229 49 Esculape,
2053 2463 122 51 génie

141 2510 84 37 très
249 2510 177 45 illustre,
453 2512 36 37 ié
512 2513 142 39 Pcean.
681 2514 62 38 De
766 2513 58 38 lui
856 2525 97 29 sont
973 2517 75 37 nés
1078 2519 212 38 Machaon
1312 2530 38 28 et
1386 2523 211 49 Podalire,
1642 2525 115 37 aussi
1794 2526 95 37 lasô
1933 2534 40 29 et
2012 2525 159 47 Akèsô,

146 2582 178 28 souvent
343 2573 129 48 priée,
490 2575 79 37 oié
593 2576 142 47 Pcean,
751 2578 83 49 Œg
839 2578 36 37 lé
890 2591 81 25 aux
996 2581 137 37 beaux
1158 2594 122 37 yeux,
1304 2593 40 29 et
1361 2585 203 47 Panacée,
1592 2587 168 38 enfants
1789 2588 259 50 d'Hépione,
2070 2602 103 25 avec

145 2636 38 36 la
206 2635 211 48 glorieuse
453 2645 40 29 et
522 2638 37 36 la
589 2639 362 49 resplendissante
995 2643 155 51 Hygie,
1187 2645 40 38 ié
1246 2648 143 38 Pcean.
1428 2649 244 51 Asklépios,
1713 2651 122 50 génie
1874 2652 84 38 très
1988 2652 184 46 illustre,

147 2698 36 37 ié
203 2701 138 44 Pcean,
367 2700 86 37 sois
475 2700 216 39 favorable
715 2703 22 37 à
760 2712 121 30 notre
910 2705 98 38 ville
1032 2707 247 49 grandiose,
1309 2710 37 38 ié
1350 2742 10 13 ,
1382 2713 21 35 ô
1429 2711 36 38 ié
1487 2714 140 38 Pcean.
1664 2715 327 38 Accorde-nous
2017 2728 157 26 encore

145 2761 50 38 de
219 2761 91 38 voir
333 2775 50 24 en
407 2775 108 26 nous
540 2764 257 50 réjouissant
814 2776 39 28 et
883 2780 52 25 en
959 2769 117 37 étant
1107 2771 176 39 estimés
1308 2773 39 38 la
1377 2774 178 39 lumière
1575 2777 56 38 du
1653 2778 95 49 jour
1771 2790 101 27 avec
1915 2778 196 39 l'illustre
2137 2787 40 29 et

144 2825 149 49 souple
314 2825 153 50 Hygie,
486 2826 33 38 ié
539 2830 135 46 Pcean,
700 2829 243 52 Asklépios,
965 2832 123 49 génie
1109 2834 245 50 vénérable,
1385 2837 37 38 ié
1444 2839 127 38 Pcean
1597 2843 74 47 (i).

207 2942 94 44 Les
333 2953 132 35 mots
495 2944 87 60 qui
613 2960 414 49 accompagnent,
1055 2950 126 46 dans
1207 2951 42 46 le
1281 2952 202 55 refrain,
1510 2952 44 46 la
1577 2954 234 46 mention
1851 2956 122 47 d'un
2005 2957 177 63 Esprit

141 3038 63 30 ou
236 3023 29 45 d
288 3038 67 31 un
379 3025 115 45 dieu
517 3037 115 34 sont
656 3026 86 46 des
775 3027 245 49 formules
1050 3032 240 62 bizarres,
1329 3034 161 62 prises
1521 3051 61 30 en
1613 3037 185 46 dehors
1824 3039 61 45 de
1923 3039 187 64 l'usage
2131 3054 46 34 et

141 3103 381 64 inintelligibles
547 3126 10 35 ;
585 3107 31 45 il
642 3123 61 31 en
728 3121 73 35 est
825 3111 59 45 de
914 3115 167 44 même
1103 3115 126 46 dans
1255 3116 69 45 les
1347 3116 255 47 chansons
1624 3120 267 46 modernes
1925 3121 86 63 qui
2033 3123 142 47 n'ont

141 3186 111 62 plus
277 3186 184 60 d'objet
494 3189 241 61 religieux
757 3205 9 32 :
795 3192 77 47 Vie
906 3195 25 44 ô
954 3195 42 46 iê
1025 3196 86 45 des
1135 3196 155 48 Grecs
1312 3214 64 30 ou
1415 3199 177 47 Vevohe
1623 3201 140 55 latin,
1799 3203 119 45 c'est
1955 3205 221 62 quelque

140 3267 147 47 chose
319 3285 196 31 comme
541 3271 77 47 loi
644 3272 65 60 lu,
743 3273 35 47 li
815 3277 45 44 oi
892 3276 89 47 luli
1009 3279 87 45 des
1129 3279 208 56 Russes,
1371 3281 41 45 le
1432 3281 119 47 Haa
1589 3300 54 44 ja
1690 3284 87 46 des
1810 3285 365 58 Scandinaves,

141 3349 42 45 le
206 3350 152 48 ninna
382 3368 163 31 nanna
581 3354 87 46 des
693 3355 263 49 berceuses
980 3359 284 57 italiennes,
1283 3363 42 45 le
1357 3363 51 47 ai
1426 3364 42 46 lé
1486 3363 92 49 léla
1587 3401 10 23 ,
1632 3366 42 46 le
1693 3383 58 29 ro
1770 3384 57 29 ro
1860 3384 65 31 ou
1965 3369 42 46 le
2041 3386 60 31 ru
2119 3387 58 30 ru

142 3432 86 44 des
252 3433 254 47 chansons
530 3438 339 62 portugaises,
902 3441 44 45 la
958 3443 168 61 fahra
1149 3443 159 49 dondé
1337 3446 59 46 de
1450 3462 93 31 nos
1574 3447 255 48 chansons
1880 3450 295 61 françaises.

192 3593 35 47 (i
242 3597 9 45 )
277 3595 45 36 C.
350 3596 30 36 I.
407 3597 47 37 A.
481 3598 77 47 111,
584 3611 36 36 i,
644 3609 66 39 171
710 3609 45 39 c.
