2329 3881
175 252 83 50 484

864 257 52 26 LA
949 257 240 27 COURONNE
1223 258 56 25 DE
1313 256 167 27 FLEURS

178 357 115 46 près,
319 351 61 38 les
402 360 303 40 personnages
721 355 41 32 et
785 346 40 40 la
844 346 207 40 conduite
1073 346 54 40 de
1145 346 37 40 la
1214 347 135 51 pièce.
1376 345 37 41 A
1434 360 47 26 ce
1515 348 125 51 point
1663 360 86 39 que
1772 346 174 40 donner
1966 345 215 54 l'analyse

177 419 53 39 de
249 419 41 38 la
314 417 229 39 Couronne
564 415 50 39 de
621 416 141 51 fleurs
768 445 9 16 ,
799 412 103 42 c'est
924 414 172 40 donner
1116 414 106 40 celle
1249 415 53 40 de
1326 414 224 52 Téglogue
1570 416 59 40 du
1649 414 178 40 Malade
1844 413 267 55 imaginaire
2142 425 39 31 et

178 487 398 49 réciproquement.
612 482 147 51 Qu'on
782 496 54 26 en
854 484 120 51 juge.

234 552 67 40 Au
324 553 118 39 lever
463 552 58 40 du
552 551 168 48 rideau,
747 551 37 40 la
827 557 128 35 scène
978 560 67 32 est
1074 565 19 24 «
1118 552 112 40 dans
1249 567 56 26 un
1330 553 168 51 bocage
1523 566 37 25 ».
1598 553 118 41 Mais
1752 553 39 40 la
1822 566 250 40 campagne
2115 563 65 32 est

176 622 184 39 déserte.
388 619 189 51 Bergers
601 629 40 30 et
658 619 208 51 bergères
883 628 76 32 ont
976 619 268 42 abandonné
1265 621 61 40 les
1341 622 185 53 champs
1547 631 41 32 et
1608 623 62 40 les
1691 621 99 42 bois
1808 632 97 43 trop
1923 622 256 53 longtemps

175 690 203 39 dévastés
401 703 78 37 par
500 688 38 39 la
561 702 173 37 guerre.
770 689 129 40 Flore
922 689 62 40 les
1004 689 197 52 rappelle
1233 701 7 28 :
1265 703 69 28 ces
1357 691 115 41 lieux
1503 699 101 32 sont
1629 691 254 41 désormais
1913 691 266 52 tranquilles

174 758 157 51 depuis
355 755 136 54 qu'un
511 757 176 52 héros'y
707 756 77 41 fait
810 762 161 46 régner
992 758 36 39 la
1051 760 113 49 paix.
1189 756 144 53 Qu'ils
1357 773 47 27 se
1436 769 247 38 rassurent,
1724 760 133 53 qu'ils
1895 759 224 41 célèbrent
2156 764 20 36 à

174 825 129 41 l'envi
327 839 79 38 par
433 825 119 41 leurs
574 826 157 40 chants
754 834 110 32 cette
886 826 143 50 gloire
1049 827 284 41 immortelle.

519 931 28 30 A
569 930 62 41 qui
654 933 171 29 chantera
843 930 119 32 mieux
985 933 49 30 les
1056 931 169 42 glorieux
1240 932 156 41 exploits

522 981 53 30 Du
601 980 138 33 fameux
752 981 228 40 conquérant
999 981 62 40 qui
1087 988 70 25 met
1177 980 47 34 fin
1248 984 19 30 à
1286 992 63 22 vos
1364 985 145 38 larmes,

692 1030 57 31 Ma
770 1030 94 31 main
886 1030 139 32 destine
1040 1029 51 34 les
1107 1034 184 30 honneurs

692 1080 51 31 De
763 1087 93 25 cette
877 1090 188 23 couronne
1089 1081 44 33 de
1150 1081 120 33 fleurs.

227 1192 62 42 Le
307 1196 175 39 tournoi
505 1196 209 51 poétique
736 1194 190 49 s'ouvre,
950 1197 317 41 réminiscence
1303 1199 223 52 classique
1562 1200 53 41 de
1636 1200 39 42 la
1703 1215 16 37 3
1727 1205 14 19 e
1764 1201 195 52 églogue
1980 1202 54 41 de
2078 1202 75 42 Vir-

171 1261 103 51 gile.
298 1260 115 41 Mais
434 1262 62 41 les
520 1271 204 43 pasteurs
745 1272 76 32 ont
842 1268 20 36 à
886 1266 131 51 peine
1039 1271 256 36 commencé
1314 1271 23 36 à
1361 1280 46 28 se
1437 1266 110 42 faire
1570 1270 214 39 entendre
1807 1284 86 38 que
1916 1272 200 41 survient
2138 1271 39 41 le

171 1329 101 41 dieu
289 1329 110 41 Pan.
420 1329 31 41 Il
471 1332 263 52 interrompt
753 1333 60 40 les
830 1332 169 49 chants,
1028 1333 28 40 il
1078 1334 126 41 raille
1225 1343 112 33 cette
1357 1338 200 40 témérité
1577 1337 55 41 de
1662 1337 244 55 s'attaquer
1929 1343 22 37 à
1976 1354 60 26 un
2060 1341 115 52 sujet

171 1401 36 38 si
235 1398 106 42 haut
362 1412 85 39 que
468 1399 64 41 les
554 1408 148 33 vertus
721 1402 174 51 royales
918 1416 8 25 :

738 1506 160 33 Chanter
919 1518 60 22 sur
992 1518 63 23 vos
1072 1512 238 31 chalumeaux

734 1556 49 32 Ce
801 1556 221 41 qu'Apollon
1042 1569 61 22 sur
1120 1570 37 21 sa
1171 1562 76 39 lyre

733 1606 94 31 Avec
849 1616 55 23 ses
923 1611 128 28 chants
1070 1611 51 30 les
1135 1611 81 38 plus
1234 1609 116 33 beaux

735 1655 342 42 N'entreprendrait
1100 1670 64 29 pas
1189 1660 43 31 de
1254 1660 77 33 dire
1357 1663 7 28 !

223 1766 191 54 Bergers
437 1778 40 31 et
495 1768 208 53 bergères
724 1784 45 27 se
792 1782 285 40 soumettent,
1101 1783 94 33 tout
1218 1787 54 28 en
1295 1775 236 52 déplorant
1554 1785 111 33 cette
1684 1780 263 40 contrainte.

520 1874 100 33 Cette
639 1875 219 33 soumission
883 1886 91 23 nous
993 1882 58 28 Ôte
1077 1887 70 23 une
1181 1889 189 23 couronne

519 1924 97 32 Pour
638 1924 61 42 qui
717 1925 140 33 chacun
877 1927 44 32 de
942 1938 92 21 nous
1051 1938 17 21 a
1095 1928 62 32 fait
1181 1929 98 32 mille
1301 1929 158 41 soupirs,

169 2046 179 50 soupire
371 2046 276 42 timidement
684 2061 85 27 une
802 2047 199 53 bergère.
1032 2051 132 42 Aussi
1191 2052 142 48 Flore,
1359 2053 331 54 bienveillante,
1716 2060 326 50 compatit-elle
2066 2065 19 37 à
2130 2075 45 27 ce

167 2112 213 52 déplaisir
420 2112 380 45 Généreusement
832 2118 82 41 elle
946 2128 185 43 partage
1155 2121 39 40 le
1213 2123 92 51 prix
1328 2131 125 33 entre
1476 2132 99 33 tous
1596 2124 62 42 les
1675 2137 305 42 concurrents,
2006 2135 141 36 récom-

170 2189 188 42 pensant
373 2182 118 40 leurs
514 2182 151 41 efforts
688 2184 144 52 plutôt
855 2199 86 40 que
961 2187 117 42 leurs
1101 2190 194 50 mérites,
1321 2206 75 26 car

756 2290 96 32 Dans
872 2293 50 31 les
946 2292 128 32 choses
1089 2295 159 40 grandes
1265 2302 33 26 et
1322 2297 127 40 belles,

751 2339 25 31 Il
804 2340 98 33 suffit
921 2342 137 32 d'avoir
1074 2345 191 40 entrepris.

174 2453 90 42 Pan
287 2456 108 51 joint
419 2470 46 27 sa
487 2458 100 40 voix
611 2458 76 41 àla
712 2461 168 48 sienne,
907 2471 40 31 et
970 2460 104 43 c'est
1110 2477 61 27 un
1208 2466 231 42 ensemble
1481 2467 287 54 d'allégresse
1794 2474 211 49 générale
2044 2484 39 32 et
2123 2475 54 41 de

169 2535 129 28 vœux
320 2536 113 39 pour
454 2524 40 40 la
513 2528 248 50 prospérité
780 2528 57 41 du
861 2542 249 41 monarque
1130 2535 74 48 qui
1225 2532 85 42 clôt
1328 2533 38 41 le
1384 2536 379 44 divertissement.

225 2589 115 42 Tout
363 2592 38 39 le
425 2593 163 41 monde
612 2607 44 28 se
679 2608 162 40 pourra
866 2598 216 41 aisément
1107 2610 197 43 reporter
1326 2616 54 27 au
1403 2602 175 43 Malade
1610 2606 280 56 imaginaire.
1915 2610 70 41 En
2009 2615 105 49 quoi
2138 2612 40 41 le

171 2658 216 52 piologue
411 2660 116 41 diffèi
541 2664 117 38 e-t-il
682 2664 52 40 de
771 2677 48 28 ce
842 2679 84 39 que
965 2679 114 28 nous
1112 2682 172 29 venons
1305 2672 55 39 de
1379 2674 97 40 voir
1500 2678 16 36 ?
1535 2673 69 42 En
1637 2677 110 51 rien,
1774 2679 37 40 si
1844 2692 47 28 ce
1924 2678 113 43 n'est
2070 2682 104 52 qu'il

170 2737 226 41 compoite
419 2729 110 41 deux
547 2744 305 40 personnages
870 2734 52 41 de
946 2737 147 40 moins
1116 2737 78 52 (un
1219 2740 157 52 couple
1390 2742 54 39 de
1467 2740 218 55 bergers),
1710 2754 42 32 et
1775 2761 87 38 que
1884 2748 40 41 le
1947 2749 227 52 dialogue,

171 2808 83 26 aux
292 2798 240 49 premières
554 2804 151 35 scènes
744 2810 191 41 surtout,
961 2801 184 44 s'anime
1176 2820 58 27 un
1267 2820 83 40 peu
1375 2809 116 52 plus.
1524 2809 231 56 Quelques
1794 2815 179 42 tendres
2014 2819 136 39 madri-

170 2875 117 37 gaux
325 2874 122 30 entre
472 2875 221 43 pasteurs,
720 2883 81 28 aux
823 2876 152 36 scènes
1001 2871 31 41 II
1058 2881 40 32 et
1133 2872 73 50 111,
1230 2889 55 27 en
1305 2876 273 45 diversifient
1618 2879 195 54 l'action,
1840 2888 75 48 qui
1944 2889 233 50 paraîtrait

173 2933 21 36 à
220 2931 38 38 la
292 2936 127 37 scène
442 2944 103 41 peut
570 2940 90 37 être
683 2937 323 52 languissante.
1030 2940 54 42 Et
1109 2941 102 43 c'est
1233 2952 108 33 tout.

227 2998 85 41 Ces
335 3001 320 51 changements
678 3015 100 31 sont
797 3020 85 39 peu
905 3008 52 41 de
976 3010 150 42 chose.
1152 3011 264 53 Cependant
1439 3016 54 41 ils
1515 3020 272 40 constituent
1816 3035 88 28 une
1942 3025 209 41 améliora-

171 3068 92 39 tion
284 3067 55 42 de
362 3069 146 41 détail.
534 3071 63 40 Le
620 3076 217 49 prologue
857 3077 57 39 du
940 3076 174 42 Malade
1134 3088 81 40 est,
1241 3095 53 28 en
1331 3096 189 37 somme,
1550 3087 100 52 plus
1671 3091 139 49 varié,
1846 3091 102 52 plus
1984 3095 193 52 complet

171 3148 85 38 que
284 3135 41 41 la
336 3135 230 44 Couronne
583 3140 51 40 de
650 3143 131 48 fleurs
804 3143 122 53 (sans
948 3147 147 51 parler
1116 3149 53 40 ici
1190 3149 77 41 des
1293 3151 384 45 divertissements
1712 3158 164 42 dansés
1905 3163 75 50 qui
2001 3176 28 38 y
2065 3165 88 39 tien-

169 3213 105 32 nent
291 3219 85 27 une
400 3206 122 51 laige
547 3209 158 52 place).
731 3210 79 52 Or,
838 3215 36 38 si
898 3214 40 39 la
969 3214 233 42 Couronne
1230 3218 51 39 de
1302 3220 130 49 fleurs
1473 3222 152 43 n'était
1655 3239 78 39 pas
1770 3224 235 56 l'esquisse
2042 3233 113 48 origi-

170 3273 114 49 nale,
319 3274 28 39 il
385 3273 191 44 faudrait
616 3292 56 38 qu
692 3279 84 41 elle
819 3280 65 42 fût
932 3283 9 39 1
962 3295 197 40 ouvrage
1200 3286 105 42 d'un
1347 3289 220 52 plagiaire
1610 3294 200 42 inconnu
1840 3298 75 51 qui
1953 3311 47 28 se
2042 3302 135 39 serait

169 3344 237 49 approprié
427 3341 259 46 l'invention
717 3347 59 41 du
796 3355 144 46 poète.
980 3350 230 56 Pourquoi
1247 3356 114 41 donc
1396 3372 54 28 en
1478 3361 126 41 eût-il
1641 3363 200 42 diminué
1868 3363 189 45 l'intérêt
2097 3383 80 38 par

167 3407 225 43 d'inutiles
415 3415 315 49 suppressions
752 3420 15 35 ?
792 3415 125 43 Pour
933 3419 261 43 dissimuler
1215 3435 80 29 son
1319 3425 139 42 larcin
1479 3431 17 36 ?
1519 3427 117 42 Mais
1669 3431 133 51 alors,
1840 3436 197 40 aurait-il
2074 3450 78 27 con-

167 3482 124 36 servé
315 3491 103 29 sans
438 3495 28 38 y
491 3482 92 39 rien
616 3483 197 52 changer
833 3487 77 41 des
935 3493 153 37 scènes
1109 3493 207 49 entières,
1354 3493 39 42 la
1426 3499 154 39 moitié
1604 3513 54 26 au
1693 3502 148 42 moins
1876 3504 59 40 du
1977 3510 158 48 poème
2154 3506 15 40 ?

169 3543 86 42 Par
277 3548 214 52 exemple,
507 3549 40 41 la
570 3556 127 35 scène
720 3553 270 52 importante
1003 3556 52 42 de
1079 3557 181 43 l'entrée
1282 3560 58 41 du
1357 3562 103 42 dieu
1474 3563 94 42 Pan
1583 3575 42 32 et
1644 3567 54 41 de
1718 3581 46 28 sa
1789 3571 132 48 suite,
1943 3572 230 53 identique
