2296 3759
850 210 326 31 PUBLICATIONS
1211 205 263 32 NOUVELLES

156 208 78 48 306

212 323 249 43 CONCOURS
498 321 252 42 CRESSENT.
790 342 53 5 —
881 316 62 42 Le
983 318 96 52 jury
1103 316 59 40 du
1202 329 12 26 I
1223 319 28 17 EI
1291 321 219 32 concours
1533 307 54 39 de
1611 304 301 52 composition
1952 302 212 40 musicale

157 394 332 53 symphonique
524 391 256 50 (fondation
814 384 230 54 Cressent)
1079 386 121 40 vient
1236 383 54 40 de
1329 379 206 42 terminet
1582 375 11 40 1
1613 385 185 29 examen
1830 371 77 40 des
1948 383 218 38 ouxiages

157 464 189 52 déposés
370 471 41 31 et
432 476 22 26 a
475 461 187 40 décerné
684 459 113 40 deux
814 458 94 52 prix
936 468 7 27 :

218 537 39 35 i°
278 531 115 41 L'un
415 535 22 35 à
466 528 65 40 M.
552 527 188 52 Eugène
760 525 154 52 Cools,
939 524 303 51 compositeur
1260 520 55 40 de
1337 517 211 51 musique
1582 517 21 36 à
1636 511 145 48 Paris,
1807 522 115 40 pour
1943 522 88 26 une
2052 522 85 38 sym-

157 601 165 52 phonie
341 612 105 28 avec
468 598 226 40 orchestre
718 596 110 51 seul,
847 609 54 27 en
924 600 44 34 ut
990 594 176 40 mineur
1187 602 8 38 ;

212 676 43 33 2°
273 668 181 40 L'autre
484 671 21 35 à
547 666 64 41 M.
644 664 99 54 Guy
781 664 211 52 Ropartz,
1018 661 304 52 compositeur
1352 655 54 40 de
1429 654 209 50 musique
1676 654 21 36 à
1731 647 174 54 Nancy,
1943 659 115 40 pour
2079 660 86 27 une

155 737 268 53 symphonie
445 750 55 27 en
522 734 60 42 mi
600 736 187 52 majeur,
814 746 105 28 avec
943 730 241 47 orchestre,
1208 727 83 40 soli
1314 734 42 31 et
1380 724 195 39 chœurs.

210 805 187 42 Chacun
418 806 76 41 des
517 805 195 41 lauréats
737 817 105 27 aura
863 802 114 40 droit
1011 803 22 36 à
1056 811 88 28 une
1166 798 144 51 prime
1331 793 54 40 de
1413 804 158 29 io.ooo
1596 789 146 42 francs
1766 796 42 32 et
1830 791 21 36 à
1877 799 87 29 une
1992 797 173 29 somme

154 876 54 41 de
237 889 121 40 1.500
379 875 148 42 francs
550 889 113 38 pour
682 872 107 41 frais
808 873 54 38 de
885 871 144 51 copie.

209 981 174 43 OPÉRA.
480 981 61 41 M.
569 982 40 39 le
630 982 203 39 ministre
848 978 77 39 des
949 972 277 44 Beaux-Arts
1246 986 21 26 a
1294 974 244 50 approuvé,
1566 973 22 36 à
1614 969 41 40 la
1677 968 101 39 date
1801 966 59 40 du
1887 979 46 37 19
1957 966 90 38 mai
2070 964 72 40 dei-

153 1054 111 46 nier,
289 1052 39 40 le
359 1051 130 40 choix
525 1050 53 40 de
615 1049 60 40 M.
700 1048 135 40 Henri
860 1046 182 49 Busser,
1079 1044 74 52 qui
1177 1042 61 40 lui
1263 1056 22 25 a
1310 1045 67 35 été
1401 1042 194 50 proposé
1628 1051 72 38 pat
1746 1035 60 41 M.
1846 1032 218 43 Gailhard
2111 1046 53 28 en

152 1121 167 53 qualité
341 1120 54 40 de
409 1117 103 41 chef
527 1117 270 41 d'orchestre
818 1116 58 40 du
901 1115 170 40 théâtre
1094 1110 201 42 national
1319 1110 54 40 de
1396 1107 199 53 l'Opéra.

205 1235 155 41 VENTE
405 1249 56 24 DE
495 1248 51 25 LA
582 1246 145 26 HARPE
774 1245 55 25 DE
861 1230 345 40 L'IMPÉRATRICE
1238 1231 260 42 JOSÉPHINE.

1630 1221 123 41 Dans
1798 1217 264 43 l'ensemble
2107 1217 57 40 de

149 1303 203 41 meubles
396 1311 41 32 et
487 1303 54 40 de
582 1300 190 41 bronzes
809 1301 54 39 de
901 1298 205 53 l'époque
1146 1297 59 40 du
1249 1296 202 40 Premier
1494 1292 185 53 Empire
1717 1290 319 40 collectionnés
2076 1301 80 38 par

144 1372 61 40 M.
226 1371 293 53 Autocolsky,
558 1380 41 31 et
619 1371 108 40 dont
760 1369 38 40 la
824 1369 253 52 dispersion
1098 1368 120 39 vient
1240 1363 138 42 d'être
1399 1362 120 49 faite,
1542 1366 22 36 à
1586 1358 161 43 l'Hôtel
1772 1359 189 48 Drouot,
1988 1371 80 38 par
2092 1356 64 40 les

144 1443 124 39 soins
295 1442 75 39 des
397 1439 45 41 M
446 1445 31 18 es
496 1439 179 41 Boudin
701 1448 40 31 et
765 1436 362 49 Lair-Dubreuil,
1152 1448 88 27 une
1259 1434 140 51 harpe
1435 1445 55 28 en
1503 1431 99 40 bois
1627 1429 168 50 sculpté
1814 1435 42 32 et
1898 1427 108 38 doré
2042 1424 72 40 dE-

141 1510 117 50 rard,
285 1518 133 44 ayant
438 1518 250 44 appartenu
713 1512 21 35 à
772 1506 312 52 l'impératrice
1114 1503 261 55 Joséphine,
1414 1515 23 25 a
1470 1504 68 36 été
1578 1499 189 51 adjugée
1811 1500 20 35 à
1857 1499 109 48 6500
1990 1492 165 42 fiancs.

195 1578 126 41 Cette
339 1579 151 51 harpe,
511 1579 74 51 qui
609 1586 65 31 est
698 1580 135 48 posée
851 1589 74 26 sur
949 1587 86 27 une
1049 1572 176 42 estrade
1246 1571 141 47 ovale,
1406 1578 66 31 est
1493 1569 333 50 accompagnée
1846 1564 25 40 d
1890 1578 60 26 un
1969 1562 186 41 fauteuil

141 1656 211 31 tournant
375 1651 22 34 à
421 1645 106 42 fond
548 1654 93 31 vert
661 1653 41 32 et
727 1644 181 40 rehauts
929 1640 107 51 d'or,
1057 1641 133 41 d'une
1212 1641 121 39 boîte
1358 1643 21 35 à
1402 1638 154 40 cordes
1580 1645 40 32 et
1644 1635 24 40 d
1689 1649 59 26 un
1766 1635 192 51 pupitre.

192 1715 168 41 Toutes
380 1729 70 26 ces
473 1716 162 51 pièces,
661 1727 173 27 comme
857 1713 38 39 la
920 1712 154 52 harpe,
1094 1718 100 33 sont
1214 1710 54 39 de
1287 1708 207 52 l'époque
1514 1706 59 40 du
1597 1705 202 40 Premier
1818 1701 202 54 Empire.

1637 1772 54 41 H.
1715 1772 210 41 ROUGET.

196 1895 403 43 Publications
635 1893 312 42 nouvelles.

1053 1892 56 40 D.
1132 1891 79 41 Ch.
1240 1891 159 41 Prevot
1421 1901 11 26 :
1461 1896 39 32 i°
1517 1901 20 24 «
1560 1886 154 54 Sylvie
1738 1899 38 35 »,
1802 1885 153 52 poésie
1974 1884 54 40 de
2047 1882 104 41 Boi-

136 1965 397 53 leau-Despréaux,
555 1965 195 41 mélodie
772 1968 179 48 p.ténor
971 1960 34 54 (i
1032 1962 52 40 fr.
1110 1976 67 37 70,
1198 1960 103 41 chez
1320 1956 367 50 P.Decourcelle,
1712 1953 153 53 Nice);
1896 1968 20 25 2
1922 1959 18 16 0
1965 1965 20 25 «
2011 1950 139 42 Soleil

135 2035 275 48 couchant»,
437 2035 149 52 poésie
610 2034 53 40 de
686 2033 152 40 Victor
856 2032 149 50 Hugo,
1029 2031 192 40 mélodie
1244 2044 40 38 p.
1309 2028 192 52 baryton
1520 2027 38 49 (1
1581 2025 52 40 fr.
1652 2038 67 37 70,
1734 2023 131 51 ibid.)
1881 2034 7 36 ;
1915 2036 17 36 3
1939 2027 17 16 0
1974 2035 20 24 «
2021 2019 98 42 Som-

135 2105 103 40 meil
261 2103 200 42 d'enfant
485 2117 39 35 »,
568 2102 213 42 berceuse
804 2101 36 52 (1
869 2101 52 40 fr.
941 2115 49 39 70
1007 2100 130 50 ibid.)
1159 2115 7 33 ;
1192 2113 23 37 4
1222 2105 14 16 0
1261 2097 105 41 «La
1385 2099 129 51 jeune
1534 2094 146 40 Morte
1710 2106 38 38 »,
1776 2099 159 34 sonnet
1959 2091 54 40 de
2043 2089 105 55 José

135 2173 143 40 Maria
299 2174 52 39 de
377 2173 192 40 Heredia
595 2171 32 53 (1
663 2171 51 40 fr.
743 2185 49 39 70
816 2168 132 55 ibid.)
969 2184 10 34 ;
1018 2183 14 38 5
1040 2174 18 18 0
1080 2168 113 41 «Ma
1220 2167 81 41 Vie
1328 2181 22 26 a
1380 2179 82 27 son
1495 2172 140 34 secret
1660 2176 39 37 »,
1726 2169 161 34 sonnet
1930 2160 54 40 de
2027 2159 120 39 Félix

136 2242 183 48 Arvers,
344 2256 40 38 p.
413 2241 189 53 baryton
629 2240 28 52 (1
686 2239 52 41 fr.
766 2253 67 38 75,
854 2240 103 39 chez
979 2237 55 41 H.
1066 2235 185 49 Martin,
1270 2233 143 54 Nice).

189 2310 56 40 A.
270 2309 225 55 Brugnoli
519 2326 7 23 :
555 2323 19 25 «
606 2314 38 35 i°
663 2308 214 41 Mazurka
898 2307 210 41 italienne
1132 2319 160 40 »,pour
1313 2306 134 51 piano
1464 2302 39 52 (2
1529 2301 73 49 fr.,
1620 2301 104 40 chez
1745 2299 52 41 E.
1824 2298 200 48 Demets,
2051 2296 72 41 édi-

137 2389 111 39 teur,
270 2379 148 51 Paris)
437 2394 8 33 ;
472 2393 21 25 2
498 2384 17 16 0
541 2392 19 24 «
581 2378 219 40 Minuetto
822 2390 158 40 »,pour
990 2378 134 50 piano
1148 2373 38 54 (2
1204 2374 52 40 fr.
1277 2372 129 53 ibid.)
1428 2388 7 32 ;
1465 2386 17 36 3
1489 2378 17 15 0
1531 2378 19 31 <t
1569 2369 152 49 Valse,
1744 2382 55 27 en
1819 2367 65 41 sol
1903 2368 179 41 mineur
2106 2378 39 38 »,

137 2462 113 38 pour
269 2450 133 50 piano
422 2446 42 54 (2
486 2446 51 41 fr.
564 2460 64 39 50,
654 2446 145 52 ibid.).

191 2517 56 39 A.
272 2515 204 42 Mariotte
501 2531 8 24 :
548 2529 18 25 «
595 2515 241 41 Sonatines
859 2514 258 40 d'automne
1155 2526 19 24 »
1200 2512 242 50 (Douceur,
1482 2508 38 42 le
1556 2508 224 49 Calvaire,
1807 2507 166 40 Brume
2009 2503 108 42 d'Au-

138 2585 184 52 tomne),
349 2592 181 46 poèmes
550 2585 54 40 de
628 2585 50 40 C.
704 2584 219 41 Mauclair
941 2581 35 54 (5
1002 2581 72 53 fr.,
1097 2582 103 40 chez
1224 2580 51 41 E.
1298 2580 200 49 Demets,
1515 2579 191 48 éditeur,
1725 2574 166 48 Paris).

1353 3406 58 40 Le
1444 3405 162 43 Gérant
1632 3423 11 24 :
1675 3408 53 40 A.
1766 3408 205 47 REBECQ.

769 3540 101 28 Poitiers.
887 3552 16 5 -
916 3541 82 27 Société
1016 3543 105 31 française
1135 3544 151 29 d'lmprimerie
1301 3543 25 27 et
1342 3546 27 24 de
1389 3544 111 26 Librairie.
