2296 3759
737 189 50 26 LA
819 189 26 24 V
849 179 15 17 e
899 187 258 27 SYMPHONIE
1192 189 55 24 DE
1283 187 264 28 BEETHOVEN

2071 192 71 37 301

127 291 124 37 cutée
273 286 178 52 d'après
475 284 38 39 la
539 280 210 42 méthode
772 292 86 39 que
875 280 38 51 je
932 280 128 39 viens
1080 280 54 39 de
1153 280 110 46 dire,
1289 294 105 26 avec
1427 289 111 31 cette
1578 282 122 39 seule
1736 281 237 43 différence
2003 298 86 38 que
2109 287 39 39 le

124 357 221 40 musicien
388 359 131 47 opère
543 366 75 26 sur
643 362 85 29 une
769 348 191 40 formule
1004 348 256 52 rythmique
1284 358 40 31 et
1359 363 90 27 non
1487 363 76 26 sur
1602 364 87 26 une
1719 349 143 41 forme
1906 352 238 53 plastique.

1580 436 85 54 (Cf.
1704 437 279 51 Schumann,
2011 437 136 57 Sym-

127 444 96 42 Elle
245 454 66 31 est
335 442 105 42 faite
458 455 102 27 avec
580 453 71 27 ces
673 446 157 45 quatre
855 445 128 32 notes
1006 449 7 26 :

126 533 164 54 phonie
314 545 53 28 en
391 531 37 38 si
445 524 2 66 <
448 561 14 29 ?
491 545 7 33 ;
525 527 278 54 Meyerbeer,
833 525 254 42 Ouverture
1111 525 55 40 de
1184 524 163 41 Robert
1366 524 36 40 le
1425 524 156 40 Diable
1588 557 8 16 ,
1619 526 138 53 etc..)

183 600 64 42 De
264 600 126 40 telles
416 600 118 40 idées
559 607 100 32 sont
684 611 122 27 assez
830 595 186 42 banales
1043 606 8 38 ;
1078 607 56 28 on
1153 594 63 40 les
1241 602 233 32 rencontre
1499 593 329 53 fréquemment
1848 596 104 41 chez
1971 597 63 40 les
2058 599 69 50 pri-

129 668 155 44 mitifs.
308 668 31 42 U
362 684 27 32 y
421 682 20 27 a
461 668 77 41 des
574 667 243 49 peuplades
840 677 239 38 sauvages,
1129 667 21 36 à
1185 677 84 38 peu
1310 668 99 47 près
1430 663 195 40 dénuées
1662 664 53 40 de
1756 665 187 50 culture,
1972 668 76 48 qui
2073 675 76 32 ont

131 743 154 37 trouvé
307 738 191 53 quelque
531 737 132 41 chose
686 736 53 40 de
763 743 93 32 tout
901 739 21 35 à
948 733 78 41 fait
1063 732 251 41 semblable

1824 733 115 41 Mais
1962 735 109 42 elles
2096 748 54 29 ne

127 817 109 32 vont
256 821 78 39 pas
357 807 101 53 plus
482 806 104 41 loin.
610 804 63 42 Le
708 806 132 50 génie
864 803 186 41 musical
1074 804 195 39 consiste
1290 806 21 36 à
1336 806 121 36 créer
1479 815 84 27 une
1600 802 270 52 symphonie
1908 817 105 27 avec
2038 813 111 33 cette

129 879 172 48 maigre
323 877 189 40 donnée.
535 875 62 40 Le
616 876 304 51 compositeur
942 882 65 32 est
1028 887 59 27 un
1110 872 236 50 démiurge
1392 873 242 39 souverain
1670 872 92 50 qui,
1816 886 103 26 avec
1956 886 194 39 presque

128 948 110 48 rien,
263 945 78 40 fait
362 945 52 40 de
435 945 40 41 la
499 949 180 48 pensée,
712 953 40 32 et
782 945 217 39 construit
1026 957 57 26 un
1116 940 326 42 chef-d'œuvre
1479 939 299 43 éblouissant.
1809 939 128 52 (Voir
1974 941 112 39 dans
2111 941 39 41 le

136 1031 10 25 l
157 1020 33 18 er
214 1015 160 42 recueil
407 1015 54 41 de
484 1014 38 40 la
557 1014 202 54 Légende
797 1014 71 40 des
906 1012 147 41 siècles
1077 1013 54 40 de
1172 1011 54 41 V.
1255 1011 149 51 Hugo,
1432 1011 40 40 la
1497 1011 121 52 pièce
1655 1023 45 26 se
1725 1011 242 39 terminant
1996 1024 78 38 par
2105 1024 46 26 ce

129 1098 99 28 vers
249 1101 7 25 :
276 1083 86 42 Car
385 1084 125 49 Dieu,
537 1084 49 40 de
610 1084 237 54 /'araignée
868 1089 113 35 avait
1006 1082 83 49 fait
1106 1081 35 40 le
1157 1081 125 40 soleil
1304 1082 15 38 !
1342 1080 192 41 Brahms
1555 1094 21 25 a
1592 1079 164 41 excellé
1779 1079 113 40 dans
1915 1092 72 27 ces
2009 1088 142 31 sortes

131 1155 53 39 de
207 1156 113 39 mise
342 1168 55 26 en
420 1167 152 28 œuvre
608 1152 105 42 d'un
738 1151 146 43 motif.
917 1152 31 40 Il
973 1161 66 31 est
1062 1155 145 37 même
1232 1149 151 43 tombé
1422 1163 123 27 assez
1583 1157 190 33 souvent
1809 1149 113 39 dans
1957 1147 196 52 l'excès.)

184 1223 51 54 Je
268 1225 89 38 sais
382 1223 102 40 bien
510 1224 135 52 qu'on
666 1222 193 41 attribue
884 1227 21 35 à
938 1235 47 27 ce
1007 1220 131 42 motif
1176 1221 53 40 de
1258 1235 24 36 4
1308 1228 127 32 notes
1479 1235 59 26 un
1582 1232 102 28 sens
1717 1219 299 53 dramatique.
2045 1217 81 41 Bee-

130 1292 162 41 thoven
313 1291 230 40 lui-même
567 1291 52 40 l'a
643 1296 303 48 accompagné
970 1292 53 39 de
1037 1299 111 32 cette
1171 1291 200 39 mention
1398 1301 46 26 :«
1466 1288 60 40 So
1542 1288 128 55 pocht
1690 1288 76 40 das
1787 1287 201 41 Schiksal
2006 1302 55 25 an
2084 1288 68 38 die

128 1372 27 40 p
155 1361 130 53 forte,
294 1362 116 39 ainsi
431 1360 154 53 frappe
602 1361 39 40 le
664 1361 146 40 destin
835 1365 21 35 à
882 1357 161 56 [notre]
1069 1369 140 44 porte.
1238 1373 18 24 »
1284 1357 119 42 C'est
1428 1358 38 39 là
1491 1371 87 27 une
1594 1358 128 50 glose
1747 1356 104 41 faite
1869 1362 128 46 après
2018 1370 130 39 coup,

129 1439 41 33 et
194 1430 107 52 qu'il
322 1429 92 41 faut
434 1430 227 46 entendre,
681 1430 37 52 je
741 1431 132 48 crois,
894 1444 90 25 cum
1008 1443 142 41 grano
1167 1429 119 39 salis.
1311 1427 126 41 Cette
1455 1427 269 53 symphonie
1748 1441 22 25 a
1792 1430 68 36 été
1884 1425 190 40 achevée
2098 1439 53 27 en

136 1502 102 40 1808
261 1514 8 33 ;
297 1501 113 39 mais
437 1500 38 39 le
493 1500 156 52 projet,
675 1497 127 43 l'idée
819 1500 234 52 première,
1077 1506 251 32 remontent
1353 1501 20 35 à
1406 1500 118 37 1801.
1544 1495 49 55 Je
1618 1509 53 26 ne
1691 1509 68 27 me
1795 1499 255 48 représente
2070 1509 81 38 pas

129 1568 259 41 Beethoven
409 1577 243 32 concevant
675 1568 179 40 d'abord
871 1568 38 40 la
936 1568 107 40 lutte
1067 1568 57 40 du
1146 1567 157 41 Destin
1322 1576 41 31 et
1384 1566 53 40 de
1458 1564 228 49 l'homme,
1726 1573 41 33 et
1804 1564 242 41 cherchant
2081 1579 47 24 en-

129 1637 107 39 suite
257 1641 21 36 à
313 1637 252 52 l'exprimer
587 1651 55 27 en
666 1639 223 50 musique.
913 1636 63 41 Ce
1016 1650 85 39 que
1131 1636 89 41 l'on
1261 1636 187 50 regarde
1493 1634 371 41 habituellement
1915 1646 173 28 comme
2112 1634 39 40 le

132 1707 199 51 principe
364 1705 190 53 profond
575 1707 53 40 de
645 1716 112 31 cette
781 1720 152 28 œuvre
957 1720 69 27 me
1047 1709 143 50 paraît
1210 1709 90 38 être
1324 1719 87 26 une
1432 1705 271 40 association
1733 1702 165 43 d'idées
1913 1703 108 41 dont
2044 1703 28 40 il
2098 1716 53 27 ne

131 1773 93 43 faut
246 1788 79 39 pas
347 1780 213 45 exagérer
583 1776 323 53 l'importance.

189 1843 72 41 111.
357 1844 208 53 Analyse.

188 1911 209 43 L'œuvre
437 1913 163 41 débute
638 1928 79 40 par
755 1914 113 42 deux
905 1912 299 55 èpiphonèmes
1240 1910 359 54 (exclamations)
1641 1913 74 51 qui
1752 1919 101 32 sont
1895 1919 100 32 tous
2037 1910 113 41 deux

132 1982 286 53 développés,
442 1983 38 40 le
503 1985 193 50 premier
727 1983 113 40 dans
873 1996 86 26 une
983 1982 198 52 période,
1221 1982 39 40 le
1290 1981 162 40 second
1478 1985 112 36 dans
1615 1994 86 27 une
1726 1979 277 53 antipériode
2027 1992 93 28 com-

131 2051 292 53 plémentaire
451 2064 7 36 ;
497 2052 103 41 c'est
630 2065 87 27 une
750 2051 142 42 forme
928 2065 123 28 assez
1091 2050 232 55 fréquente
1359 2064 53 27 en
1449 2051 165 53 poésie.
1640 2049 80 42 Ex.
1749 2050 88 39 :le
1869 2048 280 52 monologue

132 2120 52 41 de
207 2119 99 42 Don
331 2120 172 53 Diègue
531 2131 7 29 :

723 2203 30 33 O
774 2213 86 32 rage
878 2206 6 28 !
911 2207 19 28 ô
956 2201 188 41 désespoir
1165 2204 6 28 !
1195 2226 21 7 ..

188 2298 86 41 Ces
295 2300 340 51 èpiphonèmes,
659 2304 21 35 à
706 2312 82 39 peu
807 2304 101 47 près
931 2297 182 41 absents
1133 2298 77 40 des
1235 2306 181 31 sonates
1436 2296 53 40 de
1508 2295 273 46 Beethoven,
1803 2302 100 32 sont
1922 2292 228 53 fréquents

131 2367 111 41 dans
282 2368 37 40 la
346 2368 283 52 symphonie,
657 2372 21 35 à
705 2367 193 53 laquelle
919 2367 53 39 ils
992 2368 199 39 donnent
1209 2367 101 51 plus
1337 2363 250 54 d'ampleur
1608 2365 191 39 oratoire
1836 2371 41 32 et
1917 2364 54 39 de
1994 2363 130 39 solen-

131 2437 106 39 nité.
259 2435 296 53 Quelquefois
572 2436 28 40 il
623 2436 71 53 n'y
726 2450 55 26 en
806 2450 21 26 a
867 2436 138 52 qu'un
1030 2436 94 40 seul
1150 2434 154 53 (début
1337 2434 54 40 de
1431 2434 38 38 la
1505 2448 20 24 2
1531 2438 14 17 e
1594 2429 286 56 symphonie)
1905 2446 9 33 ;
1956 2431 194 40 d'autres

131 2503 85 42 fois
233 2505 25 40 il
280 2520 27 38 y
327 2519 53 26 en
402 2519 21 26 a
444 2505 113 40 deux
581 2503 155 54 (début
757 2505 53 40 de
834 2505 10 39 l
849 2503 230 55 'héroïque)
1106 2518 57 27 ou
1188 2507 145 37 même
1357 2518 59 25 un
1435 2516 125 26 assez
1584 2502 144 50 grand
1768 2500 201 42 nombre.
1990 2499 134 40 L'ada-

129 2576 76 48 gio
225 2575 365 49 d'introduction,
614 2574 104 40 chez
739 2573 176 52 Haydn,
941 2575 202 50 pourrait
1166 2577 91 36 être
1281 2573 231 40 considéré
1550 2585 177 28 comme
1766 2585 57 25 un
1849 2570 300 52 épiphonème

133 2643 262 52 développé.

189 2711 86 41 Les
299 2712 112 40 deux
436 2712 204 51 périodes
664 2712 193 40 initiales
894 2725 46 26 se
964 2720 205 32 trouvent
1195 2712 194 40 réduites
1411 2712 200 39 chacune
1635 2714 115 36 àun
1772 2709 135 39 kôlon
1947 2719 174 39 compre-

131 2790 107 30 nant
264 2795 20 25 2
310 2794 216 27 mesures.
540 2780 63 41 Ce
627 2780 199 41 membre
840 2781 54 40 de
914 2781 165 52 phrase
1101 2796 20 25 a
1143 2782 111 40 deux
1280 2781 329 52 particularités
1628 2779 61 40 :il
1715 2787 65 31 est
1805 2775 201 56 acéphale
2015 2806 7 14 ,
2046 2787 104 28 sans

133 2853 100 43 tête,
260 2859 310 42 commençant
611 2865 78 37 par
712 2865 59 25 un
811 2852 170 50 soupir,
1003 2859 41 31 et
1084 2850 28 40 il
1156 2864 46 26 se
1235 2852 188 39 termine
1450 2863 76 27 sur
1581 2862 59 26 un
1665 2849 123 50 point
1815 2843 202 52 d'orgue,
2046 2857 105 26 avec

132 2923 153 36 césure
320 2918 228 41 féminine.
584 2918 160 52 Quelle
779 2928 65 31 est
874 2919 38 40 la
953 2919 155 40 valeur
1136 2928 151 31 exacte
1324 2919 54 40 de
1411 2932 47 27 ce
1479 2919 126 51 point
1644 2916 186 49 d'orgue
1855 2918 15 36 ?
1905 2913 85 40 Les
2029 2911 122 42 chefs

131 2986 271 43 d'orchestre
419 2987 62 54 s'y
501 2993 194 36 arrêtent
716 2987 327 51 indéfiniment,
1061 3001 105 27 sans
1191 2989 135 40 doute
1343 3001 52 27 en
1418 2988 251 48 imaginant
1682 2985 9 39 1
1712 2985 186 39 histoire
1922 2984 204 38 suivante
2142 2993 7 27 :

132 3057 58 40 Le
226 3057 150 40 Destin
388 3057 164 56 frappe
585 3061 22 36 à
646 3057 41 40 la
724 3064 122 48 porte
880 3059 53 38 de
967 3057 259 49 Beethoven,
1254 3057 136 40 sourd
1415 3065 40 32 et
1494 3055 193 47 malade,
1715 3053 167 40 révolté
1915 3060 150 32 contre
2089 3051 63 40 les

132 3126 205 41 hommes
357 3135 40 32 et
419 3142 59 25 un
504 3140 84 40 peu
614 3135 151 32 contre
790 3127 245 40 lui-même.
1060 3125 71 42 On
1155 3140 54 26 ne
1234 3127 60 39 lui
1329 3125 168 52 répond
1523 3138 97 39 pas.
1649 3121 178 43 Silence
1850 3122 298 50 dramatique.

133 3195 133 41 Point
288 3194 238 52 d'orgue...
545 3197 227 50 angoisse.
797 3195 57 39 Le
880 3194 147 40 Destin
1046 3195 156 53 frappe
1225 3195 49 38 de
1298 3208 209 25 nouveau.
1531 3192 71 41 On
1618 3206 54 26 ne
1693 3191 165 53 répond
1872 3204 80 39 pas
1976 3202 176 34 encore,

132 3278 205 26 nouveau
351 3266 124 51 point
498 3262 202 53 d'orgue.
715 3264 267 50 L'angoisse
1002 3262 266 42 redouble...
1360 3261 121 48 Cela,
1501 3260 103 42 c'est
1628 3261 53 40 de
1698 3261 38 39 la
1752 3259 294 54 psychologie
2059 3256 69 41 fan-

135 3331 172 43 taisiste
323 3343 41 31 et
382 3347 89 27 non
487 3335 54 39 de
555 3334 38 40 la
616 3336 225 49 musique.
861 3332 69 42 En
948 3333 170 49 réalité,
1140 3333 40 39 la
1200 3332 190 40 blanche
1411 3334 259 38 surmontée
1694 3330 105 39 d'un
1823 3330 124 51 point
1967 3325 185 51 d'orgue

134 3411 82 37 est,
242 3403 125 39 selon
391 3403 39 39 le
456 3412 92 31 mot
583 3403 54 40 de
661 3401 252 41 Martianus
937 3400 204 54 Capella,
1177 3413 89 28 une
1289 3414 18 24 «
1341 3400 155 40 valeur
1533 3400 199 39 soumise
1755 3402 20 34 à
1816 3396 336 49 l'allongement

134 3469 263 40 irrationnel
421 3483 37 25 ».
484 3469 105 42 Cela
613 3469 181 52 signifie
816 3484 86 39 que
925 3471 38 38 la
986 3479 104 31 note
1112 3470 94 39 doit
1231 3470 123 39 avoir
1377 3481 87 27 une
1492 3468 136 40 durée
1649 3466 381 52 supplémentaire
2053 3462 100 40 telle

135 3552 84 39 que
259 3551 82 27 son
380 3548 179 45 rapport
584 3553 103 27 avec
712 3540 38 39 le
783 3549 144 41 temps
963 3540 192 49 premier
1179 3539 86 38 soit
1294 3535 293 54 exprimable,
1634 3548 88 26 non
1764 3549 80 37 par
1877 3548 58 25 un
1962 3531 188 41 nombre
