1870 1674
334 204 871 109 PEINTURE

219 397 129 37 LES
389 397 329 38 TRAVAUX
759 398 86 38 DE
887 398 366 40 PEINTURE
1285 412 95 34 que
1403 412 120 27 vous
1547 413 113 27 avez

299 456 26 36 à
358 457 134 36 faire
531 456 243 38 exécuter
809 467 61 27 ne
903 459 183 37 seront
1117 460 125 36 faits
1275 458 26 38 à
1338 461 89 35 bas
1468 460 108 44 prix
1608 463 52 34 et

299 524 61 26 en
400 523 122 27 vous
560 515 230 37 donnant
821 517 171 36 toutes
1035 518 71 34 les
1145 518 266 44 garanties
1444 518 61 35 de
1538 518 119 37 soli-

299 570 103 37 dité
437 572 51 35 et
521 572 61 35 de
621 571 159 38 durée
815 583 95 35 que
944 574 41 36 si
1021 574 144 37 votre
1202 575 200 43 peintre
1442 576 216 42 emploie

301 630 72 35 les
419 630 231 42 produits
697 632 62 34 de
799 632 42 34 la
884 631 198 37 msison

263 706 190 97 DE
532 706 401 100 KEYN
1017 709 597 102 FRERES

448 887 79 57 27,
567 886 91 50 Rue
694 899 88 37 aux
819 886 166 59 Choux,
1026 887 77 57 27,
1145 887 290 51 BRUXELLES

595 949 286 33 Téléphones:
907 952 214 33 258,12-
1145 952 175 33 163,64

454 1007 217 33 ANVERS
1122 1007 3 39 ,
1364 1009 110 32 GAfM
1489 1010 30 30 D

184 1053 139 33 Canal
344 1056 79 30 des
444 1053 131 33 Vieux
597 1056 143 37 Lions,
762 1056 171 38 37-39,
1169 1056 174 31 Avenue
1369 1058 53 29 de
1444 1057 40 30 la
1505 1056 131 38 Cour,
1664 1056 13 32 1

390 1098 82 26 Téf.
490 1103 7 21 :
518 1099 127 27 7477

485 1147 159 41 LIÈGE
1282 1157 199 32 NAMUR

280 1202 87 32 Rue
388 1204 78 30 des
489 1203 283 37 Guillemins,
805 1204 76 39 59,
1162 1204 43 38 3,
1232 1204 88 31 Rue
1346 1204 201 38 Delvaux,
1570 1204 27 33 3

391 1247 85 26 Tél.
496 1252 8 21 :
531 1248 126 27 7Q47
1232 1248 82 27 Tél.
1337 1253 8 23 :
1362 1249 12 26 1
1388 1249 93 27 220

814 1283 212 32 USINES
1056 1294 7 21 :

190 1332 49 39 14,
256 1330 142 37 Impasse
412 1331 39 29 du
470 1331 127 40 Vernis,
614 1332 245 30 ANDERLECHT
960 1333 51 34 13,
1031 1326 58 38 Av.*
1105 1333 38 29 de
1164 1329 271 39 l'lndépendance,
1451 1333 238 29 KOEKELBERG

388 1373 82 27 Tél.:
489 1374 181 28 458.82
1164 1371 85 31 Tél.:
1268 1374 179 35 635,46

735 1454 160 33 Tournez
924 1462 42 25 ce
995 1454 142 34 feuillet
1166 1463 85 35 pour
1281 1463 40 25 en
1352 1454 99 34 avoir
1481 1455 33 32 la
1542 1461 146 36 preuve.
