3632 5717
1675 254 420 69 BRUNO'S
2134 255 444 69 WEEKLY.

835 257 119 59 122

827 409 274 58 entrust
1138 400 181 67 their
1358 401 485 67 commissions
1883 412 75 56 to
1997 402 428 70 booksellers
2467 406 138 66 and
2647 429 78 44 so
2765 407 341 80 prepared
3150 407 118 68 for
3309 406 119 67 the

828 482 303 81 journey
1189 494 73 57 to
1321 485 119 66 the
1499 485 174 68 little
1733 497 189 56 town
1983 509 93 46 on
2134 489 118 66 the
2312 490 374 78 appointed
2745 494 153 78 day.
3001 492 200 80 They
3257 492 169 68 took

828 566 285 68 various
1164 570 443 66 roundabout
1655 592 189 56 ways
1893 582 124 56 out
2064 572 82 67 of
2198 573 202 66 Paris
2449 575 137 64 and
2635 575 296 66 London
2977 577 125 66 but
3148 575 92 66 all
3287 587 141 56 met

827 649 72 67 in
947 653 117 66 the
1114 653 177 66 little
1340 656 213 65 coach
1602 655 71 64 in
1721 656 228 66 which
1998 656 165 80 they
2208 658 139 66 had
2398 668 73 58 to
2520 660 223 66 travel
2789 660 119 66 the
2957 660 135 67 last
3138 670 158 69 part
3341 661 83 66 of

827 736 183 66 their
1060 738 319 81 journey.
1475 741 210 79 Upon
1739 739 315 83 arriving
2103 753 75 56 at
2229 743 264 67 Binche
2544 743 304 83 imagine
2899 744 183 68 their
3136 744 290 83 chagrin

825 843 188 57 upon
1055 822 293 81 hearing
1389 824 117 66 the
1550 836 555 56 announcement
2147 827 151 66 that
2339 829 196 64 there
2578 831 235 64 would
2855 831 85 66 be
2982 853 92 44 no
3119 831 144 66 sale
3309 831 117 66 for

827 905 118 68 the
1001 931 251 44 reason
1308 909 150 66 that
1512 909 117 66 the
1682 910 232 80 public
1970 910 260 82 library
2283 912 81 66 of
2420 912 119 68 the
2593 912 176 68 little
2823 924 190 57 town
3069 915 138 66 had
3260 937 125 46 con-

827 990 276 68 sidered
1147 993 54 65 it
1241 993 354 68 advisable
1636 1005 73 56 to
1753 995 340 79 purchase
2136 997 118 66 the
2296 997 261 81 library
2598 1020 85 44 en
2727 1000 152 64 bloc
2921 1022 76 44 as
3043 1022 39 44 a
3123 1022 253 46 memor-

825 1074 95 67 ial
962 1086 73 58 to
1081 1078 118 64 the
1245 1078 135 66 late
1428 1080 249 67 Count.

911 1161 153 66 The
1109 1173 297 57 account
1451 1164 82 66 of
1582 1164 117 70 the
1743 1164 191 68 hoax
1980 1166 320 80 together
2346 1166 172 68 with
2564 1190 41 42 a
2652 1168 119 66 list
2815 1169 137 65 and
3001 1168 425 81 description

827 1246 81 66 of
964 1247 117 65 the
1135 1249 220 66 books
1411 1249 71 64 in
1538 1251 118 64 the
1711 1251 279 66 auction
2048 1251 362 81 catalogue
2464 1254 139 64 and
2661 1254 452 68 translations
3170 1256 81 66 of
3307 1256 119 66 the

827 1330 118 66 old
996 1330 544 70 bibliomaniac's
1592 1335 313 66 remarks
1956 1357 188 58 upon
2193 1337 119 64 the
2361 1337 284 66 various
2698 1337 201 68 items
2950 1337 59 68 is
3062 1361 42 42 a
3153 1339 236 79 supple-

827 1425 191 58 ment
1065 1427 73 56 to
1187 1418 119 66 the
1355 1418 240 68 article
2574 1422 154 67 The
2779 1433 195 70 story
3019 1422 144 69 will
3207 1425 89 69 be
3341 1422 83 69 of

825 1510 201 69 great
1086 1500 306 82 interest,
1455 1525 91 44 no
1612 1505 200 64 small
1873 1515 158 69 part
2090 1505 79 66 of
2234 1505 227 67 which
2523 1516 270 56 centers
2855 1506 71 66 in
2989 1508 117 66 the
3167 1508 117 66 list
3343 1510 83 66 of

825 1586 240 79 books,
1118 1610 76 44 as
1247 1610 105 44 we
1401 1610 120 45 are
1570 1588 359 69 informed
1978 1591 152 64 that
2178 1593 125 64 but
2351 1601 140 58 two
2542 1591 232 81 copies
2825 1593 78 66 of
2957 1594 117 65 the
3124 1593 304 81 original

827 1671 364 79 catalogue
1252 1694 118 44 are
1429 1676 249 66 owned
1738 1674 71 66 in
1870 1674 328 68 America
2259 1677 136 65 and
2457 1698 193 45 some
2708 1677 81 68 of
2848 1677 117 66 the
3025 1677 220 68 books
3304 1701 122 44 are

825 1755 237 65 rather
1103 1777 183 59 racy.

832 1899 130 112 In
994 1901 256 112 Our
1291 1903 464 132 Village

910 2113 152 66 The
1101 2113 176 67 little
1314 2114 253 80 colony
1602 2114 81 68 of
1724 2114 369 70 architects
2134 2116 159 68 who
2332 2116 203 68 make
2571 2116 183 69 their
2793 2119 206 68 home
3038 2141 92 44 on
3169 2119 206 70 Wash-

827 2195 247 82 ington
1121 2197 285 83 Square,
1453 2199 117 66 the
1614 2199 252 79 capital
1912 2199 80 68 of
2039 2223 129 44 our
2212 2199 294 83 Village,
2552 2223 144 45 was
2743 2202 331 82 enlarged
3119 2204 307 81 recently

827 2282 89 78 by
962 2282 137 66 Mr.
1147 2284 431 79 Butterfield,
1624 2284 161 66 who
1829 2285 254 66 moved
2129 2285 206 68 down
2379 2295 75 58 to
2498 2285 437 70 old-famous
2981 2297 81 56 43
3106 2299 73 56 to
3224 2289 202 67 those

827 2367 423 67 memorable
1311 2378 320 70 quarters
1695 2368 232 68 where
1990 2370 171 68 Rev.
2225 2372 244 66 Bouck
2528 2372 241 67 White
2832 2373 419 66 established
3316 2373 108 68 his

830 2451 279 68 Church
1165 2453 80 66 of
1299 2455 119 64 the
1473 2453 442 83 Revolution,
1971 2455 137 66 and
2164 2455 234 66 where
2447 2456 188 80 John
2689 2456 193 68 Reed
2933 2458 175 68 used
3160 2468 75 58 to
3289 2458 137 69 live

825 2538 252 66 before
1130 2536 88 68 he
1274 2538 139 66 had
1467 2538 332 67 achieved
1854 2538 109 67 his
2019 2549 281 70 present
2352 2539 222 82 glory.
2671 2541 164 68 And
2889 2541 271 81 talking
3214 2544 212 66 about

827 2621 370 67 architects
1248 2644 92 44 on
1391 2622 118 66 the
1562 2622 286 81 Square,
1900 2624 119 64 the
2068 2634 186 56 most
2303 2624 280 68 curious
2633 2626 386 79 collection,
3070 2627 83 66 of
3202 2627 222 68 books

823 2703 60 68 is
925 2707 249 64 owned
1213 2707 91 78 by
1343 2727 134 46 one
1519 2707 80 66 of
1645 2707 206 79 them,
1893 2709 92 77 by
2029 2707 137 66 Mr.
2210 2709 241 79 Rayne
2495 2709 287 67 Adams.
2826 2710 190 66 How
3060 2710 366 82 divergent

825 2790 118 66 the
984 2790 327 68 interests
1353 2792 82 66 of
1477 2814 157 42 men
1677 2814 127 44 can
1843 2793 84 65 be
1970 2792 59 67 is
2071 2792 202 67 often
2313 2815 173 58 very
2525 2793 339 82 puzzling.
2952 2795 137 68 Mr.
3135 2795 289 81 Adams,

825 2897 90 44 an
971 2876 116 66 old
1142 2876 460 80 book-worm,
1660 2876 194 68 lover
1909 2878 83 66 of
2048 2900 157 47 rare
2256 2876 327 81 bindings
2640 2880 137 66 and
2832 2880 455 69 connoisseur
3343 2881 81 68 of

827 2959 587 81 out-of-the-way
1468 2959 256 81 things,
1782 2961 59 68 is
1899 2961 369 79 especially
2320 2961 381 69 interested
2755 2963 73 67 in
2882 2974 143 58 two
3079 2964 205 70 kinds
3341 2966 85 68 of

825 3044 364 68 literature
1238 3044 230 68 which
1518 3046 179 67 have
1748 3047 213 65 about
2012 3068 76 45 as
2142 3047 210 66 much
2403 3047 71 66 in
2527 3069 323 46 common
2904 3071 75 44 as
3033 3049 202 81 night
3284 3051 140 67 and

823 3129 154 79 day.
1064 3129 155 67 One
1260 3129 81 67 of
1384 3129 110 67 his
1536 3129 285 69 hobbies
1865 3132 59 66 is
1971 3130 312 81 forestry
2322 3130 71 66 in
2437 3132 345 79 America,
2828 3134 137 66 and
3008 3134 89 66 he
3141 3134 282 69 collects

828 3213 415 81 everything
1291 3237 91 44 on
1429 3215 141 68 this
1621 3215 272 79 subject
1946 3215 190 68 from
2185 3239 88 44 an
2324 3217 257 67 annual
2630 3228 239 70 report
2916 3218 81 68 of
3047 3220 120 69 the
3213 3220 171 81 Agri-

823 3298 300 68 cultural
1160 3300 459 79 Department
1653 3310 73 57 to
1765 3300 117 66 the
1917 3298 344 83 privately
2293 3300 276 81 printed
2605 3301 186 68 book
2826 3323 94 46 on
2959 3325 193 44 some
3191 3323 235 48 scarce

828 3383 263 81 species
1147 3384 81 68 of
1282 3394 149 58 tree
1484 3384 230 68 which
1766 3408 121 47 are
1944 3386 117 68 for
2119 3408 193 46 some
2366 3408 252 46 reason
2672 3410 83 44 or
2810 3389 294 65 another
3158 3411 92 44 on
3304 3389 120 68 the

825 3467 374 81 dying-out
1255 3469 136 66 list.
1492 3469 136 68 His
1689 3469 201 68 other
1948 3471 232 79 hobby
2234 3471 61 67 is
2351 3469 221 69 books
2632 3491 91 47 on
2781 3469 95 69 all
2933 3471 308 79 subjects
3297 3472 129 70 but

822 3554 277 66 written
1137 3555 93 78 by
1267 3554 288 67 authors
1597 3555 159 68 who
1795 3577 122 44 are
1958 3555 284 80 slightly
2283 3555 386 68 demented.
2752 3555 69 66 A
2860 3557 266 68 ramble
3163 3581 263 59 among

827 3638 194 68 these
1086 3638 222 68 books
1377 3638 315 81 divulges
1761 3640 119 69 the
1948 3650 186 58 most
2200 3640 608 83 curious-looking
2876 3642 265 81 shapes,
3213 3665 211 60 pages

823 3721 229 68 which
1111 3745 120 44 are
1287 3723 276 79 printed
1622 3723 248 81 upside
1927 3725 209 67 down
2197 3726 138 65 and
2393 3725 237 67 others
2689 3725 73 66 in
2821 3725 327 81 diagonal
3211 3728 208 80 form,

822 3806 326 79 bindings
1209 3808 229 67 which
1497 3830 186 45 seem
1743 3808 418 79 impossible,
2222 3819 127 56 not
2407 3819 72 58 to
2542 3809 212 80 speak
2811 3811 214 66 about
3080 3811 119 66 the
3258 3833 124 46 con-

823 3901 183 57 tents
1050 3892 437 68 themselves.
1575 3894 139 66 Mr.
1756 3894 270 68 Adams
2070 3892 171 70 lives
2285 3894 71 66 in
2398 3896 119 64 the
2561 3894 369 81 Benedick,
2975 3918 92 44 on
3111 3896 118 66 the
3275 3906 149 57 east

827 3975 147 68 side
1030 3975 81 68 of
1165 3979 117 66 the
1341 3977 285 79 Square,
1682 3979 71 64 in
1807 3979 119 66 the
1976 4001 171 59 very
2198 3979 158 67 first
2405 3979 318 81 building
2779 3979 345 69 Stanford
3177 3982 246 68 White

823 4060 332 81 designed
1194 4072 73 56 at
1302 4062 117 67 the
1457 4072 177 57 start
1670 4062 83 67 of
1790 4062 109 69 his
1937 4084 256 45 career.

910 4207 210 70 Some
1159 4231 203 57 years
1406 4231 132 59 ago
1580 4209 120 69 the
1741 4207 374 83 patricians
2161 4209 81 68 of
2288 4211 447 79 MacDougal
2777 4211 209 81 Alley
3025 4212 277 68 wanted
3345 4222 76 58 to

823 4294 266 81 change
1159 4295 89 66 its
1319 4317 222 44 name.
1655 4295 201 80 They
1926 4295 301 81 thought
2298 4297 447 79 MacDougal
2815 4299 138 64 and
3025 4299 118 66 the
3214 4297 209 83 Alley

825 4376 291 83 plebian,
1164 4402 77 42 so
1284 4380 166 78 they
1487 4382 347 77 proposed
1878 4388 71 58 to
1993 4382 132 64 call
2166 4380 54 66 it
2263 4380 318 66 Boticelli
2623 4382 210 66 Lane.
2918 4382 232 66 There
3194 4404 144 45 was
3380 4404 44 44 a

828 4485 317 44 murmur
1204 4465 82 66 of
1346 4475 270 69 protest
1672 4465 247 67 voiced
1976 4466 92 78 by
2127 4465 119 66 the
2305 4466 344 66 members
2710 4466 83 66 of
2852 4465 117 67 the
3030 4466 250 82 colony
3340 4463 83 71 of

827 4548 238 66 artists
1113 4549 157 66 who
1318 4551 201 66 made
1565 4549 181 68 their
1794 4551 240 66 homes
2080 4551 215 78 there,
2342 4551 137 66 and
2525 4551 119 66 the
2688 4551 435 79 proposition
3169 4563 74 56 to
3290 4551 133 68 call

827 4632 116 66 the
998 4630 181 82 alley
1231 4634 319 68 Boticelli
1607 4636 190 66 Lane
1851 4656 144 46 was
2048 4636 270 79 vetoed,
2376 4636 137 66 and
2569 4634 186 68 since
2810 4636 165 66 then
3030 4636 152 79 just
3231 4634 190 83 plain

830 4717 447 81 MacDougal
1323 4719 125 67 has
1494 4720 266 80 proved
1805 4720 187 80 good
2041 4720 276 82 enough
2368 4720 116 68 for
2530 4720 119 66 the
2693 4742 203 44 name
2942 4720 81 68 of
3070 4722 119 66 the
3235 4722 188 68 main

827 4812 215 57 street
1084 4802 71 66 in
1204 4802 410 71 Greenwich
1660 4803 296 81 Village.
