3434 4381
1706 164 55 46 51

178 302 123 47 einer
323 302 276 63 Zeichnung.
628 302 108 47 Man
760 305 133 60 möge
922 301 74 47 ihn
1021 301 113 48 noch
1157 317 49 32 so
1228 302 103 47 sehr
1354 302 329 65 herausputzen

177 377 143 48 durch
350 378 222 65 goldenen
602 377 176 56 Grund,
807 378 211 47 verzierte
1047 377 275 66 Umgebung
1352 377 102 66 (wie
1479 378 96 47 hier
1604 378 79 48 das

174 454 145 47 Ballet
346 453 141 48 durch
513 453 166 47 Pracht
699 453 81 48 der
803 453 330 48 Decorationen
1157 453 90 48 und
1269 453 219 65 Kleider),
1518 470 50 31 er
1590 453 96 65 gibt

172 547 89 31 nur
281 529 71 49 die
374 529 216 56 Umrisse,
620 529 92 47 und
739 529 79 47 das
841 529 155 49 Leben
1029 529 118 49 fehlt.
1178 531 59 48 So
1268 532 179 47 möchte
1475 531 70 47 ich
1569 531 115 47 auch

173 606 80 48 das
291 606 262 63 Schauspiel
595 604 148 48 neben
786 606 80 46 der
907 607 128 63 Oper
1076 607 122 47 einer
1231 608 265 62 Zeichnung
1536 606 148 48 neben

171 682 102 48 dem
306 680 216 49 Gemälde
550 682 297 63 vergleichen.
891 683 182 47 Durch
1110 684 101 46 den
1241 684 222 62 Gesang
1503 683 184 47 erhält

171 757 91 48 die
296 757 285 64 Dichtung
610 766 113 39 erst
751 758 91 47 das
874 759 234 55 Colorit,
1148 759 107 47 und
1284 777 102 29 nur
1413 760 133 55 ihm,
1585 776 66 30 un-

171 838 269 43 terstützt
468 851 100 30 von
599 834 100 48 der
728 837 215 47 Gewalt
971 835 94 47 der
1094 837 331 53 Harmonie,
1466 837 218 64 gelingt

168 927 80 38 es,
285 909 85 47 die
408 912 429 54 unnennbaren,
878 912 148 48 bloss
1065 912 275 64 geahnten
1373 915 308 63 Regungen

168 985 96 47 der
319 987 160 46 Seele
534 988 447 54 auszudrücken,
1037 989 208 46 welche
1296 989 82 47 die
1430 990 251 63 Sprache

169 1078 104 30 nur
303 1063 346 47 anzudeuten
679 1064 109 46 sich
822 1063 292 63 begnügen
1145 1079 155 32 muss.
1336 1064 84 47 Die
1451 1065 148 46 Musik
1627 1083 51 29 zu

171 1138 119 48 Clari
320 1139 52 46 ist
400 1138 103 47 sehr
532 1139 227 62 gelungen
784 1138 90 47 und
899 1138 243 48 besonders
1165 1139 58 47 im
1246 1140 186 46 zweiten
1457 1140 91 47 und
1571 1140 88 47 drit-

168 1221 74 40 ten
272 1216 112 45 Acte
413 1230 81 30 von
527 1213 329 48 hinreissender
863 1213 14 29 <
877 1211 245 68 Wirkung.
1152 1215 73 46 Sie
1255 1215 255 48 erleichtert
1537 1216 142 47 durch

168 1289 211 62 richtiges
408 1290 245 46 Ausmalen
684 1289 81 47 der
792 1289 373 48 Leidenschalten
1207 1290 79 48 das
1315 1291 250 49 Verstehen
1601 1291 81 49 der

167 1365 250 62 Handlung
446 1365 119 55 sehr,
605 1366 91 47 und
732 1366 169 48 enthält
930 1368 128 46 einen
1093 1368 158 48 Schatz
1280 1368 232 48 lieblicher
1536 1370 115 47 Melo-

168 1440 146 56 dieen,
345 1456 83 31 von
451 1440 145 48 denen
619 1459 53 30 zu
695 1441 232 50 bedauern
949 1444 70 56 ist,
1048 1444 100 48 dass
1175 1445 62 47 sie
1264 1445 123 47 nicht
1414 1445 123 48 einer
1554 1446 127 64 Oper

163 1533 55 30 zu
261 1515 127 48 Theil
437 1516 247 64 geworden
732 1519 112 48 sind.
893 1520 272 47 Demoiselle
1199 1521 215 62 Bigottini
1462 1521 89 65 gab
1607 1521 71 47 die

167 1592 271 64 Hauptrolle
469 1592 90 47 und
588 1594 282 49 entwickelte
899 1596 69 47 ein
999 1596 123 47 tiefes
1146 1596 207 48 Studium
1378 1597 76 47 des
1476 1599 203 47 Mienen-

168 1667 93 48 und
284 1668 388 65 Geberdenspiels.
703 1672 114 46 Dass
845 1672 62 47 sie
935 1672 88 47 den
1046 1672 240 49 Ausdruck
1315 1674 122 47 ihrer
1454 1674 200 48 Gesichts-

167 1749 113 59 züge
310 1743 70 49 bei
409 1745 160 48 höchst
596 1747 437 48 leidenschaftlichen
1063 1749 282 48 Situationen
1376 1750 66 47 bis
1468 1768 79 29 zur
1578 1750 75 48 Gri-

169 1836 145 33 masse
342 1821 225 63 steigerte,
610 1840 107 47 mag
755 1823 118 49 wohl
913 1825 140 47 daran
1096 1825 163 63 liegen,
1302 1825 100 48 dass
1438 1826 62 47 sie
1529 1826 153 48 bisher

168 1898 163 46 immer
357 1897 42 47 in
430 1898 143 47 einem
600 1916 183 46 grossen
806 1901 165 47 Locale
995 1901 183 55 auftrat,
1200 1919 73 30 wo
1297 1901 80 48 der
1395 1903 286 64 Entfernung

169 1989 160 48 wegen
358 1973 124 47 stark
511 1975 296 64 aufgetragen
837 1977 184 47 werden
1044 1985 179 40 musste.
1253 1978 237 49 Vielleicht
1509 1980 173 47 scheint

171 2065 45 30 es
245 2049 86 47 mir
360 2049 62 47 als
450 2051 276 48 Deutschem
757 2052 111 47 aber
896 2053 114 47 auch
1040 2071 88 29 nur
1155 2070 76 39 so;
1268 2055 118 47 denn
1415 2055 81 48 der
1523 2056 158 47 Beifall

171 2140 97 31 war
308 2124 71 47 nie
421 2124 271 58 lärmender,
734 2128 64 46 als
839 2143 132 31 wenn
1013 2128 62 47 sie
1115 2127 96 65 (für
1244 2131 118 45 mein
1392 2131 188 63 Gefühl)
1611 2131 71 47 die

172 2201 173 47 Gränze
372 2199 77 49 des
478 2202 209 47 Schönen
718 2202 90 48 und
840 2204 241 47 Graziösen
1112 2204 285 49 überschritt.

285 2277 96 48 Vor
422 2277 102 48 dem
558 2279 145 47 Ballet
748 2279 91 64 gab
880 2297 105 32 man
1032 2319 17 18 „
1058 2281 68 48 Le
1416 2320 12 19 ,
1470 2284 127 64 Oper
1637 2284 44 47 in

171 2353 144 47 einem
343 2354 130 56 Acte,
515 2356 114 47 nach
659 2357 196 47 welcher
894 2357 72 47 die
993 2356 232 57 deutsche,
1259 2375 84 31 von
1376 2359 155 64 Weigl
1559 2376 90 32 com-

168 2430 177 63 ponirte
374 2430 127 64 Oper
539 2432 280 63 „Nachtigall
864 2433 90 47 und
1200 2434 253 50 bearbeitet
1494 2437 187 48 worden

168 2505 67 47 ist.
266 2505 85 47 Die
366 2505 149 47 Musik
538 2505 80 49 der
640 2507 326 49 französischen
990 2509 53 47 ist
1063 2509 323 50 unbedeutend
1409 2512 91 48 und
1523 2513 158 47 wurde

171 2582 86 47 mir
284 2598 87 31 nur
404 2582 267 49 interessant
704 2583 142 48 durch
889 2584 79 48 das
1004 2602 85 32 von
1117 2587 153 47 Herrn
1301 2588 148 47 Tulou
1479 2588 175 48 meister-

171 2658 95 48 haft
305 2665 329 59 vorgetragene
673 2662 310 48 Flöten-Solo.
1033 2664 62 46 Es
1134 2663 56 48 ist
1231 2665 278 64 unmöglich,
1551 2667 130 47 einen

168 2734 250 48 schöneren
447 2737 98 45 Ton
587 2754 55 30 zu
682 2737 160 58 hören,
884 2738 64 48 als
977 2739 122 47 Herr
1127 2739 150 48 Tulou
1312 2742 169 47 seinem
1510 2743 145 47 Instru-

168 2818 149 40 mente
345 2829 53 29 zu
428 2813 237 48 entlocken
694 2815 142 47 weiss.
886 2815 200 49 Seitdem
1120 2817 70 47 ich
1221 2817 79 48 ihn
1331 2818 146 57 hörte,
1508 2818 173 49 kommt

171 2903 44 32 es
244 2888 85 47 mir
358 2888 122 48 nicht
508 2890 129 47 mehr
663 2907 49 31 so
742 2892 253 63 unpassend
1024 2908 94 42 vor,
1148 2909 132 32 wenn
1310 2911 161 31 unsere
1494 2895 188 49 Dichter

169 2963 87 48 den
286 2964 243 49 Wohllaut
557 2966 124 49 einer
708 2968 197 47 schönen
935 2968 189 48 Stimme
1153 2968 101 49 dem
1284 2970 271 50 Flötentone
1583 2988 72 32 ver-

174 3040 217 64 gleichen.

897 3121 56 49 II.

714 3196 141 57 Paris,
884 3196 85 50 den
1000 3196 84 50 31.
1115 3198 258 49 December
1406 3199 159 49 1820.

285 3270 222 48 Vierzehn
544 3273 142 63 Tage,
728 3273 104 48 sehr
872 3275 306 64 genussreich,
1220 3275 97 48 sind
1358 3276 83 47 seit
1482 3276 199 65 Abgang

169 3345 169 48 meines
380 3354 149 42 ersten
557 3349 171 48 Briefes
767 3350 259 57 verflossen,
1070 3350 90 48 und
1188 3353 81 45 viel
1300 3353 200 48 Schönes
1529 3354 152 47 haben

171 3422 82 47 wir
281 3422 185 50 seitdem
498 3425 196 63 gesehen
723 3426 93 47 und
844 3427 186 65 gehört;
1061 3427 115 49 doch
1208 3445 119 31 muss
1355 3429 70 47 ich
1458 3430 115 47 mich
1607 3431 76 46 für

164 3497 109 65 jetzt
300 3499 260 66 begnügen,
601 3501 85 47 Dir
722 3519 87 30 nur
849 3520 85 32 von
977 3504 103 48 dem
1118 3521 51 31 zu
1211 3505 254 56 schreiben,
1507 3523 94 31 was
1639 3506 42 47 in

168 3575 210 48 nächster
404 3577 262 65 Beziehung
692 3596 54 30 zu
776 3580 172 48 meiner
976 3582 147 46 Kunst
1165 3581 128 47 steht.
1335 3582 76 47 Ich
1442 3582 119 47 habe
1589 3600 93 31 nun

168 3666 80 32 vor
275 3654 247 49 Künstlern
563 3655 93 48 und
692 3656 298 53 Dilettanten,
1030 3660 216 47 Kennern
1287 3659 93 47 und
1419 3660 159 56 Laien,
1621 3661 62 47 als

172 3726 166 66 Geiger
365 3730 91 47 und
488 3731 264 66 Componist
779 3732 216 57 debutirt,
1024 3742 146 40 zuerst
1200 3735 68 47 bei
1297 3736 151 47 Herrn
1472 3736 212 58 Baudiot,

171 3811 161 42 erstem
352 3806 363 51 Violoncellisten
739 3810 82 48 der
844 3811 284 66 königlichen
1155 3812 195 65 Capelle,
1380 3814 120 63 Tags
1524 3812 168 51 darauf

171 3880 69 49 bei
271 3882 223 48 Kreutzer
522 3885 92 47 und
643 3886 187 48 seitdem
860 3888 116 47 noch
1005 3888 43 47 in
1077 3887 93 48 drei
1203 3890 365 48 Gesellschaften.
1604 3891 82 47 Bei

171 3957 85 48 den
286 3958 161 49 beiden
479 3961 160 47 Ersten
684 3980 152 32 waren
880 3965 84 48 fast
997 3982 88 32 nur
1113 3967 217 47 Künstler
1358 3967 328 66 gegenwärtig,

171 4035 71 48 bei
271 4037 221 48 Kreutzer
520 4036 245 51 besonders
808 4041 84 48 fast
934 4043 85 47 alle
1056 4043 401 64 ausgezeichneten
1488 4045 164 64 Compo-

1764 301 141 47 nisten
1947 301 92 49 und
2078 303 165 64 Geiger
2284 319 85 31 von
2407 304 136 48 Paris.
2596 303 76 48 Ich
2717 300 89 66 gab
2849 301 208 49 mehrere
3099 305 169 49 meiner

1763 376 272 58 Quartetten
2077 378 90 48 und
2204 379 264 58 Quintetten
2510 378 90 48 und
2639 394 73 33 am
2754 378 188 47 zweiten
2981 380 126 62 Tage
3149 381 118 47 mein

1759 453 197 48 Nonetto
1984 470 53 31 zu
2068 454 155 49 hören.
2252 455 86 48 Die
2369 455 319 64 Componisten
2717 463 157 56 sagten
2910 454 86 47 mir
3022 455 81 47 viel
3126 456 112 49 Schö-

1758 545 78 31 nes
1860 529 114 48 über
1996 529 69 48 die
2091 530 321 65 Composition,
2443 530 69 48 die
2537 531 166 63 Geiger
2726 530 112 48 über
2859 530 120 47 mein
3000 531 133 64 Spiel.
3164 531 102 50 Von

1757 605 236 48 Letzteren
2035 623 155 31 waren
2224 608 155 55 Viotti,
2421 606 130 50 beide
2585 608 239 55 Kreutzer,
2864 608 179 57 Baillot,
3085 608 181 58 Lafont,

1757 681 268 54 Habeneck,
2053 684 238 56 Fontaine,
2322 684 169 47 Guerin
2529 682 91 49 und
2650 682 208 47 mehrere
2885 684 198 56 Andere,
3126 684 140 49 deren

1757 757 176 47 Namen
1956 757 43 47 in
2022 757 308 50 Deutschland
2352 759 121 47 nicht
2493 774 49 32 so
2565 757 201 49 bekannt
2785 757 112 55 sind,
2925 775 217 47 zugegen,
3172 761 91 47 und

1757 835 73 46 Du
1860 835 136 47 siehst
2023 835 138 54 wohl,
2201 835 99 48 dass
2337 853 46 30 es
2421 835 79 48 das
2529 836 89 46 Mal
2650 835 108 62 galt,
2802 834 90 47 und
2921 834 99 48 dass
3048 836 66 46 ich
3146 837 117 47 mich

1753 910 460 48 zusammennehmen
2256 919 182 48 musste,
2479 928 75 30 um
2599 912 176 46 meinen
2805 908 302 49 Landsleuten
3137 912 122 47 Ehre

1752 1004 53 30 zu
1836 987 204 48 machen.
2070 987 86 47 Die
2177 989 208 45 Partieen
2416 987 80 47 der
2520 987 428 47 ßlas-Instrumente
2976 987 168 46 meines
3170 989 62 46 No-

1752 1066 160 46 netto's
1952 1080 153 32 waren
2137 1062 142 48 durch
2317 1063 71 49 die
2418 1063 105 47 fünf
2544 1063 215 47 Künstler
2789 1062 179 55 besetzt,
3012 1079 82 30 von
3126 1062 138 50 deren

1753 1140 331 48 meisterhafter
2126 1140 251 48 Execution
2420 1138 80 49 der
2542 1137 325 50 Reicha'schen
2896 1137 263 56 Quintetten
3187 1140 77 47 Du

1752 1216 63 46 oft
1855 1216 43 47 in
1940 1216 85 48 den
2054 1217 239 47 Berichten
2323 1231 80 33 aus
2431 1215 127 49 Paris
2594 1216 180 63 gelesen
2813 1212 149 48 haben
2998 1213 134 47 wirst.
3187 1215 76 47 Ich

1753 1291 122 48 hatte
1903 1292 70 47 die
1997 1292 195 57 Freude,
2220 1293 108 47 zwei
2360 1292 146 48 dieser
2528 1293 266 56 Quintetten
2826 1307 84 31 von
2938 1289 133 47 ihnen
3100 1307 54 31 zu
3183 1291 54 48 hö-

1750 1383 98 40 ren,
1890 1367 180 49 behalte
2107 1368 85 48 mir
2233 1368 109 48 aber
2380 1386 96 39 vor,
2523 1368 85 47 Dir
2646 1366 284 52 ausführlich
2976 1366 199 48 darüber
3210 1383 56 31 zu

1750 1443 253 57 schreiben,
2020 1460 132 31 wenn
2173 1443 70 48 ich
2267 1444 143 49 davon
2432 1451 91 40 erst
2542 1444 114 49 noch
2675 1443 208 48 mehrere
2905 1442 176 47 kennen
3098 1442 165 48 werde.

1750 1521 99 45 Auf
1865 1521 288 63 allgemeines
2168 1521 259 63 Verlangen
2451 1521 80 47 der
2553 1521 297 48 anwesenden
2876 1519 217 47 Künstler
3117 1536 113 30 muss-

1749 1602 75 41 ten
1853 1598 84 46 wir
1966 1598 118 47 mein
2114 1599 197 46 Nonetto
2341 1613 57 32 an
2429 1596 256 48 demselben
2717 1594 188 50 Abende
2943 1596 116 47 noch
3095 1596 164 48 einmal

1752 1673 326 56 wiederholen;
2110 1673 91 48 und
2232 1674 152 47 hatten
2410 1673 115 47 mich
2549 1673 71 47 die
2643 1670 342 67 Mitspielenden
3014 1670 137 49 schon
3182 1672 78 47 das

1750 1757 117 39 erste
1895 1751 90 46 Mal
2016 1749 142 48 durch
2189 1749 71 48 die
2289 1749 265 65 Fertigkeit,
2586 1749 79 47 mit
2693 1747 80 48 der
2801 1748 61 47 sie
2891 1747 140 47 dieses
3059 1748 203 48 schwere

1750 1825 279 49 Musikstück
2371 1842 31 32 a
2465 1824 166 69 prima
2848 1824 118 51 vista
2440 1827 140 54 lasen,
2622 1825 44 47 in
2693 1825 259 47 Erstaunen
2990 1831 180 55 gesetzt,
3213 1839 49 32 so

1752 1900 296 65 befriedigten
2072 1903 61 47 sie
2158 1903 116 47 mich
2298 1902 72 48 bei
2393 1903 80 47 der
2490 1900 369 64 Wiederholung
2876 1899 115 48 noch
3015 1899 104 48 weit
3136 1899 128 48 mehr

1752 1977 218 57 dadurch,
2010 1978 100 48 dass
2149 1980 62 46 sie
2247 1997 91 29 nun
2377 1979 43 47 in
2457 1978 85 48 den
2572 1978 123 48 Geist
2725 1977 80 48 der
2835 1975 306 65 Composition
3170 1977 69 47 ein-

1752 2051 202 65 drangen
1985 2054 92 47 und
2103 2054 78 47 ihn
2209 2054 335 64 wiedergaben.
2557 2082 61 6 —
2633 2054 97 47 Der
2751 2053 142 63 junge
2925 2051 339 64 Ciavierspieler

1753 2130 136 55 Herz,
1924 2147 83 31 von
2037 2130 101 47 dem
2170 2133 74 44 Du
2274 2130 216 48 ebenfalls
2518 2130 44 47 in
2591 2130 102 47 dem
2725 2130 171 64 pariser
2924 2128 339 48 musicalischen

1753 2206 182 47 Allerlei
1959 2206 178 64 gelesen
2162 2206 147 49 haben
2333 2208 139 56 wirst,
2501 2206 155 65 spielte
2679 2205 113 48 auch
2819 2222 54 31 an
2896 2204 152 63 jenem
3071 2204 191 48 Abende

1750 2283 110 47 zwei
1883 2284 109 55 Mal,
2018 2289 149 42 zuerst
2186 2283 296 49 Variationen
2510 2299 82 32 von
2620 2283 92 47 sich
2744 2281 113 49 über
2885 2281 69 47 ein
2979 2281 175 47 Thema
3183 2297 79 31 aus

1752 2358 80 47 der
1860 2359 438 57 Schweizerfamilie,
2327 2359 119 47 dann
2476 2358 69 48 die
2576 2358 256 48 bekannten
2855 2356 294 49 Variationen
3177 2373 85 32 von

1749 2435 250 47 Moscheies
2030 2434 114 48 über
2172 2435 88 48 den
2288 2434 480 49 Alexander-Marsch.
2808 2434 84 47 Die
2921 2432 315 49 ausserordent-

1750 2511 115 47 liche
1893 2511 251 65 Fertigkeit
2171 2511 142 51 dieses
2335 2513 174 64 jungen
2535 2514 190 47 Mannes
2764 2518 107 40 setzt
2905 2510 42 47 in
2976 2511 284 55 Erstaunen;

1752 2587 115 49 doch
1895 2589 173 48 scheint
2095 2589 115 48 auch
2241 2589 72 48 bei
2340 2589 110 57 ihm,
2492 2589 85 47 wie
2611 2589 72 47 bei
2719 2589 116 47 allen
2865 2586 200 64 hiesigen
3088 2586 174 65 jungen

1750 2665 266 57 Künstlern,
2057 2664 71 49 die
2162 2665 70 48 ich
2262 2665 66 48 bis
2350 2666 108 64 jetzt
2496 2665 146 56 hörte,
2685 2664 70 48 die
2797 2662 254 50 technische
3079 2662 157 49 Ausbil-

1753 2739 124 66 dung
1905 2740 80 48 der
2016 2741 218 65 geistigen
2265 2741 353 64 vorgeschritten
2647 2758 51 30 zu
2728 2740 115 54 sein;
2888 2755 49 31 er
2965 2737 157 49 würde
3146 2737 114 50 doch

1752 2817 120 47 wohl
1902 2824 123 42 sonst
2051 2817 44 47 in
2124 2817 124 49 einer
2277 2817 308 56 Gesellschaft,
2627 2817 43 47 in
2713 2816 81 48 der
2827 2833 87 30 nur
2942 2816 216 47 Künstler
3184 2833 50 29 zu-

1750 2910 146 48 gegen
1926 2911 171 38 waren,
2138 2901 139 42 etwas
2307 2895 205 48 Anderes
2548 2894 91 48 und
2672 2894 332 63 Gediegeneres
3042 2892 62 47 als
3141 2892 119 47 diese

1750 2971 388 47 halsbrechenden
2166 2971 305 48 Kunststücke
2498 2989 51 29 zu
2581 2971 141 47 hören
2760 2970 205 64 gegeben
2995 2968 161 47 haben.
3198 2970 62 45 Es

1750 3047 56 47 ist
1833 3047 112 48 aber
1974 3047 262 57 auffallend,
2265 3048 86 47 wie
2379 3048 123 47 Alles
2531 3048 112 53 hier,
2671 3048 122 61 Jung
2824 3046 90 47 und
2943 3046 93 56 Alt,
3064 3062 86 30 nur
3179 3043 54 50 da-

1750 3123 116 49 nach
1894 3125 159 56 strebt,
2082 3125 142 47 durch
2255 3125 312 47 mechanische
2589 3123 250 64 Fertigkeit
2864 3140 52 29 zu
2939 3122 202 64 glänzen,
3170 3121 92 48 und

1750 3201 162 56 Leute,
1951 3201 46 47 in
2039 3201 145 48 denen
2218 3201 220 47 vielleicht
2472 3200 81 48 der
2590 3201 132 47 Keim
2764 3217 53 30 zu
2862 3206 138 41 etwas
3029 3200 231 45 Besserem

1752 3276 124 65 liegt,
1905 3294 141 47 ganze
2072 3277 141 47 Jahre
2252 3277 79 47 mit
2357 3276 252 48 Aufbieten
2652 3277 109 47 aller
2805 3276 121 47 ihrer
2953 3275 158 46 Kräfte
3151 3273 111 48 dazu

1752 3353 288 57 verwenden,
2082 3353 70 47 ein
2190 3353 190 64 einziges
2416 3352 297 56 Musikstück,
2765 3352 78 48 das
2885 3352 63 47 als
2989 3351 170 48 solches
3200 3351 63 47 oft

1752 3431 123 47 nicht
1903 3429 85 49 den
2017 3429 250 49 mindesten
2300 3431 168 48 Werth
2500 3431 94 54 hat,
2634 3429 267 55 einzuüben,
2946 3446 73 29 um
3050 3427 118 48 dann
3196 3428 44 47 öf-

1756 3506 179 48 fentlich
1964 3506 139 48 damit
2131 3507 226 47 auftreten
2385 3523 54 31 zu
2468 3506 193 48 können.
2693 3507 114 46 Dass
2832 3504 68 49 bei
2930 3504 195 49 solchem
3147 3503 87 47 Ver-

1756 3583 157 48 fahren
1942 3582 81 48 der
2053 3583 124 47 Geist
2204 3583 204 65 getödtet
2435 3583 184 47 werden
2657 3587 163 51 müsse,
2857 3581 90 48 und
2975 3596 78 32 aus
3081 3579 182 50 solchen

1754 3662 176 46 Leuten
1957 3661 124 47 nicht
2106 3661 84 47 viel
2218 3662 209 47 Besseres
2457 3661 182 47 werden
2672 3661 162 53 könne,
2863 3659 62 47 als
2956 3657 307 48 musicalische

1754 3738 295 56 Automaten,
2077 3738 54 47 ist
2159 3738 135 47 leicht
2323 3737 282 65 begreiflich.
2643 3738 107 47 Man
2778 3736 104 48 hört
2909 3734 141 47 daher
3079 3734 115 47 auch
3221 3733 45 48 in

1757 3813 86 48 den
1871 3813 201 65 hiesigen
2100 3814 532 49 Musik-Gesellschaften
2660 3813 137 47 selten
2826 3810 109 49 oder
2965 3812 69 45 nie
3065 3810 70 47 ein
3165 3826 76 33 ern-

1756 3898 102 48 stes,
1889 3890 270 65 gediegenes
2184 3890 297 59 Musikstück,
2510 3898 117 41 etwa
2653 3889 70 48 ein
2749 3889 214 57 Quartett
2991 3887 109 49 oder
3123 3888 116 57 Quin-

1757 3974 84 42 tett
1866 3984 85 31 von
1982 3984 194 32 unseren
2206 3984 187 49 grossen
2421 3968 237 53 Meistern;
2700 3965 139 49 Jeder
2879 3965 133 47 reitet
3048 3981 87 31 nur
3174 3964 93 47 sein

1756 4044 312 62 Paradepferd
2093 4062 102 39 vor;
2224 4045 57 49 da
2305 4045 97 61 gibt
2425 4061 44 33 es
2492 4044 142 48 nichts
2664 4044 62 48 als
2758 4040 114 51 Airs
2897 4038 165 63 varies,
3084 4039 184 51 Rondos

2902 4113 78 66 [*]
