3434 4381
1695 158 68 47 50

198 300 208 50 deutsche
442 300 166 48 Nation
654 317 90 30 nun
781 298 174 48 endlich
998 313 84 33 von
1129 296 79 49 der
1255 295 434 52 unübertrefflichen

198 376 410 47 Vollkommenheit
651 374 144 47 dieser
835 373 337 48 Meisterwerke
1219 370 353 65 durchdrungen
1620 371 70 55 ist,

199 453 90 47 und
317 453 44 45 in
390 453 142 47 dieser
554 450 358 63 Ueberzeugung
942 450 113 47 auch
1086 449 118 47 nicht
1232 447 87 47 irre
1350 446 180 48 werden
1562 446 128 55 wird,

199 529 276 62 wenngleich
505 526 78 47 das
625 529 122 43 süsse
776 525 302 47 musicalische
1109 524 105 54 Gift,
1253 522 78 49 das
1363 539 80 30 uns
1470 540 49 31 so
1548 522 119 49 reich-

197 602 83 47 lich
310 619 81 30 von
415 600 161 65 jenseit
613 600 80 47 der
721 601 145 62 Alpen
904 599 207 57 zulliesst,
1142 599 114 47 noch
1283 614 48 32 so
1361 599 104 45 weit
1495 615 75 29 um
1599 597 91 47 sich

200 679 168 62 greifen
396 677 141 47 sollte.

307 781 93 46 Das
429 780 245 47 Orchester
715 778 77 47 der
833 794 182 47 grossen
1045 779 126 62 Oper
1209 776 115 47 zählt
1364 776 58 46 im
1451 775 238 64 Vergleich

194 856 80 47 mit
311 855 85 48 den
437 856 190 63 übrigen
655 855 273 47 Orchestern
970 854 70 47 die
1079 854 183 46 meisten
1300 853 270 47 berühmten
1600 851 90 47 und

194 931 394 64 ausgezeichneten
618 930 228 55 Künstler,
874 930 78 46 soll
982 930 58 46 im
1068 928 244 48 Ensemble
1341 928 110 48 aber
1479 928 101 46 dem
1610 926 80 47 der

192 1008 299 47 italiänischen
515 1006 125 62 Oper
661 1005 285 47 nachstehen.
975 1005 75 47 Ich
1078 1005 117 47 kann
1213 1004 198 47 darüber
1432 1004 115 47 noch
1571 1002 119 47 nicht

195 1082 234 55 urtheilen,
458 1081 57 47 da
542 1081 70 47 ich
642 1080 65 48 bis
729 1081 108 64 jetzt
866 1098 86 30 nur
982 1081 139 47 dieses
1150 1081 162 62 gehört
1340 1079 130 48 habe.
1507 1080 50 46 In
1586 1079 102 47 dem

192 1159 143 47 Ballet
361 1174 83 30 von
470 1159 236 53 Kreutzer,
748 1157 190 47 welches
978 1174 100 30 vom
1109 1157 243 47 Orchester
1394 1157 79 46 mit
1507 1171 181 49 grosser

193 1234 300 64 Genauigkeit
519 1235 187 63 gespielt
733 1234 172 55 wurde,
940 1234 193 47 erfreute
1163 1232 113 47 mich
1307 1232 71 47 ein
1406 1231 283 56 Oboe-Solo,

192 1310 193 47 welches
413 1325 83 32 von
526 1310 149 47 Herrn
705 1310 119 63 Vogt
865 1307 275 48 meisterhaft
1178 1315 300 56 vorgetragen
1520 1307 169 47 wurde.

188 1386 184 47 Diesem
400 1386 213 47 Künstler
639 1386 54 46 ist
720 1400 46 32 es
794 1386 241 62 gelungen,
1064 1386 168 46 seinem
1262 1386 301 46 Instrumente
1592 1383 97 47 eine

188 1461 327 48 vollkommene
545 1461 249 47 Gleichheit
834 1461 76 47 des
940 1462 147 46 Tones
1131 1461 91 47 und
1258 1461 79 47 der
1364 1460 254 47 Intonation
1644 1460 44 45 in

189 1536 102 47 dem
320 1552 170 47 ganzen
519 1536 224 63 Ilmfange
781 1552 85 31 von
955 1536 700 48 cbis
1048 1536 106 47 zwei
1185 1537 90 46 Mal
1305 1535 252 63 gestrichen
1636 1551 53 29 zu

189 1612 161 64 geben,
380 1613 68 46 ein
481 1613 261 55 Bestreben,
785 1630 157 30 woran
980 1613 84 47 fast
1091 1613 84 46 alle
1204 1612 219 47 Oboisten
1453 1611 236 47 scheitern.

192 1688 104 47 Sein
325 1688 199 64 Vortrag
552 1690 54 45 ist
635 1688 208 47 überdies
871 1690 84 45 voll
985 1688 158 47 Grazie
1172 1687 91 48 und
1294 1688 292 47 Geschmack.

302 1806 66 50 W
372 1808 154 62 eiliger
560 1808 63 47 als
660 1806 78 49 das
767 1817 114 39 erste
905 1808 89 48 Mal
1018 1806 117 49 habe
1163 1806 69 49 ich
1262 1806 116 49 mich
1408 1823 78 32 vor
1514 1806 175 64 einigen

188 1884 156 62 Tagen
366 1883 44 47 in
429 1883 80 47 der
531 1900 183 47 grossen
736 1884 125 65 Oper
884 1883 174 48 erbaut.
1087 1885 107 47 Man
1223 1883 87 63 gab

194 1956 194 51 d'Jsis".
433 1961 99 45 Nur
570 1978 52 29 zu
663 1961 184 63 gerecht
884 1960 96 48 sind
1018 1960 70 47 die
1124 1960 176 64 Klagen
1342 1959 80 48 der
1459 1960 230 47 Verehrer

188 2035 208 48 Mozart's
433 2035 113 48 über
585 2035 70 48 die
686 2037 345 63 Umgestaltung
1059 2036 80 47 der
1167 2035 251 48 herrlichen
1459 2035 199 57 „Zauber-

362 2112 42 46 in
433 2111 141 48 dieses
597 2112 278 56 Machwerk,
904 2112 191 47 welches
1124 2112 68 47 bei
1222 2112 167 47 seinem
1411 2112 275 47 Erscheinen

183 2203 86 30 von
297 2186 86 47 den
405 2187 255 47 Franzosen
683 2189 137 45 selbst
842 2189 43 45 in
1435 2187 231 56 „L
1667 2189 23 61 umgetauft

184 2262 171 49 wurde.
385 2264 106 47 Man
519 2264 172 47 schämt
719 2264 106 57 sich,
855 2264 100 47 dass
983 2280 46 32 es
1049 2264 230 47 Deutsche
1302 2280 168 39 waren,
1500 2264 70 47 die
1591 2264 94 47 sich

183 2354 48 33 so
259 2354 57 35 an
338 2338 101 47 dem
463 2338 331 49 unsterblichen
816 2340 183 47 Meister
1021 2338 330 65 versündigten.
1380 2341 61 46 Es
1465 2340 54 45 ist
1542 2340 141 47 nichts

183 2422 313 56 unangetastet
524 2415 253 64 geblieben,
820 2416 61 47 als
923 2416 70 47 die
1031 2416 278 55 Ouvertüre;
1352 2416 107 47 a!les
1488 2415 198 64 Uebrige

181 2491 56 47 ist
264 2491 140 47 durch
434 2491 214 48 einander
675 2492 248 64 geworfen,
960 2491 236 48 verändert
1234 2491 89 48 und
1365 2493 320 47 verstümmelt.

184 2567 86 47 Die
300 2568 125 64 Oper
456 2568 128 64 fängt
612 2568 79 47 mit
728 2567 100 48 dem
860 2568 293 47 Schlusschor
1181 2568 80 47 der
1288 2567 289 48 Zauberllöte
1608 2585 76 39 an;

184 2642 119 50 dann
333 2643 110 64 folgt
470 2643 78 47 der
578 2645 177 47 Marsch
786 2661 80 32 aus
895 2646 141 53 Titus,
1079 2645 118 48 dann
1234 2643 102 49 bald
1380 2645 157 57 dieses,
1581 2645 103 47 bald

180 2721 126 62 jenes
334 2719 278 47 Bruchstück
642 2737 79 31 aus
757 2721 197 47 anderen
984 2721 323 48 Mozart'schen
1337 2722 173 64 Opern,
1550 2737 136 47 sogar

185 2796 116 48 auch
344 2797 67 47 ein
449 2797 253 47 Stückchen
743 2798 124 47 einer
894 2797 316 66 Haydn'schen
1239 2798 212 47 Sinfonie.
1506 2798 150 48 Dazwi-

183 2873 136 46 schen
361 2872 118 48 dann
521 2873 241 48 Recitative
802 2891 83 30 von
927 2873 77 48 des
1045 2876 152 45 Herrn
1238 2874 221 47 Lachnith
1502 2874 182 64 eigener

188 2948 179 48 Fabrik.
409 2951 178 62 Aerger
615 2949 109 49 aber
752 2951 62 47 als
843 2951 140 47 dieses
1012 2951 53 47 ist
1093 2967 63 39 es,
1192 2949 101 49 dass
1321 2949 69 50 die
1421 2951 264 48 Bearbeiter

184 3024 138 47 vielen
353 3024 322 57 freundlichen,
717 3026 136 47 selbst
891 3026 257 47 komischen
1177 3027 168 47 Stellen
1374 3026 80 47 der
1481 3027 174 48 Zauber-

187 3102 105 47 llöte
320 3109 176 40 ernsten
526 3103 116 47 Text
669 3103 283 64 untergelegt
980 3102 167 56 haben,
1190 3103 214 47 wodurch
1435 3104 70 47 die
1534 3104 147 47 Musik

188 3177 143 48 dieser
358 3178 163 47 Stellen
552 3196 88 29 nun
668 3196 79 30 zur
776 3178 193 48 Parodie
998 3179 76 47 des
1105 3180 162 46 Textes
1307 3179 87 47 und
1430 3179 80 48 der
1538 3180 122 49 Situa-

189 3254 94 47 tion
312 3254 125 47 wird.
486 3255 59 46 So
574 3255 115 63 singt
715 3273 34 29 z.
780 3257 49 45 B.
858 3255 98 47 hier
983 3255 70 47 die
1082 3257 244 63 Papagena
1352 3255 70 47 die
1450 3257 209 47 charakte-

187 3329 200 48 ristische
401 3330 106 47 Arie
522 3329 76 48 des
616 3332 213 47 Mohren:
853 3333 282 53 „Allesfühlt
1157 3332 81 48 der
1258 3332 141 48 Liebe

190 3404 92 48 und
311 3404 79 48 das
418 3405 202 49 liebliche
641 3408 178 47 Terzett
846 3408 78 47 der
954 3407 92 48 drei
1069 3408 216 47 Knaben:
1326 3408 129 56 „Seid
1481 3426 81 29 uns
1584 3426 100 30 zum

185 3481 187 49 zweiten
401 3483 89 47 Mal
907 3484 109 47 wird
1046 3501 84 31 von
1161 3485 83 47 den
1275 3484 93 48 drei
1398 3487 177 47 Damen
1606 3502 54 48 ge-

187 3575 187 47 sungen.
425 3560 96 46 Aus
562 3559 99 47 dem
703 3561 157 46 Duelt:
914 3561 103 55 „Bei
1060 3561 235 56 Männern,
1338 3561 169 49 welche
1548 3561 141 49 Liebe

429 3635 52 47 ist
510 3635 70 47 ein
609 3636 176 47 Terzett
813 3636 243 64 geworden
1088 3654 41 31 u.
1158 3654 31 31 s.
1220 3654 55 32 w.
1307 3640 85 46 Am
1423 3643 181 58 ärgsten
1633 3639 55 47 ist

190 3727 46 31 es
265 3710 123 57 aber,
432 3711 99 47 dass
561 3728 103 32 man
702 3713 92 45 sich
822 3729 133 47 sogar
984 3713 385 66 Veränderungen
1398 3715 43 47 in
1470 3714 80 48 der
1578 3716 84 47 Par-

189 3788 108 47 titur
336 3788 174 48 erlaubt
551 3788 99 55 hat;
692 3805 48 31 so
781 3788 107 48 fehlt
913 3808 33 29 z.
975 3791 51 46 B.
1067 3790 43 47 in
1140 3790 80 48 der
1248 3791 130 47 Arie:
1432 3793 77 54 „In
1539 3790 150 50 diesen

190 3862 193 65 heiligen
639 3865 68 47 bei
733 3864 81 48 der
835 3866 162 47 Stelle:
1036 3868 85 53 „So
1147 3868 194 48 wandelt
1361 3884 50 32 er
1434 3884 56 32 an
1515 3869 145 48 Freun-

192 3937 77 51 des
513 3939 77 49 der
621 3940 338 48 nachahmende
989 3942 128 47 Bass:

1760 516 80 48 der
1869 516 96 48 hier
1999 516 120 48 nicht
2158 517 129 49 allein
2321 517 80 49 der
2429 520 251 47 Harmonie
2709 536 158 49 wegen
2899 520 361 56 unentbehrlich,

1759 593 192 47 sondern
1994 593 132 56 auch,
2168 595 81 45 auf
2285 593 78 49 das
2408 595 230 49 Wandeln
2680 596 213 56 deutend,
2934 613 48 30 so
3025 597 210 47 charakte-

1760 668 170 47 ristisch
1959 668 69 55 ist,
2070 684 112 47 ganz
2225 668 87 47 und
2353 687 98 46 gar,
2495 670 91 48 und
2627 671 72 47 die
2729 672 132 46 Bässe
2909 672 212 64 schlagen
3160 679 105 40 statt

1760 743 158 49 dessen
1944 762 87 30 nur
2057 745 78 47 das
2161 745 31 48 h
2219 746 144 63 einige
2391 747 90 47 Mal
2521 764 71 30 an.
2653 747 107 48 Wie
2787 747 221 47 nüchtern
3040 747 90 47 und
3162 748 103 47 kahl

1759 820 120 48 diese
1907 821 44 46 in
1978 821 310 47 Deutschland
2318 839 47 29 so
2394 822 63 47 oft
2495 822 295 48 bewunderte
2818 823 136 46 Stelle
2984 841 92 29 nun
3109 825 155 62 klingt,

1760 896 160 47 kannst
1948 897 72 46 Du
2050 897 85 46 Dir
2161 897 132 47 leicht
2321 896 190 49 denken.
2540 900 174 47 Ferner
2735 898 148 49 haben
2907 898 71 47 die
3001 900 265 47 Bearbeiter

1759 972 42 46 in
1825 971 85 48 den
1935 972 235 62 Gesängen
2199 971 80 48 der
2302 971 93 48 drei
2418 973 195 54 Damen,
2644 990 71 30 wo
2746 974 69 47 bei
2840 976 171 45 Mozart
3039 973 71 48 die
3134 974 132 47 dritte

1761 1048 358 64 Gesangstimme
2158 1065 86 30 nur
2285 1047 142 48 durch
2469 1048 70 48 die
2568 1049 206 47 Violinen
2810 1051 219 45 verstärkt
3067 1051 90 47 und
3188 1067 51 47 ge-

1759 1131 132 40 stutzt
1919 1123 129 57 wird,
2092 1124 114 47 auch
2238 1124 268 49 Violoncells
2541 1124 93 49 und
2664 1124 299 50 Contrabässe
2993 1135 182 54 gesetzt,
3218 1142 47 32 so

1760 1199 100 47 dass
1890 1199 80 47 der
1996 1201 109 45 Bass
2136 1199 70 47 bei
2236 1199 150 49 diesen
2414 1208 169 50 zarten,
2624 1218 86 31 nur
2738 1201 295 63 dreistimmig
3061 1202 176 63 gehalte-

1760 1292 86 30 nen
1876 1275 166 46 Stellen
2064 1275 43 47 in
2131 1274 94 48 drei
2248 1275 345 49 verschiedenen
2616 1277 202 48 Octäven
2846 1277 122 63 liegt,
3000 1293 90 32 was
3119 1278 145 46 einem

1760 1350 255 65 gebildeten
2038 1352 102 48 Ohr
2168 1353 302 62 unerträglich
2499 1353 156 63 klingt.
2685 1353 102 48 Und
2815 1369 49 32 so
2894 1354 97 62 gibt
3019 1371 44 30 es
3091 1354 176 47 solcher

1764 1428 405 63 Versündigungen
2199 1428 115 48 noch
2346 1429 219 47 mehrere.
2608 1430 107 46 Man
2747 1446 119 30 muss
2895 1429 86 47 den
3010 1430 254 46 Franzosen

1761 1503 69 47 die
1862 1504 334 62 Gerechtigkeit
2225 1504 300 47 widerfahren
2554 1505 161 55 lassen,
2757 1504 100 47 dass
2893 1504 61 47 sie
2997 1521 83 31 von
3110 1505 45 63 je
3186 1505 79 46 her

1761 1579 118 47 diese
1921 1579 284 47 vandalische
2236 1580 398 64 Verstümmelung
2676 1580 119 49 eines
2837 1597 184 47 grossen
3061 1582 179 45 Meister-

1764 1655 171 47 werkes
1978 1655 88 62 (die
2094 1655 135 47 ihnen
2259 1655 70 47 bei
2358 1655 80 48 der
2466 1656 421 49 Unbekanntschaft
2922 1656 78 47 mit
3029 1656 100 47 dem
3161 1656 79 47 Ori-

1761 1733 117 62 ginal
1919 1731 122 47 nicht
2083 1733 162 47 einmal
2287 1733 43 45 in
2371 1733 123 47 ihrer
2521 1749 170 47 ganzen
2720 1734 315 62 Ausdehnung
3066 1733 198 48 bekannt

1760 1808 243 63 geworden
2039 1806 70 65 ist)
2154 1808 284 48 entschieden
2480 1809 310 63 gemissbilligt
2828 1809 170 54 haben;
3041 1809 111 47 aber
3182 1809 84 47 wie

1760 1885 173 46 kommt
1961 1899 61 41 es,
2051 1884 99 47 dass
2179 1883 314 63 dieMi/steres
2516 1885 444 64 dessenungeachtet
2988 1885 81 47 seit
3105 1884 63 48 18
3203 1885 64 47 bis

1760 1960 70 48 20
1853 1960 170 47 Jahren
2047 1961 132 63 ruhig
2202 1961 81 47 auf
2299 1960 101 48 dem
2423 1963 267 62 Repertoire
2713 1961 194 56 bleiben,
2936 1961 57 47 da
3022 1960 115 48 doch
3167 1961 97 47 hier

1759 2035 77 49 das
1865 2036 254 57 Publicum,
2163 2036 83 47 wie
2286 2037 68 47 ich
2385 2036 77 48 das
2492 2037 163 64 täglich
2683 2037 124 56 sehe,
2847 2054 48 30 so
2926 2037 248 64 despotisch
3205 2039 57 45 im

1759 2112 198 49 Theater
1978 2114 168 62 regiert
2175 2112 91 47 und
2288 2114 106 47 alles
2417 2114 348 47 durchzusetzen
2787 2114 145 56 weiss,
2956 2129 92 32 was
3077 2130 46 31 es
3147 2114 118 47 will?

1873 2189 84 47 Die
1973 2189 299 63 Aufführung
2301 2189 168 48 konnte
2497 2191 101 53 mir,
2629 2190 62 47 als
2718 2190 293 54 Deutschem,
3040 2190 122 46 nicht
3190 2205 51 48 ge-

1758 2267 165 60 nügen.
1953 2264 147 48 Selbst
2128 2264 71 48 die
2229 2265 257 47 Ouvertüre
2514 2265 108 65 ging
2649 2265 122 47 nicht
2798 2281 48 32 so
2875 2272 97 56 gut,
3001 2265 63 47 als
3091 2266 62 46 sie
3182 2281 84 32 von

1758 2341 144 46 einem
1944 2358 48 30 so
2034 2340 254 48 herrlichen
2316 2341 196 48 Vereine
2553 2341 307 65 vorzüglicher
2889 2341 213 47 Künstler
3144 2341 122 48 hätte

1759 2416 204 65 gegeben
1987 2416 183 47 werden
2196 2416 191 48 können.
2426 2417 74 47 Sic
2530 2416 156 48 wurde
2714 2434 54 30 zu
2796 2417 167 47 schnell
2993 2432 271 49 genommen

1759 2492 89 47 und
1878 2492 113 48 nach
2022 2492 101 47 dem
2152 2492 130 48 Ende
2309 2510 53 29 zu
2391 2493 116 47 noch
2536 2493 130 47 mehr
2702 2493 249 64 getrieben,
2988 2510 47 30 so
3066 2492 100 48 dass
3195 2492 70 48 die

1760 2570 165 63 Geiger
1952 2570 157 45 zuletzt
2136 2576 104 41 statt
2268 2568 81 49 der
2377 2570 390 47 Sechszehntheile
2795 2587 85 30 nur
2911 2570 158 47 Achtel
3099 2570 167 63 spielen

1759 2645 211 48 konnten.
2000 2646 85 46 Die
2113 2646 173 63 Sänger
2315 2646 81 47 der
2424 2662 184 49 grossen
2633 2647 142 64 Oper,
2805 2646 69 48 die
2904 2647 59 46 im
2994 2646 245 48 deklamato-

1759 2721 174 48 rischen
1978 2722 207 62 Gesänge
2225 2722 98 47 ihre
2365 2739 185 47 grossen
2589 2722 266 48 Verdienste
2898 2722 146 47 haben
3087 2726 180 60 mögen,

1758 2798 96 47 sind
1885 2798 147 64 wenig
2070 2799 225 64 geeignet,
2337 2799 69 47 die
2446 2806 152 40 zarten
2629 2801 205 62 Gesänge
2870 2798 79 48 der
2977 2799 290 47 Zauberllöte

1759 2874 307 65 befriedigend
2094 2892 52 29 zu
2177 2874 160 65 geben.
2385 2877 74 46 Sie
2486 2877 157 63 singen
2672 2876 62 48 sie
2771 2876 79 47 mit
2878 2876 124 47 einer
3029 2874 237 56 Derbheit,

1758 2951 69 48 die
1857 2952 106 47 alles
1990 2952 135 47 Zarte
2155 2951 142 48 davon
2326 2951 216 48 abstreift.
2586 2952 85 47 Die
2701 2953 297 62 Ausstattung
3029 2968 56 31 an
3114 2953 120 47 Deco-

1759 3027 218 53 rationen,
2001 3027 267 48 Garderobe
2299 3027 88 48 und
2412 3029 120 46 Tanz
2561 3028 55 47 ist
2644 3028 251 64 anständig,
2925 3028 114 47 doch
3071 3027 119 48 nicht
3217 3045 48 30 so

1759 3103 217 65 prächtig,
2006 3104 63 47 als
2098 3103 68 47 ich
2198 3112 212 39 erwartet
2438 3104 136 49 halle.
2691 3106 189 47 Gestern
2912 3104 243 47 besuchten
3185 3106 81 45 wir

1758 3179 71 48 die
1871 3196 152 48 grosse
2052 3180 127 64 Oper
2220 3197 99 30 zum
2363 3180 164 49 dritten
2558 3182 116 47 Male
2713 3180 90 47 und
2845 3182 138 47 sahen
3016 3180 136 55 Clari,
3194 3182 71 45 ein

1759 3273 175 48 grosses
1963 3258 145 47 Ballet
2146 3258 41 46 in
2219 3257 92 48 drei
2342 3258 255 65 Aufzügen,
2639 3258 148 48 Musik
2817 3274 82 31 von
2928 3258 237 47 Kreutzer.
3207 3258 59 47 So

1759 3333 147 63 wenig
1937 3333 68 47 ich
2034 3333 115 47 auch
2179 3333 78 48 das
2288 3334 143 47 Ballet
2467 3334 134 56 liebe,
2638 3333 90 48 und
2758 3351 47 30 so
2846 3334 146 64 wenig
3022 3334 84 47 mir
3133 3334 134 47 selbst

1760 3409 79 47 das
1862 3409 378 48 Pantomimische
2268 3409 76 48 des
2367 3410 277 49 Aufwandes
2666 3427 83 32 von
2771 3410 323 49 Kunstmitteln
3124 3410 141 49 werth

1759 3485 186 56 scheint,
1987 3484 70 48 die
2100 3485 98 47 hier
2232 3485 141 49 daran
2414 3485 338 49 verschwendet
2786 3487 201 54 werden,
3028 3502 48 32 so
3105 3487 162 63 läugne

1760 3561 71 47 ich
1859 3560 114 48 doch
2004 3561 136 58 nicht,
2169 3561 100 49 dass
2299 3561 77 49 das
2405 3563 172 65 pariser
2598 3563 146 65 einige
2767 3564 108 56 Mal,
2906 3563 66 47 bis
2996 3579 103 31 man
3124 3561 141 49 durch

1761 3636 71 49 die
1860 3638 261 48 Monotonie
2149 3638 81 48 der
2257 3639 261 48 mimischen
2547 3640 322 64 Bewegungen
2901 3638 88 48 und
3021 3638 142 48 durch
3194 3638 71 49 die

1760 3715 114 47 noch
1905 3719 207 60 grössere
2141 3714 80 49 der
2243 3718 146 45 Tänze
2418 3716 208 49 ermüdet
2652 3718 69 54 ist,
2752 3716 253 64 angenehm
3038 3716 204 49 unterhal-

1761 3799 73 41 ten
1864 3791 132 49 kann.
2039 3791 146 49 Allein
2213 3793 138 47 selbst
2376 3809 48 32 so
2452 3793 302 48 vollkommen
2784 3793 222 63 gegeben,
3041 3793 84 48 wie
3155 3793 112 54 hier,

1761 3868 223 47 erscheint
2012 3869 83 46 mir
2125 3868 71 47 die
2217 3869 283 48 Pantomime
2527 3869 45 47 in
2600 3868 290 48 derArmuth
2917 3870 121 46 ihrer
3057 3869 210 56 Zeichen,

1763 3944 69 47 die
1860 3945 162 47 immer
2048 3953 91 40 erst
2166 3945 122 48 einer
2318 3945 279 65 gedruckten
2625 3945 260 64 Erklärung
2917 3945 235 57 bedürfen,
3190 3963 51 30 ne-

1765 4020 83 49 ben
1867 4020 100 49 dem
1987 4021 294 48 recilircnden
2299 4022 279 64 Schauspiel,
2602 4022 84 49 wie
2709 4022 68 49 ein
2801 4021 298 50 Schaltenriss
3120 4021 147 50 neben
