<?xml version="1.0" encoding="UTF-8"?>
<alto xmlns:xsi="http://www.w3.org/2001/XMLSchema-instance" xmlns="http://www.loc.gov/standards/alto/ns-v2#" xsi:schemaLocation="http://www.loc.gov/standards/alto/ns-v2# http://www.loc.gov/standards/alto/alto-v2.0.xsd" xmlns:xlink="http://www.w3.org/1999/xlink">
	<Description>
		<MeasurementUnit>mm10</MeasurementUnit>
		<sourceImageInformation>
			<fileName>//fileserver7/IN2/Princeton/Batch3/bmtnaac/1923/02_01/00000022.tif</fileName>
		</sourceImageInformation>
		<OCRProcessing ID="OCRPROCESSING_1">
			<preProcessingStep>
				<processingSoftware>
					<softwareCreator>CCS Content Conversion Specialists GmbH, Germany</softwareCreator>
					<softwareName>CCS docWORKS</softwareName>
					<softwareVersion>6.6-1.18</softwareVersion>
				</processingSoftware>
			</preProcessingStep>
			<ocrProcessingStep>
				<processingSoftware>
					<softwareCreator>ABBYY (BIT Software), Russia</softwareCreator>
					<softwareName>FineReader</softwareName>
					<softwareVersion>10.0</softwareVersion>
				</processingSoftware>
			</ocrProcessingStep>
		</OCRProcessing>
	</Description>
	<Styles>
		<TextStyle ID="TXT_0" FONTSIZE="22" FONTFAMILY="Courier New"/>
		<TextStyle ID="TXT_1" FONTSIZE="12" FONTFAMILY="Times New Roman" FONTSTYLE="bold"/>
		<TextStyle ID="TXT_2" FONTSIZE="17" FONTFAMILY="Times New Roman" FONTSTYLE="bold"/>
		<TextStyle ID="TXT_3" FONTSIZE="18" FONTFAMILY="Times New Roman" FONTSTYLE="bold"/>
		<TextStyle ID="TXT_4" FONTSIZE="15" FONTFAMILY="Times New Roman"/>
		<TextStyle ID="TXT_5" FONTSIZE="14" FONTFAMILY="Times New Roman"/>
		<TextStyle ID="TXT_6" FONTSIZE="20" FONTFAMILY="Times New Roman"/>
		<TextStyle ID="TXT_7" FONTSIZE="19" FONTFAMILY="Times New Roman"/>
		<ParagraphStyle ID="PAR_RIGHT" ALIGN="Right"/>
		<ParagraphStyle ID="PAR_LEFT" ALIGN="Left"/>
		<ParagraphStyle ID="PAR_CENTER" ALIGN="Center"/>
		<ParagraphStyle ID="PAR_BLOCK" ALIGN="Block"/>
	</Styles>
	<Layout>
		<Page ID="P22" PHYSICAL_IMG_NR="22" HEIGHT="4074" WIDTH="2796" PRINTED_IMG_NR="224" PC="0.886">
			<TopMargin ID="P22_TM00001" HPOS="0" VPOS="0" WIDTH="2796" HEIGHT="178"/>
			<LeftMargin ID="P22_LM00001" HPOS="0" VPOS="178" WIDTH="211" HEIGHT="3445"/>
			<RightMargin ID="P22_RM00001" HPOS="2696" VPOS="178" WIDTH="100" HEIGHT="3445"/>
			<BottomMargin ID="P22_BM00001" HPOS="0" VPOS="3623" WIDTH="2796" HEIGHT="451">
				<TextBlock ID="P22_TB00001" HPOS="1355" VPOS="3625" WIDTH="178" HEIGHT="95" STYLEREFS="TXT_0 PAR_RIGHT">
					<TextLine ID="P22_TL00001" HPOS="1355" VPOS="3625" WIDTH="178" HEIGHT="95">
						<String ID="P22_ST00001" HPOS="1355" VPOS="3625" WIDTH="178" HEIGHT="95" CONTENT="224" WC="1.00" CC="000"/>
					</TextLine>
				</TextBlock>
				<TextBlock ID="P22_TB00002" HPOS="319" VPOS="3665" WIDTH="213" HEIGHT="43" STYLEREFS="TXT_1 PAR_LEFT">
					<TextLine ID="P22_TL00002" HPOS="320" VPOS="3668" WIDTH="211" HEIGHT="40">
						<String ID="P22_ST00002" HPOS="320" VPOS="3675" WIDTH="58" HEIGHT="33" CONTENT="LA" WC="0.60" CC="34"/>
						<SP ID="P22_SP00001" HPOS="378" VPOS="3708" WIDTH="24"/>
						<String ID="P22_ST00003" HPOS="402" VPOS="3668" WIDTH="129" HEIGHT="40" CONTENT="CITÉ." WC="0.96" CC="66457"/>
					</TextLine>
				</TextBlock>
				<TextBlock ID="P22_TB00003" HPOS="2231" VPOS="3670" WIDTH="355" HEIGHT="51" STYLEREFS="TXT_1 PAR_RIGHT">
					<TextLine ID="P22_TL00003" HPOS="2233" VPOS="3673" WIDTH="349" HEIGHT="48">
						<String ID="P22_ST00004" HPOS="2233" VPOS="3673" WIDTH="203" HEIGHT="48" CONTENT="FÉVRIER" WC="0.98" CC="0367753"/>
						<SP ID="P22_SP00002" HPOS="2436" VPOS="3721" WIDTH="27"/>
						<String ID="P22_ST00005" HPOS="2463" VPOS="3674" WIDTH="119" HEIGHT="46" CONTENT="1923" WC="0.66" CC="7500" STYLEREFS="TXT_2"/>
					</TextLine>
				</TextBlock>
			</BottomMargin>
			<PrintSpace ID="P22_PS00001" HPOS="211" VPOS="178" WIDTH="2485" HEIGHT="3445">
				<TextBlock ID="P22_TB00004" HPOS="878" VPOS="226" WIDTH="1159" HEIGHT="53" STYLEREFS="TXT_3 PAR_CENTER">
					<TextLine ID="P22_TL00004" HPOS="880" VPOS="228" WIDTH="1156" HEIGHT="51">
						<String ID="P22_ST00006" HPOS="880" VPOS="228" WIDTH="1156" HEIGHT="51" CONTENT="TECHNOLOGIE" WC="0.99" CC="44352055040"/>
					</TextLine>
				</TextBlock>
				<TextBlock ID="P22_TB00005" HPOS="213" VPOS="436" WIDTH="1214" HEIGHT="1805" STYLEREFS="TXT_4 PAR_BLOCK">
					<TextLine ID="P22_TL00005" HPOS="224" VPOS="437" WIDTH="1201" HEIGHT="56">
						<String ID="P22_ST00007" HPOS="224" VPOS="443" WIDTH="127" HEIGHT="50" CONTENT="tique" WC="0.98" CC="41550"/>
						<SP ID="P22_SP00003" HPOS="351" VPOS="493" WIDTH="36"/>
						<String ID="P22_ST00008" HPOS="387" VPOS="439" WIDTH="63" HEIGHT="44" CONTENT="du" WC="0.23" CC="95"/>
						<SP ID="P22_SP00004" HPOS="450" VPOS="493" WIDTH="34"/>
						<String ID="P22_ST00009" HPOS="484" VPOS="437" WIDTH="212" HEIGHT="46" CONTENT="charbon" WC="0.97" CC="0667646"/>
						<SP ID="P22_SP00005" HPOS="696" VPOS="493" WIDTH="36"/>
						<String ID="P22_ST00010" HPOS="732" VPOS="439" WIDTH="120" HEIGHT="45" CONTENT="dans" WC="0.97" CC="5502"/>
						<SP ID="P22_SP00006" HPOS="852" VPOS="493" WIDTH="30"/>
						<String ID="P22_ST00011" HPOS="882" VPOS="439" WIDTH="44" HEIGHT="45" CONTENT="le" WC="0.76" CC="40"/>
						<SP ID="P22_SP00007" HPOS="926" VPOS="493" WIDTH="32"/>
						<String ID="P22_ST00012" HPOS="958" VPOS="438" WIDTH="255" HEIGHT="55" CONTENT="chauffage" WC="0.99" CC="671015066"/>
						<SP ID="P22_SP00008" HPOS="1213" VPOS="493" WIDTH="34"/>
						<String ID="P22_ST00013" HPOS="1247" VPOS="437" WIDTH="156" HEIGHT="48" CONTENT="électri" SUBS_TYPE="HypPart1" SUBS_CONTENT="électrique" WC="0.98" CC="6660334"/>
						<HYP HPOS="1403" VPOS="437" WIDTH="22" CONTENT="-"/>
					</TextLine>
					<TextLine ID="P22_TL00006" HPOS="226" VPOS="500" WIDTH="1199" HEIGHT="55">
						<String ID="P22_ST00014" HPOS="226" VPOS="519" WIDTH="91" HEIGHT="36" CONTENT="que" SUBS_TYPE="HypPart2" SUBS_CONTENT="électrique" WC="0.96" CC="560"/>
						<SP ID="P22_SP00009" HPOS="317" VPOS="555" WIDTH="41"/>
						<String ID="P22_ST00015" HPOS="358" VPOS="501" WIDTH="102" HEIGHT="53" CONTENT="(car" WC="0.97" CC="5017"/>
						<SP ID="P22_SP00010" HPOS="460" VPOS="555" WIDTH="34"/>
						<String ID="P22_ST00016" HPOS="494" VPOS="501" WIDTH="113" HEIGHT="48" CONTENT="c'est" WC="0.98" CC="50223"/>
						<SP ID="P22_SP00011" HPOS="607" VPOS="555" WIDTH="33"/>
						<String ID="P22_ST00017" HPOS="640" VPOS="517" WIDTH="171" HEIGHT="28" CONTENT="encore" WC="0.99" CC="030030"/>
						<SP ID="P22_SP00012" HPOS="811" VPOS="555" WIDTH="33"/>
						<String ID="P22_ST00018" HPOS="844" VPOS="519" WIDTH="62" HEIGHT="28" CONTENT="un" WC="0.25" CC="49"/>
						<SP ID="P22_SP00013" HPOS="906" VPOS="555" WIDTH="36"/>
						<String ID="P22_ST00019" HPOS="942" VPOS="500" WIDTH="253" HEIGHT="55" CONTENT="chauffage" WC="0.99" CC="374076070"/>
						<SP ID="P22_SP00014" HPOS="1195" VPOS="555" WIDTH="33"/>
						<String ID="P22_ST00020" HPOS="1228" VPOS="501" WIDTH="197" HEIGHT="47" CONTENT="indirect" WC="0.98" CC="68986010"/>
					</TextLine>
					<TextLine ID="P22_TL00007" HPOS="224" VPOS="562" WIDTH="1201" HEIGHT="54">
						<String ID="P22_ST00021" HPOS="224" VPOS="581" WIDTH="61" HEIGHT="26" CONTENT="au" WC="1.00" CC="00"/>
						<SP ID="P22_SP00015" HPOS="285" VPOS="607" WIDTH="28"/>
						<String ID="P22_ST00022" HPOS="313" VPOS="562" WIDTH="258" HEIGHT="53" CONTENT="charbon)," WC="0.98" CC="266376406"/>
						<SP ID="P22_SP00016" HPOS="571" VPOS="615" WIDTH="36"/>
						<String ID="P22_ST00023" HPOS="607" VPOS="562" WIDTH="96" HEIGHT="45" CONTENT="Ton" WC="0.95" CC="860"/>
						<SP ID="P22_SP00017" HPOS="703" VPOS="615" WIDTH="30"/>
						<String ID="P22_ST00024" HPOS="733" VPOS="575" WIDTH="69" HEIGHT="33" CONTENT="est" WC="0.97" CC="250"/>
						<SP ID="P22_SP00018" HPOS="802" VPOS="615" WIDTH="28"/>
						<String ID="P22_ST00025" HPOS="830" VPOS="564" WIDTH="154" HEIGHT="43" CONTENT="moins" WC="0.98" CC="40502"/>
						<SP ID="P22_SP00019" HPOS="984" VPOS="615" WIDTH="29"/>
						<String ID="P22_ST00026" HPOS="1013" VPOS="568" WIDTH="172" HEIGHT="48" CONTENT="surpris" WC="0.98" CC="0000698"/>
						<SP ID="P22_SP00020" HPOS="1185" VPOS="616" WIDTH="29"/>
						<String ID="P22_ST00027" HPOS="1214" VPOS="563" WIDTH="60" HEIGHT="45" CONTENT="de" WC="0.53" CC="09"/>
						<SP ID="P22_SP00021" HPOS="1274" VPOS="616" WIDTH="28"/>
						<String ID="P22_ST00028" HPOS="1302" VPOS="574" WIDTH="123" HEIGHT="34" CONTENT="cette" WC="0.98" CC="00069"/>
					</TextLine>
					<TextLine ID="P22_TL00008" HPOS="222" VPOS="625" WIDTH="171" HEIGHT="44">
						<String ID="P22_ST00029" HPOS="222" VPOS="625" WIDTH="171" HEIGHT="44" CONTENT="cherté." WC="0.98" CC="5605064"/>
					</TextLine>
					<TextLine ID="P22_TL00009" HPOS="294" VPOS="686" WIDTH="1128" HEIGHT="56">
						<String ID="P22_ST00030" HPOS="294" VPOS="686" WIDTH="118" HEIGHT="44" CONTENT="L'on" WC="0.99" CC="1400"/>
						<SP ID="P22_SP00022" HPOS="412" VPOS="730" WIDTH="38"/>
						<String ID="P22_ST00031" HPOS="450" VPOS="686" WIDTH="176" HEIGHT="50" CONTENT="admet," WC="0.99" CC="091000"/>
						<SP ID="P22_SP00023" HPOS="626" VPOS="736" WIDTH="42"/>
						<String ID="P22_ST00032" HPOS="668" VPOS="705" WIDTH="58" HEIGHT="26" CONTENT="en" WC="0.57" CC="80"/>
						<SP ID="P22_SP00024" HPOS="726" VPOS="736" WIDTH="39"/>
						<String ID="P22_ST00033" HPOS="765" VPOS="687" WIDTH="130" HEIGHT="49" CONTENT="effet," WC="0.99" CC="056000"/>
						<SP ID="P22_SP00025" HPOS="895" VPOS="736" WIDTH="42"/>
						<String ID="P22_ST00034" HPOS="937" VPOS="688" WIDTH="110" HEIGHT="54" CONTENT="qu'il" WC="0.98" CC="30445"/>
						<SP ID="P22_SP00026" HPOS="1047" VPOS="742" WIDTH="42"/>
						<String ID="P22_ST00035" HPOS="1089" VPOS="688" WIDTH="101" HEIGHT="44" CONTENT="faut" WC="0.98" CC="4060"/>
						<SP ID="P22_SP00027" HPOS="1190" VPOS="742" WIDTH="37"/>
						<String ID="P22_ST00036" HPOS="1227" VPOS="690" WIDTH="195" HEIGHT="42" CONTENT="environ" WC="0.99" CC="0003006"/>
					</TextLine>
					<TextLine ID="P22_TL00010" HPOS="225" VPOS="748" WIDTH="1198" HEIGHT="50">
						<String ID="P22_ST00037" HPOS="225" VPOS="748" WIDTH="29" HEIGHT="44" CONTENT="0" WC="0.83" CC="1"/>
						<SP ID="P22_SP00028" HPOS="254" VPOS="792" WIDTH="35"/>
						<String ID="P22_ST00038" HPOS="289" VPOS="749" WIDTH="42" HEIGHT="45" CONTENT="k." WC="0.65" CC="24"/>
						<SP ID="P22_SP00029" HPOS="331" VPOS="794" WIDTH="44"/>
						<String ID="P22_ST00039" HPOS="375" VPOS="748" WIDTH="94" HEIGHT="44" CONTENT="700" WC="0.64" CC="234"/>
						<SP ID="P22_SP00030" HPOS="469" VPOS="794" WIDTH="38"/>
						<String ID="P22_ST00040" HPOS="507" VPOS="749" WIDTH="60" HEIGHT="44" CONTENT="de" WC="1.00" CC="00"/>
						<SP ID="P22_SP00031" HPOS="567" VPOS="794" WIDTH="32"/>
						<String ID="P22_ST00041" HPOS="599" VPOS="748" WIDTH="212" HEIGHT="46" CONTENT="charbon" WC="0.97" CC="3759750"/>
						<SP ID="P22_SP00032" HPOS="811" VPOS="794" WIDTH="33"/>
						<String ID="P22_ST00042" HPOS="844" VPOS="748" WIDTH="163" HEIGHT="46" CONTENT="valant" WC="0.99" CC="104500"/>
						<SP ID="P22_SP00033" HPOS="1007" VPOS="794" WIDTH="34"/>
						<String ID="P22_ST00043" HPOS="1041" VPOS="749" WIDTH="151" HEIGHT="49" CONTENT="6,000" WC="0.79" CC="40201"/>
						<SP ID="P22_SP00034" HPOS="1192" VPOS="798" WIDTH="36"/>
						<String ID="P22_ST00044" HPOS="1228" VPOS="749" WIDTH="195" HEIGHT="45" CONTENT="calories" WC="0.99" CC="00575030"/>
					</TextLine>
					<TextLine ID="P22_TL00011" HPOS="221" VPOS="810" WIDTH="1202" HEIGHT="55">
						<String ID="P22_ST00045" HPOS="221" VPOS="829" WIDTH="116" HEIGHT="35" CONTENT="pour" WC="0.96" CC="4409"/>
						<SP ID="P22_SP00035" HPOS="337" VPOS="864" WIDTH="44"/>
						<String ID="P22_ST00046" HPOS="381" VPOS="810" WIDTH="221" HEIGHT="53" CONTENT="produire" WC="0.99" CC="04009530"/>
						<SP ID="P22_SP00036" HPOS="602" VPOS="864" WIDTH="46"/>
						<String ID="P22_ST00047" HPOS="648" VPOS="829" WIDTH="60" HEIGHT="26" CONTENT="un" WC="0.73" CC="50"/>
						<SP ID="P22_SP00037" HPOS="708" VPOS="864" WIDTH="43"/>
						<String ID="P22_ST00048" HPOS="751" VPOS="811" WIDTH="234" HEIGHT="51" CONTENT="kilowatt;" WC="0.99" CC="035540005"/>
						<SP ID="P22_SP00038" HPOS="985" VPOS="864" WIDTH="46"/>
						<String ID="P22_ST00049" HPOS="1031" VPOS="812" WIDTH="43" HEIGHT="43" CONTENT="la" WC="1.00" CC="00"/>
						<SP ID="P22_SP00039" HPOS="1074" VPOS="864" WIDTH="43"/>
						<String ID="P22_ST00050" HPOS="1117" VPOS="822" WIDTH="131" HEIGHT="43" CONTENT="perte" WC="0.99" CC="00500"/>
						<SP ID="P22_SP00040" HPOS="1248" VPOS="865" WIDTH="46"/>
						<String ID="P22_ST00051" HPOS="1294" VPOS="816" WIDTH="129" HEIGHT="40" CONTENT="étant" WC="0.99" CC="70000"/>
					</TextLine>
					<TextLine ID="P22_TL00012" HPOS="224" VPOS="871" WIDTH="1195" HEIGHT="57">
						<String ID="P22_ST00052" HPOS="224" VPOS="872" WIDTH="248" HEIGHT="45" CONTENT="d'environ" WC="1.00" CC="040004300"/>
						<SP ID="P22_SP00041" HPOS="472" VPOS="917" WIDTH="35"/>
						<String ID="P22_ST00053" HPOS="507" VPOS="871" WIDTH="57" HEIGHT="45" CONTENT="10" WC="0.58" CC="70"/>
						<SP ID="P22_SP00042" HPOS="564" VPOS="917" WIDTH="29"/>
						<String ID="P22_ST00054" HPOS="593" VPOS="891" WIDTH="87" HEIGHT="35" CONTENT="p.c." WC="0.79" CC="0412"/>
						<SP ID="P22_SP00043" HPOS="680" VPOS="926" WIDTH="35"/>
						<String ID="P22_ST00055" HPOS="715" VPOS="887" WIDTH="47" HEIGHT="32" CONTENT="et" WC="0.98" CC="00"/>
						<SP ID="P22_SP00044" HPOS="762" VPOS="926" WIDTH="28"/>
						<String ID="P22_ST00056" HPOS="790" VPOS="873" WIDTH="42" HEIGHT="44" CONTENT="le" WC="0.71" CC="50"/>
						<SP ID="P22_SP00045" HPOS="832" VPOS="926" WIDTH="26"/>
						<String ID="P22_ST00057" HPOS="858" VPOS="873" WIDTH="280" HEIGHT="47" CONTENT="rendement" WC="1.00" CC="470000000"/>
						<SP ID="P22_SP00046" HPOS="1138" VPOS="926" WIDTH="28"/>
						<String ID="P22_ST00058" HPOS="1166" VPOS="873" WIDTH="82" HEIGHT="45" CONTENT="des" WC="0.98" CC="013"/>
						<SP ID="P22_SP00047" HPOS="1248" VPOS="926" WIDTH="26"/>
						<String ID="P22_ST00059" HPOS="1274" VPOS="891" WIDTH="116" HEIGHT="37" CONTENT="appa" SUBS_TYPE="HypPart1" SUBS_CONTENT="appareils" WC="1.00" CC="0000"/>
						<HYP HPOS="1390" VPOS="891" WIDTH="29" CONTENT="-"/>
					</TextLine>
					<TextLine ID="P22_TL00013" HPOS="220" VPOS="934" WIDTH="1201" HEIGHT="53">
						<String ID="P22_ST00060" HPOS="220" VPOS="935" WIDTH="107" HEIGHT="44" CONTENT="reils" SUBS_TYPE="HypPart2" SUBS_CONTENT="appareils" WC="0.96" CC="94534"/>
						<SP ID="P22_SP00048" HPOS="327" VPOS="979" WIDTH="32"/>
						<String ID="P22_ST00061" HPOS="359" VPOS="934" WIDTH="302" HEIGHT="45" CONTENT="d'utilisation" WC="0.99" CC="0400047304600"/>
						<SP ID="P22_SP00049" HPOS="661" VPOS="979" WIDTH="33"/>
						<String ID="P22_ST00062" HPOS="694" VPOS="938" WIDTH="143" HEIGHT="49" CONTENT="étant," WC="0.99" CC="600006"/>
						<SP ID="P22_SP00050" HPOS="837" VPOS="987" WIDTH="34"/>
						<String ID="P22_ST00063" HPOS="871" VPOS="953" WIDTH="189" HEIGHT="27" CONTENT="comme" WC="0.98" CC="00029"/>
						<SP ID="P22_SP00051" HPOS="1060" VPOS="987" WIDTH="29"/>
						<String ID="P22_ST00064" HPOS="1089" VPOS="954" WIDTH="118" HEIGHT="26" CONTENT="nous" WC="0.98" CC="0604"/>
						<SP ID="P22_SP00052" HPOS="1207" VPOS="987" WIDTH="31"/>
						<String ID="P22_ST00065" HPOS="1238" VPOS="935" WIDTH="183" HEIGHT="46" CONTENT="l'avons" WC="0.98" CC="6400066"/>
					</TextLine>
					<TextLine ID="P22_TL00014" HPOS="222" VPOS="996" WIDTH="1198" HEIGHT="56">
						<String ID="P22_ST00066" HPOS="222" VPOS="996" WIDTH="70" HEIGHT="44" CONTENT="dit" WC="0.96" CC="900"/>
						<SP ID="P22_SP00053" HPOS="292" VPOS="1040" WIDTH="33"/>
						<String ID="P22_ST00067" HPOS="325" VPOS="996" WIDTH="401" HEIGHT="53" CONTENT="précédemment," WC="1.00" CC="0080603006001"/>
						<SP ID="P22_SP00054" HPOS="726" VPOS="1049" WIDTH="41"/>
						<String ID="P22_ST00068" HPOS="767" VPOS="997" WIDTH="61" HEIGHT="44" CONTENT="de" WC="0.88" CC="02"/>
						<SP ID="P22_SP00055" HPOS="828" VPOS="1049" WIDTH="35"/>
						<String ID="P22_ST00069" HPOS="863" VPOS="997" WIDTH="63" HEIGHT="45" CONTENT="87" WC="0.36" CC="65"/>
						<SP ID="P22_SP00056" HPOS="926" VPOS="1049" WIDTH="38"/>
						<String ID="P22_ST00070" HPOS="964" VPOS="1016" WIDTH="107" HEIGHT="35" CONTENT="p.c.," WC="0.58" CC="04943"/>
						<SP ID="P22_SP00057" HPOS="1071" VPOS="1051" WIDTH="38"/>
						<String ID="P22_ST00071" HPOS="1109" VPOS="998" WIDTH="95" HEIGHT="46" CONTENT="Ton" WC="0.94" CC="862"/>
						<SP ID="P22_SP00058" HPOS="1204" VPOS="1051" WIDTH="36"/>
						<String ID="P22_ST00072" HPOS="1240" VPOS="1019" WIDTH="27" HEIGHT="25" CONTENT="a" WC="1.00" CC="0"/>
						<SP ID="P22_SP00059" HPOS="1267" VPOS="1051" WIDTH="35"/>
						<String ID="P22_ST00073" HPOS="1302" VPOS="1016" WIDTH="118" HEIGHT="36" CONTENT="pour" WC="0.97" CC="6008"/>
					</TextLine>
					<TextLine ID="P22_TL00015" HPOS="222" VPOS="1058" WIDTH="430" HEIGHT="45">
						<String ID="P22_ST00074" HPOS="222" VPOS="1058" WIDTH="279" HEIGHT="45" CONTENT="rendement" WC="0.99" CC="550906000"/>
						<SP ID="P22_SP00060" HPOS="501" VPOS="1103" WIDTH="28"/>
						<String ID="P22_ST00075" HPOS="529" VPOS="1069" WIDTH="78" HEIGHT="33" CONTENT="net" WC="0.96" CC="602"/>
						<SP ID="P22_SP00061" HPOS="607" VPOS="1103" WIDTH="37"/>
						<String ID="P22_ST00076" HPOS="644" VPOS="1077" WIDTH="8" HEIGHT="25" CONTENT=":" WC="0.67" CC="3"/>
					</TextLine>
					<TextLine ID="P22_TL00016" HPOS="448" VPOS="1119" WIDTH="275" HEIGHT="51">
						<String ID="P22_ST00077" HPOS="448" VPOS="1119" WIDTH="95" HEIGHT="45" CONTENT="865" WC="0.71" CC="034"/>
						<SP ID="P22_SP00062" HPOS="543" VPOS="1164" WIDTH="34"/>
						<String ID="P22_ST00078" HPOS="577" VPOS="1122" WIDTH="35" HEIGHT="35" CONTENT="X" WC="0.36" CC="6" STYLEREFS="TXT_5"/>
						<SP ID="P22_SP00063" HPOS="612" VPOS="1164" WIDTH="31"/>
						<String ID="P22_ST00079" HPOS="643" VPOS="1120" WIDTH="80" HEIGHT="50" CONTENT="0,9" WC="0.54" CC="642"/>
					</TextLine>
					<TextLine ID="P22_TL00017" HPOS="850" VPOS="1183" WIDTH="462" HEIGHT="49">
						<String ID="P22_ST00080" HPOS="850" VPOS="1185" WIDTH="36" HEIGHT="36" CONTENT="X" WC="0.85" CC="1" STYLEREFS="TXT_5"/>
						<SP ID="P22_SP00064" HPOS="886" VPOS="1221" WIDTH="40"/>
						<String ID="P22_ST00081" HPOS="926" VPOS="1183" WIDTH="113" HEIGHT="49" CONTENT="0,87" WC="0.58" CC="5460"/>
						<SP ID="P22_SP00065" HPOS="1039" VPOS="1232" WIDTH="34"/>
						<String ID="P22_ST00082" HPOS="1073" VPOS="1205" WIDTH="60" HEIGHT="18" CONTENT="=" WC="0.59" CC="4"/>
						<SP ID="P22_SP00066" HPOS="1133" VPOS="1232" WIDTH="34"/>
						<String ID="P22_ST00083" HPOS="1167" VPOS="1184" WIDTH="145" HEIGHT="48" CONTENT="0,162" WC="0.53" CC="64750"/>
					</TextLine>
					<TextLine ID="P22_TL00018" HPOS="360" VPOS="1243" WIDTH="425" HEIGHT="50">
						<String ID="P22_ST00084" HPOS="360" VPOS="1243" WIDTH="152" HEIGHT="50" CONTENT="0,700" WC="0.74" CC="30035"/>
						<SP ID="P22_SP00067" HPOS="512" VPOS="1293" WIDTH="43"/>
						<String ID="P22_ST00085" HPOS="555" VPOS="1247" WIDTH="34" HEIGHT="34" CONTENT="x" WC="1.00" CC="0" STYLEREFS="TXT_6"/>
						<SP ID="P22_SP00068" HPOS="589" VPOS="1293" WIDTH="44"/>
						<String ID="P22_ST00086" HPOS="633" VPOS="1244" WIDTH="152" HEIGHT="49" CONTENT="6,000" WC="0.52" CC="43536"/>
					</TextLine>
					<TextLine ID="P22_TL00019" HPOS="289" VPOS="1305" WIDTH="1130" HEIGHT="49">
						<String ID="P22_ST00087" HPOS="289" VPOS="1306" WIDTH="100" HEIGHT="43" CONTENT="Soit" WC="0.98" CC="0650"/>
						<SP ID="P22_SP00069" HPOS="389" VPOS="1349" WIDTH="45"/>
						<String ID="P22_ST00088" HPOS="434" VPOS="1305" WIDTH="43" HEIGHT="44" CONTENT="le" WC="0.54" CC="62"/>
						<SP ID="P22_SP00070" HPOS="477" VPOS="1349" WIDTH="44"/>
						<String ID="P22_ST00089" HPOS="521" VPOS="1307" WIDTH="278" HEIGHT="43" CONTENT="rendement" WC="0.99" CC="450000009"/>
						<SP ID="P22_SP00071" HPOS="799" VPOS="1350" WIDTH="50"/>
						<String ID="P22_ST00090" HPOS="849" VPOS="1307" WIDTH="300" HEIGHT="45" CONTENT="d'utilisation" WC="0.99" CC="0408055742479"/>
						<SP ID="P22_SP00072" HPOS="1149" VPOS="1352" WIDTH="49"/>
						<String ID="P22_ST00091" HPOS="1198" VPOS="1310" WIDTH="117" HEIGHT="43" CONTENT="dans" WC="0.95" CC="9590"/>
						<SP ID="P22_SP00073" HPOS="1315" VPOS="1353" WIDTH="44"/>
						<String ID="P22_ST00092" HPOS="1359" VPOS="1328" WIDTH="60" HEIGHT="26" CONTENT="un" WC="1.00" CC="00"/>
					</TextLine>
					<TextLine ID="P22_TL00020" HPOS="218" VPOS="1367" WIDTH="536" HEIGHT="47">
						<String ID="P22_ST00093" HPOS="218" VPOS="1367" WIDTH="231" HEIGHT="45" CONTENT="fourneau" WC="0.99" CC="40000009"/>
						<SP ID="P22_SP00074" HPOS="449" VPOS="1412" WIDTH="33"/>
						<String ID="P22_ST00094" HPOS="482" VPOS="1368" WIDTH="60" HEIGHT="46" CONTENT="de" WC="0.50" CC="09"/>
						<SP ID="P22_SP00075" HPOS="542" VPOS="1414" WIDTH="26"/>
						<String ID="P22_ST00095" HPOS="568" VPOS="1371" WIDTH="186" HEIGHT="41" CONTENT="cuisine." WC="0.99" CC="00777004"/>
					</TextLine>
					<TextLine ID="P22_TL00021" HPOS="292" VPOS="1429" WIDTH="1128" HEIGHT="57">
						<String ID="P22_ST00096" HPOS="292" VPOS="1429" WIDTH="122" HEIGHT="44" CONTENT="Pour" WC="0.97" CC="0509"/>
						<SP ID="P22_SP00076" HPOS="414" VPOS="1473" WIDTH="56"/>
						<String ID="P22_ST00097" HPOS="470" VPOS="1433" WIDTH="202" HEIGHT="50" CONTENT="pouvoir" WC="0.99" CC="0060065"/>
						<SP ID="P22_SP00077" HPOS="672" VPOS="1483" WIDTH="54"/>
						<String ID="P22_ST00098" HPOS="726" VPOS="1434" WIDTH="123" HEIGHT="51" CONTENT="jouir" WC="0.98" CC="60050"/>
						<SP ID="P22_SP00078" HPOS="849" VPOS="1485" WIDTH="57"/>
						<String ID="P22_ST00099" HPOS="906" VPOS="1431" WIDTH="82" HEIGHT="45" CONTENT="des" WC="0.98" CC="006"/>
						<SP ID="P22_SP00079" HPOS="988" VPOS="1485" WIDTH="56"/>
						<String ID="P22_ST00100" HPOS="1044" VPOS="1442" WIDTH="257" HEIGHT="44" CONTENT="avantages" WC="0.98" CC="667990700"/>
						<SP ID="P22_SP00080" HPOS="1301" VPOS="1486" WIDTH="57"/>
						<String ID="P22_ST00101" HPOS="1358" VPOS="1433" WIDTH="62" HEIGHT="44" CONTENT="du" WC="1.00" CC="00"/>
					</TextLine>
					<TextLine ID="P22_TL00022" HPOS="218" VPOS="1490" WIDTH="796" HEIGHT="55">
						<String ID="P22_ST00102" HPOS="218" VPOS="1490" WIDTH="257" HEIGHT="55" CONTENT="chauffage" WC="0.98" CC="870066090"/>
						<SP ID="P22_SP00081" HPOS="475" VPOS="1545" WIDTH="29"/>
						<String ID="P22_ST00103" HPOS="504" VPOS="1492" WIDTH="264" HEIGHT="53" CONTENT="électrique," WC="0.99" CC="64044366002"/>
						<SP ID="P22_SP00082" HPOS="768" VPOS="1545" WIDTH="36"/>
						<String ID="P22_ST00104" HPOS="804" VPOS="1495" WIDTH="29" HEIGHT="44" CONTENT="il" WC="0.65" CC="51"/>
						<SP ID="P22_SP00083" HPOS="833" VPOS="1545" WIDTH="32"/>
						<String ID="P22_ST00105" HPOS="865" VPOS="1494" WIDTH="101" HEIGHT="44" CONTENT="faut" WC="0.99" CC="5000"/>
						<SP ID="P22_SP00084" HPOS="966" VPOS="1545" WIDTH="39"/>
						<String ID="P22_ST00106" HPOS="1005" VPOS="1513" WIDTH="9" HEIGHT="24" CONTENT=":" WC="1.00" CC="0"/>
					</TextLine>
					<TextLine ID="P22_TL00023" HPOS="299" VPOS="1553" WIDTH="1049" HEIGHT="54">
						<String ID="P22_ST00107" HPOS="299" VPOS="1554" WIDTH="11" HEIGHT="43" CONTENT="I" WC="0.36" CC="6"/>
						<String ID="P22_ST00108" HPOS="325" VPOS="1557" WIDTH="14" HEIGHT="16" CONTENT="e" STYLE="superscript" WC="0.57" CC="4"/>
						<SP ID="P22_SP00085" HPOS="339" VPOS="1597" WIDTH="32"/>
						<String ID="P22_ST00109" HPOS="371" VPOS="1553" WIDTH="226" HEIGHT="45" CONTENT="Produire" WC="0.99" CC="06300400"/>
						<SP ID="P22_SP00086" HPOS="597" VPOS="1598" WIDTH="34"/>
						<String ID="P22_ST00110" HPOS="631" VPOS="1555" WIDTH="62" HEIGHT="44" CONTENT="du" WC="1.00" CC="00"/>
						<SP ID="P22_SP00087" HPOS="693" VPOS="1599" WIDTH="31"/>
						<String ID="P22_ST00111" HPOS="724" VPOS="1569" WIDTH="200" HEIGHT="33" CONTENT="courant" WC="0.98" CC="1866000"/>
						<SP ID="P22_SP00088" HPOS="924" VPOS="1602" WIDTH="28"/>
						<String ID="P22_ST00112" HPOS="952" VPOS="1559" WIDTH="28" HEIGHT="40" CONTENT="à" WC="0.39" CC="6"/>
						<SP ID="P22_SP00089" HPOS="980" VPOS="1602" WIDTH="29"/>
						<String ID="P22_ST00113" HPOS="1009" VPOS="1556" WIDTH="98" HEIGHT="46" CONTENT="bon" WC="0.97" CC="052"/>
						<SP ID="P22_SP00090" HPOS="1107" VPOS="1602" WIDTH="32"/>
						<String ID="P22_ST00114" HPOS="1139" VPOS="1557" WIDTH="209" HEIGHT="50" CONTENT="marché;" WC="0.99" CC="6000705"/>
					</TextLine>
					<TextLine ID="P22_TL00024" HPOS="292" VPOS="1616" WIDTH="1128" HEIGHT="47">
						<String ID="P22_ST00115" HPOS="292" VPOS="1617" WIDTH="25" HEIGHT="43" CONTENT="2" WC="1.00" CC="0"/>
						<String ID="P22_ST00116" HPOS="326" VPOS="1620" WIDTH="13" HEIGHT="14" CONTENT="e" STYLE="superscript" WC="0.55" CC="4"/>
						<SP ID="P22_SP00091" HPOS="339" VPOS="1660" WIDTH="35"/>
						<String ID="P22_ST00117" HPOS="374" VPOS="1616" WIDTH="179" HEIGHT="44" CONTENT="Laisser" WC="0.98" CC="3033626"/>
						<SP ID="P22_SP00092" HPOS="553" VPOS="1660" WIDTH="35"/>
						<String ID="P22_ST00118" HPOS="588" VPOS="1617" WIDTH="62" HEIGHT="44" CONTENT="de" WC="0.56" CC="08"/>
						<SP ID="P22_SP00093" HPOS="650" VPOS="1661" WIDTH="27"/>
						<String ID="P22_ST00119" HPOS="677" VPOS="1620" WIDTH="109" HEIGHT="41" CONTENT="côté" WC="0.96" CC="1375"/>
						<SP ID="P22_SP00094" HPOS="786" VPOS="1661" WIDTH="32"/>
						<String ID="P22_ST00120" HPOS="818" VPOS="1617" WIDTH="67" HEIGHT="45" CONTENT="les" WC="0.94" CC="906"/>
						<SP ID="P22_SP00095" HPOS="885" VPOS="1662" WIDTH="30"/>
						<String ID="P22_ST00121" HPOS="915" VPOS="1617" WIDTH="157" HEIGHT="45" CONTENT="beaux" WC="0.99" CC="07000"/>
						<SP ID="P22_SP00096" HPOS="1072" VPOS="1662" WIDTH="31"/>
						<String ID="P22_ST00122" HPOS="1103" VPOS="1618" WIDTH="258" HEIGHT="45" CONTENT="radiateurs" WC="1.00" CC="0007090000"/>
						<SP ID="P22_SP00097" HPOS="1361" VPOS="1663" WIDTH="31"/>
						<String ID="P22_ST00123" HPOS="1392" VPOS="1622" WIDTH="28" HEIGHT="40" CONTENT="à" WC="0.33" CC="6"/>
					</TextLine>
					<TextLine ID="P22_TL00025" HPOS="219" VPOS="1677" WIDTH="1201" HEIGHT="56">
						<String ID="P22_ST00124" HPOS="219" VPOS="1677" WIDTH="257" HEIGHT="54" CONTENT="chauffage" WC="0.99" CC="570066000"/>
						<SP ID="P22_SP00098" HPOS="476" VPOS="1731" WIDTH="32"/>
						<String ID="P22_ST00125" HPOS="508" VPOS="1678" WIDTH="146" HEIGHT="50" CONTENT="direct" WC="0.99" CC="050040"/>
						<SP ID="P22_SP00099" HPOS="654" VPOS="1731" WIDTH="32"/>
						<String ID="P22_ST00126" HPOS="686" VPOS="1691" WIDTH="45" HEIGHT="33" CONTENT="et" WC="0.63" CC="70"/>
						<SP ID="P22_SP00100" HPOS="731" VPOS="1731" WIDTH="30"/>
						<String ID="P22_ST00127" HPOS="761" VPOS="1697" WIDTH="50" HEIGHT="27" CONTENT="se" WC="0.44" CC="64"/>
						<SP ID="P22_SP00101" HPOS="811" VPOS="1731" WIDTH="30"/>
						<String ID="P22_ST00128" HPOS="841" VPOS="1682" WIDTH="141" HEIGHT="42" CONTENT="servir" WC="0.99" CC="520030"/>
						<SP ID="P22_SP00102" HPOS="982" VPOS="1731" WIDTH="34"/>
						<String ID="P22_ST00129" HPOS="1016" VPOS="1681" WIDTH="83" HEIGHT="43" CONTENT="des" WC="0.99" CC="010"/>
						<SP ID="P22_SP00103" HPOS="1099" VPOS="1731" WIDTH="30"/>
						<String ID="P22_ST00130" HPOS="1129" VPOS="1680" WIDTH="232" HEIGHT="53" CONTENT="appareils" WC="1.00" CC="000060230"/>
						<SP ID="P22_SP00104" HPOS="1361" VPOS="1733" WIDTH="31"/>
						<String ID="P22_ST00131" HPOS="1392" VPOS="1684" WIDTH="28" HEIGHT="40" CONTENT="à" WC="0.44" CC="5"/>
					</TextLine>
					<TextLine ID="P22_TL00026" HPOS="219" VPOS="1739" WIDTH="359" HEIGHT="45">
						<String ID="P22_ST00132" HPOS="219" VPOS="1739" WIDTH="359" HEIGHT="45" CONTENT="accumulation." WC="0.99" CC="8000093002604"/>
					</TextLine>
					<TextLine ID="P22_TL00027" HPOS="292" VPOS="1801" WIDTH="1126" HEIGHT="54">
						<String ID="P22_ST00133" HPOS="292" VPOS="1801" WIDTH="124" HEIGHT="45" CONTENT="Pour" WC="0.96" CC="3670"/>
						<SP ID="P22_SP00105" HPOS="416" VPOS="1846" WIDTH="45"/>
						<String ID="P22_ST00134" HPOS="461" VPOS="1802" WIDTH="223" HEIGHT="53" CONTENT="produire" WC="0.99" CC="03000316"/>
						<SP ID="P22_SP00106" HPOS="684" VPOS="1855" WIDTH="48"/>
						<String ID="P22_ST00135" HPOS="732" VPOS="1803" WIDTH="64" HEIGHT="43" CONTENT="du" WC="1.00" CC="00"/>
						<SP ID="P22_SP00107" HPOS="796" VPOS="1855" WIDTH="45"/>
						<String ID="P22_ST00136" HPOS="841" VPOS="1815" WIDTH="198" HEIGHT="33" CONTENT="courant" WC="0.98" CC="6990000"/>
						<SP ID="P22_SP00108" HPOS="1039" VPOS="1855" WIDTH="42"/>
						<String ID="P22_ST00137" HPOS="1081" VPOS="1807" WIDTH="29" HEIGHT="41" CONTENT="à" WC="0.31" CC="6"/>
						<SP ID="P22_SP00109" HPOS="1110" VPOS="1855" WIDTH="44"/>
						<String ID="P22_ST00138" HPOS="1154" VPOS="1804" WIDTH="97" HEIGHT="44" CONTENT="bon" WC="1.00" CC="000"/>
						<SP ID="P22_SP00110" HPOS="1251" VPOS="1855" WIDTH="47"/>
						<String ID="P22_ST00139" HPOS="1298" VPOS="1822" WIDTH="90" HEIGHT="26" CONTENT="mar" SUBS_TYPE="HypPart1" SUBS_CONTENT="marché," WC="0.98" CC="004"/>
						<HYP HPOS="1388" VPOS="1822" WIDTH="30" CONTENT="-"/>
					</TextLine>
					<TextLine ID="P22_TL00028" HPOS="214" VPOS="1863" WIDTH="1202" HEIGHT="55">
						<String ID="P22_ST00140" HPOS="214" VPOS="1863" WIDTH="105" HEIGHT="49" CONTENT="ché," SUBS_TYPE="HypPart2" SUBS_CONTENT="marché," WC="0.94" CC="7784"/>
						<SP ID="P22_SP00111" HPOS="319" VPOS="1912" WIDTH="43"/>
						<String ID="P22_ST00141" HPOS="362" VPOS="1864" WIDTH="28" HEIGHT="43" CONTENT="il" WC="0.49" CC="54"/>
						<SP ID="P22_SP00112" HPOS="390" VPOS="1912" WIDTH="42"/>
						<String ID="P22_ST00142" HPOS="432" VPOS="1864" WIDTH="99" HEIGHT="44" CONTENT="faut" WC="0.99" CC="6000"/>
						<SP ID="P22_SP00113" HPOS="531" VPOS="1912" WIDTH="39"/>
						<String ID="P22_ST00143" HPOS="570" VPOS="1882" WIDTH="91" HEIGHT="27" CONTENT="une" WC="0.98" CC="600"/>
						<SP ID="P22_SP00114" HPOS="661" VPOS="1912" WIDTH="41"/>
						<String ID="P22_ST00144" HPOS="702" VPOS="1864" WIDTH="130" HEIGHT="45" CONTENT="force" WC="0.99" CC="60000"/>
						<SP ID="P22_SP00115" HPOS="832" VPOS="1912" WIDTH="40"/>
						<String ID="P22_ST00145" HPOS="872" VPOS="1868" WIDTH="195" HEIGHT="42" CONTENT="motrice" WC="0.98" CC="7004810"/>
						<SP ID="P22_SP00116" HPOS="1067" VPOS="1912" WIDTH="36"/>
						<String ID="P22_ST00146" HPOS="1103" VPOS="1869" WIDTH="29" HEIGHT="41" CONTENT="à" WC="0.26" CC="7"/>
						<SP ID="P22_SP00117" HPOS="1132" VPOS="1912" WIDTH="39"/>
						<String ID="P22_ST00147" HPOS="1171" VPOS="1865" WIDTH="84" HEIGHT="44" CONTENT="bas" WC="0.97" CC="071"/>
						<SP ID="P22_SP00118" HPOS="1255" VPOS="1912" WIDTH="38"/>
						<String ID="P22_ST00148" HPOS="1293" VPOS="1869" WIDTH="123" HEIGHT="49" CONTENT="prix;" WC="0.97" CC="45406"/>
					</TextLine>
					<TextLine ID="P22_TL00029" HPOS="220" VPOS="1925" WIDTH="1198" HEIGHT="57">
						<String ID="P22_ST00149" HPOS="220" VPOS="1942" WIDTH="65" HEIGHT="33" CONTENT="or," WC="0.95" CC="804"/>
						<SP ID="P22_SP00119" HPOS="285" VPOS="1975" WIDTH="72"/>
						<String ID="P22_ST00150" HPOS="357" VPOS="1925" WIDTH="43" HEIGHT="43" CONTENT="la" WC="0.65" CC="60"/>
						<SP ID="P22_SP00120" HPOS="400" VPOS="1975" WIDTH="66"/>
						<String ID="P22_ST00151" HPOS="466" VPOS="1929" WIDTH="244" HEIGHT="51" CONTENT="puissance" WC="0.99" CC="001970050"/>
						<SP ID="P22_SP00121" HPOS="710" VPOS="1980" WIDTH="66"/>
						<String ID="P22_ST00152" HPOS="776" VPOS="1926" WIDTH="311" HEIGHT="55" CONTENT="hydraulique" WC="0.99" CC="64040062000"/>
						<SP ID="P22_SP00122" HPOS="1087" VPOS="1981" WIDTH="68"/>
						<String ID="P22_ST00153" HPOS="1155" VPOS="1928" WIDTH="263" HEIGHT="54" CONTENT="disponible" WC="0.99" CC="0040503750"/>
					</TextLine>
					<TextLine ID="P22_TL00030" HPOS="217" VPOS="1987" WIDTH="1202" HEIGHT="56">
						<String ID="P22_ST00154" HPOS="217" VPOS="1987" WIDTH="183" HEIGHT="44" CONTENT="n'étant" WC="0.99" CC="9440000"/>
						<SP ID="P22_SP00123" HPOS="400" VPOS="2031" WIDTH="52"/>
						<String ID="P22_ST00155" HPOS="452" VPOS="2005" WIDTH="85" HEIGHT="36" CONTENT="pas" WC="0.95" CC="076"/>
						<SP ID="P22_SP00124" HPOS="537" VPOS="2041" WIDTH="53"/>
						<String ID="P22_ST00156" HPOS="590" VPOS="1989" WIDTH="247" HEIGHT="43" CONTENT="suffisante" WC="0.99" CC="0065470003"/>
						<SP ID="P22_SP00125" HPOS="837" VPOS="2041" WIDTH="50"/>
						<String ID="P22_ST00157" HPOS="887" VPOS="2007" WIDTH="120" HEIGHT="36" CONTENT="pour" WC="0.98" CC="0107"/>
						<SP ID="P22_SP00126" HPOS="1007" VPOS="2043" WIDTH="55"/>
						<String ID="P22_ST00158" HPOS="1062" VPOS="1988" WIDTH="258" HEIGHT="54" CONTENT="remplacer" WC="0.99" CC="500060005"/>
						<SP ID="P22_SP00127" HPOS="1320" VPOS="2043" WIDTH="56"/>
						<String ID="P22_ST00159" HPOS="1376" VPOS="1989" WIDTH="43" HEIGHT="43" CONTENT="le" WC="0.85" CC="20"/>
					</TextLine>
					<TextLine ID="P22_TL00031" HPOS="216" VPOS="2048" WIDTH="1202" HEIGHT="54">
						<String ID="P22_ST00160" HPOS="216" VPOS="2048" WIDTH="228" HEIGHT="49" CONTENT="charbon," WC="0.99" CC="17067003"/>
						<SP ID="P22_SP00128" HPOS="444" VPOS="2097" WIDTH="41"/>
						<String ID="P22_ST00161" HPOS="485" VPOS="2067" WIDTH="286" HEIGHT="28" CONTENT="conservons" WC="1.00" CC="1000030500"/>
						<SP ID="P22_SP00129" HPOS="771" VPOS="2097" WIDTH="38"/>
						<String ID="P22_ST00162" HPOS="809" VPOS="2051" WIDTH="125" HEIGHT="44" CONTENT="donc" WC="0.99" CC="0500"/>
						<SP ID="P22_SP00130" HPOS="934" VPOS="2097" WIDTH="37"/>
						<String ID="P22_ST00163" HPOS="971" VPOS="2069" WIDTH="54" HEIGHT="26" CONTENT="ce" WC="1.00" CC="00"/>
						<SP ID="P22_SP00131" HPOS="1025" VPOS="2097" WIDTH="39"/>
						<String ID="P22_ST00164" HPOS="1064" VPOS="2052" WIDTH="194" HEIGHT="50" CONTENT="dernier," WC="0.99" CC="00006062"/>
						<SP ID="P22_SP00132" HPOS="1258" VPOS="2102" WIDTH="43"/>
						<String ID="P22_ST00165" HPOS="1301" VPOS="2054" WIDTH="117" HEIGHT="43" CONTENT="mais" WC="0.96" CC="0079"/>
					</TextLine>
					<TextLine ID="P22_TL00032" HPOS="217" VPOS="2109" WIDTH="1200" HEIGHT="56">
						<String ID="P22_ST00166" HPOS="217" VPOS="2109" WIDTH="277" HEIGHT="46" CONTENT="utilisons-le" WC="0.99" CC="004350200630"/>
						<SP ID="P22_SP00133" HPOS="494" VPOS="2155" WIDTH="45"/>
						<String ID="P22_ST00167" HPOS="539" VPOS="2114" WIDTH="169" HEIGHT="47" CONTENT="mieux," WC="0.98" CC="030733"/>
						<SP ID="P22_SP00134" HPOS="708" VPOS="2161" WIDTH="47"/>
						<String ID="P22_ST00168" HPOS="755" VPOS="2124" WIDTH="47" HEIGHT="33" CONTENT="et" WC="1.00" CC="00"/>
						<SP ID="P22_SP00135" HPOS="802" VPOS="2161" WIDTH="42"/>
						<String ID="P22_ST00169" HPOS="844" VPOS="2130" WIDTH="121" HEIGHT="35" CONTENT="pour" WC="1.00" CC="0000"/>
						<SP ID="P22_SP00136" HPOS="965" VPOS="2165" WIDTH="42"/>
						<String ID="P22_ST00170" HPOS="1007" VPOS="2130" WIDTH="66" HEIGHT="32" CONTENT="ce," WC="0.96" CC="450"/>
						<SP ID="P22_SP00137" HPOS="1073" VPOS="2165" WIDTH="48"/>
						<String ID="P22_ST00171" HPOS="1121" VPOS="2112" WIDTH="296" HEIGHT="49" CONTENT="distillons-le" WC="0.99" CC="7850086883672"/>
					</TextLine>
					<TextLine ID="P22_TL00033" HPOS="216" VPOS="2172" WIDTH="1200" HEIGHT="56">
						<String ID="P22_ST00172" HPOS="216" VPOS="2190" WIDTH="78" HEIGHT="25" CONTENT="sur" WC="0.97" CC="600"/>
						<SP ID="P22_SP00138" HPOS="294" VPOS="2215" WIDTH="28"/>
						<String ID="P22_ST00173" HPOS="322" VPOS="2172" WIDTH="42" HEIGHT="43" CONTENT="le" WC="0.69" CC="60"/>
						<SP ID="P22_SP00139" HPOS="364" VPOS="2215" WIDTH="29"/>
						<String ID="P22_ST00174" HPOS="393" VPOS="2190" WIDTH="190" HEIGHT="27" CONTENT="carreau" WC="0.98" CC="4055209"/>
						<SP ID="P22_SP00140" HPOS="583" VPOS="2217" WIDTH="32"/>
						<String ID="P22_ST00175" HPOS="615" VPOS="2174" WIDTH="60" HEIGHT="44" CONTENT="de" WC="0.25" CC="94"/>
						<SP ID="P22_SP00141" HPOS="675" VPOS="2218" WIDTH="28"/>
						<String ID="P22_ST00176" HPOS="703" VPOS="2173" WIDTH="44" HEIGHT="45" CONTENT="la" WC="0.68" CC="60"/>
						<SP ID="P22_SP00142" HPOS="747" VPOS="2218" WIDTH="29"/>
						<String ID="P22_ST00177" HPOS="776" VPOS="2177" WIDTH="125" HEIGHT="42" CONTENT="mine" WC="0.99" CC="0600"/>
						<SP ID="P22_SP00143" HPOS="901" VPOS="2219" WIDTH="39"/>
						<String ID="P22_ST00178" HPOS="940" VPOS="2175" WIDTH="45" HEIGHT="53" CONTENT="(1" WC="0.47" CC="56"/>
						<SP ID="P22_SP00144" HPOS="985" VPOS="2228" WIDTH="21"/>
						<String ID="P22_ST00179" HPOS="1006" VPOS="2175" WIDTH="39" HEIGHT="52" CONTENT=")," WC="0.73" CC="32"/>
						<SP ID="P22_SP00145" HPOS="1045" VPOS="2228" WIDTH="35"/>
						<String ID="P22_ST00180" HPOS="1080" VPOS="2191" WIDTH="114" HEIGHT="28" CONTENT="avec" WC="0.97" CC="3036"/>
						<SP ID="P22_SP00146" HPOS="1194" VPOS="2228" WIDTH="32"/>
						<String ID="P22_ST00181" HPOS="1226" VPOS="2176" WIDTH="42" HEIGHT="44" CONTENT="le" WC="0.93" CC="10"/>
						<SP ID="P22_SP00147" HPOS="1268" VPOS="2228" WIDTH="29"/>
						<String ID="P22_ST00182" HPOS="1297" VPOS="2176" WIDTH="119" HEIGHT="44" CONTENT="coke" WC="0.97" CC="3505"/>
					</TextLine>
				</TextBlock>
				<TextBlock ID="P22_TB00006" HPOS="211" VPOS="2292" WIDTH="1209" HEIGHT="490" STYLEREFS="TXT_4 PAR_BLOCK">
					<TextLine ID="P22_TL00034" HPOS="281" VPOS="2295" WIDTH="1135" HEIGHT="58">
						<String ID="P22_ST00183" HPOS="281" VPOS="2295" WIDTH="65" HEIGHT="56" CONTENT="(1)" WC="0.26" CC="876"/>
						<SP ID="P22_SP00148" HPOS="346" VPOS="2351" WIDTH="40"/>
						<String ID="P22_ST00184" HPOS="386" VPOS="2295" WIDTH="115" HEIGHT="45" CONTENT="C'est" WC="0.97" CC="64206"/>
						<SP ID="P22_SP00149" HPOS="501" VPOS="2351" WIDTH="27"/>
						<String ID="P22_ST00185" HPOS="528" VPOS="2314" WIDTH="48" HEIGHT="26" CONTENT="en" WC="0.90" CC="01"/>
						<SP ID="P22_SP00150" HPOS="576" VPOS="2351" WIDTH="28"/>
						<String ID="P22_ST00186" HPOS="604" VPOS="2314" WIDTH="150" HEIGHT="28" CONTENT="somme" WC="0.96" CC="57676"/>
						<SP ID="P22_SP00151" HPOS="754" VPOS="2351" WIDTH="28"/>
						<String ID="P22_ST00187" HPOS="782" VPOS="2297" WIDTH="38" HEIGHT="45" CONTENT="le" WC="0.30" CC="67"/>
						<SP ID="P22_SP00152" HPOS="820" VPOS="2351" WIDTH="26"/>
						<String ID="P22_ST00188" HPOS="846" VPOS="2300" WIDTH="128" HEIGHT="42" CONTENT="même" WC="0.95" CC="4775"/>
						<SP ID="P22_SP00153" HPOS="974" VPOS="2351" WIDTH="28"/>
						<String ID="P22_ST00189" HPOS="1002" VPOS="2300" WIDTH="179" HEIGHT="53" CONTENT="principe" WC="0.98" CC="64576550"/>
						<SP ID="P22_SP00154" HPOS="1181" VPOS="2353" WIDTH="30"/>
						<String ID="P22_ST00190" HPOS="1211" VPOS="2316" WIDTH="75" HEIGHT="35" CONTENT="que" WC="0.95" CC="092"/>
						<SP ID="P22_SP00155" HPOS="1286" VPOS="2353" WIDTH="29"/>
						<String ID="P22_ST00191" HPOS="1315" VPOS="2316" WIDTH="101" HEIGHT="37" CONTENT="pour" WC="0.96" CC="0665"/>
					</TextLine>
					<TextLine ID="P22_TL00035" HPOS="216" VPOS="2357" WIDTH="1201" HEIGHT="55">
						<String ID="P22_ST00192" HPOS="216" VPOS="2357" WIDTH="40" HEIGHT="44" CONTENT="la" WC="0.72" CC="41"/>
						<SP ID="P22_SP00156" HPOS="256" VPOS="2401" WIDTH="40"/>
						<String ID="P22_ST00193" HPOS="296" VPOS="2357" WIDTH="111" HEIGHT="46" CONTENT="force" WC="0.96" CC="67650"/>
						<SP ID="P22_SP00157" HPOS="407" VPOS="2403" WIDTH="36"/>
						<String ID="P22_ST00194" HPOS="443" VPOS="2357" WIDTH="291" HEIGHT="55" CONTENT="hydraulique;" WC="0.99" CC="606203002946"/>
						<SP ID="P22_SP00158" HPOS="734" VPOS="2412" WIDTH="37"/>
						<String ID="P22_ST00195" HPOS="771" VPOS="2359" WIDTH="28" HEIGHT="45" CONTENT="il" WC="0.66" CC="42"/>
						<SP ID="P22_SP00159" HPOS="799" VPOS="2412" WIDTH="35"/>
						<String ID="P22_ST00196" HPOS="834" VPOS="2377" WIDTH="51" HEIGHT="27" CONTENT="ne" WC="0.50" CC="90"/>
						<SP ID="P22_SP00160" HPOS="885" VPOS="2412" WIDTH="32"/>
						<String ID="P22_ST00197" HPOS="917" VPOS="2359" WIDTH="198" HEIGHT="47" CONTENT="viendrait" WC="0.98" CC="132978057"/>
						<SP ID="P22_SP00161" HPOS="1115" VPOS="2412" WIDTH="35"/>
						<String ID="P22_ST00198" HPOS="1150" VPOS="2364" WIDTH="23" HEIGHT="41" CONTENT="à" WC="0.30" CC="6"/>
						<SP ID="P22_SP00162" HPOS="1173" VPOS="2412" WIDTH="36"/>
						<String ID="P22_ST00199" HPOS="1209" VPOS="2360" WIDTH="121" HEIGHT="46" CONTENT="l'idée" WC="0.97" CC="615976"/>
						<SP ID="P22_SP00163" HPOS="1330" VPOS="2412" WIDTH="36"/>
						<String ID="P22_ST00200" HPOS="1366" VPOS="2361" WIDTH="51" HEIGHT="45" CONTENT="de" WC="1.00" CC="00"/>
					</TextLine>
					<TextLine ID="P22_TL00036" HPOS="214" VPOS="2419" WIDTH="1203" HEIGHT="57">
						<String ID="P22_ST00201" HPOS="214" VPOS="2437" WIDTH="195" HEIGHT="36" CONTENT="personne" WC="0.97" CC="85579970"/>
						<SP ID="P22_SP00164" HPOS="409" VPOS="2473" WIDTH="31"/>
						<String ID="P22_ST00202" HPOS="440" VPOS="2419" WIDTH="50" HEIGHT="45" CONTENT="de" WC="0.57" CC="08"/>
						<SP ID="P22_SP00165" HPOS="490" VPOS="2473" WIDTH="30"/>
						<String ID="P22_ST00203" HPOS="520" VPOS="2431" WIDTH="243" HEIGHT="43" CONTENT="transporter" WC="0.99" CC="00007400668"/>
						<SP ID="P22_SP00166" HPOS="763" VPOS="2474" WIDTH="26"/>
						<String ID="P22_ST00204" HPOS="789" VPOS="2422" WIDTH="40" HEIGHT="44" CONTENT="le" WC="0.29" CC="58"/>
						<SP ID="P22_SP00167" HPOS="829" VPOS="2474" WIDTH="29"/>
						<String ID="P22_ST00205" HPOS="858" VPOS="2422" WIDTH="147" HEIGHT="45" CONTENT="Rhône" WC="0.98" CC="06702"/>
						<SP ID="P22_SP00168" HPOS="1005" VPOS="2474" WIDTH="29"/>
						<String ID="P22_ST00206" HPOS="1034" VPOS="2426" WIDTH="24" HEIGHT="40" CONTENT="à" WC="0.33" CC="6"/>
						<SP ID="P22_SP00169" HPOS="1058" VPOS="2474" WIDTH="31"/>
						<String ID="P22_ST00207" HPOS="1089" VPOS="2422" WIDTH="118" HEIGHT="45" CONTENT="Paris" WC="0.98" CC="07622"/>
						<SP ID="P22_SP00170" HPOS="1207" VPOS="2474" WIDTH="28"/>
						<String ID="P22_ST00208" HPOS="1235" VPOS="2441" WIDTH="75" HEIGHT="35" CONTENT="par" WC="0.96" CC="009"/>
						<SP ID="P22_SP00171" HPOS="1310" VPOS="2476" WIDTH="30"/>
						<String ID="P22_ST00209" HPOS="1340" VPOS="2441" WIDTH="77" HEIGHT="27" CONTENT="une" WC="0.90" CC="969"/>
					</TextLine>
					<TextLine ID="P22_TL00037" HPOS="214" VPOS="2481" WIDTH="1202" HEIGHT="58">
						<String ID="P22_ST00210" HPOS="214" VPOS="2481" WIDTH="266" HEIGHT="45" CONTENT="canalisation" WC="0.99" CC="555070407699"/>
						<SP ID="P22_SP00172" HPOS="480" VPOS="2526" WIDTH="37"/>
						<String ID="P22_ST00211" HPOS="517" VPOS="2481" WIDTH="137" HEIGHT="51" CONTENT="d'eau," WC="0.97" CC="043987"/>
						<SP ID="P22_SP00173" HPOS="654" VPOS="2532" WIDTH="38"/>
						<String ID="P22_ST00212" HPOS="692" VPOS="2483" WIDTH="192" HEIGHT="45" CONTENT="d'établir" WC="0.98" CC="937007124"/>
						<SP ID="P22_SP00174" HPOS="884" VPOS="2532" WIDTH="33"/>
						<String ID="P22_ST00213" HPOS="917" VPOS="2483" WIDTH="102" HEIGHT="46" CONTENT="dans" WC="0.95" CC="9244"/>
						<SP ID="P22_SP00175" HPOS="1019" VPOS="2532" WIDTH="36"/>
						<String ID="P22_ST00214" HPOS="1055" VPOS="2485" WIDTH="39" HEIGHT="43" CONTENT="la" WC="0.60" CC="52"/>
						<SP ID="P22_SP00176" HPOS="1094" VPOS="2532" WIDTH="36"/>
						<String ID="P22_ST00215" HPOS="1130" VPOS="2486" WIDTH="176" HEIGHT="53" CONTENT="capitale" WC="0.99" CC="60025064"/>
						<SP ID="P22_SP00177" HPOS="1306" VPOS="2539" WIDTH="33"/>
						<String ID="P22_ST00216" HPOS="1339" VPOS="2504" WIDTH="77" HEIGHT="26" CONTENT="une" WC="0.91" CC="957"/>
					</TextLine>
					<TextLine ID="P22_TL00038" HPOS="214" VPOS="2542" WIDTH="1200" HEIGHT="58">
						<String ID="P22_ST00217" HPOS="214" VPOS="2542" WIDTH="122" HEIGHT="45" CONTENT="chute" WC="0.99" CC="00070"/>
						<SP ID="P22_SP00178" HPOS="336" VPOS="2587" WIDTH="42"/>
						<String ID="P22_ST00218" HPOS="378" VPOS="2544" WIDTH="226" HEIGHT="45" CONTENT="artificielle" WC="0.99" CC="004566054260"/>
						<SP ID="P22_SP00179" HPOS="604" VPOS="2589" WIDTH="41"/>
						<String ID="P22_ST00219" HPOS="645" VPOS="2546" WIDTH="234" HEIGHT="44" CONTENT="actionnant" WC="0.98" CC="0065768770"/>
						<SP ID="P22_SP00180" HPOS="879" VPOS="2590" WIDTH="38"/>
						<String ID="P22_ST00220" HPOS="917" VPOS="2563" WIDTH="79" HEIGHT="28" CONTENT="une" WC="0.93" CC="970"/>
						<SP ID="P22_SP00181" HPOS="996" VPOS="2591" WIDTH="39"/>
						<String ID="P22_ST00221" HPOS="1035" VPOS="2547" WIDTH="110" HEIGHT="44" CONTENT="usine" WC="0.99" CC="00600"/>
						<SP ID="P22_SP00182" HPOS="1145" VPOS="2591" WIDTH="43"/>
						<String ID="P22_ST00222" HPOS="1188" VPOS="2546" WIDTH="226" HEIGHT="54" CONTENT="électrique," WC="0.98" CC="76807577084"/>
					</TextLine>
					<TextLine ID="P22_TL00039" HPOS="218" VPOS="2605" WIDTH="1198" HEIGHT="57">
						<String ID="P22_ST00223" HPOS="218" VPOS="2605" WIDTH="104" HEIGHT="44" CONTENT="alors" WC="0.96" CC="86907"/>
						<SP ID="P22_SP00183" HPOS="322" VPOS="2649" WIDTH="29"/>
						<String ID="P22_ST00224" HPOS="351" VPOS="2608" WIDTH="23" HEIGHT="41" CONTENT="à" WC="0.38" CC="6"/>
						<SP ID="P22_SP00184" HPOS="374" VPOS="2649" WIDTH="30"/>
						<String ID="P22_ST00225" HPOS="404" VPOS="2608" WIDTH="93" HEIGHT="51" CONTENT="quoi" WC="0.97" CC="0067"/>
						<SP ID="P22_SP00185" HPOS="497" VPOS="2659" WIDTH="32"/>
						<String ID="P22_ST00226" HPOS="529" VPOS="2608" WIDTH="141" HEIGHT="43" CONTENT="riment" WC="0.98" CC="014580"/>
						<SP ID="P22_SP00186" HPOS="670" VPOS="2659" WIDTH="26"/>
						<String ID="P22_ST00227" HPOS="696" VPOS="2625" WIDTH="66" HEIGHT="27" CONTENT="ces" WC="0.96" CC="045"/>
						<SP ID="P22_SP00187" HPOS="762" VPOS="2659" WIDTH="27"/>
						<String ID="P22_ST00228" HPOS="789" VPOS="2607" WIDTH="196" HEIGHT="45" CONTENT="centrales" WC="0.98" CC="690076473"/>
						<SP ID="P22_SP00188" HPOS="985" VPOS="2659" WIDTH="28"/>
						<String ID="P22_ST00229" HPOS="1013" VPOS="2610" WIDTH="240" HEIGHT="52" CONTENT="parisiennes" WC="0.99" CC="04444170936"/>
						<SP ID="P22_SP00189" HPOS="1253" VPOS="2662" WIDTH="28"/>
						<String ID="P22_ST00230" HPOS="1281" VPOS="2610" WIDTH="135" HEIGHT="52" CONTENT="région" WC="0.96" CC="993669"/>
					</TextLine>
					<TextLine ID="P22_TL00040" HPOS="216" VPOS="2667" WIDTH="1202" HEIGHT="55">
						<String ID="P22_ST00231" HPOS="216" VPOS="2669" WIDTH="55" HEIGHT="42" CONTENT="où" WC="0.10" CC="97"/>
						<SP ID="P22_SP00190" HPOS="271" VPOS="2711" WIDTH="33"/>
						<String ID="P22_ST00232" HPOS="304" VPOS="2667" WIDTH="27" HEIGHT="44" CONTENT="il" WC="0.22" CC="87"/>
						<SP ID="P22_SP00191" HPOS="331" VPOS="2711" WIDTH="36"/>
						<String ID="P22_ST00233" HPOS="367" VPOS="2667" WIDTH="70" HEIGHT="54" CONTENT="n'y" WC="0.94" CC="941"/>
						<SP ID="P22_SP00192" HPOS="437" VPOS="2721" WIDTH="38"/>
						<String ID="P22_ST00234" HPOS="475" VPOS="2686" WIDTH="21" HEIGHT="25" CONTENT="a" WC="1.00" CC="0"/>
						<SP ID="P22_SP00193" HPOS="496" VPOS="2721" WIDTH="36"/>
						<String ID="P22_ST00235" HPOS="532" VPOS="2685" WIDTH="72" HEIGHT="36" CONTENT="pas" WC="0.94" CC="707"/>
						<SP ID="P22_SP00194" HPOS="604" VPOS="2721" WIDTH="38"/>
						<String ID="P22_ST00236" HPOS="642" VPOS="2687" WIDTH="52" HEIGHT="26" CONTENT="ou" WC="1.00" CC="00"/>
						<SP ID="P22_SP00195" HPOS="694" VPOS="2721" WIDTH="33"/>
						<String ID="P22_ST00237" HPOS="727" VPOS="2686" WIDTH="185" HEIGHT="36" CONTENT="presque," WC="0.97" CC="08765965"/>
						<SP ID="P22_SP00196" HPOS="912" VPOS="2722" WIDTH="40"/>
						<String ID="P22_ST00238" HPOS="952" VPOS="2668" WIDTH="49" HEIGHT="46" CONTENT="de" WC="0.13" CC="97"/>
						<SP ID="P22_SP00197" HPOS="1001" VPOS="2722" WIDTH="39"/>
						<String ID="P22_ST00239" HPOS="1040" VPOS="2669" WIDTH="131" HEIGHT="45" CONTENT="forces" WC="0.96" CC="677995"/>
						<SP ID="P22_SP00198" HPOS="1171" VPOS="2722" WIDTH="34"/>
						<String ID="P22_ST00240" HPOS="1205" VPOS="2671" WIDTH="213" HEIGHT="45" CONTENT="naturelles" WC="0.97" CC="8798868097"/>
					</TextLine>
					<TextLine ID="P22_TL00041" HPOS="211" VPOS="2728" WIDTH="262" HEIGHT="54">
						<String ID="P22_ST00241" HPOS="211" VPOS="2728" WIDTH="262" HEIGHT="54" CONTENT="disponibles." WC="0.99" CC="732090682974"/>
					</TextLine>
				</TextBlock>
				<TextBlock ID="P22_TB00007" HPOS="1486" VPOS="442" WIDTH="1210" HEIGHT="2038" STYLEREFS="TXT_4 PAR_BLOCK">
					<TextLine ID="P22_TL00042" HPOS="1496" VPOS="442" WIDTH="1200" HEIGHT="56">
						<String ID="P22_ST00242" HPOS="1496" VPOS="442" WIDTH="175" HEIGHT="44" CONTENT="faisons" WC="0.99" CC="0009000"/>
						<SP ID="P22_SP00199" HPOS="1671" VPOS="486" WIDTH="37"/>
						<String ID="P22_ST00243" HPOS="1708" VPOS="443" WIDTH="63" HEIGHT="44" CONTENT="du" WC="1.00" CC="00"/>
						<SP ID="P22_SP00200" HPOS="1771" VPOS="487" WIDTH="34"/>
						<String ID="P22_ST00244" HPOS="1805" VPOS="461" WIDTH="87" HEIGHT="35" CONTENT="gaz" WC="0.99" CC="001"/>
						<SP ID="P22_SP00201" HPOS="1892" VPOS="496" WIDTH="35"/>
						<String ID="P22_ST00245" HPOS="1927" VPOS="447" WIDTH="30" HEIGHT="41" CONTENT="à" WC="0.45" CC="5"/>
						<SP ID="P22_SP00202" HPOS="1957" VPOS="496" WIDTH="35"/>
						<String ID="P22_ST00246" HPOS="1992" VPOS="444" WIDTH="136" HEIGHT="50" CONTENT="l'eau," WC="0.98" CC="200094"/>
						<SP ID="P22_SP00203" HPOS="2128" VPOS="496" WIDTH="38"/>
						<String ID="P22_ST00247" HPOS="2166" VPOS="445" WIDTH="64" HEIGHT="45" CONTENT="du" WC="0.50" CC="90"/>
						<SP ID="P22_SP00204" HPOS="2230" VPOS="496" WIDTH="35"/>
						<String ID="P22_ST00248" HPOS="2265" VPOS="462" WIDTH="88" HEIGHT="36" CONTENT="gaz" WC="0.98" CC="040"/>
						<SP ID="P22_SP00205" HPOS="2353" VPOS="498" WIDTH="34"/>
						<String ID="P22_ST00249" HPOS="2387" VPOS="444" WIDTH="126" HEIGHT="46" CONTENT="riche" WC="0.97" CC="32066"/>
						<SP ID="P22_SP00206" HPOS="2513" VPOS="498" WIDTH="34"/>
						<String ID="P22_ST00250" HPOS="2547" VPOS="447" WIDTH="149" HEIGHT="42" CONTENT="tirons" WC="0.97" CC="006479"/>
					</TextLine>
					<TextLine ID="P22_TL00043" HPOS="1497" VPOS="505" WIDTH="1195" HEIGHT="56">
						<String ID="P22_ST00251" HPOS="1497" VPOS="519" WIDTH="100" HEIGHT="33" CONTENT="tout" WC="0.98" CC="0260"/>
						<SP ID="P22_SP00207" HPOS="1597" VPOS="552" WIDTH="29"/>
						<String ID="P22_ST00252" HPOS="1626" VPOS="523" WIDTH="53" HEIGHT="25" CONTENT="ce" WC="0.80" CC="40"/>
						<SP ID="P22_SP00208" HPOS="1679" VPOS="552" WIDTH="29"/>
						<String ID="P22_ST00253" HPOS="1708" VPOS="505" WIDTH="109" HEIGHT="53" CONTENT="qu'il" WC="0.97" CC="70466"/>
						<SP ID="P22_SP00209" HPOS="1817" VPOS="558" WIDTH="31"/>
						<String ID="P22_ST00254" HPOS="1848" VPOS="518" WIDTH="69" HEIGHT="32" CONTENT="est" WC="1.00" CC="000"/>
						<SP ID="P22_SP00210" HPOS="1917" VPOS="558" WIDTH="28"/>
						<String ID="P22_ST00255" HPOS="1945" VPOS="507" WIDTH="206" HEIGHT="52" CONTENT="possible" WC="0.99" CC="00002710"/>
						<SP ID="P22_SP00211" HPOS="2151" VPOS="559" WIDTH="29"/>
						<String ID="P22_ST00256" HPOS="2180" VPOS="520" WIDTH="47" HEIGHT="32" CONTENT="et" WC="1.00" CC="00"/>
						<SP ID="P22_SP00212" HPOS="2227" VPOS="559" WIDTH="29"/>
						<String ID="P22_ST00257" HPOS="2256" VPOS="524" WIDTH="117" HEIGHT="27" CONTENT="avec" WC="1.00" CC="0000"/>
						<SP ID="P22_SP00213" HPOS="2373" VPOS="559" WIDTH="30"/>
						<String ID="P22_ST00258" HPOS="2403" VPOS="507" WIDTH="43" HEIGHT="47" CONTENT="le" WC="0.94" CC="10"/>
						<SP ID="P22_SP00214" HPOS="2446" VPOS="559" WIDTH="28"/>
						<String ID="P22_ST00259" HPOS="2474" VPOS="507" WIDTH="218" HEIGHT="54" CONTENT="mélange" WC="0.98" CC="0335009"/>
					</TextLine>
					<TextLine ID="P22_TL00044" HPOS="1497" VPOS="567" WIDTH="1194" HEIGHT="56">
						<String ID="P22_ST00260" HPOS="1497" VPOS="567" WIDTH="58" HEIGHT="44" CONTENT="de" WC="0.50" CC="90"/>
						<SP ID="P22_SP00215" HPOS="1555" VPOS="611" WIDTH="30"/>
						<String ID="P22_ST00261" HPOS="1585" VPOS="585" WIDTH="50" HEIGHT="24" CONTENT="ce" WC="0.98" CC="00"/>
						<SP ID="P22_SP00216" HPOS="1635" VPOS="611" WIDTH="28"/>
						<String ID="P22_ST00262" HPOS="1663" VPOS="585" WIDTH="85" HEIGHT="35" CONTENT="gaz" WC="0.94" CC="950"/>
						<SP ID="P22_SP00217" HPOS="1748" VPOS="620" WIDTH="28"/>
						<String ID="P22_ST00263" HPOS="1776" VPOS="572" WIDTH="232" HEIGHT="48" CONTENT="appauvri" WC="0.99" CC="50000023"/>
						<SP ID="P22_SP00218" HPOS="2008" VPOS="620" WIDTH="26"/>
						<String ID="P22_ST00264" HPOS="2034" VPOS="584" WIDTH="47" HEIGHT="32" CONTENT="et" WC="1.00" CC="00"/>
						<SP ID="P22_SP00219" HPOS="2081" VPOS="620" WIDTH="28"/>
						<String ID="P22_ST00265" HPOS="2109" VPOS="569" WIDTH="62" HEIGHT="44" CONTENT="du" WC="0.50" CC="09"/>
						<SP ID="P22_SP00220" HPOS="2171" VPOS="620" WIDTH="26"/>
						<String ID="P22_ST00266" HPOS="2197" VPOS="587" WIDTH="86" HEIGHT="36" CONTENT="gaz" WC="0.98" CC="006"/>
						<SP ID="P22_SP00221" HPOS="2283" VPOS="623" WIDTH="27"/>
						<String ID="P22_ST00267" HPOS="2310" VPOS="573" WIDTH="27" HEIGHT="40" CONTENT="à" WC="0.49" CC="5"/>
						<SP ID="P22_SP00222" HPOS="2337" VPOS="623" WIDTH="29"/>
						<String ID="P22_ST00268" HPOS="2366" VPOS="568" WIDTH="120" HEIGHT="46" CONTENT="l'eau" WC="0.99" CC="44000"/>
						<SP ID="P22_SP00223" HPOS="2486" VPOS="623" WIDTH="28"/>
						<String ID="P22_ST00269" HPOS="2514" VPOS="573" WIDTH="152" HEIGHT="42" CONTENT="action" SUBS_TYPE="HypPart1" SUBS_CONTENT="actionnons" WC="0.99" CC="000008"/>
						<HYP HPOS="2666" VPOS="573" WIDTH="25" CONTENT="-"/>
					</TextLine>
					<TextLine ID="P22_TL00045" HPOS="1494" VPOS="629" WIDTH="1198" HEIGHT="55">
						<String ID="P22_ST00270" HPOS="1494" VPOS="646" WIDTH="119" HEIGHT="26" CONTENT="nons" SUBS_TYPE="HypPart2" SUBS_CONTENT="actionnons" WC="0.96" CC="6380"/>
						<SP ID="P22_SP00224" HPOS="1613" VPOS="672" WIDTH="38"/>
						<String ID="P22_ST00271" HPOS="1651" VPOS="629" WIDTH="81" HEIGHT="43" CONTENT="des" WC="0.96" CC="900"/>
						<SP ID="P22_SP00225" HPOS="1732" VPOS="672" WIDTH="39"/>
						<String ID="P22_ST00272" HPOS="1771" VPOS="629" WIDTH="232" HEIGHT="53" CONTENT="dynamos" WC="1.00" CC="0500010"/>
						<SP ID="P22_SP00226" HPOS="2003" VPOS="682" WIDTH="33"/>
						<String ID="P22_ST00273" HPOS="2036" VPOS="648" WIDTH="120" HEIGHT="34" CONTENT="pour" WC="1.00" CC="0000"/>
						<SP ID="P22_SP00227" HPOS="2156" VPOS="682" WIDTH="33"/>
						<String ID="P22_ST00274" HPOS="2189" VPOS="641" WIDTH="207" HEIGHT="34" CONTENT="moteurs" WC="1.00" CC="0000030"/>
						<SP ID="P22_SP00228" HPOS="2396" VPOS="682" WIDTH="34"/>
						<String ID="P22_ST00275" HPOS="2430" VPOS="634" WIDTH="262" HEIGHT="50" CONTENT="interposés" WC="0.99" CC="4000700977"/>
					</TextLine>
					<TextLine ID="P22_TL00046" HPOS="1493" VPOS="690" WIDTH="1200" HEIGHT="57">
						<String ID="P22_ST00276" HPOS="1493" VPOS="690" WIDTH="109" HEIGHT="45" CONTENT="bien" WC="0.97" CC="0905"/>
						<SP ID="P22_SP00229" HPOS="1602" VPOS="735" WIDTH="41"/>
						<String ID="P22_ST00277" HPOS="1643" VPOS="691" WIDTH="226" HEIGHT="49" CONTENT="entendu;" WC="0.99" CC="06000006"/>
						<SP ID="P22_SP00230" HPOS="1869" VPOS="740" WIDTH="41"/>
						<String ID="P22_ST00278" HPOS="1910" VPOS="710" WIDTH="52" HEIGHT="25" CONTENT="ce" WC="1.00" CC="00"/>
						<SP ID="P22_SP00231" HPOS="1962" VPOS="740" WIDTH="39"/>
						<String ID="P22_ST00279" HPOS="2001" VPOS="692" WIDTH="85" HEIGHT="44" CONTENT="fait" WC="0.99" CC="6000"/>
						<SP ID="P22_SP00232" HPOS="2086" VPOS="740" WIDTH="34"/>
						<String ID="P22_ST00280" HPOS="2120" VPOS="693" WIDTH="96" HEIGHT="44" CONTENT="seul" WC="0.98" CC="2051"/>
						<SP ID="P22_SP00233" HPOS="2216" VPOS="740" WIDTH="36"/>
						<String ID="P22_ST00281" HPOS="2252" VPOS="712" WIDTH="27" HEIGHT="25" CONTENT="a" WC="1.00" CC="0"/>
						<SP ID="P22_SP00234" HPOS="2279" VPOS="740" WIDTH="40"/>
						<String ID="P22_ST00282" HPOS="2319" VPOS="694" WIDTH="110" HEIGHT="53" CONTENT="déjà" WC="0.97" CC="0654"/>
						<SP ID="P22_SP00235" HPOS="2429" VPOS="747" WIDTH="36"/>
						<String ID="P22_ST00283" HPOS="2465" VPOS="711" WIDTH="120" HEIGHT="36" CONTENT="pour" WC="0.99" CC="0006"/>
						<SP ID="P22_SP00236" HPOS="2585" VPOS="747" WIDTH="35"/>
						<String ID="P22_ST00284" HPOS="2620" VPOS="696" WIDTH="49" HEIGHT="40" CONTENT="ré" SUBS_TYPE="HypPart1" SUBS_CONTENT="résultat" WC="0.94" CC="80"/>
						<HYP HPOS="2669" VPOS="696" WIDTH="24" CONTENT="-"/>
					</TextLine>
					<TextLine ID="P22_TL00047" HPOS="1493" VPOS="752" WIDTH="1195" HEIGHT="57">
						<String ID="P22_ST00285" HPOS="1493" VPOS="753" WIDTH="141" HEIGHT="43" CONTENT="sultat" SUBS_TYPE="HypPart2" SUBS_CONTENT="résultat" WC="0.59" CC="593050"/>
						<SP ID="P22_SP00237" HPOS="1634" VPOS="796" WIDTH="29"/>
						<String ID="P22_ST00286" HPOS="1663" VPOS="752" WIDTH="206" HEIGHT="45" CONTENT="d'élever" WC="0.98" CC="00541916"/>
						<SP ID="P22_SP00238" HPOS="1869" VPOS="797" WIDTH="30"/>
						<String ID="P22_ST00287" HPOS="1899" VPOS="754" WIDTH="41" HEIGHT="43" CONTENT="le" WC="0.57" CC="80"/>
						<SP ID="P22_SP00239" HPOS="1940" VPOS="797" WIDTH="28"/>
						<String ID="P22_ST00288" HPOS="1968" VPOS="754" WIDTH="278" HEIGHT="45" CONTENT="rendement" WC="1.00" CC="000000000"/>
						<SP ID="P22_SP00240" HPOS="2246" VPOS="799" WIDTH="27"/>
						<String ID="P22_ST00289" HPOS="2273" VPOS="755" WIDTH="184" HEIGHT="54" CONTENT="jusqu'à" WC="0.98" CC="3060946"/>
						<SP ID="P22_SP00241" HPOS="2457" VPOS="809" WIDTH="31"/>
						<String ID="P22_ST00290" HPOS="2488" VPOS="756" WIDTH="63" HEIGHT="44" CONTENT="30" WC="0.93" CC="00"/>
						<SP ID="P22_SP00242" HPOS="2551" VPOS="809" WIDTH="29"/>
						<String ID="P22_ST00291" HPOS="2580" VPOS="773" WIDTH="108" HEIGHT="36" CONTENT="p.c.»" WC="0.65" CC="04147"/>
					</TextLine>
					<TextLine ID="P22_TL00048" HPOS="1493" VPOS="815" WIDTH="987" HEIGHT="56">
						<String ID="P22_ST00292" HPOS="1493" VPOS="815" WIDTH="26" HEIGHT="42" CONTENT="F" WC="0.24" CC="7"/>
						<SP ID="P22_SP00243" HPOS="1519" VPOS="857" WIDTH="9"/>
						<String ID="P22_ST00293" HPOS="1528" VPOS="818" WIDTH="127" HEIGHT="40" CONTENT="usine" WC="0.98" CC="30650"/>
						<SP ID="P22_SP00244" HPOS="1655" VPOS="858" WIDTH="34"/>
						<String ID="P22_ST00294" HPOS="1689" VPOS="815" WIDTH="329" HEIGHT="46" CONTENT="fonctionnant" WC="1.00" CC="150001503000"/>
						<SP ID="P22_SP00245" HPOS="2018" VPOS="861" WIDTH="34"/>
						<String ID="P22_ST00295" HPOS="2052" VPOS="819" WIDTH="26" HEIGHT="41" CONTENT="à" WC="0.34" CC="6"/>
						<SP ID="P22_SP00246" HPOS="2078" VPOS="861" WIDTH="33"/>
						<String ID="P22_ST00296" HPOS="2111" VPOS="815" WIDTH="154" HEIGHT="54" CONTENT="pleine" WC="0.99" CC="010600"/>
						<SP ID="P22_SP00247" HPOS="2265" VPOS="869" WIDTH="32"/>
						<String ID="P22_ST00297" HPOS="2297" VPOS="817" WIDTH="183" HEIGHT="54" CONTENT="charge." WC="0.99" CC="0700007"/>
					</TextLine>
					<TextLine ID="P22_TL00049" HPOS="1563" VPOS="901" WIDTH="1127" HEIGHT="56">
						<String ID="P22_ST00298" HPOS="1563" VPOS="901" WIDTH="62" HEIGHT="44" CONTENT="Le" WC="0.94" CC="10"/>
						<SP ID="P22_SP00248" HPOS="1625" VPOS="945" WIDTH="44"/>
						<String ID="P22_ST00299" HPOS="1669" VPOS="913" WIDTH="231" HEIGHT="41" CONTENT="transport" WC="0.99" CC="306700000"/>
						<SP ID="P22_SP00249" HPOS="1900" VPOS="954" WIDTH="41"/>
						<String ID="P22_ST00300" HPOS="1941" VPOS="905" WIDTH="129" HEIGHT="44" CONTENT="étant" WC="0.99" CC="08000"/>
						<SP ID="P22_SP00250" HPOS="2070" VPOS="954" WIDTH="40"/>
						<String ID="P22_ST00301" HPOS="2110" VPOS="903" WIDTH="85" HEIGHT="46" CONTENT="fait" WC="0.97" CC="5060"/>
						<SP ID="P22_SP00251" HPOS="2195" VPOS="954" WIDTH="39"/>
						<String ID="P22_ST00302" HPOS="2234" VPOS="906" WIDTH="456" HEIGHT="51" CONTENT="automatiquement" WC="1.00" CC="000000000000670"/>
					</TextLine>
					<TextLine ID="P22_TL00050" HPOS="1493" VPOS="963" WIDTH="1193" HEIGHT="54">
						<String ID="P22_ST00303" HPOS="1493" VPOS="981" WIDTH="85" HEIGHT="34" CONTENT="par" WC="0.95" CC="075"/>
						<SP ID="P22_SP00252" HPOS="1578" VPOS="1015" WIDTH="36"/>
						<String ID="P22_ST00304" HPOS="1614" VPOS="982" WIDTH="60" HEIGHT="24" CONTENT="un" WC="0.93" CC="10"/>
						<SP ID="P22_SP00253" HPOS="1674" VPOS="1015" WIDTH="37"/>
						<String ID="P22_ST00305" HPOS="1711" VPOS="963" WIDTH="49" HEIGHT="44" CONTENT="fil" WC="0.95" CC="480"/>
						<SP ID="P22_SP00254" HPOS="1760" VPOS="1015" WIDTH="37"/>
						<String ID="P22_ST00306" HPOS="1797" VPOS="982" WIDTH="58" HEIGHT="25" CONTENT="au" WC="1.00" CC="00"/>
						<SP ID="P22_SP00255" HPOS="1855" VPOS="1015" WIDTH="38"/>
						<String ID="P22_ST00307" HPOS="1893" VPOS="964" WIDTH="89" HEIGHT="44" CONTENT="lieu" WC="0.98" CC="5500"/>
						<SP ID="P22_SP00256" HPOS="1982" VPOS="1015" WIDTH="39"/>
						<String ID="P22_ST00308" HPOS="2021" VPOS="964" WIDTH="62" HEIGHT="44" CONTENT="de" WC="1.00" CC="00"/>
						<SP ID="P22_SP00257" HPOS="2083" VPOS="1015" WIDTH="34"/>
						<String ID="P22_ST00309" HPOS="2117" VPOS="964" WIDTH="133" HEIGHT="44" CONTENT="l'être" WC="0.98" CC="240009"/>
						<SP ID="P22_SP00258" HPOS="2250" VPOS="1015" WIDTH="33"/>
						<String ID="P22_ST00310" HPOS="2283" VPOS="983" WIDTH="87" HEIGHT="34" CONTENT="par" WC="0.98" CC="006"/>
						<SP ID="P22_SP00259" HPOS="2370" VPOS="1017" WIDTH="35"/>
						<String ID="P22_ST00311" HPOS="2405" VPOS="966" WIDTH="43" HEIGHT="43" CONTENT="le" WC="0.76" CC="40"/>
						<SP ID="P22_SP00260" HPOS="2448" VPOS="1017" WIDTH="34"/>
						<String ID="P22_ST00312" HPOS="2482" VPOS="965" WIDTH="97" HEIGHT="51" CONTENT="rail," WC="0.97" CC="30591"/>
						<SP ID="P22_SP00261" HPOS="2579" VPOS="1017" WIDTH="39"/>
						<String ID="P22_ST00313" HPOS="2618" VPOS="982" WIDTH="46" HEIGHT="27" CONTENT="re" SUBS_TYPE="HypPart1" SUBS_CONTENT="revient" WC="0.94" CC="64"/>
						<HYP HPOS="2664" VPOS="982" WIDTH="22" CONTENT="-"/>
					</TextLine>
					<TextLine ID="P22_TL00051" HPOS="1494" VPOS="1025" WIDTH="1120" HEIGHT="56">
						<String ID="P22_ST00314" HPOS="1494" VPOS="1028" WIDTH="128" HEIGHT="41" CONTENT="vient" SUBS_TYPE="HypPart2" SUBS_CONTENT="revient" WC="0.98" CC="06070"/>
						<SP ID="P22_SP00262" HPOS="1622" VPOS="1069" WIDTH="38"/>
						<String ID="P22_ST00315" HPOS="1660" VPOS="1025" WIDTH="321" HEIGHT="44" CONTENT="évidemment" WC="1.00" CC="4060000000"/>
						<SP ID="P22_SP00263" HPOS="1981" VPOS="1069" WIDTH="37"/>
						<String ID="P22_ST00316" HPOS="2018" VPOS="1025" WIDTH="247" HEIGHT="56" CONTENT="beaucoup" WC="1.00" CC="70000000"/>
						<SP ID="P22_SP00264" HPOS="2265" VPOS="1081" WIDTH="39"/>
						<String ID="P22_ST00317" HPOS="2304" VPOS="1029" WIDTH="151" HEIGHT="43" CONTENT="moins" WC="0.99" CC="00205"/>
						<SP ID="P22_SP00265" HPOS="2455" VPOS="1081" WIDTH="36"/>
						<String ID="P22_ST00318" HPOS="2491" VPOS="1027" WIDTH="123" HEIGHT="46" CONTENT="cher." WC="0.98" CC="07034"/>
					</TextLine>
					<TextLine ID="P22_TL00052" HPOS="1562" VPOS="1112" WIDTH="1125" HEIGHT="56">
						<String ID="P22_ST00319" HPOS="1562" VPOS="1112" WIDTH="122" HEIGHT="44" CONTENT="Pour" WC="0.98" CC="0405"/>
						<SP ID="P22_SP00266" HPOS="1684" VPOS="1156" WIDTH="33"/>
						<String ID="P22_ST00320" HPOS="1717" VPOS="1112" WIDTH="173" HEIGHT="45" CONTENT="utiliser" WC="0.98" CC="00462934"/>
						<SP ID="P22_SP00267" HPOS="1890" VPOS="1157" WIDTH="34"/>
						<String ID="P22_ST00321" HPOS="1924" VPOS="1124" WIDTH="103" HEIGHT="33" CONTENT="tous" WC="0.99" CC="0003"/>
						<SP ID="P22_SP00268" HPOS="2027" VPOS="1157" WIDTH="35"/>
						<String ID="P22_ST00322" HPOS="2062" VPOS="1113" WIDTH="64" HEIGHT="45" CONTENT="les" WC="1.00" CC="000"/>
						<SP ID="P22_SP00269" HPOS="2126" VPOS="1158" WIDTH="36"/>
						<String ID="P22_ST00323" HPOS="2162" VPOS="1123" WIDTH="218" HEIGHT="34" CONTENT="courants" WC="1.00" CC="03000000"/>
						<SP ID="P22_SP00270" HPOS="2380" VPOS="1158" WIDTH="36"/>
						<String ID="P22_ST00324" HPOS="2416" VPOS="1129" WIDTH="56" HEIGHT="30" CONTENT="en" WC="1.00" CC="00"/>
						<SP ID="P22_SP00271" HPOS="2472" VPOS="1159" WIDTH="36"/>
						<String ID="P22_ST00325" HPOS="2508" VPOS="1117" WIDTH="154" HEIGHT="51" CONTENT="suppri" SUBS_TYPE="HypPart1" SUBS_CONTENT="supprimant" WC="0.98" CC="900072"/>
						<HYP HPOS="2662" VPOS="1117" WIDTH="25" CONTENT="-"/>
					</TextLine>
					<TextLine ID="P22_TL00053" HPOS="1493" VPOS="1174" WIDTH="1198" HEIGHT="55">
						<String ID="P22_ST00326" HPOS="1493" VPOS="1187" WIDTH="131" HEIGHT="33" CONTENT="mant" SUBS_TYPE="HypPart2" SUBS_CONTENT="supprimant" WC="0.99" CC="6000"/>
						<SP ID="P22_SP00272" HPOS="1624" VPOS="1220" WIDTH="27"/>
						<String ID="P22_ST00327" HPOS="1651" VPOS="1175" WIDTH="41" HEIGHT="43" CONTENT="le" WC="0.72" CC="50"/>
						<SP ID="P22_SP00273" HPOS="1692" VPOS="1220" WIDTH="27"/>
						<String ID="P22_ST00328" HPOS="1719" VPOS="1174" WIDTH="104" HEIGHT="53" CONTENT="plus" WC="0.99" CC="0201"/>
						<SP ID="P22_SP00274" HPOS="1823" VPOS="1227" WIDTH="26"/>
						<String ID="P22_ST00329" HPOS="1849" VPOS="1175" WIDTH="206" HEIGHT="53" CONTENT="possible" WC="0.99" CC="00026730"/>
						<SP ID="P22_SP00275" HPOS="2055" VPOS="1228" WIDTH="29"/>
						<String ID="P22_ST00330" HPOS="2084" VPOS="1175" WIDTH="63" HEIGHT="44" CONTENT="les" WC="0.96" CC="504"/>
						<SP ID="P22_SP00276" HPOS="2147" VPOS="1228" WIDTH="27"/>
						<String ID="P22_ST00331" HPOS="2174" VPOS="1178" WIDTH="198" HEIGHT="51" CONTENT="pointes," WC="1.00" CC="10200140"/>
						<SP ID="P22_SP00277" HPOS="2372" VPOS="1229" WIDTH="34"/>
						<String ID="P22_ST00332" HPOS="2406" VPOS="1175" WIDTH="285" HEIGHT="46" CONTENT="électrifions" WC="0.76" CC="510005053007"/>
					</TextLine>
					<TextLine ID="P22_TL00054" HPOS="1495" VPOS="1239" WIDTH="1195" HEIGHT="51">
						<String ID="P22_ST00333" HPOS="1495" VPOS="1247" WIDTH="151" HEIGHT="34" CONTENT="toutes" WC="0.98" CC="049030"/>
						<SP ID="P22_SP00278" HPOS="1646" VPOS="1281" WIDTH="29"/>
						<String ID="P22_ST00334" HPOS="1675" VPOS="1254" WIDTH="86" HEIGHT="27" CONTENT="nos" WC="1.00" CC="000"/>
						<SP ID="P22_SP00279" HPOS="1761" VPOS="1281" WIDTH="26"/>
						<String ID="P22_ST00335" HPOS="1787" VPOS="1239" WIDTH="134" HEIGHT="42" CONTENT="voies" WC="0.99" CC="06020"/>
						<SP ID="P22_SP00280" HPOS="1921" VPOS="1281" WIDTH="24"/>
						<String ID="P22_ST00336" HPOS="1945" VPOS="1254" WIDTH="59" HEIGHT="27" CONTENT="en" WC="1.00" CC="00"/>
						<SP ID="P22_SP00281" HPOS="2004" VPOS="1281" WIDTH="30"/>
						<String ID="P22_ST00337" HPOS="2034" VPOS="1240" WIDTH="270" HEIGHT="50" CONTENT="organisant" WC="0.99" CC="0590044000"/>
						<SP ID="P22_SP00282" HPOS="2304" VPOS="1290" WIDTH="26"/>
						<String ID="P22_ST00338" HPOS="2330" VPOS="1239" WIDTH="43" HEIGHT="44" CONTENT="le" WC="1.00" CC="00"/>
						<SP ID="P22_SP00283" HPOS="2373" VPOS="1290" WIDTH="28"/>
						<String ID="P22_ST00339" HPOS="2401" VPOS="1241" WIDTH="174" HEIGHT="43" CONTENT="service" WC="0.99" CC="0061200"/>
						<SP ID="P22_SP00284" HPOS="2575" VPOS="1290" WIDTH="31"/>
						<String ID="P22_ST00340" HPOS="2606" VPOS="1240" WIDTH="84" HEIGHT="44" CONTENT="des" WC="0.94" CC="905"/>
					</TextLine>
					<TextLine ID="P22_TL00055" HPOS="1496" VPOS="1297" WIDTH="1194" HEIGHT="48">
						<String ID="P22_ST00341" HPOS="1496" VPOS="1302" WIDTH="142" HEIGHT="40" CONTENT="trains" WC="0.97" CC="790607"/>
						<SP ID="P22_SP00285" HPOS="1638" VPOS="1342" WIDTH="32"/>
						<String ID="P22_ST00342" HPOS="1670" VPOS="1316" WIDTH="54" HEIGHT="29" CONTENT="en" WC="1.00" CC="00"/>
						<SP ID="P22_SP00286" HPOS="1724" VPOS="1345" WIDTH="34"/>
						<String ID="P22_ST00343" HPOS="1758" VPOS="1297" WIDTH="245" HEIGHT="46" CONTENT="harmonie" WC="0.99" CC="70303060"/>
						<SP ID="P22_SP00287" HPOS="2003" VPOS="1345" WIDTH="34"/>
						<String ID="P22_ST00344" HPOS="2037" VPOS="1315" WIDTH="117" HEIGHT="28" CONTENT="avec" WC="0.99" CC="0003"/>
						<SP ID="P22_SP00288" HPOS="2154" VPOS="1345" WIDTH="35"/>
						<String ID="P22_ST00345" HPOS="2189" VPOS="1300" WIDTH="64" HEIGHT="45" CONTENT="les" WC="0.98" CC="500"/>
						<SP ID="P22_SP00289" HPOS="2253" VPOS="1345" WIDTH="32"/>
						<String ID="P22_ST00346" HPOS="2285" VPOS="1299" WIDTH="201" HEIGHT="46" CONTENT="courbes" WC="0.98" CC="0106723"/>
						<SP ID="P22_SP00290" HPOS="2486" VPOS="1345" WIDTH="34"/>
						<String ID="P22_ST00347" HPOS="2520" VPOS="1300" WIDTH="149" HEIGHT="45" CONTENT="d'utili" SUBS_TYPE="HypPart1" SUBS_CONTENT="d'utilisation" WC="0.99" CC="0400756"/>
						<HYP HPOS="2669" VPOS="1300" WIDTH="21" CONTENT="-"/>
					</TextLine>
					<TextLine ID="P22_TL00056" HPOS="1494" VPOS="1361" WIDTH="472" HEIGHT="43">
						<String ID="P22_ST00348" HPOS="1494" VPOS="1363" WIDTH="149" HEIGHT="40" CONTENT="sation" SUBS_TYPE="HypPart2" SUBS_CONTENT="d'utilisation" WC="0.98" CC="360055"/>
						<SP ID="P22_SP00291" HPOS="1643" VPOS="1403" WIDTH="29"/>
						<String ID="P22_ST00349" HPOS="1672" VPOS="1361" WIDTH="61" HEIGHT="42" CONTENT="du" WC="1.00" CC="00"/>
						<SP ID="P22_SP00292" HPOS="1733" VPOS="1403" WIDTH="26"/>
						<String ID="P22_ST00350" HPOS="1759" VPOS="1371" WIDTH="207" HEIGHT="33" CONTENT="courant." WC="1.00" CC="10000034"/>
					</TextLine>
					<TextLine ID="P22_TL00057" HPOS="1561" VPOS="1447" WIDTH="1124" HEIGHT="56">
						<String ID="P22_ST00351" HPOS="1561" VPOS="1447" WIDTH="57" HEIGHT="44" CONTENT="Et" WC="0.71" CC="50"/>
						<SP ID="P22_SP00293" HPOS="1618" VPOS="1491" WIDTH="24"/>
						<String ID="P22_ST00352" HPOS="1642" VPOS="1465" WIDTH="119" HEIGHT="34" CONTENT="pour" WC="0.98" CC="0007"/>
						<SP ID="P22_SP00294" HPOS="1761" VPOS="1499" WIDTH="24"/>
						<String ID="P22_ST00353" HPOS="1785" VPOS="1465" WIDTH="54" HEIGHT="25" CONTENT="ce" WC="0.75" CC="50"/>
						<SP ID="P22_SP00295" HPOS="1839" VPOS="1499" WIDTH="24"/>
						<String ID="P22_ST00354" HPOS="1863" VPOS="1450" WIDTH="75" HEIGHT="52" CONTENT="qui" WC="0.96" CC="404"/>
						<SP ID="P22_SP00296" HPOS="1938" VPOS="1502" WIDTH="26"/>
						<String ID="P22_ST00355" HPOS="1964" VPOS="1465" WIDTH="119" HEIGHT="26" CONTENT="nous" WC="0.98" CC="0009"/>
						<SP ID="P22_SP00297" HPOS="2083" VPOS="1502" WIDTH="22"/>
						<String ID="P22_ST00356" HPOS="2105" VPOS="1450" WIDTH="219" HEIGHT="43" CONTENT="intéresse" WC="0.99" CC="200650006"/>
						<SP ID="P22_SP00298" HPOS="2324" VPOS="1502" WIDTH="27"/>
						<String ID="P22_ST00357" HPOS="2351" VPOS="1448" WIDTH="60" HEIGHT="47" CONTENT="de" WC="0.96" CC="00"/>
						<SP ID="P22_SP00299" HPOS="2411" VPOS="1502" WIDTH="25"/>
						<String ID="P22_ST00358" HPOS="2436" VPOS="1447" WIDTH="102" HEIGHT="56" CONTENT="plus" WC="0.98" CC="0403"/>
						<SP ID="P22_SP00300" HPOS="2538" VPOS="1503" WIDTH="25"/>
						<String ID="P22_ST00359" HPOS="2563" VPOS="1452" WIDTH="122" HEIGHT="50" CONTENT="près," WC="0.96" CC="36664"/>
					</TextLine>
					<TextLine ID="P22_TL00058" HPOS="1493" VPOS="1509" WIDTH="1196" HEIGHT="55">
						<String ID="P22_ST00360" HPOS="1493" VPOS="1509" WIDTH="287" HEIGHT="43" CONTENT="c'est-à-dire" WC="0.99" CC="040007649490"/>
						<SP ID="P22_SP00301" HPOS="1780" VPOS="1552" WIDTH="34"/>
						<String ID="P22_ST00361" HPOS="1814" VPOS="1509" WIDTH="42" HEIGHT="44" CONTENT="le" WC="0.67" CC="60"/>
						<SP ID="P22_SP00302" HPOS="1856" VPOS="1553" WIDTH="35"/>
						<String ID="P22_ST00362" HPOS="1891" VPOS="1509" WIDTH="265" HEIGHT="54" CONTENT="chauffage," WC="1.00" CC="0500650000"/>
						<SP ID="P22_SP00303" HPOS="2156" VPOS="1563" WIDTH="39"/>
						<String ID="P22_ST00363" HPOS="2195" VPOS="1509" WIDTH="209" HEIGHT="46" CONTENT="utilisons" WC="0.99" CC="401370102"/>
						<SP ID="P22_SP00304" HPOS="2404" VPOS="1563" WIDTH="35"/>
						<String ID="P22_ST00364" HPOS="2439" VPOS="1511" WIDTH="66" HEIGHT="45" CONTENT="les" WC="0.97" CC="053"/>
						<SP ID="P22_SP00305" HPOS="2505" VPOS="1563" WIDTH="35"/>
						<String ID="P22_ST00365" HPOS="2540" VPOS="1528" WIDTH="120" HEIGHT="36" CONTENT="appa" SUBS_TYPE="HypPart1" SUBS_CONTENT="appareils" WC="0.99" CC="6000"/>
						<HYP HPOS="2660" VPOS="1528" WIDTH="29" CONTENT="-"/>
					</TextLine>
					<TextLine ID="P22_TL00059" HPOS="1494" VPOS="1571" WIDTH="1196" HEIGHT="54">
						<String ID="P22_ST00366" HPOS="1494" VPOS="1571" WIDTH="103" HEIGHT="43" CONTENT="reils" SUBS_TYPE="HypPart2" SUBS_CONTENT="appareils" WC="0.97" CC="50538"/>
						<SP ID="P22_SP00306" HPOS="1597" VPOS="1614" WIDTH="33"/>
						<String ID="P22_ST00367" HPOS="1630" VPOS="1575" WIDTH="26" HEIGHT="38" CONTENT="à" WC="0.63" CC="3"/>
						<SP ID="P22_SP00307" HPOS="1656" VPOS="1614" WIDTH="36"/>
						<String ID="P22_ST00368" HPOS="1692" VPOS="1571" WIDTH="342" HEIGHT="45" CONTENT="accumulation" WC="1.00" CC="630000300420"/>
						<SP ID="P22_SP00308" HPOS="2034" VPOS="1616" WIDTH="35"/>
						<String ID="P22_ST00369" HPOS="2069" VPOS="1582" WIDTH="287" HEIGHT="43" CONTENT="permettant" WC="1.00" CC="0460000000"/>
						<SP ID="P22_SP00309" HPOS="2356" VPOS="1625" WIDTH="35"/>
						<String ID="P22_ST00370" HPOS="2391" VPOS="1573" WIDTH="59" HEIGHT="44" CONTENT="de" WC="1.00" CC="00"/>
						<SP ID="P22_SP00310" HPOS="2450" VPOS="1625" WIDTH="34"/>
						<String ID="P22_ST00371" HPOS="2484" VPOS="1572" WIDTH="206" HEIGHT="53" CONTENT="prendre" WC="1.00" CC="0000006"/>
					</TextLine>
					<TextLine ID="P22_TL00060" HPOS="1493" VPOS="1632" WIDTH="921" HEIGHT="48">
						<String ID="P22_ST00372" HPOS="1493" VPOS="1632" WIDTH="42" HEIGHT="46" CONTENT="le" WC="0.87" CC="20"/>
						<SP ID="P22_SP00311" HPOS="1535" VPOS="1678" WIDTH="29"/>
						<String ID="P22_ST00373" HPOS="1564" VPOS="1649" WIDTH="194" HEIGHT="31" CONTENT="courant" WC="0.99" CC="0000180"/>
						<SP ID="P22_SP00312" HPOS="1758" VPOS="1680" WIDTH="32"/>
						<String ID="P22_ST00374" HPOS="1790" VPOS="1634" WIDTH="116" HEIGHT="43" CONTENT="dans" WC="0.98" CC="0090"/>
						<SP ID="P22_SP00313" HPOS="1906" VPOS="1680" WIDTH="30"/>
						<String ID="P22_ST00375" HPOS="1936" VPOS="1635" WIDTH="66" HEIGHT="43" CONTENT="les" WC="0.98" CC="600"/>
						<SP ID="P22_SP00314" HPOS="2002" VPOS="1680" WIDTH="26"/>
						<String ID="P22_ST00376" HPOS="2028" VPOS="1634" WIDTH="164" HEIGHT="44" CONTENT="heures" WC="0.98" CC="663400"/>
						<SP ID="P22_SP00315" HPOS="2192" VPOS="1680" WIDTH="28"/>
						<String ID="P22_ST00377" HPOS="2220" VPOS="1650" WIDTH="194" HEIGHT="29" CONTENT="creuses." WC="0.99" CC="36004314"/>
					</TextLine>
					<TextLine ID="P22_TL00061" HPOS="1564" VPOS="1719" WIDTH="1122" HEIGHT="57">
						<String ID="P22_ST00378" HPOS="1564" VPOS="1719" WIDTH="122" HEIGHT="44" CONTENT="Pour" WC="0.97" CC="4180"/>
						<SP ID="P22_SP00316" HPOS="1686" VPOS="1763" WIDTH="38"/>
						<String ID="P22_ST00379" HPOS="1724" VPOS="1723" WIDTH="171" HEIGHT="41" CONTENT="arriver" WC="0.98" CC="9355014"/>
						<SP ID="P22_SP00317" HPOS="1895" VPOS="1764" WIDTH="36"/>
						<String ID="P22_ST00380" HPOS="1931" VPOS="1723" WIDTH="28" HEIGHT="41" CONTENT="à" WC="0.40" CC="5"/>
						<SP ID="P22_SP00318" HPOS="1959" VPOS="1764" WIDTH="36"/>
						<String ID="P22_ST00381" HPOS="1995" VPOS="1738" WIDTH="61" HEIGHT="27" CONTENT="un" WC="0.54" CC="90"/>
						<SP ID="P22_SP00319" HPOS="2056" VPOS="1765" WIDTH="39"/>
						<String ID="P22_ST00382" HPOS="2095" VPOS="1720" WIDTH="191" HEIGHT="48" CONTENT="résultat" WC="0.99" CC="45202000"/>
						<SP ID="P22_SP00320" HPOS="2286" VPOS="1768" WIDTH="37"/>
						<String ID="P22_ST00383" HPOS="2323" VPOS="1722" WIDTH="159" HEIGHT="52" CONTENT="pareil," WC="0.99" CC="0000540"/>
						<SP ID="P22_SP00321" HPOS="2482" VPOS="1774" WIDTH="44"/>
						<String ID="P22_ST00384" HPOS="2526" VPOS="1723" WIDTH="27" HEIGHT="43" CONTENT="il" WC="0.48" CC="45"/>
						<SP ID="P22_SP00322" HPOS="2553" VPOS="1774" WIDTH="39"/>
						<String ID="P22_ST00385" HPOS="2592" VPOS="1740" WIDTH="31" HEIGHT="36" CONTENT="y" WC="0.50" CC="4"/>
						<SP ID="P22_SP00323" HPOS="2623" VPOS="1776" WIDTH="35"/>
						<String ID="P22_ST00386" HPOS="2658" VPOS="1740" WIDTH="28" HEIGHT="26" CONTENT="a" WC="0.54" CC="4"/>
					</TextLine>
					<TextLine ID="P22_TL00062" HPOS="1493" VPOS="1781" WIDTH="1192" HEIGHT="48">
						<String ID="P22_ST00387" HPOS="1493" VPOS="1781" WIDTH="320" HEIGHT="46" CONTENT="évidemment" WC="1.00" CC="5040000007"/>
						<SP ID="P22_SP00324" HPOS="1813" VPOS="1827" WIDTH="38"/>
						<String ID="P22_ST00388" HPOS="1851" VPOS="1782" WIDTH="108" HEIGHT="45" CONTENT="bien" WC="0.97" CC="7400"/>
						<SP ID="P22_SP00325" HPOS="1959" VPOS="1827" WIDTH="43"/>
						<String ID="P22_ST00389" HPOS="2002" VPOS="1784" WIDTH="83" HEIGHT="43" CONTENT="des" WC="1.00" CC="000"/>
						<SP ID="P22_SP00326" HPOS="2085" VPOS="1827" WIDTH="39"/>
						<String ID="P22_ST00390" HPOS="2124" VPOS="1783" WIDTH="168" HEIGHT="44" CONTENT="efforts" WC="0.99" CC="0560000"/>
						<SP ID="P22_SP00327" HPOS="2292" VPOS="1827" WIDTH="38"/>
						<String ID="P22_ST00391" HPOS="2330" VPOS="1797" WIDTH="45" HEIGHT="32" CONTENT="et" WC="1.00" CC="00"/>
						<SP ID="P22_SP00328" HPOS="2375" VPOS="1829" WIDTH="43"/>
						<String ID="P22_ST00392" HPOS="2418" VPOS="1783" WIDTH="81" HEIGHT="46" CONTENT="des" WC="0.99" CC="003"/>
						<SP ID="P22_SP00329" HPOS="2499" VPOS="1829" WIDTH="40"/>
						<String ID="P22_ST00393" HPOS="2539" VPOS="1785" WIDTH="122" HEIGHT="43" CONTENT="réfor" SUBS_TYPE="HypPart1" SUBS_CONTENT="réformes" WC="0.97" CC="69407"/>
						<HYP HPOS="2661" VPOS="1785" WIDTH="24" CONTENT="-"/>
					</TextLine>
					<TextLine ID="P22_TL00063" HPOS="1493" VPOS="1844" WIDTH="1194" HEIGHT="56">
						<String ID="P22_ST00394" HPOS="1493" VPOS="1862" WIDTH="97" HEIGHT="25" CONTENT="mes" SUBS_TYPE="HypPart2" SUBS_CONTENT="réformes" WC="0.93" CC="755"/>
						<SP ID="P22_SP00330" HPOS="1590" VPOS="1887" WIDTH="26"/>
						<String ID="P22_ST00395" HPOS="1616" VPOS="1848" WIDTH="26" HEIGHT="39" CONTENT="à" WC="0.59" CC="4"/>
						<SP ID="P22_SP00331" HPOS="1642" VPOS="1887" WIDTH="28"/>
						<String ID="P22_ST00396" HPOS="1670" VPOS="1844" WIDTH="134" HEIGHT="49" CONTENT="faire;" WC="0.98" CC="602056"/>
						<SP ID="P22_SP00332" HPOS="1804" VPOS="1893" WIDTH="30"/>
						<String ID="P22_ST00397" HPOS="1834" VPOS="1862" WIDTH="117" HEIGHT="28" CONTENT="nous" WC="0.98" CC="3300"/>
						<SP ID="P22_SP00333" HPOS="1951" VPOS="1893" WIDTH="26"/>
						<String ID="P22_ST00398" HPOS="1977" VPOS="1862" WIDTH="58" HEIGHT="26" CONTENT="ne" WC="0.82" CC="03"/>
						<SP ID="P22_SP00334" HPOS="2035" VPOS="1893" WIDTH="25"/>
						<String ID="P22_ST00399" HPOS="2060" VPOS="1860" WIDTH="209" HEIGHT="29" CONTENT="sommes" WC="1.00" CC="000000"/>
						<SP ID="P22_SP00335" HPOS="2269" VPOS="1893" WIDTH="28"/>
						<String ID="P22_ST00400" HPOS="2297" VPOS="1845" WIDTH="62" HEIGHT="45" CONTENT="du" WC="0.56" CC="08"/>
						<SP ID="P22_SP00336" HPOS="2359" VPOS="1893" WIDTH="28"/>
						<String ID="P22_ST00401" HPOS="2387" VPOS="1856" WIDTH="122" HEIGHT="34" CONTENT="reste" WC="0.98" CC="54400"/>
						<SP ID="P22_SP00337" HPOS="2509" VPOS="1893" WIDTH="23"/>
						<String ID="P22_ST00402" HPOS="2532" VPOS="1864" WIDTH="85" HEIGHT="36" CONTENT="pas" WC="0.97" CC="800"/>
						<SP ID="P22_SP00338" HPOS="2617" VPOS="1900" WIDTH="27"/>
						<String ID="P22_ST00403" HPOS="2644" VPOS="1845" WIDTH="43" HEIGHT="45" CONTENT="Je" WC="0.24" CC="77"/>
					</TextLine>
					<TextLine ID="P22_TL00064" HPOS="1491" VPOS="1906" WIDTH="1195" HEIGHT="55">
						<String ID="P22_ST00404" HPOS="1491" VPOS="1909" WIDTH="200" HEIGHT="49" CONTENT="premier" WC="0.99" CC="0900400"/>
						<SP ID="P22_SP00339" HPOS="1691" VPOS="1958" WIDTH="31"/>
						<String ID="P22_ST00405" HPOS="1722" VPOS="1909" WIDTH="26" HEIGHT="40" CONTENT="à" WC="0.35" CC="6"/>
						<SP ID="P22_SP00340" HPOS="1748" VPOS="1958" WIDTH="32"/>
						<String ID="P22_ST00406" HPOS="1780" VPOS="1909" WIDTH="196" HEIGHT="43" CONTENT="émettre" WC="0.99" CC="6030040"/>
						<SP ID="P22_SP00341" HPOS="1976" VPOS="1958" WIDTH="30"/>
						<String ID="P22_ST00407" HPOS="2006" VPOS="1924" WIDTH="75" HEIGHT="26" CONTENT="ces" WC="0.97" CC="402"/>
						<SP ID="P22_SP00342" HPOS="2081" VPOS="1958" WIDTH="28"/>
						<String ID="P22_ST00408" HPOS="2109" VPOS="1906" WIDTH="142" HEIGHT="45" CONTENT="idées." WC="0.98" CC="006604"/>
						<SP ID="P22_SP00343" HPOS="2251" VPOS="1958" WIDTH="36"/>
						<String ID="P22_ST00409" HPOS="2287" VPOS="1908" WIDTH="78" HEIGHT="44" CONTENT="Au" WC="1.00" CC="00"/>
						<SP ID="P22_SP00344" HPOS="2365" VPOS="1958" WIDTH="30"/>
						<String ID="P22_ST00410" HPOS="2395" VPOS="1911" WIDTH="197" HEIGHT="50" CONTENT="congrès" WC="0.99" CC="0009070"/>
						<SP ID="P22_SP00345" HPOS="2592" VPOS="1961" WIDTH="33"/>
						<String ID="P22_ST00411" HPOS="2625" VPOS="1907" WIDTH="61" HEIGHT="45" CONTENT="de" WC="0.74" CC="05"/>
					</TextLine>
					<TextLine ID="P22_TL00065" HPOS="1491" VPOS="1967" WIDTH="1197" HEIGHT="58">
						<String ID="P22_ST00412" HPOS="1491" VPOS="1967" WIDTH="311" HEIGHT="45" CONTENT="l'Habitation" WC="1.00" CC="340072100201"/>
						<SP ID="P22_SP00346" HPOS="1802" VPOS="2012" WIDTH="32"/>
						<String ID="P22_ST00413" HPOS="1834" VPOS="1969" WIDTH="58" HEIGHT="44" CONTENT="de" WC="1.00" CC="00"/>
						<SP ID="P22_SP00347" HPOS="1892" VPOS="2013" WIDTH="29"/>
						<String ID="P22_ST00414" HPOS="1921" VPOS="1968" WIDTH="146" HEIGHT="53" CONTENT="Lyon," WC="1.00" CC="02001"/>
						<SP ID="P22_SP00348" HPOS="2067" VPOS="2021" WIDTH="33"/>
						<String ID="P22_ST00415" HPOS="2100" VPOS="1969" WIDTH="43" HEIGHT="44" CONTENT="la" WC="0.96" CC="00"/>
						<SP ID="P22_SP00349" HPOS="2143" VPOS="2021" WIDTH="30"/>
						<String ID="P22_ST00416" HPOS="2173" VPOS="1972" WIDTH="212" HEIGHT="52" CONTENT="question" WC="0.99" CC="09710700"/>
						<SP ID="P22_SP00350" HPOS="2385" VPOS="2024" WIDTH="31"/>
						<String ID="P22_ST00417" HPOS="2416" VPOS="1989" WIDTH="25" HEIGHT="25" CONTENT="a" WC="0.37" CC="6"/>
						<SP ID="P22_SP00351" HPOS="2441" VPOS="2024" WIDTH="31"/>
						<String ID="P22_ST00418" HPOS="2472" VPOS="1969" WIDTH="111" HEIGHT="56" CONTENT="déjà" WC="0.96" CC="0646"/>
						<SP ID="P22_SP00352" HPOS="2583" VPOS="2025" WIDTH="28"/>
						<String ID="P22_ST00419" HPOS="2611" VPOS="1973" WIDTH="77" HEIGHT="42" CONTENT="été" WC="0.93" CC="657"/>
					</TextLine>
					<TextLine ID="P22_TL00066" HPOS="1494" VPOS="2030" WIDTH="654" HEIGHT="53">
						<String ID="P22_ST00420" HPOS="1494" VPOS="2031" WIDTH="205" HEIGHT="43" CONTENT="discutée" WC="0.99" CC="06000070"/>
						<SP ID="P22_SP00353" HPOS="1699" VPOS="2074" WIDTH="30"/>
						<String ID="P22_ST00421" HPOS="1729" VPOS="2049" WIDTH="82" HEIGHT="34" CONTENT="par" WC="0.94" CC="059"/>
						<SP ID="P22_SP00354" HPOS="1811" VPOS="2083" WIDTH="33"/>
						<String ID="P22_ST00422" HPOS="1844" VPOS="2031" WIDTH="63" HEIGHT="44" CONTENT="M." WC="0.61" CC="34"/>
						<SP ID="P22_SP00355" HPOS="1907" VPOS="2083" WIDTH="36"/>
						<String ID="P22_ST00423" HPOS="1943" VPOS="2030" WIDTH="205" HEIGHT="45" CONTENT="Boileau." WC="0.75" CC="00590004"/>
					</TextLine>
					<TextLine ID="P22_TL00067" HPOS="1560" VPOS="2117" WIDTH="1128" HEIGHT="55">
						<String ID="P22_ST00424" HPOS="1560" VPOS="2118" WIDTH="121" HEIGHT="43" CONTENT="Mais" WC="0.98" CC="0055"/>
						<SP ID="P22_SP00356" HPOS="1681" VPOS="2161" WIDTH="25"/>
						<String ID="P22_ST00425" HPOS="1706" VPOS="2136" WIDTH="117" HEIGHT="25" CONTENT="nous" WC="0.97" CC="9300"/>
						<SP ID="P22_SP00357" HPOS="1823" VPOS="2161" WIDTH="28"/>
						<String ID="P22_ST00426" HPOS="1851" VPOS="2121" WIDTH="219" HEIGHT="49" CONTENT="pensions" WC="1.00" CC="00002006"/>
						<SP ID="P22_SP00358" HPOS="2070" VPOS="2170" WIDTH="28"/>
						<String ID="P22_ST00427" HPOS="2098" VPOS="2117" WIDTH="139" HEIGHT="55" CONTENT="qu'au" WC="0.99" CC="03400"/>
						<SP ID="P22_SP00359" HPOS="2237" VPOS="2172" WIDTH="29"/>
						<String ID="P22_ST00428" HPOS="2266" VPOS="2118" WIDTH="148" HEIGHT="45" CONTENT="début" WC="0.98" CC="06700"/>
						<SP ID="P22_SP00360" HPOS="2414" VPOS="2172" WIDTH="27"/>
						<String ID="P22_ST00429" HPOS="2441" VPOS="2118" WIDTH="59" HEIGHT="45" CONTENT="de" WC="1.00" CC="00"/>
						<SP ID="P22_SP00361" HPOS="2500" VPOS="2172" WIDTH="28"/>
						<String ID="P22_ST00430" HPOS="2528" VPOS="2119" WIDTH="43" HEIGHT="44" CONTENT="la" WC="0.66" CC="60"/>
						<SP ID="P22_SP00362" HPOS="2571" VPOS="2172" WIDTH="27"/>
						<String ID="P22_ST00431" HPOS="2598" VPOS="2121" WIDTH="68" HEIGHT="42" CONTENT="sai" SUBS_TYPE="HypPart1" SUBS_CONTENT="saison" WC="0.94" CC="973"/>
						<HYP HPOS="2666" VPOS="2121" WIDTH="22" CONTENT="-"/>
					</TextLine>
					<TextLine ID="P22_TL00068" HPOS="1486" VPOS="2179" WIDTH="1200" HEIGHT="55">
						<String ID="P22_ST00432" HPOS="1486" VPOS="2198" WIDTH="87" HEIGHT="24" CONTENT="son" SUBS_TYPE="HypPart2" SUBS_CONTENT="saison" WC="0.96" CC="207"/>
						<SP ID="P22_SP00363" HPOS="1573" VPOS="2222" WIDTH="25"/>
						<String ID="P22_ST00433" HPOS="1598" VPOS="2179" WIDTH="153" HEIGHT="44" CONTENT="froide" WC="0.99" CC="090000"/>
						<SP ID="P22_SP00364" HPOS="1751" VPOS="2223" WIDTH="24"/>
						<String ID="P22_ST00434" HPOS="1775" VPOS="2179" WIDTH="28" HEIGHT="44" CONTENT="il" WC="0.58" CC="34"/>
						<SP ID="P22_SP00365" HPOS="1803" VPOS="2223" WIDTH="26"/>
						<String ID="P22_ST00435" HPOS="1829" VPOS="2183" WIDTH="111" HEIGHT="41" CONTENT="était" WC="0.99" CC="60010"/>
						<SP ID="P22_SP00366" HPOS="1940" VPOS="2224" WIDTH="22"/>
						<String ID="P22_ST00436" HPOS="1962" VPOS="2180" WIDTH="98" HEIGHT="46" CONTENT="bon" WC="0.97" CC="600"/>
						<SP ID="P22_SP00367" HPOS="2060" VPOS="2226" WIDTH="27"/>
						<String ID="P22_ST00437" HPOS="2087" VPOS="2180" WIDTH="265" HEIGHT="54" CONTENT="d'indiquer" WC="0.99" CC="0440060086"/>
						<SP ID="P22_SP00368" HPOS="2352" VPOS="2234" WIDTH="24"/>
						<String ID="P22_ST00438" HPOS="2376" VPOS="2180" WIDTH="143" HEIGHT="45" CONTENT="d'une" WC="1.00" CC="04000"/>
						<SP ID="P22_SP00369" HPOS="2519" VPOS="2234" WIDTH="23"/>
						<String ID="P22_ST00439" HPOS="2542" VPOS="2181" WIDTH="144" HEIGHT="53" CONTENT="façon" WC="0.98" CC="50507"/>
					</TextLine>
					<TextLine ID="P22_TL00069" HPOS="1488" VPOS="2241" WIDTH="1197" HEIGHT="54">
						<String ID="P22_ST00440" HPOS="1488" VPOS="2244" WIDTH="178" HEIGHT="49" CONTENT="précise" WC="0.98" CC="1960650"/>
						<SP ID="P22_SP00370" HPOS="1666" VPOS="2293" WIDTH="27"/>
						<String ID="P22_ST00441" HPOS="1693" VPOS="2259" WIDTH="92" HEIGHT="36" CONTENT="que" WC="0.96" CC="602"/>
						<SP ID="P22_SP00371" HPOS="1785" VPOS="2295" WIDTH="26"/>
						<String ID="P22_ST00442" HPOS="1811" VPOS="2241" WIDTH="115" HEIGHT="46" CONTENT="c'est" WC="0.99" CC="04000"/>
						<SP ID="P22_SP00372" HPOS="1926" VPOS="2295" WIDTH="30"/>
						<String ID="P22_ST00443" HPOS="1956" VPOS="2259" WIDTH="170" HEIGHT="28" CONTENT="encore" WC="0.98" CC="000564"/>
						<SP ID="P22_SP00373" HPOS="2126" VPOS="2295" WIDTH="28"/>
						<String ID="P22_ST00444" HPOS="2154" VPOS="2256" WIDTH="47" HEIGHT="32" CONTENT="et" WC="1.00" CC="00"/>
						<SP ID="P22_SP00374" HPOS="2201" VPOS="2295" WIDTH="28"/>
						<String ID="P22_ST00445" HPOS="2229" VPOS="2241" WIDTH="456" HEIGHT="47" CONTENT="malheureusement" WC="0.99" CC="003630466009030"/>
					</TextLine>
					<TextLine ID="P22_TL00070" HPOS="1489" VPOS="2303" WIDTH="1190" HEIGHT="56">
						<String ID="P22_ST00446" HPOS="1489" VPOS="2303" WIDTH="43" HEIGHT="43" CONTENT="le" WC="0.77" CC="40"/>
						<SP ID="P22_SP00375" HPOS="1532" VPOS="2346" WIDTH="25"/>
						<String ID="P22_ST00447" HPOS="1557" VPOS="2306" WIDTH="139" HEIGHT="41" CONTENT="vieux" WC="0.98" CC="06009"/>
						<SP ID="P22_SP00376" HPOS="1696" VPOS="2347" WIDTH="25"/>
						<String ID="P22_ST00448" HPOS="1721" VPOS="2307" WIDTH="201" HEIGHT="49" CONTENT="système" WC="0.99" CC="6020500"/>
						<SP ID="P22_SP00377" HPOS="1922" VPOS="2356" WIDTH="28"/>
						<String ID="P22_ST00449" HPOS="1950" VPOS="2304" WIDTH="58" HEIGHT="45" CONTENT="de" WC="1.00" CC="00"/>
						<SP ID="P22_SP00378" HPOS="2008" VPOS="2356" WIDTH="25"/>
						<String ID="P22_ST00450" HPOS="2033" VPOS="2304" WIDTH="254" HEIGHT="55" CONTENT="chauffage" WC="1.00" CC="060000000"/>
						<SP ID="P22_SP00379" HPOS="2287" VPOS="2359" WIDTH="32"/>
						<String ID="P22_ST00451" HPOS="2319" VPOS="2305" WIDTH="360" HEIGHT="54" CONTENT="(perfectionné," WC="0.99" CC="40045010209983"/>
					</TextLine>
					<TextLine ID="P22_TL00071" HPOS="1488" VPOS="2365" WIDTH="1193" HEIGHT="56">
						<String ID="P22_ST00452" HPOS="1488" VPOS="2365" WIDTH="169" HEIGHT="52" CONTENT="certes)" WC="0.99" CC="7000001"/>
						<SP ID="P22_SP00380" HPOS="1657" VPOS="2417" WIDTH="50"/>
						<String ID="P22_ST00453" HPOS="1707" VPOS="2368" WIDTH="75" HEIGHT="51" CONTENT="qui" WC="0.96" CC="901"/>
						<SP ID="P22_SP00381" HPOS="1782" VPOS="2419" WIDTH="42"/>
						<String ID="P22_ST00454" HPOS="1824" VPOS="2379" WIDTH="67" HEIGHT="33" CONTENT="est" WC="0.99" CC="010"/>
						<SP ID="P22_SP00382" HPOS="1891" VPOS="2419" WIDTH="42"/>
						<String ID="P22_ST00455" HPOS="1933" VPOS="2384" WIDTH="169" HEIGHT="27" CONTENT="encore" WC="0.99" CC="000350"/>
						<SP ID="P22_SP00383" HPOS="2102" VPOS="2419" WIDTH="40"/>
						<String ID="P22_ST00456" HPOS="2142" VPOS="2366" WIDTH="43" HEIGHT="44" CONTENT="le" WC="0.87" CC="20"/>
						<SP ID="P22_SP00384" HPOS="2185" VPOS="2419" WIDTH="38"/>
						<String ID="P22_ST00457" HPOS="2223" VPOS="2367" WIDTH="103" HEIGHT="54" CONTENT="plus" WC="0.96" CC="9402"/>
						<SP ID="P22_SP00385" HPOS="2326" VPOS="2421" WIDTH="40"/>
						<String ID="P22_ST00458" HPOS="2366" VPOS="2369" WIDTH="315" HEIGHT="51" CONTENT="économique" WC="0.99" CC="6000907906"/>
					</TextLine>
					<TextLine ID="P22_TL00072" HPOS="1489" VPOS="2427" WIDTH="613" HEIGHT="53">
						<String ID="P22_ST00459" HPOS="1489" VPOS="2430" WIDTH="132" HEIGHT="41" CONTENT="sinon" WC="0.95" CC="55869"/>
						<SP ID="P22_SP00386" HPOS="1621" VPOS="2471" WIDTH="37"/>
						<String ID="P22_ST00460" HPOS="1658" VPOS="2427" WIDTH="40" HEIGHT="44" CONTENT="îe" WC="0.59" CC="80"/>
						<SP ID="P22_SP00387" HPOS="1698" VPOS="2471" WIDTH="35"/>
						<String ID="P22_ST00461" HPOS="1733" VPOS="2427" WIDTH="105" HEIGHT="53" CONTENT="plus" WC="0.96" CC="3880"/>
						<SP ID="P22_SP00388" HPOS="1838" VPOS="2480" WIDTH="32"/>
						<String ID="P22_ST00462" HPOS="1870" VPOS="2428" WIDTH="232" HEIGHT="52" CONTENT="agréable." WC="0.99" CC="000707604"/>
					</TextLine>
				</TextBlock>
				<TextBlock ID="P22_TB00008" HPOS="2224" VPOS="2551" WIDTH="386" HEIGHT="54" STYLEREFS="TXT_7 PAR_RIGHT">
					<TextLine ID="P22_TL00073" HPOS="2225" VPOS="2552" WIDTH="385" HEIGHT="53">
						<String ID="P22_ST00463" HPOS="2225" VPOS="2552" WIDTH="39" HEIGHT="53" CONTENT="J." WC="0.83" CC="20"/>
						<SP ID="P22_SP00389" HPOS="2264" VPOS="2605" WIDTH="32"/>
						<String ID="P22_ST00464" HPOS="2296" VPOS="2552" WIDTH="314" HEIGHT="47" CONTENT="COUTURE." WC="0.98" CC="04666034"/>
					</TextLine>
				</TextBlock>
				<TextBlock ID="P22_TB00009" HPOS="1562" VPOS="2734" WIDTH="1005" HEIGHT="56" STYLEREFS="TXT_4 PAR_RIGHT">
					<TextLine ID="P22_TL00074" HPOS="1562" VPOS="2735" WIDTH="1005" HEIGHT="55">
						<String ID="P22_ST00465" HPOS="1562" VPOS="2735" WIDTH="354" HEIGHT="52" CONTENT="(Construction" WC="0.98" CC="0298969987879"/>
						<SP ID="P22_SP00390" HPOS="1916" VPOS="2787" WIDTH="37"/>
						<String ID="P22_ST00466" HPOS="1953" VPOS="2737" WIDTH="246" HEIGHT="50" CONTENT="Moderne," WC="1.00" CC="30020000"/>
						<SP ID="P22_SP00391" HPOS="2199" VPOS="2787" WIDTH="39"/>
						<String ID="P22_ST00467" HPOS="2238" VPOS="2756" WIDTH="107" HEIGHT="26" CONTENT="nov." WC="0.88" CC="0004"/>
						<SP ID="P22_SP00392" HPOS="2345" VPOS="2787" WIDTH="48"/>
						<String ID="P22_ST00468" HPOS="2393" VPOS="2738" WIDTH="174" HEIGHT="52" CONTENT="1922)." WC="0.81" CC="700004"/>
					</TextLine>
				</TextBlock>
			</PrintSpace>
		</Page>
	</Layout>
</alto>
