<?xml version="1.0" encoding="UTF-8"?>
<alto xmlns:xsi="http://www.w3.org/2001/XMLSchema-instance" xmlns="http://www.loc.gov/standards/alto/ns-v2#" xsi:schemaLocation="http://www.loc.gov/standards/alto/ns-v2# http://www.loc.gov/standards/alto/alto-v2.0.xsd" xmlns:xlink="http://www.w3.org/1999/xlink">
	<Description>
		<MeasurementUnit>mm10</MeasurementUnit>
		<sourceImageInformation>
			<fileName>//fileserver7/IN2/Princeton/Batch3/bmtnaac/1923/02_01/00000011.tif</fileName>
		</sourceImageInformation>
		<OCRProcessing ID="OCRPROCESSING_1">
			<preProcessingStep>
				<processingSoftware>
					<softwareCreator>CCS Content Conversion Specialists GmbH, Germany</softwareCreator>
					<softwareName>CCS docWORKS</softwareName>
					<softwareVersion>6.6-1.18</softwareVersion>
				</processingSoftware>
			</preProcessingStep>
			<ocrProcessingStep>
				<processingSoftware>
					<softwareCreator>ABBYY (BIT Software), Russia</softwareCreator>
					<softwareName>FineReader</softwareName>
					<softwareVersion>10.0</softwareVersion>
				</processingSoftware>
			</ocrProcessingStep>
		</OCRProcessing>
		<OCRProcessing ID="OCRPROCESSING_2">
			<preProcessingStep>
				<processingSoftware>
					<softwareCreator>CCS Content Conversion Specialists GmbH, Germany</softwareCreator>
					<softwareName>CCS docWORKS</softwareName>
					<softwareVersion>6.6-1.18</softwareVersion>
				</processingSoftware>
			</preProcessingStep>
			<ocrProcessingStep>
				<processingSoftware>
					<softwareCreator>ABBYY (BIT Software), Russia</softwareCreator>
					<softwareName>NA</softwareName>
				</processingSoftware>
			</ocrProcessingStep>
		</OCRProcessing>
	</Description>
	<Styles>
		<TextStyle ID="TXT_0" FONTSIZE="22" FONTFAMILY="Courier New"/>
		<TextStyle ID="TXT_1" FONTSIZE="14" FONTFAMILY="Times New Roman" FONTSTYLE="bold"/>
		<TextStyle ID="TXT_2" FONTSIZE="12" FONTFAMILY="Times New Roman" FONTSTYLE="bold"/>
		<TextStyle ID="TXT_3" FONTSIZE="17" FONTFAMILY="Times New Roman" FONTSTYLE="bold"/>
		<TextStyle ID="TXT_4" FONTSIZE="20" FONTFAMILY="Times New Roman" FONTSTYLE="bold italics"/>
		<TextStyle ID="TXT_5" FONTSIZE="21" FONTFAMILY="Times New Roman" FONTSTYLE="italics"/>
		<TextStyle ID="TXT_6" FONTSIZE="22" FONTFAMILY="Times New Roman" FONTSTYLE="italics"/>
		<ParagraphStyle ID="PAR_CENTER" ALIGN="Center"/>
		<ParagraphStyle ID="PAR_LEFT" ALIGN="Left"/>
		<ParagraphStyle ID="PAR_RIGHT" ALIGN="Right"/>
	</Styles>
	<Layout>
		<Page ID="P11" PHYSICAL_IMG_NR="11" HEIGHT="4074" WIDTH="2796" PRINTED_IMG_NR="213" PC="0.913">
			<TopMargin ID="P11_TM00001" HPOS="0" VPOS="0" WIDTH="2796" HEIGHT="191"/>
			<LeftMargin ID="P11_LM00001" HPOS="0" VPOS="191" WIDTH="249" HEIGHT="3493"/>
			<RightMargin ID="P11_RM00001" HPOS="2614" VPOS="191" WIDTH="182" HEIGHT="3493"/>
			<BottomMargin ID="P11_BM00001" HPOS="0" VPOS="3684" WIDTH="2796" HEIGHT="390">
				<TextBlock ID="P11_TB00001" HPOS="1328" VPOS="3687" WIDTH="118" HEIGHT="91" STYLEREFS="TXT_0 PAR_CENTER">
					<TextLine ID="P11_TL00001" HPOS="1328" VPOS="3687" WIDTH="118" HEIGHT="91">
						<String ID="P11_ST00001" HPOS="1328" VPOS="3687" WIDTH="118" HEIGHT="91" CONTENT="213" WC="1.00" CC="000"/>
					</TextLine>
				</TextBlock>
				<TextBlock ID="P11_TB00002" HPOS="249" VPOS="3711" WIDTH="230" HEIGHT="47" STYLEREFS="TXT_1 PAR_LEFT">
					<TextLine ID="P11_TL00002" HPOS="250" VPOS="3715" WIDTH="226" HEIGHT="43">
						<String ID="P11_ST00002" HPOS="250" VPOS="3720" WIDTH="59" HEIGHT="34" CONTENT="LA" WC="0.49" CC="63"/>
						<SP ID="P11_SP00001" HPOS="309" VPOS="3754" WIDTH="30"/>
						<String ID="P11_ST00003" HPOS="339" VPOS="3715" WIDTH="137" HEIGHT="43" CONTENT="CITÉ." WC="0.98" CC="60500"/>
					</TextLine>
				</TextBlock>
				<TextBlock ID="P11_TB00003" HPOS="2169" VPOS="3716" WIDTH="354" HEIGHT="50" STYLEREFS="TXT_2 PAR_RIGHT">
					<TextLine ID="P11_TL00003" HPOS="2171" VPOS="3720" WIDTH="350" HEIGHT="46">
						<String ID="P11_ST00004" HPOS="2171" VPOS="3720" WIDTH="203" HEIGHT="46" CONTENT="FÉVRIER" WC="0.99" CC="4303702"/>
						<SP ID="P11_SP00002" HPOS="2374" VPOS="3766" WIDTH="28"/>
						<String ID="P11_ST00005" HPOS="2402" VPOS="3720" WIDTH="119" HEIGHT="45" CONTENT="1923" WC="0.87" CC="3100" STYLEREFS="TXT_3"/>
					</TextLine>
				</TextBlock>
			</BottomMargin>
			<PrintSpace ID="P11_PS00001" HPOS="249" VPOS="191" WIDTH="2365" HEIGHT="3493">
				<TextBlock ID="P11_TB00004" HPOS="334" VPOS="367" WIDTH="2101" HEIGHT="1107" STYLEREFS="TXT_4 PAR_LEFT">
					<TextLine ID="P11_TL00004" HPOS="344" VPOS="368" WIDTH="2091" HEIGHT="67">
						<String ID="P11_ST00006" HPOS="344" VPOS="372" WIDTH="66" HEIGHT="53" CONTENT="de" WC="0.89" CC="02"/>
						<SP ID="P11_SP00003" HPOS="410" VPOS="425" WIDTH="115"/>
						<String ID="P11_ST00007" HPOS="525" VPOS="371" WIDTH="152" HEIGHT="58" CONTENT="livre," WC="0.98" CC="025653"/>
						<SP ID="P11_SP00004" HPOS="677" VPOS="429" WIDTH="210"/>
						<String ID="P11_ST00008" HPOS="887" VPOS="387" WIDTH="100" HEIGHT="48" CONTENT="par" WC="0.99" CC="200"/>
						<SP ID="P11_SP00005" HPOS="987" VPOS="435" WIDTH="150"/>
						<String ID="P11_ST00009" HPOS="1137" VPOS="368" WIDTH="265" HEIGHT="66" CONTENT="exemple," WC="0.99" CC="50635060"/>
						<SP ID="P11_SP00006" HPOS="1402" VPOS="435" WIDTH="319"/>
						<String ID="P11_ST00010" HPOS="1721" VPOS="368" WIDTH="168" HEIGHT="55" CONTENT="suffit" WC="0.98" CC="650400"/>
						<SP ID="P11_SP00007" HPOS="1889" VPOS="435" WIDTH="217"/>
						<String ID="P11_ST00011" HPOS="2106" VPOS="368" WIDTH="32" HEIGHT="55" CONTENT="à" WC="1.00" CC="0"/>
						<SP ID="P11_SP00008" HPOS="2138" VPOS="435" WIDTH="91"/>
						<String ID="P11_ST00012" HPOS="2229" VPOS="369" WIDTH="206" HEIGHT="66" CONTENT="témoign" WC="0.99" CC="2700206"/>
					</TextLine>
					<TextLine ID="P11_TL00005" HPOS="343" VPOS="455" WIDTH="2092" HEIGHT="67">
						<String ID="P11_ST00013" HPOS="343" VPOS="470" WIDTH="53" HEIGHT="42" CONTENT="et" WC="1.00" CC="00"/>
						<SP ID="P11_SP00009" HPOS="396" VPOS="512" WIDTH="100"/>
						<String ID="P11_ST00014" HPOS="496" VPOS="457" WIDTH="52" HEIGHT="53" CONTENT="la" WC="1.00" CC="00"/>
						<SP ID="P11_SP00010" HPOS="548" VPOS="512" WIDTH="94"/>
						<String ID="P11_ST00015" HPOS="642" VPOS="456" WIDTH="273" HEIGHT="66" CONTENT="grandeur" WC="0.99" CC="06090010"/>
						<SP ID="P11_SP00011" HPOS="915" VPOS="522" WIDTH="316"/>
						<String ID="P11_ST00016" HPOS="1231" VPOS="456" WIDTH="65" HEIGHT="52" CONTENT="de" WC="1.00" CC="00"/>
						<SP ID="P11_SP00012" HPOS="1296" VPOS="522" WIDTH="111"/>
						<String ID="P11_ST00017" HPOS="1407" VPOS="474" WIDTH="77" HEIGHT="34" CONTENT="ses" WC="0.98" CC="005"/>
						<SP ID="P11_SP00013" HPOS="1484" VPOS="522" WIDTH="125"/>
						<String ID="P11_ST00018" HPOS="1609" VPOS="455" WIDTH="367" HEIGHT="67" CONTENT="conceptions." WC="0.99" CC="010407221964"/>
						<SP ID="P11_SP00014" HPOS="1976" VPOS="522" WIDTH="426"/>
						<String ID="P11_ST00019" HPOS="2402" VPOS="458" WIDTH="33" HEIGHT="52" CONTENT="E" WC="1.00" CC="0"/>
					</TextLine>
					<TextLine ID="P11_TL00006" HPOS="341" VPOS="542" WIDTH="2021" HEIGHT="69">
						<String ID="P11_ST00020" HPOS="341" VPOS="556" WIDTH="55" HEIGHT="43" CONTENT="et" WC="0.76" CC="40"/>
						<SP ID="P11_SP00015" HPOS="396" VPOS="599" WIDTH="112"/>
						<String ID="P11_ST00021" HPOS="508" VPOS="545" WIDTH="40" HEIGHT="52" CONTENT="V" WC="0.02" CC="9"/>
						<SP ID="P11_SP00016" HPOS="548" VPOS="599" WIDTH="1"/>
						<String ID="P11_ST00022" HPOS="549" VPOS="543" WIDTH="141" HEIGHT="54" CONTENT="école" WC="1.00" CC="30000"/>
						<SP ID="P11_SP00017" HPOS="690" VPOS="599" WIDTH="246"/>
						<String ID="P11_ST00023" HPOS="936" VPOS="542" WIDTH="146" HEIGHT="53" CONTENT="d'art" WC="0.99" CC="04202"/>
						<SP ID="P11_SP00018" HPOS="1082" VPOS="599" WIDTH="209"/>
						<String ID="P11_ST00024" HPOS="1291" VPOS="542" WIDTH="64" HEIGHT="53" CONTENT="de" WC="1.00" CC="00"/>
						<SP ID="P11_SP00019" HPOS="1355" VPOS="599" WIDTH="135"/>
						<String ID="P11_ST00025" HPOS="1490" VPOS="542" WIDTH="240" HEIGHT="55" CONTENT="Weimar" WC="0.77" CC="300900"/>
						<SP ID="P11_SP00020" HPOS="1730" VPOS="599" WIDTH="302"/>
						<String ID="P11_ST00026" HPOS="2032" VPOS="542" WIDTH="330" HEIGHT="69" CONTENT="participent" WC="0.99" CC="00042600093"/>
					</TextLine>
					<TextLine ID="P11_TL00007" HPOS="347" VPOS="627" WIDTH="1156" HEIGHT="68">
						<String ID="P11_ST00027" HPOS="347" VPOS="641" WIDTH="81" HEIGHT="43" CONTENT="cet" WC="0.98" CC="004"/>
						<SP ID="P11_SP00021" HPOS="428" VPOS="684" WIDTH="137"/>
						<String ID="P11_ST00028" HPOS="565" VPOS="627" WIDTH="303" HEIGHT="56" CONTENT="audacieux" WC="1.00" CC="020000050"/>
						<SP ID="P11_SP00022" HPOS="868" VPOS="684" WIDTH="357"/>
						<String ID="P11_ST00029" HPOS="1225" VPOS="627" WIDTH="278" HEIGHT="68" CONTENT="équilibre." WC="0.99" CC="6040000008" STYLEREFS="TXT_5"/>
					</TextLine>
					<TextLine ID="P11_TL00008" HPOS="673" VPOS="715" WIDTH="1762" HEIGHT="67">
						<String ID="P11_ST00030" HPOS="673" VPOS="715" WIDTH="174" HEIGHT="54" CONTENT="VAN" WC="1.00" CC="000"/>
						<SP ID="P11_SP00023" HPOS="847" VPOS="769" WIDTH="242"/>
						<String ID="P11_ST00031" HPOS="1089" VPOS="715" WIDTH="105" HEIGHT="53" CONTENT="DE" WC="1.00" CC="00"/>
						<SP ID="P11_SP00024" HPOS="1194" VPOS="769" WIDTH="182"/>
						<String ID="P11_ST00032" HPOS="1376" VPOS="716" WIDTH="263" HEIGHT="53" CONTENT="VELDE" WC="0.97" CC="00010"/>
						<SP ID="P11_SP00025" HPOS="1639" VPOS="769" WIDTH="337"/>
						<String ID="P11_ST00033" HPOS="1976" VPOS="716" WIDTH="190" HEIGHT="66" CONTENT="ignore" WC="0.99" CC="200600"/>
						<SP ID="P11_SP00026" HPOS="2166" VPOS="782" WIDTH="254"/>
						<String ID="P11_ST00034" HPOS="2420" VPOS="736" WIDTH="15" HEIGHT="35" CONTENT="s" WC="0.57" CC="4"/>
					</TextLine>
					<TextLine ID="P11_TL00009" HPOS="343" VPOS="800" WIDTH="2004" HEIGHT="67">
						<String ID="P11_ST00035" HPOS="343" VPOS="814" WIDTH="53" HEIGHT="43" CONTENT="et" WC="0.66" CC="06"/>
						<SP ID="P11_SP00027" HPOS="396" VPOS="857" WIDTH="120"/>
						<String ID="P11_ST00036" HPOS="516" VPOS="804" WIDTH="66" HEIGHT="52" CONTENT="de" WC="1.00" CC="00"/>
						<SP ID="P11_SP00028" HPOS="582" VPOS="857" WIDTH="132"/>
						<String ID="P11_ST00037" HPOS="714" VPOS="800" WIDTH="380" HEIGHT="67" CONTENT="l'intelligence" WC="1.00" CC="01091000200950"/>
						<SP ID="P11_SP00029" HPOS="1094" VPOS="867" WIDTH="463"/>
						<String ID="P11_ST00038" HPOS="1557" VPOS="822" WIDTH="18" HEIGHT="34" CONTENT=":" WC="0.57" CC="4"/>
						<SP ID="P11_SP00030" HPOS="1575" VPOS="867" WIDTH="89"/>
						<String ID="P11_ST00039" HPOS="1664" VPOS="803" WIDTH="131" HEIGHT="53" CONTENT="chez" WC="0.99" CC="0002"/>
						<SP ID="P11_SP00031" HPOS="1795" VPOS="867" WIDTH="200"/>
						<String ID="P11_ST00040" HPOS="1995" VPOS="803" WIDTH="99" HEIGHT="60" CONTENT="lui," WC="0.99" CC="0003"/>
						<SP ID="P11_SP00032" HPOS="2094" VPOS="867" WIDTH="174"/>
						<String ID="P11_ST00041" HPOS="2268" VPOS="823" WIDTH="79" HEIGHT="34" CONTENT="ces" WC="0.98" CC="004"/>
					</TextLine>
					<TextLine ID="P11_TL00010" HPOS="344" VPOS="889" WIDTH="2058" HEIGHT="67">
						<String ID="P11_ST00042" HPOS="344" VPOS="889" WIDTH="193" HEIGHT="60" CONTENT="alliées," WC="0.99" CC="00016202"/>
						<SP ID="P11_SP00033" HPOS="537" VPOS="949" WIDTH="247"/>
						<String ID="P11_ST00043" HPOS="784" VPOS="899" WIDTH="53" HEIGHT="42" CONTENT="et" WC="0.95" CC="00"/>
						<SP ID="P11_SP00034" HPOS="837" VPOS="949" WIDTH="98"/>
						<String ID="P11_ST00044" HPOS="935" VPOS="907" WIDTH="53" HEIGHT="34" CONTENT="ce" WC="0.63" CC="70"/>
						<SP ID="P11_SP00035" HPOS="988" VPOS="949" WIDTH="102"/>
						<String ID="P11_ST00045" HPOS="1090" VPOS="907" WIDTH="105" HEIGHT="48" CONTENT="que" WC="1.00" CC="000"/>
						<SP ID="P11_SP00036" HPOS="1195" VPOS="955" WIDTH="155"/>
						<String ID="P11_ST00046" HPOS="1350" VPOS="907" WIDTH="238" HEIGHT="49" CONTENT="propose" WC="0.98" CC="6047680"/>
						<SP ID="P11_SP00037" HPOS="1588" VPOS="956" WIDTH="285"/>
						<String ID="P11_ST00047" HPOS="1873" VPOS="908" WIDTH="105" HEIGHT="35" CONTENT="son" WC="0.95" CC="409"/>
						<SP ID="P11_SP00038" HPOS="1978" VPOS="956" WIDTH="153"/>
						<String ID="P11_ST00048" HPOS="2131" VPOS="890" WIDTH="271" HEIGHT="55" CONTENT="intuition" WC="0.99" CC="190001256"/>
					</TextLine>
					<TextLine ID="P11_TL00011" HPOS="338" VPOS="975" WIDTH="367" HEIGHT="56">
						<String ID="P11_ST00049" HPOS="338" VPOS="996" WIDTH="60" HEIGHT="35" CONTENT="sa" WC="1.00" CC="00"/>
						<SP ID="P11_SP00039" HPOS="398" VPOS="1031" WIDTH="108"/>
						<String ID="P11_ST00050" HPOS="506" VPOS="975" WIDTH="199" HEIGHT="55" CONTENT="raison," WC="0.98" CC="0004097"/>
					</TextLine>
					<TextLine ID="P11_TL00012" HPOS="508" VPOS="1062" WIDTH="1919" HEIGHT="71">
						<String ID="P11_ST00051" HPOS="508" VPOS="1081" WIDTH="32" HEIGHT="34" CONTENT="«" WC="0.54" CC="4"/>
						<SP ID="P11_SP00040" HPOS="540" VPOS="1115" WIDTH="33"/>
						<String ID="P11_ST00052" HPOS="573" VPOS="1062" WIDTH="149" HEIGHT="53" CONTENT="Mais" WC="0.98" CC="0406"/>
						<SP ID="P11_SP00041" HPOS="722" VPOS="1115" WIDTH="28"/>
						<String ID="P11_ST00053" HPOS="750" VPOS="1081" WIDTH="68" HEIGHT="34" CONTENT="ne" WC="0.50" CC="90"/>
						<SP ID="P11_SP00042" HPOS="818" VPOS="1115" WIDTH="28"/>
						<String ID="P11_ST00054" HPOS="846" VPOS="1073" WIDTH="212" HEIGHT="43" CONTENT="sont-ce" WC="0.70" CC="0490320"/>
						<SP ID="P11_SP00043" HPOS="1058" VPOS="1116" WIDTH="28"/>
						<String ID="P11_ST00055" HPOS="1086" VPOS="1062" WIDTH="165" HEIGHT="68" CONTENT="point" WC="0.96" CC="66382"/>
						<SP ID="P11_SP00044" HPOS="1251" VPOS="1130" WIDTH="31"/>
						<String ID="P11_ST00056" HPOS="1282" VPOS="1064" WIDTH="52" HEIGHT="53" CONTENT="là" WC="1.00" CC="00"/>
						<SP ID="P11_SP00045" HPOS="1334" VPOS="1130" WIDTH="30"/>
						<String ID="P11_ST00057" HPOS="1364" VPOS="1064" WIDTH="73" HEIGHT="53" CONTENT="les" WC="0.95" CC="075"/>
						<SP ID="P11_SP00046" HPOS="1437" VPOS="1130" WIDTH="29"/>
						<String ID="P11_ST00058" HPOS="1466" VPOS="1065" WIDTH="282" HEIGHT="54" CONTENT="caractères" WC="0.99" CC="3865007720"/>
						<SP ID="P11_SP00047" HPOS="1748" VPOS="1130" WIDTH="30"/>
						<String ID="P11_ST00059" HPOS="1778" VPOS="1065" WIDTH="92" HEIGHT="54" CONTENT="des" WC="0.96" CC="009"/>
						<SP ID="P11_SP00048" HPOS="1870" VPOS="1130" WIDTH="29"/>
						<String ID="P11_ST00060" HPOS="1899" VPOS="1077" WIDTH="112" HEIGHT="42" CONTENT="arts" WC="0.98" CC="0008"/>
						<SP ID="P11_SP00049" HPOS="2011" VPOS="1130" WIDTH="29"/>
						<String ID="P11_ST00061" HPOS="2040" VPOS="1065" WIDTH="321" HEIGHT="68" CONTENT="classiques?" WC="0.99" CC="01021000536"/>
						<SP ID="P11_SP00050" HPOS="2361" VPOS="1133" WIDTH="34"/>
						<String ID="P11_ST00062" HPOS="2395" VPOS="1086" WIDTH="32" HEIGHT="34" CONTENT="»" WC="0.36" CC="6"/>
					</TextLine>
					<TextLine ID="P11_TL00013" HPOS="334" VPOS="1149" WIDTH="569" HEIGHT="68">
						<String ID="P11_ST00063" HPOS="334" VPOS="1149" WIDTH="569" HEIGHT="68" CONTENT="m'objecterez-vous." WC="1.00" CC="620050000890252403"/>
					</TextLine>
					<TextLine ID="P11_TL00014" HPOS="671" VPOS="1247" WIDTH="1537" HEIGHT="62">
						<String ID="P11_ST00064" HPOS="671" VPOS="1247" WIDTH="160" HEIGHT="55" CONTENT="Vous" WC="1.00" CC="0001"/>
						<SP ID="P11_SP00051" HPOS="831" VPOS="1302" WIDTH="217"/>
						<String ID="P11_ST00065" HPOS="1048" VPOS="1247" WIDTH="177" HEIGHT="55" CONTENT="l'avez" WC="0.99" CC="020804"/>
						<SP ID="P11_SP00052" HPOS="1225" VPOS="1302" WIDTH="231"/>
						<String ID="P11_ST00066" HPOS="1456" VPOS="1247" WIDTH="83" HEIGHT="55" CONTENT="dit" WC="0.98" CC="023"/>
						<SP ID="P11_SP00053" HPOS="1539" VPOS="1302" WIDTH="154"/>
						<String ID="P11_ST00067" HPOS="1693" VPOS="1267" WIDTH="18" HEIGHT="35" CONTENT=":" WC="1.00" CC="0"/>
						<SP ID="P11_SP00054" HPOS="1711" VPOS="1302" WIDTH="76"/>
						<String ID="P11_ST00068" HPOS="1787" VPOS="1248" WIDTH="45" HEIGHT="54" CONTENT="si" WC="1.00" CC="00"/>
						<SP ID="P11_SP00055" HPOS="1832" VPOS="1302" WIDTH="96"/>
						<String ID="P11_ST00069" HPOS="1928" VPOS="1248" WIDTH="280" HEIGHT="61" CONTENT="moderne," WC="0.99" CC="13006904"/>
					</TextLine>
					<TextLine ID="P11_TL00015" HPOS="341" VPOS="1333" WIDTH="2057" HEIGHT="68">
						<String ID="P11_ST00070" HPOS="341" VPOS="1346" WIDTH="54" HEIGHT="42" CONTENT="et" WC="1.00" CC="00"/>
						<SP ID="P11_SP00056" HPOS="395" VPOS="1388" WIDTH="107"/>
						<String ID="P11_ST00071" HPOS="502" VPOS="1333" WIDTH="141" HEIGHT="55" CONTENT="seuls" WC="0.99" CC="00050"/>
						<SP ID="P11_SP00057" HPOS="643" VPOS="1388" WIDTH="194"/>
						<String ID="P11_ST00072" HPOS="837" VPOS="1345" WIDTH="188" HEIGHT="43" CONTENT="seront" WC="0.98" CC="305190"/>
						<SP ID="P11_SP00058" HPOS="1025" VPOS="1388" WIDTH="244"/>
						<String ID="P11_ST00073" HPOS="1269" VPOS="1335" WIDTH="306" HEIGHT="66" CONTENT="classiques," WC="1.00" CC="00445000024"/>
						<SP ID="P11_SP00059" HPOS="1575" VPOS="1401" WIDTH="370"/>
						<String ID="P11_ST00074" HPOS="1945" VPOS="1336" WIDTH="90" HEIGHT="52" CONTENT="des" WC="0.98" CC="004"/>
						<SP ID="P11_SP00060" HPOS="2035" VPOS="1401" WIDTH="152"/>
						<String ID="P11_ST00075" HPOS="2187" VPOS="1336" WIDTH="211" HEIGHT="53" CONTENT="artistes" WC="0.99" CC="07609100"/>
					</TextLine>
					<TextLine ID="P11_TL00016" HPOS="337" VPOS="1421" WIDTH="179" HEIGHT="53">
						<String ID="P11_ST00076" HPOS="337" VPOS="1421" WIDTH="179" HEIGHT="53" CONTENT="nistes." WC="0.98" CC="9397006"/>
					</TextLine>
				</TextBlock>
				<TextBlock ID="P11_TB00005" HPOS="1650" VPOS="1509" WIDTH="698" HEIGHT="58" STYLEREFS="TXT_6 PAR_RIGHT">
					<TextLine ID="P11_TL00017" HPOS="1654" VPOS="1509" WIDTH="694" HEIGHT="58">
						<String ID="P11_ST00077" HPOS="1654" VPOS="1509" WIDTH="198" HEIGHT="54" CONTENT="Victor" WC="0.99" CC="001005"/>
						<SP ID="P11_SP00061" HPOS="1852" VPOS="1563" WIDTH="270"/>
						<String ID="P11_ST00078" HPOS="2122" VPOS="1509" WIDTH="226" HEIGHT="58" CONTENT="BOURGEOIS." WC="1.00" CC="3302000000"/>
					</TextLine>
				</TextBlock>
				<TextBlock ID="P11_TB00006" HPOS="334" VPOS="2054" WIDTH="2100" HEIGHT="488" STYLEREFS="TXT_4 PAR_LEFT">
					<TextLine ID="P11_TL00018" HPOS="501" VPOS="2054" WIDTH="1933" HEIGHT="69">
						<String ID="P11_ST00079" HPOS="501" VPOS="2054" WIDTH="174" HEIGHT="55" CONTENT="VAN" WC="1.00" CC="000"/>
						<SP ID="P11_SP00062" HPOS="675" VPOS="2109" WIDTH="35"/>
						<String ID="P11_ST00080" HPOS="710" VPOS="2056" WIDTH="105" HEIGHT="52" CONTENT="DE" WC="1.00" CC="00"/>
						<SP ID="P11_SP00063" HPOS="815" VPOS="2109" WIDTH="37"/>
						<String ID="P11_ST00081" HPOS="852" VPOS="2056" WIDTH="264" HEIGHT="53" CONTENT="VELDE" WC="1.00" CC="00000"/>
						<SP ID="P11_SP00064" HPOS="1116" VPOS="2109" WIDTH="37"/>
						<String ID="P11_ST00082" HPOS="1153" VPOS="2057" WIDTH="94" HEIGHT="53" CONTENT="fut" WC="1.00" CC="000"/>
						<SP ID="P11_SP00065" HPOS="1247" VPOS="2110" WIDTH="35"/>
						<String ID="P11_ST00083" HPOS="1282" VPOS="2057" WIDTH="200" HEIGHT="66" CONTENT="obligé," WC="0.99" CC="5000024"/>
						<SP ID="P11_SP00066" HPOS="1482" VPOS="2123" WIDTH="34"/>
						<String ID="P11_ST00084" HPOS="1516" VPOS="2058" WIDTH="33" HEIGHT="53" CONTENT="à" WC="0.55" CC="4"/>
						<SP ID="P11_SP00067" HPOS="1549" VPOS="2123" WIDTH="36"/>
						<String ID="P11_ST00085" HPOS="1585" VPOS="2058" WIDTH="53" HEIGHT="53" CONTENT="la" WC="1.00" CC="00"/>
						<SP ID="P11_SP00068" HPOS="1638" VPOS="2123" WIDTH="34"/>
						<String ID="P11_ST00086" HPOS="1672" VPOS="2058" WIDTH="141" HEIGHT="55" CONTENT="suite" WC="0.99" CC="00350"/>
						<SP ID="P11_SP00069" HPOS="1813" VPOS="2123" WIDTH="36"/>
						<String ID="P11_ST00087" HPOS="1849" VPOS="2058" WIDTH="91" HEIGHT="55" CONTENT="des" WC="1.00" CC="000"/>
						<SP ID="P11_SP00070" HPOS="1940" VPOS="2123" WIDTH="36"/>
						<String ID="P11_ST00088" HPOS="1976" VPOS="2057" WIDTH="235" HEIGHT="57" CONTENT="derniers" WC="0.99" CC="00682400"/>
						<SP ID="P11_SP00071" HPOS="2211" VPOS="2123" WIDTH="34"/>
						<String ID="P11_ST00089" HPOS="2245" VPOS="2059" WIDTH="158" HEIGHT="52" CONTENT="événe" SUBS_TYPE="HypPart1" SUBS_CONTENT="événements," WC="0.97" CC="79700"/>
						<HYP HPOS="2403" VPOS="2059" WIDTH="31" CONTENT="-"/>
					</TextLine>
					<TextLine ID="P11_TL00019" HPOS="344" VPOS="2141" WIDTH="2000" HEIGHT="67">
						<String ID="P11_ST00090" HPOS="344" VPOS="2152" WIDTH="197" HEIGHT="48" CONTENT="ments," SUBS_TYPE="HypPart2" SUBS_CONTENT="événements," WC="0.98" CC="090094"/>
						<SP ID="P11_SP00072" HPOS="541" VPOS="2200" WIDTH="251"/>
						<String ID="P11_ST00091" HPOS="792" VPOS="2142" WIDTH="66" HEIGHT="52" CONTENT="de" WC="1.00" CC="00"/>
						<SP ID="P11_SP00073" HPOS="858" VPOS="2200" WIDTH="114"/>
						<String ID="P11_ST00092" HPOS="972" VPOS="2141" WIDTH="209" HEIGHT="67" CONTENT="quitter" WC="1.00" CC="0000000"/>
						<SP ID="P11_SP00074" HPOS="1181" VPOS="2208" WIDTH="261"/>
						<String ID="P11_ST00093" HPOS="1442" VPOS="2142" WIDTH="380" HEIGHT="66" CONTENT="l'Allemagne." WC="1.00" CC="010000000001"/>
						<SP ID="P11_SP00075" HPOS="1822" VPOS="2208" WIDTH="441"/>
						<String ID="P11_ST00094" HPOS="2263" VPOS="2143" WIDTH="81" HEIGHT="52" CONTENT="La" WC="1.00" CC="00"/>
					</TextLine>
					<TextLine ID="P11_TL00020" HPOS="340" VPOS="2227" WIDTH="2094" HEIGHT="67">
						<String ID="P11_ST00095" HPOS="340" VPOS="2227" WIDTH="46" HEIGHT="55" CONTENT="si" WC="0.59" CC="80"/>
						<SP ID="P11_SP00076" HPOS="386" VPOS="2282" WIDTH="108"/>
						<String ID="P11_ST00096" HPOS="494" VPOS="2227" WIDTH="136" HEIGHT="55" CONTENT="belle" WC="1.00" CC="00000"/>
						<SP ID="P11_SP00077" HPOS="630" VPOS="2282" WIDTH="193"/>
						<String ID="P11_ST00097" HPOS="823" VPOS="2228" WIDTH="250" HEIGHT="54" CONTENT="occasion" WC="0.99" CC="20009000"/>
						<SP ID="P11_SP00078" HPOS="1073" VPOS="2282" WIDTH="308"/>
						<String ID="P11_ST00098" HPOS="1381" VPOS="2228" WIDTH="65" HEIGHT="54" CONTENT="de" WC="0.53" CC="09"/>
						<SP ID="P11_SP00079" HPOS="1446" VPOS="2282" WIDTH="122"/>
						<String ID="P11_ST00099" HPOS="1568" VPOS="2228" WIDTH="191" HEIGHT="66" CONTENT="perdre" WC="0.99" CC="007000"/>
						<SP ID="P11_SP00080" HPOS="1759" VPOS="2294" WIDTH="252"/>
						<String ID="P11_ST00100" HPOS="2011" VPOS="2247" WIDTH="107" HEIGHT="36" CONTENT="une" WC="0.96" CC="009"/>
						<SP ID="P11_SP00081" HPOS="2118" VPOS="2294" WIDTH="164"/>
						<String ID="P11_ST00101" HPOS="2282" VPOS="2247" WIDTH="152" HEIGHT="36" CONTENT="secon" WC="0.99" CC="00060"/>
					</TextLine>
					<TextLine ID="P11_TL00021" HPOS="340" VPOS="2315" WIDTH="1781" HEIGHT="55">
						<String ID="P11_ST00102" HPOS="340" VPOS="2315" WIDTH="105" HEIGHT="53" CONTENT="DE" WC="1.00" CC="00"/>
						<SP ID="P11_SP00082" HPOS="445" VPOS="2368" WIDTH="163"/>
						<String ID="P11_ST00103" HPOS="608" VPOS="2316" WIDTH="263" HEIGHT="53" CONTENT="VELDE" WC="0.99" CC="00000"/>
						<SP ID="P11_SP00083" HPOS="871" VPOS="2369" WIDTH="325"/>
						<String ID="P11_ST00104" HPOS="1196" VPOS="2316" WIDTH="248" HEIGHT="53" CONTENT="travaille" WC="1.00" CC="000000007"/>
						<SP ID="P11_SP00084" HPOS="1444" VPOS="2369" WIDTH="298"/>
						<String ID="P11_ST00105" HPOS="1742" VPOS="2317" WIDTH="379" HEIGHT="53" CONTENT="actuellement" WC="1.00" CC="000000009200"/>
					</TextLine>
					<TextLine ID="P11_TL00022" HPOS="339" VPOS="2401" WIDTH="1924" HEIGHT="67">
						<String ID="P11_ST00106" HPOS="339" VPOS="2420" WIDTH="67" HEIGHT="34" CONTENT="ne" WC="0.14" CC="79"/>
						<SP ID="P11_SP00085" HPOS="406" VPOS="2454" WIDTH="140"/>
						<String ID="P11_ST00107" HPOS="546" VPOS="2417" WIDTH="315" HEIGHT="39" CONTENT="conservera" WC="0.99" CC="0099300000"/>
						<SP ID="P11_SP00086" HPOS="861" VPOS="2456" WIDTH="392"/>
						<String ID="P11_ST00108" HPOS="1253" VPOS="2401" WIDTH="139" HEIGHT="53" CONTENT="ainsi" WC="0.98" CC="00950"/>
						<SP ID="P11_SP00087" HPOS="1392" VPOS="2456" WIDTH="215"/>
						<String ID="P11_ST00109" HPOS="1607" VPOS="2402" WIDTH="65" HEIGHT="52" CONTENT="de" WC="1.00" CC="00"/>
						<SP ID="P11_SP00088" HPOS="1672" VPOS="2456" WIDTH="144"/>
						<String ID="P11_ST00110" HPOS="1816" VPOS="2402" WIDTH="78" HEIGHT="54" CONTENT="lui" WC="1.00" CC="000"/>
						<SP ID="P11_SP00089" HPOS="1894" VPOS="2456" WIDTH="162"/>
						<String ID="P11_ST00111" HPOS="2056" VPOS="2402" WIDTH="207" HEIGHT="66" CONTENT="qu'une" WC="0.97" CC="092905"/>
					</TextLine>
					<TextLine ID="P11_TL00023" HPOS="339" VPOS="2486" WIDTH="1039" HEIGHT="56">
						<String ID="P11_ST00112" HPOS="339" VPOS="2486" WIDTH="310" HEIGHT="56" CONTENT="MAISON" WC="1.00" CC="002000"/>
						<SP ID="P11_SP00090" HPOS="649" VPOS="2542" WIDTH="369"/>
						<String ID="P11_ST00113" HPOS="1018" VPOS="2489" WIDTH="360" HEIGHT="53" CONTENT="D'UCCLE." WC="0.92" CC="01000004" STYLEREFS="TXT_6"/>
					</TextLine>
				</TextBlock>
			</PrintSpace>
		</Page>
	</Layout>
</alto>
