2796 4074
1342 3712 124 71 209

1982 3727 57 35 N°
2076 3722 69 40 10.
2182 3724 206 38 FÉVRIER
2426 3722 121 40 1923

273 3733 58 35 LA
365 3726 132 44 CITÉ.
536 3736 46 33 lII
587 3730 18 22 e
638 3726 182 44 ANNÉE.

433 1330 571 170 Quelques
1154 1376 274 86 mots
1573 1330 805 132 d'introduction

430 1577 221 76 aux
710 1518 569 132 Formules
1360 1513 96 137 d'
1461 1574 211 76 une
1754 1516 622 170 Esthétique

430 1704 536 134 Moderne
1009 1704 450 132 d'Henri
1487 1704 279 132 Van
1804 1704 127 132 de
1962 1704 129 132 V
2099 1704 218 132 elde

2326 1702 53 50 (»

950 2057 310 52 Concevoir
1308 2056 517 57 raisonnablement,
1876 2057 126 51 c'est
2048 2054 133 54 neuf
2231 2068 50 40 et
2328 2054 126 53 c'est

953 2145 202 52 ancien.
1204 2143 130 52 Cela
1381 2142 230 53 conduit
1655 2160 112 34 aux
1813 2141 264 54 extrêmes
2121 2156 52 39 et
2219 2159 116 36 non
2383 2159 70 34 au

952 2231 144 65 juste
1129 2230 204 52 milieu.
1698 2230 71 50 H.
1806 2228 174 54 VAN
2011 2228 106 54 DE
2150 2227 284 55 VELDE.

515 2392 104 52 Ces
644 2410 163 48 pages
834 2402 129 42 sont
988 2391 168 52 d'une
1181 2390 256 54 actualité
1462 2391 347 52 émouvante.
1838 2388 147 55 Elles
2012 2407 67 36 ne
2106 2400 132 43 sont
2264 2405 158 51 cepen-

352 2479 139 53 dant
511 2479 165 66 point
699 2479 228 53 récentes
949 2479 58 52 ni
1030 2477 300 54 consacrées
1352 2477 31 54 à
1406 2477 90 52 des
1518 2476 342 53 événements
1883 2476 167 67 précis
2083 2496 18 33 :
2126 2477 116 52 leur
2266 2486 157 43 actua-

357 2565 96 53 lité
604 2565 260 67 provient
1185 2565 361 66 uniquement
1966 2565 65 52 de
2153 2565 116 52 leur
2440 2583 15 47 p

361 2653 166 54 d'être
792 2653 176 53 actuel
1228 2672 68 34 ne
1462 2651 413 55 consiste-t-elle
2382 2669 73 50 pas

355 2740 296 54 devancer?

685 2827 253 54 Certains
1234 2846 256 48 penseurs
1792 2837 103 42 ont
2044 2827 47 52 le
2181 2825 260 68 privilège

355 2914 143 59 crise,
699 2915 72 53 les
888 2914 233 54 remèdes
1397 2933 107 47 que
1660 2924 126 42 tous
1957 2912 426 68 préconiseront,

359 3001 47 53 le
489 3002 116 52 mal
757 3018 134 36 aura
1067 3001 267 66 accompli
1648 3020 77 33 un
1841 2999 179 66 grand
2241 3015 209 49 ravage.

352 3088 130 60 fois,
508 3088 66 54 ils
602 3089 270 53 énoncent
900 3088 116 52 leur
1043 3086 207 67 pensée,
1281 3084 393 55 l'indifférence
1703 3086 74 53 les
1805 3084 262 54 accueille.
2100 3086 143 53 Leur
2274 3096 179 57 temps

483 3213 41 45 (t
538 3212 16 45 )
583 3213 77 36 Les
687 3223 21 26 «
734 3211 208 37 Formules
966 3211 122 37 d'une
1114 3211 229 44 esthétique
1368 3209 195 37 moderne
1600 3221 22 25 >
1659 3208 167 37 d'Henri
1862 3223 78 21 van
1978 3209 50 37 de
2062 3208 130 38 Velde
2229 3212 226 40 paraîtront

362 3264 338 43 prochainement
727 3264 101 36 dans
856 3264 56 35 les
940 3263 171 36 éditions
1137 3263 51 36 de
1214 3262 25 36 F
1271 3274 23 25 €
1320 3261 182 45 Equerre
1526 3272 35 25 ».
1587 3261 112 36 Nous
1721 3275 129 21 avons
1875 3260 151 36 obtenu
2052 3260 38 36 la
2114 3260 143 37 faveur
2280 3261 50 36 de
2355 3275 75 31 pou-

362 3317 88 35 voir
478 3315 119 37 offrir
623 3319 23 33 à
675 3330 76 22 nos
777 3316 176 37 lecteurs
980 3315 37 35 la
1045 3316 183 43 primeur
1255 3314 71 36 des
1355 3327 128 31 pages
1524 3312 55 36 les
1622 3312 89 45 plus
1755 3311 304 46 remarquables
2098 3312 50 37 de
2192 3327 45 23 ce
2278 3312 175 37 volume.

359 3366 172 38 D'autre
557 3377 96 35 part
680 3367 54 37 M.
767 3367 145 36 Victor
939 3365 223 46 Bourgeois
1193 3380 103 22 nous
1327 3380 25 21 a
1382 3367 180 34 autorisé
1592 3368 23 32 à
1641 3364 122 36 livrer
1789 3379 51 22 au
1866 3363 137 45 public
2030 3363 148 37 l'étude
2207 3366 69 42 qui
2305 3366 152 35 servira

362 3419 47 37 de
437 3419 163 43 préface
628 3434 79 21 aux
733 3419 128 36 Ecrits
889 3419 53 35 du
969 3421 156 33 maître.

2002 3467 26 37 «
2053 3467 72 37 LA
2154 3467 118 37 CITE
2302 3481 34 23 ».
