2796 4074
1367 3674 133 88 226

310 3707 57 34 LA
392 3699 129 44 CITÉ.

2214 3702 203 46 FÉVRIER
2444 3699 118 49 1923

865 260 1152 45 TECHNOLOGIE

218 475 95 36 d'un
348 478 115 40 étage
495 487 51 23 ne
579 480 178 38 peuvent
787 486 74 31 pas
894 471 200 38 atteindre
1126 474 106 36 aussi
1268 471 118 38 facile-

220 547 109 28 ment
371 537 56 36 les
470 536 131 45 objets
643 539 171 42 exposés
854 549 83 23 aux
980 539 137 41 étages
1159 537 246 44 supérieurs;

218 601 109 36 enfin
364 609 103 30 cette
478 623 9 5 -
503 599 259 45 plateforme
799 608 159 36 permet
990 601 40 36 la
1068 613 233 23 manoeuvre
1337 599 68 36 des

217 665 163 36 rideaux
404 664 99 36 dont
527 663 26 37 il
579 678 23 21 a
629 667 63 33 été
717 662 113 46 parlé
856 677 51 22 au
933 663 121 37 début
1080 672 37 27 et
1143 665 69 43 qui
1237 663 87 36 font
1350 662 54 37 du

216 728 80 36 hall
327 743 52 21 un
411 729 314 42 compartiment
752 727 111 37 isolé.

272 802 107 38 Pour
404 811 221 37 permettre
652 802 36 36 le
715 805 152 33 service
895 803 69 36 des
992 805 217 42 pompiers»
1235 816 107 32 pour
1368 802 35 35 le

214 876 218 35 sauvetage
465 881 54 21 ou
553 881 105 30 pour
691 867 226 36 combattre
953 867 35 36 le
1022 868 78 39 feu,
1136 881 78 22 une
1249 867 154 36 fenêtre

216 946 51 20 au
302 933 130 34 moins
465 934 22 32 à
523 931 157 44 chaque
717 934 116 41 étage
867 930 49 36 de
950 930 158 45 chaque
1144 930 140 45 façade
1320 929 83 37 doit

214 997 85 33 être
340 1003 122 27 tenue
503 994 99 36 libre
643 994 49 36 de
734 1002 113 29 toute
886 996 243 41 exposition;
1169 993 136 46 quand
1348 994 56 36 les

214 1058 173 45 grandes
428 1058 247 37 dimensions
715 1057 54 36 du
809 1057 218 37 bâtiments
1070 1057 202 45 l'exigent,
1316 1057 64 45 plu-

215 1123 126 34 sieurs
371 1121 174 37 fenêtres
571 1136 77 30 par
674 1124 117 42 étage
819 1121 162 36 doivent
1009 1125 84 32 être
1124 1124 202 35 réservées
1355 1121 48 36 de

212 1185 38 37 la
277 1188 131 33 même
435 1185 132 44 façon.

271 1260 74 37 Les
385 1261 208 36 conduites
633 1260 261 37 d'électricité
934 1260 162 37 doivent
1135 1263 85 35 être
1260 1263 143 43 posées

212 1338 95 23 sous
341 1324 116 37 tubes
488 1324 168 37 isolants
689 1338 99 22 avec
822 1324 224 44 enveloppe
1080 1324 232 46 métallique
1346 1325 57 36 les

212 1390 241 42 protégeant
486 1388 70 37 des
588 1388 134 42 chocs,
759 1390 100 34 mais
890 1397 246 35 permettant
1169 1388 37 36 la
1236 1388 146 36 ventila-

215 1453 94 45 tion,
336 1466 68 22 car
424 1450 38 37 le
484 1451 155 45 danger
659 1451 69 37 des
749 1454 197 42 systèmes
968 1451 48 37 de
1040 1455 228 41 protection
1291 1451 89 38 habi-

214 1514 121 38 tuelle
366 1524 59 28 est
455 1515 330 37 réchauffement
816 1516 221 44 progressif
1067 1516 48 37 de
1146 1515 37 36 la
1214 1516 188 35 conduite

213 1580 31 35 si
269 1578 74 38 elle
364 1588 59 26 est
446 1594 52 21 un
522 1594 78 29 peu
625 1579 186 44 chargée,
833 1578 193 46 jusqu'au
1049 1588 180 27 moment
1252 1582 53 33 où
1329 1578 73 37 elle

210 1651 86 27 «net
324 1642 34 36 le
386 1642 68 36 feu
480 1657 79 21 aux
585 1642 132 45 objets
743 1644 70 43 qui
838 1641 258 38 l'entourent.

273 1718 73 36 Les
373 1718 156 45 lampes
556 1721 23 33 à
605 1718 319 37 incandescence
953 1733 49 21 ne
1030 1719 162 36 doivent
1218 1733 73 31 pas
1319 1721 85 34 être

214 1785 144 41 posées
395 1796 68 22 sur
498 1782 57 36 les
590 1782 320 41 marchandises;
945 1782 99 36 dans
1077 1783 57 37 les
1169 1782 146 36 locaux
1350 1785 53 33 où

215 1860 65 21 ces
304 1845 155 44 lampes
484 1848 180 42 risquent
688 1846 126 36 d'être
838 1845 373 37 accidentellement
1235 1860 50 22 en
1308 1860 72 21 con-

214 1917 83 27 tact
329 1923 99 22 avec
461 1908 70 37 des
563 1911 189 35 matières
783 1909 297 41 combustibles,
1116 1909 93 38 elles
1242 1909 161 36 doivent

215 1975 86 33 être
332 1975 156 33 munies
519 1971 224 38 d'assiettes
773 1975 24 33 à
826 1971 37 37 la
895 1974 128 43 partie
1053 1972 216 37 inférieure
1300 1986 103 31 pour

212 2039 159 33 arrêter
407 2036 38 35 la
480 2036 120 36 chute
638 2036 69 36 des
743 2035 201 37 charbons
978 2036 324 42 incandescents;
1338 2050 66 22 ces

215 2101 183 34 assiettes
426 2113 49 23 ne
503 2099 163 36 doivent
694 2114 73 30 pas
795 2101 157 43 risquer
980 2100 125 35 d'être
1135 2099 166 37 fendues
1328 2114 76 30 par

212 2161 40 37 la
277 2162 167 37 chaleur
463 2162 73 37 des
560 2163 214 40 charbons,
800 2163 98 35 c'est
922 2165 201 42 pourquoi
1147 2161 179 47 l'emploi
1349 2163 53 36 du

212 2239 119 25 verre
356 2225 104 37 n'est
485 2240 74 31 pas
583 2227 178 35 autorisé
785 2239 108 32 pour
916 2234 62 28 cet
1006 2240 134 31 usage.
1167 2226 65 37 Un
1258 2240 144 31 espace

215 2289 100 36 libre
339 2289 84 37 doit
443 2292 87 33 être
553 2288 117 38 laissé
691 2298 149 28 autour
863 2289 68 37 des
955 2292 236 35 résistances
1213 2290 70 36 des
1305 2289 72 37 lam-

212 2366 73 31 pes
313 2356 23 32 à
363 2366 83 28 arc,
477 2354 186 43 toujours
690 2352 101 37 dans
818 2352 36 38 le
883 2353 72 36 but
983 2352 167 38 d'éviter
1176 2352 58 38 les
1264 2357 114 32 consé-

214 2431 177 29 quences
420 2417 48 35 de
497 2415 229 38 l'élévation
754 2417 50 36 de
832 2420 285 41 température.

271 2492 74 37 Les
381 2494 143 35 sorties
558 2500 39 31 et
630 2493 58 37 les
724 2507 119 30 cages
878 2492 209 37 d'escalier
1120 2493 161 37 doivent
1316 2496 85 33 être

215 2557 156 35 munies
403 2556 95 36 d'un
529 2555 200 46 éclairage
760 2555 49 39 de
840 2559 133 34 sûreté
1003 2558 68 43 qui
1099 2556 85 37 doit
1213 2559 84 34 être
1327 2559 74 34 mis

213 2633 50 22 en
288 2621 154 34 service
466 2622 21 32 à
513 2619 155 38 l'heure
691 2622 52 33 où
768 2619 38 37 la
828 2619 169 38 lumière
1021 2620 52 35 du
1097 2623 96 41 jour
1215 2635 50 22 ne
1290 2619 111 37 suffit

214 2682 89 45 plus
331 2678 98 41 dans
459 2683 55 37 les
543 2685 214 43 magasins.
786 2682 77 38 Cet
891 2683 199 45 éclairage
1119 2692 58 28 est
1205 2686 196 34 constitué

212 2758 76 33 par
313 2745 68 37 des
407 2746 181 45 bougies,
615 2746 71 37 des
712 2746 154 45 lampes
893 2749 23 34 à
941 2746 108 38 huile
1075 2761 52 22 ou
1154 2747 69 37 des
1248 2747 154 45 lampes

212 2808 242 46 électriques
487 2824 98 22 avec
617 2810 69 37 des
719 2810 210 37 conduites
963 2810 318 37 d'alimentation
1314 2815 66 40 spé-

214 2871 134 39 ciales.

270 2949 245 45 L'éclairage
543 2949 68 38 des
639 2949 243 38 devantures
910 2967 49 20 ne
987 2960 95 34 peut
1110 2953 84 35 être
1224 2950 70 38 fait
1322 2965 78 29 que

1482 472 50 38 de
1556 472 232 38 l'extérieur
1811 487 54 23 ou
1887 473 123 39 d'une
2032 477 131 43 partie
2187 477 166 44 séparée
2375 474 50 37 de
2448 474 222 38 l'intérieur

1483 550 74 30 par
1589 552 78 21 une
1701 536 104 37 forte
1836 536 125 47 glace.
1993 536 152 38 Toutes
2175 537 57 37 les
2267 537 208 37 conduites
2507 537 163 37 doivent

1482 602 84 34 être
1595 599 161 45 placées
1784 614 95 23 sous
1907 601 107 37 tube.
2045 601 149 45 Quand
2222 603 56 37 les
2307 602 242 37 devantures
2578 608 91 29 sont

1488 668 185 40 séparées
1703 664 54 35 du
1790 667 179 41 magasin
2001 679 75 29 par
2107 679 77 22 une
2215 665 211 36 deuxième
2456 667 113 38 vitre,
2603 664 69 36 des

1486 726 154 45 lampes
1677 735 175 37 peuvent
1885 730 86 35 être
2007 727 161 46 placées
2201 731 24 33 à
2260 728 233 38 l'intérieur.

1541 804 106 35 Pour
1679 812 230 34 permettre,
1943 818 48 21 en
2025 818 66 21 cas
2123 804 48 37 de
2202 804 163 45 danger,
2399 804 268 37 l'évacuation

1482 867 136 44 rapide
1646 867 68 35 des
1740 867 145 36 locaux
1911 875 38 31 et
1977 866 36 37 la
2041 869 97 34 mise
2164 883 49 21 en
2241 882 136 23 œuvre
2402 868 70 36 des
2498 881 167 31 moyens

1481 929 47 36 de
1566 932 238 42 protection,
1843 945 53 21 un
1934 930 169 36 nombre
2139 931 186 37 suffisant
2361 931 304 37 d'avertisseurs

1486 1002 58 27 est
1568 992 117 45 placé
1709 996 23 33 à
1759 993 158 45 chaque
1941 997 129 40 étage.
2098 994 78 36 Ces
2201 997 263 35 avertisseurs
2486 1009 155 21 commu-

1486 1058 167 43 niquent
1683 1056 264 37 directement
1975 1071 98 22 avec
2102 1058 35 38 le
2168 1067 115 34 poste
2312 1058 47 37 de
2389 1073 181 26 secours;
2601 1059 69 35 dès

1481 1119 127 46 qu'un
1649 1121 246 36 avertisseur
1935 1129 59 30 est
2039 1122 74 34 mis
2156 1136 51 21 en
2248 1122 146 40 action,
2440 1137 53 21 un
2537 1121 128 45 signal

1481 1182 194 38 d'alarme
1699 1187 83 34 très
1807 1197 147 23 sonore
1982 1186 160 36 retentit
2169 1184 99 36 dans
2295 1194 85 26 tout
2407 1184 37 38 le
2472 1188 193 42 magasin.

1539 1258 87 37 Une
1655 1260 146 44 équipe
1830 1258 249 46 d'employés
2107 1258 52 38 du
2188 1262 194 43 magasin,
2413 1256 188 49 désignée
2627 1270 39 28 et

1484 1324 183 35 instruite
1694 1336 99 23 avec
1821 1324 101 40 soin,
1951 1331 60 28 est
2040 1323 173 45 chargée
2242 1323 52 36 du
2324 1326 245 34 maniement
2600 1324 67 36 des

1482 1386 200 44 appareils
1708 1386 273 36 d'extinction.
2010 1385 81 38 Elle
2118 1387 158 43 dispose
2303 1387 68 36 des
2398 1390 125 40 prises
2550 1387 117 36 d'eau

1488 1452 189 41 répoïties
1710 1465 46 19 en
1789 1450 125 43 grand
1945 1450 169 36 nombre
2144 1450 100 35 dans
2272 1460 132 27 toutes
2433 1451 56 36 les
2519 1453 150 42 parties

1485 1521 37 26 et
1562 1513 285 36 d'extincteurs
1882 1515 310 42 automatiques.
2233 1513 79 37 Dès
2350 1514 35 36 le
2421 1514 141 45 signal,
2603 1528 66 21 ces

1484 1575 206 45 employés
1717 1590 42 21 se
1789 1575 169 38 rendent
1985 1590 52 22 au
2067 1586 116 34 poste
2208 1578 70 44 qui
2307 1580 87 36 leur
2424 1586 57 27 est
2509 1579 159 42 assigné

1484 1648 37 25 et
1556 1639 234 36 s'efforcent
1824 1639 48 37 de
1907 1639 224 37 combattre
2166 1639 212 38 l'incendie
2411 1650 39 26 et
2484 1641 48 36 de
2568 1641 101 36 faire

1485 1707 169 31 évacuer
1684 1705 32 32 le
1746 1705 192 42 magasin.

1538 1776 82 39 Ces
1659 1779 290 45 prescriptions
1991 1787 92 28 sont
2122 1782 23 33 à
2187 1794 80 30 peu
2309 1782 92 42 près
2441 1780 224 44 identiques

1481 1841 99 37 dans
1603 1850 132 28 toutes
1759 1841 55 37 les
1838 1841 129 42 villes;
1991 1842 94 38 elles
2110 1853 89 25 sont
2226 1845 345 42 rigoureusement
2597 1857 46 30 ap-

1482 1904 193 44 pliquées.
1708 1904 290 42 Evidemment,
2032 1905 57 37 les
2124 1905 185 37 escaliers
2340 1909 68 42 qui
2442 1916 225 27 traversent

1484 1974 54 29 ies
1568 1971 201 41 magasins
1799 1983 158 22 comme
1987 1968 68 37 des
2084 1978 111 27 tours
2224 1984 50 22 au
2303 1969 79 36 lieu
2411 1970 49 38 de
2488 1972 127 34 servir
2644 1973 20 32 à

1482 2031 36 36 la
1548 2031 246 42 décoration,
1828 2032 158 44 choque
2015 2048 53 20 un
2098 2046 79 30 peu
2206 2048 73 21 nos
2307 2032 230 44 habitudes;
2566 2035 99 34 mais

1481 2109 156 21 comme
1662 2096 46 34 ils
1735 2105 88 26 sont
1848 2095 328 37 incombustibles
2203 2105 37 27 et
2266 2097 297 36 suffisamment
2587 2097 59 35 lar-

1482 2173 66 28 ges
1573 2167 37 26 et
1633 2158 176 45 ventilés,
1837 2159 35 36 le
1896 2159 153 44 danger
2072 2173 77 30 que
2173 2170 167 26 courent
2365 2159 55 37 les
2444 2174 221 31 personnes

1481 2231 57 25 est
1579 2222 213 44 beaucoup
1834 2222 188 36 diminué.
2065 2222 73 37 Les
2178 2237 237 22 ascenseurs
2456 2223 130 41 isolés,
2630 2222 35 37 le

1481 2286 400 44 compartimentage,
1995 2288 258 42 précautions
2281 2286 98 37 dans
2407 2286 37 37 la
2471 2302 97 30 pose
2596 2286 68 37 des

1479 2346 286 40 canalisations
1792 2347 261 39 d'électricité
2083 2347 171 39 limitent
2285 2349 58 37 les
2368 2350 142 45 dégâts
2542 2353 98 33 maté-

1482 2410 101 38 riels.
1624 2410 28 37 11
1694 2422 58 28 est
1793 2413 150 35 certain
1985 2426 78 31 que
2103 2412 285 37 l'observation
2430 2415 235 44 rigoureuse

1479 2474 70 37 des
1578 2475 240 44 règlements
1848 2476 134 36 donne
2009 2490 78 22 une
2117 2476 150 45 grande
2296 2479 190 40 sécurité;
2513 2476 57 37 les
2599 2476 44 36 dé-

1479 2551 142 30 penses
1649 2537 360 46 supplémentaires
2036 2541 69 43 qui
2130 2554 49 21 en
2206 2548 89 27 sont
2321 2539 39 37 la
2383 2544 280 42 conséquence

1480 2615 51 21 ne
1568 2610 91 28 sont
1694 2615 72 31 pas
1798 2605 83 33 très
1915 2601 172 42 élevées;
2121 2602 94 37 elles
2249 2612 91 28 sont
2376 2606 290 34 certainement

1482 2669 262 39 compensées
1776 2680 73 29 par
1880 2665 352 38 l'amortissement
2265 2668 129 35 moins
2428 2667 138 45 rapide
2596 2667 69 35 des

1482 2730 296 35 constructions
1817 2742 73 23 car
1928 2728 57 38 les
2024 2729 148 46 grands
2215 2732 201 42 magasins
2453 2739 92 27 sont
2586 2744 77 22 une

1481 2793 112 41 proie
1632 2794 28 33 si
1700 2790 116 39 fàeile
1853 2807 104 29 pour
1992 2791 57 38 les
2087 2792 184 37 flammes
2309 2793 166 45 qu'elles
2508 2808 25 29 y
2573 2807 69 22 cau-

1481 2864 86 26 sent
1601 2855 349 45 périodiquement
1985 2855 227 38 d'énormes
2248 2856 149 45 dégâts.

1662 2954 46 45 («
1733 2954 57 38 La
1814 2954 191 39 Réforme
2034 2955 54 37 du
2113 2954 199 38 Bâtiment
2339 2967 34 29 »,
2406 2956 23 35 8
2459 2956 203 44 octobre.)
