2796 4074
1361 3650 164 91 227

308 3690 58 33 LA
400 3681 129 45 CITÉ.

2201 3679 204 48 FÉVRIER
2445 3678 133 48 1923.

542 216 494 48 ECHOS
1139 214 153 46 ET
1397 212 936 49 NOUVELLES

304 429 997 124 Congrès=Expositions

270 583 240 40 CONGRES
554 578 431 39 INTERNATIONAL
1027 578 69 36 DE
1140 577 236 39 L'HABITA-

212 650 125 40 TION
369 646 67 38 EN
480 645 116 36 Î923.
726 643 54 37 Le
816 642 183 45 Congrès
1031 642 290 36 international
1358 641 48 37 de

214 714 260 39 l'Habitation
505 713 21 31 à
555 710 82 34 bon
667 707 177 44 marché,
875 710 68 40 qui
970 706 135 36 devait
1135 708 114 35 avoir
1275 706 79 35 lieu
1383 709 23 32 à

215 783 135 34 Rome,
379 791 49 20 en
455 772 230 45 septembre
711 770 173 41 dernier,
914 770 158 37 tiendra
1098 770 309 44 probablement

215 858 60 22 jes
312 843 140 33 assises
487 842 25 30 à
549 836 217 39 Bruxelles,
806 850 50 20 au
896 838 100 31 mois
1031 835 140 35 d'août
1209 833 196 45 prochain

222 906 218 46 (première
472 900 220 44 semaine).

269 970 74 35 Les
376 968 169 43 progrès
581 962 174 42 réalisés,
791 977 50 21 en
874 962 205 44 Belgique,
1115 962 141 43 depuis
1291 971 115 26 notre

215 1033 250 39 Conférence
500 1025 206 39 nationale
739 1028 52 36 de
832 1025 119 43 1920,
987 1034 91 27 sont
1112 1039 110 23 assez
1255 1028 126 41 impor-

215 1105 104 29 tants
353 1108 105 31 pour
495 1092 125 44 qu'on
656 1093 134 42 puisse
826 1099 182 27 montrer
1044 1104 79 22 aux
1159 1088 249 45 spécialistes

217 1165 203 38 étrangers
466 1158 67 42 qui
578 1155 215 36 viendront
839 1169 49 21 en
935 1155 127 43 grand
1107 1153 182 40 nombre,
1338 1151 70 37 des

216 1222 220 38 ensembles
466 1220 98 36 d'un
599 1219 80 35 réel
709 1221 160 33 intérêt.
903 1218 101 35 D'ici
1038 1233 51 20 au
1121 1220 102 33 mois
1254 1216 151 40 d'août,

216 1289 50 35 du
296 1288 140 37 moins,
469 1293 38 26 et
536 1283 216 35 l'annonce
783 1282 53 36 du
866 1285 172 40 congrès
1067 1296 90 21 sera
1185 1296 106 29 pour
1321 1280 85 35 cela

216 1353 92 35 d'un
346 1350 93 34 utile
477 1347 218 39 stimulant,
735 1346 169 35 nombre
941 1345 49 36 de
1029 1345 249 36 réalisations
1315 1344 92 44 déjà

214 1418 204 33 amorcées
446 1419 201 36 pourront
670 1414 86 32 être
781 1409 210 37 achevées.

269 1476 180 37 L'Union
484 1475 71 37 des
587 1473 125 37 Villes
745 1476 202 41 envisage,
982 1473 69 36 dès
1083 1477 24 31 à
1142 1476 175 41 présent,
1352 1487 54 20 un

214 1555 153 30 voyage
401 1538 213 38 circulaire
649 1554 49 20 en
731 1537 203 45 Belgique.
971 1538 73 34 Les
1079 1536 111 36 villes
1224 1546 39 26 et
1298 1550 80 21 com-

213 1618 141 28 munes
378 1605 69 42 qui
472 1613 148 26 auront
644 1617 52 20 vu
720 1601 259 44 s'accomplir
1002 1616 68 20 sur
1095 1601 87 35 leur
1205 1601 202 34 territoire

212 1669 70 36 des
317 1668 142 35 efforts
496 1666 141 45 dignes
675 1666 188 35 d'intérêt
900 1674 139 27 seront
1074 1664 106 36 donc
1214 1667 26 32 à
1277 1663 106 36 l'hon-

208 1745 116 25 neur.
352 1731 61 36 De
439 1730 88 37 leur
555 1733 104 38 côté,
687 1729 59 37 les
776 1731 160 42 régions
964 1729 209 36 dévastées
1200 1727 203 40 offriront,

209 1811 53 21 au
284 1797 113 42 point
419 1795 48 35 de
490 1809 76 21 vue
588 1794 49 35 de
659 1793 39 37 la
722 1794 336 38 reconstruction,
1086 1808 52 20 un
1164 1792 79 36 réel
1268 1793 136 33 attrait

211 1873 103 31 pour
336 1858 56 36 les
416 1857 251 46 délégations
689 1859 248 44 étrangères.

270 1959 89 36 LES
397 1957 383 45 CITES-JARDINS
822 1957 68 36 DE
932 1957 267 44 BELGIQUE.
1340 1955 68 37 Au

216 2027 222 41 printemps
472 2022 212 45 prochain,
720 2021 58 37 les
813 2021 188 45 délégués
1033 2021 70 36 des
1136 2020 177 37 diverses
1346 2034 41 22 so-

213 2089 121 34 ciétés
361 2086 149 36 locales
539 2086 289 36 d'habitations
856 2089 23 31 à
906 2086 82 34 bon
1017 2085 165 35 marché
1211 2084 53 36 du
1291 2098 112 30 pays,

216 2151 132 36 feront
376 2166 53 22 un
457 2165 156 29 voyage
640 2154 23 32 à
690 2159 155 26 travers
872 2149 38 35 la
936 2148 192 46 Belgique
1151 2152 28 32 là
1205 2147 129 37 l'effet
1360 2147 49 36 de

214 2216 134 34 visiter
384 2214 55 36 les
475 2214 273 44 cités-jardins
784 2216 242 32 construites
1061 2213 141 43 depuis
1240 2211 146 37 l'armis-

214 2281 89 35 tice.

272 2341 116 37 Cette
416 2344 116 34 visite
562 2355 42 23 se
633 2341 88 36 fera
750 2355 94 21 sous
872 2340 36 36 le
938 2349 225 36 patronage
1193 2340 49 35 de
1269 2339 41 36 la
1338 2339 46 35 So-

212 2407 100 35 ciété
340 2406 205 36 nationale
573 2405 301 37 d'Habitations
900 2408 22 32 à
949 2403 83 37 bon
1058 2402 179 38 marché.

269 2493 221 37 SOCIETE
528 2492 277 38 CENTRALE
841 2491 473 38 D'ARCHITECTURE.

209 2558 56 36 La
286 2560 170 33 réunion
480 2557 187 37 annuelle
691 2557 49 36 de
762 2559 38 35 la
820 2556 158 36 Société
1000 2555 192 36 Centrale
1213 2554 167 37 d'Archi-

217 2630 154 28 tecture
397 2621 49 37 de
473 2621 202 44 Belgique,
706 2630 122 26 tenue
856 2623 261 37 récemment,
1145 2634 25 21 a
1198 2622 62 33 été
1288 2620 100 43 parti-

199 2686 265 36 culièrement
490 2688 282 33 intéressante.

272 2748 66 37 On
363 2764 25 29 y
412 2764 24 21 a
460 2747 180 39 entendu
663 2747 71 38 des
757 2751 171 42 exposés
953 2747 49 37 de
1024 2747 55 37 M.
1103 2746 214 38 Moenaert
1343 2761 69 21 sur

215 2811 282 46 l'importance
530 2813 54 36 du
616 2812 186 45 Congrès
832 2810 290 39 international
1152 2820 42 29 et
1223 2809 166 46 l'exposi-

218 2878 82 34 tion
333 2877 315 37 d'architecture
680 2877 50 36 de
762 2876 80 36 l'an
879 2881 134 40 passé;
1044 2877 51 36 de
1126 2875 54 37 M.
1215 2874 50 37 A.
1299 2874 89 36 Puis-

211 2950 92 26 sant
331 2956 71 21 sur
425 2940 61 37 les
515 2943 178 34 maisons
720 2943 208 34 ouvrières
958 2949 39 27 et
1023 2940 59 37 les
1112 2939 245 37 habitations
1387 2941 23 34 à

214 3004 81 36 bon
320 3005 178 36 marché.

268 3069 67 36 Au
364 3083 122 22 cours
514 3069 49 36 de
595 3077 104 32 cette
730 3071 132 34 même
894 3070 183 40 réunion,
1108 3069 27 36 il
1166 3083 22 21 a
1220 3070 64 34 été
1314 3081 68 31 pro-

216 3131 96 37 cédé
341 3136 23 32 à
393 3133 39 37 la
460 3133 258 36 distribution
745 3132 72 38 des
847 3134 151 43 primes
1025 3132 55 37 du
1111 3145 201 23 concours
1342 3145 46 22 an-

216 3196 94 36 nuel
339 3196 243 45 d'esquisses
613 3197 50 37 de
702 3196 116 36 1922.
851 3196 115 45 Sujet
1003 3211 9 21 :
1041 3211 81 23 une
1153 3204 118 37 porte
1302 3209 81 22 com-

212 3262 277 36 mémorative.

273 3324 204 37 Première
502 3327 130 42 prime
665 3340 7 21 :
696 3324 55 37 M.
777 3324 100 44 Jean
903 3324 198 40 Contessi,
1130 3323 157 41 Italien;
1312 3323 74 36 deu-

214 3389 131 36 xième
371 3391 130 41 prime
533 3404 8 20 :
566 3389 53 36 M.
647 3389 59 35 De
731 3389 115 40 Laet;
872 3398 38 26 et
936 3390 38 35 la
1000 3390 205 34 troisième
1232 3389 129 42 prime
1387 3389 22 33 à

212 3451 54 36 M.
301 3451 133 37 Guidé
469 3452 155 45 Siorgo,
663 3451 226 46 également
925 3451 152 37 Italien.

1851 427 466 96 Concours

1543 577 199 39 BILBAO.
1868 576 307 40 MONUMENT
2208 577 78 37 AU
2318 576 368 40 SACRE-CŒUR.

1528 664 13 5 -
1563 642 63 36 Un
1653 657 198 21 concours
1876 657 106 30 pour
2004 642 214 43 l'érection
2244 642 96 36 d'un
2368 652 241 28 monument
2630 656 56 22 au

1484 706 266 36 Sacré-Cœur
1772 706 49 37 de
1843 706 115 45 Jésus
1987 706 325 45 (avant-projet)
2339 721 71 22 sur
2432 706 39 37 la
2493 704 119 47 place
2635 706 51 37 dm

1486 769 169 45 Belgica,
1701 774 22 31 à
1766 770 148 41 Bilbao,
1957 779 61 28 est
2057 780 144 27 ouvert
2241 786 75 30 par
2356 770 38 37 le
2434 770 161 37 Comité
2632 770 53 37 dm

1486 833 244 45 l'Apostolat
1756 834 48 40 de
1829 834 218 37 l'Oraison.

1544 897 179 36 Peuvent
1752 897 176 45 prendre
1956 907 93 36 part
2077 902 23 32 à
2131 913 47 21 ce
2208 913 199 21 concours
2437 898 57 36 les
2523 900 163 35 artistes

1486 961 225 44 sculpteurs
1748 971 38 26 et
1823 962 242 36 architectes
2101 972 88 27 tant
2224 962 215 45 espagnols
2477 963 185 46 qu'étran-

1486 1039 101 29 gers.

1543 1089 72 35 Les
1644 1092 154 41 projets
1824 1090 174 35 devront
2025 1092 87 33 être
2142 1092 120 34 remis
2291 1099 122 28 avant
2441 1091 36 38 le
2515 1091 8 34 lerI
2535 1094 38 21 er
2598 1091 85 36 mai

1493 1153 100 35 1923
1622 1162 37 26 et
1683 1152 182 38 adressés
1891 1163 21 26 «
1934 1153 55 40 Al
2011 1151 229 39 Secretario
2265 1153 63 37 del
2351 1151 259 46 Apostolado
2632 1151 51 39 de

1487 1216 37 35 la
1554 1216 191 40 Oracion,
1780 1215 100 38 calle
1910 1216 148 47 Ayalo,
2092 1217 38 40 3,
2159 1220 27 32 à
2213 1216 139 37 Bilbao
2389 1217 233 46 (Espagne)
2657 1227 26 27 >

1488 1283 68 41 qui
1582 1291 58 25 est
1667 1280 38 35 la
1733 1280 206 37 résidence
1964 1280 72 37 des
2059 1280 45 36 R.
2131 1280 42 37 P.
2199 1282 171 43 Jésuites
2398 1285 23 32 à
2446 1280 153 38 Bilbao.

1486 1344 52 35 Le
1590 1344 166 35 résultat
1803 1344 52 36 du
1904 1357 203 30 concours
2155 1359 89 21 sera
2292 1343 137 47 publié
2477 1353 122 28 avant
2646 1343 39 38 le

1494 1407 8 36 ler1
1515 1412 36 20 er
1575 1409 89 43 juin
1700 1406 116 38 1923.

1544 1472 53 36 Le
1620 1475 95 41 jury
1740 1473 235 39 attribuera,
2001 1472 63 36 s'il
2090 1487 26 29 y
2141 1487 22 21 a
2189 1472 92 41 lieu,
2309 1487 54 21 un
2389 1475 179 42 premier
2592 1474 93 43 prix

1489 1536 46 36 de
1575 1536 144 35 15.000
1752 1545 160 34 pesetas
1942 1545 39 27 et
2010 1552 56 20 un
2095 1545 117 27 autre
2243 1536 48 36 de
2332 1536 146 36 10.000
2510 1544 174 37 pesetas.

1486 1600 57 35 En
1573 1608 118 27 outre
1722 1614 79 21 une
1832 1614 157 22 somme
2020 1599 50 36 de
2100 1599 155 36 20.000
2287 1609 160 35 pesetas
2478 1602 152 34 servira
2660 1603 26 32 à

1485 1668 115 31 créer
1637 1665 177 34 d'autres
1851 1665 92 43 prix
1978 1663 51 36 de
2065 1662 185 38 moindre
2286 1666 256 42 importance
2578 1677 107 31 pour

1491 1732 284 39 récompenser
1815 1727 57 36 les
1911 1735 139 28 autres
2088 1730 157 42 projets
2284 1731 69 40 qui
2394 1735 138 28 seront
2568 1729 120 42 jugés

1488 1792 137 43 dignes
1651 1792 121 34 d'une
1798 1792 248 34 distinction.

1546 1854 256 37 CHICAGO.
1921 1853 230 38 L'HOTEL
2181 1853 69 37 DE
2283 1855 71 36 LA
2387 1865 21 26 <
2439 1853 249 38 CHICAGO

1484 1918 222 36 TRIBUNE
1734 1930 35 25 ».
1883 1919 55 35 Le
1965 1917 131 46 grand
2120 1917 165 45 journal
2311 1920 224 35 américain
2564 1933 24 20 a
2614 1933 48 21 ou-

1485 1992 86 26 vert
1599 1999 52 19 un
1678 1997 201 21 concours
1904 1997 107 30 pour
2032 1981 40 37 la
2098 1984 292 40 construction,
2418 1986 23 32 à
2465 1981 222 37 l'occasion

1488 2046 47 35 de
1568 2062 71 19 son
1777 2048 290 39 anniversaire,
2100 2045 97 37 d'un
2226 2054 112 28 vaste
2368 2044 222 40 immeuble
2618 2044 46 37 de-

1486 2120 97 26 vant
1611 2112 186 34 contenir
1825 2119 92 27 tous
1943 2123 67 23 ses
2035 2112 189 34 services.
2252 2110 57 37 Le
2338 2111 178 43 premier
2544 2110 90 44 prix
2664 2123 24 22 a

1487 2178 62 30 été
1583 2174 152 36 obtenu
1770 2188 74 31 par
1871 2173 102 38 MM.
2006 2173 108 45 John
2144 2173 123 36 Mead
2300 2173 178 36 Howells
2509 2184 41 27 et
2582 2173 78 44 Ray-

1488 2238 121 36 mond
1630 2238 55 36 M.
1711 2237 133 42 Hood,
1870 2237 201 45 diplômés
2092 2236 52 38 de
2166 2236 150 38 l'Ecole
2340 2237 70 37 des
2431 2237 257 37 Beaux-Arts

1486 2302 48 35 de
1561 2302 122 36 Paris.

1545 2366 53 35 Le
1630 2366 149 35 nouvel
1808 2364 222 37 immeuble
2058 2380 103 22 aura
2199 2365 67 35 121
2307 2380 52 21 m.
2394 2365 80 36 917
2507 2366 50 35 de
2588 2365 99 36 haut

1487 2439 38 25 et
1554 2433 169 32 coûtera
1749 2430 40 35 la
1814 2443 160 24 somme
2001 2428 212 37 fabuleuse
2238 2429 51 36 de
2317 2438 89 36 sept
2436 2428 176 37 millions
2638 2428 50 37 de

1487 2493 160 36 dollars.
1673 2493 29 36 Il
1724 2507 92 22 sera
1837 2493 50 37 de
1909 2493 104 45 style
2036 2491 209 46 gothique.
2267 2493 235 45 Rappelons
2527 2507 79 30 que
2631 2492 56 36 les

1485 2566 114 26 tours
1639 2557 48 35 de
1728 2556 38 36 la
1804 2556 200 45 basilique
2042 2556 52 36 de
2133 2555 275 37 Notre-Dame
2450 2556 114 36 n'ont
2607 2570 80 30 que

1488 2621 51 35 66
1564 2624 149 32 mètres
1734 2620 49 36 de
1806 2620 112 36 haut.

1543 2684 54 36 Le
1624 2684 212 37 deuxième
1862 2686 92 42 prix
1976 2698 25 21 a
2027 2686 64 33 été
2114 2683 177 37 attribué
2318 2687 24 32 à
2365 2683 100 38 Eliel
2488 2683 198 37 Saarinen

1493 2748 254 44 (Finlande).
1777 2748 151 35 Toutes
1956 2747 57 36 les
2039 2755 138 28 autres
2204 2750 151 42 primes
2382 2759 71 26 ont
2483 2751 61 32 été
2573 2748 94 35 attri-

1486 2812 122 36 buées
1638 2816 22 31 à
1690 2812 68 36 des
1787 2811 244 37 architectes
2057 2813 256 35 américains.

1543 2875 155 37 LILLE.
1824 2874 107 37 UNE
1963 2874 318 37 EXPOSITION
2316 2874 69 36 DE
2417 2874 239 37 L'HABITA-

1487 2939 126 36 TION
1654 2938 293 37 FAMILIALE.
2081 2938 100 37 Afin
2219 2938 51 37 de
2311 2938 235 37 contribuer
2585 2942 22 31 à
2645 2940 41 36 la

1489 3004 173 35 solution
1695 3004 48 36 de
1773 3002 39 37 la
1843 3005 102 34 crise
1975 3002 56 39 du
2058 3001 208 45 logement
2296 3002 99 36 dans
2426 3002 37 39 le
2489 3001 116 38 Nord
2635 3002 50 36 de

1488 3067 38 36 la
1564 3067 164 42 France,
1768 3067 39 36 la
1845 3065 241 38 Fédération
2120 3065 72 37 des
2228 3065 158 37 Unions
2422 3065 50 40 de
2512 3064 174 39 familles

1488 3131 262 37 nombreuses
1777 3145 24 21 a
1828 3145 49 21 eu
1906 3129 230 38 l'heureuse
2162 3131 241 44 inspiration
2430 3130 256 45 d'organiser

1489 3200 21 32 à
1533 3194 96 38 Lille
1652 3194 35 37 le
1712 3196 101 34 mois
1834 3193 143 38 d'avril
2008 3192 117 43 1923,
2151 3208 79 22 une
2253 3194 237 45 Exposition
2514 3195 49 35 de
2587 3194 79 36 l'ha-

1488 3262 167 35 bitation
1686 3257 202 40 familiale.

1545 3323 305 36 L'Association
1890 3336 106 30 pour
2032 3321 371 37 l'embellissement
2442 3322 51 38 de
2532 3321 40 38 la
2608 3321 79 37 Vie

1487 3387 159 40 Rurale,
1690 3403 48 19 en
1779 3385 171 38 Flandre
1989 3384 280 43 Occidentale,
2310 3401 24 21 a
2370 3389 66 33 été
2474 3387 150 36 invitée
2661 3389 25 35 à

1488 3453 210 40 organiser
1731 3466 79 20 une
1842 3451 154 35 section
2025 3449 54 37 de
2111 3448 38 38 la
2180 3448 83 38 dite
2296 3451 241 42 exposition.
