<?xml version="1.0" encoding="UTF-8"?>
<alto xmlns:xsi="http://www.w3.org/2001/XMLSchema-instance" xmlns="http://www.loc.gov/standards/alto/ns-v2#" xsi:schemaLocation="http://www.loc.gov/standards/alto/ns-v2# http://www.loc.gov/standards/alto/alto-v2.0.xsd" xmlns:xlink="http://www.w3.org/1999/xlink">
	<Description>
		<MeasurementUnit>mm10</MeasurementUnit>
		<sourceImageInformation>
			<fileName>//fileserver7/IN2/Princeton/Batch2/bmtnaaq/1916/12/02_01/00000392.tif</fileName>
		</sourceImageInformation>
		<OCRProcessing ID="OCRPROCESSING_1">
			<preProcessingStep>
				<processingSoftware>
					<softwareCreator>CCS Content Conversion Specialists GmbH, Germany</softwareCreator>
					<softwareName>CCS docWORKS</softwareName>
					<softwareVersion>6.6-0.29</softwareVersion>
				</processingSoftware>
			</preProcessingStep>
			<ocrProcessingStep>
				<processingSoftware>
					<softwareCreator>ABBYY (BIT Software), Russia</softwareCreator>
					<softwareName>FineReader</softwareName>
					<softwareVersion>10.0</softwareVersion>
				</processingSoftware>
			</ocrProcessingStep>
		</OCRProcessing>
		<OCRProcessing ID="OCRPROCESSING_2">
			<preProcessingStep>
				<processingSoftware>
					<softwareCreator>CCS Content Conversion Specialists GmbH, Germany</softwareCreator>
					<softwareName>CCS docWORKS</softwareName>
					<softwareVersion>6.6-0.29</softwareVersion>
				</processingSoftware>
			</preProcessingStep>
			<ocrProcessingStep>
				<processingSoftware>
					<softwareCreator>ABBYY (BIT Software), Russia</softwareCreator>
					<softwareName>NA</softwareName>
				</processingSoftware>
			</ocrProcessingStep>
		</OCRProcessing>
	</Description>
	<Styles>
		<TextStyle ID="TXT_0" FONTSIZE="10" FONTFAMILY="Times New Roman"/>
		<ParagraphStyle ID="PAR_RIGHT" ALIGN="Right"/>
		<ParagraphStyle ID="PAR_LEFT" ALIGN="Left"/>
		<ParagraphStyle ID="PAR_BLOCK" ALIGN="Block"/>
	</Styles>
	<Layout>
		<Page ID="P6" PHYSICAL_IMG_NR="6" HEIGHT="4389" WIDTH="3076" PRINTED_IMG_NR="1216" PC="0.947">
			<TopMargin ID="P6_TM00001" HPOS="0" VPOS="0" WIDTH="3076" HEIGHT="311">
				<TextBlock ID="P6_TB00001" HPOS="1377" VPOS="272" WIDTH="458" HEIGHT="33" STYLEREFS="TXT_0 PAR_RIGHT">
					<TextLine ID="P6_TL00001" HPOS="1377" VPOS="272" WIDTH="457" HEIGHT="33">
						<String ID="P6_ST00001" HPOS="1377" VPOS="272" WIDTH="207" HEIGHT="33" CONTENT="BRUNO'S" WC="0.99" CC="5000040"/>
						<SP ID="P6_SP00001" HPOS="1584" VPOS="305" WIDTH="33"/>
						<String ID="P6_ST00002" HPOS="1617" VPOS="272" WIDTH="217" HEIGHT="33" CONTENT="WEEKLY" WC="1.00" CC="000040"/>
					</TextLine>
				</TextBlock>
				<TextBlock ID="P6_TB00002" HPOS="212" VPOS="277" WIDTH="85" HEIGHT="31" STYLEREFS="TXT_0 PAR_LEFT">
					<TextLine ID="P6_TL00002" HPOS="213" VPOS="277" WIDTH="84" HEIGHT="31">
						<String ID="P6_ST00003" HPOS="213" VPOS="277" WIDTH="84" HEIGHT="31" CONTENT="1216" WC="0.50" CC="0738"/>
					</TextLine>
				</TextBlock>
			</TopMargin>
			<LeftMargin ID="P6_LM00001" HPOS="0" VPOS="311" WIDTH="8" HEIGHT="4071"/>
			<RightMargin ID="P6_RM00001" HPOS="3069" VPOS="311" WIDTH="7" HEIGHT="4071"/>
			<BottomMargin ID="P6_BM00001" HPOS="0" VPOS="4382" WIDTH="3076" HEIGHT="7"/>
			<PrintSpace ID="P6_PS00001" HPOS="8" VPOS="311" WIDTH="3061" HEIGHT="4071">
				<TextBlock ID="P6_TB00003" HPOS="208" VPOS="372" WIDTH="1359" HEIGHT="1525" STYLEREFS="TXT_0 PAR_BLOCK">
					<TextLine ID="P6_TL00003" HPOS="212" VPOS="373" WIDTH="1351" HEIGHT="42">
						<String ID="P6_ST00004" HPOS="212" VPOS="373" WIDTH="178" HEIGHT="42" CONTENT="infinitely" WC="0.99" CC="4077033000"/>
						<SP ID="P6_SP00002" HPOS="390" VPOS="415" WIDTH="36"/>
						<String ID="P6_ST00005" HPOS="426" VPOS="373" WIDTH="70" HEIGHT="34" CONTENT="less" WC="1.00" CC="1000"/>
						<SP ID="P6_SP00003" HPOS="496" VPOS="415" WIDTH="38"/>
						<String ID="P6_ST00006" HPOS="534" VPOS="374" WIDTH="230" HEIGHT="33" CONTENT="sentimental" WC="1.00" CC="00042000004"/>
						<SP ID="P6_SP00004" HPOS="764" VPOS="415" WIDTH="38"/>
						<String ID="P6_ST00007" HPOS="802" VPOS="376" WIDTH="88" HEIGHT="31" CONTENT="than" WC="0.99" CC="0005"/>
						<SP ID="P6_SP00005" HPOS="890" VPOS="415" WIDTH="37"/>
						<String ID="P6_ST00008" HPOS="927" VPOS="376" WIDTH="58" HEIGHT="32" CONTENT="the" WC="1.00" CC="000"/>
						<SP ID="P6_SP00006" HPOS="985" VPOS="415" WIDTH="40"/>
						<String ID="P6_ST00009" HPOS="1025" VPOS="376" WIDTH="130" HEIGHT="33" CONTENT="author" WC="0.98" CC="000566"/>
						<SP ID="P6_SP00007" HPOS="1155" VPOS="415" WIDTH="37"/>
						<String ID="P6_ST00010" HPOS="1192" VPOS="376" WIDTH="38" HEIGHT="33" CONTENT="of" WC="1.00" CC="00"/>
						<SP ID="P6_SP00008" HPOS="1230" VPOS="415" WIDTH="38"/>
						<String ID="P6_ST00011" HPOS="1268" VPOS="378" WIDTH="101" HEIGHT="33" CONTENT='"The' WC="0.97" CC="4080"/>
						<SP ID="P6_SP00009" HPOS="1369" VPOS="415" WIDTH="37"/>
						<String ID="P6_ST00012" HPOS="1406" VPOS="379" WIDTH="157" HEIGHT="35" CONTENT="Twelve" WC="1.00" CC="000100"/>
					</TextLine>
					<TextLine ID="P6_TL00004" HPOS="210" VPOS="420" WIDTH="1354" HEIGHT="45">
						<String ID="P6_ST00013" HPOS="210" VPOS="421" WIDTH="126" HEIGHT="31" CONTENT="Pound" WC="0.99" CC="05300"/>
						<SP ID="P6_SP00010" HPOS="336" VPOS="452" WIDTH="28"/>
						<String ID="P6_ST00014" HPOS="364" VPOS="421" WIDTH="129" HEIGHT="31" CONTENT='Look."' WC="0.98" CC="444044"/>
						<SP ID="P6_SP00011" HPOS="493" VPOS="452" WIDTH="50"/>
						<String ID="P6_ST00015" HPOS="543" VPOS="421" WIDTH="123" HEIGHT="32" CONTENT="There" WC="0.99" CC="03031"/>
						<SP ID="P6_SP00012" HPOS="666" VPOS="453" WIDTH="29"/>
						<String ID="P6_ST00016" HPOS="695" VPOS="420" WIDTH="29" HEIGHT="33" CONTENT="is" WC="0.81" CC="30"/>
						<SP ID="P6_SP00013" HPOS="724" VPOS="453" WIDTH="29"/>
						<String ID="P6_ST00017" HPOS="753" VPOS="421" WIDTH="77" HEIGHT="33" CONTENT="also" WC="1.00" CC="0000"/>
						<SP ID="P6_SP00014" HPOS="830" VPOS="454" WIDTH="29"/>
						<String ID="P6_ST00018" HPOS="859" VPOS="423" WIDTH="190" HEIGHT="31" CONTENT="Hermann" WC="1.00" CC="0010030"/>
						<SP ID="P6_SP00015" HPOS="1049" VPOS="454" WIDTH="28"/>
						<String ID="P6_ST00019" HPOS="1077" VPOS="423" WIDTH="109" HEIGHT="42" CONTENT="Bahr," WC="0.87" CC="40200"/>
						<SP ID="P6_SP00016" HPOS="1186" VPOS="465" WIDTH="28"/>
						<String ID="P6_ST00020" HPOS="1214" VPOS="424" WIDTH="84" HEIGHT="34" CONTENT="who" WC="1.00" CC="000"/>
						<SP ID="P6_SP00017" HPOS="1298" VPOS="465" WIDTH="27"/>
						<String ID="P6_ST00021" HPOS="1325" VPOS="425" WIDTH="66" HEIGHT="33" CONTENT="has" WC="1.00" CC="000"/>
						<SP ID="P6_SP00018" HPOS="1391" VPOS="465" WIDTH="27"/>
						<String ID="P6_ST00022" HPOS="1418" VPOS="425" WIDTH="146" HEIGHT="35" CONTENT="written" WC="0.99" CC="0450500"/>
					</TextLine>
					<TextLine ID="P6_TL00005" HPOS="214" VPOS="465" WIDTH="1352" HEIGHT="43">
						<String ID="P6_ST00023" HPOS="214" VPOS="465" WIDTH="193" HEIGHT="36" CONTENT="attractive" WC="0.99" CC="3012004600"/>
						<SP ID="P6_SP00019" HPOS="407" VPOS="501" WIDTH="30"/>
						<String ID="P6_ST00024" HPOS="437" VPOS="466" WIDTH="200" HEIGHT="42" CONTENT="comedies;" WC="1.00" CC="000001004"/>
						<SP ID="P6_SP00020" HPOS="637" VPOS="508" WIDTH="33"/>
						<String ID="P6_ST00025" HPOS="670" VPOS="466" WIDTH="55" HEIGHT="34" CONTENT="his" WC="0.99" CC="030"/>
						<SP ID="P6_SP00021" HPOS="725" VPOS="508" WIDTH="32"/>
						<String ID="P6_ST00026" HPOS="757" VPOS="468" WIDTH="198" HEIGHT="33" CONTENT='"Concert"' WC="1.00" CC="410000004"/>
						<SP ID="P6_SP00022" HPOS="955" VPOS="508" WIDTH="31"/>
						<String ID="P6_ST00027" HPOS="986" VPOS="480" WIDTH="78" HEIGHT="22" CONTENT="was" WC="1.00" CC="000"/>
						<SP ID="P6_SP00023" HPOS="1064" VPOS="508" WIDTH="31"/>
						<String ID="P6_ST00028" HPOS="1095" VPOS="481" WIDTH="82" HEIGHT="22" CONTENT="seen" WC="1.00" CC="0000"/>
						<SP ID="P6_SP00024" HPOS="1177" VPOS="508" WIDTH="32"/>
						<String ID="P6_ST00029" HPOS="1209" VPOS="470" WIDTH="35" HEIGHT="33" CONTENT="in" WC="0.68" CC="60"/>
						<SP ID="P6_SP00025" HPOS="1244" VPOS="508" WIDTH="31"/>
						<String ID="P6_ST00030" HPOS="1275" VPOS="472" WIDTH="149" HEIGHT="32" CONTENT="London" WC="0.99" CC="540030"/>
						<SP ID="P6_SP00026" HPOS="1424" VPOS="508" WIDTH="34"/>
						<String ID="P6_ST00031" HPOS="1458" VPOS="473" WIDTH="108" HEIGHT="33" CONTENT="about" WC="0.98" CC="07003"/>
					</TextLine>
					<TextLine ID="P6_TL00006" HPOS="211" VPOS="512" WIDTH="1353" HEIGHT="46">
						<String ID="P6_ST00032" HPOS="211" VPOS="512" WIDTH="85" HEIGHT="34" CONTENT="four" WC="0.98" CC="0052"/>
						<SP ID="P6_SP00027" HPOS="296" VPOS="546" WIDTH="23"/>
						<String ID="P6_ST00033" HPOS="319" VPOS="524" WIDTH="108" HEIGHT="31" CONTENT="years" WC="1.00" CC="00030"/>
						<SP ID="P6_SP00028" HPOS="427" VPOS="555" WIDTH="27"/>
						<String ID="P6_ST00034" HPOS="454" VPOS="524" WIDTH="80" HEIGHT="31" CONTENT="ago," WC="0.98" CC="0900"/>
						<SP ID="P6_SP00029" HPOS="534" VPOS="555" WIDTH="26"/>
						<String ID="P6_ST00035" HPOS="560" VPOS="514" WIDTH="16" HEIGHT="32" CONTENT="I" WC="0.97" CC="0"/>
						<SP ID="P6_SP00030" HPOS="576" VPOS="555" WIDTH="24"/>
						<String ID="P6_ST00036" HPOS="600" VPOS="513" WIDTH="113" HEIGHT="34" CONTENT="think." WC="1.00" CC="004000"/>
						<SP ID="P6_SP00031" HPOS="713" VPOS="555" WIDTH="48"/>
						<String ID="P6_ST00037" HPOS="761" VPOS="515" WIDTH="124" HEIGHT="33" CONTENT="There" WC="1.00" CC="00000"/>
						<SP ID="P6_SP00032" HPOS="885" VPOS="555" WIDTH="26"/>
						<String ID="P6_ST00038" HPOS="911" VPOS="514" WIDTH="29" HEIGHT="33" CONTENT="is" WC="0.83" CC="30"/>
						<SP ID="P6_SP00033" HPOS="940" VPOS="555" WIDTH="27"/>
						<String ID="P6_ST00039" HPOS="967" VPOS="515" WIDTH="111" HEIGHT="42" CONTENT="lastly" WC="1.00" CC="000000"/>
						<SP ID="P6_SP00034" HPOS="1078" VPOS="557" WIDTH="26"/>
						<String ID="P6_ST00040" HPOS="1104" VPOS="517" WIDTH="109" HEIGHT="41" CONTENT="Hugo" WC="0.97" CC="0094"/>
						<SP ID="P6_SP00035" HPOS="1213" VPOS="558" WIDTH="26"/>
						<String ID="P6_ST00041" HPOS="1239" VPOS="529" WIDTH="72" HEIGHT="22" CONTENT="von" WC="1.00" CC="000"/>
						<SP ID="P6_SP00036" HPOS="1311" VPOS="558" WIDTH="28"/>
						<String ID="P6_ST00042" HPOS="1339" VPOS="518" WIDTH="200" HEIGHT="34" CONTENT="Hofmanns" SUBS_TYPE="HypPart1" SUBS_CONTENT="Hofmannsthal," WC="0.93" CC="02000000"/>
						<HYP HPOS="1539" VPOS="518" WIDTH="25" CONTENT="-"/>
					</TextLine>
					<TextLine ID="P6_TL00007" HPOS="210" VPOS="560" WIDTH="1354" HEIGHT="41">
						<String ID="P6_ST00043" HPOS="210" VPOS="560" WIDTH="89" HEIGHT="40" CONTENT="thal," SUBS_TYPE="HypPart2" SUBS_CONTENT="Hofmannsthal," WC="0.81" CC="30033"/>
						<SP ID="P6_SP00037" HPOS="299" VPOS="600" WIDTH="31"/>
						<String ID="P6_ST00044" HPOS="330" VPOS="571" WIDTH="120" HEIGHT="22" CONTENT="wnom" WC="0.63" CC="0940"/>
						<SP ID="P6_SP00038" HPOS="450" VPOS="600" WIDTH="31"/>
						<String ID="P6_ST00045" HPOS="481" VPOS="572" WIDTH="110" HEIGHT="29" CONTENT="every" WC="0.99" CC="00060"/>
						<SP ID="P6_SP00039" HPOS="591" VPOS="601" WIDTH="29"/>
						<String ID="P6_ST00046" HPOS="620" VPOS="572" WIDTH="65" HEIGHT="21" CONTENT="one" WC="0.98" CC="400"/>
						<SP ID="P6_SP00040" HPOS="685" VPOS="601" WIDTH="32"/>
						<String ID="P6_ST00047" HPOS="717" VPOS="560" WIDTH="124" HEIGHT="34" CONTENT="knows" WC="0.99" CC="05100"/>
						<SP ID="P6_SP00041" HPOS="841" VPOS="601" WIDTH="30"/>
						<String ID="P6_ST00048" HPOS="871" VPOS="561" WIDTH="39" HEIGHT="32" CONTENT="of" WC="0.76" CC="40"/>
						<SP ID="P6_SP00042" HPOS="910" VPOS="601" WIDTH="31"/>
						<String ID="P6_ST00049" HPOS="941" VPOS="569" WIDTH="35" HEIGHT="25" CONTENT="at" WC="0.81" CC="03"/>
						<SP ID="P6_SP00043" HPOS="976" VPOS="601" WIDTH="29"/>
						<String ID="P6_ST00050" HPOS="1005" VPOS="562" WIDTH="93" HEIGHT="33" CONTENT="least" WC="0.99" CC="01004"/>
						<SP ID="P6_SP00044" HPOS="1098" VPOS="601" WIDTH="31"/>
						<String ID="P6_ST00051" HPOS="1129" VPOS="574" WIDTH="38" HEIGHT="21" CONTENT="as" WC="1.00" CC="00"/>
						<SP ID="P6_SP00045" HPOS="1167" VPOS="601" WIDTH="29"/>
						<String ID="P6_ST00052" HPOS="1196" VPOS="563" WIDTH="161" HEIGHT="34" CONTENT="Richard" WC="0.99" CC="0300040"/>
						<SP ID="P6_SP00046" HPOS="1357" VPOS="601" WIDTH="32"/>
						<String ID="P6_ST00053" HPOS="1389" VPOS="566" WIDTH="175" HEIGHT="33" CONTENT="Strauss's" WC="0.82" CC="315000040"/>
					</TextLine>
					<TextLine ID="P6_TL00008" HPOS="212" VPOS="605" WIDTH="1351" HEIGHT="44">
						<String ID="P6_ST00054" HPOS="212" VPOS="605" WIDTH="180" HEIGHT="33" CONTENT="librettist." WC="1.00" CC="00150003044"/>
						<SP ID="P6_SP00047" HPOS="392" VPOS="638" WIDTH="46"/>
						<String ID="P6_ST00055" HPOS="438" VPOS="607" WIDTH="56" HEIGHT="32" CONTENT="He" WC="0.93" CC="01"/>
						<SP ID="P6_SP00048" HPOS="494" VPOS="639" WIDTH="23"/>
						<String ID="P6_ST00056" HPOS="517" VPOS="607" WIDTH="129" HEIGHT="32" CONTENT="should" WC="0.99" CC="036000"/>
						<SP ID="P6_SP00049" HPOS="646" VPOS="639" WIDTH="23"/>
						<String ID="P6_ST00057" HPOS="669" VPOS="607" WIDTH="42" HEIGHT="33" CONTENT="be" WC="1.00" CC="00"/>
						<SP ID="P6_SP00050" HPOS="711" VPOS="640" WIDTH="23"/>
						<String ID="P6_ST00058" HPOS="734" VPOS="607" WIDTH="141" HEIGHT="42" CONTENT="known," WC="1.00" CC="000002"/>
						<SP ID="P6_SP00051" HPOS="875" VPOS="649" WIDTH="23"/>
						<String ID="P6_ST00059" HPOS="898" VPOS="616" WIDTH="67" HEIGHT="33" CONTENT="too," WC="0.97" CC="0353"/>
						<SP ID="P6_SP00052" HPOS="965" VPOS="649" WIDTH="24"/>
						<String ID="P6_ST00060" HPOS="989" VPOS="608" WIDTH="58" HEIGHT="32" CONTENT="for" WC="0.97" CC="006"/>
						<SP ID="P6_SP00053" HPOS="1047" VPOS="649" WIDTH="23"/>
						<String ID="P6_ST00061" HPOS="1070" VPOS="608" WIDTH="55" HEIGHT="34" CONTENT="his" WC="1.00" CC="010"/>
						<SP ID="P6_SP00054" HPOS="1125" VPOS="649" WIDTH="21"/>
						<String ID="P6_ST00062" HPOS="1146" VPOS="609" WIDTH="166" HEIGHT="34" CONTENT="versions" WC="1.00" CC="00501300"/>
						<SP ID="P6_SP00055" HPOS="1312" VPOS="649" WIDTH="22"/>
						<String ID="P6_ST00063" HPOS="1334" VPOS="611" WIDTH="38" HEIGHT="33" CONTENT="of" WC="0.86" CC="20"/>
						<SP ID="P6_SP00056" HPOS="1372" VPOS="649" WIDTH="23"/>
						<String ID="P6_ST00064" HPOS="1395" VPOS="611" WIDTH="168" HEIGHT="34" CONTENT="classical" WC="1.00" CC="000006001"/>
					</TextLine>
					<TextLine ID="P6_TL00009" HPOS="210" VPOS="652" WIDTH="1353" HEIGHT="47">
						<String ID="P6_ST00065" HPOS="210" VPOS="653" WIDTH="131" HEIGHT="31" CONTENT="drama" WC="0.99" CC="05000"/>
						<SP ID="P6_SP00057" HPOS="341" VPOS="684" WIDTH="28"/>
						<String ID="P6_ST00066" HPOS="369" VPOS="653" WIDTH="84" HEIGHT="32" CONTENT="such" WC="1.00" CC="0000"/>
						<SP ID="P6_SP00058" HPOS="453" VPOS="685" WIDTH="29"/>
						<String ID="P6_ST00067" HPOS="482" VPOS="665" WIDTH="38" HEIGHT="20" CONTENT="as" WC="1.00" CC="00"/>
						<SP ID="P6_SP00059" HPOS="520" VPOS="685" WIDTH="28"/>
						<String ID="P6_ST00068" HPOS="548" VPOS="652" WIDTH="122" HEIGHT="42" CONTENT='"King' WC="0.99" CC="40040"/>
						<SP ID="P6_SP00060" HPOS="670" VPOS="694" WIDTH="26"/>
						<String ID="P6_ST00069" HPOS="696" VPOS="653" WIDTH="158" HEIGHT="42" CONTENT="CEdipus" WC="0.79" CC="7303000"/>
						<SP ID="P6_SP00061" HPOS="854" VPOS="695" WIDTH="28"/>
						<String ID="P6_ST00070" HPOS="882" VPOS="656" WIDTH="70" HEIGHT="31" CONTENT="and" WC="1.00" CC="000"/>
						<SP ID="P6_SP00062" HPOS="952" VPOS="695" WIDTH="27"/>
						<String ID="P6_ST00071" HPOS="979" VPOS="655" WIDTH="59" HEIGHT="32" CONTENT="the" WC="1.00" CC="000"/>
						<SP ID="P6_SP00063" HPOS="1038" VPOS="695" WIDTH="29"/>
						<String ID="P6_ST00072" HPOS="1067" VPOS="655" WIDTH="170" HEIGHT="43" CONTENT='Sphinx,"' WC="0.99" CC="00060014"/>
						<SP ID="P6_SP00064" HPOS="1237" VPOS="698" WIDTH="28"/>
						<String ID="P6_ST00073" HPOS="1265" VPOS="656" WIDTH="59" HEIGHT="33" CONTENT="for" WC="0.96" CC="065"/>
						<SP ID="P6_SP00065" HPOS="1324" VPOS="698" WIDTH="26"/>
						<String ID="P6_ST00074" HPOS="1350" VPOS="658" WIDTH="55" HEIGHT="33" CONTENT="his" WC="0.97" CC="530"/>
						<SP ID="P6_SP00066" HPOS="1405" VPOS="698" WIDTH="29"/>
						<String ID="P6_ST00075" HPOS="1434" VPOS="658" WIDTH="129" HEIGHT="41" CONTENT="lyrical" WC="1.00" CC="0024000"/>
					</TextLine>
					<TextLine ID="P6_TL00010" HPOS="211" VPOS="699" WIDTH="1353" HEIGHT="46">
						<String ID="P6_ST00076" HPOS="211" VPOS="699" WIDTH="149" HEIGHT="32" CONTENT="dramas" WC="0.99" CC="060000"/>
						<SP ID="P6_SP00067" HPOS="360" VPOS="731" WIDTH="33"/>
						<String ID="P6_ST00077" HPOS="393" VPOS="699" WIDTH="85" HEIGHT="33" CONTENT="such" WC="0.99" CC="0300"/>
						<SP ID="P6_SP00068" HPOS="478" VPOS="732" WIDTH="33"/>
						<String ID="P6_ST00078" HPOS="511" VPOS="712" WIDTH="39" HEIGHT="20" CONTENT="as" WC="1.00" CC="00"/>
						<SP ID="P6_SP00069" HPOS="550" VPOS="732" WIDTH="33"/>
						<String ID="P6_ST00079" HPOS="583" VPOS="700" WIDTH="101" HEIGHT="32" CONTENT='"The' WC="0.98" CC="4050"/>
						<SP ID="P6_SP00070" HPOS="684" VPOS="732" WIDTH="33"/>
						<String ID="P6_ST00080" HPOS="717" VPOS="701" WIDTH="121" HEIGHT="32" CONTENT="Death" WC="1.00" CC="20000"/>
						<SP ID="P6_SP00071" HPOS="838" VPOS="733" WIDTH="32"/>
						<String ID="P6_ST00081" HPOS="870" VPOS="701" WIDTH="38" HEIGHT="32" CONTENT="of" WC="0.72" CC="50"/>
						<SP ID="P6_SP00072" HPOS="908" VPOS="733" WIDTH="30"/>
						<String ID="P6_ST00082" HPOS="938" VPOS="701" WIDTH="152" HEIGHT="33" CONTENT='Titian"' WC="1.00" CC="0400003"/>
						<SP ID="P6_SP00073" HPOS="1090" VPOS="734" WIDTH="40"/>
						<String ID="P6_ST00083" HPOS="1130" VPOS="703" WIDTH="141" HEIGHT="42" CONTENT="(1892)," WC="0.80" CC="0060601"/>
						<SP ID="P6_SP00074" HPOS="1271" VPOS="745" WIDTH="35"/>
						<String ID="P6_ST00084" HPOS="1306" VPOS="705" WIDTH="101" HEIGHT="33" CONTENT='"The' WC="0.99" CC="4000"/>
						<SP ID="P6_SP00075" HPOS="1407" VPOS="745" WIDTH="32"/>
						<String ID="P6_ST00085" HPOS="1439" VPOS="705" WIDTH="125" HEIGHT="34" CONTENT="White" WC="0.99" CC="00610"/>
					</TextLine>
					<TextLine ID="P6_TL00011" HPOS="212" VPOS="745" WIDTH="1352" HEIGHT="47">
						<String ID="P6_ST00086" HPOS="212" VPOS="746" WIDTH="97" HEIGHT="32" CONTENT='Fan"' WC="0.99" CC="1001"/>
						<SP ID="P6_SP00076" HPOS="309" VPOS="778" WIDTH="45"/>
						<String ID="P6_ST00087" HPOS="354" VPOS="745" WIDTH="141" HEIGHT="42" CONTENT="(1897)," WC="0.86" CC="0050102"/>
						<SP ID="P6_SP00077" HPOS="495" VPOS="787" WIDTH="39"/>
						<String ID="P6_ST00088" HPOS="534" VPOS="746" WIDTH="211" HEIGHT="33" CONTENT='and"The' WC="0.99" CC="0304010"/>
						<SP ID="P6_SP00078" HPOS="745" VPOS="787" WIDTH="36"/>
						<String ID="P6_ST00089" HPOS="781" VPOS="746" WIDTH="87" HEIGHT="33" CONTENT="Fool" WC="0.99" CC="0300"/>
						<SP ID="P6_SP00079" HPOS="868" VPOS="787" WIDTH="37"/>
						<String ID="P6_ST00090" HPOS="905" VPOS="747" WIDTH="39" HEIGHT="32" CONTENT="of" WC="1.00" CC="00"/>
						<SP ID="P6_SP00080" HPOS="944" VPOS="787" WIDTH="36"/>
						<String ID="P6_ST00091" HPOS="980" VPOS="749" WIDTH="144" HEIGHT="32" CONTENT='Death"' WC="1.00" CC="000004"/>
						<SP ID="P6_SP00081" HPOS="1124" VPOS="787" WIDTH="43"/>
						<String ID="P6_ST00092" HPOS="1167" VPOS="749" WIDTH="142" HEIGHT="43" CONTENT="(1893)," WC="0.90" CC="0000501"/>
						<SP ID="P6_SP00082" HPOS="1309" VPOS="792" WIDTH="36"/>
						<String ID="P6_ST00093" HPOS="1345" VPOS="752" WIDTH="123" HEIGHT="33" CONTENT="where" WC="0.99" CC="00050"/>
						<SP ID="P6_SP00083" HPOS="1468" VPOS="792" WIDTH="37"/>
						<String ID="P6_ST00094" HPOS="1505" VPOS="752" WIDTH="59" HEIGHT="33" CONTENT="the" WC="1.00" CC="000"/>
					</TextLine>
					<TextLine ID="P6_TL00012" HPOS="210" VPOS="791" WIDTH="1353" HEIGHT="44">
						<String ID="P6_ST00095" HPOS="210" VPOS="791" WIDTH="176" HEIGHT="33" CONTENT="tradition" WC="0.99" CC="450043230"/>
						<SP ID="P6_SP00084" HPOS="386" VPOS="824" WIDTH="35"/>
						<String ID="P6_ST00096" HPOS="421" VPOS="792" WIDTH="29" HEIGHT="32" CONTENT="is" WC="0.94" CC="10"/>
						<SP ID="P6_SP00085" HPOS="450" VPOS="824" WIDTH="33"/>
						<String ID="P6_ST00097" HPOS="483" VPOS="792" WIDTH="131" HEIGHT="41" CONTENT="mostly" WC="0.99" CC="050400"/>
						<SP ID="P6_SP00086" HPOS="614" VPOS="833" WIDTH="35"/>
						<String ID="P6_ST00098" HPOS="649" VPOS="793" WIDTH="125" HEIGHT="32" CONTENT="Stefan" WC="0.99" CC="042000"/>
						<SP ID="P6_SP00087" HPOS="774" VPOS="833" WIDTH="37"/>
						<String ID="P6_ST00099" HPOS="811" VPOS="794" WIDTH="154" HEIGHT="41" CONTENT="Georg's" WC="0.76" CC="1054040"/>
						<SP ID="P6_SP00088" HPOS="965" VPOS="835" WIDTH="34"/>
						<String ID="P6_ST00100" HPOS="999" VPOS="795" WIDTH="145" HEIGHT="33" CONTENT="carried" WC="0.99" CC="0046600"/>
						<SP ID="P6_SP00089" HPOS="1144" VPOS="835" WIDTH="35"/>
						<String ID="P6_ST00101" HPOS="1179" VPOS="808" WIDTH="89" HEIGHT="22" CONTENT="over" WC="0.98" CC="2006"/>
						<SP ID="P6_SP00090" HPOS="1268" VPOS="835" WIDTH="33"/>
						<String ID="P6_ST00102" HPOS="1301" VPOS="797" WIDTH="75" HEIGHT="33" CONTENT="into" WC="0.99" CC="1004"/>
						<SP ID="P6_SP00091" HPOS="1376" VPOS="835" WIDTH="36"/>
						<String ID="P6_ST00103" HPOS="1412" VPOS="809" WIDTH="20" HEIGHT="22" CONTENT="a" WC="1.00" CC="0"/>
						<SP ID="P6_SP00092" HPOS="1432" VPOS="835" WIDTH="34"/>
						<String ID="P6_ST00104" HPOS="1466" VPOS="798" WIDTH="97" HEIGHT="34" CONTENT="loose" WC="0.99" CC="06200"/>
					</TextLine>
					<TextLine ID="P6_TL00013" HPOS="210" VPOS="837" WIDTH="1356" HEIGHT="48">
						<String ID="P6_ST00105" HPOS="210" VPOS="837" WIDTH="182" HEIGHT="34" CONTENT="dramatic" WC="1.00" CC="05000000"/>
						<SP ID="P6_SP00093" HPOS="392" VPOS="871" WIDTH="25"/>
						<String ID="P6_ST00106" HPOS="417" VPOS="838" WIDTH="106" HEIGHT="42" CONTENT="form," WC="0.98" CC="03350"/>
						<SP ID="P6_SP00094" HPOS="523" VPOS="880" WIDTH="29"/>
						<String ID="P6_ST00107" HPOS="552" VPOS="840" WIDTH="71" HEIGHT="31" CONTENT="and" WC="1.00" CC="000"/>
						<SP ID="P6_SP00095" HPOS="623" VPOS="880" WIDTH="28"/>
						<String ID="P6_ST00108" HPOS="651" VPOS="839" WIDTH="59" HEIGHT="33" CONTENT="for" WC="0.97" CC="006"/>
						<SP ID="P6_SP00096" HPOS="710" VPOS="880" WIDTH="26"/>
						<String ID="P6_ST00109" HPOS="736" VPOS="839" WIDTH="55" HEIGHT="33" CONTENT="his" WC="0.96" CC="650"/>
						<SP ID="P6_SP00097" HPOS="791" VPOS="880" WIDTH="25"/>
						<String ID="P6_ST00110" HPOS="816" VPOS="851" WIDTH="134" HEIGHT="31" CONTENT="poems," WC="0.99" CC="060002"/>
						<SP ID="P6_SP00098" HPOS="950" VPOS="882" WIDTH="27"/>
						<String ID="P6_ST00111" HPOS="977" VPOS="840" WIDTH="119" HEIGHT="35" CONTENT="which" WC="1.00" CC="00000"/>
						<SP ID="P6_SP00099" HPOS="1096" VPOS="882" WIDTH="29"/>
						<String ID="P6_ST00112" HPOS="1125" VPOS="854" WIDTH="61" HEIGHT="21" CONTENT="are" WC="0.99" CC="030"/>
						<SP ID="P6_SP00100" HPOS="1186" VPOS="882" WIDTH="27"/>
						<String ID="P6_ST00113" HPOS="1213" VPOS="842" WIDTH="71" HEIGHT="33" CONTENT="full" WC="1.00" CC="0000"/>
						<SP ID="P6_SP00101" HPOS="1284" VPOS="882" WIDTH="28"/>
						<String ID="P6_ST00114" HPOS="1312" VPOS="844" WIDTH="39" HEIGHT="32" CONTENT="of" WC="0.88" CC="20"/>
						<SP ID="P6_SP00102" HPOS="1351" VPOS="882" WIDTH="27"/>
						<String ID="P6_ST00115" HPOS="1378" VPOS="844" WIDTH="188" HEIGHT="41" CONTENT="symbolist" WC="1.00" CC="000002400"/>
					</TextLine>
					<TextLine ID="P6_TL00014" HPOS="212" VPOS="884" WIDTH="1352" HEIGHT="47">
						<String ID="P6_ST00116" HPOS="212" VPOS="884" WIDTH="174" HEIGHT="34" CONTENT="influence" WC="1.00" CC="301130020"/>
						<SP ID="P6_SP00103" HPOS="386" VPOS="918" WIDTH="39"/>
						<String ID="P6_ST00117" HPOS="425" VPOS="886" WIDTH="184" HEIGHT="40" CONTENT="conveyed" WC="1.00" CC="05000000"/>
						<SP ID="P6_SP00104" HPOS="609" VPOS="926" WIDTH="41"/>
						<String ID="P6_ST00118" HPOS="650" VPOS="885" WIDTH="97" HEIGHT="33" CONTENT="from" WC="0.99" CC="0220"/>
						<SP ID="P6_SP00105" HPOS="747" VPOS="926" WIDTH="39"/>
						<String ID="P6_ST00119" HPOS="786" VPOS="886" WIDTH="202" HEIGHT="34" CONTENT="Mallarme" WC="0.91" CC="00000700"/>
						<SP ID="P6_SP00106" HPOS="988" VPOS="926" WIDTH="41"/>
						<String ID="P6_ST00120" HPOS="1029" VPOS="889" WIDTH="158" HEIGHT="41" CONTENT="through" WC="0.99" CC="4063000"/>
						<SP ID="P6_SP00107" HPOS="1187" VPOS="930" WIDTH="41"/>
						<String ID="P6_ST00121" HPOS="1228" VPOS="891" WIDTH="126" HEIGHT="40" CONTENT="Georg" WC="0.88" CC="00050"/>
						<SP ID="P6_SP00108" HPOS="1354" VPOS="931" WIDTH="41"/>
						<String ID="P6_ST00122" HPOS="1395" VPOS="891" WIDTH="70" HEIGHT="33" CONTENT="and" WC="0.98" CC="040"/>
						<SP ID="P6_SP00109" HPOS="1465" VPOS="931" WIDTH="40"/>
						<String ID="P6_ST00123" HPOS="1505" VPOS="892" WIDTH="59" HEIGHT="33" CONTENT="the" WC="0.98" CC="400"/>
					</TextLine>
					<TextLine ID="P6_TL00015" HPOS="212" VPOS="931" WIDTH="1352" HEIGHT="47">
						<String ID="P6_ST00124" HPOS="212" VPOS="931" WIDTH="162" HEIGHT="33" CONTENT='"Blatter' WC="0.99" CC="00004204"/>
						<SP ID="P6_SP00110" HPOS="374" VPOS="964" WIDTH="22"/>
						<String ID="P6_ST00125" HPOS="396" VPOS="931" WIDTH="61" HEIGHT="33" CONTENT="fur" WC="0.99" CC="003"/>
						<SP ID="P6_SP00111" HPOS="457" VPOS="964" WIDTH="23"/>
						<String ID="P6_ST00126" HPOS="480" VPOS="931" WIDTH="57" HEIGHT="33" CONTENT="die" WC="0.98" CC="050"/>
						<SP ID="P6_SP00112" HPOS="537" VPOS="964" WIDTH="22"/>
						<String ID="P6_ST00127" HPOS="559" VPOS="933" WIDTH="142" HEIGHT="32" CONTENT='Kunst"' WC="0.89" CC="010005"/>
						<SP ID="P6_SP00113" HPOS="701" VPOS="965" WIDTH="22"/>
						<String ID="P6_ST00128" HPOS="723" VPOS="932" WIDTH="178" HEIGHT="41" CONTENT="pioneers." WC="0.99" CC="034000403"/>
						<SP ID="P6_SP00114" HPOS="901" VPOS="973" WIDTH="46"/>
						<String ID="P6_ST00129" HPOS="947" VPOS="935" WIDTH="135" HEIGHT="41" CONTENT="Except" WC="1.00" CC="000001"/>
						<SP ID="P6_SP00115" HPOS="1082" VPOS="976" WIDTH="22"/>
						<String ID="P6_ST00130" HPOS="1104" VPOS="935" WIDTH="58" HEIGHT="32" CONTENT="for" WC="0.95" CC="067"/>
						<SP ID="P6_SP00116" HPOS="1162" VPOS="976" WIDTH="22"/>
						<String ID="P6_ST00131" HPOS="1184" VPOS="936" WIDTH="58" HEIGHT="33" CONTENT="the" WC="1.00" CC="000"/>
						<SP ID="P6_SP00117" HPOS="1242" VPOS="976" WIDTH="24"/>
						<String ID="P6_ST00132" HPOS="1266" VPOS="935" WIDTH="202" HEIGHT="43" CONTENT='"GEdipus"' WC="0.63" CC="778040004"/>
						<SP ID="P6_SP00118" HPOS="1468" VPOS="978" WIDTH="26"/>
						<String ID="P6_ST00133" HPOS="1494" VPOS="939" WIDTH="70" HEIGHT="32" CONTENT="and" WC="1.00" CC="000"/>
					</TextLine>
					<TextLine ID="P6_TL00016" HPOS="212" VPOS="977" WIDTH="1352" HEIGHT="46">
						<String ID="P6_ST00134" HPOS="212" VPOS="977" WIDTH="190" HEIGHT="34" CONTENT="''Electra&#34;" WC="0.78" CC="4402002304"/>
						<SP ID="P6_SP00119" HPOS="402" VPOS="1011" WIDTH="21"/>
						<String ID="P6_ST00135" HPOS="423" VPOS="978" WIDTH="100" HEIGHT="33" CONTENT="there" WC="0.99" CC="60000"/>
						<SP ID="P6_SP00120" HPOS="523" VPOS="1011" WIDTH="23"/>
						<String ID="P6_ST00136" HPOS="546" VPOS="977" WIDTH="28" HEIGHT="34" CONTENT="is" WC="0.81" CC="30"/>
						<SP ID="P6_SP00121" HPOS="574" VPOS="1011" WIDTH="22"/>
						<String ID="P6_ST00137" HPOS="596" VPOS="990" WIDTH="91" HEIGHT="29" CONTENT="very" WC="0.99" CC="0060"/>
						<SP ID="P6_SP00122" HPOS="687" VPOS="1019" WIDTH="21"/>
						<String ID="P6_ST00138" HPOS="708" VPOS="978" WIDTH="92" HEIGHT="34" CONTENT="little" WC="0.99" CC="043210"/>
						<SP ID="P6_SP00123" HPOS="800" VPOS="1019" WIDTH="23"/>
						<String ID="P6_ST00139" HPOS="823" VPOS="991" WIDTH="135" HEIGHT="30" CONTENT="energy" WC="1.00" CC="000400"/>
						<SP ID="P6_SP00124" HPOS="958" VPOS="1021" WIDTH="23"/>
						<String ID="P6_ST00140" HPOS="981" VPOS="982" WIDTH="70" HEIGHT="31" CONTENT="and" WC="1.00" CC="000"/>
						<SP ID="P6_SP00125" HPOS="1051" VPOS="1021" WIDTH="24"/>
						<String ID="P6_ST00141" HPOS="1075" VPOS="981" WIDTH="106" HEIGHT="42" CONTENT="vigor" WC="0.99" CC="03005"/>
						<SP ID="P6_SP00126" HPOS="1181" VPOS="1023" WIDTH="23"/>
						<String ID="P6_ST00142" HPOS="1204" VPOS="981" WIDTH="34" HEIGHT="33" CONTENT="in" WC="0.58" CC="53"/>
						<SP ID="P6_SP00127" HPOS="1238" VPOS="1023" WIDTH="25"/>
						<String ID="P6_ST00143" HPOS="1263" VPOS="983" WIDTH="301" HEIGHT="35" CONTENT="Hofmannsthal." WC="0.83" CC="0500030006024"/>
					</TextLine>
					<TextLine ID="P6_TL00017" HPOS="212" VPOS="1023" WIDTH="1354" HEIGHT="50">
						<String ID="P6_ST00144" HPOS="212" VPOS="1023" WIDTH="68" HEIGHT="33" CONTENT="His" WC="0.98" CC="050"/>
						<SP ID="P6_SP00128" HPOS="280" VPOS="1056" WIDTH="29"/>
						<String ID="P6_ST00145" HPOS="309" VPOS="1025" WIDTH="149" HEIGHT="32" CONTENT="dramas" WC="1.00" CC="040000"/>
						<SP ID="P6_SP00129" HPOS="458" VPOS="1057" WIDTH="32"/>
						<String ID="P6_ST00146" HPOS="490" VPOS="1037" WIDTH="61" HEIGHT="20" CONTENT="are" WC="0.99" CC="030"/>
						<SP ID="P6_SP00130" HPOS="551" VPOS="1057" WIDTH="31"/>
						<String ID="P6_ST00147" HPOS="582" VPOS="1025" WIDTH="119" HEIGHT="41" CONTENT="really" WC="0.99" CC="304100"/>
						<SP ID="P6_SP00131" HPOS="701" VPOS="1066" WIDTH="28"/>
						<String ID="P6_ST00148" HPOS="729" VPOS="1025" WIDTH="134" HEIGHT="42" CONTENT="strings" WC="0.99" CC="0603000"/>
						<SP ID="P6_SP00132" HPOS="863" VPOS="1067" WIDTH="30"/>
						<String ID="P6_ST00149" HPOS="893" VPOS="1026" WIDTH="38" HEIGHT="32" CONTENT="of" WC="1.00" CC="00"/>
						<SP ID="P6_SP00133" HPOS="931" VPOS="1067" WIDTH="31"/>
						<String ID="P6_ST00150" HPOS="962" VPOS="1028" WIDTH="133" HEIGHT="40" CONTENT="spoken" WC="1.00" CC="005000"/>
						<SP ID="P6_SP00134" HPOS="1095" VPOS="1068" WIDTH="31"/>
						<String ID="P6_ST00151" HPOS="1126" VPOS="1028" WIDTH="127" HEIGHT="41" CONTENT="lyrics;" WC="1.00" CC="0011001"/>
						<SP ID="P6_SP00135" HPOS="1253" VPOS="1069" WIDTH="33"/>
						<String ID="P6_ST00152" HPOS="1286" VPOS="1030" WIDTH="100" HEIGHT="33" CONTENT="there" WC="0.99" CC="20060"/>
						<SP ID="P6_SP00136" HPOS="1386" VPOS="1069" WIDTH="31"/>
						<String ID="P6_ST00153" HPOS="1417" VPOS="1030" WIDTH="29" HEIGHT="33" CONTENT="is" WC="0.70" CC="50"/>
						<SP ID="P6_SP00137" HPOS="1446" VPOS="1069" WIDTH="29"/>
						<String ID="P6_ST00154" HPOS="1475" VPOS="1043" WIDTH="91" HEIGHT="30" CONTENT="very" WC="1.00" CC="0000"/>
					</TextLine>
					<TextLine ID="P6_TL00018" HPOS="212" VPOS="1070" WIDTH="1353" HEIGHT="48">
						<String ID="P6_ST00155" HPOS="212" VPOS="1070" WIDTH="92" HEIGHT="33" CONTENT="little" WC="0.99" CC="124600"/>
						<SP ID="P6_SP00138" HPOS="304" VPOS="1103" WIDTH="39"/>
						<String ID="P6_ST00156" HPOS="343" VPOS="1070" WIDTH="128" HEIGHT="42" CONTENT="action," WC="1.00" CC="0040002"/>
						<SP ID="P6_SP00139" HPOS="471" VPOS="1112" WIDTH="37"/>
						<String ID="P6_ST00157" HPOS="508" VPOS="1071" WIDTH="85" HEIGHT="42" CONTENT="only" WC="0.99" CC="4010"/>
						<SP ID="P6_SP00140" HPOS="593" VPOS="1113" WIDTH="35"/>
						<String ID="P6_ST00158" HPOS="628" VPOS="1071" WIDTH="214" HEIGHT="34" CONTENT="meditation" WC="1.00" CC="0005004050"/>
						<SP ID="P6_SP00141" HPOS="842" VPOS="1113" WIDTH="38"/>
						<String ID="P6_ST00159" HPOS="880" VPOS="1074" WIDTH="70" HEIGHT="31" CONTENT="and" WC="1.00" CC="000"/>
						<SP ID="P6_SP00142" HPOS="950" VPOS="1113" WIDTH="38"/>
						<String ID="P6_ST00160" HPOS="988" VPOS="1073" WIDTH="190" HEIGHT="43" CONTENT="brooding." WC="0.99" CC="054500004"/>
						<SP ID="P6_SP00143" HPOS="1178" VPOS="1116" WIDTH="60"/>
						<String ID="P6_ST00161" HPOS="1238" VPOS="1075" WIDTH="68" HEIGHT="33" CONTENT="His" WC="0.98" CC="040"/>
						<SP ID="P6_SP00144" HPOS="1306" VPOS="1116" WIDTH="36"/>
						<String ID="P6_ST00162" HPOS="1342" VPOS="1089" WIDTH="123" HEIGHT="29" CONTENT="poems" WC="1.00" CC="00000"/>
						<SP ID="P6_SP00145" HPOS="1465" VPOS="1118" WIDTH="38"/>
						<String ID="P6_ST00163" HPOS="1503" VPOS="1089" WIDTH="62" HEIGHT="23" CONTENT="are" WC="0.97" CC="060"/>
					</TextLine>
					<TextLine ID="P6_TL00019" HPOS="210" VPOS="1116" WIDTH="1355" HEIGHT="49">
						<String ID="P6_ST00164" HPOS="210" VPOS="1116" WIDTH="128" HEIGHT="42" CONTENT="chiefly" WC="0.99" CC="7020000"/>
						<SP ID="P6_SP00146" HPOS="338" VPOS="1158" WIDTH="24"/>
						<String ID="P6_ST00165" HPOS="362" VPOS="1129" WIDTH="123" HEIGHT="30" CONTENT="poems" WC="1.00" CC="04000"/>
						<SP ID="P6_SP00147" HPOS="485" VPOS="1159" WIDTH="25"/>
						<String ID="P6_ST00166" HPOS="510" VPOS="1117" WIDTH="38" HEIGHT="33" CONTENT="of" WC="0.69" CC="60"/>
						<SP ID="P6_SP00148" HPOS="548" VPOS="1159" WIDTH="24"/>
						<String ID="P6_ST00167" HPOS="572" VPOS="1119" WIDTH="116" HEIGHT="40" CONTENT="mood," WC="0.98" CC="05500"/>
						<SP ID="P6_SP00149" HPOS="688" VPOS="1159" WIDTH="25"/>
						<String ID="P6_ST00168" HPOS="713" VPOS="1118" WIDTH="90" HEIGHT="34" CONTENT="with" WC="0.97" CC="0544"/>
						<SP ID="P6_SP00150" HPOS="803" VPOS="1159" WIDTH="25"/>
						<String ID="P6_ST00169" HPOS="828" VPOS="1131" WIDTH="45" HEIGHT="20" CONTENT="an" WC="1.00" CC="00"/>
						<SP ID="P6_SP00151" HPOS="873" VPOS="1159" WIDTH="28"/>
						<String ID="P6_ST00170" HPOS="901" VPOS="1119" WIDTH="55" HEIGHT="33" CONTENT="air" WC="0.99" CC="030"/>
						<SP ID="P6_SP00152" HPOS="956" VPOS="1159" WIDTH="25"/>
						<String ID="P6_ST00171" HPOS="981" VPOS="1120" WIDTH="38" HEIGHT="32" CONTENT="of" WC="0.80" CC="30"/>
						<SP ID="P6_SP00153" HPOS="1019" VPOS="1159" WIDTH="25"/>
						<String ID="P6_ST00172" HPOS="1044" VPOS="1128" WIDTH="167" HEIGHT="35" CONTENT="mystery," WC="1.00" CC="00020600"/>
						<SP ID="P6_SP00154" HPOS="1211" VPOS="1163" WIDTH="26"/>
						<String ID="P6_ST00173" HPOS="1237" VPOS="1122" WIDTH="231" HEIGHT="43" CONTENT="melancholy" WC="1.00" CC="0000000010"/>
						<SP ID="P6_SP00155" HPOS="1468" VPOS="1165" WIDTH="26"/>
						<String ID="P6_ST00174" HPOS="1494" VPOS="1126" WIDTH="71" HEIGHT="31" CONTENT="and" WC="0.99" CC="030"/>
					</TextLine>
					<TextLine ID="P6_TL00020" HPOS="212" VPOS="1163" WIDTH="1353" HEIGHT="44">
						<String ID="P6_ST00175" HPOS="212" VPOS="1163" WIDTH="310" HEIGHT="42" CONTENT="incompleteness." WC="1.00" CC="300600003000004"/>
						<SP ID="P6_SP00156" HPOS="522" VPOS="1205" WIDTH="64"/>
						<String ID="P6_ST00176" HPOS="586" VPOS="1165" WIDTH="56" HEIGHT="32" CONTENT="He" WC="1.00" CC="00"/>
						<SP ID="P6_SP00157" HPOS="642" VPOS="1205" WIDTH="42"/>
						<String ID="P6_ST00177" HPOS="684" VPOS="1164" WIDTH="29" HEIGHT="33" CONTENT="is" WC="0.68" CC="60"/>
						<SP ID="P6_SP00158" HPOS="713" VPOS="1205" WIDTH="38"/>
						<String ID="P6_ST00178" HPOS="751" VPOS="1177" WIDTH="91" HEIGHT="30" CONTENT="very" WC="0.99" CC="0050"/>
						<SP ID="P6_SP00159" HPOS="842" VPOS="1207" WIDTH="39"/>
						<String ID="P6_ST00179" HPOS="881" VPOS="1166" WIDTH="130" HEIGHT="41" CONTENT="nearly" WC="1.00" CC="000000"/>
						<SP ID="P6_SP00160" HPOS="1011" VPOS="1207" WIDTH="40"/>
						<String ID="P6_ST00180" HPOS="1051" VPOS="1167" WIDTH="140" HEIGHT="33" CONTENT="related" WC="1.00" CC="6010000"/>
						<SP ID="P6_SP00161" HPOS="1191" VPOS="1207" WIDTH="41"/>
						<String ID="P6_ST00181" HPOS="1232" VPOS="1176" WIDTH="35" HEIGHT="26" CONTENT="to" WC="0.97" CC="00"/>
						<SP ID="P6_SP00162" HPOS="1267" VPOS="1207" WIDTH="41"/>
						<String ID="P6_ST00182" HPOS="1308" VPOS="1170" WIDTH="257" HEIGHT="34" CONTENT="Maeterlinck." WC="1.00" CC="000306050003"/>
					</TextLine>
					<TextLine ID="P6_TL00021" HPOS="210" VPOS="1209" WIDTH="1356" HEIGHT="48">
						<String ID="P6_ST00183" HPOS="210" VPOS="1209" WIDTH="68" HEIGHT="33" CONTENT="His" WC="0.96" CC="550"/>
						<SP ID="P6_SP00163" HPOS="278" VPOS="1242" WIDTH="24"/>
						<String ID="P6_ST00184" HPOS="302" VPOS="1218" WIDTH="91" HEIGHT="25" CONTENT="most" WC="1.00" CC="0000"/>
						<SP ID="P6_SP00164" HPOS="393" VPOS="1243" WIDTH="24"/>
						<String ID="P6_ST00185" HPOS="417" VPOS="1211" WIDTH="227" HEIGHT="41" CONTENT="noteworthy" WC="1.00" CC="0420005400"/>
						<SP ID="P6_SP00165" HPOS="644" VPOS="1252" WIDTH="24"/>
						<String ID="P6_ST00186" HPOS="668" VPOS="1210" WIDTH="174" HEIGHT="34" CONTENT="influence" WC="1.00" CC="300020000"/>
						<SP ID="P6_SP00166" HPOS="842" VPOS="1252" WIDTH="25"/>
						<String ID="P6_ST00187" HPOS="867" VPOS="1213" WIDTH="66" HEIGHT="32" CONTENT="has" WC="1.00" CC="000"/>
						<SP ID="P6_SP00167" HPOS="933" VPOS="1252" WIDTH="23"/>
						<String ID="P6_ST00188" HPOS="956" VPOS="1213" WIDTH="89" HEIGHT="33" CONTENT="been" WC="1.00" CC="0000"/>
						<SP ID="P6_SP00168" HPOS="1045" VPOS="1252" WIDTH="25"/>
						<String ID="P6_ST00189" HPOS="1070" VPOS="1214" WIDTH="58" HEIGHT="33" CONTENT="the" WC="1.00" CC="000"/>
						<SP ID="P6_SP00169" HPOS="1128" VPOS="1252" WIDTH="25"/>
						<String ID="P6_ST00190" HPOS="1153" VPOS="1214" WIDTH="133" HEIGHT="43" CONTENT="setting" WC="0.99" CC="0016400"/>
						<SP ID="P6_SP00170" HPOS="1286" VPOS="1257" WIDTH="24"/>
						<String ID="P6_ST00191" HPOS="1310" VPOS="1216" WIDTH="38" HEIGHT="33" CONTENT="of" WC="0.89" CC="20"/>
						<SP ID="P6_SP00171" HPOS="1348" VPOS="1257" WIDTH="26"/>
						<String ID="P6_ST00192" HPOS="1374" VPOS="1228" WIDTH="20" HEIGHT="21" CONTENT="a" WC="1.00" CC="0"/>
						<SP ID="P6_SP00172" HPOS="1394" VPOS="1257" WIDTH="24"/>
						<String ID="P6_ST00193" HPOS="1418" VPOS="1216" WIDTH="148" HEIGHT="34" CONTENT="fashion" WC="1.00" CC="0000400"/>
					</TextLine>
					<TextLine ID="P6_TL00022" HPOS="209" VPOS="1256" WIDTH="1358" HEIGHT="44">
						<String ID="P6_ST00194" HPOS="209" VPOS="1256" WIDTH="83" HEIGHT="32" CONTENT="—in" WC="0.95" CC="805"/>
						<SP ID="P6_SP00173" HPOS="292" VPOS="1288" WIDTH="26"/>
						<String ID="P6_ST00195" HPOS="318" VPOS="1256" WIDTH="84" HEIGHT="33" CONTENT="both" WC="1.00" CC="0000"/>
						<SP ID="P6_SP00174" HPOS="402" VPOS="1289" WIDTH="26"/>
						<String ID="P6_ST00196" HPOS="428" VPOS="1256" WIDTH="95" HEIGHT="33" CONTENT="form" WC="0.99" CC="0050"/>
						<SP ID="P6_SP00175" HPOS="523" VPOS="1289" WIDTH="28"/>
						<String ID="P6_ST00197" HPOS="551" VPOS="1258" WIDTH="71" HEIGHT="31" CONTENT="and" WC="0.99" CC="030"/>
						<SP ID="P6_SP00176" HPOS="622" VPOS="1289" WIDTH="27"/>
						<String ID="P6_ST00198" HPOS="649" VPOS="1258" WIDTH="105" HEIGHT="32" CONTENT="mood" WC="0.99" CC="0240"/>
						<String ID="P6_ST00199" HPOS="757" VPOS="1259" WIDTH="94" HEIGHT="41" CONTENT="—by" WC="0.97" CC="800"/>
						<SP ID="P6_SP00177" HPOS="851" VPOS="1300" WIDTH="24"/>
						<String ID="P6_ST00200" HPOS="875" VPOS="1258" WIDTH="56" HEIGHT="33" CONTENT="his" WC="0.99" CC="030"/>
						<SP ID="P6_SP00178" HPOS="931" VPOS="1300" WIDTH="28"/>
						<String ID="P6_ST00201" HPOS="959" VPOS="1260" WIDTH="178" HEIGHT="33" CONTENT='"Ballade' WC="1.00" CC="40011001"/>
						<SP ID="P6_SP00179" HPOS="1137" VPOS="1300" WIDTH="28"/>
						<String ID="P6_ST00202" HPOS="1165" VPOS="1261" WIDTH="38" HEIGHT="32" CONTENT="of" WC="1.00" CC="00"/>
						<SP ID="P6_SP00180" HPOS="1203" VPOS="1300" WIDTH="25"/>
						<String ID="P6_ST00203" HPOS="1228" VPOS="1263" WIDTH="116" HEIGHT="32" CONTENT="Outer" WC="0.99" CC="00106"/>
						<SP ID="P6_SP00181" HPOS="1344" VPOS="1300" WIDTH="27"/>
						<String ID="P6_ST00204" HPOS="1371" VPOS="1262" WIDTH="113" HEIGHT="34" CONTENT='Life."' WC="0.99" CC="020044"/>
						<SP ID="P6_SP00182" HPOS="1484" VPOS="1300" WIDTH="50"/>
						<String ID="P6_ST00205" HPOS="1534" VPOS="1265" WIDTH="33" HEIGHT="32" CONTENT="It" WC="0.88" CC="20"/>
					</TextLine>
					<TextLine ID="P6_TL00023" HPOS="209" VPOS="1301" WIDTH="144" HEIGHT="43">
						<String ID="P6_ST00206" HPOS="209" VPOS="1301" WIDTH="144" HEIGHT="43" CONTENT="begins:" WC="0.99" CC="4094001"/>
					</TextLine>
					<TextLine ID="P6_TL00024" HPOS="346" VPOS="1406" WIDTH="861" HEIGHT="47">
						<String ID="P6_ST00207" HPOS="346" VPOS="1407" WIDTH="85" HEIGHT="33" CONTENT="And" WC="1.00" CC="000"/>
						<SP ID="P6_SP00183" HPOS="431" VPOS="1440" WIDTH="30"/>
						<String ID="P6_ST00208" HPOS="461" VPOS="1406" WIDTH="167" HEIGHT="35" CONTENT="children" WC="0.99" CC="00320600"/>
						<SP ID="P6_SP00184" HPOS="628" VPOS="1441" WIDTH="29"/>
						<String ID="P6_ST00209" HPOS="657" VPOS="1420" WIDTH="103" HEIGHT="29" CONTENT="grow" WC="0.99" CC="0300"/>
						<SP ID="P6_SP00185" HPOS="760" VPOS="1449" WIDTH="31"/>
						<String ID="P6_ST00210" HPOS="791" VPOS="1421" WIDTH="46" HEIGHT="30" CONTENT="up" WC="1.00" CC="00"/>
						<SP ID="P6_SP00186" HPOS="837" VPOS="1451" WIDTH="28"/>
						<String ID="P6_ST00211" HPOS="865" VPOS="1408" WIDTH="90" HEIGHT="36" CONTENT="with" WC="0.98" CC="0330"/>
						<SP ID="P6_SP00187" HPOS="955" VPOS="1451" WIDTH="30"/>
						<String ID="P6_ST00212" HPOS="985" VPOS="1411" WIDTH="90" HEIGHT="41" CONTENT="deep" WC="1.00" CC="0000"/>
						<SP ID="P6_SP00188" HPOS="1075" VPOS="1452" WIDTH="31"/>
						<String ID="P6_ST00213" HPOS="1106" VPOS="1422" WIDTH="101" HEIGHT="31" CONTENT="eyes;" WC="1.00" CC="00000"/>
					</TextLine>
					<TextLine ID="P6_TL00025" HPOS="347" VPOS="1454" WIDTH="1055" HEIGHT="47">
						<String ID="P6_ST00214" HPOS="347" VPOS="1454" WIDTH="106" HEIGHT="41" CONTENT="They" WC="1.00" CC="0000"/>
						<SP ID="P6_SP00189" HPOS="453" VPOS="1495" WIDTH="27"/>
						<String ID="P6_ST00215" HPOS="480" VPOS="1454" WIDTH="106" HEIGHT="33" CONTENT="know" WC="1.00" CC="0000"/>
						<SP ID="P6_SP00190" HPOS="586" VPOS="1495" WIDTH="28"/>
						<String ID="P6_ST00216" HPOS="614" VPOS="1454" WIDTH="162" HEIGHT="42" CONTENT="nothing," WC="0.99" CC="01502002"/>
						<SP ID="P6_SP00191" HPOS="776" VPOS="1496" WIDTH="28"/>
						<String ID="P6_ST00217" HPOS="804" VPOS="1456" WIDTH="84" HEIGHT="41" CONTENT="they" WC="1.00" CC="0000"/>
						<SP ID="P6_SP00192" HPOS="888" VPOS="1497" WIDTH="26"/>
						<String ID="P6_ST00218" HPOS="914" VPOS="1468" WIDTH="104" HEIGHT="30" CONTENT="grow" WC="0.97" CC="9300"/>
						<SP ID="P6_SP00193" HPOS="1018" VPOS="1498" WIDTH="29"/>
						<String ID="P6_ST00219" HPOS="1047" VPOS="1469" WIDTH="45" HEIGHT="30" CONTENT="up" WC="1.00" CC="00"/>
						<SP ID="P6_SP00194" HPOS="1092" VPOS="1499" WIDTH="32"/>
						<String ID="P6_ST00220" HPOS="1124" VPOS="1459" WIDTH="70" HEIGHT="32" CONTENT="and" WC="1.00" CC="000"/>
						<SP ID="P6_SP00195" HPOS="1194" VPOS="1499" WIDTH="29"/>
						<String ID="P6_ST00221" HPOS="1223" VPOS="1459" WIDTH="83" HEIGHT="42" CONTENT="they" WC="0.98" CC="5010"/>
						<SP ID="P6_SP00196" HPOS="1306" VPOS="1501" WIDTH="27"/>
						<String ID="P6_ST00222" HPOS="1333" VPOS="1459" WIDTH="69" HEIGHT="42" CONTENT="die," WC="0.98" CC="0502"/>
					</TextLine>
					<TextLine ID="P6_TL00026" HPOS="348" VPOS="1500" WIDTH="614" HEIGHT="44">
						<String ID="P6_ST00223" HPOS="348" VPOS="1501" WIDTH="84" HEIGHT="32" CONTENT="And" WC="0.97" CC="070"/>
						<SP ID="P6_SP00197" HPOS="432" VPOS="1533" WIDTH="32"/>
						<String ID="P6_ST00224" HPOS="464" VPOS="1500" WIDTH="49" HEIGHT="33" CONTENT="all" WC="1.00" CC="010"/>
						<SP ID="P6_SP00198" HPOS="513" VPOS="1533" WIDTH="31"/>
						<String ID="P6_ST00225" HPOS="544" VPOS="1512" WIDTH="81" HEIGHT="22" CONTENT="men" WC="1.00" CC="000"/>
						<SP ID="P6_SP00199" HPOS="625" VPOS="1534" WIDTH="29"/>
						<String ID="P6_ST00226" HPOS="654" VPOS="1513" WIDTH="45" HEIGHT="30" CONTENT="go" WC="0.97" CC="00"/>
						<SP ID="P6_SP00200" HPOS="699" VPOS="1543" WIDTH="29"/>
						<String ID="P6_ST00227" HPOS="728" VPOS="1501" WIDTH="95" HEIGHT="33" CONTENT="their" WC="0.99" CC="00025"/>
						<SP ID="P6_SP00201" HPOS="823" VPOS="1543" WIDTH="28"/>
						<String ID="P6_ST00228" HPOS="851" VPOS="1514" WIDTH="111" HEIGHT="30" CONTENT="ways." WC="0.99" CC="07003"/>
					</TextLine>
					<TextLine ID="P6_TL00027" HPOS="347" VPOS="1604" WIDTH="729" HEIGHT="45">
						<String ID="P6_ST00229" HPOS="347" VPOS="1604" WIDTH="85" HEIGHT="33" CONTENT="And" WC="1.00" CC="000"/>
						<SP ID="P6_SP00202" HPOS="432" VPOS="1637" WIDTH="31"/>
						<String ID="P6_ST00230" HPOS="463" VPOS="1616" WIDTH="84" HEIGHT="21" CONTENT="sour" WC="0.99" CC="0012"/>
						<SP ID="P6_SP00203" HPOS="547" VPOS="1637" WIDTH="30"/>
						<String ID="P6_ST00231" HPOS="577" VPOS="1604" WIDTH="110" HEIGHT="33" CONTENT="fruits" WC="0.99" CC="060200"/>
						<SP ID="P6_SP00204" HPOS="687" VPOS="1637" WIDTH="29"/>
						<String ID="P6_ST00232" HPOS="716" VPOS="1617" WIDTH="104" HEIGHT="30" CONTENT="grow" WC="0.99" CC="0060"/>
						<SP ID="P6_SP00205" HPOS="820" VPOS="1647" WIDTH="31"/>
						<String ID="P6_ST00233" HPOS="851" VPOS="1605" WIDTH="74" HEIGHT="34" CONTENT="into" WC="0.99" CC="3003"/>
						<SP ID="P6_SP00206" HPOS="925" VPOS="1647" WIDTH="32"/>
						<String ID="P6_ST00234" HPOS="957" VPOS="1614" WIDTH="119" HEIGHT="35" CONTENT="sweet," WC="1.00" CC="000000"/>
					</TextLine>
					<TextLine ID="P6_TL00028" HPOS="347" VPOS="1651" WIDTH="566" HEIGHT="44">
						<String ID="P6_ST00235" HPOS="347" VPOS="1651" WIDTH="85" HEIGHT="32" CONTENT="And" WC="1.00" CC="000"/>
						<SP ID="P6_SP00207" HPOS="432" VPOS="1683" WIDTH="34"/>
						<String ID="P6_ST00236" HPOS="466" VPOS="1651" WIDTH="70" HEIGHT="33" CONTENT="fall" WC="1.00" CC="0000"/>
						<SP ID="P6_SP00208" HPOS="536" VPOS="1684" WIDTH="35"/>
						<String ID="P6_ST00237" HPOS="571" VPOS="1651" WIDTH="70" HEIGHT="33" CONTENT="like" WC="1.00" CC="2000"/>
						<SP ID="P6_SP00209" HPOS="641" VPOS="1684" WIDTH="34"/>
						<String ID="P6_ST00238" HPOS="675" VPOS="1653" WIDTH="94" HEIGHT="32" CONTENT="dead" WC="1.00" CC="0000"/>
						<SP ID="P6_SP00210" HPOS="769" VPOS="1685" WIDTH="33"/>
						<String ID="P6_ST00239" HPOS="802" VPOS="1652" WIDTH="111" HEIGHT="43" CONTENT="birds," WC="0.99" CC="526001"/>
					</TextLine>
					<TextLine ID="P6_TL00029" HPOS="346" VPOS="1696" WIDTH="747" HEIGHT="44">
						<String ID="P6_ST00240" HPOS="346" VPOS="1698" WIDTH="85" HEIGHT="31" CONTENT="And" WC="1.00" CC="000"/>
						<SP ID="P6_SP00211" HPOS="431" VPOS="1729" WIDTH="31"/>
						<String ID="P6_ST00241" HPOS="462" VPOS="1696" WIDTH="46" HEIGHT="34" CONTENT="lie" WC="0.98" CC="050"/>
						<SP ID="P6_SP00212" HPOS="508" VPOS="1730" WIDTH="31"/>
						<String ID="P6_ST00242" HPOS="539" VPOS="1709" WIDTH="20" HEIGHT="20" CONTENT="a" WC="1.00" CC="0"/>
						<SP ID="P6_SP00213" HPOS="559" VPOS="1730" WIDTH="30"/>
						<String ID="P6_ST00243" HPOS="589" VPOS="1698" WIDTH="73" HEIGHT="34" CONTENT="few" WC="1.00" CC="000"/>
						<SP ID="P6_SP00214" HPOS="662" VPOS="1732" WIDTH="30"/>
						<String ID="P6_ST00244" HPOS="692" VPOS="1699" WIDTH="90" HEIGHT="41" CONTENT="days" WC="1.00" CC="0000"/>
						<SP ID="P6_SP00215" HPOS="782" VPOS="1740" WIDTH="31"/>
						<String ID="P6_ST00245" HPOS="813" VPOS="1700" WIDTH="71" HEIGHT="32" CONTENT="and" WC="1.00" CC="000"/>
						<SP ID="P6_SP00216" HPOS="884" VPOS="1740" WIDTH="29"/>
						<String ID="P6_ST00246" HPOS="913" VPOS="1700" WIDTH="84" HEIGHT="33" CONTENT="then" WC="0.98" CC="4200"/>
						<SP ID="P6_SP00217" HPOS="997" VPOS="1740" WIDTH="31"/>
						<String ID="P6_ST00247" HPOS="1028" VPOS="1708" WIDTH="65" HEIGHT="26" CONTENT="rot." WC="0.97" CC="0624"/>
					</TextLine>
					<TextLine ID="P6_TL00030" HPOS="256" VPOS="1800" WIDTH="1310" HEIGHT="45">
						<String ID="P6_ST00248" HPOS="256" VPOS="1801" WIDTH="101" HEIGHT="33" CONTENT="That" WC="1.00" CC="0000"/>
						<SP ID="P6_SP00218" HPOS="357" VPOS="1834" WIDTH="25"/>
						<String ID="P6_ST00249" HPOS="382" VPOS="1800" WIDTH="29" HEIGHT="34" CONTENT="is" WC="0.71" CC="50"/>
						<SP ID="P6_SP00219" HPOS="411" VPOS="1834" WIDTH="27"/>
						<String ID="P6_ST00250" HPOS="438" VPOS="1801" WIDTH="50" HEIGHT="33" CONTENT="all" WC="1.00" CC="000"/>
						<SP ID="P6_SP00220" HPOS="488" VPOS="1834" WIDTH="28"/>
						<String ID="P6_ST00251" HPOS="516" VPOS="1814" WIDTH="90" HEIGHT="29" CONTENT="very" WC="0.99" CC="0040"/>
						<SP ID="P6_SP00221" HPOS="606" VPOS="1843" WIDTH="25"/>
						<String ID="P6_ST00252" HPOS="631" VPOS="1802" WIDTH="292" HEIGHT="43" CONTENT="characteristic;" WC="1.00" CC="020500103304205"/>
						<SP ID="P6_SP00222" HPOS="923" VPOS="1845" WIDTH="28"/>
						<String ID="P6_ST00253" HPOS="951" VPOS="1803" WIDTH="27" HEIGHT="34" CONTENT="it" WC="0.77" CC="40"/>
						<SP ID="P6_SP00223" HPOS="978" VPOS="1845" WIDTH="26"/>
						<String ID="P6_ST00254" HPOS="1004" VPOS="1804" WIDTH="29" HEIGHT="33" CONTENT="is" WC="0.67" CC="60"/>
						<SP ID="P6_SP00224" HPOS="1033" VPOS="1845" WIDTH="25"/>
						<String ID="P6_ST00255" HPOS="1058" VPOS="1812" WIDTH="58" HEIGHT="26" CONTENT="too" WC="0.98" CC="302"/>
						<SP ID="P6_SP00225" HPOS="1116" VPOS="1845" WIDTH="25"/>
						<String ID="P6_ST00256" HPOS="1141" VPOS="1806" WIDTH="87" HEIGHT="34" CONTENT="well" WC="1.00" CC="0000"/>
						<SP ID="P6_SP00226" HPOS="1228" VPOS="1845" WIDTH="27"/>
						<String ID="P6_ST00257" HPOS="1255" VPOS="1807" WIDTH="131" HEIGHT="34" CONTENT="known" WC="1.00" CC="00400"/>
						<SP ID="P6_SP00227" HPOS="1386" VPOS="1845" WIDTH="27"/>
						<String ID="P6_ST00258" HPOS="1413" VPOS="1816" WIDTH="35" HEIGHT="25" CONTENT="to" WC="0.80" CC="03"/>
						<SP ID="P6_SP00228" HPOS="1448" VPOS="1845" WIDTH="27"/>
						<String ID="P6_ST00259" HPOS="1475" VPOS="1810" WIDTH="91" HEIGHT="32" CONTENT="need" WC="1.00" CC="0000"/>
					</TextLine>
					<TextLine ID="P6_TL00031" HPOS="210" VPOS="1847" WIDTH="1357" HEIGHT="50">
						<String ID="P6_ST00260" HPOS="210" VPOS="1847" WIDTH="145" HEIGHT="34" CONTENT="further" WC="0.99" CC="0061006"/>
						<SP ID="P6_SP00229" HPOS="355" VPOS="1881" WIDTH="26"/>
						<String ID="P6_ST00261" HPOS="381" VPOS="1848" WIDTH="233" HEIGHT="33" CONTENT="translation." WC="1.00" CC="060000030403"/>
						<SP ID="P6_SP00230" HPOS="614" VPOS="1881" WIDTH="50"/>
						<String ID="P6_ST00262" HPOS="664" VPOS="1849" WIDTH="81" HEIGHT="33" CONTENT="The" WC="0.98" CC="060"/>
						<SP ID="P6_SP00231" HPOS="745" VPOS="1882" WIDTH="29"/>
						<String ID="P6_ST00263" HPOS="774" VPOS="1849" WIDTH="197" HEIGHT="44" CONTENT="fragment," WC="1.00" CC="020000000"/>
						<SP ID="P6_SP00232" HPOS="971" VPOS="1893" WIDTH="30"/>
						<String ID="P6_ST00264" HPOS="1001" VPOS="1852" WIDTH="102" HEIGHT="34" CONTENT='"The' WC="0.98" CC="4050"/>
						<SP ID="P6_SP00233" HPOS="1103" VPOS="1893" WIDTH="28"/>
						<String ID="P6_ST00265" HPOS="1131" VPOS="1853" WIDTH="121" HEIGHT="33" CONTENT="Death" WC="1.00" CC="00000"/>
						<SP ID="P6_SP00234" HPOS="1252" VPOS="1893" WIDTH="29"/>
						<String ID="P6_ST00266" HPOS="1281" VPOS="1854" WIDTH="39" HEIGHT="32" CONTENT="of" WC="0.93" CC="10"/>
						<SP ID="P6_SP00235" HPOS="1320" VPOS="1893" WIDTH="26"/>
						<String ID="P6_ST00267" HPOS="1346" VPOS="1854" WIDTH="163" HEIGHT="43" CONTENT='Titian,"' WC="0.99" CC="04500730"/>
						<SP ID="P6_SP00236" HPOS="1509" VPOS="1897" WIDTH="29"/>
						<String ID="P6_ST00268" HPOS="1538" VPOS="1855" WIDTH="29" HEIGHT="34" CONTENT="is" WC="0.77" CC="40"/>
					</TextLine>
				</TextBlock>
				<TextBlock ID="P6_TB00004" HPOS="1638" VPOS="370" WIDTH="1360" HEIGHT="1475" STYLEREFS="TXT_0 PAR_LEFT">
					<TextLine ID="P6_TL00032" HPOS="1639" VPOS="371" WIDTH="1123" HEIGHT="43">
						<String ID="P6_ST00269" HPOS="1639" VPOS="380" WIDTH="61" HEIGHT="25" CONTENT="not" WC="0.99" CC="030"/>
						<SP ID="P6_SP00237" HPOS="1700" VPOS="405" WIDTH="26"/>
						<String ID="P6_ST00270" HPOS="1726" VPOS="384" WIDTH="37" HEIGHT="21" CONTENT="so" WC="1.00" CC="00"/>
						<SP ID="P6_SP00238" HPOS="1763" VPOS="405" WIDTH="26"/>
						<String ID="P6_ST00271" HPOS="1789" VPOS="372" WIDTH="86" HEIGHT="34" CONTENT="well" WC="0.99" CC="0041"/>
						<SP ID="P6_SP00239" HPOS="1875" VPOS="406" WIDTH="29"/>
						<String ID="P6_ST00272" HPOS="1904" VPOS="372" WIDTH="142" HEIGHT="34" CONTENT="known." WC="0.99" CC="005003"/>
						<SP ID="P6_SP00240" HPOS="2046" VPOS="406" WIDTH="48"/>
						<String ID="P6_ST00273" HPOS="2094" VPOS="371" WIDTH="94" HEIGHT="33" CONTENT="This" WC="0.99" CC="0120"/>
						<SP ID="P6_SP00241" HPOS="2188" VPOS="406" WIDTH="26"/>
						<String ID="P6_ST00274" HPOS="2214" VPOS="371" WIDTH="30" HEIGHT="33" CONTENT="is" WC="0.73" CC="50"/>
						<SP ID="P6_SP00242" HPOS="2244" VPOS="406" WIDTH="29"/>
						<String ID="P6_ST00275" HPOS="2273" VPOS="384" WIDTH="19" HEIGHT="21" CONTENT="a" WC="1.00" CC="0"/>
						<SP ID="P6_SP00243" HPOS="2292" VPOS="406" WIDTH="27"/>
						<String ID="P6_ST00276" HPOS="2319" VPOS="372" WIDTH="128" HEIGHT="42" CONTENT="speech" WC="1.00" CC="000000"/>
						<SP ID="P6_SP00244" HPOS="2447" VPOS="414" WIDTH="27"/>
						<String ID="P6_ST00277" HPOS="2474" VPOS="383" WIDTH="89" HEIGHT="21" CONTENT="near" WC="0.99" CC="0003"/>
						<SP ID="P6_SP00245" HPOS="2563" VPOS="414" WIDTH="26"/>
						<String ID="P6_ST00278" HPOS="2589" VPOS="371" WIDTH="59" HEIGHT="33" CONTENT="the" WC="0.98" CC="400"/>
						<SP ID="P6_SP00246" HPOS="2648" VPOS="414" WIDTH="28"/>
						<String ID="P6_ST00279" HPOS="2676" VPOS="371" WIDTH="86" HEIGHT="33" CONTENT="end:" WC="0.99" CC="0500"/>
					</TextLine>
					<TextLine ID="P6_TL00033" HPOS="1736" VPOS="464" WIDTH="729" HEIGHT="42">
						<String ID="P6_ST00280" HPOS="1736" VPOS="466" WIDTH="56" HEIGHT="32" CONTENT="He" WC="1.00" CC="00"/>
						<SP ID="P6_SP00247" HPOS="1792" VPOS="498" WIDTH="29"/>
						<String ID="P6_ST00281" HPOS="1821" VPOS="465" WIDTH="66" HEIGHT="33" CONTENT="has" WC="0.98" CC="500"/>
						<SP ID="P6_SP00248" HPOS="1887" VPOS="498" WIDTH="28"/>
						<String ID="P6_ST00282" HPOS="1915" VPOS="465" WIDTH="130" HEIGHT="34" CONTENT="waked" WC="1.00" CC="00000"/>
						<SP ID="P6_SP00249" HPOS="2045" VPOS="499" WIDTH="30"/>
						<String ID="P6_ST00283" HPOS="2075" VPOS="477" WIDTH="40" HEIGHT="21" CONTENT="us" WC="1.00" CC="00"/>
						<SP ID="P6_SP00250" HPOS="2115" VPOS="499" WIDTH="28"/>
						<String ID="P6_ST00284" HPOS="2143" VPOS="464" WIDTH="96" HEIGHT="33" CONTENT="from" WC="0.99" CC="0060"/>
						<SP ID="P6_SP00251" HPOS="2239" VPOS="499" WIDTH="29"/>
						<String ID="P6_ST00285" HPOS="2268" VPOS="477" WIDTH="65" HEIGHT="21" CONTENT="our" WC="0.97" CC="043"/>
						<SP ID="P6_SP00252" HPOS="2333" VPOS="499" WIDTH="29"/>
						<String ID="P6_ST00286" HPOS="2362" VPOS="464" WIDTH="103" HEIGHT="42" CONTENT="night" WC="0.98" CC="04900"/>
					</TextLine>
					<TextLine ID="P6_TL00034" HPOS="1734" VPOS="510" WIDTH="890" HEIGHT="43">
						<String ID="P6_ST00287" HPOS="1734" VPOS="512" WIDTH="84" HEIGHT="31" CONTENT="And" WC="1.00" CC="000"/>
						<SP ID="P6_SP00253" HPOS="1818" VPOS="543" WIDTH="29"/>
						<String ID="P6_ST00288" HPOS="1847" VPOS="510" WIDTH="110" HEIGHT="43" CONTENT="given" WC="0.99" CC="04020"/>
						<SP ID="P6_SP00254" HPOS="1957" VPOS="553" WIDTH="29"/>
						<String ID="P6_ST00289" HPOS="1986" VPOS="510" WIDTH="93" HEIGHT="42" CONTENT="light" WC="0.99" CC="01050"/>
						<SP ID="P6_SP00255" HPOS="2079" VPOS="553" WIDTH="27"/>
						<String ID="P6_ST00290" HPOS="2106" VPOS="511" WIDTH="70" HEIGHT="32" CONTENT="and" WC="1.00" CC="000"/>
						<SP ID="P6_SP00256" HPOS="2176" VPOS="553" WIDTH="31"/>
						<String ID="P6_ST00291" HPOS="2207" VPOS="510" WIDTH="115" HEIGHT="34" CONTENT="riches" WC="0.99" CC="700000"/>
						<SP ID="P6_SP00257" HPOS="2322" VPOS="553" WIDTH="28"/>
						<String ID="P6_ST00292" HPOS="2350" VPOS="519" WIDTH="35" HEIGHT="25" CONTENT="to" WC="0.73" CC="05"/>
						<SP ID="P6_SP00258" HPOS="2385" VPOS="553" WIDTH="28"/>
						<String ID="P6_ST00293" HPOS="2413" VPOS="522" WIDTH="66" HEIGHT="21" CONTENT="our" WC="0.94" CC="635"/>
						<SP ID="P6_SP00259" HPOS="2479" VPOS="553" WIDTH="28"/>
						<String ID="P6_ST00294" HPOS="2507" VPOS="510" WIDTH="117" HEIGHT="41" CONTENT="souls;" WC="0.99" CC="050301"/>
					</TextLine>
					<TextLine ID="P6_TL00035" HPOS="1730" VPOS="557" WIDTH="1101" HEIGHT="41">
						<String ID="P6_ST00295" HPOS="1730" VPOS="559" WIDTH="83" HEIGHT="31" CONTENT="And" WC="1.00" CC="000"/>
						<SP ID="P6_SP00260" HPOS="1813" VPOS="590" WIDTH="29"/>
						<String ID="P6_ST00296" HPOS="1842" VPOS="558" WIDTH="125" HEIGHT="34" CONTENT="shown" WC="0.99" CC="00400"/>
						<SP ID="P6_SP00261" HPOS="1967" VPOS="592" WIDTH="27"/>
						<String ID="P6_ST00297" HPOS="1994" VPOS="569" WIDTH="40" HEIGHT="21" CONTENT="us" WC="0.85" CC="20"/>
						<SP ID="P6_SP00262" HPOS="2034" VPOS="592" WIDTH="26"/>
						<String ID="P6_ST00298" HPOS="2060" VPOS="558" WIDTH="81" HEIGHT="34" CONTENT="how" WC="0.98" CC="040"/>
						<SP ID="P6_SP00263" HPOS="2141" VPOS="592" WIDTH="27"/>
						<String ID="P6_ST00299" HPOS="2168" VPOS="569" WIDTH="111" HEIGHT="29" CONTENT="every" WC="1.00" CC="00030"/>
						<SP ID="P6_SP00264" HPOS="2279" VPOS="598" WIDTH="26"/>
						<String ID="P6_ST00300" HPOS="2305" VPOS="558" WIDTH="100" HEIGHT="40" CONTENT="day's" WC="1.00" CC="00040"/>
						<SP ID="P6_SP00265" HPOS="2405" VPOS="598" WIDTH="28"/>
						<String ID="P6_ST00301" HPOS="2433" VPOS="557" WIDTH="65" HEIGHT="33" CONTENT="life" WC="0.98" CC="1500"/>
						<SP ID="P6_SP00266" HPOS="2498" VPOS="598" WIDTH="30"/>
						<String ID="P6_ST00302" HPOS="2528" VPOS="557" WIDTH="70" HEIGHT="33" CONTENT="and" WC="1.00" CC="000"/>
						<SP ID="P6_SP00267" HPOS="2598" VPOS="598" WIDTH="27"/>
						<String ID="P6_ST00303" HPOS="2625" VPOS="563" WIDTH="206" HEIGHT="27" CONTENT="movement" WC="1.00" CC="00001003"/>
					</TextLine>
					<TextLine ID="P6_TL00036" HPOS="1732" VPOS="602" WIDTH="867" HEIGHT="43">
						<String ID="P6_ST00304" HPOS="1732" VPOS="604" WIDTH="135" HEIGHT="33" CONTENT="Should" WC="0.99" CC="055000"/>
						<SP ID="P6_SP00268" HPOS="1867" VPOS="637" WIDTH="28"/>
						<String ID="P6_ST00305" HPOS="1895" VPOS="605" WIDTH="41" HEIGHT="32" CONTENT="be" WC="1.00" CC="00"/>
						<SP ID="P6_SP00269" HPOS="1936" VPOS="637" WIDTH="29"/>
						<String ID="P6_ST00306" HPOS="1965" VPOS="604" WIDTH="152" HEIGHT="41" CONTENT="enjoyed" WC="0.99" CC="0055000"/>
						<SP ID="P6_SP00270" HPOS="2117" VPOS="645" WIDTH="30"/>
						<String ID="P6_ST00307" HPOS="2147" VPOS="615" WIDTH="38" HEIGHT="21" CONTENT="as" WC="1.00" CC="00"/>
						<SP ID="P6_SP00271" HPOS="2185" VPOS="645" WIDTH="28"/>
						<String ID="P6_ST00308" HPOS="2213" VPOS="603" WIDTH="29" HEIGHT="32" CONTENT="if" WC="0.79" CC="40"/>
						<SP ID="P6_SP00272" HPOS="2242" VPOS="645" WIDTH="26"/>
						<String ID="P6_ST00309" HPOS="2268" VPOS="603" WIDTH="27" HEIGHT="33" CONTENT="it" WC="0.67" CC="60"/>
						<SP ID="P6_SP00273" HPOS="2295" VPOS="645" WIDTH="26"/>
						<String ID="P6_ST00310" HPOS="2321" VPOS="615" WIDTH="97" HEIGHT="22" CONTENT="were" WC="0.99" CC="0040"/>
						<SP ID="P6_SP00274" HPOS="2418" VPOS="645" WIDTH="28"/>
						<String ID="P6_ST00311" HPOS="2446" VPOS="615" WIDTH="20" HEIGHT="20" CONTENT="a" WC="1.00" CC="0"/>
						<SP ID="P6_SP00275" HPOS="2466" VPOS="645" WIDTH="27"/>
						<String ID="P6_ST00312" HPOS="2493" VPOS="602" WIDTH="106" HEIGHT="42" CONTENT="play;" WC="0.99" CC="02004"/>
					</TextLine>
					<TextLine ID="P6_TL00037" HPOS="1729" VPOS="649" WIDTH="1159" HEIGHT="42">
						<String ID="P6_ST00313" HPOS="1729" VPOS="651" WIDTH="85" HEIGHT="31" CONTENT="And" WC="1.00" CC="000"/>
						<SP ID="P6_SP00276" HPOS="1814" VPOS="682" WIDTH="26"/>
						<String ID="P6_ST00314" HPOS="1840" VPOS="651" WIDTH="130" HEIGHT="40" CONTENT="taught" WC="0.99" CC="201060"/>
						<SP ID="P6_SP00277" HPOS="1970" VPOS="691" WIDTH="25"/>
						<String ID="P6_ST00315" HPOS="1995" VPOS="662" WIDTH="40" HEIGHT="21" CONTENT="us" WC="1.00" CC="00"/>
						<SP ID="P6_SP00278" HPOS="2035" VPOS="691" WIDTH="25"/>
						<String ID="P6_ST00316" HPOS="2060" VPOS="658" WIDTH="35" HEIGHT="25" CONTENT="to" WC="0.51" CC="36"/>
						<SP ID="P6_SP00279" HPOS="2095" VPOS="691" WIDTH="27"/>
						<String ID="P6_ST00317" HPOS="2122" VPOS="651" WIDTH="225" HEIGHT="32" CONTENT="understand" WC="1.00" CC="6000306000"/>
						<SP ID="P6_SP00280" HPOS="2347" VPOS="691" WIDTH="27"/>
						<String ID="P6_ST00318" HPOS="2374" VPOS="650" WIDTH="58" HEIGHT="32" CONTENT="the" WC="0.98" CC="230"/>
						<SP ID="P6_SP00281" HPOS="2432" VPOS="691" WIDTH="27"/>
						<String ID="P6_ST00319" HPOS="2459" VPOS="651" WIDTH="132" HEIGHT="40" CONTENT="beauty" WC="1.00" CC="000030"/>
						<SP ID="P6_SP00282" HPOS="2591" VPOS="691" WIDTH="27"/>
						<String ID="P6_ST00320" HPOS="2618" VPOS="649" WIDTH="38" HEIGHT="33" CONTENT="of" WC="0.71" CC="50"/>
						<SP ID="P6_SP00283" HPOS="2656" VPOS="691" WIDTH="29"/>
						<String ID="P6_ST00321" HPOS="2685" VPOS="649" WIDTH="50" HEIGHT="33" CONTENT="all" WC="0.98" CC="013"/>
						<SP ID="P6_SP00284" HPOS="2735" VPOS="691" WIDTH="27"/>
						<String ID="P6_ST00322" HPOS="2762" VPOS="649" WIDTH="126" HEIGHT="41" CONTENT="forms," WC="0.99" CC="066001"/>
					</TextLine>
					<TextLine ID="P6_TL00038" HPOS="1734" VPOS="696" WIDTH="688" HEIGHT="34">
						<String ID="P6_ST00323" HPOS="1734" VPOS="698" WIDTH="84" HEIGHT="32" CONTENT="And" WC="0.98" CC="060"/>
						<SP ID="P6_SP00285" HPOS="1818" VPOS="730" WIDTH="28"/>
						<String ID="P6_ST00324" HPOS="1846" VPOS="705" WIDTH="34" HEIGHT="25" CONTENT="to" WC="0.86" CC="20"/>
						<SP ID="P6_SP00286" HPOS="1880" VPOS="730" WIDTH="28"/>
						<String ID="P6_ST00325" HPOS="1908" VPOS="698" WIDTH="81" HEIGHT="31" CONTENT="look" WC="0.97" CC="2550"/>
						<SP ID="P6_SP00287" HPOS="1989" VPOS="730" WIDTH="27"/>
						<String ID="P6_ST00326" HPOS="2016" VPOS="696" WIDTH="73" HEIGHT="33" CONTENT="into" WC="0.99" CC="1040"/>
						<SP ID="P6_SP00288" HPOS="2089" VPOS="730" WIDTH="28"/>
						<String ID="P6_ST00327" HPOS="2117" VPOS="708" WIDTH="65" HEIGHT="21" CONTENT="our" WC="0.96" CC="504"/>
						<SP ID="P6_SP00289" HPOS="2182" VPOS="730" WIDTH="26"/>
						<String ID="P6_ST00328" HPOS="2208" VPOS="708" WIDTH="82" HEIGHT="22" CONTENT="own" WC="1.00" CC="000"/>
						<SP ID="P6_SP00290" HPOS="2290" VPOS="730" WIDTH="29"/>
						<String ID="P6_ST00329" HPOS="2319" VPOS="696" WIDTH="103" HEIGHT="34" CONTENT="lives." WC="0.99" CC="130003"/>
					</TextLine>
					<TextLine ID="P6_TL00039" HPOS="1729" VPOS="742" WIDTH="919" HEIGHT="35">
						<String ID="P6_ST00330" HPOS="1729" VPOS="745" WIDTH="155" HEIGHT="32" CONTENT="Women" WC="0.99" CC="06020"/>
						<SP ID="P6_SP00291" HPOS="1884" VPOS="777" WIDTH="30"/>
						<String ID="P6_ST00331" HPOS="1914" VPOS="744" WIDTH="70" HEIGHT="32" CONTENT="and" WC="0.98" CC="060"/>
						<SP ID="P6_SP00292" HPOS="1984" VPOS="777" WIDTH="28"/>
						<String ID="P6_ST00332" HPOS="2012" VPOS="743" WIDTH="143" HEIGHT="34" CONTENT="flowers" WC="0.99" CC="2230060"/>
						<SP ID="P6_SP00293" HPOS="2155" VPOS="777" WIDTH="28"/>
						<String ID="P6_ST00333" HPOS="2183" VPOS="744" WIDTH="71" HEIGHT="31" CONTENT="and" WC="1.00" CC="000"/>
						<SP ID="P6_SP00294" HPOS="2254" VPOS="777" WIDTH="28"/>
						<String ID="P6_ST00334" HPOS="2282" VPOS="754" WIDTH="126" HEIGHT="22" CONTENT="waves" WC="1.00" CC="00000"/>
						<SP ID="P6_SP00295" HPOS="2408" VPOS="777" WIDTH="28"/>
						<String ID="P6_ST00335" HPOS="2436" VPOS="742" WIDTH="39" HEIGHT="33" CONTENT="of" WC="0.90" CC="20"/>
						<SP ID="P6_SP00296" HPOS="2475" VPOS="777" WIDTH="25"/>
						<String ID="P6_ST00336" HPOS="2500" VPOS="743" WIDTH="59" HEIGHT="33" CONTENT="the" WC="0.96" CC="550"/>
						<SP ID="P6_SP00297" HPOS="2559" VPOS="777" WIDTH="28"/>
						<String ID="P6_ST00337" HPOS="2587" VPOS="753" WIDTH="61" HEIGHT="22" CONTENT="sea" WC="1.00" CC="000"/>
					</TextLine>
					<TextLine ID="P6_TL00040" HPOS="1729" VPOS="788" WIDTH="1078" HEIGHT="43">
						<String ID="P6_ST00338" HPOS="1729" VPOS="791" WIDTH="85" HEIGHT="31" CONTENT="And" WC="1.00" CC="000"/>
						<SP ID="P6_SP00298" HPOS="1814" VPOS="822" WIDTH="27"/>
						<String ID="P6_ST00339" HPOS="1841" VPOS="789" WIDTH="78" HEIGHT="41" CONTENT="silk," WC="0.99" CC="01003"/>
						<SP ID="P6_SP00299" HPOS="1919" VPOS="830" WIDTH="29"/>
						<String ID="P6_ST00340" HPOS="1948" VPOS="790" WIDTH="70" HEIGHT="32" CONTENT="and" WC="1.00" CC="000"/>
						<SP ID="P6_SP00300" HPOS="2018" VPOS="830" WIDTH="27"/>
						<String ID="P6_ST00341" HPOS="2045" VPOS="789" WIDTH="86" HEIGHT="42" CONTENT="gold" WC="0.99" CC="0500"/>
						<SP ID="P6_SP00301" HPOS="2131" VPOS="831" WIDTH="29"/>
						<String ID="P6_ST00342" HPOS="2160" VPOS="790" WIDTH="71" HEIGHT="31" CONTENT="and" WC="1.00" CC="000"/>
						<SP ID="P6_SP00302" HPOS="2231" VPOS="831" WIDTH="26"/>
						<String ID="P6_ST00343" HPOS="2257" VPOS="790" WIDTH="58" HEIGHT="31" CONTENT="the" WC="0.98" CC="500"/>
						<SP ID="P6_SP00303" HPOS="2315" VPOS="831" WIDTH="26"/>
						<String ID="P6_ST00344" HPOS="2341" VPOS="788" WIDTH="98" HEIGHT="42" CONTENT="glow" WC="0.99" CC="0040"/>
						<SP ID="P6_SP00304" HPOS="2439" VPOS="831" WIDTH="28"/>
						<String ID="P6_ST00345" HPOS="2467" VPOS="788" WIDTH="38" HEIGHT="33" CONTENT="of" WC="1.00" CC="00"/>
						<SP ID="P6_SP00305" HPOS="2505" VPOS="831" WIDTH="24"/>
						<String ID="P6_ST00346" HPOS="2529" VPOS="788" WIDTH="124" HEIGHT="42" CONTENT="bright" WC="0.99" CC="063050"/>
						<SP ID="P6_SP00306" HPOS="2653" VPOS="831" WIDTH="26"/>
						<String ID="P6_ST00347" HPOS="2679" VPOS="796" WIDTH="128" HEIGHT="34" CONTENT="stones," WC="1.00" CC="0020002"/>
					</TextLine>
					<TextLine ID="P6_TL00041" HPOS="1731" VPOS="835" WIDTH="779" HEIGHT="42">
						<String ID="P6_ST00348" HPOS="1731" VPOS="836" WIDTH="107" HEIGHT="41" CONTENT="Lofty" WC="0.99" CC="13000"/>
						<SP ID="P6_SP00307" HPOS="1838" VPOS="877" WIDTH="25"/>
						<String ID="P6_ST00349" HPOS="1863" VPOS="835" WIDTH="148" HEIGHT="42" CONTENT="bridges" WC="0.99" CC="3240000"/>
						<SP ID="P6_SP00308" HPOS="2011" VPOS="877" WIDTH="28"/>
						<String ID="P6_ST00350" HPOS="2039" VPOS="837" WIDTH="71" HEIGHT="31" CONTENT="and" WC="1.00" CC="000"/>
						<SP ID="P6_SP00309" HPOS="2110" VPOS="877" WIDTH="28"/>
						<String ID="P6_ST00351" HPOS="2138" VPOS="835" WIDTH="201" HEIGHT="42" CONTENT="springlike" WC="1.00" CC="0051001200"/>
						<SP ID="P6_SP00310" HPOS="2339" VPOS="877" WIDTH="27"/>
						<String ID="P6_ST00352" HPOS="2366" VPOS="835" WIDTH="144" HEIGHT="42" CONTENT="valleys" WC="0.99" CC="0503000"/>
					</TextLine>
					<TextLine ID="P6_TL00042" HPOS="1734" VPOS="881" WIDTH="820" HEIGHT="42">
						<String ID="P6_ST00353" HPOS="1734" VPOS="882" WIDTH="105" HEIGHT="34" CONTENT="With" WC="0.97" CC="0154"/>
						<SP ID="P6_SP00311" HPOS="1839" VPOS="916" WIDTH="26"/>
						<String ID="P6_ST00354" HPOS="1865" VPOS="882" WIDTH="75" HEIGHT="33" CONTENT="fair" WC="0.99" CC="0015"/>
						<SP ID="P6_SP00312" HPOS="1940" VPOS="916" WIDTH="28"/>
						<String ID="P6_ST00355" HPOS="1968" VPOS="882" WIDTH="151" HEIGHT="41" CONTENT="nymphs" WC="1.00" CC="000000"/>
						<SP ID="P6_SP00313" HPOS="2119" VPOS="923" WIDTH="28"/>
						<String ID="P6_ST00356" HPOS="2147" VPOS="882" WIDTH="45" HEIGHT="41" CONTENT="by" WC="1.00" CC="00"/>
						<SP ID="P6_SP00314" HPOS="2192" VPOS="923" WIDTH="26"/>
						<String ID="P6_ST00357" HPOS="2218" VPOS="881" WIDTH="134" HEIGHT="42" CONTENT="crystal" WC="0.99" CC="0600201"/>
						<SP ID="P6_SP00315" HPOS="2352" VPOS="923" WIDTH="29"/>
						<String ID="P6_ST00358" HPOS="2381" VPOS="889" WIDTH="173" HEIGHT="33" CONTENT="streams;" WC="1.00" CC="00600004"/>
					</TextLine>
					<TextLine ID="P6_TL00043" HPOS="1730" VPOS="928" WIDTH="709" HEIGHT="42">
						<String ID="P6_ST00359" HPOS="1730" VPOS="929" WIDTH="64" HEIGHT="33" CONTENT="All" WC="1.00" CC="000"/>
						<SP ID="P6_SP00316" HPOS="1794" VPOS="962" WIDTH="28"/>
						<String ID="P6_ST00360" HPOS="1822" VPOS="929" WIDTH="58" HEIGHT="33" CONTENT="the" WC="1.00" CC="000"/>
						<SP ID="P6_SP00317" HPOS="1880" VPOS="962" WIDTH="27"/>
						<String ID="P6_ST00361" HPOS="1907" VPOS="928" WIDTH="122" HEIGHT="42" CONTENT="things" WC="1.00" CC="040000"/>
						<SP ID="P6_SP00318" HPOS="2029" VPOS="970" WIDTH="27"/>
						<String ID="P6_ST00362" HPOS="2056" VPOS="941" WIDTH="56" HEIGHT="21" CONTENT="we" WC="1.00" CC="00"/>
						<SP ID="P6_SP00319" HPOS="2112" VPOS="970" WIDTH="28"/>
						<String ID="P6_ST00363" HPOS="2140" VPOS="928" WIDTH="81" HEIGHT="34" CONTENT="love" WC="0.99" CC="0300"/>
						<SP ID="P6_SP00320" HPOS="2221" VPOS="970" WIDTH="27"/>
						<String ID="P6_ST00364" HPOS="2248" VPOS="936" WIDTH="35" HEIGHT="25" CONTENT="to" WC="0.79" CC="04"/>
						<SP ID="P6_SP00321" HPOS="2283" VPOS="970" WIDTH="29"/>
						<String ID="P6_ST00365" HPOS="2312" VPOS="929" WIDTH="127" HEIGHT="32" CONTENT="dream" WC="0.99" CC="06000"/>
					</TextLine>
					<TextLine ID="P6_TL00044" HPOS="1734" VPOS="974" WIDTH="905" HEIGHT="42">
						<String ID="P6_ST00366" HPOS="1734" VPOS="976" WIDTH="84" HEIGHT="31" CONTENT="And" WC="1.00" CC="000"/>
						<SP ID="P6_SP00322" HPOS="1818" VPOS="1007" WIDTH="26"/>
						<String ID="P6_ST00367" HPOS="1844" VPOS="975" WIDTH="50" HEIGHT="32" CONTENT="all" WC="0.99" CC="020"/>
						<SP ID="P6_SP00323" HPOS="1894" VPOS="1007" WIDTH="25"/>
						<String ID="P6_ST00368" HPOS="1919" VPOS="976" WIDTH="57" HEIGHT="32" CONTENT="the" WC="0.98" CC="050"/>
						<SP ID="P6_SP00324" HPOS="1976" VPOS="1008" WIDTH="24"/>
						<String ID="P6_ST00369" HPOS="2000" VPOS="974" WIDTH="136" HEIGHT="42" CONTENT="glories" WC="0.99" CC="0166000"/>
						<SP ID="P6_SP00325" HPOS="2136" VPOS="1016" WIDTH="24"/>
						<String ID="P6_ST00370" HPOS="2160" VPOS="974" WIDTH="39" HEIGHT="33" CONTENT="of" WC="0.72" CC="50"/>
						<SP ID="P6_SP00326" HPOS="2199" VPOS="1016" WIDTH="22"/>
						<String ID="P6_ST00371" HPOS="2221" VPOS="986" WIDTH="66" HEIGHT="21" CONTENT="our" WC="0.99" CC="030"/>
						<SP ID="P6_SP00327" HPOS="2287" VPOS="1016" WIDTH="22"/>
						<String ID="P6_ST00372" HPOS="2309" VPOS="974" WIDTH="151" HEIGHT="42" CONTENT="waking" WC="1.00" CC="000200"/>
						<SP ID="P6_SP00328" HPOS="2460" VPOS="1016" WIDTH="22"/>
						<String ID="P6_ST00373" HPOS="2482" VPOS="975" WIDTH="157" HEIGHT="32" CONTENT="hours—" WC="0.98" CC="005608"/>
					</TextLine>
					<TextLine ID="P6_TL00045" HPOS="1736" VPOS="1020" WIDTH="819" HEIGHT="43">
						<String ID="P6_ST00374" HPOS="1736" VPOS="1023" WIDTH="106" HEIGHT="32" CONTENT="Have" WC="0.99" CC="1001"/>
						<SP ID="P6_SP00329" HPOS="1842" VPOS="1055" WIDTH="28"/>
						<String ID="P6_ST00375" HPOS="1870" VPOS="1022" WIDTH="77" HEIGHT="32" CONTENT="first" WC="0.97" CC="89011"/>
						<SP ID="P6_SP00330" HPOS="1947" VPOS="1055" WIDTH="28"/>
						<String ID="P6_ST00376" HPOS="1975" VPOS="1021" WIDTH="166" HEIGHT="33" CONTENT="received" WC="1.00" CC="51003000"/>
						<SP ID="P6_SP00331" HPOS="2141" VPOS="1055" WIDTH="28"/>
						<String ID="P6_ST00377" HPOS="2169" VPOS="1020" WIDTH="94" HEIGHT="34" CONTENT="their" WC="0.98" CC="04026"/>
						<SP ID="P6_SP00332" HPOS="2263" VPOS="1055" WIDTH="28"/>
						<String ID="P6_ST00378" HPOS="2291" VPOS="1028" WIDTH="105" HEIGHT="34" CONTENT="great" WC="1.00" CC="00000"/>
						<SP ID="P6_SP00333" HPOS="2396" VPOS="1062" WIDTH="27"/>
						<String ID="P6_ST00379" HPOS="2423" VPOS="1022" WIDTH="132" HEIGHT="41" CONTENT="beauty" WC="1.00" CC="300000"/>
					</TextLine>
					<TextLine ID="P6_TL00046" HPOS="1732" VPOS="1067" WIDTH="695" HEIGHT="43">
						<String ID="P6_ST00380" HPOS="1732" VPOS="1070" WIDTH="53" HEIGHT="31" CONTENT="As" WC="1.00" CC="00"/>
						<SP ID="P6_SP00334" HPOS="1785" VPOS="1101" WIDTH="24"/>
						<String ID="P6_ST00381" HPOS="1809" VPOS="1069" WIDTH="84" HEIGHT="41" CONTENT="they" WC="0.99" CC="3000"/>
						<SP ID="P6_SP00335" HPOS="1893" VPOS="1110" WIDTH="23"/>
						<String ID="P6_ST00382" HPOS="1916" VPOS="1068" WIDTH="131" HEIGHT="42" CONTENT="passed" WC="1.00" CC="030000"/>
						<SP ID="P6_SP00336" HPOS="2047" VPOS="1110" WIDTH="26"/>
						<String ID="P6_ST00383" HPOS="2073" VPOS="1068" WIDTH="158" HEIGHT="41" CONTENT="through" WC="0.99" CC="0060005"/>
						<SP ID="P6_SP00337" HPOS="2231" VPOS="1110" WIDTH="25"/>
						<String ID="P6_ST00384" HPOS="2256" VPOS="1067" WIDTH="55" HEIGHT="33" CONTENT="his" WC="1.00" CC="010"/>
						<SP ID="P6_SP00338" HPOS="2311" VPOS="1110" WIDTH="26"/>
						<String ID="P6_ST00385" HPOS="2337" VPOS="1067" WIDTH="90" HEIGHT="33" CONTENT="soul." WC="0.98" CC="06302"/>
					</TextLine>
					<TextLine ID="P6_TL00047" HPOS="1689" VPOS="1159" WIDTH="1305" HEIGHT="43">
						<String ID="P6_ST00386" HPOS="1689" VPOS="1162" WIDTH="99" HEIGHT="32" CONTENT='"Our' WC="0.96" CC="4075"/>
						<SP ID="P6_SP00339" HPOS="1788" VPOS="1194" WIDTH="33"/>
						<String ID="P6_ST00387" HPOS="1821" VPOS="1160" WIDTH="65" HEIGHT="34" CONTENT="life" WC="0.99" CC="0303"/>
						<SP ID="P6_SP00340" HPOS="1886" VPOS="1194" WIDTH="34"/>
						<String ID="P6_ST00388" HPOS="1920" VPOS="1160" WIDTH="30" HEIGHT="33" CONTENT="is" WC="0.72" CC="50"/>
						<SP ID="P6_SP00341" HPOS="1950" VPOS="1194" WIDTH="33"/>
						<String ID="P6_ST00389" HPOS="1983" VPOS="1160" WIDTH="85" HEIGHT="42" CONTENT="only" WC="0.98" CC="2320"/>
						<SP ID="P6_SP00342" HPOS="2068" VPOS="1202" WIDTH="34"/>
						<String ID="P6_ST00390" HPOS="2102" VPOS="1172" WIDTH="20" HEIGHT="21" CONTENT="a" WC="1.00" CC="0"/>
						<SP ID="P6_SP00343" HPOS="2122" VPOS="1202" WIDTH="34"/>
						<String ID="P6_ST00391" HPOS="2156" VPOS="1160" WIDTH="292" HEIGHT="42" CONTENT='shadow-play,"' WC="1.00" CC="0000602000024"/>
						<SP ID="P6_SP00344" HPOS="2448" VPOS="1202" WIDTH="36"/>
						<String ID="P6_ST00392" HPOS="2484" VPOS="1159" WIDTH="29" HEIGHT="34" CONTENT="is" WC="0.83" CC="30"/>
						<SP ID="P6_SP00345" HPOS="2513" VPOS="1202" WIDTH="34"/>
						<String ID="P6_ST00393" HPOS="2547" VPOS="1172" WIDTH="20" HEIGHT="21" CONTENT="a" WC="0.96" CC="0"/>
						<SP ID="P6_SP00346" HPOS="2567" VPOS="1202" WIDTH="35"/>
						<String ID="P6_ST00394" HPOS="2602" VPOS="1159" WIDTH="74" HEIGHT="34" CONTENT="line" WC="1.00" CC="0100"/>
						<SP ID="P6_SP00347" HPOS="2676" VPOS="1202" WIDTH="34"/>
						<String ID="P6_ST00395" HPOS="2710" VPOS="1160" WIDTH="96" HEIGHT="33" CONTENT="from" WC="0.98" CC="0610"/>
						<SP ID="P6_SP00348" HPOS="2806" VPOS="1202" WIDTH="37"/>
						<String ID="P6_ST00396" HPOS="2843" VPOS="1160" WIDTH="151" HEIGHT="33" CONTENT="another" WC="0.99" CC="0000806"/>
					</TextLine>
					<TextLine ID="P6_TL00048" HPOS="1640" VPOS="1206" WIDTH="1354" HEIGHT="43">
						<String ID="P6_ST00397" HPOS="1640" VPOS="1207" WIDTH="96" HEIGHT="42" CONTENT="play." WC="1.00" CC="00002"/>
						<SP ID="P6_SP00349" HPOS="1736" VPOS="1249" WIDTH="48"/>
						<String ID="P6_ST00398" HPOS="1784" VPOS="1208" WIDTH="101" HEIGHT="32" CONTENT='"The' WC="1.00" CC="0000"/>
						<SP ID="P6_SP00350" HPOS="1885" VPOS="1249" WIDTH="23"/>
						<String ID="P6_ST00399" HPOS="1908" VPOS="1208" WIDTH="99" HEIGHT="32" CONTENT="three" WC="0.99" CC="05400"/>
						<SP ID="P6_SP00351" HPOS="2007" VPOS="1249" WIDTH="26"/>
						<String ID="P6_ST00400" HPOS="2033" VPOS="1219" WIDTH="61" HEIGHT="21" CONTENT="are" WC="0.98" CC="060"/>
						<SP ID="P6_SP00352" HPOS="2094" VPOS="1249" WIDTH="23"/>
						<String ID="P6_ST00401" HPOS="2117" VPOS="1218" WIDTH="83" HEIGHT="22" CONTENT="one:" WC="0.99" CC="0004"/>
						<SP ID="P6_SP00353" HPOS="2200" VPOS="1249" WIDTH="25"/>
						<String ID="P6_ST00402" HPOS="2225" VPOS="1219" WIDTH="19" HEIGHT="20" CONTENT="a" WC="1.00" CC="0"/>
						<SP ID="P6_SP00354" HPOS="2244" VPOS="1249" WIDTH="23"/>
						<String ID="P6_ST00403" HPOS="2267" VPOS="1218" WIDTH="95" HEIGHT="30" CONTENT="man," WC="0.99" CC="0002"/>
						<SP ID="P6_SP00355" HPOS="2362" VPOS="1249" WIDTH="26"/>
						<String ID="P6_ST00404" HPOS="2388" VPOS="1219" WIDTH="20" HEIGHT="20" CONTENT="a" WC="1.00" CC="0"/>
						<SP ID="P6_SP00356" HPOS="2408" VPOS="1249" WIDTH="22"/>
						<String ID="P6_ST00405" HPOS="2430" VPOS="1206" WIDTH="113" HEIGHT="42" CONTENT="thing," WC="1.00" CC="002002"/>
						<SP ID="P6_SP00357" HPOS="2543" VPOS="1249" WIDTH="26"/>
						<String ID="P6_ST00406" HPOS="2569" VPOS="1218" WIDTH="20" HEIGHT="21" CONTENT="a" WC="1.00" CC="0"/>
						<SP ID="P6_SP00358" HPOS="2589" VPOS="1249" WIDTH="24"/>
						<String ID="P6_ST00407" HPOS="2613" VPOS="1207" WIDTH="149" HEIGHT="33" CONTENT='dream"' WC="0.99" CC="060002"/>
						<SP ID="P6_SP00359" HPOS="2762" VPOS="1249" WIDTH="25"/>
						<String ID="P6_ST00408" HPOS="2787" VPOS="1206" WIDTH="29" HEIGHT="33" CONTENT="is" WC="0.98" CC="00"/>
						<SP ID="P6_SP00360" HPOS="2816" VPOS="1249" WIDTH="23"/>
						<String ID="P6_ST00409" HPOS="2839" VPOS="1207" WIDTH="59" HEIGHT="33" CONTENT="the" WC="1.00" CC="000"/>
						<SP ID="P6_SP00361" HPOS="2898" VPOS="1249" WIDTH="25"/>
						<String ID="P6_ST00410" HPOS="2923" VPOS="1206" WIDTH="71" HEIGHT="34" CONTENT="last" WC="1.00" CC="2000"/>
					</TextLine>
					<TextLine ID="P6_TL00049" HPOS="1644" VPOS="1253" WIDTH="1353" HEIGHT="34">
						<String ID="P6_ST00411" HPOS="1644" VPOS="1254" WIDTH="72" HEIGHT="33" CONTENT="line" WC="0.99" CC="0020"/>
						<SP ID="P6_SP00362" HPOS="1716" VPOS="1287" WIDTH="31"/>
						<String ID="P6_ST00412" HPOS="1747" VPOS="1254" WIDTH="38" HEIGHT="33" CONTENT="of" WC="0.69" CC="60"/>
						<SP ID="P6_SP00363" HPOS="1785" VPOS="1287" WIDTH="29"/>
						<String ID="P6_ST00413" HPOS="1814" VPOS="1254" WIDTH="58" HEIGHT="33" CONTENT="the" WC="0.98" CC="060"/>
						<SP ID="P6_SP00364" HPOS="1872" VPOS="1287" WIDTH="30"/>
						<String ID="P6_ST00414" HPOS="1902" VPOS="1262" WIDTH="101" HEIGHT="25" CONTENT="terza" WC="0.73" CC="51600"/>
						<SP ID="P6_SP00365" HPOS="2003" VPOS="1287" WIDTH="31"/>
						<String ID="P6_ST00415" HPOS="2034" VPOS="1253" WIDTH="93" HEIGHT="33" CONTENT="rima" WC="0.95" CC="1000"/>
						<SP ID="P6_SP00366" HPOS="2127" VPOS="1287" WIDTH="31"/>
						<String ID="P6_ST00416" HPOS="2158" VPOS="1253" WIDTH="91" HEIGHT="33" CONTENT="lines" WC="1.00" CC="00000"/>
						<SP ID="P6_SP00367" HPOS="2249" VPOS="1287" WIDTH="32"/>
						<String ID="P6_ST00417" HPOS="2281" VPOS="1253" WIDTH="72" HEIGHT="33" CONTENT='"Of' WC="0.97" CC="700"/>
						<SP ID="P6_SP00368" HPOS="2353" VPOS="1287" WIDTH="28"/>
						<String ID="P6_ST00418" HPOS="2381" VPOS="1253" WIDTH="331" HEIGHT="33" CONTENT='Transitoriness."' WC="0.79" CC="0500037051010034"/>
						<SP ID="P6_SP00369" HPOS="2712" VPOS="1287" WIDTH="52"/>
						<String ID="P6_ST00419" HPOS="2764" VPOS="1254" WIDTH="122" HEIGHT="32" CONTENT="These" WC="1.00" CC="00000"/>
						<SP ID="P6_SP00370" HPOS="2886" VPOS="1287" WIDTH="32"/>
						<String ID="P6_ST00420" HPOS="2918" VPOS="1265" WIDTH="60" HEIGHT="21" CONTENT="sen" SUBS_TYPE="HypPart1" SUBS_CONTENT="sentences" WC="0.97" CC="009"/>
						<HYP HPOS="2978" VPOS="1265" WIDTH="19" CONTENT="-"/>
					</TextLine>
					<TextLine ID="P6_TL00050" HPOS="1639" VPOS="1299" WIDTH="1353" HEIGHT="43">
						<String ID="P6_ST00421" HPOS="1639" VPOS="1308" WIDTH="118" HEIGHT="25" CONTENT="tences" SUBS_TYPE="HypPart2" SUBS_CONTENT="sentences" WC="1.00" CC="500000"/>
						<SP ID="P6_SP00371" HPOS="1757" VPOS="1333" WIDTH="31"/>
						<String ID="P6_ST00422" HPOS="1788" VPOS="1312" WIDTH="77" HEIGHT="21" CONTENT="sum" WC="1.00" CC="000"/>
						<SP ID="P6_SP00372" HPOS="1865" VPOS="1333" WIDTH="30"/>
						<String ID="P6_ST00423" HPOS="1895" VPOS="1312" WIDTH="46" HEIGHT="30" CONTENT="up" WC="0.69" CC="60"/>
						<SP ID="P6_SP00373" HPOS="1941" VPOS="1342" WIDTH="32"/>
						<String ID="P6_ST00424" HPOS="1973" VPOS="1300" WIDTH="320" HEIGHT="33" CONTENT="Hofmannsthal's" WC="0.93" CC="01100000000240"/>
						<SP ID="P6_SP00374" HPOS="2293" VPOS="1342" WIDTH="29"/>
						<String ID="P6_ST00425" HPOS="2322" VPOS="1301" WIDTH="105" HEIGHT="32" CONTENT="mood" WC="0.98" CC="0640"/>
						<SP ID="P6_SP00375" HPOS="2427" VPOS="1342" WIDTH="31"/>
						<String ID="P6_ST00426" HPOS="2458" VPOS="1299" WIDTH="36" HEIGHT="33" CONTENT="in" WC="0.68" CC="60"/>
						<SP ID="P6_SP00376" HPOS="2494" VPOS="1342" WIDTH="30"/>
						<String ID="P6_ST00427" HPOS="2524" VPOS="1300" WIDTH="54" HEIGHT="33" CONTENT="his" WC="0.98" CC="040"/>
						<SP ID="P6_SP00377" HPOS="2578" VPOS="1342" WIDTH="29"/>
						<String ID="P6_ST00428" HPOS="2607" VPOS="1312" WIDTH="123" HEIGHT="29" CONTENT="poems" WC="1.00" CC="00000"/>
						<SP ID="P6_SP00378" HPOS="2730" VPOS="1342" WIDTH="31"/>
						<String ID="P6_ST00429" HPOS="2761" VPOS="1300" WIDTH="71" HEIGHT="33" CONTENT="and" WC="0.98" CC="600"/>
						<SP ID="P6_SP00379" HPOS="2832" VPOS="1342" WIDTH="31"/>
						<String ID="P6_ST00430" HPOS="2863" VPOS="1299" WIDTH="129" HEIGHT="42" CONTENT="lyrical" WC="0.99" CC="0033104"/>
					</TextLine>
					<TextLine ID="P6_TL00051" HPOS="1640" VPOS="1346" WIDTH="1353" HEIGHT="42">
						<String ID="P6_ST00431" HPOS="1640" VPOS="1348" WIDTH="160" HEIGHT="32" CONTENT="dramas." WC="0.99" CC="0700003"/>
						<SP ID="P6_SP00380" HPOS="1800" VPOS="1380" WIDTH="57"/>
						<String ID="P6_ST00432" HPOS="1857" VPOS="1346" WIDTH="67" HEIGHT="33" CONTENT="His" WC="0.99" CC="010"/>
						<SP ID="P6_SP00381" HPOS="1924" VPOS="1380" WIDTH="32"/>
						<String ID="P6_ST00433" HPOS="1956" VPOS="1347" WIDTH="90" HEIGHT="41" CONTENT="style" WC="0.99" CC="00040"/>
						<SP ID="P6_SP00382" HPOS="2046" VPOS="1388" WIDTH="32"/>
						<String ID="P6_ST00434" HPOS="2078" VPOS="1348" WIDTH="15" HEIGHT="31" CONTENT="I" WC="1.00" CC="0"/>
						<SP ID="P6_SP00383" HPOS="2093" VPOS="1388" WIDTH="34"/>
						<String ID="P6_ST00435" HPOS="2127" VPOS="1358" WIDTH="58" HEIGHT="21" CONTENT="am" WC="1.00" CC="00"/>
						<SP ID="P6_SP00384" HPOS="2185" VPOS="1388" WIDTH="31"/>
						<String ID="P6_ST00436" HPOS="2216" VPOS="1346" WIDTH="144" HEIGHT="41" CONTENT="unable," WC="1.00" CC="0000003"/>
						<SP ID="P6_SP00385" HPOS="2360" VPOS="1388" WIDTH="34"/>
						<String ID="P6_ST00437" HPOS="2394" VPOS="1347" WIDTH="71" HEIGHT="32" CONTENT="and" WC="1.00" CC="000"/>
						<SP ID="P6_SP00386" HPOS="2465" VPOS="1388" WIDTH="33"/>
						<String ID="P6_ST00438" HPOS="2498" VPOS="1347" WIDTH="94" HEIGHT="33" CONTENT="have" WC="1.00" CC="0000"/>
						<SP ID="P6_SP00387" HPOS="2592" VPOS="1388" WIDTH="32"/>
						<String ID="P6_ST00439" HPOS="2624" VPOS="1354" WIDTH="61" HEIGHT="26" CONTENT="not" WC="1.00" CC="000"/>
						<SP ID="P6_SP00388" HPOS="2685" VPOS="1388" WIDTH="33"/>
						<String ID="P6_ST00440" HPOS="2718" VPOS="1347" WIDTH="208" HEIGHT="41" CONTENT="attempted," WC="1.00" CC="0000000102"/>
						<SP ID="P6_SP00389" HPOS="2926" VPOS="1388" WIDTH="32"/>
						<String ID="P6_ST00441" HPOS="2958" VPOS="1354" WIDTH="35" HEIGHT="26" CONTENT="to" WC="0.83" CC="03"/>
					</TextLine>
					<TextLine ID="P6_TL00052" HPOS="1641" VPOS="1392" WIDTH="1354" HEIGHT="43">
						<String ID="P6_ST00442" HPOS="1641" VPOS="1405" WIDTH="147" HEIGHT="30" CONTENT="convey." WC="1.00" CC="0500002"/>
						<SP ID="P6_SP00390" HPOS="1788" VPOS="1435" WIDTH="45"/>
						<String ID="P6_ST00443" HPOS="1833" VPOS="1393" WIDTH="144" HEIGHT="33" CONTENT="Perfect" WC="1.00" CC="0050000"/>
						<SP ID="P6_SP00391" HPOS="1977" VPOS="1435" WIDTH="23"/>
						<String ID="P6_ST00444" HPOS="2000" VPOS="1394" WIDTH="222" HEIGHT="32" CONTENT="smoothness" WC="1.00" CC="0040100100"/>
						<SP ID="P6_SP00392" HPOS="2222" VPOS="1435" WIDTH="23"/>
						<String ID="P6_ST00445" HPOS="2245" VPOS="1394" WIDTH="70" HEIGHT="31" CONTENT="and" WC="1.00" CC="000"/>
						<SP ID="P6_SP00393" HPOS="2315" VPOS="1435" WIDTH="25"/>
						<String ID="P6_ST00446" HPOS="2340" VPOS="1404" WIDTH="175" HEIGHT="23" CONTENT="evenness" WC="1.00" CC="00000000"/>
						<SP ID="P6_SP00394" HPOS="2515" VPOS="1435" WIDTH="21"/>
						<String ID="P6_ST00447" HPOS="2536" VPOS="1392" WIDTH="39" HEIGHT="33" CONTENT="of" WC="0.96" CC="00"/>
						<SP ID="P6_SP00395" HPOS="2575" VPOS="1435" WIDTH="22"/>
						<String ID="P6_ST00448" HPOS="2597" VPOS="1394" WIDTH="143" HEIGHT="40" CONTENT="rhythm" WC="0.98" CC="640250"/>
						<SP ID="P6_SP00396" HPOS="2740" VPOS="1435" WIDTH="22"/>
						<String ID="P6_ST00449" HPOS="2762" VPOS="1392" WIDTH="40" HEIGHT="42" CONTENT="is," WC="0.97" CC="303"/>
						<SP ID="P6_SP00397" HPOS="2802" VPOS="1435" WIDTH="24"/>
						<String ID="P6_ST00450" HPOS="2826" VPOS="1394" WIDTH="15" HEIGHT="31" CONTENT="I" WC="0.84" CC="1"/>
						<SP ID="P6_SP00398" HPOS="2841" VPOS="1435" WIDTH="24"/>
						<String ID="P6_ST00451" HPOS="2865" VPOS="1393" WIDTH="130" HEIGHT="33" CONTENT="should" WC="1.00" CC="000010"/>
					</TextLine>
					<TextLine ID="P6_TL00053" HPOS="1640" VPOS="1439" WIDTH="1354" HEIGHT="42">
						<String ID="P6_ST00452" HPOS="1640" VPOS="1451" WIDTH="73" HEIGHT="30" CONTENT="say," WC="1.00" CC="0000"/>
						<SP ID="P6_SP00399" HPOS="1713" VPOS="1481" WIDTH="29"/>
						<String ID="P6_ST00453" HPOS="1742" VPOS="1439" WIDTH="55" HEIGHT="33" CONTENT="his" WC="0.99" CC="010"/>
						<SP ID="P6_SP00400" HPOS="1797" VPOS="1481" WIDTH="28"/>
						<String ID="P6_ST00454" HPOS="1825" VPOS="1439" WIDTH="97" HEIGHT="33" CONTENT="chief" WC="1.00" CC="02000"/>
						<SP ID="P6_SP00401" HPOS="1922" VPOS="1481" WIDTH="27"/>
						<String ID="P6_ST00455" HPOS="1949" VPOS="1439" WIDTH="284" HEIGHT="33" CONTENT="characteristic." WC="1.00" CC="060500506205402"/>
						<SP ID="P6_SP00402" HPOS="2233" VPOS="1481" WIDTH="49"/>
						<String ID="P6_ST00456" HPOS="2282" VPOS="1440" WIDTH="124" HEIGHT="32" CONTENT="There" WC="1.00" CC="00000"/>
						<SP ID="P6_SP00403" HPOS="2406" VPOS="1481" WIDTH="30"/>
						<String ID="P6_ST00457" HPOS="2436" VPOS="1451" WIDTH="62" HEIGHT="22" CONTENT="are" WC="0.98" CC="060"/>
						<SP ID="P6_SP00404" HPOS="2498" VPOS="1481" WIDTH="28"/>
						<String ID="P6_ST00458" HPOS="2526" VPOS="1451" WIDTH="45" HEIGHT="21" CONTENT="no" WC="0.72" CC="05"/>
						<SP ID="P6_SP00405" HPOS="2571" VPOS="1481" WIDTH="28"/>
						<String ID="P6_ST00459" HPOS="2599" VPOS="1439" WIDTH="107" HEIGHT="42" CONTENT="jerks," WC="0.99" CC="506000"/>
						<SP ID="P6_SP00406" HPOS="2706" VPOS="1481" WIDTH="29"/>
						<String ID="P6_ST00460" HPOS="2735" VPOS="1451" WIDTH="45" HEIGHT="21" CONTENT="no" WC="0.90" CC="01"/>
						<SP ID="P6_SP00407" HPOS="2780" VPOS="1481" WIDTH="28"/>
						<String ID="P6_ST00461" HPOS="2808" VPOS="1447" WIDTH="106" HEIGHT="34" CONTENT="great" WC="1.00" CC="03000"/>
						<SP ID="P6_SP00408" HPOS="2914" VPOS="1481" WIDTH="27"/>
						<String ID="P6_ST00462" HPOS="2941" VPOS="1439" WIDTH="36" HEIGHT="33" CONTENT="in" SUBS_TYPE="HypPart1" SUBS_CONTENT="intensities" WC="0.97" CC="20"/>
						<HYP HPOS="2977" VPOS="1439" WIDTH="17" CONTENT="-"/>
					</TextLine>
					<TextLine ID="P6_TL00054" HPOS="1640" VPOS="1485" WIDTH="1357" HEIGHT="42">
						<String ID="P6_ST00463" HPOS="1640" VPOS="1486" WIDTH="162" HEIGHT="33" CONTENT="tensities" SUBS_TYPE="HypPart2" SUBS_CONTENT="intensities" WC="1.00" CC="000024500"/>
						<SP ID="P6_SP00409" HPOS="1802" VPOS="1519" WIDTH="28"/>
						<String ID="P6_ST00464" HPOS="1830" VPOS="1486" WIDTH="38" HEIGHT="33" CONTENT="of" WC="0.80" CC="21"/>
						<SP ID="P6_SP00410" HPOS="1868" VPOS="1519" WIDTH="27"/>
						<String ID="P6_ST00465" HPOS="1895" VPOS="1486" WIDTH="83" HEIGHT="33" CONTENT="idea" WC="0.97" CC="6007"/>
						<SP ID="P6_SP00411" HPOS="1978" VPOS="1519" WIDTH="29"/>
						<String ID="P6_ST00466" HPOS="2007" VPOS="1498" WIDTH="40" HEIGHT="20" CONTENT="or" WC="0.69" CC="06"/>
						<SP ID="P6_SP00412" HPOS="2047" VPOS="1519" WIDTH="28"/>
						<String ID="P6_ST00467" HPOS="2075" VPOS="1486" WIDTH="220" HEIGHT="41" CONTENT="expression." WC="1.00" CC="00060004300"/>
						<SP ID="P6_SP00413" HPOS="2295" VPOS="1527" WIDTH="51"/>
						<String ID="P6_ST00468" HPOS="2346" VPOS="1485" WIDTH="223" HEIGHT="42" CONTENT="Practically" WC="1.00" CC="05000300030"/>
						<SP ID="P6_SP00414" HPOS="2569" VPOS="1527" WIDTH="30"/>
						<String ID="P6_ST00469" HPOS="2599" VPOS="1486" WIDTH="49" HEIGHT="33" CONTENT="all" WC="0.97" CC="053"/>
						<SP ID="P6_SP00415" HPOS="2648" VPOS="1527" WIDTH="29"/>
						<String ID="P6_ST00470" HPOS="2677" VPOS="1487" WIDTH="58" HEIGHT="32" CONTENT="the" WC="0.98" CC="400"/>
						<SP ID="P6_SP00416" HPOS="2735" VPOS="1527" WIDTH="29"/>
						<String ID="P6_ST00471" HPOS="2764" VPOS="1486" WIDTH="115" HEIGHT="41" CONTENT="plays," WC="0.99" CC="050001"/>
						<SP ID="P6_SP00417" HPOS="2879" VPOS="1527" WIDTH="28"/>
						<String ID="P6_ST00472" HPOS="2907" VPOS="1486" WIDTH="90" HEIGHT="35" CONTENT="with" WC="0.99" CC="0320"/>
					</TextLine>
					<TextLine ID="P6_TL00055" HPOS="1639" VPOS="1532" WIDTH="1355" HEIGHT="42">
						<String ID="P6_ST00473" HPOS="1639" VPOS="1533" WIDTH="57" HEIGHT="33" CONTENT="the" WC="0.98" CC="400"/>
						<SP ID="P6_SP00418" HPOS="1696" VPOS="1566" WIDTH="29"/>
						<String ID="P6_ST00474" HPOS="1725" VPOS="1532" WIDTH="187" HEIGHT="42" CONTENT="exception" WC="1.00" CC="000001550"/>
						<SP ID="P6_SP00419" HPOS="1912" VPOS="1574" WIDTH="26"/>
						<String ID="P6_ST00475" HPOS="1938" VPOS="1532" WIDTH="38" HEIGHT="33" CONTENT="of" WC="1.00" CC="00"/>
						<SP ID="P6_SP00420" HPOS="1976" VPOS="1574" WIDTH="26"/>
						<String ID="P6_ST00476" HPOS="2002" VPOS="1533" WIDTH="59" HEIGHT="33" CONTENT="the" WC="1.00" CC="100"/>
						<SP ID="P6_SP00421" HPOS="2061" VPOS="1574" WIDTH="28"/>
						<String ID="P6_ST00477" HPOS="2089" VPOS="1532" WIDTH="174" HEIGHT="41" CONTENT="librettos," WC="0.99" CC="1266040000"/>
						<SP ID="P6_SP00422" HPOS="2263" VPOS="1574" WIDTH="26"/>
						<String ID="P6_ST00478" HPOS="2289" VPOS="1545" WIDTH="98" HEIGHT="21" CONTENT="were" WC="1.00" CC="0000"/>
						<SP ID="P6_SP00423" HPOS="2387" VPOS="1574" WIDTH="27"/>
						<String ID="P6_ST00479" HPOS="2414" VPOS="1532" WIDTH="147" HEIGHT="34" CONTENT="written" WC="0.99" CC="0034603"/>
						<SP ID="P6_SP00424" HPOS="2561" VPOS="1574" WIDTH="27"/>
						<String ID="P6_ST00480" HPOS="2588" VPOS="1532" WIDTH="59" HEIGHT="33" CONTENT="for" WC="0.98" CC="006"/>
						<SP ID="P6_SP00425" HPOS="2647" VPOS="1574" WIDTH="27"/>
						<String ID="P6_ST00481" HPOS="2674" VPOS="1533" WIDTH="256" HEIGHT="41" CONTENT="performance" WC="1.00" CC="00603200000"/>
						<SP ID="P6_SP00426" HPOS="2930" VPOS="1574" WIDTH="29"/>
						<String ID="P6_ST00482" HPOS="2959" VPOS="1533" WIDTH="35" HEIGHT="33" CONTENT="in" WC="0.80" CC="40"/>
					</TextLine>
					<TextLine ID="P6_TL00056" HPOS="1643" VPOS="1578" WIDTH="1353" HEIGHT="42">
						<String ID="P6_ST00483" HPOS="1643" VPOS="1591" WIDTH="20" HEIGHT="20" CONTENT="a" WC="1.00" CC="0"/>
						<SP ID="P6_SP00427" HPOS="1663" VPOS="1611" WIDTH="26"/>
						<String ID="P6_ST00484" HPOS="1689" VPOS="1580" WIDTH="141" HEIGHT="33" CONTENT="theatre" WC="0.99" CC="7050500"/>
						<SP ID="P6_SP00428" HPOS="1830" VPOS="1613" WIDTH="28"/>
						<String ID="P6_ST00485" HPOS="1858" VPOS="1578" WIDTH="124" HEIGHT="34" CONTENT="intime" WC="0.58" CC="363046"/>
						<SP ID="P6_SP00429" HPOS="1982" VPOS="1613" WIDTH="27"/>
						<String ID="P6_ST00486" HPOS="2009" VPOS="1591" WIDTH="51" HEIGHT="29" CONTENT="or," WC="0.97" CC="600"/>
						<SP ID="P6_SP00430" HPOS="2060" VPOS="1620" WIDTH="27"/>
						<String ID="P6_ST00487" HPOS="2087" VPOS="1590" WIDTH="96" HEIGHT="21" CONTENT="some" WC="0.99" CC="0400"/>
						<SP ID="P6_SP00431" HPOS="2183" VPOS="1620" WIDTH="28"/>
						<String ID="P6_ST00488" HPOS="2211" VPOS="1578" WIDTH="38" HEIGHT="33" CONTENT="of" WC="0.89" CC="20"/>
						<SP ID="P6_SP00432" HPOS="2249" VPOS="1620" WIDTH="26"/>
						<String ID="P6_ST00489" HPOS="2275" VPOS="1580" WIDTH="106" HEIGHT="40" CONTENT="them," WC="0.99" CC="05103"/>
						<SP ID="P6_SP00433" HPOS="2381" VPOS="1620" WIDTH="29"/>
						<String ID="P6_ST00490" HPOS="2410" VPOS="1586" WIDTH="61" HEIGHT="25" CONTENT="not" WC="0.98" CC="050"/>
						<SP ID="P6_SP00434" HPOS="2471" VPOS="1620" WIDTH="26"/>
						<String ID="P6_ST00491" HPOS="2497" VPOS="1578" WIDTH="59" HEIGHT="33" CONTENT="for" WC="0.98" CC="005"/>
						<SP ID="P6_SP00435" HPOS="2556" VPOS="1620" WIDTH="27"/>
						<String ID="P6_ST00492" HPOS="2583" VPOS="1579" WIDTH="257" HEIGHT="41" CONTENT="performance" WC="1.00" CC="00604000000"/>
						<SP ID="P6_SP00436" HPOS="2840" VPOS="1620" WIDTH="30"/>
						<String ID="P6_ST00493" HPOS="2870" VPOS="1587" WIDTH="36" HEIGHT="26" CONTENT="at" WC="0.96" CC="00"/>
						<SP ID="P6_SP00437" HPOS="2906" VPOS="1620" WIDTH="29"/>
						<String ID="P6_ST00494" HPOS="2935" VPOS="1579" WIDTH="61" HEIGHT="34" CONTENT="all." WC="0.99" CC="1102"/>
					</TextLine>
					<TextLine ID="P6_TL00057" HPOS="1640" VPOS="1625" WIDTH="1356" HEIGHT="43">
						<String ID="P6_ST00495" HPOS="1640" VPOS="1625" WIDTH="150" HEIGHT="34" CONTENT="Several" WC="1.00" CC="0000401"/>
						<SP ID="P6_SP00438" HPOS="1790" VPOS="1659" WIDTH="33"/>
						<String ID="P6_ST00496" HPOS="1823" VPOS="1637" WIDTH="61" HEIGHT="21" CONTENT="are" WC="0.99" CC="030"/>
						<SP ID="P6_SP00439" HPOS="1884" VPOS="1659" WIDTH="31"/>
						<String ID="P6_ST00497" HPOS="1915" VPOS="1625" WIDTH="467" HEIGHT="42" CONTENT='"Puppenspiele"—plays' WC="0.87" CC="40000000020006803000"/>
						<SP ID="P6_SP00440" HPOS="2382" VPOS="1667" WIDTH="29"/>
						<String ID="P6_ST00498" HPOS="2411" VPOS="1625" WIDTH="59" HEIGHT="32" CONTENT="for" WC="0.96" CC="036"/>
						<SP ID="P6_SP00441" HPOS="2470" VPOS="1667" WIDTH="30"/>
						<String ID="P6_ST00499" HPOS="2500" VPOS="1625" WIDTH="235" HEIGHT="33" CONTENT="marionettes" WC="1.00" CC="00605002100"/>
						<SP ID="P6_SP00442" HPOS="2735" VPOS="1667" WIDTH="28"/>
						<String ID="P6_ST00500" HPOS="2763" VPOS="1625" WIDTH="120" HEIGHT="34" CONTENT="which" WC="0.98" CC="06206"/>
						<SP ID="P6_SP00443" HPOS="2883" VPOS="1667" WIDTH="29"/>
						<String ID="P6_ST00501" HPOS="2912" VPOS="1637" WIDTH="84" HEIGHT="31" CONTENT="may" WC="1.00" CC="000"/>
					</TextLine>
					<TextLine ID="P6_TL00058" HPOS="1641" VPOS="1671" WIDTH="1356" HEIGHT="42">
						<String ID="P6_ST00502" HPOS="1641" VPOS="1673" WIDTH="42" HEIGHT="32" CONTENT="be" WC="1.00" CC="00"/>
						<SP ID="P6_SP00444" HPOS="1683" VPOS="1705" WIDTH="34"/>
						<String ID="P6_ST00503" HPOS="1717" VPOS="1673" WIDTH="195" HEIGHT="40" CONTENT="compared" WC="1.00" CC="05000500"/>
						<SP ID="P6_SP00445" HPOS="1912" VPOS="1713" WIDTH="34"/>
						<String ID="P6_ST00504" HPOS="1946" VPOS="1671" WIDTH="100" HEIGHT="42" CONTENT="with," WC="1.00" CC="01002"/>
						<SP ID="P6_SP00446" HPOS="2046" VPOS="1713" WIDTH="34"/>
						<String ID="P6_ST00505" HPOS="2080" VPOS="1683" WIDTH="74" HEIGHT="30" CONTENT="say," WC="1.00" CC="0002"/>
						<SP ID="P6_SP00447" HPOS="2154" VPOS="1713" WIDTH="36"/>
						<String ID="P6_ST00506" HPOS="2190" VPOS="1671" WIDTH="202" HEIGHT="33" CONTENT='"Interior"' WC="0.99" CC="4001063463"/>
						<SP ID="P6_SP00448" HPOS="2392" VPOS="1713" WIDTH="34"/>
						<String ID="P6_ST00507" HPOS="2426" VPOS="1684" WIDTH="41" HEIGHT="20" CONTENT="or" WC="0.73" CC="05"/>
						<SP ID="P6_SP00449" HPOS="2467" VPOS="1713" WIDTH="35"/>
						<String ID="P6_ST00508" HPOS="2502" VPOS="1672" WIDTH="102" HEIGHT="33" CONTENT='"The' WC="0.99" CC="4000"/>
						<SP ID="P6_SP00450" HPOS="2604" VPOS="1713" WIDTH="34"/>
						<String ID="P6_ST00509" HPOS="2638" VPOS="1673" WIDTH="122" HEIGHT="32" CONTENT="Death" WC="1.00" CC="30000"/>
						<SP ID="P6_SP00451" HPOS="2760" VPOS="1713" WIDTH="34"/>
						<String ID="P6_ST00510" HPOS="2794" VPOS="1672" WIDTH="38" HEIGHT="33" CONTENT="of" WC="0.90" CC="20"/>
						<SP ID="P6_SP00452" HPOS="2832" VPOS="1713" WIDTH="32"/>
						<String ID="P6_ST00511" HPOS="2864" VPOS="1672" WIDTH="111" HEIGHT="34" CONTENT="Tinta" SUBS_TYPE="HypPart1" SUBS_CONTENT='Tintagiles."' WC="0.82" CC="04020"/>
						<HYP HPOS="2975" VPOS="1672" WIDTH="22" CONTENT="-"/>
					</TextLine>
					<TextLine ID="P6_TL00059" HPOS="1640" VPOS="1717" WIDTH="1356" HEIGHT="43">
						<String ID="P6_ST00512" HPOS="1640" VPOS="1717" WIDTH="127" HEIGHT="43" CONTENT='giles."' SUBS_TYPE="HypPart2" SUBS_CONTENT='Tintagiles."' WC="0.85" CC="0200034"/>
						<SP ID="P6_SP00453" HPOS="1767" VPOS="1760" WIDTH="48"/>
						<String ID="P6_ST00513" HPOS="1815" VPOS="1719" WIDTH="41" HEIGHT="31" CONTENT="In" WC="1.00" CC="00"/>
						<SP ID="P6_SP00454" HPOS="1856" VPOS="1760" WIDTH="26"/>
						<String ID="P6_ST00514" HPOS="1882" VPOS="1719" WIDTH="58" HEIGHT="32" CONTENT="the" WC="0.98" CC="400"/>
						<SP ID="P6_SP00455" HPOS="1940" VPOS="1760" WIDTH="26"/>
						<String ID="P6_ST00515" HPOS="1966" VPOS="1729" WIDTH="97" HEIGHT="22" CONTENT="same" WC="1.00" CC="0000"/>
						<SP ID="P6_SP00456" HPOS="2063" VPOS="1760" WIDTH="26"/>
						<String ID="P6_ST00516" HPOS="2089" VPOS="1730" WIDTH="84" HEIGHT="29" CONTENT="way" WC="0.99" CC="010"/>
						<SP ID="P6_SP00457" HPOS="2173" VPOS="1760" WIDTH="26"/>
						<String ID="P6_ST00517" HPOS="2199" VPOS="1717" WIDTH="325" HEIGHT="42" CONTENT="Hoymannsthal's" WC="0.87" CC="03000000040440"/>
						<SP ID="P6_SP00458" HPOS="2524" VPOS="1760" WIDTH="26"/>
						<String ID="P6_ST00518" HPOS="2550" VPOS="1730" WIDTH="105" HEIGHT="22" CONTENT="verse" WC="0.99" CC="00500"/>
						<SP ID="P6_SP00459" HPOS="2655" VPOS="1760" WIDTH="27"/>
						<String ID="P6_ST00519" HPOS="2682" VPOS="1719" WIDTH="130" HEIGHT="33" CONTENT="should" WC="1.00" CC="000000"/>
						<SP ID="P6_SP00460" HPOS="2812" VPOS="1760" WIDTH="26"/>
						<String ID="P6_ST00520" HPOS="2838" VPOS="1719" WIDTH="43" HEIGHT="33" CONTENT="be" WC="1.00" CC="00"/>
						<SP ID="P6_SP00461" HPOS="2881" VPOS="1760" WIDTH="27"/>
						<String ID="P6_ST00521" HPOS="2908" VPOS="1720" WIDTH="88" HEIGHT="32" CONTENT="read" WC="0.99" CC="0030"/>
					</TextLine>
					<TextLine ID="P6_TL00060" HPOS="1641" VPOS="1764" WIDTH="1356" HEIGHT="42">
						<String ID="P6_ST00522" HPOS="1641" VPOS="1764" WIDTH="111" HEIGHT="42" CONTENT="softly" WC="0.99" CC="060000"/>
						<SP ID="P6_SP00462" HPOS="1752" VPOS="1806" WIDTH="30"/>
						<String ID="P6_ST00523" HPOS="1782" VPOS="1764" WIDTH="36" HEIGHT="33" CONTENT="in" WC="0.81" CC="30"/>
						<SP ID="P6_SP00463" HPOS="1818" VPOS="1806" WIDTH="33"/>
						<String ID="P6_ST00524" HPOS="1851" VPOS="1776" WIDTH="19" HEIGHT="21" CONTENT="a" WC="1.00" CC="0"/>
						<SP ID="P6_SP00464" HPOS="1870" VPOS="1806" WIDTH="31"/>
						<String ID="P6_ST00525" HPOS="1901" VPOS="1764" WIDTH="119" HEIGHT="42" CONTENT="small," WC="1.00" CC="000002"/>
						<SP ID="P6_SP00465" HPOS="2020" VPOS="1806" WIDTH="32"/>
						<String ID="P6_ST00526" HPOS="2052" VPOS="1764" WIDTH="274" HEIGHT="42" CONTENT="dimly-lighted" WC="1.00" CC="0000030505000"/>
						<SP ID="P6_SP00466" HPOS="2326" VPOS="1806" WIDTH="33"/>
						<String ID="P6_ST00527" HPOS="2359" VPOS="1776" WIDTH="111" HEIGHT="21" CONTENT="room." WC="0.98" CC="45003"/>
						<SP ID="P6_SP00467" HPOS="2470" VPOS="1806" WIDTH="55"/>
						<String ID="P6_ST00528" HPOS="2525" VPOS="1766" WIDTH="109" HEIGHT="40" CONTENT="Hugo" WC="1.00" CC="0000"/>
						<SP ID="P6_SP00468" HPOS="2634" VPOS="1806" WIDTH="31"/>
						<String ID="P6_ST00529" HPOS="2665" VPOS="1777" WIDTH="73" HEIGHT="22" CONTENT="von" WC="0.99" CC="030"/>
						<SP ID="P6_SP00469" HPOS="2738" VPOS="1806" WIDTH="32"/>
						<String ID="P6_ST00530" HPOS="2770" VPOS="1765" WIDTH="202" HEIGHT="34" CONTENT="Hofmanns" SUBS_TYPE="HypPart1" SUBS_CONTENT="Hofmannsthal" WC="0.85" CC="10007000"/>
						<HYP HPOS="2972" VPOS="1765" WIDTH="25" CONTENT="-"/>
					</TextLine>
					<TextLine ID="P6_TL00061" HPOS="1639" VPOS="1811" WIDTH="985" HEIGHT="33">
						<String ID="P6_ST00531" HPOS="1639" VPOS="1811" WIDTH="76" HEIGHT="33" CONTENT="thal" SUBS_TYPE="HypPart2" SUBS_CONTENT="Hofmannsthal" WC="0.98" CC="0000"/>
						<SP ID="P6_SP00470" HPOS="1715" VPOS="1844" WIDTH="30"/>
						<String ID="P6_ST00532" HPOS="1745" VPOS="1811" WIDTH="29" HEIGHT="32" CONTENT="is" WC="0.76" CC="40"/>
						<SP ID="P6_SP00471" HPOS="1774" VPOS="1844" WIDTH="27"/>
						<String ID="P6_ST00533" HPOS="1801" VPOS="1811" WIDTH="58" HEIGHT="33" CONTENT="the" WC="0.97" CC="440"/>
						<SP ID="P6_SP00472" HPOS="1859" VPOS="1844" WIDTH="29"/>
						<String ID="P6_ST00534" HPOS="1888" VPOS="1811" WIDTH="246" HEIGHT="33" CONTENT="Maeterlinck" WC="1.00" CC="00000000000"/>
						<SP ID="P6_SP00473" HPOS="2134" VPOS="1844" WIDTH="27"/>
						<String ID="P6_ST00535" HPOS="2161" VPOS="1811" WIDTH="39" HEIGHT="32" CONTENT="of" WC="0.95" CC="00"/>
						<SP ID="P6_SP00474" HPOS="2200" VPOS="1844" WIDTH="28"/>
						<String ID="P6_ST00536" HPOS="2228" VPOS="1812" WIDTH="164" HEIGHT="32" CONTENT="German" WC="1.00" CC="005000"/>
						<SP ID="P6_SP00475" HPOS="2392" VPOS="1844" WIDTH="30"/>
						<String ID="P6_ST00537" HPOS="2422" VPOS="1811" WIDTH="202" HEIGHT="33" CONTENT="literature." WC="0.99" CC="43500001403"/>
					</TextLine>
				</TextBlock>
				<TextBlock ID="P6_TB00005" HPOS="2396" VPOS="1856" WIDTH="421" HEIGHT="39" STYLEREFS="TXT_0 PAR_RIGHT">
					<TextLine ID="P6_TL00062" HPOS="2399" VPOS="1858" WIDTH="415" HEIGHT="34">
						<String ID="P6_ST00538" HPOS="2399" VPOS="1858" WIDTH="46" HEIGHT="33" CONTENT="A." WC="0.52" CC="36"/>
						<SP ID="P6_SP00476" HPOS="2445" VPOS="1891" WIDTH="33"/>
						<String ID="P6_ST00539" HPOS="2478" VPOS="1859" WIDTH="56" HEIGHT="32" CONTENT="W." WC="0.98" CC="02"/>
						<SP ID="P6_SP00477" HPOS="2534" VPOS="1891" WIDTH="33"/>
						<String ID="P6_ST00540" HPOS="2567" VPOS="1859" WIDTH="43" HEIGHT="32" CONTENT="G." WC="0.80" CC="04"/>
						<SP ID="P6_SP00478" HPOS="2610" VPOS="1891" WIDTH="28"/>
						<String ID="P6_ST00541" HPOS="2638" VPOS="1858" WIDTH="176" HEIGHT="34" CONTENT="Randall." WC="0.99" CC="01404007"/>
					</TextLine>
				</TextBlock>
				<TextBlock ID="P6_TB00006" HPOS="1638" VPOS="1856" WIDTH="554" HEIGHT="44" STYLEREFS="TXT_0 PAR_RIGHT">
					<TextLine ID="P6_TL00063" HPOS="1639" VPOS="1857" WIDTH="551" HEIGHT="42">
						<String ID="P6_ST00542" HPOS="1639" VPOS="1859" WIDTH="107" HEIGHT="32" CONTENT="From" WC="0.99" CC="0005"/>
						<SP ID="P6_SP00479" HPOS="1746" VPOS="1891" WIDTH="31"/>
						<String ID="P6_ST00543" HPOS="1777" VPOS="1858" WIDTH="59" HEIGHT="33" CONTENT="the" WC="1.00" CC="000"/>
						<SP ID="P6_SP00480" HPOS="1836" VPOS="1891" WIDTH="26"/>
						<String ID="P6_ST00544" HPOS="1862" VPOS="1857" WIDTH="138" HEIGHT="42" CONTENT="Egoist," WC="0.99" CC="0403506"/>
						<SP ID="P6_SP00481" HPOS="2000" VPOS="1899" WIDTH="28"/>
						<String ID="P6_ST00545" HPOS="2028" VPOS="1858" WIDTH="162" HEIGHT="33" CONTENT="London." WC="0.99" CC="0040046"/>
					</TextLine>
				</TextBlock>
				<TextBlock ID="P6_TB00007" HPOS="961" VPOS="1929" WIDTH="1224" HEIGHT="74" STYLEREFS="TXT_0 PAR_RIGHT">
					<TextLine ID="P6_TL00064" HPOS="961" VPOS="1929" WIDTH="1223" HEIGHT="74">
						<String ID="P6_ST00546" HPOS="961" VPOS="1929" WIDTH="215" HEIGHT="60" CONTENT="Books" WC="0.97" CC="62233"/>
						<SP ID="P6_SP00482" HPOS="1176" VPOS="1989" WIDTH="25"/>
						<String ID="P6_ST00547" HPOS="1201" VPOS="1931" WIDTH="129" HEIGHT="61" CONTENT="and" WC="0.95" CC="039"/>
						<SP ID="P6_SP00483" HPOS="1330" VPOS="1992" WIDTH="24"/>
						<String ID="P6_ST00548" HPOS="1354" VPOS="1931" WIDTH="372" HEIGHT="72" CONTENT="Magazines" WC="0.99" CC="065202700"/>
						<SP ID="P6_SP00484" HPOS="1726" VPOS="2003" WIDTH="26"/>
						<String ID="P6_ST00549" HPOS="1752" VPOS="1935" WIDTH="72" HEIGHT="59" CONTENT="of" WC="0.59" CC="08"/>
						<SP ID="P6_SP00485" HPOS="1824" VPOS="2003" WIDTH="22"/>
						<String ID="P6_ST00550" HPOS="1846" VPOS="1935" WIDTH="110" HEIGHT="61" CONTENT="the" WC="0.96" CC="270"/>
						<SP ID="P6_SP00486" HPOS="1956" VPOS="2003" WIDTH="23"/>
						<String ID="P6_ST00551" HPOS="1979" VPOS="1936" WIDTH="205" HEIGHT="61" CONTENT="Week" WC="0.99" CC="0003"/>
					</TextLine>
				</TextBlock>
				<TextBlock ID="P6_TB00008" HPOS="208" VPOS="2019" WIDTH="974" HEIGHT="45" STYLEREFS="TXT_0 PAR_LEFT">
					<TextLine ID="P6_TL00065" HPOS="209" VPOS="2022" WIDTH="972" HEIGHT="41">
						<String ID="P6_ST00552" HPOS="209" VPOS="2022" WIDTH="36" HEIGHT="32" CONTENT="A" WC="1.00" CC="0"/>
						<SP ID="P6_SP00487" HPOS="245" VPOS="2054" WIDTH="23"/>
						<String ID="P6_ST00553" HPOS="268" VPOS="2022" WIDTH="108" HEIGHT="33" CONTENT="word" WC="0.98" CC="0006"/>
						<SP ID="P6_SP00488" HPOS="376" VPOS="2055" WIDTH="22"/>
						<String ID="P6_ST00554" HPOS="398" VPOS="2028" WIDTH="40" HEIGHT="27" CONTENT="to" WC="0.70" CC="05"/>
						<SP ID="P6_SP00489" HPOS="438" VPOS="2055" WIDTH="22"/>
						<String ID="P6_ST00555" HPOS="460" VPOS="2022" WIDTH="67" HEIGHT="33" CONTENT="the" WC="0.92" CC="776"/>
						<SP ID="P6_SP00490" HPOS="527" VPOS="2055" WIDTH="23"/>
						<String ID="P6_ST00556" HPOS="550" VPOS="2022" WIDTH="124" HEIGHT="41" CONTENT="buyer" WC="0.96" CC="77154"/>
						<SP ID="P6_SP00491" HPOS="674" VPOS="2063" WIDTH="23"/>
						<String ID="P6_ST00557" HPOS="697" VPOS="2022" WIDTH="41" HEIGHT="33" CONTENT="of" WC="0.41" CC="56"/>
						<SP ID="P6_SP00492" HPOS="738" VPOS="2063" WIDTH="25"/>
						<String ID="P6_ST00558" HPOS="763" VPOS="2022" WIDTH="418" HEIGHT="36" CONTENT='"Christmas-Books"' WC="0.99" CC="25806100604674428"/>
					</TextLine>
				</TextBlock>
				<TextBlock ID="P6_TB00009" HPOS="208" VPOS="2066" WIDTH="1365" HEIGHT="1953" STYLEREFS="TXT_0 PAR_RIGHT">
					<TextLine ID="P6_TL00066" HPOS="209" VPOS="2066" WIDTH="1358" HEIGHT="48">
						<String ID="P6_ST00559" HPOS="209" VPOS="2066" WIDTH="169" HEIGHT="35" CONTENT="THAT" WC="0.98" CC="4020"/>
						<SP ID="P6_SP00493" HPOS="378" VPOS="2101" WIDTH="22"/>
						<String ID="P6_ST00560" HPOS="400" VPOS="2070" WIDTH="109" HEIGHT="32" CONTENT="books" WC="0.98" CC="21700"/>
						<SP ID="P6_SP00494" HPOS="509" VPOS="2102" WIDTH="22"/>
						<String ID="P6_ST00561" HPOS="531" VPOS="2081" WIDTH="106" HEIGHT="21" CONTENT="mean" WC="0.97" CC="0065"/>
						<SP ID="P6_SP00495" HPOS="637" VPOS="2102" WIDTH="24"/>
						<String ID="P6_ST00562" HPOS="661" VPOS="2069" WIDTH="118" HEIGHT="42" CONTENT="really" WC="0.98" CC="702051"/>
						<SP ID="P6_SP00496" HPOS="779" VPOS="2111" WIDTH="21"/>
						<String ID="P6_ST00563" HPOS="800" VPOS="2082" WIDTH="99" HEIGHT="21" CONTENT="more" WC="0.98" CC="0530"/>
						<SP ID="P6_SP00497" HPOS="899" VPOS="2111" WIDTH="24"/>
						<String ID="P6_ST00564" HPOS="923" VPOS="2078" WIDTH="34" HEIGHT="25" CONTENT="to" WC="0.42" CC="56"/>
						<SP ID="P6_SP00498" HPOS="957" VPOS="2111" WIDTH="22"/>
						<String ID="P6_ST00565" HPOS="979" VPOS="2072" WIDTH="58" HEIGHT="32" CONTENT="the" WC="0.96" CC="360"/>
						<SP ID="P6_SP00499" HPOS="1037" VPOS="2111" WIDTH="25"/>
						<String ID="P6_ST00566" HPOS="1062" VPOS="2084" WIDTH="160" HEIGHT="30" CONTENT="average" WC="0.98" CC="0406092"/>
						<SP ID="P6_SP00500" HPOS="1222" VPOS="2114" WIDTH="23"/>
						<String ID="P6_ST00567" HPOS="1245" VPOS="2072" WIDTH="210" HEIGHT="35" CONTENT="individual" WC="0.99" CC="5255651211"/>
						<SP ID="P6_SP00501" HPOS="1455" VPOS="2114" WIDTH="25"/>
						<String ID="P6_ST00568" HPOS="1480" VPOS="2075" WIDTH="87" HEIGHT="32" CONTENT="than" WC="0.99" CC="0303"/>
					</TextLine>
					<TextLine ID="P6_TL00067" HPOS="302" VPOS="2118" WIDTH="1265" HEIGHT="47">
						<String ID="P6_ST00569" HPOS="302" VPOS="2118" WIDTH="55" HEIGHT="33" CONTENT="his" WC="1.00" CC="000"/>
						<SP ID="P6_SP00502" HPOS="357" VPOS="2151" WIDTH="29"/>
						<String ID="P6_ST00570" HPOS="386" VPOS="2131" WIDTH="218" HEIGHT="30" CONTENT="newspaper" WC="0.99" CC="004650406"/>
						<SP ID="P6_SP00503" HPOS="604" VPOS="2161" WIDTH="29"/>
						<String ID="P6_ST00571" HPOS="633" VPOS="2132" WIDTH="40" HEIGHT="20" CONTENT="or" WC="0.67" CC="60"/>
						<SP ID="P6_SP00504" HPOS="673" VPOS="2161" WIDTH="29"/>
						<String ID="P6_ST00572" HPOS="702" VPOS="2119" WIDTH="55" HEIGHT="33" CONTENT="his" WC="1.00" CC="000"/>
						<SP ID="P6_SP00505" HPOS="757" VPOS="2161" WIDTH="29"/>
						<String ID="P6_ST00573" HPOS="786" VPOS="2120" WIDTH="193" HEIGHT="41" CONTENT="magazine" WC="1.00" CC="00400000"/>
						<SP ID="P6_SP00506" HPOS="979" VPOS="2161" WIDTH="30"/>
						<String ID="P6_ST00574" HPOS="1009" VPOS="2133" WIDTH="125" HEIGHT="21" CONTENT="means" WC="1.00" CC="02000"/>
						<SP ID="P6_SP00507" HPOS="1134" VPOS="2161" WIDTH="29"/>
						<String ID="P6_ST00575" HPOS="1163" VPOS="2130" WIDTH="35" HEIGHT="25" CONTENT="to" WC="0.53" CC="35"/>
						<SP ID="P6_SP00508" HPOS="1198" VPOS="2161" WIDTH="29"/>
						<String ID="P6_ST00576" HPOS="1227" VPOS="2122" WIDTH="74" HEIGHT="33" CONTENT="him" WC="0.98" CC="050"/>
						<SP ID="P6_SP00509" HPOS="1301" VPOS="2161" WIDTH="29"/>
						<String ID="P6_ST00577" HPOS="1330" VPOS="2122" WIDTH="29" HEIGHT="34" CONTENT="is" WC="0.89" CC="20"/>
						<SP ID="P6_SP00510" HPOS="1359" VPOS="2161" WIDTH="29"/>
						<String ID="P6_ST00578" HPOS="1388" VPOS="2123" WIDTH="160" HEIGHT="42" CONTENT="indisput" SUBS_TYPE="HypPart1" SUBS_CONTENT="indisputably" WC="1.00" CC="40020002"/>
						<HYP HPOS="1548" VPOS="2123" WIDTH="19" CONTENT="-"/>
					</TextLine>
					<TextLine ID="P6_TL00068" HPOS="213" VPOS="2165" WIDTH="1353" HEIGHT="46">
						<String ID="P6_ST00579" HPOS="213" VPOS="2165" WIDTH="83" HEIGHT="42" CONTENT="ably" SUBS_TYPE="HypPart2" SUBS_CONTENT="indisputably" WC="0.98" CC="0603"/>
						<SP ID="P6_SP00511" HPOS="296" VPOS="2207" WIDTH="30"/>
						<String ID="P6_ST00580" HPOS="326" VPOS="2165" WIDTH="147" HEIGHT="34" CONTENT="evident" WC="1.00" CC="0000204"/>
						<SP ID="P6_SP00512" HPOS="473" VPOS="2207" WIDTH="31"/>
						<String ID="P6_ST00581" HPOS="504" VPOS="2166" WIDTH="35" HEIGHT="32" CONTENT="in" WC="0.76" CC="40"/>
						<SP ID="P6_SP00513" HPOS="539" VPOS="2207" WIDTH="31"/>
						<String ID="P6_ST00582" HPOS="570" VPOS="2167" WIDTH="97" HEIGHT="32" CONTENT="these" WC="0.99" CC="00502"/>
						<SP ID="P6_SP00514" HPOS="667" VPOS="2207" WIDTH="32"/>
						<String ID="P6_ST00583" HPOS="699" VPOS="2168" WIDTH="90" HEIGHT="40" CONTENT="days" WC="1.00" CC="0000"/>
						<SP ID="P6_SP00515" HPOS="789" VPOS="2208" WIDTH="30"/>
						<String ID="P6_ST00584" HPOS="819" VPOS="2167" WIDTH="126" HEIGHT="33" CONTENT="before" WC="1.00" CC="000500"/>
						<SP ID="P6_SP00516" HPOS="945" VPOS="2208" WIDTH="33"/>
						<String ID="P6_ST00585" HPOS="978" VPOS="2168" WIDTH="214" HEIGHT="33" CONTENT="Christmas." WC="1.00" CC="0002020003"/>
						<SP ID="P6_SP00517" HPOS="1192" VPOS="2208" WIDTH="42"/>
						<String ID="P6_ST00586" HPOS="1234" VPOS="2169" WIDTH="170" HEIGHT="42" CONTENT="Reading" WC="0.99" CC="0000059"/>
						<SP ID="P6_SP00518" HPOS="1404" VPOS="2211" WIDTH="29"/>
						<String ID="P6_ST00587" HPOS="1433" VPOS="2182" WIDTH="133" HEIGHT="29" CONTENT="papers" WC="1.00" CC="000060"/>
					</TextLine>
					<TextLine ID="P6_TL00069" HPOS="213" VPOS="2212" WIDTH="1355" HEIGHT="44">
						<String ID="P6_ST00588" HPOS="213" VPOS="2213" WIDTH="70" HEIGHT="31" CONTENT="and" WC="1.00" CC="000"/>
						<SP ID="P6_SP00519" HPOS="283" VPOS="2244" WIDTH="28"/>
						<String ID="P6_ST00589" HPOS="311" VPOS="2212" WIDTH="212" HEIGHT="42" CONTENT="magazines" WC="1.00" CC="007001000"/>
						<SP ID="P6_SP00520" HPOS="523" VPOS="2254" WIDTH="28"/>
						<String ID="P6_ST00590" HPOS="551" VPOS="2212" WIDTH="28" HEIGHT="33" CONTENT="is" WC="0.92" CC="10"/>
						<SP ID="P6_SP00521" HPOS="579" VPOS="2254" WIDTH="28"/>
						<String ID="P6_ST00591" HPOS="607" VPOS="2225" WIDTH="19" HEIGHT="20" CONTENT="a" WC="1.00" CC="0"/>
						<SP ID="P6_SP00522" HPOS="626" VPOS="2254" WIDTH="28"/>
						<String ID="P6_ST00592" HPOS="654" VPOS="2213" WIDTH="101" HEIGHT="33" CONTENT="habit" WC="0.99" CC="00006"/>
						<SP ID="P6_SP00523" HPOS="755" VPOS="2254" WIDTH="27"/>
						<String ID="P6_ST00593" HPOS="782" VPOS="2214" WIDTH="71" HEIGHT="32" CONTENT="and" WC="1.00" CC="000"/>
						<SP ID="P6_SP00524" HPOS="853" VPOS="2254" WIDTH="28"/>
						<String ID="P6_ST00594" HPOS="881" VPOS="2221" WIDTH="34" HEIGHT="25" CONTENT="to" WC="0.64" CC="24"/>
						<SP ID="P6_SP00525" HPOS="915" VPOS="2254" WIDTH="26"/>
						<String ID="P6_ST00595" HPOS="941" VPOS="2215" WIDTH="71" HEIGHT="41" CONTENT="buy" WC="0.98" CC="040"/>
						<SP ID="P6_SP00526" HPOS="1012" VPOS="2256" WIDTH="25"/>
						<String ID="P6_ST00596" HPOS="1037" VPOS="2215" WIDTH="101" HEIGHT="33" CONTENT="those" WC="0.98" CC="14500"/>
						<SP ID="P6_SP00527" HPOS="1138" VPOS="2256" WIDTH="26"/>
						<String ID="P6_ST00597" HPOS="1164" VPOS="2227" WIDTH="134" HEIGHT="29" CONTENT="papers" WC="0.99" CC="000060"/>
						<SP ID="P6_SP00528" HPOS="1298" VPOS="2256" WIDTH="29"/>
						<String ID="P6_ST00598" HPOS="1327" VPOS="2217" WIDTH="70" HEIGHT="31" CONTENT="and" WC="1.00" CC="000"/>
						<SP ID="P6_SP00529" HPOS="1397" VPOS="2256" WIDTH="27"/>
						<String ID="P6_ST00599" HPOS="1424" VPOS="2224" WIDTH="35" HEIGHT="25" CONTENT="to" WC="0.71" CC="05"/>
						<SP ID="P6_SP00530" HPOS="1459" VPOS="2256" WIDTH="28"/>
						<String ID="P6_ST00600" HPOS="1487" VPOS="2216" WIDTH="81" HEIGHT="33" CONTENT="look" WC="0.99" CC="0500"/>
					</TextLine>
					<TextLine ID="P6_TL00070" HPOS="212" VPOS="2258" WIDTH="1351" HEIGHT="38">
						<String ID="P6_ST00601" HPOS="212" VPOS="2258" WIDTH="58" HEIGHT="33" CONTENT="for" WC="0.97" CC="060"/>
						<SP ID="P6_SP00531" HPOS="270" VPOS="2291" WIDTH="28"/>
						<String ID="P6_ST00602" HPOS="298" VPOS="2259" WIDTH="100" HEIGHT="33" CONTENT="those" WC="0.99" CC="50400"/>
						<SP ID="P6_SP00532" HPOS="398" VPOS="2292" WIDTH="29"/>
						<String ID="P6_ST00603" HPOS="427" VPOS="2270" WIDTH="125" HEIGHT="22" CONTENT="names" WC="1.00" CC="00000"/>
						<SP ID="P6_SP00533" HPOS="552" VPOS="2292" WIDTH="29"/>
						<String ID="P6_ST00604" HPOS="581" VPOS="2258" WIDTH="119" HEIGHT="35" CONTENT="which" WC="0.99" CC="40100"/>
						<SP ID="P6_SP00534" HPOS="700" VPOS="2293" WIDTH="32"/>
						<String ID="P6_ST00605" HPOS="732" VPOS="2272" WIDTH="61" HEIGHT="21" CONTENT="are" WC="0.97" CC="060"/>
						<SP ID="P6_SP00535" HPOS="793" VPOS="2293" WIDTH="30"/>
						<String ID="P6_ST00606" HPOS="823" VPOS="2260" WIDTH="169" HEIGHT="33" CONTENT="featured" WC="0.99" CC="00454300"/>
						<SP ID="P6_SP00536" HPOS="992" VPOS="2293" WIDTH="30"/>
						<String ID="P6_ST00607" HPOS="1022" VPOS="2272" WIDTH="44" HEIGHT="21" CONTENT="on" WC="0.77" CC="40"/>
						<SP ID="P6_SP00537" HPOS="1066" VPOS="2293" WIDTH="29"/>
						<String ID="P6_ST00608" HPOS="1095" VPOS="2262" WIDTH="58" HEIGHT="32" CONTENT="the" WC="0.99" CC="300"/>
						<SP ID="P6_SP00538" HPOS="1153" VPOS="2294" WIDTH="29"/>
						<String ID="P6_ST00609" HPOS="1182" VPOS="2274" WIDTH="127" HEIGHT="21" CONTENT="covers" WC="0.99" CC="040040"/>
						<SP ID="P6_SP00539" HPOS="1309" VPOS="2295" WIDTH="29"/>
						<String ID="P6_ST00610" HPOS="1338" VPOS="2274" WIDTH="40" HEIGHT="21" CONTENT="or" WC="0.67" CC="06"/>
						<SP ID="P6_SP00540" HPOS="1378" VPOS="2295" WIDTH="29"/>
						<String ID="P6_ST00611" HPOS="1407" VPOS="2274" WIDTH="45" HEIGHT="21" CONTENT="on" WC="0.72" CC="50"/>
						<SP ID="P6_SP00541" HPOS="1452" VPOS="2295" WIDTH="30"/>
						<String ID="P6_ST00612" HPOS="1482" VPOS="2264" WIDTH="61" HEIGHT="32" CONTENT="sub" SUBS_TYPE="HypPart1" SUBS_CONTENT="subway" WC="0.99" CC="010"/>
						<HYP HPOS="1543" VPOS="2264" WIDTH="20" CONTENT="-"/>
					</TextLine>
					<TextLine ID="P6_TL00071" HPOS="212" VPOS="2305" WIDTH="1352" HEIGHT="43">
						<String ID="P6_ST00613" HPOS="212" VPOS="2317" WIDTH="82" HEIGHT="30" CONTENT="way" SUBS_TYPE="HypPart2" SUBS_CONTENT="subway" WC="1.00" CC="000"/>
						<SP ID="P6_SP00542" HPOS="294" VPOS="2347" WIDTH="33"/>
						<String ID="P6_ST00614" HPOS="327" VPOS="2305" WIDTH="303" HEIGHT="34" CONTENT="advertisements" WC="1.00" CC="00006400000900"/>
						<SP ID="P6_SP00543" HPOS="630" VPOS="2347" WIDTH="32"/>
						<String ID="P6_ST00615" HPOS="662" VPOS="2305" WIDTH="28" HEIGHT="33" CONTENT="is" WC="0.92" CC="10"/>
						<SP ID="P6_SP00544" HPOS="690" VPOS="2347" WIDTH="34"/>
						<String ID="P6_ST00616" HPOS="724" VPOS="2318" WIDTH="187" HEIGHT="30" CONTENT="accessory" WC="1.00" CC="000000650"/>
						<SP ID="P6_SP00545" HPOS="911" VPOS="2348" WIDTH="29"/>
						<String ID="P6_ST00617" HPOS="940" VPOS="2314" WIDTH="35" HEIGHT="25" CONTENT="to" WC="0.68" CC="06"/>
						<SP ID="P6_SP00546" HPOS="975" VPOS="2348" WIDTH="30"/>
						<String ID="P6_ST00618" HPOS="1005" VPOS="2307" WIDTH="58" HEIGHT="33" CONTENT="the" WC="1.00" CC="000"/>
						<SP ID="P6_SP00547" HPOS="1063" VPOS="2348" WIDTH="33"/>
						<String ID="P6_ST00619" HPOS="1096" VPOS="2307" WIDTH="111" HEIGHT="33" CONTENT="habit." WC="0.99" CC="004313"/>
						<SP ID="P6_SP00548" HPOS="1207" VPOS="2348" WIDTH="42"/>
						<String ID="P6_ST00620" HPOS="1249" VPOS="2309" WIDTH="70" HEIGHT="33" CONTENT="But" WC="0.96" CC="540"/>
						<SP ID="P6_SP00549" HPOS="1319" VPOS="2348" WIDTH="31"/>
						<String ID="P6_ST00621" HPOS="1350" VPOS="2309" WIDTH="119" HEIGHT="33" CONTENT="habits" WC="0.99" CC="000540"/>
						<SP ID="P6_SP00550" HPOS="1469" VPOS="2348" WIDTH="33"/>
						<String ID="P6_ST00622" HPOS="1502" VPOS="2321" WIDTH="62" HEIGHT="22" CONTENT="are" WC="0.98" CC="050"/>
					</TextLine>
					<TextLine ID="P6_TL00072" HPOS="212" VPOS="2352" WIDTH="1357" HEIGHT="42">
						<String ID="P6_ST00623" HPOS="212" VPOS="2360" WIDTH="60" HEIGHT="25" CONTENT="not" WC="0.97" CC="052"/>
						<SP ID="P6_SP00551" HPOS="272" VPOS="2385" WIDTH="32"/>
						<String ID="P6_ST00624" HPOS="304" VPOS="2352" WIDTH="218" HEIGHT="42" CONTENT="friendship." WC="1.00" CC="00000000403"/>
						<SP ID="P6_SP00552" HPOS="522" VPOS="2394" WIDTH="56"/>
						<String ID="P6_ST00625" HPOS="578" VPOS="2354" WIDTH="14" HEIGHT="30" CONTENT="I" WC="1.00" CC="0"/>
						<SP ID="P6_SP00553" HPOS="592" VPOS="2394" WIDTH="34"/>
						<String ID="P6_ST00626" HPOS="626" VPOS="2353" WIDTH="94" HEIGHT="33" CONTENT="have" WC="1.00" CC="0000"/>
						<SP ID="P6_SP00554" HPOS="720" VPOS="2394" WIDTH="34"/>
						<String ID="P6_ST00627" HPOS="754" VPOS="2352" WIDTH="141" HEIGHT="42" CONTENT="always" WC="1.00" CC="020000"/>
						<SP ID="P6_SP00555" HPOS="895" VPOS="2394" WIDTH="30"/>
						<String ID="P6_ST00628" HPOS="925" VPOS="2354" WIDTH="199" HEIGHT="33" CONTENT="wondered" WC="0.99" CC="06000500"/>
						<SP ID="P6_SP00556" HPOS="1124" VPOS="2394" WIDTH="33"/>
						<String ID="P6_ST00629" HPOS="1157" VPOS="2354" WIDTH="59" HEIGHT="33" CONTENT="for" WC="0.96" CC="046"/>
						<SP ID="P6_SP00557" HPOS="1216" VPOS="2394" WIDTH="31"/>
						<String ID="P6_ST00630" HPOS="1247" VPOS="2355" WIDTH="120" HEIGHT="34" CONTENT="whom" WC="0.98" CC="0650"/>
						<SP ID="P6_SP00558" HPOS="1367" VPOS="2394" WIDTH="31"/>
						<String ID="P6_ST00631" HPOS="1398" VPOS="2357" WIDTH="58" HEIGHT="32" CONTENT="the" WC="0.99" CC="300"/>
						<SP ID="P6_SP00559" HPOS="1456" VPOS="2394" WIDTH="35"/>
						<String ID="P6_ST00632" HPOS="1491" VPOS="2355" WIDTH="78" HEIGHT="34" CONTENT="lists" WC="1.00" CC="03000"/>
					</TextLine>
					<TextLine ID="P6_TL00073" HPOS="212" VPOS="2399" WIDTH="1357" HEIGHT="45">
						<String ID="P6_ST00633" HPOS="212" VPOS="2399" WIDTH="38" HEIGHT="31" CONTENT="of" WC="0.91" CC="10"/>
						<SP ID="P6_SP00560" HPOS="250" VPOS="2430" WIDTH="29"/>
						<String ID="P6_ST00634" HPOS="279" VPOS="2399" WIDTH="79" HEIGHT="33" CONTENT='"the' WC="0.99" CC="4100"/>
						<SP ID="P6_SP00561" HPOS="358" VPOS="2432" WIDTH="28"/>
						<String ID="P6_ST00635" HPOS="386" VPOS="2399" WIDTH="101" HEIGHT="33" CONTENT="three" WC="0.99" CC="00600"/>
						<SP ID="P6_SP00562" HPOS="487" VPOS="2432" WIDTH="30"/>
						<String ID="P6_ST00636" HPOS="517" VPOS="2399" WIDTH="166" HEIGHT="33" CONTENT="hundred" WC="1.00" CC="0000000"/>
						<SP ID="P6_SP00563" HPOS="683" VPOS="2432" WIDTH="30"/>
						<String ID="P6_ST00637" HPOS="713" VPOS="2399" WIDTH="76" HEIGHT="33" CONTENT="best" WC="0.98" CC="3005"/>
						<SP ID="P6_SP00564" HPOS="789" VPOS="2432" WIDTH="28"/>
						<String ID="P6_ST00638" HPOS="817" VPOS="2399" WIDTH="204" HEIGHT="33" CONTENT="Christmas" WC="0.99" CC="403204000"/>
						<SP ID="P6_SP00565" HPOS="1021" VPOS="2432" WIDTH="29"/>
						<String ID="P6_ST00639" HPOS="1050" VPOS="2401" WIDTH="131" HEIGHT="32" CONTENT='books"' WC="0.99" CC="040005"/>
						<SP ID="P6_SP00566" HPOS="1181" VPOS="2433" WIDTH="29"/>
						<String ID="P6_ST00640" HPOS="1210" VPOS="2413" WIDTH="40" HEIGHT="20" CONTENT="or" WC="0.48" CC="37"/>
						<SP ID="P6_SP00567" HPOS="1250" VPOS="2433" WIDTH="30"/>
						<String ID="P6_ST00641" HPOS="1280" VPOS="2402" WIDTH="131" HEIGHT="32" CONTENT='"books' WC="0.98" CC="445100"/>
						<SP ID="P6_SP00568" HPOS="1411" VPOS="2434" WIDTH="27"/>
						<String ID="P6_ST00642" HPOS="1438" VPOS="2403" WIDTH="131" HEIGHT="41" CONTENT="mostly" WC="1.00" CC="130000"/>
					</TextLine>
					<TextLine ID="P6_TL00074" HPOS="214" VPOS="2444" WIDTH="1350" HEIGHT="44">
						<String ID="P6_ST00643" HPOS="214" VPOS="2444" WIDTH="236" HEIGHT="42" CONTENT="appropriate" WC="0.99" CC="00060045050"/>
						<SP ID="P6_SP00569" HPOS="450" VPOS="2486" WIDTH="26"/>
						<String ID="P6_ST00644" HPOS="476" VPOS="2445" WIDTH="59" HEIGHT="32" CONTENT="for" WC="0.98" CC="040"/>
						<SP ID="P6_SP00570" HPOS="535" VPOS="2486" WIDTH="28"/>
						<String ID="P6_ST00645" HPOS="563" VPOS="2445" WIDTH="204" HEIGHT="33" CONTENT="Christmas" WC="0.99" CC="106303000"/>
						<SP ID="P6_SP00571" HPOS="767" VPOS="2486" WIDTH="25"/>
						<String ID="P6_ST00646" HPOS="792" VPOS="2445" WIDTH="111" HEIGHT="42" CONTENT='gifts"' WC="0.98" CC="903403"/>
						<SP ID="P6_SP00572" HPOS="903" VPOS="2487" WIDTH="29"/>
						<String ID="P6_ST00647" HPOS="932" VPOS="2458" WIDTH="61" HEIGHT="21" CONTENT="are" WC="1.00" CC="000"/>
						<SP ID="P6_SP00573" HPOS="993" VPOS="2487" WIDTH="27"/>
						<String ID="P6_ST00648" HPOS="1020" VPOS="2446" WIDTH="191" HEIGHT="42" CONTENT="compiled." WC="1.00" CC="050001000"/>
						<SP ID="P6_SP00574" HPOS="1211" VPOS="2488" WIDTH="50"/>
						<String ID="P6_ST00649" HPOS="1261" VPOS="2449" WIDTH="33" HEIGHT="30" CONTENT="A" WC="1.00" CC="0"/>
						<SP ID="P6_SP00575" HPOS="1294" VPOS="2488" WIDTH="25"/>
						<String ID="P6_ST00650" HPOS="1319" VPOS="2448" WIDTH="99" HEIGHT="33" CONTENT="walk" WC="1.00" CC="0000"/>
						<SP ID="P6_SP00576" HPOS="1418" VPOS="2488" WIDTH="25"/>
						<String ID="P6_ST00651" HPOS="1443" VPOS="2456" WIDTH="35" HEIGHT="25" CONTENT="to" WC="0.69" CC="06"/>
						<SP ID="P6_SP00577" HPOS="1478" VPOS="2488" WIDTH="25"/>
						<String ID="P6_ST00652" HPOS="1503" VPOS="2461" WIDTH="61" HEIGHT="20" CONTENT="oui" WC="0.72" CC="008"/>
					</TextLine>
					<TextLine ID="P6_TL00075" HPOS="211" VPOS="2492" WIDTH="1358" HEIGHT="43">
						<String ID="P6_ST00653" HPOS="211" VPOS="2492" WIDTH="91" HEIGHT="32" CONTENT="book" WC="0.98" CC="4400"/>
						<SP ID="P6_SP00578" HPOS="302" VPOS="2524" WIDTH="24"/>
						<String ID="P6_ST00654" HPOS="326" VPOS="2500" WIDTH="113" HEIGHT="24" CONTENT="stores" WC="0.98" CC="075400"/>
						<SP ID="P6_SP00579" HPOS="439" VPOS="2524" WIDTH="24"/>
						<String ID="P6_ST00655" HPOS="463" VPOS="2504" WIDTH="40" HEIGHT="20" CONTENT="or" WC="0.34" CC="66"/>
						<SP ID="P6_SP00580" HPOS="503" VPOS="2524" WIDTH="22"/>
						<String ID="P6_ST00656" HPOS="525" VPOS="2493" WIDTH="159" HEIGHT="41" CONTENT="through" WC="0.98" CC="0054066"/>
						<SP ID="P6_SP00581" HPOS="684" VPOS="2534" WIDTH="23"/>
						<String ID="P6_ST00657" HPOS="707" VPOS="2493" WIDTH="58" HEIGHT="32" CONTENT="the" WC="0.99" CC="020"/>
						<SP ID="P6_SP00582" HPOS="765" VPOS="2534" WIDTH="26"/>
						<String ID="P6_ST00658" HPOS="791" VPOS="2493" WIDTH="90" HEIGHT="31" CONTENT="book" WC="0.98" CC="0450"/>
						<SP ID="P6_SP00583" HPOS="881" VPOS="2534" WIDTH="25"/>
						<String ID="P6_ST00659" HPOS="906" VPOS="2504" WIDTH="118" HEIGHT="21" CONTENT="rooms" WC="0.98" CC="65300"/>
						<SP ID="P6_SP00584" HPOS="1024" VPOS="2534" WIDTH="25"/>
						<String ID="P6_ST00660" HPOS="1049" VPOS="2493" WIDTH="38" HEIGHT="33" CONTENT="of" WC="0.71" CC="50"/>
						<SP ID="P6_SP00585" HPOS="1087" VPOS="2534" WIDTH="24"/>
						<String ID="P6_ST00661" HPOS="1111" VPOS="2505" WIDTH="66" HEIGHT="21" CONTENT="our" WC="0.94" CC="095"/>
						<SP ID="P6_SP00586" HPOS="1177" VPOS="2534" WIDTH="25"/>
						<String ID="P6_ST00662" HPOS="1202" VPOS="2494" WIDTH="230" HEIGHT="41" CONTENT="department" WC="1.00" CC="0007530000"/>
						<SP ID="P6_SP00587" HPOS="1432" VPOS="2535" WIDTH="24"/>
						<String ID="P6_ST00663" HPOS="1456" VPOS="2502" WIDTH="113" HEIGHT="26" CONTENT="stores" WC="0.98" CC="055500"/>
					</TextLine>
					<TextLine ID="P6_TL00076" HPOS="212" VPOS="2538" WIDTH="1357" HEIGHT="44">
						<String ID="P6_ST00664" HPOS="212" VPOS="2538" WIDTH="78" HEIGHT="34" CONTENT="will" WC="1.00" CC="0200"/>
						<SP ID="P6_SP00588" HPOS="290" VPOS="2572" WIDTH="32"/>
						<String ID="P6_ST00665" HPOS="322" VPOS="2550" WIDTH="114" HEIGHT="31" CONTENT="prove" WC="0.97" CC="85500"/>
						<SP ID="P6_SP00589" HPOS="436" VPOS="2581" WIDTH="32"/>
						<String ID="P6_ST00666" HPOS="468" VPOS="2539" WIDTH="78" HEIGHT="32" CONTENT="that" WC="0.99" CC="0005"/>
						<SP ID="P6_SP00590" HPOS="546" VPOS="2581" WIDTH="30"/>
						<String ID="P6_ST00667" HPOS="576" VPOS="2550" WIDTH="80" HEIGHT="21" CONTENT="men" WC="1.00" CC="000"/>
						<SP ID="P6_SP00591" HPOS="656" VPOS="2581" WIDTH="33"/>
						<String ID="P6_ST00668" HPOS="689" VPOS="2540" WIDTH="71" HEIGHT="31" CONTENT="and" WC="1.00" CC="000"/>
						<SP ID="P6_SP00592" HPOS="760" VPOS="2581" WIDTH="31"/>
						<String ID="P6_ST00669" HPOS="791" VPOS="2550" WIDTH="143" HEIGHT="23" CONTENT="women" WC="0.99" CC="05010"/>
						<SP ID="P6_SP00593" HPOS="934" VPOS="2581" WIDTH="33"/>
						<String ID="P6_ST00670" HPOS="967" VPOS="2551" WIDTH="61" HEIGHT="21" CONTENT="are" WC="0.97" CC="060"/>
						<SP ID="P6_SP00594" HPOS="1028" VPOS="2581" WIDTH="33"/>
						<String ID="P6_ST00671" HPOS="1061" VPOS="2540" WIDTH="162" HEIGHT="42" CONTENT="actually" WC="1.00" CC="00000050"/>
						<SP ID="P6_SP00595" HPOS="1223" VPOS="2582" WIDTH="31"/>
						<String ID="P6_ST00672" HPOS="1254" VPOS="2540" WIDTH="176" HEIGHT="42" CONTENT="selecting" WC="0.99" CC="012005600"/>
						<SP ID="P6_SP00596" HPOS="1430" VPOS="2582" WIDTH="30"/>
						<String ID="P6_ST00673" HPOS="1460" VPOS="2542" WIDTH="109" HEIGHT="32" CONTENT="books" WC="0.98" CC="45700"/>
					</TextLine>
					<TextLine ID="P6_TL00077" HPOS="212" VPOS="2585" WIDTH="874" HEIGHT="42">
						<String ID="P6_ST00674" HPOS="212" VPOS="2585" WIDTH="96" HEIGHT="33" CONTENT="from" WC="0.98" CC="0630"/>
						<SP ID="P6_SP00597" HPOS="308" VPOS="2618" WIDTH="21"/>
						<String ID="P6_ST00675" HPOS="329" VPOS="2586" WIDTH="98" HEIGHT="32" CONTENT="these" WC="1.00" CC="30000"/>
						<SP ID="P6_SP00598" HPOS="427" VPOS="2618" WIDTH="25"/>
						<String ID="P6_ST00676" HPOS="452" VPOS="2585" WIDTH="77" HEIGHT="33" CONTENT="lists" WC="1.00" CC="02000"/>
						<SP ID="P6_SP00599" HPOS="529" VPOS="2618" WIDTH="24"/>
						<String ID="P6_ST00677" HPOS="553" VPOS="2597" WIDTH="38" HEIGHT="21" CONTENT="as" WC="1.00" CC="00"/>
						<SP ID="P6_SP00600" HPOS="591" VPOS="2618" WIDTH="22"/>
						<String ID="P6_ST00678" HPOS="613" VPOS="2585" WIDTH="89" HEIGHT="42" CONTENT="gifts" WC="0.99" CC="90000"/>
						<SP ID="P6_SP00601" HPOS="702" VPOS="2627" WIDTH="22"/>
						<String ID="P6_ST00679" HPOS="724" VPOS="2585" WIDTH="58" HEIGHT="33" CONTENT="for" WC="0.98" CC="006"/>
						<SP ID="P6_SP00602" HPOS="782" VPOS="2627" WIDTH="22"/>
						<String ID="P6_ST00680" HPOS="804" VPOS="2585" WIDTH="94" HEIGHT="33" CONTENT="their" WC="0.99" CC="01006"/>
						<SP ID="P6_SP00603" HPOS="898" VPOS="2627" WIDTH="22"/>
						<String ID="P6_ST00681" HPOS="920" VPOS="2585" WIDTH="166" HEIGHT="34" CONTENT="beloved." WC="1.00" CC="00040002"/>
					</TextLine>
					<TextLine ID="P6_TL00078" HPOS="259" VPOS="2631" WIDTH="1310" HEIGHT="45">
						<String ID="P6_ST00682" HPOS="259" VPOS="2633" WIDTH="55" HEIGHT="31" CONTENT="No" WC="0.76" CC="04"/>
						<SP ID="P6_SP00604" HPOS="314" VPOS="2664" WIDTH="25"/>
						<String ID="P6_ST00683" HPOS="339" VPOS="2632" WIDTH="114" HEIGHT="33" CONTENT="better" WC="0.99" CC="100500"/>
						<SP ID="P6_SP00605" HPOS="453" VPOS="2665" WIDTH="24"/>
						<String ID="P6_ST00684" HPOS="477" VPOS="2631" WIDTH="72" HEIGHT="42" CONTENT="gift" WC="1.00" CC="0002"/>
						<SP ID="P6_SP00606" HPOS="549" VPOS="2673" WIDTH="26"/>
						<String ID="P6_ST00685" HPOS="575" VPOS="2633" WIDTH="70" HEIGHT="31" CONTENT="and" WC="1.00" CC="000"/>
						<SP ID="P6_SP00607" HPOS="645" VPOS="2673" WIDTH="28"/>
						<String ID="P6_ST00686" HPOS="673" VPOS="2643" WIDTH="44" HEIGHT="21" CONTENT="no" WC="1.00" CC="00"/>
						<SP ID="P6_SP00608" HPOS="717" VPOS="2673" WIDTH="25"/>
						<String ID="P6_ST00687" HPOS="742" VPOS="2631" WIDTH="71" HEIGHT="42" CONTENT="gift" WC="0.99" CC="0202"/>
						<SP ID="P6_SP00609" HPOS="813" VPOS="2673" WIDTH="24"/>
						<String ID="P6_ST00688" HPOS="837" VPOS="2632" WIDTH="79" HEIGHT="33" CONTENT="that" WC="1.00" CC="0000"/>
						<SP ID="P6_SP00610" HPOS="916" VPOS="2673" WIDTH="25"/>
						<String ID="P6_ST00689" HPOS="941" VPOS="2632" WIDTH="29" HEIGHT="33" CONTENT="is" WC="0.85" CC="20"/>
						<SP ID="P6_SP00611" HPOS="970" VPOS="2673" WIDTH="25"/>
						<String ID="P6_ST00690" HPOS="995" VPOS="2644" WIDTH="98" HEIGHT="21" CONTENT="more" WC="0.97" CC="0560"/>
						<SP ID="P6_SP00612" HPOS="1093" VPOS="2673" WIDTH="27"/>
						<String ID="P6_ST00691" HPOS="1120" VPOS="2632" WIDTH="164" HEIGHT="35" CONTENT="intimate" WC="1.00" CC="20350000"/>
						<SP ID="P6_SP00613" HPOS="1284" VPOS="2673" WIDTH="27"/>
						<String ID="P6_ST00692" HPOS="1311" VPOS="2645" WIDTH="66" HEIGHT="22" CONTENT="can" WC="1.00" CC="000"/>
						<SP ID="P6_SP00614" HPOS="1377" VPOS="2673" WIDTH="26"/>
						<String ID="P6_ST00693" HPOS="1403" VPOS="2646" WIDTH="55" HEIGHT="21" CONTENT="we" WC="1.00" CC="00"/>
						<SP ID="P6_SP00615" HPOS="1458" VPOS="2673" WIDTH="26"/>
						<String ID="P6_ST00694" HPOS="1484" VPOS="2633" WIDTH="85" HEIGHT="43" CONTENT="give" WC="0.99" CC="0500"/>
					</TextLine>
					<TextLine ID="P6_TL00079" HPOS="213" VPOS="2677" WIDTH="1356" HEIGHT="43">
						<String ID="P6_ST00695" HPOS="213" VPOS="2690" WIDTH="39" HEIGHT="21" CONTENT="as" WC="1.00" CC="00"/>
						<SP ID="P6_SP00616" HPOS="252" VPOS="2711" WIDTH="26"/>
						<String ID="P6_ST00696" HPOS="278" VPOS="2690" WIDTH="19" HEIGHT="21" CONTENT="a" WC="1.00" CC="0"/>
						<SP ID="P6_SP00617" HPOS="297" VPOS="2711" WIDTH="24"/>
						<String ID="P6_ST00697" HPOS="321" VPOS="2679" WIDTH="105" HEIGHT="32" CONTENT="token" WC="0.99" CC="05100"/>
						<SP ID="P6_SP00618" HPOS="426" VPOS="2711" WIDTH="25"/>
						<String ID="P6_ST00698" HPOS="451" VPOS="2679" WIDTH="38" HEIGHT="32" CONTENT="of" WC="0.69" CC="23"/>
						<SP ID="P6_SP00619" HPOS="489" VPOS="2711" WIDTH="26"/>
						<String ID="P6_ST00699" HPOS="515" VPOS="2677" WIDTH="207" HEIGHT="43" CONTENT="friendship" WC="1.00" CC="0540000030"/>
						<SP ID="P6_SP00620" HPOS="722" VPOS="2720" WIDTH="24"/>
						<String ID="P6_ST00700" HPOS="746" VPOS="2679" WIDTH="87" HEIGHT="32" CONTENT="than" WC="0.97" CC="2308"/>
						<SP ID="P6_SP00621" HPOS="833" VPOS="2720" WIDTH="28"/>
						<String ID="P6_ST00701" HPOS="861" VPOS="2690" WIDTH="19" HEIGHT="21" CONTENT="a" WC="1.00" CC="0"/>
						<SP ID="P6_SP00622" HPOS="880" VPOS="2720" WIDTH="25"/>
						<String ID="P6_ST00702" HPOS="905" VPOS="2679" WIDTH="110" HEIGHT="40" CONTENT="book;" WC="0.98" CC="05600"/>
						<SP ID="P6_SP00623" HPOS="1015" VPOS="2720" WIDTH="28"/>
						<String ID="P6_ST00703" HPOS="1043" VPOS="2680" WIDTH="62" HEIGHT="32" CONTENT="but" WC="0.97" CC="151"/>
						<SP ID="P6_SP00624" HPOS="1105" VPOS="2720" WIDTH="25"/>
						<String ID="P6_ST00704" HPOS="1130" VPOS="2679" WIDTH="26" HEIGHT="33" CONTENT="it" WC="0.59" CC="34"/>
						<SP ID="P6_SP00625" HPOS="1156" VPOS="2720" WIDTH="26"/>
						<String ID="P6_ST00705" HPOS="1182" VPOS="2679" WIDTH="160" HEIGHT="33" CONTENT="reminds" WC="0.99" CC="6002400"/>
						<SP ID="P6_SP00626" HPOS="1342" VPOS="2720" WIDTH="24"/>
						<String ID="P6_ST00706" HPOS="1366" VPOS="2691" WIDTH="55" HEIGHT="23" CONTENT="me" WC="1.00" CC="00"/>
						<SP ID="P6_SP00627" HPOS="1421" VPOS="2720" WIDTH="26"/>
						<String ID="P6_ST00707" HPOS="1447" VPOS="2681" WIDTH="39" HEIGHT="32" CONTENT="of" WC="0.77" CC="40"/>
						<SP ID="P6_SP00628" HPOS="1486" VPOS="2720" WIDTH="24"/>
						<String ID="P6_ST00708" HPOS="1510" VPOS="2681" WIDTH="59" HEIGHT="33" CONTENT="the" WC="0.99" CC="020"/>
					</TextLine>
					<TextLine ID="P6_TL00080" HPOS="212" VPOS="2724" WIDTH="1358" HEIGHT="44">
						<String ID="P6_ST00709" HPOS="212" VPOS="2737" WIDTH="84" HEIGHT="20" CONTENT="man" WC="1.00" CC="000"/>
						<SP ID="P6_SP00629" HPOS="296" VPOS="2757" WIDTH="24"/>
						<String ID="P6_ST00710" HPOS="320" VPOS="2726" WIDTH="82" HEIGHT="33" CONTENT="who" WC="0.97" CC="007"/>
						<SP ID="P6_SP00630" HPOS="402" VPOS="2759" WIDTH="24"/>
						<String ID="P6_ST00711" HPOS="426" VPOS="2724" WIDTH="29" HEIGHT="33" CONTENT="is" WC="0.69" CC="60"/>
						<SP ID="P6_SP00631" HPOS="455" VPOS="2759" WIDTH="24"/>
						<String ID="P6_ST00712" HPOS="479" VPOS="2724" WIDTH="118" HEIGHT="42" CONTENT="living" WC="0.99" CC="230200"/>
						<SP ID="P6_SP00632" HPOS="597" VPOS="2766" WIDTH="23"/>
						<String ID="P6_ST00713" HPOS="620" VPOS="2724" WIDTH="35" HEIGHT="33" CONTENT="in" WC="0.69" CC="60"/>
						<SP ID="P6_SP00633" HPOS="655" VPOS="2766" WIDTH="26"/>
						<String ID="P6_ST00714" HPOS="681" VPOS="2724" WIDTH="111" HEIGHT="33" CONTENT="Cairo" WC="0.98" CC="20355"/>
						<SP ID="P6_SP00634" HPOS="792" VPOS="2766" WIDTH="24"/>
						<String ID="P6_ST00715" HPOS="816" VPOS="2726" WIDTH="71" HEIGHT="31" CONTENT="and" WC="0.98" CC="040"/>
						<SP ID="P6_SP00635" HPOS="887" VPOS="2766" WIDTH="26"/>
						<String ID="P6_ST00716" HPOS="913" VPOS="2725" WIDTH="125" HEIGHT="34" CONTENT="leaves" WC="1.00" CC="010000"/>
						<SP ID="P6_SP00636" HPOS="1038" VPOS="2766" WIDTH="23"/>
						<String ID="P6_ST00717" HPOS="1061" VPOS="2725" WIDTH="54" HEIGHT="33" CONTENT="his" WC="0.99" CC="030"/>
						<SP ID="P6_SP00637" HPOS="1115" VPOS="2766" WIDTH="24"/>
						<String ID="P6_ST00718" HPOS="1139" VPOS="2727" WIDTH="108" HEIGHT="32" CONTENT="order" WC="0.97" CC="56016"/>
						<SP ID="P6_SP00638" HPOS="1247" VPOS="2766" WIDTH="23"/>
						<String ID="P6_ST00719" HPOS="1270" VPOS="2726" WIDTH="36" HEIGHT="32" CONTENT="in" WC="0.92" CC="10"/>
						<SP ID="P6_SP00639" HPOS="1306" VPOS="2766" WIDTH="23"/>
						<String ID="P6_ST00720" HPOS="1329" VPOS="2726" WIDTH="183" HEIGHT="42" CONTENT="Tiffany's" WC="0.99" CC="667700040"/>
						<SP ID="P6_SP00640" HPOS="1512" VPOS="2768" WIDTH="23"/>
						<String ID="P6_ST00721" HPOS="1535" VPOS="2737" WIDTH="35" HEIGHT="23" CONTENT="to" WC="0.61" CC="07"/>
					</TextLine>
					<TextLine ID="P6_TL00081" HPOS="212" VPOS="2771" WIDTH="1356" HEIGHT="42">
						<String ID="P6_ST00722" HPOS="212" VPOS="2773" WIDTH="86" HEIGHT="31" CONTENT="send" WC="1.00" CC="0000"/>
						<SP ID="P6_SP00641" HPOS="298" VPOS="2804" WIDTH="24"/>
						<String ID="P6_ST00723" HPOS="322" VPOS="2779" WIDTH="164" HEIGHT="34" CONTENT="presents" WC="1.00" CC="02100000"/>
						<SP ID="P6_SP00642" HPOS="486" VPOS="2813" WIDTH="26"/>
						<String ID="P6_ST00724" HPOS="512" VPOS="2779" WIDTH="36" HEIGHT="25" CONTENT="at" WC="1.00" CC="00"/>
						<SP ID="P6_SP00643" HPOS="548" VPOS="2813" WIDTH="24"/>
						<String ID="P6_ST00725" HPOS="572" VPOS="2771" WIDTH="204" HEIGHT="33" CONTENT="Christmas" WC="1.00" CC="004301000"/>
						<SP ID="P6_SP00644" HPOS="776" VPOS="2813" WIDTH="24"/>
						<String ID="P6_ST00726" HPOS="800" VPOS="2779" WIDTH="35" HEIGHT="25" CONTENT="to" WC="0.73" CC="05"/>
						<SP ID="P6_SP00645" HPOS="835" VPOS="2813" WIDTH="24"/>
						<String ID="P6_ST00727" HPOS="859" VPOS="2784" WIDTH="20" HEIGHT="20" CONTENT="a" WC="1.00" CC="0"/>
						<SP ID="P6_SP00646" HPOS="879" VPOS="2813" WIDTH="26"/>
						<String ID="P6_ST00728" HPOS="905" VPOS="2771" WIDTH="60" HEIGHT="33" CONTENT="list" WC="0.98" CC="0503"/>
						<SP ID="P6_SP00647" HPOS="965" VPOS="2813" WIDTH="23"/>
						<String ID="P6_ST00729" HPOS="988" VPOS="2771" WIDTH="38" HEIGHT="33" CONTENT="of" WC="0.71" CC="50"/>
						<SP ID="P6_SP00648" HPOS="1026" VPOS="2813" WIDTH="24"/>
						<String ID="P6_ST00730" HPOS="1050" VPOS="2771" WIDTH="55" HEIGHT="33" CONTENT="his" WC="1.00" CC="000"/>
						<SP ID="P6_SP00649" HPOS="1105" VPOS="2813" WIDTH="23"/>
						<String ID="P6_ST00731" HPOS="1128" VPOS="2771" WIDTH="143" HEIGHT="34" CONTENT="friends" WC="0.99" CC="0730000"/>
						<SP ID="P6_SP00650" HPOS="1271" VPOS="2813" WIDTH="24"/>
						<String ID="P6_ST00732" HPOS="1295" VPOS="2780" WIDTH="60" HEIGHT="26" CONTENT="not" WC="0.98" CC="140"/>
						<SP ID="P6_SP00651" HPOS="1355" VPOS="2813" WIDTH="23"/>
						<String ID="P6_ST00733" HPOS="1378" VPOS="2780" WIDTH="35" HEIGHT="26" CONTENT="to" WC="0.82" CC="30"/>
						<SP ID="P6_SP00652" HPOS="1413" VPOS="2813" WIDTH="26"/>
						<String ID="P6_ST00734" HPOS="1439" VPOS="2775" WIDTH="129" HEIGHT="31" CONTENT="exceed" WC="1.00" CC="000010"/>
					</TextLine>
					<TextLine ID="P6_TL00082" HPOS="212" VPOS="2818" WIDTH="1357" HEIGHT="41">
						<String ID="P6_ST00735" HPOS="212" VPOS="2819" WIDTH="85" HEIGHT="32" CONTENT="such" WC="1.00" CC="0000"/>
						<SP ID="P6_SP00653" HPOS="297" VPOS="2851" WIDTH="28"/>
						<String ID="P6_ST00736" HPOS="325" VPOS="2819" WIDTH="71" HEIGHT="32" CONTENT="and" WC="0.98" CC="040"/>
						<SP ID="P6_SP00654" HPOS="396" VPOS="2851" WIDTH="27"/>
						<String ID="P6_ST00737" HPOS="423" VPOS="2819" WIDTH="85" HEIGHT="32" CONTENT="such" WC="0.99" CC="0400"/>
						<SP ID="P6_SP00655" HPOS="508" VPOS="2851" WIDTH="28"/>
						<String ID="P6_ST00738" HPOS="536" VPOS="2830" WIDTH="44" HEIGHT="20" CONTENT="an" WC="0.76" CC="40"/>
						<SP ID="P6_SP00656" HPOS="580" VPOS="2851" WIDTH="29"/>
						<String ID="P6_ST00739" HPOS="609" VPOS="2825" WIDTH="156" HEIGHT="34" CONTENT="amount," WC="0.99" CC="0050042"/>
						<SP ID="P6_SP00657" HPOS="765" VPOS="2859" WIDTH="27"/>
						<String ID="P6_ST00740" HPOS="792" VPOS="2818" WIDTH="107" HEIGHT="34" CONTENT="when" WC="0.98" CC="0700"/>
						<SP ID="P6_SP00658" HPOS="899" VPOS="2859" WIDTH="26"/>
						<String ID="P6_ST00741" HPOS="925" VPOS="2820" WIDTH="15" HEIGHT="30" CONTENT="I" WC="1.00" CC="0"/>
						<SP ID="P6_SP00659" HPOS="940" VPOS="2859" WIDTH="27"/>
						<String ID="P6_ST00742" HPOS="967" VPOS="2818" WIDTH="101" HEIGHT="33" CONTENT="think" WC="1.00" CC="00100"/>
						<SP ID="P6_SP00660" HPOS="1068" VPOS="2859" WIDTH="26"/>
						<String ID="P6_ST00743" HPOS="1094" VPOS="2818" WIDTH="38" HEIGHT="33" CONTENT="of" WC="0.64" CC="70"/>
						<SP ID="P6_SP00661" HPOS="1132" VPOS="2859" WIDTH="25"/>
						<String ID="P6_ST00744" HPOS="1157" VPOS="2819" WIDTH="58" HEIGHT="32" CONTENT="the" WC="0.96" CC="450"/>
						<SP ID="P6_SP00662" HPOS="1215" VPOS="2859" WIDTH="27"/>
						<String ID="P6_ST00745" HPOS="1242" VPOS="2831" WIDTH="84" HEIGHT="20" CONTENT="man" WC="0.99" CC="010"/>
						<SP ID="P6_SP00663" HPOS="1326" VPOS="2859" WIDTH="27"/>
						<String ID="P6_ST00746" HPOS="1353" VPOS="2820" WIDTH="83" HEIGHT="33" CONTENT="who" WC="0.97" CC="006"/>
						<SP ID="P6_SP00664" HPOS="1436" VPOS="2859" WIDTH="27"/>
						<String ID="P6_ST00747" HPOS="1463" VPOS="2821" WIDTH="106" HEIGHT="32" CONTENT="sends" WC="1.00" CC="00000"/>
					</TextLine>
					<TextLine ID="P6_TL00083" HPOS="211" VPOS="2864" WIDTH="1357" HEIGHT="43">
						<String ID="P6_ST00748" HPOS="211" VPOS="2873" WIDTH="34" HEIGHT="25" CONTENT="to" WC="0.44" CC="37"/>
						<SP ID="P6_SP00665" HPOS="245" VPOS="2898" WIDTH="24"/>
						<String ID="P6_ST00749" HPOS="269" VPOS="2865" WIDTH="55" HEIGHT="32" CONTENT="his" WC="0.98" CC="500"/>
						<SP ID="P6_SP00666" HPOS="324" VPOS="2898" WIDTH="24"/>
						<String ID="P6_ST00750" HPOS="348" VPOS="2864" WIDTH="122" HEIGHT="34" CONTENT="friend" WC="1.00" CC="001000"/>
						<SP ID="P6_SP00667" HPOS="470" VPOS="2898" WIDTH="26"/>
						<String ID="P6_ST00751" HPOS="496" VPOS="2877" WIDTH="19" HEIGHT="20" CONTENT="a" WC="1.00" CC="0"/>
						<SP ID="P6_SP00668" HPOS="515" VPOS="2898" WIDTH="25"/>
						<String ID="P6_ST00752" HPOS="540" VPOS="2865" WIDTH="91" HEIGHT="32" CONTENT="book" WC="0.98" CC="0550"/>
						<SP ID="P6_SP00669" HPOS="631" VPOS="2898" WIDTH="24"/>
						<String ID="P6_ST00753" HPOS="655" VPOS="2876" WIDTH="95" HEIGHT="30" CONTENT="upon" WC="0.98" CC="0060"/>
						<SP ID="P6_SP00670" HPOS="750" VPOS="2906" WIDTH="24"/>
						<String ID="P6_ST00754" HPOS="774" VPOS="2865" WIDTH="57" HEIGHT="32" CONTENT="the" WC="0.95" CC="561"/>
						<SP ID="P6_SP00671" HPOS="831" VPOS="2906" WIDTH="25"/>
						<String ID="P6_ST00755" HPOS="856" VPOS="2865" WIDTH="332" HEIGHT="33" CONTENT="recommendation" WC="1.00" CC="00050000003040"/>
						<SP ID="P6_SP00672" HPOS="1188" VPOS="2906" WIDTH="26"/>
						<String ID="P6_ST00756" HPOS="1214" VPOS="2866" WIDTH="38" HEIGHT="32" CONTENT="of" WC="0.59" CC="52"/>
						<SP ID="P6_SP00673" HPOS="1252" VPOS="2906" WIDTH="26"/>
						<String ID="P6_ST00757" HPOS="1278" VPOS="2878" WIDTH="19" HEIGHT="20" CONTENT="a" WC="1.00" CC="0"/>
						<SP ID="P6_SP00674" HPOS="1297" VPOS="2906" WIDTH="25"/>
						<String ID="P6_ST00758" HPOS="1322" VPOS="2865" WIDTH="246" HEIGHT="42" CONTENT="professional" WC="1.00" CC="065000026000"/>
					</TextLine>
					<TextLine ID="P6_TL00084" HPOS="211" VPOS="2911" WIDTH="1359" HEIGHT="42">
						<String ID="P6_ST00759" HPOS="211" VPOS="2911" WIDTH="175" HEIGHT="42" CONTENT="compiler" WC="0.99" CC="08001002"/>
						<SP ID="P6_SP00675" HPOS="386" VPOS="2953" WIDTH="26"/>
						<String ID="P6_ST00760" HPOS="412" VPOS="2911" WIDTH="38" HEIGHT="33" CONTENT="of" WC="0.94" CC="10"/>
						<SP ID="P6_SP00676" HPOS="450" VPOS="2953" WIDTH="26"/>
						<String ID="P6_ST00761" HPOS="476" VPOS="2911" WIDTH="152" HEIGHT="41" CONTENT="holiday" WC="1.00" CC="0520000"/>
						<SP ID="P6_SP00677" HPOS="628" VPOS="2953" WIDTH="26"/>
						<String ID="P6_ST00762" HPOS="654" VPOS="2912" WIDTH="91" HEIGHT="32" CONTENT="book" WC="0.98" CC="0260"/>
						<SP ID="P6_SP00678" HPOS="745" VPOS="2953" WIDTH="28"/>
						<String ID="P6_ST00763" HPOS="773" VPOS="2911" WIDTH="78" HEIGHT="33" CONTENT="lists" WC="0.99" CC="32000"/>
						<SP ID="P6_SP00679" HPOS="851" VPOS="2953" WIDTH="26"/>
						<String ID="P6_ST00764" HPOS="877" VPOS="2923" WIDTH="40" HEIGHT="21" CONTENT="or" WC="0.34" CC="66"/>
						<SP ID="P6_SP00680" HPOS="917" VPOS="2953" WIDTH="26"/>
						<String ID="P6_ST00765" HPOS="943" VPOS="2911" WIDTH="39" HEIGHT="33" CONTENT="of" WC="1.00" CC="00"/>
						<SP ID="P6_SP00681" HPOS="982" VPOS="2953" WIDTH="25"/>
						<String ID="P6_ST00766" HPOS="1007" VPOS="2912" WIDTH="59" HEIGHT="32" CONTENT="the" WC="0.96" CC="460"/>
						<SP ID="P6_SP00682" HPOS="1066" VPOS="2953" WIDTH="26"/>
						<String ID="P6_ST00767" HPOS="1092" VPOS="2912" WIDTH="98" HEIGHT="33" CONTENT="clerk" WC="1.00" CC="00030"/>
						<SP ID="P6_SP00683" HPOS="1190" VPOS="2953" WIDTH="28"/>
						<String ID="P6_ST00768" HPOS="1218" VPOS="2911" WIDTH="35" HEIGHT="33" CONTENT="in" WC="1.00" CC="00"/>
						<SP ID="P6_SP00684" HPOS="1253" VPOS="2953" WIDTH="27"/>
						<String ID="P6_ST00769" HPOS="1280" VPOS="2913" WIDTH="58" HEIGHT="32" CONTENT="the" WC="0.98" CC="050"/>
						<SP ID="P6_SP00685" HPOS="1338" VPOS="2953" WIDTH="28"/>
						<String ID="P6_ST00770" HPOS="1366" VPOS="2920" WIDTH="93" HEIGHT="25" CONTENT="store" WC="0.99" CC="00050"/>
						<SP ID="P6_SP00686" HPOS="1459" VPOS="2953" WIDTH="27"/>
						<String ID="P6_ST00771" HPOS="1486" VPOS="2913" WIDTH="84" HEIGHT="34" CONTENT="who" WC="0.97" CC="008"/>
					</TextLine>
					<TextLine ID="P6_TL00085" HPOS="212" VPOS="2958" WIDTH="1356" HEIGHT="42">
						<String ID="P6_ST00772" HPOS="212" VPOS="2958" WIDTH="180" HEIGHT="34" CONTENT='"knows."' WC="0.99" CC="70430004"/>
						<SP ID="P6_SP00687" HPOS="392" VPOS="2992" WIDTH="45"/>
						<String ID="P6_ST00773" HPOS="437" VPOS="2959" WIDTH="57" HEIGHT="32" CONTENT="To" WC="0.39" CC="65"/>
						<SP ID="P6_SP00688" HPOS="494" VPOS="2992" WIDTH="34"/>
						<String ID="P6_ST00774" HPOS="528" VPOS="2958" WIDTH="168" HEIGHT="34" CONTENT="forward" WC="0.99" CC="0550050"/>
						<SP ID="P6_SP00689" HPOS="696" VPOS="2992" WIDTH="34"/>
						<String ID="P6_ST00775" HPOS="730" VPOS="2965" WIDTH="34" HEIGHT="26" CONTENT="to" WC="0.54" CC="44"/>
						<SP ID="P6_SP00690" HPOS="764" VPOS="2992" WIDTH="32"/>
						<String ID="P6_ST00776" HPOS="796" VPOS="2970" WIDTH="91" HEIGHT="29" CONTENT="your" WC="0.98" CC="0415"/>
						<SP ID="P6_SP00691" HPOS="887" VPOS="2999" WIDTH="33"/>
						<String ID="P6_ST00777" HPOS="920" VPOS="2959" WIDTH="219" HEIGHT="33" CONTENT="sweetheart" WC="1.00" CC="0000202000"/>
						<SP ID="P6_SP00692" HPOS="1139" VPOS="2999" WIDTH="34"/>
						<String ID="P6_ST00778" HPOS="1173" VPOS="2970" WIDTH="19" HEIGHT="21" CONTENT="a" WC="1.00" CC="0"/>
						<SP ID="P6_SP00693" HPOS="1192" VPOS="2999" WIDTH="33"/>
						<String ID="P6_ST00779" HPOS="1225" VPOS="2959" WIDTH="91" HEIGHT="32" CONTENT="book" WC="0.98" CC="3070"/>
						<SP ID="P6_SP00694" HPOS="1316" VPOS="2999" WIDTH="32"/>
						<String ID="P6_ST00780" HPOS="1348" VPOS="2958" WIDTH="120" HEIGHT="34" CONTENT="which" WC="1.00" CC="00400"/>
						<SP ID="P6_SP00695" HPOS="1468" VPOS="2999" WIDTH="31"/>
						<String ID="P6_ST00781" HPOS="1499" VPOS="2971" WIDTH="69" HEIGHT="29" CONTENT="you" WC="1.00" CC="000"/>
					</TextLine>
					<TextLine ID="P6_TL00086" HPOS="211" VPOS="3004" WIDTH="1356" HEIGHT="42">
						<String ID="P6_ST00782" HPOS="211" VPOS="3006" WIDTH="95" HEIGHT="33" CONTENT="have" WC="0.99" CC="3000"/>
						<SP ID="P6_SP00696" HPOS="306" VPOS="3039" WIDTH="28"/>
						<String ID="P6_ST00783" HPOS="334" VPOS="3012" WIDTH="61" HEIGHT="26" CONTENT="not" WC="0.96" CC="064"/>
						<SP ID="P6_SP00697" HPOS="395" VPOS="3039" WIDTH="28"/>
						<String ID="P6_ST00784" HPOS="423" VPOS="3006" WIDTH="99" HEIGHT="40" CONTENT="read," WC="0.99" CC="30003"/>
						<SP ID="P6_SP00698" HPOS="522" VPOS="3046" WIDTH="29"/>
						<String ID="P6_ST00785" HPOS="551" VPOS="3017" WIDTH="40" HEIGHT="20" CONTENT="or" WC="0.88" CC="20"/>
						<SP ID="P6_SP00699" HPOS="591" VPOS="3046" WIDTH="26"/>
						<String ID="P6_ST00786" HPOS="617" VPOS="3012" WIDTH="35" HEIGHT="25" CONTENT="to" WC="0.75" CC="04"/>
						<SP ID="P6_SP00700" HPOS="652" VPOS="3046" WIDTH="29"/>
						<String ID="P6_ST00787" HPOS="681" VPOS="3004" WIDTH="61" HEIGHT="42" CONTENT="lay" WC="1.00" CC="000"/>
						<SP ID="P6_SP00701" HPOS="742" VPOS="3046" WIDTH="29"/>
						<String ID="P6_ST00788" HPOS="771" VPOS="3004" WIDTH="25" HEIGHT="33" CONTENT="it" WC="0.67" CC="33"/>
						<SP ID="P6_SP00702" HPOS="796" VPOS="3046" WIDTH="28"/>
						<String ID="P6_ST00789" HPOS="824" VPOS="3005" WIDTH="115" HEIGHT="32" CONTENT="under" WC="0.99" CC="00005"/>
						<SP ID="P6_SP00703" HPOS="939" VPOS="3046" WIDTH="27"/>
						<String ID="P6_ST00790" HPOS="966" VPOS="3005" WIDTH="59" HEIGHT="32" CONTENT="the" WC="1.00" CC="100"/>
						<SP ID="P6_SP00704" HPOS="1025" VPOS="3046" WIDTH="30"/>
						<String ID="P6_ST00791" HPOS="1055" VPOS="3005" WIDTH="204" HEIGHT="32" CONTENT="Christmas" WC="0.99" CC="046305000"/>
						<SP ID="P6_SP00705" HPOS="1259" VPOS="3046" WIDTH="27"/>
						<String ID="P6_ST00792" HPOS="1286" VPOS="3013" WIDTH="75" HEIGHT="25" CONTENT="tree" WC="0.99" CC="3000"/>
						<SP ID="P6_SP00706" HPOS="1361" VPOS="3046" WIDTH="30"/>
						<String ID="P6_ST00793" HPOS="1391" VPOS="3005" WIDTH="58" HEIGHT="33" CONTENT="for" WC="0.97" CC="036"/>
						<SP ID="P6_SP00707" HPOS="1449" VPOS="3046" WIDTH="27"/>
						<String ID="P6_ST00794" HPOS="1476" VPOS="3017" WIDTH="91" HEIGHT="29" CONTENT="your" WC="0.62" CC="0608"/>
					</TextLine>
					<TextLine ID="P6_TL00087" HPOS="210" VPOS="3050" WIDTH="1359" HEIGHT="43">
						<String ID="P6_ST00795" HPOS="210" VPOS="3051" WIDTH="88" HEIGHT="35" CONTENT="wife" WC="0.82" CC="0041"/>
						<SP ID="P6_SP00708" HPOS="298" VPOS="3086" WIDTH="22"/>
						<String ID="P6_ST00796" HPOS="320" VPOS="3064" WIDTH="40" HEIGHT="20" CONTENT="or" WC="0.67" CC="15"/>
						<SP ID="P6_SP00709" HPOS="360" VPOS="3086" WIDTH="21"/>
						<String ID="P6_ST00797" HPOS="381" VPOS="3051" WIDTH="59" HEIGHT="33" CONTENT="for" WC="0.95" CC="093"/>
						<SP ID="P6_SP00710" HPOS="440" VPOS="3086" WIDTH="19"/>
						<String ID="P6_ST00798" HPOS="459" VPOS="3064" WIDTH="91" HEIGHT="29" CONTENT="your" WC="0.99" CC="0600"/>
						<SP ID="P6_SP00711" HPOS="550" VPOS="3093" WIDTH="20"/>
						<String ID="P6_ST00799" HPOS="570" VPOS="3050" WIDTH="97" HEIGHT="34" CONTENT="child" WC="1.00" CC="00000"/>
						<SP ID="P6_SP00712" HPOS="667" VPOS="3093" WIDTH="22"/>
						<String ID="P6_ST00800" HPOS="689" VPOS="3050" WIDTH="29" HEIGHT="33" CONTENT="is" WC="0.70" CC="50"/>
						<SP ID="P6_SP00713" HPOS="718" VPOS="3093" WIDTH="23"/>
						<String ID="P6_ST00801" HPOS="741" VPOS="3050" WIDTH="231" HEIGHT="42" CONTENT="synonimous" WC="0.80" CC="0005400640"/>
						<SP ID="P6_SP00714" HPOS="972" VPOS="3093" WIDTH="20"/>
						<String ID="P6_ST00802" HPOS="992" VPOS="3050" WIDTH="90" HEIGHT="35" CONTENT="with" WC="1.00" CC="0001"/>
						<SP ID="P6_SP00715" HPOS="1082" VPOS="3093" WIDTH="21"/>
						<String ID="P6_ST00803" HPOS="1103" VPOS="3050" WIDTH="233" HEIGHT="43" CONTENT="introducing" WC="0.99" CC="63355000040"/>
						<SP ID="P6_SP00716" HPOS="1336" VPOS="3093" WIDTH="23"/>
						<String ID="P6_ST00804" HPOS="1359" VPOS="3064" WIDTH="19" HEIGHT="20" CONTENT="a" WC="1.00" CC="0"/>
						<SP ID="P6_SP00717" HPOS="1378" VPOS="3093" WIDTH="23"/>
						<String ID="P6_ST00805" HPOS="1401" VPOS="3059" WIDTH="168" HEIGHT="34" CONTENT="stranger" WC="1.00" CC="04005000"/>
					</TextLine>
					<TextLine ID="P6_TL00088" HPOS="212" VPOS="3097" WIDTH="1353" HEIGHT="42">
						<String ID="P6_ST00806" HPOS="212" VPOS="3111" WIDTH="38" HEIGHT="20" CONTENT="as" WC="1.00" CC="00"/>
						<SP ID="P6_SP00718" HPOS="250" VPOS="3131" WIDTH="27"/>
						<String ID="P6_ST00807" HPOS="277" VPOS="3111" WIDTH="19" HEIGHT="20" CONTENT="a" WC="1.00" CC="0"/>
						<SP ID="P6_SP00719" HPOS="296" VPOS="3131" WIDTH="26"/>
						<String ID="P6_ST00808" HPOS="322" VPOS="3098" WIDTH="122" HEIGHT="33" CONTENT="friend" WC="0.99" CC="065200"/>
						<SP ID="P6_SP00720" HPOS="444" VPOS="3131" WIDTH="25"/>
						<String ID="P6_ST00809" HPOS="469" VPOS="3105" WIDTH="35" HEIGHT="26" CONTENT="to" WC="0.97" CC="00"/>
						<SP ID="P6_SP00721" HPOS="504" VPOS="3131" WIDTH="25"/>
						<String ID="P6_ST00810" HPOS="529" VPOS="3098" WIDTH="99" HEIGHT="33" CONTENT="those" WC="0.98" CC="50900"/>
						<SP ID="P6_SP00722" HPOS="628" VPOS="3131" WIDTH="24"/>
						<String ID="P6_ST00811" HPOS="652" VPOS="3098" WIDTH="83" HEIGHT="34" CONTENT="who" WC="0.98" CC="014"/>
						<SP ID="P6_SP00723" HPOS="735" VPOS="3132" WIDTH="25"/>
						<String ID="P6_ST00812" HPOS="760" VPOS="3097" WIDTH="78" HEIGHT="35" CONTENT="will" WC="1.00" CC="0000"/>
						<SP ID="P6_SP00724" HPOS="838" VPOS="3132" WIDTH="26"/>
						<String ID="P6_ST00813" HPOS="864" VPOS="3098" WIDTH="82" HEIGHT="32" CONTENT="take" WC="0.99" CC="4100"/>
						<SP ID="P6_SP00725" HPOS="946" VPOS="3132" WIDTH="25"/>
						<String ID="P6_ST00814" HPOS="971" VPOS="3097" WIDTH="74" HEIGHT="32" CONTENT="him" WC="1.00" CC="000"/>
						<SP ID="P6_SP00726" HPOS="1045" VPOS="3132" WIDTH="26"/>
						<String ID="P6_ST00815" HPOS="1071" VPOS="3097" WIDTH="35" HEIGHT="33" CONTENT="in" WC="0.83" CC="30"/>
						<SP ID="P6_SP00727" HPOS="1106" VPOS="3132" WIDTH="28"/>
						<String ID="P6_ST00816" HPOS="1134" VPOS="3109" WIDTH="38" HEIGHT="21" CONTENT="as" WC="1.00" CC="00"/>
						<SP ID="P6_SP00728" HPOS="1172" VPOS="3132" WIDTH="23"/>
						<String ID="P6_ST00817" HPOS="1195" VPOS="3110" WIDTH="90" HEIGHT="29" CONTENT="your" WC="0.97" CC="0335"/>
						<SP ID="P6_SP00729" HPOS="1285" VPOS="3139" WIDTH="27"/>
						<String ID="P6_ST00818" HPOS="1312" VPOS="3097" WIDTH="121" HEIGHT="34" CONTENT="friend" WC="0.99" CC="045000"/>
						<SP ID="P6_SP00730" HPOS="1433" VPOS="3139" WIDTH="15"/>
						<String ID="P6_ST00819" HPOS="1448" VPOS="3109" WIDTH="6" HEIGHT="29" CONTENT=";" WC="0.82" CC="1"/>
						<SP ID="P6_SP00731" HPOS="1454" VPOS="3139" WIDTH="28"/>
						<String ID="P6_ST00820" HPOS="1482" VPOS="3098" WIDTH="83" HEIGHT="34" CONTENT="who" WC="0.98" CC="006"/>
					</TextLine>
					<TextLine ID="P6_TL00089" HPOS="210" VPOS="3144" WIDTH="1352" HEIGHT="42">
						<String ID="P6_ST00821" HPOS="210" VPOS="3145" WIDTH="79" HEIGHT="34" CONTENT="will" WC="0.99" CC="0022"/>
						<SP ID="P6_SP00732" HPOS="289" VPOS="3179" WIDTH="35"/>
						<String ID="P6_ST00822" HPOS="324" VPOS="3157" WIDTH="92" HEIGHT="29" CONTENT="open" WC="1.00" CC="1000"/>
						<SP ID="P6_SP00733" HPOS="416" VPOS="3186" WIDTH="34"/>
						<String ID="P6_ST00823" HPOS="450" VPOS="3152" WIDTH="35" HEIGHT="25" CONTENT="to" WC="0.50" CC="45"/>
						<SP ID="P6_SP00734" HPOS="485" VPOS="3186" WIDTH="33"/>
						<String ID="P6_ST00824" HPOS="518" VPOS="3144" WIDTH="75" HEIGHT="33" CONTENT="him" WC="0.97" CC="520"/>
						<SP ID="P6_SP00735" HPOS="593" VPOS="3186" WIDTH="32"/>
						<String ID="P6_ST00825" HPOS="625" VPOS="3145" WIDTH="105" HEIGHT="32" CONTENT="heart" WC="1.00" CC="00003"/>
						<SP ID="P6_SP00736" HPOS="730" VPOS="3186" WIDTH="35"/>
						<String ID="P6_ST00826" HPOS="765" VPOS="3145" WIDTH="71" HEIGHT="32" CONTENT="and" WC="1.00" CC="000"/>
						<SP ID="P6_SP00737" HPOS="836" VPOS="3186" WIDTH="34"/>
						<String ID="P6_ST00827" HPOS="870" VPOS="3144" WIDTH="115" HEIGHT="41" CONTENT="home," WC="0.99" CC="05002"/>
						<SP ID="P6_SP00738" HPOS="985" VPOS="3186" WIDTH="35"/>
						<String ID="P6_ST00828" HPOS="1020" VPOS="3145" WIDTH="152" HEIGHT="32" CONTENT="because" WC="1.00" CC="3000400"/>
						<SP ID="P6_SP00739" HPOS="1172" VPOS="3186" WIDTH="35"/>
						<String ID="P6_ST00829" HPOS="1207" VPOS="3144" WIDTH="38" HEIGHT="33" CONTENT="of" WC="0.70" CC="50"/>
						<SP ID="P6_SP00740" HPOS="1245" VPOS="3186" WIDTH="33"/>
						<String ID="P6_ST00830" HPOS="1278" VPOS="3145" WIDTH="58" HEIGHT="32" CONTENT="the" WC="1.00" CC="000"/>
						<SP ID="P6_SP00741" HPOS="1336" VPOS="3186" WIDTH="36"/>
						<String ID="P6_ST00831" HPOS="1372" VPOS="3144" WIDTH="82" HEIGHT="34" CONTENT="love" WC="0.99" CC="0600"/>
						<SP ID="P6_SP00742" HPOS="1454" VPOS="3186" WIDTH="37"/>
						<String ID="P6_ST00832" HPOS="1491" VPOS="3145" WIDTH="71" HEIGHT="32" CONTENT="and" WC="1.00" CC="000"/>
					</TextLine>
					<TextLine ID="P6_TL00090" HPOS="211" VPOS="3191" WIDTH="1348" HEIGHT="42">
						<String ID="P6_ST00833" HPOS="211" VPOS="3199" WIDTH="132" HEIGHT="26" CONTENT="esteem" WC="1.00" CC="000000"/>
						<SP ID="P6_SP00743" HPOS="343" VPOS="3225" WIDTH="27"/>
						<String ID="P6_ST00834" HPOS="370" VPOS="3192" WIDTH="83" HEIGHT="41" CONTENT="they" WC="0.99" CC="4000"/>
						<SP ID="P6_SP00744" HPOS="453" VPOS="3233" WIDTH="26"/>
						<String ID="P6_ST00835" HPOS="479" VPOS="3192" WIDTH="95" HEIGHT="33" CONTENT="have" WC="1.00" CC="0000"/>
						<SP ID="P6_SP00745" HPOS="574" VPOS="3233" WIDTH="28"/>
						<String ID="P6_ST00836" HPOS="602" VPOS="3191" WIDTH="59" HEIGHT="32" CONTENT="for" WC="0.98" CC="004"/>
						<SP ID="P6_SP00746" HPOS="661" VPOS="3233" WIDTH="26"/>
						<String ID="P6_ST00837" HPOS="687" VPOS="3203" WIDTH="81" HEIGHT="29" CONTENT="you." WC="0.99" CC="0003"/>
						<SP ID="P6_SP00747" HPOS="768" VPOS="3233" WIDTH="52"/>
						<String ID="P6_ST00838" HPOS="820" VPOS="3192" WIDTH="81" HEIGHT="31" CONTENT="You" WC="0.98" CC="240"/>
						<SP ID="P6_SP00748" HPOS="901" VPOS="3233" WIDTH="30"/>
						<String ID="P6_ST00839" HPOS="931" VPOS="3203" WIDTH="61" HEIGHT="20" CONTENT="are" WC="0.98" CC="050"/>
						<SP ID="P6_SP00749" HPOS="992" VPOS="3233" WIDTH="29"/>
						<String ID="P6_ST00840" HPOS="1021" VPOS="3202" WIDTH="37" HEIGHT="21" CONTENT="so" WC="1.00" CC="00"/>
						<SP ID="P6_SP00750" HPOS="1058" VPOS="3233" WIDTH="28"/>
						<String ID="P6_ST00841" HPOS="1086" VPOS="3191" WIDTH="143" HEIGHT="33" CONTENT="careful" WC="0.99" CC="0910000"/>
						<SP ID="P6_SP00751" HPOS="1229" VPOS="3233" WIDTH="29"/>
						<String ID="P6_ST00842" HPOS="1258" VPOS="3198" WIDTH="61" HEIGHT="26" CONTENT="not" WC="0.97" CC="061"/>
						<SP ID="P6_SP00752" HPOS="1319" VPOS="3233" WIDTH="26"/>
						<String ID="P6_ST00843" HPOS="1345" VPOS="3198" WIDTH="36" HEIGHT="26" CONTENT="to" WC="0.52" CC="36"/>
						<SP ID="P6_SP00753" HPOS="1381" VPOS="3233" WIDTH="28"/>
						<String ID="P6_ST00844" HPOS="1409" VPOS="3191" WIDTH="150" HEIGHT="41" CONTENT="identify" WC="0.99" CC="20201678"/>
					</TextLine>
					<TextLine ID="P6_TL00091" HPOS="209" VPOS="3237" WIDTH="1358" HEIGHT="43">
						<String ID="P6_ST00845" HPOS="209" VPOS="3238" WIDTH="166" HEIGHT="42" CONTENT="yourself" WC="0.99" CC="05560000"/>
						<SP ID="P6_SP00754" HPOS="375" VPOS="3280" WIDTH="27"/>
						<String ID="P6_ST00846" HPOS="402" VPOS="3238" WIDTH="34" HEIGHT="33" CONTENT="in" WC="0.91" CC="10"/>
						<SP ID="P6_SP00755" HPOS="436" VPOS="3280" WIDTH="28"/>
						<String ID="P6_ST00847" HPOS="464" VPOS="3237" WIDTH="164" HEIGHT="34" CONTENT="business" WC="1.00" CC="00020000"/>
						<SP ID="P6_SP00756" HPOS="628" VPOS="3280" WIDTH="26"/>
						<String ID="P6_ST00848" HPOS="654" VPOS="3237" WIDTH="89" HEIGHT="34" CONTENT="with" WC="0.98" CC="0540"/>
						<SP ID="P6_SP00757" HPOS="743" VPOS="3280" WIDTH="26"/>
						<String ID="P6_ST00849" HPOS="769" VPOS="3238" WIDTH="58" HEIGHT="32" CONTENT="the" WC="0.99" CC="200"/>
						<SP ID="P6_SP00758" HPOS="827" VPOS="3280" WIDTH="27"/>
						<String ID="P6_ST00850" HPOS="854" VPOS="3249" WIDTH="84" HEIGHT="20" CONTENT="man" WC="1.00" CC="000"/>
						<SP ID="P6_SP00759" HPOS="938" VPOS="3280" WIDTH="27"/>
						<String ID="P6_ST00851" HPOS="965" VPOS="3238" WIDTH="121" HEIGHT="33" CONTENT="whom" WC="0.99" CC="0040"/>
						<SP ID="P6_SP00760" HPOS="1086" VPOS="3280" WIDTH="24"/>
						<String ID="P6_ST00852" HPOS="1110" VPOS="3250" WIDTH="69" HEIGHT="29" CONTENT="you" WC="0.99" CC="030"/>
						<SP ID="P6_SP00761" HPOS="1179" VPOS="3280" WIDTH="28"/>
						<String ID="P6_ST00853" HPOS="1207" VPOS="3238" WIDTH="95" HEIGHT="33" CONTENT="have" WC="1.00" CC="0000"/>
						<SP ID="P6_SP00762" HPOS="1302" VPOS="3280" WIDTH="27"/>
						<String ID="P6_ST00854" HPOS="1329" VPOS="3245" WIDTH="61" HEIGHT="26" CONTENT="not" WC="0.97" CC="051"/>
						<SP ID="P6_SP00763" HPOS="1390" VPOS="3280" WIDTH="27"/>
						<String ID="P6_ST00855" HPOS="1417" VPOS="3237" WIDTH="150" HEIGHT="34" CONTENT='"looked' WC="0.99" CC="4005000"/>
					</TextLine>
					<TextLine ID="P6_TL00092" HPOS="212" VPOS="3283" WIDTH="1355" HEIGHT="44">
						<String ID="P6_ST00856" HPOS="212" VPOS="3286" WIDTH="80" HEIGHT="41" CONTENT='up,"' WC="0.98" CC="1024"/>
						<SP ID="P6_SP00764" HPOS="292" VPOS="3327" WIDTH="27"/>
						<String ID="P6_ST00857" HPOS="319" VPOS="3297" WIDTH="70" HEIGHT="29" CONTENT="you" WC="0.97" CC="025"/>
						<SP ID="P6_SP00765" HPOS="389" VPOS="3327" WIDTH="28"/>
						<String ID="P6_ST00858" HPOS="417" VPOS="3284" WIDTH="125" HEIGHT="35" CONTENT="would" WC="0.99" CC="05100"/>
						<SP ID="P6_SP00766" HPOS="542" VPOS="3327" WIDTH="30"/>
						<String ID="P6_ST00859" HPOS="572" VPOS="3292" WIDTH="61" HEIGHT="25" CONTENT="not" WC="0.97" CC="042"/>
						<SP ID="P6_SP00767" HPOS="633" VPOS="3327" WIDTH="28"/>
						<String ID="P6_ST00860" HPOS="661" VPOS="3285" WIDTH="127" HEIGHT="32" CONTENT="dream" WC="0.99" CC="05000"/>
						<SP ID="P6_SP00768" HPOS="788" VPOS="3327" WIDTH="29"/>
						<String ID="P6_ST00861" HPOS="817" VPOS="3283" WIDTH="38" HEIGHT="33" CONTENT="of" WC="0.72" CC="50"/>
						<SP ID="P6_SP00769" HPOS="855" VPOS="3327" WIDTH="29"/>
						<String ID="P6_ST00862" HPOS="884" VPOS="3283" WIDTH="147" HEIGHT="42" CONTENT="signing" WC="1.00" CC="0000200"/>
						<SP ID="P6_SP00770" HPOS="1031" VPOS="3327" WIDTH="30"/>
						<String ID="P6_ST00863" HPOS="1061" VPOS="3295" WIDTH="19" HEIGHT="21" CONTENT="a" WC="1.00" CC="0"/>
						<SP ID="P6_SP00771" HPOS="1080" VPOS="3327" WIDTH="29"/>
						<String ID="P6_ST00864" HPOS="1109" VPOS="3291" WIDTH="81" HEIGHT="25" CONTENT="note" WC="0.98" CC="0520"/>
						<SP ID="P6_SP00772" HPOS="1190" VPOS="3327" WIDTH="30"/>
						<String ID="P6_ST00865" HPOS="1220" VPOS="3295" WIDTH="95" HEIGHT="31" CONTENT="upon" WC="0.97" CC="5900"/>
						<SP ID="P6_SP00773" HPOS="1315" VPOS="3327" WIDTH="28"/>
						<String ID="P6_ST00866" HPOS="1343" VPOS="3285" WIDTH="59" HEIGHT="32" CONTENT="the" WC="0.97" CC="440"/>
						<SP ID="P6_SP00774" HPOS="1402" VPOS="3327" WIDTH="30"/>
						<String ID="P6_ST00867" HPOS="1432" VPOS="3296" WIDTH="113" HEIGHT="21" CONTENT="recom" SUBS_TYPE="HypPart1" SUBS_CONTENT="recommendation" WC="0.98" CC="60050"/>
						<HYP HPOS="1545" VPOS="3296" WIDTH="22" CONTENT="-"/>
					</TextLine>
					<TextLine ID="P6_TL00093" HPOS="210" VPOS="3330" WIDTH="1359" HEIGHT="42">
						<String ID="P6_ST00868" HPOS="210" VPOS="3331" WIDTH="211" HEIGHT="34" CONTENT="mendation" SUBS_TYPE="HypPart2" SUBS_CONTENT="recommendation" WC="1.00" CC="000002400"/>
						<SP ID="P6_SP00775" HPOS="421" VPOS="3365" WIDTH="22"/>
						<String ID="P6_ST00869" HPOS="443" VPOS="3331" WIDTH="39" HEIGHT="33" CONTENT="of" WC="0.73" CC="50"/>
						<SP ID="P6_SP00776" HPOS="482" VPOS="3365" WIDTH="25"/>
						<String ID="P6_ST00870" HPOS="507" VPOS="3342" WIDTH="44" HEIGHT="21" CONTENT="an" WC="1.00" CC="00"/>
						<SP ID="P6_SP00777" HPOS="551" VPOS="3365" WIDTH="25"/>
						<String ID="P6_ST00871" HPOS="576" VPOS="3331" WIDTH="181" HEIGHT="34" CONTENT="unknown" WC="1.00" CC="3000000"/>
						<SP ID="P6_SP00778" HPOS="757" VPOS="3365" WIDTH="24"/>
						<String ID="P6_ST00872" HPOS="781" VPOS="3343" WIDTH="40" HEIGHT="20" CONTENT="or" WC="0.84" CC="30"/>
						<SP ID="P6_SP00779" HPOS="821" VPOS="3365" WIDTH="23"/>
						<String ID="P6_ST00873" HPOS="844" VPOS="3330" WIDTH="39" HEIGHT="33" CONTENT="of" WC="0.68" CC="60"/>
						<SP ID="P6_SP00780" HPOS="883" VPOS="3365" WIDTH="22"/>
						<String ID="P6_ST00874" HPOS="905" VPOS="3330" WIDTH="153" HEIGHT="42" CONTENT="cashing" WC="0.99" CC="0000208"/>
						<SP ID="P6_SP00781" HPOS="1058" VPOS="3372" WIDTH="22"/>
						<String ID="P6_ST00875" HPOS="1080" VPOS="3330" WIDTH="58" HEIGHT="33" CONTENT="the" WC="1.00" CC="100"/>
						<SP ID="P6_SP00782" HPOS="1138" VPOS="3372" WIDTH="23"/>
						<String ID="P6_ST00876" HPOS="1161" VPOS="3331" WIDTH="135" HEIGHT="41" CONTENT="cheque" WC="0.99" CC="060001"/>
						<SP ID="P6_SP00783" HPOS="1296" VPOS="3372" WIDTH="23"/>
						<String ID="P6_ST00877" HPOS="1319" VPOS="3330" WIDTH="120" HEIGHT="34" CONTENT="which" WC="0.99" CC="00503"/>
						<SP ID="P6_SP00784" HPOS="1439" VPOS="3372" WIDTH="22"/>
						<String ID="P6_ST00878" HPOS="1461" VPOS="3331" WIDTH="108" HEIGHT="32" CONTENT="bears" WC="0.99" CC="00050"/>
					</TextLine>
					<TextLine ID="P6_TL00094" HPOS="212" VPOS="3376" WIDTH="1358" HEIGHT="44">
						<String ID="P6_ST00879" HPOS="212" VPOS="3391" WIDTH="38" HEIGHT="20" CONTENT="as" WC="0.56" CC="80"/>
						<SP ID="P6_SP00785" HPOS="250" VPOS="3411" WIDTH="22"/>
						<String ID="P6_ST00880" HPOS="272" VPOS="3378" WIDTH="258" HEIGHT="42" CONTENT="signature—a" WC="1.00" CC="00000425080"/>
						<SP ID="P6_SP00786" HPOS="530" VPOS="3420" WIDTH="21"/>
						<String ID="P6_ST00881" HPOS="551" VPOS="3389" WIDTH="97" HEIGHT="21" CONTENT="mere" WC="0.98" CC="4050"/>
						<SP ID="P6_SP00787" HPOS="648" VPOS="3420" WIDTH="21"/>
						<String ID="P6_ST00882" HPOS="669" VPOS="3389" WIDTH="116" HEIGHT="30" CONTENT="name," WC="1.00" CC="00002"/>
						<SP ID="P6_SP00788" HPOS="785" VPOS="3420" WIDTH="20"/>
						<String ID="P6_ST00883" HPOS="805" VPOS="3389" WIDTH="68" HEIGHT="30" CONTENT="you" WC="0.96" CC="045"/>
						<SP ID="P6_SP00789" HPOS="873" VPOS="3420" WIDTH="22"/>
						<String ID="P6_ST00884" HPOS="895" VPOS="3376" WIDTH="79" HEIGHT="34" CONTENT="will" WC="0.99" CC="0201"/>
						<SP ID="P6_SP00790" HPOS="974" VPOS="3420" WIDTH="22"/>
						<String ID="P6_ST00885" HPOS="996" VPOS="3385" WIDTH="61" HEIGHT="25" CONTENT="not" WC="0.96" CC="073"/>
						<SP ID="P6_SP00791" HPOS="1057" VPOS="3420" WIDTH="20"/>
						<String ID="P6_ST00886" HPOS="1077" VPOS="3376" WIDTH="153" HEIGHT="34" CONTENT="hesitate" WC="0.99" CC="50033030"/>
						<SP ID="P6_SP00792" HPOS="1230" VPOS="3420" WIDTH="21"/>
						<String ID="P6_ST00887" HPOS="1251" VPOS="3384" WIDTH="34" HEIGHT="26" CONTENT="to" WC="0.72" CC="05"/>
						<SP ID="P6_SP00793" HPOS="1285" VPOS="3420" WIDTH="22"/>
						<String ID="P6_ST00888" HPOS="1307" VPOS="3377" WIDTH="109" HEIGHT="33" CONTENT="select" WC="1.00" CC="000101"/>
						<SP ID="P6_SP00794" HPOS="1416" VPOS="3420" WIDTH="22"/>
						<String ID="P6_ST00889" HPOS="1438" VPOS="3389" WIDTH="19" HEIGHT="21" CONTENT="a" WC="0.55" CC="4"/>
						<SP ID="P6_SP00795" HPOS="1457" VPOS="3420" WIDTH="22"/>
						<String ID="P6_ST00890" HPOS="1479" VPOS="3377" WIDTH="91" HEIGHT="33" CONTENT="book" WC="0.98" CC="0530"/>
					</TextLine>
					<TextLine ID="P6_TL00095" HPOS="210" VPOS="3424" WIDTH="1359" HEIGHT="41">
						<String ID="P6_ST00891" HPOS="210" VPOS="3426" WIDTH="96" HEIGHT="32" CONTENT="from" WC="0.99" CC="0500"/>
						<SP ID="P6_SP00796" HPOS="306" VPOS="3458" WIDTH="21"/>
						<String ID="P6_ST00892" HPOS="327" VPOS="3437" WIDTH="66" HEIGHT="21" CONTENT="one" WC="0.97" CC="503"/>
						<SP ID="P6_SP00797" HPOS="393" VPOS="3458" WIDTH="22"/>
						<String ID="P6_ST00893" HPOS="415" VPOS="3425" WIDTH="38" HEIGHT="32" CONTENT="of" WC="1.00" CC="00"/>
						<SP ID="P6_SP00798" HPOS="453" VPOS="3458" WIDTH="20"/>
						<String ID="P6_ST00894" HPOS="473" VPOS="3425" WIDTH="100" HEIGHT="33" CONTENT="those" WC="0.98" CC="54300"/>
						<SP ID="P6_SP00799" HPOS="573" VPOS="3458" WIDTH="23"/>
						<String ID="P6_ST00895" HPOS="596" VPOS="3424" WIDTH="77" HEIGHT="33" CONTENT="lists" WC="0.99" CC="12030"/>
						<SP ID="P6_SP00800" HPOS="673" VPOS="3458" WIDTH="21"/>
						<String ID="P6_ST00896" HPOS="694" VPOS="3436" WIDTH="40" HEIGHT="20" CONTENT="or" WC="0.98" CC="00"/>
						<SP ID="P6_SP00801" HPOS="734" VPOS="3458" WIDTH="21"/>
						<String ID="P6_ST00897" HPOS="755" VPOS="3424" WIDTH="81" HEIGHT="33" CONTENT="take" WC="0.99" CC="3000"/>
						<SP ID="P6_SP00802" HPOS="836" VPOS="3458" WIDTH="21"/>
						<String ID="P6_ST00898" HPOS="857" VPOS="3424" WIDTH="59" HEIGHT="32" CONTENT="for" WC="0.96" CC="064"/>
						<SP ID="P6_SP00803" HPOS="916" VPOS="3458" WIDTH="22"/>
						<String ID="P6_ST00899" HPOS="938" VPOS="3424" WIDTH="155" HEIGHT="41" CONTENT="granted" WC="0.99" CC="0540000"/>
						<SP ID="P6_SP00804" HPOS="1093" VPOS="3465" WIDTH="22"/>
						<String ID="P6_ST00900" HPOS="1115" VPOS="3424" WIDTH="58" HEIGHT="32" CONTENT="the" WC="1.00" CC="000"/>
						<SP ID="P6_SP00805" HPOS="1173" VPOS="3465" WIDTH="21"/>
						<String ID="P6_ST00901" HPOS="1194" VPOS="3424" WIDTH="104" HEIGHT="33" CONTENT="word" WC="0.98" CC="0540"/>
						<SP ID="P6_SP00806" HPOS="1298" VPOS="3465" WIDTH="23"/>
						<String ID="P6_ST00902" HPOS="1321" VPOS="3424" WIDTH="39" HEIGHT="32" CONTENT="of" WC="0.72" CC="50"/>
						<SP ID="P6_SP00807" HPOS="1360" VPOS="3465" WIDTH="19"/>
						<String ID="P6_ST00903" HPOS="1379" VPOS="3424" WIDTH="59" HEIGHT="33" CONTENT="the" WC="0.99" CC="100"/>
						<SP ID="P6_SP00808" HPOS="1438" VPOS="3465" WIDTH="22"/>
						<String ID="P6_ST00904" HPOS="1460" VPOS="3424" WIDTH="88" HEIGHT="32" CONTENT="book" SUBS_TYPE="HypPart1" SUBS_CONTENT="bookstore" WC="0.99" CC="0500"/>
						<HYP HPOS="1548" VPOS="3424" WIDTH="21" CONTENT="-"/>
					</TextLine>
					<TextLine ID="P6_TL00096" HPOS="210" VPOS="3469" WIDTH="1357" HEIGHT="43">
						<String ID="P6_ST00905" HPOS="210" VPOS="3480" WIDTH="94" HEIGHT="26" CONTENT="store" SUBS_TYPE="HypPart2" SUBS_CONTENT="bookstore" WC="0.99" CC="04500"/>
						<SP ID="P6_SP00809" HPOS="304" VPOS="3506" WIDTH="23"/>
						<String ID="P6_ST00906" HPOS="327" VPOS="3472" WIDTH="108" HEIGHT="33" CONTENT="clerk." WC="0.99" CC="020303"/>
						<SP ID="P6_SP00810" HPOS="435" VPOS="3506" WIDTH="47"/>
						<String ID="P6_ST00907" HPOS="482" VPOS="3472" WIDTH="83" HEIGHT="31" CONTENT="And" WC="0.98" CC="140"/>
						<SP ID="P6_SP00811" HPOS="565" VPOS="3506" WIDTH="25"/>
						<String ID="P6_ST00908" HPOS="590" VPOS="3471" WIDTH="81" HEIGHT="33" CONTENT="how" WC="1.00" CC="000"/>
						<SP ID="P6_SP00812" HPOS="671" VPOS="3506" WIDTH="24"/>
						<String ID="P6_ST00909" HPOS="695" VPOS="3469" WIDTH="295" HEIGHT="43" CONTENT="discriminating" WC="1.00" CC="04006302000000"/>
						<SP ID="P6_SP00813" HPOS="990" VPOS="3512" WIDTH="21"/>
						<String ID="P6_ST00910" HPOS="1011" VPOS="3483" WIDTH="69" HEIGHT="28" CONTENT="you" WC="0.98" CC="050"/>
						<SP ID="P6_SP00814" HPOS="1080" VPOS="3512" WIDTH="26"/>
						<String ID="P6_ST00911" HPOS="1106" VPOS="3482" WIDTH="61" HEIGHT="21" CONTENT="are" WC="0.98" CC="050"/>
						<SP ID="P6_SP00815" HPOS="1167" VPOS="3512" WIDTH="23"/>
						<String ID="P6_ST00912" HPOS="1190" VPOS="3470" WIDTH="126" HEIGHT="33" CONTENT="before" WC="0.99" CC="001500"/>
						<SP ID="P6_SP00816" HPOS="1316" VPOS="3512" WIDTH="25"/>
						<String ID="P6_ST00913" HPOS="1341" VPOS="3469" WIDTH="146" HEIGHT="42" CONTENT="signing" WC="0.99" CC="0306000"/>
						<SP ID="P6_SP00817" HPOS="1487" VPOS="3512" WIDTH="22"/>
						<String ID="P6_ST00914" HPOS="1509" VPOS="3471" WIDTH="58" HEIGHT="32" CONTENT="the" WC="0.98" CC="400"/>
					</TextLine>
					<TextLine ID="P6_TL00097" HPOS="210" VPOS="3516" WIDTH="1359" HEIGHT="45">
						<String ID="P6_ST00915" HPOS="210" VPOS="3526" WIDTH="105" HEIGHT="35" CONTENT="guest" WC="0.99" CC="03003"/>
						<SP ID="P6_SP00818" HPOS="315" VPOS="3561" WIDTH="25"/>
						<String ID="P6_ST00916" HPOS="340" VPOS="3519" WIDTH="88" HEIGHT="33" CONTENT="card" WC="0.99" CC="0030"/>
						<SP ID="P6_SP00819" HPOS="428" VPOS="3561" WIDTH="28"/>
						<String ID="P6_ST00917" HPOS="456" VPOS="3518" WIDTH="59" HEIGHT="33" CONTENT="for" WC="0.97" CC="053"/>
						<SP ID="P6_SP00820" HPOS="515" VPOS="3561" WIDTH="28"/>
						<String ID="P6_ST00918" HPOS="543" VPOS="3530" WIDTH="19" HEIGHT="21" CONTENT="a" WC="1.00" CC="0"/>
						<SP ID="P6_SP00821" HPOS="562" VPOS="3561" WIDTH="26"/>
						<String ID="P6_ST00919" HPOS="588" VPOS="3529" WIDTH="81" HEIGHT="22" CONTENT="new" WC="1.00" CC="000"/>
						<SP ID="P6_SP00822" HPOS="669" VPOS="3561" WIDTH="29"/>
						<String ID="P6_ST00920" HPOS="698" VPOS="3516" WIDTH="262" HEIGHT="43" CONTENT="acquaintance" WC="1.00" CC="000005200000"/>
						<SP ID="P6_SP00823" HPOS="960" VPOS="3561" WIDTH="26"/>
						<String ID="P6_ST00921" HPOS="986" VPOS="3516" WIDTH="36" HEIGHT="33" CONTENT="in" WC="0.81" CC="30"/>
						<SP ID="P6_SP00824" HPOS="1022" VPOS="3561" WIDTH="26"/>
						<String ID="P6_ST00922" HPOS="1048" VPOS="3528" WIDTH="91" HEIGHT="30" CONTENT="your" WC="0.99" CC="0051"/>
						<SP ID="P6_SP00825" HPOS="1139" VPOS="3561" WIDTH="26"/>
						<String ID="P6_ST00923" HPOS="1165" VPOS="3516" WIDTH="101" HEIGHT="33" CONTENT="club!" WC="0.99" CC="00500"/>
						<SP ID="P6_SP00826" HPOS="1266" VPOS="3561" WIDTH="31"/>
						<String ID="P6_ST00924" HPOS="1297" VPOS="3517" WIDTH="63" HEIGHT="32" CONTENT="but" WC="1.00" CC="000"/>
						<SP ID="P6_SP00827" HPOS="1360" VPOS="3561" WIDTH="27"/>
						<String ID="P6_ST00925" HPOS="1387" VPOS="3529" WIDTH="20" HEIGHT="20" CONTENT="a" WC="1.00" CC="0"/>
						<SP ID="P6_SP00828" HPOS="1407" VPOS="3561" WIDTH="25"/>
						<String ID="P6_ST00926" HPOS="1432" VPOS="3517" WIDTH="137" HEIGHT="32" CONTENT="b00k...." WC="0.99" CC="05503323"/>
					</TextLine>
					<TextLine ID="P6_TL00098" HPOS="212" VPOS="3563" WIDTH="1357" HEIGHT="44">
						<String ID="P6_ST00927" HPOS="212" VPOS="3565" WIDTH="178" HEIGHT="42" CONTENT="anything" WC="1.00" CC="00000100"/>
						<SP ID="P6_SP00829" HPOS="390" VPOS="3607" WIDTH="32"/>
						<String ID="P6_ST00928" HPOS="422" VPOS="3565" WIDTH="35" HEIGHT="32" CONTENT="in" WC="0.80" CC="40"/>
						<SP ID="P6_SP00830" HPOS="457" VPOS="3607" WIDTH="34"/>
						<String ID="P6_ST00929" HPOS="491" VPOS="3563" WIDTH="248" HEIGHT="44" CONTENT="goodlooking" WC="0.66" CC="95400460340"/>
						<SP ID="P6_SP00831" HPOS="739" VPOS="3607" WIDTH="33"/>
						<String ID="P6_ST00930" HPOS="772" VPOS="3563" WIDTH="141" HEIGHT="33" CONTENT="leather" WC="0.99" CC="0000016"/>
						<SP ID="P6_SP00832" HPOS="913" VPOS="3607" WIDTH="33"/>
						<String ID="P6_ST00931" HPOS="946" VPOS="3563" WIDTH="154" HEIGHT="42" CONTENT="binding" WC="0.99" CC="0200050"/>
						<SP ID="P6_SP00833" HPOS="1100" VPOS="3607" WIDTH="32"/>
						<String ID="P6_ST00932" HPOS="1132" VPOS="3575" WIDTH="40" HEIGHT="21" CONTENT="or" WC="0.69" CC="06"/>
						<SP ID="P6_SP00834" HPOS="1172" VPOS="3607" WIDTH="32"/>
						<String ID="P6_ST00933" HPOS="1204" VPOS="3563" WIDTH="90" HEIGHT="35" CONTENT="with" WC="0.99" CC="0050"/>
						<SP ID="P6_SP00835" HPOS="1294" VPOS="3607" WIDTH="36"/>
						<String ID="P6_ST00934" HPOS="1330" VPOS="3575" WIDTH="44" HEIGHT="21" CONTENT="an" WC="1.00" CC="00"/>
						<SP ID="P6_SP00836" HPOS="1374" VPOS="3607" WIDTH="35"/>
						<String ID="P6_ST00935" HPOS="1409" VPOS="3563" WIDTH="160" HEIGHT="33" CONTENT="author's" WC="0.99" CC="04305140"/>
					</TextLine>
					<TextLine ID="P6_TL00099" HPOS="210" VPOS="3609" WIDTH="1357" HEIGHT="44">
						<String ID="P6_ST00936" HPOS="210" VPOS="3624" WIDTH="106" HEIGHT="21" CONTENT="name" WC="0.99" CC="3000"/>
						<SP ID="P6_SP00837" HPOS="316" VPOS="3645" WIDTH="32"/>
						<String ID="P6_ST00937" HPOS="348" VPOS="3611" WIDTH="120" HEIGHT="35" CONTENT="which" WC="0.99" CC="01300"/>
						<SP ID="P6_SP00838" HPOS="468" VPOS="3646" WIDTH="31"/>
						<String ID="P6_ST00938" HPOS="499" VPOS="3624" WIDTH="69" HEIGHT="29" CONTENT="you" WC="0.98" CC="050"/>
						<SP ID="P6_SP00839" HPOS="568" VPOS="3653" WIDTH="32"/>
						<String ID="P6_ST00939" HPOS="600" VPOS="3611" WIDTH="96" HEIGHT="33" CONTENT="have" WC="1.00" CC="0000"/>
						<SP ID="P6_SP00840" HPOS="696" VPOS="3653" WIDTH="32"/>
						<String ID="P6_ST00940" HPOS="728" VPOS="3611" WIDTH="114" HEIGHT="32" CONTENT="heard" WC="1.00" CC="40000"/>
						<SP ID="P6_SP00841" HPOS="842" VPOS="3653" WIDTH="34"/>
						<String ID="P6_ST00941" HPOS="876" VPOS="3610" WIDTH="234" HEIGHT="41" CONTENT="somewhere," WC="1.00" CC="0500002501"/>
						<SP ID="P6_SP00842" HPOS="1110" VPOS="3653" WIDTH="33"/>
						<String ID="P6_ST00942" HPOS="1143" VPOS="3621" WIDTH="91" HEIGHT="22" CONTENT="even" WC="1.00" CC="0000"/>
						<SP ID="P6_SP00843" HPOS="1234" VPOS="3653" WIDTH="34"/>
						<String ID="P6_ST00943" HPOS="1268" VPOS="3609" WIDTH="29" HEIGHT="32" CONTENT="if" WC="0.79" CC="40"/>
						<SP ID="P6_SP00844" HPOS="1297" VPOS="3653" WIDTH="29"/>
						<String ID="P6_ST00944" HPOS="1326" VPOS="3622" WIDTH="70" HEIGHT="29" CONTENT="you" WC="0.97" CC="035"/>
						<SP ID="P6_SP00845" HPOS="1396" VPOS="3653" WIDTH="34"/>
						<String ID="P6_ST00945" HPOS="1430" VPOS="3610" WIDTH="45" HEIGHT="32" CONTENT="do" WC="0.72" CC="05"/>
						<SP ID="P6_SP00846" HPOS="1475" VPOS="3653" WIDTH="30"/>
						<String ID="P6_ST00946" HPOS="1505" VPOS="3617" WIDTH="62" HEIGHT="26" CONTENT="not" WC="0.97" CC="024"/>
					</TextLine>
					<TextLine ID="P6_TL00100" HPOS="211" VPOS="3656" WIDTH="1360" HEIGHT="44">
						<String ID="P6_ST00947" HPOS="211" VPOS="3660" WIDTH="106" HEIGHT="33" CONTENT="know" WC="0.99" CC="0050"/>
						<SP ID="P6_SP00847" HPOS="317" VPOS="3693" WIDTH="22"/>
						<String ID="P6_ST00948" HPOS="339" VPOS="3659" WIDTH="134" HEIGHT="41" CONTENT="where," WC="1.00" CC="000401"/>
						<SP ID="P6_SP00848" HPOS="473" VPOS="3700" WIDTH="22"/>
						<String ID="P6_ST00949" HPOS="495" VPOS="3670" WIDTH="68" HEIGHT="29" CONTENT="you" WC="0.96" CC="055"/>
						<SP ID="P6_SP00849" HPOS="563" VPOS="3700" WIDTH="23"/>
						<String ID="P6_ST00950" HPOS="586" VPOS="3657" WIDTH="78" HEIGHT="35" CONTENT="will" WC="0.99" CC="0401"/>
						<SP ID="P6_SP00850" HPOS="664" VPOS="3700" WIDTH="26"/>
						<String ID="P6_ST00951" HPOS="690" VPOS="3664" WIDTH="123" HEIGHT="35" CONTENT="accept" WC="1.00" CC="000100"/>
						<SP ID="P6_SP00851" HPOS="813" VPOS="3700" WIDTH="23"/>
						<String ID="P6_ST00952" HPOS="836" VPOS="3656" WIDTH="143" HEIGHT="42" CONTENT="readily" WC="1.00" CC="0000100"/>
						<SP ID="P6_SP00852" HPOS="979" VPOS="3700" WIDTH="23"/>
						<String ID="P6_ST00953" HPOS="1002" VPOS="3657" WIDTH="70" HEIGHT="32" CONTENT="and" WC="1.00" CC="000"/>
						<SP ID="P6_SP00853" HPOS="1072" VPOS="3700" WIDTH="24"/>
						<String ID="P6_ST00954" HPOS="1096" VPOS="3668" WIDTH="85" HEIGHT="30" CONTENT="pass" WC="1.00" CC="0000"/>
						<SP ID="P6_SP00854" HPOS="1181" VPOS="3700" WIDTH="22"/>
						<String ID="P6_ST00955" HPOS="1203" VPOS="3667" WIDTH="44" HEIGHT="22" CONTENT="on" WC="0.70" CC="50"/>
						<SP ID="P6_SP00855" HPOS="1247" VPOS="3700" WIDTH="23"/>
						<String ID="P6_ST00956" HPOS="1270" VPOS="3664" WIDTH="35" HEIGHT="25" CONTENT="to" WC="0.75" CC="05"/>
						<SP ID="P6_SP00856" HPOS="1305" VPOS="3700" WIDTH="22"/>
						<String ID="P6_ST00957" HPOS="1327" VPOS="3657" WIDTH="100" HEIGHT="32" CONTENT="those" WC="0.99" CC="00500"/>
						<SP ID="P6_SP00857" HPOS="1427" VPOS="3700" WIDTH="22"/>
						<String ID="P6_ST00958" HPOS="1449" VPOS="3657" WIDTH="122" HEIGHT="33" CONTENT="whom" WC="0.99" CC="0050"/>
					</TextLine>
					<TextLine ID="P6_TL00101" HPOS="210" VPOS="3705" WIDTH="285" HEIGHT="43">
						<String ID="P6_ST00959" HPOS="210" VPOS="3718" WIDTH="69" HEIGHT="30" CONTENT="you" WC="1.00" CC="000"/>
						<SP ID="P6_SP00858" HPOS="279" VPOS="3748" WIDTH="24"/>
						<String ID="P6_ST00960" HPOS="303" VPOS="3705" WIDTH="82" HEIGHT="34" CONTENT="love" WC="1.00" CC="1000"/>
						<SP ID="P6_SP00859" HPOS="385" VPOS="3748" WIDTH="22"/>
						<String ID="P6_ST00961" HPOS="407" VPOS="3706" WIDTH="88" HEIGHT="32" CONTENT="besto" WC="0.82" CC="00008"/>
					</TextLine>
					<TextLine ID="P6_TL00102" HPOS="257" VPOS="3748" WIDTH="1314" HEIGHT="46">
						<String ID="P6_ST00962" HPOS="257" VPOS="3754" WIDTH="78" HEIGHT="32" CONTENT="Our" WC="0.99" CC="003"/>
						<SP ID="P6_SP00860" HPOS="335" VPOS="3786" WIDTH="27"/>
						<String ID="P6_ST00963" HPOS="362" VPOS="3752" WIDTH="118" HEIGHT="42" CONTENT="grand" WC="0.99" CC="90000"/>
						<SP ID="P6_SP00861" HPOS="480" VPOS="3794" WIDTH="28"/>
						<String ID="P6_ST00964" HPOS="508" VPOS="3751" WIDTH="142" HEIGHT="33" CONTENT="fathers" WC="1.00" CC="0010000"/>
						<SP ID="P6_SP00862" HPOS="650" VPOS="3794" WIDTH="25"/>
						<String ID="P6_ST00965" HPOS="675" VPOS="3762" WIDTH="98" HEIGHT="23" CONTENT="were" WC="0.99" CC="0050"/>
						<SP ID="P6_SP00863" HPOS="773" VPOS="3794" WIDTH="27"/>
						<String ID="P6_ST00966" HPOS="800" VPOS="3749" WIDTH="278" HEIGHT="33" CONTENT="old-fashioned" WC="1.00" CC="3103300064010"/>
						<SP ID="P6_SP00864" HPOS="1078" VPOS="3794" WIDTH="28"/>
						<String ID="P6_ST00967" HPOS="1106" VPOS="3748" WIDTH="286" HEIGHT="35" CONTENT="conservatives." WC="1.00" CC="05000100000003"/>
						<SP ID="P6_SP00865" HPOS="1392" VPOS="3794" WIDTH="29"/>
						<String ID="P6_ST00968" HPOS="1421" VPOS="3748" WIDTH="129" HEIGHT="34" CONTENT="Friend" SUBS_TYPE="HypPart1" SUBS_CONTENT="Friendships" WC="0.99" CC="062000"/>
						<HYP HPOS="1550" VPOS="3748" WIDTH="21" CONTENT="-"/>
					</TextLine>
					<TextLine ID="P6_TL00103" HPOS="213" VPOS="3795" WIDTH="1353" HEIGHT="46">
						<String ID="P6_ST00969" HPOS="213" VPOS="3799" WIDTH="98" HEIGHT="42" CONTENT="ships" SUBS_TYPE="HypPart2" SUBS_CONTENT="Friendships" WC="0.99" CC="00600"/>
						<SP ID="P6_SP00866" HPOS="311" VPOS="3841" WIDTH="32"/>
						<String ID="P6_ST00970" HPOS="343" VPOS="3798" WIDTH="35" HEIGHT="33" CONTENT="in" WC="0.72" CC="13"/>
						<SP ID="P6_SP00867" HPOS="378" VPOS="3841" WIDTH="32"/>
						<String ID="P6_ST00971" HPOS="410" VPOS="3798" WIDTH="95" HEIGHT="33" CONTENT="their" WC="0.98" CC="05056"/>
						<SP ID="P6_SP00868" HPOS="505" VPOS="3841" WIDTH="31"/>
						<String ID="P6_ST00972" HPOS="536" VPOS="3798" WIDTH="90" HEIGHT="41" CONTENT="days" WC="1.00" CC="0000"/>
						<SP ID="P6_SP00869" HPOS="626" VPOS="3841" WIDTH="31"/>
						<String ID="P6_ST00973" HPOS="657" VPOS="3809" WIDTH="98" HEIGHT="22" CONTENT="were" WC="0.98" CC="0170"/>
						<SP ID="P6_SP00870" HPOS="755" VPOS="3841" WIDTH="31"/>
						<String ID="P6_ST00974" HPOS="786" VPOS="3804" WIDTH="61" HEIGHT="25" CONTENT="not" WC="0.97" CC="033"/>
						<SP ID="P6_SP00871" HPOS="847" VPOS="3841" WIDTH="31"/>
						<String ID="P6_ST00975" HPOS="878" VPOS="3796" WIDTH="120" HEIGHT="33" CONTENT="closed" WC="0.99" CC="014000"/>
						<SP ID="P6_SP00872" HPOS="998" VPOS="3841" WIDTH="35"/>
						<String ID="P6_ST00976" HPOS="1033" VPOS="3808" WIDTH="38" HEIGHT="21" CONTENT="as" WC="1.00" CC="00"/>
						<SP ID="P6_SP00873" HPOS="1071" VPOS="3841" WIDTH="32"/>
						<String ID="P6_ST00977" HPOS="1103" VPOS="3795" WIDTH="116" HEIGHT="43" CONTENT="easily" WC="1.00" CC="000400"/>
						<SP ID="P6_SP00874" HPOS="1219" VPOS="3841" WIDTH="33"/>
						<String ID="P6_ST00978" HPOS="1252" VPOS="3808" WIDTH="38" HEIGHT="21" CONTENT="as" WC="1.00" CC="00"/>
						<SP ID="P6_SP00875" HPOS="1290" VPOS="3841" WIDTH="30"/>
						<String ID="P6_ST00979" HPOS="1320" VPOS="3796" WIDTH="122" HEIGHT="41" CONTENT="today." WC="0.99" CC="450004"/>
						<SP ID="P6_SP00876" HPOS="1442" VPOS="3841" WIDTH="53"/>
						<String ID="P6_ST00980" HPOS="1495" VPOS="3796" WIDTH="71" HEIGHT="33" CONTENT="But" WC="0.98" CC="600"/>
					</TextLine>
					<TextLine ID="P6_TL00104" HPOS="212" VPOS="3841" WIDTH="1361" HEIGHT="44">
						<String ID="P6_ST00981" HPOS="212" VPOS="3845" WIDTH="141" HEIGHT="35" CONTENT="neither" WC="0.99" CC="4013007"/>
						<SP ID="P6_SP00877" HPOS="353" VPOS="3880" WIDTH="19"/>
						<String ID="P6_ST00982" HPOS="372" VPOS="3857" WIDTH="98" HEIGHT="23" CONTENT="were" WC="0.99" CC="0060"/>
						<SP ID="P6_SP00878" HPOS="470" VPOS="3880" WIDTH="20"/>
						<String ID="P6_ST00983" HPOS="490" VPOS="3845" WIDTH="83" HEIGHT="40" CONTENT="they" WC="0.98" CC="7000"/>
						<SP ID="P6_SP00879" HPOS="573" VPOS="3885" WIDTH="20"/>
						<String ID="P6_ST00984" HPOS="593" VPOS="3843" WIDTH="187" HEIGHT="34" CONTENT="dissolved" WC="1.00" CC="030050000"/>
						<SP ID="P6_SP00880" HPOS="780" VPOS="3885" WIDTH="23"/>
						<String ID="P6_ST00985" HPOS="803" VPOS="3855" WIDTH="38" HEIGHT="21" CONTENT="as" WC="1.00" CC="00"/>
						<SP ID="P6_SP00881" HPOS="841" VPOS="3885" WIDTH="20"/>
						<String ID="P6_ST00986" HPOS="861" VPOS="3855" WIDTH="97" HEIGHT="21" CONTENT="mere" WC="1.00" CC="0000"/>
						<SP ID="P6_SP00882" HPOS="958" VPOS="3885" WIDTH="22"/>
						<String ID="P6_ST00987" HPOS="980" VPOS="3842" WIDTH="188" HEIGHT="34" CONTENT="incidents." WC="1.00" CC="3002000103"/>
						<SP ID="P6_SP00883" HPOS="1168" VPOS="3885" WIDTH="20"/>
						<String ID="P6_ST00988" HPOS="1188" VPOS="3841" WIDTH="213" HEIGHT="35" CONTENT="Publishers" WC="1.00" CC="6000006030"/>
						<SP ID="P6_SP00884" HPOS="1401" VPOS="3885" WIDTH="23"/>
						<String ID="P6_ST00989" HPOS="1424" VPOS="3849" WIDTH="149" HEIGHT="34" CONTENT="seventy" WC="1.00" CC="0000000"/>
					</TextLine>
					<TextLine ID="P6_TL00105" HPOS="209" VPOS="3888" WIDTH="1364" HEIGHT="47">
						<String ID="P6_ST00990" HPOS="209" VPOS="3904" WIDTH="108" HEIGHT="31" CONTENT="years" WC="0.99" CC="00060"/>
						<SP ID="P6_SP00885" HPOS="317" VPOS="3935" WIDTH="21"/>
						<String ID="P6_ST00991" HPOS="338" VPOS="3904" WIDTH="69" HEIGHT="30" CONTENT="ago" WC="0.98" CC="005"/>
						<SP ID="P6_SP00886" HPOS="407" VPOS="3935" WIDTH="18"/>
						<String ID="P6_ST00992" HPOS="425" VPOS="3904" WIDTH="98" HEIGHT="22" CONTENT="were" WC="0.99" CC="0060"/>
						<SP ID="P6_SP00887" HPOS="523" VPOS="3935" WIDTH="21"/>
						<String ID="P6_ST00993" HPOS="544" VPOS="3889" WIDTH="296" HEIGHT="43" CONTENT="discriminating" WC="1.00" CC="02007304000420"/>
						<SP ID="P6_SP00888" HPOS="840" VPOS="3935" WIDTH="19"/>
						<String ID="P6_ST00994" HPOS="859" VPOS="3889" WIDTH="35" HEIGHT="33" CONTENT="in" WC="0.89" CC="20"/>
						<SP ID="P6_SP00889" HPOS="894" VPOS="3935" WIDTH="20"/>
						<String ID="P6_ST00995" HPOS="914" VPOS="3888" WIDTH="94" HEIGHT="35" CONTENT="their" WC="0.98" CC="40155"/>
						<SP ID="P6_SP00890" HPOS="1008" VPOS="3935" WIDTH="21"/>
						<String ID="P6_ST00996" HPOS="1029" VPOS="3897" WIDTH="214" HEIGHT="34" CONTENT="acceptance" WC="1.00" CC="5020000000"/>
						<SP ID="P6_SP00891" HPOS="1243" VPOS="3935" WIDTH="21"/>
						<String ID="P6_ST00997" HPOS="1264" VPOS="3889" WIDTH="38" HEIGHT="32" CONTENT="of" WC="0.79" CC="40"/>
						<SP ID="P6_SP00892" HPOS="1302" VPOS="3935" WIDTH="19"/>
						<String ID="P6_ST00998" HPOS="1321" VPOS="3900" WIDTH="81" HEIGHT="23" CONTENT="new" WC="1.00" CC="000"/>
						<SP ID="P6_SP00893" HPOS="1402" VPOS="3935" WIDTH="22"/>
						<String ID="P6_ST00999" HPOS="1424" VPOS="3889" WIDTH="149" HEIGHT="32" CONTENT="authors" WC="0.99" CC="0100560"/>
					</TextLine>
					<TextLine ID="P6_TL00106" HPOS="215" VPOS="3935" WIDTH="1357" HEIGHT="44">
						<String ID="P6_ST01000" HPOS="215" VPOS="3940" WIDTH="70" HEIGHT="33" CONTENT="and" WC="1.00" CC="000"/>
						<SP ID="P6_SP00894" HPOS="285" VPOS="3973" WIDTH="23"/>
						<String ID="P6_ST01001" HPOS="308" VPOS="3939" WIDTH="36" HEIGHT="33" CONTENT="in" WC="0.80" CC="40"/>
						<SP ID="P6_SP00895" HPOS="344" VPOS="3973" WIDTH="22"/>
						<String ID="P6_ST01002" HPOS="366" VPOS="3939" WIDTH="58" HEIGHT="33" CONTENT="the" WC="0.97" CC="051"/>
						<SP ID="P6_SP00896" HPOS="424" VPOS="3973" WIDTH="23"/>
						<String ID="P6_ST01003" HPOS="447" VPOS="3937" WIDTH="171" HEIGHT="34" CONTENT="material" WC="0.99" CC="00206400"/>
						<SP ID="P6_SP00897" HPOS="618" VPOS="3973" WIDTH="23"/>
						<String ID="P6_ST01004" HPOS="641" VPOS="3938" WIDTH="84" HEIGHT="41" CONTENT="they" WC="0.98" CC="2400"/>
						<SP ID="P6_SP00898" HPOS="725" VPOS="3979" WIDTH="21"/>
						<String ID="P6_ST01005" HPOS="746" VPOS="3936" WIDTH="157" HEIGHT="43" CONTENT="printed." WC="0.99" CC="95302003"/>
						<SP ID="P6_SP00899" HPOS="903" VPOS="3979" WIDTH="45"/>
						<String ID="P6_ST01006" HPOS="948" VPOS="3937" WIDTH="106" HEIGHT="41" CONTENT="They" WC="1.00" CC="0000"/>
						<SP ID="P6_SP00900" HPOS="1054" VPOS="3979" WIDTH="23"/>
						<String ID="P6_ST01007" HPOS="1077" VPOS="3937" WIDTH="104" HEIGHT="33" CONTENT="knew" WC="1.00" CC="0000"/>
						<SP ID="P6_SP00901" HPOS="1181" VPOS="3979" WIDTH="22"/>
						<String ID="P6_ST01008" HPOS="1203" VPOS="3936" WIDTH="79" HEIGHT="33" CONTENT="that" WC="1.00" CC="0000"/>
						<SP ID="P6_SP00902" HPOS="1282" VPOS="3979" WIDTH="22"/>
						<String ID="P6_ST01009" HPOS="1304" VPOS="3935" WIDTH="94" HEIGHT="33" CONTENT="their" WC="0.99" CC="30014"/>
						<SP ID="P6_SP00903" HPOS="1398" VPOS="3979" WIDTH="24"/>
						<String ID="P6_ST01010" HPOS="1422" VPOS="3936" WIDTH="150" HEIGHT="32" CONTENT="readers" WC="1.00" CC="0000030"/>
					</TextLine>
					<TextLine ID="P6_TL00107" HPOS="212" VPOS="3982" WIDTH="1361" HEIGHT="37">
						<String ID="P6_ST01011" HPOS="212" VPOS="3986" WIDTH="124" HEIGHT="33" CONTENT="would" WC="1.00" CC="02010"/>
						<SP ID="P6_SP00904" HPOS="336" VPOS="4019" WIDTH="24"/>
						<String ID="P6_ST01012" HPOS="360" VPOS="3998" WIDTH="61" HEIGHT="21" CONTENT="use" WC="1.00" CC="000"/>
						<SP ID="P6_SP00905" HPOS="421" VPOS="4019" WIDTH="25"/>
						<String ID="P6_ST01013" HPOS="446" VPOS="3996" WIDTH="91" HEIGHT="23" CONTENT="even" WC="0.97" CC="0901"/>
						<SP ID="P6_SP00906" HPOS="537" VPOS="4019" WIDTH="23"/>
						<String ID="P6_ST01014" HPOS="560" VPOS="3996" WIDTH="100" HEIGHT="22" CONTENT="more" WC="0.99" CC="3200"/>
						<SP ID="P6_SP00907" HPOS="660" VPOS="4019" WIDTH="25"/>
						<String ID="P6_ST01015" HPOS="685" VPOS="3982" WIDTH="303" HEIGHT="35" CONTENT="discrimination." WC="1.00" CC="000062050022083"/>
						<SP ID="P6_SP00908" HPOS="988" VPOS="4019" WIDTH="46"/>
						<String ID="P6_ST01016" HPOS="1034" VPOS="3984" WIDTH="58" HEIGHT="32" CONTENT="To" WC="0.68" CC="06"/>
						<SP ID="P6_SP00909" HPOS="1092" VPOS="4019" WIDTH="25"/>
						<String ID="P6_ST01017" HPOS="1117" VPOS="3983" WIDTH="87" HEIGHT="34" CONTENT="read" WC="0.97" CC="5061"/>
						<SP ID="P6_SP00910" HPOS="1204" VPOS="4019" WIDTH="27"/>
						<String ID="P6_ST01018" HPOS="1231" VPOS="3994" WIDTH="20" HEIGHT="21" CONTENT="a" WC="1.00" CC="0"/>
						<SP ID="P6_SP00911" HPOS="1251" VPOS="4019" WIDTH="24"/>
						<String ID="P6_ST01019" HPOS="1275" VPOS="3994" WIDTH="80" HEIGHT="23" CONTENT="new" WC="0.99" CC="200"/>
						<SP ID="P6_SP00912" HPOS="1355" VPOS="4019" WIDTH="24"/>
						<String ID="P6_ST01020" HPOS="1379" VPOS="3982" WIDTH="91" HEIGHT="33" CONTENT="book" WC="0.98" CC="0341"/>
						<SP ID="P6_SP00913" HPOS="1470" VPOS="4019" WIDTH="24"/>
						<String ID="P6_ST01021" HPOS="1494" VPOS="3994" WIDTH="79" HEIGHT="22" CONTENT="was" WC="0.97" CC="260"/>
					</TextLine>
				</TextBlock>
				<TextBlock ID="P6_TB00010" HPOS="1633" VPOS="2029" WIDTH="1367" HEIGHT="1307" STYLEREFS="TXT_0 PAR_BLOCK">
					<TextLine ID="P6_TL00108" HPOS="1637" VPOS="2031" WIDTH="1352" HEIGHT="45">
						<String ID="P6_ST01022" HPOS="1637" VPOS="2032" WIDTH="83" HEIGHT="31" CONTENT="then" WC="0.99" CC="3000"/>
						<SP ID="P6_SP00914" HPOS="1720" VPOS="2063" WIDTH="30"/>
						<String ID="P6_ST01023" HPOS="1750" VPOS="2043" WIDTH="45" HEIGHT="21" CONTENT="an" WC="1.00" CC="00"/>
						<SP ID="P6_SP00915" HPOS="1795" VPOS="2064" WIDTH="28"/>
						<String ID="P6_ST01024" HPOS="1823" VPOS="2039" WIDTH="106" HEIGHT="26" CONTENT="event" WC="0.98" CC="00075"/>
						<SP ID="P6_SP00916" HPOS="1929" VPOS="2065" WIDTH="27"/>
						<String ID="P6_ST01025" HPOS="1956" VPOS="2031" WIDTH="36" HEIGHT="33" CONTENT="in" WC="0.76" CC="40"/>
						<SP ID="P6_SP00917" HPOS="1992" VPOS="2065" WIDTH="29"/>
						<String ID="P6_ST01026" HPOS="2021" VPOS="2044" WIDTH="20" HEIGHT="21" CONTENT="a" WC="1.00" CC="0"/>
						<SP ID="P6_SP00918" HPOS="2041" VPOS="2065" WIDTH="27"/>
						<String ID="P6_ST01027" HPOS="2068" VPOS="2034" WIDTH="115" HEIGHT="31" CONTENT="man's" WC="0.99" CC="06040"/>
						<SP ID="P6_SP00919" HPOS="2183" VPOS="2065" WIDTH="28"/>
						<String ID="P6_ST01028" HPOS="2211" VPOS="2032" WIDTH="76" HEIGHT="34" CONTENT="life." WC="0.99" CC="03024"/>
						<SP ID="P6_SP00920" HPOS="2287" VPOS="2066" WIDTH="53"/>
						<String ID="P6_ST01029" HPOS="2340" VPOS="2033" WIDTH="34" HEIGHT="32" CONTENT="If" WC="0.91" CC="01"/>
						<SP ID="P6_SP00921" HPOS="2374" VPOS="2066" WIDTH="30"/>
						<String ID="P6_ST01030" HPOS="2404" VPOS="2045" WIDTH="19" HEIGHT="21" CONTENT="a" WC="1.00" CC="0"/>
						<SP ID="P6_SP00922" HPOS="2423" VPOS="2066" WIDTH="28"/>
						<String ID="P6_ST01031" HPOS="2451" VPOS="2034" WIDTH="170" HEIGHT="42" CONTENT="pleasant" WC="0.98" CC="74600900"/>
						<SP ID="P6_SP00923" HPOS="2621" VPOS="2076" WIDTH="27"/>
						<String ID="P6_ST01032" HPOS="2648" VPOS="2042" WIDTH="116" HEIGHT="33" CONTENT="event," WC="0.99" CC="000613"/>
						<SP ID="P6_SP00924" HPOS="2764" VPOS="2076" WIDTH="30"/>
						<String ID="P6_ST01033" HPOS="2794" VPOS="2034" WIDTH="42" HEIGHT="33" CONTENT="he" WC="0.67" CC="41"/>
						<SP ID="P6_SP00925" HPOS="2836" VPOS="2076" WIDTH="29"/>
						<String ID="P6_ST01034" HPOS="2865" VPOS="2034" WIDTH="124" HEIGHT="34" CONTENT="would" WC="0.99" CC="04200"/>
					</TextLine>
					<TextLine ID="P6_TL00109" HPOS="1637" VPOS="2079" WIDTH="1357" HEIGHT="42">
						<String ID="P6_ST01035" HPOS="1637" VPOS="2079" WIDTH="103" HEIGHT="31" CONTENT="make" WC="1.00" CC="0001"/>
						<SP ID="P6_SP00926" HPOS="1740" VPOS="2110" WIDTH="25"/>
						<String ID="P6_ST01036" HPOS="1765" VPOS="2090" WIDTH="19" HEIGHT="20" CONTENT="a" WC="1.00" CC="0"/>
						<SP ID="P6_SP00927" HPOS="1784" VPOS="2110" WIDTH="23"/>
						<String ID="P6_ST01037" HPOS="1807" VPOS="2079" WIDTH="134" HEIGHT="32" CONTENT="mental" WC="0.99" CC="014205"/>
						<SP ID="P6_SP00928" HPOS="1941" VPOS="2111" WIDTH="24"/>
						<String ID="P6_ST01038" HPOS="1965" VPOS="2086" WIDTH="81" HEIGHT="26" CONTENT="note" WC="0.98" CC="5500"/>
						<SP ID="P6_SP00929" HPOS="2046" VPOS="2112" WIDTH="24"/>
						<String ID="P6_ST01039" HPOS="2070" VPOS="2080" WIDTH="70" HEIGHT="31" CONTENT="and" WC="0.99" CC="300"/>
						<SP ID="P6_SP00930" HPOS="2140" VPOS="2112" WIDTH="22"/>
						<String ID="P6_ST01040" HPOS="2162" VPOS="2080" WIDTH="106" HEIGHT="33" CONTENT="when" WC="0.99" CC="0015"/>
						<SP ID="P6_SP00931" HPOS="2268" VPOS="2113" WIDTH="25"/>
						<String ID="P6_ST01041" HPOS="2293" VPOS="2079" WIDTH="203" HEIGHT="33" CONTENT="Christmas" WC="0.99" CC="175600000"/>
						<SP ID="P6_SP00932" HPOS="2496" VPOS="2113" WIDTH="22"/>
						<String ID="P6_ST01042" HPOS="2518" VPOS="2092" WIDTH="100" HEIGHT="21" CONTENT="came" WC="1.00" CC="0000"/>
						<SP ID="P6_SP00933" HPOS="2618" VPOS="2113" WIDTH="23"/>
						<String ID="P6_ST01043" HPOS="2641" VPOS="2093" WIDTH="40" HEIGHT="20" CONTENT="or" WC="0.46" CC="55"/>
						<SP ID="P6_SP00934" HPOS="2681" VPOS="2113" WIDTH="24"/>
						<String ID="P6_ST01044" HPOS="2705" VPOS="2093" WIDTH="19" HEIGHT="20" CONTENT="a" WC="1.00" CC="0"/>
						<SP ID="P6_SP00935" HPOS="2724" VPOS="2113" WIDTH="22"/>
						<String ID="P6_ST01045" HPOS="2746" VPOS="2080" WIDTH="182" HEIGHT="41" CONTENT="birthday," WC="1.00" CC="026000003"/>
						<SP ID="P6_SP00936" HPOS="2928" VPOS="2121" WIDTH="23"/>
						<String ID="P6_ST01046" HPOS="2951" VPOS="2081" WIDTH="43" HEIGHT="32" CONTENT="he" WC="0.67" CC="60"/>
					</TextLine>
					<TextLine ID="P6_TL00110" HPOS="1638" VPOS="2124" WIDTH="1356" HEIGHT="44">
						<String ID="P6_ST01047" HPOS="1638" VPOS="2124" WIDTH="123" HEIGHT="33" CONTENT="would" WC="0.99" CC="04000"/>
						<SP ID="P6_SP00937" HPOS="1761" VPOS="2157" WIDTH="31"/>
						<String ID="P6_ST01048" HPOS="1792" VPOS="2126" WIDTH="177" HEIGHT="40" CONTENT="purchase" WC="0.99" CC="06520000"/>
						<SP ID="P6_SP00938" HPOS="1969" VPOS="2166" WIDTH="31"/>
						<String ID="P6_ST01049" HPOS="2000" VPOS="2126" WIDTH="151" HEIGHT="32" CONTENT="another" WC="0.99" CC="0045303"/>
						<SP ID="P6_SP00939" HPOS="2151" VPOS="2166" WIDTH="27"/>
						<String ID="P6_ST01050" HPOS="2178" VPOS="2138" WIDTH="90" HEIGHT="29" CONTENT="copy" WC="0.98" CC="0700"/>
						<SP ID="P6_SP00940" HPOS="2268" VPOS="2167" WIDTH="30"/>
						<String ID="P6_ST01051" HPOS="2298" VPOS="2128" WIDTH="70" HEIGHT="31" CONTENT="and" WC="1.00" CC="000"/>
						<SP ID="P6_SP00941" HPOS="2368" VPOS="2167" WIDTH="29"/>
						<String ID="P6_ST01052" HPOS="2397" VPOS="2127" WIDTH="103" HEIGHT="32" CONTENT="mark" WC="0.99" CC="0400"/>
						<SP ID="P6_SP00942" HPOS="2500" VPOS="2167" WIDTH="29"/>
						<String ID="P6_ST01053" HPOS="2529" VPOS="2139" WIDTH="113" HEIGHT="29" CONTENT="pages" WC="0.99" CC="08000"/>
						<SP ID="P6_SP00943" HPOS="2642" VPOS="2168" WIDTH="27"/>
						<String ID="P6_ST01054" HPOS="2669" VPOS="2139" WIDTH="40" HEIGHT="20" CONTENT="or" WC="0.48" CC="54"/>
						<SP ID="P6_SP00944" HPOS="2709" VPOS="2168" WIDTH="28"/>
						<String ID="P6_ST01055" HPOS="2737" VPOS="2138" WIDTH="186" HEIGHT="30" CONTENT="passages," WC="1.00" CC="000019001"/>
						<SP ID="P6_SP00945" HPOS="2923" VPOS="2168" WIDTH="29"/>
						<String ID="P6_ST01056" HPOS="2952" VPOS="2127" WIDTH="42" HEIGHT="32" CONTENT="he" WC="0.87" CC="20"/>
					</TextLine>
					<TextLine ID="P6_TL00111" HPOS="1638" VPOS="2171" WIDTH="1358" HEIGHT="44">
						<String ID="P6_ST01057" HPOS="1638" VPOS="2171" WIDTH="124" HEIGHT="34" CONTENT="would" WC="0.98" CC="05920"/>
						<SP ID="P6_SP00946" HPOS="1762" VPOS="2205" WIDTH="30"/>
						<String ID="P6_ST01058" HPOS="1792" VPOS="2183" WIDTH="146" HEIGHT="30" CONTENT="express" WC="1.00" CC="0000030"/>
						<SP ID="P6_SP00947" HPOS="1938" VPOS="2213" WIDTH="28"/>
						<String ID="P6_ST01059" HPOS="1966" VPOS="2171" WIDTH="55" HEIGHT="33" CONTENT="his" WC="0.98" CC="040"/>
						<SP ID="P6_SP00948" HPOS="2021" VPOS="2213" WIDTH="29"/>
						<String ID="P6_ST01060" HPOS="2050" VPOS="2171" WIDTH="208" HEIGHT="34" CONTENT="sentiments" WC="0.99" CC="0066500040"/>
						<SP ID="P6_SP00949" HPOS="2258" VPOS="2213" WIDTH="28"/>
						<String ID="P6_ST01061" HPOS="2286" VPOS="2184" WIDTH="45" HEIGHT="21" CONTENT="on" WC="0.55" CC="52"/>
						<SP ID="P6_SP00950" HPOS="2331" VPOS="2213" WIDTH="28"/>
						<String ID="P6_ST01062" HPOS="2359" VPOS="2173" WIDTH="58" HEIGHT="33" CONTENT="the" WC="0.98" CC="401"/>
						<SP ID="P6_SP00951" HPOS="2417" VPOS="2213" WIDTH="29"/>
						<String ID="P6_ST01063" HPOS="2446" VPOS="2173" WIDTH="136" HEIGHT="42" CONTENT="flyleaf," WC="1.00" CC="00020003"/>
						<SP ID="P6_SP00952" HPOS="2582" VPOS="2215" WIDTH="30"/>
						<String ID="P6_ST01064" HPOS="2612" VPOS="2174" WIDTH="43" HEIGHT="32" CONTENT="he" WC="1.00" CC="00"/>
						<SP ID="P6_SP00953" HPOS="2655" VPOS="2215" WIDTH="28"/>
						<String ID="P6_ST01065" HPOS="2683" VPOS="2173" WIDTH="125" HEIGHT="34" CONTENT="would" WC="0.99" CC="05100"/>
						<SP ID="P6_SP00954" HPOS="2808" VPOS="2215" WIDTH="28"/>
						<String ID="P6_ST01066" HPOS="2836" VPOS="2185" WIDTH="104" HEIGHT="29" CONTENT="wrap" WC="0.99" CC="0600"/>
						<SP ID="P6_SP00955" HPOS="2940" VPOS="2215" WIDTH="30"/>
						<String ID="P6_ST01067" HPOS="2970" VPOS="2173" WIDTH="26" HEIGHT="33" CONTENT="it" WC="0.47" CC="55"/>
					</TextLine>
					<TextLine ID="P6_TL00112" HPOS="1639" VPOS="2218" WIDTH="1357" HEIGHT="43">
						<String ID="P6_ST01068" HPOS="1639" VPOS="2218" WIDTH="184" HEIGHT="42" CONTENT="carefully" WC="1.00" CC="005006000"/>
						<SP ID="P6_SP00956" HPOS="1823" VPOS="2260" WIDTH="26"/>
						<String ID="P6_ST01069" HPOS="1849" VPOS="2219" WIDTH="70" HEIGHT="31" CONTENT="and" WC="0.98" CC="040"/>
						<SP ID="P6_SP00957" HPOS="1919" VPOS="2260" WIDTH="26"/>
						<String ID="P6_ST01070" HPOS="1945" VPOS="2218" WIDTH="108" HEIGHT="42" CONTENT="bring" WC="1.00" CC="00000"/>
						<SP ID="P6_SP00958" HPOS="2053" VPOS="2260" WIDTH="25"/>
						<String ID="P6_ST01071" HPOS="2078" VPOS="2218" WIDTH="35" HEIGHT="42" CONTENT="it," WC="0.96" CC="370"/>
						<SP ID="P6_SP00959" HPOS="2113" VPOS="2260" WIDTH="27"/>
						<String ID="P6_ST01072" HPOS="2140" VPOS="2218" WIDTH="29" HEIGHT="33" CONTENT="if" WC="1.00" CC="00"/>
						<SP ID="P6_SP00960" HPOS="2169" VPOS="2260" WIDTH="25"/>
						<String ID="P6_ST01073" HPOS="2194" VPOS="2218" WIDTH="169" HEIGHT="42" CONTENT="possible," WC="0.99" CC="960030211"/>
						<SP ID="P6_SP00961" HPOS="2363" VPOS="2260" WIDTH="26"/>
						<String ID="P6_ST01074" HPOS="2389" VPOS="2218" WIDTH="149" HEIGHT="34" CONTENT="himself" WC="0.99" CC="6600020"/>
						<SP ID="P6_SP00962" HPOS="2538" VPOS="2260" WIDTH="24"/>
						<String ID="P6_ST01075" HPOS="2562" VPOS="2227" WIDTH="35" HEIGHT="25" CONTENT="to" WC="0.57" CC="34"/>
						<SP ID="P6_SP00963" HPOS="2597" VPOS="2260" WIDTH="27"/>
						<String ID="P6_ST01076" HPOS="2624" VPOS="2219" WIDTH="43" HEIGHT="33" CONTENT="its" WC="0.97" CC="420"/>
						<SP ID="P6_SP00964" HPOS="2667" VPOS="2260" WIDTH="27"/>
						<String ID="P6_ST01077" HPOS="2694" VPOS="2231" WIDTH="80" HEIGHT="22" CONTENT="new" WC="1.00" CC="000"/>
						<SP ID="P6_SP00965" HPOS="2774" VPOS="2260" WIDTH="26"/>
						<String ID="P6_ST01078" HPOS="2800" VPOS="2231" WIDTH="196" HEIGHT="30" CONTENT="possessor." WC="0.99" CC="0900000763"/>
					</TextLine>
					<TextLine ID="P6_TL00113" HPOS="1633" VPOS="2264" WIDTH="1363" HEIGHT="43">
						<String ID="P6_ST01079" HPOS="1633" VPOS="2265" WIDTH="69" HEIGHT="33" CONTENT="We" WC="1.00" CC="00"/>
						<SP ID="P6_SP00966" HPOS="1702" VPOS="2298" WIDTH="23"/>
						<String ID="P6_ST01080" HPOS="1725" VPOS="2277" WIDTH="60" HEIGHT="20" CONTENT="are" WC="0.97" CC="070"/>
						<SP ID="P6_SP00967" HPOS="1785" VPOS="2298" WIDTH="21"/>
						<String ID="P6_ST01081" HPOS="1806" VPOS="2272" WIDTH="61" HEIGHT="26" CONTENT="not" WC="0.96" CC="072"/>
						<SP ID="P6_SP00968" HPOS="1867" VPOS="2298" WIDTH="20"/>
						<String ID="P6_ST01082" HPOS="1887" VPOS="2264" WIDTH="119" HEIGHT="43" CONTENT="living" WC="0.99" CC="040250"/>
						<SP ID="P6_SP00969" HPOS="2006" VPOS="2307" WIDTH="19"/>
						<String ID="P6_ST01083" HPOS="2025" VPOS="2265" WIDTH="36" HEIGHT="32" CONTENT="in" WC="1.00" CC="00"/>
						<SP ID="P6_SP00970" HPOS="2061" VPOS="2307" WIDTH="21"/>
						<String ID="P6_ST01084" HPOS="2082" VPOS="2277" WIDTH="45" HEIGHT="20" CONTENT="an" WC="0.78" CC="04"/>
						<SP ID="P6_SP00971" HPOS="2127" VPOS="2307" WIDTH="23"/>
						<String ID="P6_ST01085" HPOS="2150" VPOS="2277" WIDTH="66" HEIGHT="30" CONTENT="age" WC="1.00" CC="000"/>
						<SP ID="P6_SP00972" HPOS="2216" VPOS="2307" WIDTH="21"/>
						<String ID="P6_ST01086" HPOS="2237" VPOS="2265" WIDTH="38" HEIGHT="33" CONTENT="of" WC="0.69" CC="60"/>
						<SP ID="P6_SP00973" HPOS="2275" VPOS="2307" WIDTH="20"/>
						<String ID="P6_ST01087" HPOS="2295" VPOS="2265" WIDTH="256" HEIGHT="33" CONTENT="hand-knitted" WC="1.00" CC="000030005600"/>
						<SP ID="P6_SP00974" HPOS="2551" VPOS="2307" WIDTH="22"/>
						<String ID="P6_ST01088" HPOS="2573" VPOS="2265" WIDTH="191" HEIGHT="42" CONTENT="stockings." WC="1.00" CC="0000060004"/>
						<SP ID="P6_SP00975" HPOS="2764" VPOS="2307" WIDTH="42"/>
						<String ID="P6_ST01089" HPOS="2806" VPOS="2267" WIDTH="78" HEIGHT="31" CONTENT="Our" WC="0.96" CC="605"/>
						<SP ID="P6_SP00976" HPOS="2884" VPOS="2307" WIDTH="20"/>
						<String ID="P6_ST01090" HPOS="2904" VPOS="2265" WIDTH="92" HEIGHT="42" CONTENT="girls" WC="0.98" CC="92100"/>
					</TextLine>
					<TextLine ID="P6_TL00114" HPOS="1638" VPOS="2310" WIDTH="1358" HEIGHT="44">
						<String ID="P6_ST01091" HPOS="1638" VPOS="2310" WIDTH="124" HEIGHT="34" CONTENT="would" WC="1.00" CC="00000"/>
						<SP ID="P6_SP00977" HPOS="1762" VPOS="2344" WIDTH="26"/>
						<String ID="P6_ST01092" HPOS="1788" VPOS="2311" WIDTH="112" HEIGHT="42" CONTENT="laugh" WC="1.00" CC="00000"/>
						<SP ID="P6_SP00978" HPOS="1900" VPOS="2353" WIDTH="26"/>
						<String ID="P6_ST01093" HPOS="1926" VPOS="2319" WIDTH="35" HEIGHT="25" CONTENT="at" WC="1.00" CC="00"/>
						<SP ID="P6_SP00979" HPOS="1961" VPOS="2353" WIDTH="24"/>
						<String ID="P6_ST01094" HPOS="1985" VPOS="2312" WIDTH="58" HEIGHT="33" CONTENT="the" WC="0.98" CC="500"/>
						<SP ID="P6_SP00980" HPOS="2043" VPOS="2353" WIDTH="25"/>
						<String ID="P6_ST01095" HPOS="2068" VPOS="2311" WIDTH="83" HEIGHT="34" CONTENT="idea" WC="0.99" CC="4000"/>
						<SP ID="P6_SP00981" HPOS="2151" VPOS="2353" WIDTH="25"/>
						<String ID="P6_ST01096" HPOS="2176" VPOS="2312" WIDTH="38" HEIGHT="32" CONTENT="of" WC="0.74" CC="50"/>
						<SP ID="P6_SP00982" HPOS="2214" VPOS="2353" WIDTH="25"/>
						<String ID="P6_ST01097" HPOS="2239" VPOS="2311" WIDTH="140" HEIGHT="43" CONTENT="sewing" WC="1.00" CC="000300"/>
						<SP ID="P6_SP00983" HPOS="2379" VPOS="2354" WIDTH="23"/>
						<String ID="P6_ST01098" HPOS="2402" VPOS="2312" WIDTH="109" HEIGHT="33" CONTENT="shirts" WC="0.98" CC="004640"/>
						<SP ID="P6_SP00984" HPOS="2511" VPOS="2354" WIDTH="25"/>
						<String ID="P6_ST01099" HPOS="2536" VPOS="2312" WIDTH="58" HEIGHT="33" CONTENT="for" WC="0.97" CC="026"/>
						<SP ID="P6_SP00985" HPOS="2594" VPOS="2354" WIDTH="24"/>
						<String ID="P6_ST01100" HPOS="2618" VPOS="2312" WIDTH="94" HEIGHT="33" CONTENT="their" WC="0.98" CC="00236"/>
						<SP ID="P6_SP00986" HPOS="2712" VPOS="2354" WIDTH="25"/>
						<String ID="P6_ST01101" HPOS="2737" VPOS="2324" WIDTH="80" HEIGHT="21" CONTENT="men" WC="1.00" CC="000"/>
						<SP ID="P6_SP00987" HPOS="2817" VPOS="2354" WIDTH="26"/>
						<String ID="P6_ST01102" HPOS="2843" VPOS="2312" WIDTH="153" HEIGHT="33" CONTENT="friends." WC="0.99" CC="03500004"/>
					</TextLine>
					<TextLine ID="P6_TL00115" HPOS="1639" VPOS="2357" WIDTH="1357" HEIGHT="35">
						<String ID="P6_ST01103" HPOS="1639" VPOS="2359" WIDTH="100" HEIGHT="32" CONTENT="Even" WC="0.99" CC="0005"/>
						<SP ID="P6_SP00988" HPOS="1739" VPOS="2391" WIDTH="23"/>
						<String ID="P6_ST01104" HPOS="1762" VPOS="2357" WIDTH="252" HEIGHT="34" CONTENT="embroidered" WC="0.99" CC="00606300500"/>
						<SP ID="P6_SP00989" HPOS="2014" VPOS="2391" WIDTH="23"/>
						<String ID="P6_ST01105" HPOS="2037" VPOS="2358" WIDTH="283" HEIGHT="33" CONTENT="handkerchiefs" WC="1.00" CC="0000606000000"/>
						<SP ID="P6_SP00990" HPOS="2320" VPOS="2391" WIDTH="23"/>
						<String ID="P6_ST01106" HPOS="2343" VPOS="2371" WIDTH="61" HEIGHT="21" CONTENT="are" WC="0.99" CC="020"/>
						<SP ID="P6_SP00991" HPOS="2404" VPOS="2392" WIDTH="23"/>
						<String ID="P6_ST01107" HPOS="2427" VPOS="2366" WIDTH="61" HEIGHT="26" CONTENT="out" WC="0.97" CC="502"/>
						<SP ID="P6_SP00992" HPOS="2488" VPOS="2392" WIDTH="20"/>
						<String ID="P6_ST01108" HPOS="2508" VPOS="2359" WIDTH="39" HEIGHT="32" CONTENT="of" WC="0.66" CC="60"/>
						<SP ID="P6_SP00993" HPOS="2547" VPOS="2392" WIDTH="21"/>
						<String ID="P6_ST01109" HPOS="2568" VPOS="2358" WIDTH="158" HEIGHT="33" CONTENT="fashion." WC="0.99" CC="00005703"/>
						<SP ID="P6_SP00994" HPOS="2726" VPOS="2392" WIDTH="45"/>
						<String ID="P6_ST01110" HPOS="2771" VPOS="2360" WIDTH="70" HEIGHT="32" CONTENT="But" WC="1.00" CC="100"/>
						<SP ID="P6_SP00995" HPOS="2841" VPOS="2392" WIDTH="22"/>
						<String ID="P6_ST01111" HPOS="2863" VPOS="2370" WIDTH="20" HEIGHT="21" CONTENT="a" WC="1.00" CC="0"/>
						<SP ID="P6_SP00996" HPOS="2883" VPOS="2392" WIDTH="22"/>
						<String ID="P6_ST01112" HPOS="2905" VPOS="2359" WIDTH="91" HEIGHT="32" CONTENT="book" WC="0.97" CC="0660"/>
					</TextLine>
					<TextLine ID="P6_TL00116" HPOS="1640" VPOS="2404" WIDTH="1353" HEIGHT="42">
						<String ID="P6_ST01113" HPOS="1640" VPOS="2404" WIDTH="129" HEIGHT="33" CONTENT="should" WC="0.99" CC="000740"/>
						<SP ID="P6_SP00997" HPOS="1769" VPOS="2437" WIDTH="28"/>
						<String ID="P6_ST01114" HPOS="1797" VPOS="2413" WIDTH="59" HEIGHT="24" CONTENT="not" WC="0.98" CC="060"/>
						<SP ID="P6_SP00998" HPOS="1856" VPOS="2437" WIDTH="26"/>
						<String ID="P6_ST01115" HPOS="1882" VPOS="2406" WIDTH="70" HEIGHT="31" CONTENT="and" WC="0.94" CC="760"/>
						<SP ID="P6_SP00999" HPOS="1952" VPOS="2437" WIDTH="27"/>
						<String ID="P6_ST01116" HPOS="1979" VPOS="2413" WIDTH="131" HEIGHT="24" CONTENT="cannot" WC="0.99" CC="000060"/>
						<SP ID="P6_SP01000" HPOS="2110" VPOS="2437" WIDTH="26"/>
						<String ID="P6_ST01117" HPOS="2136" VPOS="2404" WIDTH="73" HEIGHT="33" CONTENT="lose" WC="0.98" CC="0610"/>
						<SP ID="P6_SP01001" HPOS="2209" VPOS="2437" WIDTH="27"/>
						<String ID="P6_ST01118" HPOS="2236" VPOS="2404" WIDTH="44" HEIGHT="33" CONTENT="its" WC="0.97" CC="350"/>
						<SP ID="P6_SP01002" HPOS="2280" VPOS="2437" WIDTH="27"/>
						<String ID="P6_ST01119" HPOS="2307" VPOS="2405" WIDTH="88" HEIGHT="32" CONTENT="soul." WC="0.99" CC="00023"/>
						<SP ID="P6_SP01003" HPOS="2395" VPOS="2437" WIDTH="51"/>
						<String ID="P6_ST01120" HPOS="2446" VPOS="2406" WIDTH="31" HEIGHT="31" CONTENT="It" WC="0.90" CC="01"/>
						<SP ID="P6_SP01004" HPOS="2477" VPOS="2437" WIDTH="25"/>
						<String ID="P6_ST01121" HPOS="2502" VPOS="2404" WIDTH="29" HEIGHT="33" CONTENT="is" WC="0.84" CC="30"/>
						<SP ID="P6_SP01005" HPOS="2531" VPOS="2437" WIDTH="27"/>
						<String ID="P6_ST01122" HPOS="2558" VPOS="2417" WIDTH="19" HEIGHT="20" CONTENT="a" WC="1.00" CC="0"/>
						<SP ID="P6_SP01006" HPOS="2577" VPOS="2437" WIDTH="27"/>
						<String ID="P6_ST01123" HPOS="2604" VPOS="2405" WIDTH="73" HEIGHT="34" CONTENT="live" WC="0.99" CC="2300"/>
						<SP ID="P6_SP01007" HPOS="2677" VPOS="2439" WIDTH="26"/>
						<String ID="P6_ST01124" HPOS="2703" VPOS="2404" WIDTH="105" HEIGHT="42" CONTENT="thing" WC="0.98" CC="36200"/>
						<SP ID="P6_SP01008" HPOS="2808" VPOS="2446" WIDTH="24"/>
						<String ID="P6_ST01125" HPOS="2832" VPOS="2405" WIDTH="78" HEIGHT="33" CONTENT="that" WC="0.97" CC="6500"/>
						<SP ID="P6_SP01009" HPOS="2910" VPOS="2446" WIDTH="24"/>
						<String ID="P6_ST01126" HPOS="2934" VPOS="2405" WIDTH="59" HEIGHT="32" CONTENT="the" WC="0.97" CC="204"/>
					</TextLine>
					<TextLine ID="P6_TL00117" HPOS="1639" VPOS="2451" WIDTH="1352" HEIGHT="42">
						<String ID="P6_ST01127" HPOS="1639" VPOS="2451" WIDTH="98" HEIGHT="33" CONTENT="clerk" WC="1.00" CC="02100"/>
						<SP ID="P6_SP01010" HPOS="1737" VPOS="2484" WIDTH="23"/>
						<String ID="P6_ST01128" HPOS="1760" VPOS="2463" WIDTH="124" HEIGHT="30" CONTENT="wraps" WC="0.99" CC="06000"/>
						<SP ID="P6_SP01011" HPOS="1884" VPOS="2493" WIDTH="25"/>
						<String ID="P6_ST01129" HPOS="1909" VPOS="2463" WIDTH="45" HEIGHT="30" CONTENT="up" WC="1.00" CC="00"/>
						<SP ID="P6_SP01012" HPOS="1954" VPOS="2493" WIDTH="25"/>
						<String ID="P6_ST01130" HPOS="1979" VPOS="2451" WIDTH="58" HEIGHT="33" CONTENT="for" WC="1.00" CC="000"/>
						<SP ID="P6_SP01013" HPOS="2037" VPOS="2493" WIDTH="24"/>
						<String ID="P6_ST01131" HPOS="2061" VPOS="2463" WIDTH="40" HEIGHT="21" CONTENT="us" WC="1.00" CC="00"/>
						<SP ID="P6_SP01014" HPOS="2101" VPOS="2493" WIDTH="23"/>
						<String ID="P6_ST01132" HPOS="2124" VPOS="2463" WIDTH="39" HEIGHT="21" CONTENT="or" WC="0.42" CC="46"/>
						<SP ID="P6_SP01015" HPOS="2163" VPOS="2493" WIDTH="25"/>
						<String ID="P6_ST01133" HPOS="2188" VPOS="2453" WIDTH="107" HEIGHT="31" CONTENT="sends" WC="1.00" CC="00000"/>
						<SP ID="P6_SP01016" HPOS="2295" VPOS="2493" WIDTH="22"/>
						<String ID="P6_ST01134" HPOS="2317" VPOS="2451" WIDTH="90" HEIGHT="34" CONTENT="with" WC="0.97" CC="0167"/>
						<SP ID="P6_SP01017" HPOS="2407" VPOS="2493" WIDTH="25"/>
						<String ID="P6_ST01135" HPOS="2432" VPOS="2463" WIDTH="19" HEIGHT="21" CONTENT="a" WC="1.00" CC="0"/>
						<SP ID="P6_SP01018" HPOS="2451" VPOS="2493" WIDTH="24"/>
						<String ID="P6_ST01136" HPOS="2475" VPOS="2451" WIDTH="71" HEIGHT="42" CONTENT="gift" WC="0.99" CC="0103"/>
						<SP ID="P6_SP01019" HPOS="2546" VPOS="2493" WIDTH="22"/>
						<String ID="P6_ST01137" HPOS="2568" VPOS="2453" WIDTH="87" HEIGHT="31" CONTENT="card" WC="1.00" CC="1000"/>
						<SP ID="P6_SP01020" HPOS="2655" VPOS="2493" WIDTH="24"/>
						<String ID="P6_ST01138" HPOS="2679" VPOS="2459" WIDTH="36" HEIGHT="25" CONTENT="to" WC="0.65" CC="06"/>
						<SP ID="P6_SP01021" HPOS="2715" VPOS="2493" WIDTH="25"/>
						<String ID="P6_ST01139" HPOS="2740" VPOS="2463" WIDTH="45" HEIGHT="21" CONTENT="an" WC="1.00" CC="00"/>
						<SP ID="P6_SP01022" HPOS="2785" VPOS="2493" WIDTH="25"/>
						<String ID="P6_ST01140" HPOS="2810" VPOS="2451" WIDTH="181" HEIGHT="33" CONTENT="indicated" WC="1.00" CC="000300500"/>
					</TextLine>
					<TextLine ID="P6_TL00118" HPOS="1641" VPOS="2497" WIDTH="1353" HEIGHT="43">
						<String ID="P6_ST01141" HPOS="1641" VPOS="2499" WIDTH="162" HEIGHT="32" CONTENT="address." WC="0.99" CC="00070023"/>
						<SP ID="P6_SP01023" HPOS="1803" VPOS="2531" WIDTH="35"/>
						<String ID="P6_ST01142" HPOS="1838" VPOS="2500" WIDTH="31" HEIGHT="31" CONTENT="It" WC="0.71" CC="05"/>
						<SP ID="P6_SP01024" HPOS="1869" VPOS="2531" WIDTH="21"/>
						<String ID="P6_ST01143" HPOS="1890" VPOS="2510" WIDTH="77" HEIGHT="22" CONTENT="was" WC="1.00" CC="000"/>
						<SP ID="P6_SP01025" HPOS="1967" VPOS="2532" WIDTH="23"/>
						<String ID="P6_ST01144" HPOS="1990" VPOS="2506" WIDTH="83" HEIGHT="34" CONTENT="part" WC="0.98" CC="0024"/>
						<SP ID="P6_SP01026" HPOS="2073" VPOS="2540" WIDTH="22"/>
						<String ID="P6_ST01145" HPOS="2095" VPOS="2498" WIDTH="38" HEIGHT="32" CONTENT="of" WC="0.72" CC="50"/>
						<SP ID="P6_SP01027" HPOS="2133" VPOS="2540" WIDTH="24"/>
						<String ID="P6_ST01146" HPOS="2157" VPOS="2510" WIDTH="19" HEIGHT="20" CONTENT="a" WC="1.00" CC="0"/>
						<SP ID="P6_SP01028" HPOS="2176" VPOS="2540" WIDTH="23"/>
						<String ID="P6_ST01147" HPOS="2199" VPOS="2510" WIDTH="84" HEIGHT="20" CONTENT="man" WC="0.99" CC="003"/>
						<SP ID="P6_SP01029" HPOS="2283" VPOS="2540" WIDTH="23"/>
						<String ID="P6_ST01148" HPOS="2306" VPOS="2498" WIDTH="125" HEIGHT="33" CONTENT="before" WC="0.98" CC="500441"/>
						<SP ID="P6_SP01030" HPOS="2431" VPOS="2540" WIDTH="24"/>
						<String ID="P6_ST01149" HPOS="2455" VPOS="2498" WIDTH="43" HEIGHT="33" CONTENT="he" WC="0.69" CC="60"/>
						<SP ID="P6_SP01031" HPOS="2498" VPOS="2540" WIDTH="22"/>
						<String ID="P6_ST01150" HPOS="2520" VPOS="2505" WIDTH="114" HEIGHT="26" CONTENT="wrote" WC="0.98" CC="06430"/>
						<SP ID="P6_SP01032" HPOS="2634" VPOS="2540" WIDTH="24"/>
						<String ID="P6_ST01151" HPOS="2658" VPOS="2498" WIDTH="26" HEIGHT="33" CONTENT="it" WC="0.94" CC="10"/>
						<SP ID="P6_SP01033" HPOS="2684" VPOS="2540" WIDTH="24"/>
						<String ID="P6_ST01152" HPOS="2708" VPOS="2499" WIDTH="70" HEIGHT="32" CONTENT="and" WC="0.99" CC="300"/>
						<SP ID="P6_SP01034" HPOS="2778" VPOS="2540" WIDTH="25"/>
						<String ID="P6_ST01153" HPOS="2803" VPOS="2497" WIDTH="26" HEIGHT="34" CONTENT="it" WC="0.78" CC="40"/>
						<SP ID="P6_SP01035" HPOS="2829" VPOS="2540" WIDTH="22"/>
						<String ID="P6_ST01154" HPOS="2851" VPOS="2497" WIDTH="79" HEIGHT="34" CONTENT="will" WC="0.96" CC="8503"/>
						<SP ID="P6_SP01036" HPOS="2930" VPOS="2540" WIDTH="22"/>
						<String ID="P6_ST01155" HPOS="2952" VPOS="2498" WIDTH="42" HEIGHT="32" CONTENT="be" WC="0.75" CC="04"/>
					</TextLine>
					<TextLine ID="P6_TL00119" HPOS="1640" VPOS="2544" WIDTH="1355" HEIGHT="41">
						<String ID="P6_ST01156" HPOS="1640" VPOS="2552" WIDTH="83" HEIGHT="33" CONTENT="part" WC="1.00" CC="0000"/>
						<SP ID="P6_SP01037" HPOS="1723" VPOS="2585" WIDTH="23"/>
						<String ID="P6_ST01157" HPOS="1746" VPOS="2545" WIDTH="38" HEIGHT="32" CONTENT="of" WC="0.84" CC="30"/>
						<SP ID="P6_SP01038" HPOS="1784" VPOS="2585" WIDTH="25"/>
						<String ID="P6_ST01158" HPOS="1809" VPOS="2545" WIDTH="150" HEIGHT="33" CONTENT="another" WC="0.98" CC="0385006"/>
						<SP ID="P6_SP01039" HPOS="1959" VPOS="2585" WIDTH="24"/>
						<String ID="P6_ST01159" HPOS="1983" VPOS="2556" WIDTH="84" HEIGHT="21" CONTENT="man" WC="1.00" CC="000"/>
						<SP ID="P6_SP01040" HPOS="2067" VPOS="2585" WIDTH="26"/>
						<String ID="P6_ST01160" HPOS="2093" VPOS="2545" WIDTH="95" HEIGHT="33" CONTENT="after" WC="1.00" CC="00200"/>
						<SP ID="P6_SP01041" HPOS="2188" VPOS="2585" WIDTH="25"/>
						<String ID="P6_ST01161" HPOS="2213" VPOS="2545" WIDTH="42" HEIGHT="33" CONTENT="he" WC="0.72" CC="50"/>
						<SP ID="P6_SP01042" HPOS="2255" VPOS="2585" WIDTH="24"/>
						<String ID="P6_ST01162" HPOS="2279" VPOS="2545" WIDTH="66" HEIGHT="32" CONTENT="has" WC="1.00" CC="000"/>
						<SP ID="P6_SP01043" HPOS="2345" VPOS="2585" WIDTH="25"/>
						<String ID="P6_ST01163" HPOS="2370" VPOS="2545" WIDTH="88" HEIGHT="32" CONTENT="read" WC="0.97" CC="4090"/>
						<SP ID="P6_SP01044" HPOS="2458" VPOS="2585" WIDTH="24"/>
						<String ID="P6_ST01164" HPOS="2482" VPOS="2544" WIDTH="37" HEIGHT="33" CONTENT="it." WC="0.95" CC="353"/>
						<SP ID="P6_SP01045" HPOS="2519" VPOS="2585" WIDTH="26"/>
						<String ID="P6_ST01165" HPOS="2545" VPOS="2546" WIDTH="81" HEIGHT="31" CONTENT="You" WC="0.97" CC="060"/>
						<SP ID="P6_SP01046" HPOS="2626" VPOS="2585" WIDTH="25"/>
						<String ID="P6_ST01166" HPOS="2651" VPOS="2557" WIDTH="39" HEIGHT="20" CONTENT="or" WC="0.58" CC="17"/>
						<SP ID="P6_SP01047" HPOS="2690" VPOS="2585" WIDTH="24"/>
						<String ID="P6_ST01167" HPOS="2714" VPOS="2546" WIDTH="15" HEIGHT="31" CONTENT="I" WC="0.71" CC="2"/>
						<SP ID="P6_SP01048" HPOS="2729" VPOS="2585" WIDTH="24"/>
						<String ID="P6_ST01168" HPOS="2753" VPOS="2545" WIDTH="83" HEIGHT="33" CONTENT="who" WC="0.99" CC="001"/>
						<SP ID="P6_SP01049" HPOS="2836" VPOS="2585" WIDTH="24"/>
						<String ID="P6_ST01169" HPOS="2860" VPOS="2545" WIDTH="135" HEIGHT="33" CONTENT="bestow" WC="1.00" CC="000040"/>
					</TextLine>
					<TextLine ID="P6_TL00120" HPOS="1639" VPOS="2590" WIDTH="1358" HEIGHT="43">
						<String ID="P6_ST01170" HPOS="1639" VPOS="2592" WIDTH="59" HEIGHT="32" CONTENT="the" WC="0.97" CC="260"/>
						<SP ID="P6_SP01050" HPOS="1698" VPOS="2624" WIDTH="29"/>
						<String ID="P6_ST01171" HPOS="1727" VPOS="2591" WIDTH="71" HEIGHT="42" CONTENT="gift" WC="1.00" CC="0200"/>
						<SP ID="P6_SP01051" HPOS="1798" VPOS="2633" WIDTH="27"/>
						<String ID="P6_ST01172" HPOS="1825" VPOS="2591" WIDTH="78" HEIGHT="34" CONTENT="will" WC="1.00" CC="0000"/>
						<SP ID="P6_SP01052" HPOS="1903" VPOS="2633" WIDTH="31"/>
						<String ID="P6_ST01173" HPOS="1934" VPOS="2592" WIDTH="41" HEIGHT="32" CONTENT="be" WC="0.67" CC="60"/>
						<SP ID="P6_SP01053" HPOS="1975" VPOS="2633" WIDTH="31"/>
						<String ID="P6_ST01174" HPOS="2006" VPOS="2590" WIDTH="224" HEIGHT="43" CONTENT="responsible" WC="1.00" CC="00000003000"/>
						<SP ID="P6_SP01054" HPOS="2230" VPOS="2633" WIDTH="29"/>
						<String ID="P6_ST01175" HPOS="2259" VPOS="2591" WIDTH="58" HEIGHT="33" CONTENT="for" WC="0.97" CC="044"/>
						<SP ID="P6_SP01055" HPOS="2317" VPOS="2633" WIDTH="30"/>
						<String ID="P6_ST01176" HPOS="2347" VPOS="2592" WIDTH="189" HEIGHT="33" CONTENT="whatever" WC="0.99" CC="04013003"/>
						<SP ID="P6_SP01056" HPOS="2536" VPOS="2633" WIDTH="30"/>
						<String ID="P6_ST01177" HPOS="2566" VPOS="2590" WIDTH="26" HEIGHT="34" CONTENT="it" WC="1.00" CC="00"/>
						<SP ID="P6_SP01057" HPOS="2592" VPOS="2633" WIDTH="28"/>
						<String ID="P6_ST01178" HPOS="2620" VPOS="2603" WIDTH="83" HEIGHT="29" CONTENT="may" WC="1.00" CC="000"/>
						<SP ID="P6_SP01058" HPOS="2703" VPOS="2633" WIDTH="28"/>
						<String ID="P6_ST01179" HPOS="2731" VPOS="2602" WIDTH="106" HEIGHT="22" CONTENT="mean" WC="1.00" CC="0000"/>
						<SP ID="P6_SP01059" HPOS="2837" VPOS="2633" WIDTH="29"/>
						<String ID="P6_ST01180" HPOS="2866" VPOS="2598" WIDTH="36" HEIGHT="26" CONTENT="to" WC="0.56" CC="35"/>
						<SP ID="P6_SP01060" HPOS="2902" VPOS="2633" WIDTH="29"/>
						<String ID="P6_ST01181" HPOS="2931" VPOS="2603" WIDTH="66" HEIGHT="21" CONTENT="our" WC="0.99" CC="020"/>
					</TextLine>
					<TextLine ID="P6_TL00121" HPOS="1640" VPOS="2637" WIDTH="134" HEIGHT="34">
						<String ID="P6_ST01182" HPOS="1640" VPOS="2637" WIDTH="134" HEIGHT="34" CONTENT="friend." WC="0.99" CC="1633003"/>
					</TextLine>
					<TextLine ID="P6_TL00122" HPOS="1685" VPOS="2683" WIDTH="1312" HEIGHT="42">
						<String ID="P6_ST01183" HPOS="1685" VPOS="2684" WIDTH="225" HEIGHT="33" CONTENT="Therefore:" WC="1.00" CC="0000006503"/>
						<SP ID="P6_SP01061" HPOS="1910" VPOS="2717" WIDTH="37"/>
						<String ID="P6_ST01184" HPOS="1947" VPOS="2686" WIDTH="86" HEIGHT="31" CONTENT="read" WC="0.99" CC="0050"/>
						<SP ID="P6_SP01062" HPOS="2033" VPOS="2717" WIDTH="35"/>
						<String ID="P6_ST01185" HPOS="2068" VPOS="2685" WIDTH="59" HEIGHT="32" CONTENT="the" WC="0.97" CC="060"/>
						<SP ID="P6_SP01063" HPOS="2127" VPOS="2717" WIDTH="35"/>
						<String ID="P6_ST01186" HPOS="2162" VPOS="2684" WIDTH="110" HEIGHT="33" CONTENT="books" WC="0.98" CC="06600"/>
						<SP ID="P6_SP01064" HPOS="2272" VPOS="2717" WIDTH="35"/>
						<String ID="P6_ST01187" HPOS="2307" VPOS="2685" WIDTH="79" HEIGHT="32" CONTENT="that" WC="0.98" CC="0900"/>
						<SP ID="P6_SP01065" HPOS="2386" VPOS="2717" WIDTH="32"/>
						<String ID="P6_ST01188" HPOS="2418" VPOS="2697" WIDTH="70" HEIGHT="28" CONTENT="you" WC="0.97" CC="044"/>
						<SP ID="P6_SP01066" HPOS="2488" VPOS="2725" WIDTH="34"/>
						<String ID="P6_ST01189" HPOS="2522" VPOS="2683" WIDTH="79" HEIGHT="34" CONTENT="will" WC="0.98" CC="0700"/>
						<SP ID="P6_SP01067" HPOS="2601" VPOS="2725" WIDTH="38"/>
						<String ID="P6_ST01190" HPOS="2639" VPOS="2684" WIDTH="86" HEIGHT="33" CONTENT="send" WC="1.00" CC="0000"/>
						<SP ID="P6_SP01068" HPOS="2725" VPOS="2725" WIDTH="39"/>
						<String ID="P6_ST01191" HPOS="2764" VPOS="2696" WIDTH="39" HEIGHT="20" CONTENT="as" WC="1.00" CC="00"/>
						<SP ID="P6_SP01069" HPOS="2803" VPOS="2725" WIDTH="35"/>
						<String ID="P6_ST01192" HPOS="2838" VPOS="2683" WIDTH="90" HEIGHT="42" CONTENT="gifts" WC="0.99" CC="05030"/>
						<SP ID="P6_SP01070" HPOS="2928" VPOS="2725" WIDTH="34"/>
						<String ID="P6_ST01193" HPOS="2962" VPOS="2691" WIDTH="35" HEIGHT="25" CONTENT="to" WC="0.65" CC="15"/>
					</TextLine>
					<TextLine ID="P6_TL00123" HPOS="1638" VPOS="2730" WIDTH="1358" HEIGHT="43">
						<String ID="P6_ST01194" HPOS="1638" VPOS="2744" WIDTH="91" HEIGHT="29" CONTENT="your" WC="0.99" CC="0600"/>
						<SP ID="P6_SP01071" HPOS="1729" VPOS="2773" WIDTH="26"/>
						<String ID="P6_ST01195" HPOS="1755" VPOS="2731" WIDTH="153" HEIGHT="33" CONTENT="friends." WC="0.99" CC="10305002"/>
						<SP ID="P6_SP01072" HPOS="1908" VPOS="2773" WIDTH="49"/>
						<String ID="P6_ST01196" HPOS="1957" VPOS="2732" WIDTH="101" HEIGHT="32" CONTENT="Read" WC="1.00" CC="0000"/>
						<SP ID="P6_SP01073" HPOS="2058" VPOS="2773" WIDTH="27"/>
						<String ID="P6_ST01197" HPOS="2085" VPOS="2731" WIDTH="96" HEIGHT="33" CONTENT="them" WC="0.98" CC="4600"/>
						<SP ID="P6_SP01074" HPOS="2181" VPOS="2773" WIDTH="28"/>
						<String ID="P6_ST01198" HPOS="2209" VPOS="2743" WIDTH="38" HEIGHT="20" CONTENT="as" WC="1.00" CC="00"/>
						<SP ID="P6_SP01075" HPOS="2247" VPOS="2773" WIDTH="29"/>
						<String ID="P6_ST01199" HPOS="2276" VPOS="2730" WIDTH="281" HEIGHT="43" CONTENT="acquaintances" WC="1.00" CC="0000030000000"/>
						<SP ID="P6_SP01076" HPOS="2557" VPOS="2773" WIDTH="27"/>
						<String ID="P6_ST01200" HPOS="2584" VPOS="2730" WIDTH="90" HEIGHT="33" CONTENT="until" WC="0.99" CC="60000"/>
						<SP ID="P6_SP01077" HPOS="2674" VPOS="2773" WIDTH="26"/>
						<String ID="P6_ST01201" HPOS="2700" VPOS="2743" WIDTH="69" HEIGHT="28" CONTENT="you" WC="0.98" CC="040"/>
						<SP ID="P6_SP01078" HPOS="2769" VPOS="2773" WIDTH="28"/>
						<String ID="P6_ST01202" HPOS="2797" VPOS="2731" WIDTH="106" HEIGHT="33" CONTENT="know" WC="0.99" CC="0300"/>
						<SP ID="P6_SP01079" HPOS="2903" VPOS="2773" WIDTH="24"/>
						<String ID="P6_ST01203" HPOS="2927" VPOS="2742" WIDTH="69" HEIGHT="29" CONTENT="you" WC="0.99" CC="020"/>
					</TextLine>
					<TextLine ID="P6_TL00124" HPOS="1640" VPOS="2776" WIDTH="1359" HEIGHT="43">
						<String ID="P6_ST01204" HPOS="1640" VPOS="2778" WIDTH="93" HEIGHT="34" CONTENT="wish" WC="0.99" CC="0330"/>
						<SP ID="P6_SP01080" HPOS="1733" VPOS="2812" WIDTH="27"/>
						<String ID="P6_ST01205" HPOS="1760" VPOS="2778" WIDTH="96" HEIGHT="33" CONTENT="them" WC="0.99" CC="4000"/>
						<SP ID="P6_SP01081" HPOS="1856" VPOS="2812" WIDTH="27"/>
						<String ID="P6_ST01206" HPOS="1883" VPOS="2778" WIDTH="58" HEIGHT="32" CONTENT="for" WC="0.95" CC="156"/>
						<SP ID="P6_SP01082" HPOS="1941" VPOS="2812" WIDTH="27"/>
						<String ID="P6_ST01207" HPOS="1968" VPOS="2790" WIDTH="91" HEIGHT="29" CONTENT="your" WC="0.97" CC="0416"/>
						<SP ID="P6_SP01083" HPOS="2059" VPOS="2819" WIDTH="28"/>
						<String ID="P6_ST01208" HPOS="2087" VPOS="2777" WIDTH="153" HEIGHT="33" CONTENT="friends." WC="0.99" CC="00336003"/>
						<SP ID="P6_SP01084" HPOS="2240" VPOS="2819" WIDTH="53"/>
						<String ID="P6_ST01209" HPOS="2293" VPOS="2778" WIDTH="180" HEIGHT="40" CONTENT="Compare" WC="0.99" CC="0400050"/>
						<SP ID="P6_SP01085" HPOS="2473" VPOS="2819" WIDTH="29"/>
						<String ID="P6_ST01210" HPOS="2502" VPOS="2778" WIDTH="98" HEIGHT="32" CONTENT="these" WC="0.99" CC="30300"/>
						<SP ID="P6_SP01086" HPOS="2600" VPOS="2819" WIDTH="27"/>
						<String ID="P6_ST01211" HPOS="2627" VPOS="2776" WIDTH="255" HEIGHT="34" CONTENT="book-friends" WC="0.99" CC="065030630400"/>
						<SP ID="P6_SP01087" HPOS="2882" VPOS="2819" WIDTH="27"/>
						<String ID="P6_ST01212" HPOS="2909" VPOS="2776" WIDTH="90" HEIGHT="35" CONTENT="with" WC="0.96" CC="0339"/>
					</TextLine>
					<TextLine ID="P6_TL00125" HPOS="1639" VPOS="2822" WIDTH="1357" HEIGHT="43">
						<String ID="P6_ST01213" HPOS="1639" VPOS="2837" WIDTH="91" HEIGHT="28" CONTENT="your" WC="0.97" CC="0654"/>
						<SP ID="P6_SP01088" HPOS="1730" VPOS="2865" WIDTH="29"/>
						<String ID="P6_ST01214" HPOS="1759" VPOS="2824" WIDTH="142" HEIGHT="33" CONTENT="friends" WC="1.00" CC="0000003"/>
						<SP ID="P6_SP01089" HPOS="1901" VPOS="2865" WIDTH="28"/>
						<String ID="P6_ST01215" HPOS="1929" VPOS="2832" WIDTH="35" HEIGHT="25" CONTENT="to" WC="0.47" CC="46"/>
						<SP ID="P6_SP01090" HPOS="1964" VPOS="2865" WIDTH="28"/>
						<String ID="P6_ST01216" HPOS="1992" VPOS="2825" WIDTH="121" HEIGHT="33" CONTENT="whom" WC="1.00" CC="0000"/>
						<SP ID="P6_SP01091" HPOS="2113" VPOS="2865" WIDTH="27"/>
						<String ID="P6_ST01217" HPOS="2140" VPOS="2836" WIDTH="69" HEIGHT="29" CONTENT="you" WC="0.95" CC="057"/>
						<SP ID="P6_SP01092" HPOS="2209" VPOS="2865" WIDTH="28"/>
						<String ID="P6_ST01218" HPOS="2237" VPOS="2823" WIDTH="93" HEIGHT="35" CONTENT="wish" WC="0.98" CC="0234"/>
						<SP ID="P6_SP01093" HPOS="2330" VPOS="2865" WIDTH="29"/>
						<String ID="P6_ST01219" HPOS="2359" VPOS="2831" WIDTH="35" HEIGHT="25" CONTENT="to" WC="0.70" CC="05"/>
						<SP ID="P6_SP01094" HPOS="2394" VPOS="2865" WIDTH="29"/>
						<String ID="P6_ST01220" HPOS="2423" VPOS="2823" WIDTH="188" HEIGHT="34" CONTENT="introduce" WC="1.00" CC="641000000"/>
						<SP ID="P6_SP01095" HPOS="2611" VPOS="2865" WIDTH="29"/>
						<String ID="P6_ST01221" HPOS="2640" VPOS="2824" WIDTH="96" HEIGHT="32" CONTENT="them" WC="0.99" CC="0600"/>
						<SP ID="P6_SP01096" HPOS="2736" VPOS="2865" WIDTH="31"/>
						<String ID="P6_ST01222" HPOS="2767" VPOS="2824" WIDTH="70" HEIGHT="31" CONTENT="and" WC="1.00" CC="000"/>
						<SP ID="P6_SP01097" HPOS="2837" VPOS="2865" WIDTH="32"/>
						<String ID="P6_ST01223" HPOS="2869" VPOS="2822" WIDTH="29" HEIGHT="33" CONTENT="if" WC="0.79" CC="40"/>
						<SP ID="P6_SP01098" HPOS="2898" VPOS="2865" WIDTH="28"/>
						<String ID="P6_ST01224" HPOS="2926" VPOS="2834" WIDTH="70" HEIGHT="30" CONTENT="you" WC="1.00" CC="000"/>
					</TextLine>
					<TextLine ID="P6_TL00126" HPOS="1640" VPOS="2869" WIDTH="1357" HEIGHT="43">
						<String ID="P6_ST01225" HPOS="1640" VPOS="2871" WIDTH="101" HEIGHT="33" CONTENT="think" WC="0.97" CC="47540"/>
						<SP ID="P6_SP01099" HPOS="1741" VPOS="2904" WIDTH="25"/>
						<String ID="P6_ST01226" HPOS="1766" VPOS="2872" WIDTH="78" HEIGHT="32" CONTENT="that" WC="0.98" CC="3600"/>
						<SP ID="P6_SP01100" HPOS="1844" VPOS="2904" WIDTH="25"/>
						<String ID="P6_ST01227" HPOS="1869" VPOS="2872" WIDTH="83" HEIGHT="40" CONTENT="they" WC="0.99" CC="0500"/>
						<SP ID="P6_SP01101" HPOS="1952" VPOS="2912" WIDTH="24"/>
						<String ID="P6_ST01228" HPOS="1976" VPOS="2883" WIDTH="66" HEIGHT="21" CONTENT="can" WC="1.00" CC="000"/>
						<SP ID="P6_SP01102" HPOS="2042" VPOS="2912" WIDTH="25"/>
						<String ID="P6_ST01229" HPOS="2067" VPOS="2871" WIDTH="43" HEIGHT="33" CONTENT="be" WC="1.00" CC="00"/>
						<SP ID="P6_SP01103" HPOS="2110" VPOS="2912" WIDTH="25"/>
						<String ID="P6_ST01230" HPOS="2135" VPOS="2870" WIDTH="142" HEIGHT="34" CONTENT="friends" WC="0.99" CC="0630000"/>
						<SP ID="P6_SP01104" HPOS="2277" VPOS="2912" WIDTH="24"/>
						<String ID="P6_ST01231" HPOS="2301" VPOS="2878" WIDTH="70" HEIGHT="33" CONTENT="too," WC="0.97" CC="0553"/>
						<SP ID="P6_SP01105" HPOS="2371" VPOS="2912" WIDTH="26"/>
						<String ID="P6_ST01232" HPOS="2397" VPOS="2871" WIDTH="81" HEIGHT="32" CONTENT="take" WC="1.00" CC="0000"/>
						<SP ID="P6_SP01106" HPOS="2478" VPOS="2912" WIDTH="27"/>
						<String ID="P6_ST01233" HPOS="2505" VPOS="2879" WIDTH="94" HEIGHT="33" CONTENT="upoL" WC="0.60" CC="5009"/>
						<SP ID="P6_SP01107" HPOS="2599" VPOS="2912" WIDTH="26"/>
						<String ID="P6_ST01234" HPOS="2625" VPOS="2882" WIDTH="70" HEIGHT="30" CONTENT="you" WC="0.96" CC="055"/>
						<SP ID="P6_SP01108" HPOS="2695" VPOS="2912" WIDTH="26"/>
						<String ID="P6_ST01235" HPOS="2721" VPOS="2870" WIDTH="59" HEIGHT="33" CONTENT="the" WC="0.97" CC="610"/>
						<SP ID="P6_SP01109" HPOS="2780" VPOS="2912" WIDTH="26"/>
						<String ID="P6_ST01236" HPOS="2806" VPOS="2869" WIDTH="191" HEIGHT="42" CONTENT="pleasures" WC="1.00" CC="000000500"/>
					</TextLine>
					<TextLine ID="P6_TL00127" HPOS="1639" VPOS="2916" WIDTH="971" HEIGHT="43">
						<String ID="P6_ST01237" HPOS="1639" VPOS="2919" WIDTH="62" HEIGHT="32" CONTENT="but" WC="0.96" CC="514"/>
						<SP ID="P6_SP01110" HPOS="1701" VPOS="2951" WIDTH="22"/>
						<String ID="P6_ST01238" HPOS="1723" VPOS="2918" WIDTH="77" HEIGHT="33" CONTENT="also" WC="0.98" CC="0605"/>
						<SP ID="P6_SP01111" HPOS="1800" VPOS="2951" WIDTH="21"/>
						<String ID="P6_ST01239" HPOS="1821" VPOS="2918" WIDTH="58" HEIGHT="33" CONTENT="the" WC="0.98" CC="400"/>
						<SP ID="P6_SP01112" HPOS="1879" VPOS="2951" WIDTH="24"/>
						<String ID="P6_ST01240" HPOS="1903" VPOS="2916" WIDTH="302" HEIGHT="43" CONTENT="responsibilities" WC="1.00" CC="0008480430134400"/>
						<SP ID="P6_SP01113" HPOS="2205" VPOS="2959" WIDTH="22"/>
						<String ID="P6_ST01241" HPOS="2227" VPOS="2917" WIDTH="38" HEIGHT="32" CONTENT="of" WC="0.85" CC="20"/>
						<SP ID="P6_SP01114" HPOS="2265" VPOS="2959" WIDTH="23"/>
						<String ID="P6_ST01242" HPOS="2288" VPOS="2929" WIDTH="44" HEIGHT="20" CONTENT="an" WC="0.88" CC="02"/>
						<SP ID="P6_SP01115" HPOS="2332" VPOS="2959" WIDTH="23"/>
						<String ID="P6_ST01243" HPOS="2355" VPOS="2916" WIDTH="255" HEIGHT="33" CONTENT="introduction." WC="1.00" CC="3005400000603"/>
					</TextLine>
					<TextLine ID="P6_TL00128" HPOS="1686" VPOS="3020" WIDTH="1313" HEIGHT="43">
						<String ID="P6_ST01244" HPOS="1686" VPOS="3022" WIDTH="107" HEIGHT="41" CONTENT="They" WC="0.99" CC="0200"/>
						<SP ID="P6_SP01116" HPOS="1793" VPOS="3063" WIDTH="31"/>
						<String ID="P6_ST01245" HPOS="1824" VPOS="3034" WIDTH="62" HEIGHT="21" CONTENT="are" WC="0.98" CC="060"/>
						<SP ID="P6_SP01117" HPOS="1886" VPOS="3063" WIDTH="32"/>
						<String ID="P6_ST01246" HPOS="1918" VPOS="3021" WIDTH="97" HEIGHT="42" CONTENT="right" WC="0.99" CC="71001"/>
						<SP ID="P6_SP01118" HPOS="2015" VPOS="3063" WIDTH="31"/>
						<String ID="P6_ST01247" HPOS="2046" VPOS="3022" WIDTH="85" HEIGHT="32" CONTENT="here" WC="0.99" CC="6000"/>
						<SP ID="P6_SP01119" HPOS="2131" VPOS="3063" WIDTH="31"/>
						<String ID="P6_ST01248" HPOS="2162" VPOS="3032" WIDTH="44" HEIGHT="21" CONTENT="on" WC="1.00" CC="00"/>
						<SP ID="P6_SP01120" HPOS="2206" VPOS="3063" WIDTH="31"/>
						<String ID="P6_ST01249" HPOS="2237" VPOS="3032" WIDTH="59" HEIGHT="30" CONTENT="my" WC="1.00" CC="00"/>
						<SP ID="P6_SP01121" HPOS="2296" VPOS="3063" WIDTH="31"/>
						<String ID="P6_ST01250" HPOS="2327" VPOS="3021" WIDTH="96" HEIGHT="41" CONTENT="desk," WC="0.99" CC="01003"/>
						<SP ID="P6_SP01122" HPOS="2423" VPOS="3063" WIDTH="32"/>
						<String ID="P6_ST01251" HPOS="2455" VPOS="3021" WIDTH="99" HEIGHT="32" CONTENT="these" WC="1.00" CC="30000"/>
						<SP ID="P6_SP01123" HPOS="2554" VPOS="3063" WIDTH="32"/>
						<String ID="P6_ST01252" HPOS="2586" VPOS="3020" WIDTH="246" HEIGHT="42" CONTENT="stepchildren" WC="1.00" CC="012006200600"/>
						<SP ID="P6_SP01124" HPOS="2832" VPOS="3063" WIDTH="32"/>
						<String ID="P6_ST01253" HPOS="2864" VPOS="3020" WIDTH="39" HEIGHT="33" CONTENT="of" WC="1.00" CC="00"/>
						<SP ID="P6_SP01125" HPOS="2903" VPOS="3063" WIDTH="30"/>
						<String ID="P6_ST01254" HPOS="2933" VPOS="3032" WIDTH="66" HEIGHT="21" CONTENT="our" WC="0.98" CC="005"/>
					</TextLine>
					<TextLine ID="P6_TL00129" HPOS="1640" VPOS="3067" WIDTH="1359" HEIGHT="44">
						<String ID="P6_ST01255" HPOS="1640" VPOS="3068" WIDTH="246" HEIGHT="43" CONTENT="professional" WC="0.99" CC="066000135002"/>
						<SP ID="P6_SP01126" HPOS="1886" VPOS="3111" WIDTH="33"/>
						<String ID="P6_ST01256" HPOS="1919" VPOS="3068" WIDTH="198" HEIGHT="34" CONTENT="reviewers" WC="1.00" CC="000000260"/>
						<SP ID="P6_SP01127" HPOS="2117" VPOS="3111" WIDTH="28"/>
						<String ID="P6_ST01257" HPOS="2145" VPOS="3068" WIDTH="38" HEIGHT="32" CONTENT="of" WC="0.80" CC="30"/>
						<SP ID="P6_SP01128" HPOS="2183" VPOS="3111" WIDTH="29"/>
						<String ID="P6_ST01258" HPOS="2212" VPOS="3067" WIDTH="213" HEIGHT="42" CONTENT="magazines" WC="1.00" CC="008001000"/>
						<SP ID="P6_SP01129" HPOS="2425" VPOS="3111" WIDTH="30"/>
						<String ID="P6_ST01259" HPOS="2455" VPOS="3069" WIDTH="70" HEIGHT="31" CONTENT="and" WC="1.00" CC="000"/>
						<SP ID="P6_SP01130" HPOS="2525" VPOS="3111" WIDTH="30"/>
						<String ID="P6_ST01260" HPOS="2555" VPOS="3067" WIDTH="38" HEIGHT="33" CONTENT="of" WC="0.64" CC="60"/>
						<SP ID="P6_SP01131" HPOS="2593" VPOS="3111" WIDTH="29"/>
						<String ID="P6_ST01261" HPOS="2622" VPOS="3069" WIDTH="127" HEIGHT="31" CONTENT="books:" WC="0.98" CC="646005"/>
						<SP ID="P6_SP01132" HPOS="2749" VPOS="3111" WIDTH="27"/>
						<String ID="P6_ST01262" HPOS="2776" VPOS="3067" WIDTH="223" HEIGHT="42" CONTENT="periodicals" WC="1.00" CC="02330030020"/>
					</TextLine>
					<TextLine ID="P6_TL00130" HPOS="1639" VPOS="3113" WIDTH="1357" HEIGHT="44">
						<String ID="P6_ST01263" HPOS="1639" VPOS="3116" WIDTH="193" HEIGHT="41" CONTENT="published" WC="0.99" CC="004020610"/>
						<SP ID="P6_SP01133" HPOS="1832" VPOS="3157" WIDTH="36"/>
						<String ID="P6_ST01264" HPOS="1868" VPOS="3116" WIDTH="46" HEIGHT="41" CONTENT="by" WC="0.65" CC="60"/>
						<SP ID="P6_SP01134" HPOS="1914" VPOS="3157" WIDTH="34"/>
						<String ID="P6_ST01265" HPOS="1948" VPOS="3114" WIDTH="230" HEIGHT="35" CONTENT="individuals" WC="1.00" CC="30020002030"/>
						<SP ID="P6_SP01135" HPOS="2178" VPOS="3157" WIDTH="38"/>
						<String ID="P6_ST01266" HPOS="2216" VPOS="3116" WIDTH="70" HEIGHT="31" CONTENT="and" WC="1.00" CC="000"/>
						<SP ID="P6_SP01136" HPOS="2286" VPOS="3157" WIDTH="38"/>
						<String ID="P6_ST01267" HPOS="2324" VPOS="3122" WIDTH="60" HEIGHT="25" CONTENT="not" WC="0.98" CC="040"/>
						<SP ID="P6_SP01137" HPOS="2384" VPOS="3157" WIDTH="34"/>
						<String ID="P6_ST01268" HPOS="2418" VPOS="3115" WIDTH="45" HEIGHT="41" CONTENT="by" WC="1.00" CC="00"/>
						<SP ID="P6_SP01138" HPOS="2463" VPOS="3157" WIDTH="35"/>
						<String ID="P6_ST01269" HPOS="2498" VPOS="3122" WIDTH="105" HEIGHT="33" CONTENT="great" WC="0.98" CC="04304"/>
						<SP ID="P6_SP01139" HPOS="2603" VPOS="3157" WIDTH="35"/>
						<String ID="P6_ST01270" HPOS="2638" VPOS="3113" WIDTH="219" HEIGHT="43" CONTENT="companies." WC="1.00" CC="0400002004"/>
						<SP ID="P6_SP01140" HPOS="2857" VPOS="3157" WIDTH="58"/>
						<String ID="P6_ST01271" HPOS="2915" VPOS="3114" WIDTH="81" HEIGHT="32" CONTENT="The" WC="0.98" CC="060"/>
					</TextLine>
					<TextLine ID="P6_TL00131" HPOS="1639" VPOS="3160" WIDTH="1352" HEIGHT="44">
						<String ID="P6_ST01272" HPOS="1639" VPOS="3162" WIDTH="139" HEIGHT="42" CONTENT="falling" WC="1.00" CC="3000000"/>
						<SP ID="P6_SP01141" HPOS="1778" VPOS="3204" WIDTH="33"/>
						<String ID="P6_ST01273" HPOS="1811" VPOS="3162" WIDTH="124" HEIGHT="34" CONTENT="leaves" WC="1.00" CC="000032"/>
						<SP ID="P6_SP01142" HPOS="1935" VPOS="3204" WIDTH="32"/>
						<String ID="P6_ST01274" HPOS="1967" VPOS="3162" WIDTH="38" HEIGHT="32" CONTENT="of" WC="0.73" CC="50"/>
						<SP ID="P6_SP01143" HPOS="2005" VPOS="3204" WIDTH="32"/>
						<String ID="P6_ST01275" HPOS="2037" VPOS="3162" WIDTH="59" HEIGHT="32" CONTENT="the" WC="1.00" CC="000"/>
						<SP ID="P6_SP01144" HPOS="2096" VPOS="3204" WIDTH="31"/>
						<String ID="P6_ST01276" HPOS="2127" VPOS="3163" WIDTH="164" HEIGHT="31" CONTENT="Autumn" WC="1.00" CC="005000"/>
						<SP ID="P6_SP01145" HPOS="2291" VPOS="3204" WIDTH="33"/>
						<String ID="P6_ST01277" HPOS="2324" VPOS="3161" WIDTH="94" HEIGHT="33" CONTENT="have" WC="1.00" CC="0000"/>
						<SP ID="P6_SP01146" HPOS="2418" VPOS="3204" WIDTH="33"/>
						<String ID="P6_ST01278" HPOS="2451" VPOS="3160" WIDTH="129" HEIGHT="33" CONTENT="buried" WC="0.98" CC="546000"/>
						<SP ID="P6_SP01147" HPOS="2580" VPOS="3204" WIDTH="35"/>
						<String ID="P6_ST01279" HPOS="2615" VPOS="3173" WIDTH="19" HEIGHT="20" CONTENT="a" WC="1.00" CC="0"/>
						<SP ID="P6_SP01148" HPOS="2634" VPOS="3204" WIDTH="33"/>
						<String ID="P6_ST01280" HPOS="2667" VPOS="3161" WIDTH="74" HEIGHT="33" CONTENT="few" WC="1.00" CC="000"/>
						<SP ID="P6_SP01149" HPOS="2741" VPOS="3204" WIDTH="32"/>
						<String ID="P6_ST01281" HPOS="2773" VPOS="3160" WIDTH="38" HEIGHT="33" CONTENT="of" WC="0.67" CC="60"/>
						<SP ID="P6_SP01150" HPOS="2811" VPOS="3204" WIDTH="31"/>
						<String ID="P6_ST01282" HPOS="2842" VPOS="3161" WIDTH="100" HEIGHT="32" CONTENT="those" WC="0.99" CC="00501"/>
						<SP ID="P6_SP01151" HPOS="2942" VPOS="3204" WIDTH="34"/>
						<String ID="P6_ST01283" HPOS="2976" VPOS="3161" WIDTH="15" HEIGHT="31" CONTENT="I" WC="1.00" CC="0"/>
					</TextLine>
					<TextLine ID="P6_TL00132" HPOS="1642" VPOS="3206" WIDTH="1355" HEIGHT="43">
						<String ID="P6_ST01284" HPOS="1642" VPOS="3210" WIDTH="95" HEIGHT="32" CONTENT="liked" WC="0.99" CC="20400"/>
						<SP ID="P6_SP01152" HPOS="1737" VPOS="3242" WIDTH="30"/>
						<String ID="P6_ST01285" HPOS="1767" VPOS="3210" WIDTH="58" HEIGHT="32" CONTENT="the" WC="0.97" CC="610"/>
						<SP ID="P6_SP01153" HPOS="1825" VPOS="3242" WIDTH="31"/>
						<String ID="P6_ST01286" HPOS="1856" VPOS="3210" WIDTH="95" HEIGHT="39" CONTENT="best;" WC="0.99" CC="00041"/>
						<SP ID="P6_SP01154" HPOS="1951" VPOS="3249" WIDTH="33"/>
						<String ID="P6_ST01287" HPOS="1984" VPOS="3209" WIDTH="121" HEIGHT="32" CONTENT="others" WC="0.98" CC="546050"/>
						<SP ID="P6_SP01155" HPOS="2105" VPOS="3249" WIDTH="33"/>
						<String ID="P6_ST01288" HPOS="2138" VPOS="3220" WIDTH="61" HEIGHT="21" CONTENT="are" WC="0.98" CC="040"/>
						<SP ID="P6_SP01156" HPOS="2199" VPOS="3249" WIDTH="30"/>
						<String ID="P6_ST01289" HPOS="2229" VPOS="3207" WIDTH="144" HEIGHT="42" CONTENT="coming" WC="0.98" CC="050109"/>
						<SP ID="P6_SP01157" HPOS="2373" VPOS="3249" WIDTH="29"/>
						<String ID="P6_ST01290" HPOS="2402" VPOS="3215" WIDTH="61" HEIGHT="25" CONTENT="out" WC="0.97" CC="601"/>
						<SP ID="P6_SP01158" HPOS="2463" VPOS="3249" WIDTH="32"/>
						<String ID="P6_ST01291" HPOS="2495" VPOS="3206" WIDTH="190" HEIGHT="42" CONTENT="regularly" WC="1.00" CC="000040400"/>
						<SP ID="P6_SP01159" HPOS="2685" VPOS="3249" WIDTH="32"/>
						<String ID="P6_ST01292" HPOS="2717" VPOS="3208" WIDTH="70" HEIGHT="31" CONTENT="and" WC="1.00" CC="000"/>
						<SP ID="P6_SP01160" HPOS="2787" VPOS="3249" WIDTH="31"/>
						<String ID="P6_ST01293" HPOS="2818" VPOS="3207" WIDTH="59" HEIGHT="33" CONTENT="the" WC="0.97" CC="060"/>
						<SP ID="P6_SP01161" HPOS="2877" VPOS="3249" WIDTH="32"/>
						<String ID="P6_ST01294" HPOS="2909" VPOS="3206" WIDTH="88" HEIGHT="42" CONTENT="high" WC="1.00" CC="0000"/>
					</TextLine>
					<TextLine ID="P6_TL00133" HPOS="1639" VPOS="3252" WIDTH="1358" HEIGHT="45">
						<String ID="P6_ST01295" HPOS="1639" VPOS="3264" WIDTH="74" HEIGHT="25" CONTENT="cost" WC="0.97" CC="0706"/>
						<SP ID="P6_SP01162" HPOS="1713" VPOS="3289" WIDTH="28"/>
						<String ID="P6_ST01296" HPOS="1741" VPOS="3256" WIDTH="38" HEIGHT="32" CONTENT="of" WC="0.80" CC="30"/>
						<SP ID="P6_SP01163" HPOS="1779" VPOS="3289" WIDTH="29"/>
						<String ID="P6_ST01297" HPOS="1808" VPOS="3267" WIDTH="114" HEIGHT="30" CONTENT="paper" WC="1.00" CC="00030"/>
						<SP ID="P6_SP01164" HPOS="1922" VPOS="3297" WIDTH="28"/>
						<String ID="P6_ST01298" HPOS="1950" VPOS="3255" WIDTH="123" HEIGHT="33" CONTENT="makes" WC="1.00" CC="00020"/>
						<SP ID="P6_SP01165" HPOS="2073" VPOS="3297" WIDTH="27"/>
						<String ID="P6_ST01299" HPOS="2100" VPOS="3255" WIDTH="97" HEIGHT="33" CONTENT="them" WC="0.99" CC="1500"/>
						<SP ID="P6_SP01166" HPOS="2197" VPOS="3297" WIDTH="28"/>
						<String ID="P6_ST01300" HPOS="2225" VPOS="3254" WIDTH="164" HEIGHT="42" CONTENT="struggle" WC="0.99" CC="00009020"/>
						<SP ID="P6_SP01167" HPOS="2389" VPOS="3297" WIDTH="29"/>
						<String ID="P6_ST01301" HPOS="2418" VPOS="3255" WIDTH="136" HEIGHT="31" CONTENT="harder" WC="0.98" CC="506005"/>
						<SP ID="P6_SP01168" HPOS="2554" VPOS="3297" WIDTH="29"/>
						<String ID="P6_ST01302" HPOS="2583" VPOS="3254" WIDTH="87" HEIGHT="32" CONTENT="than" WC="0.99" CC="3000"/>
						<SP ID="P6_SP01169" HPOS="2670" VPOS="3297" WIDTH="31"/>
						<String ID="P6_ST01303" HPOS="2701" VPOS="3265" WIDTH="86" HEIGHT="22" CONTENT="ever" WC="0.97" CC="2036"/>
						<SP ID="P6_SP01170" HPOS="2787" VPOS="3297" WIDTH="29"/>
						<String ID="P6_ST01304" HPOS="2816" VPOS="3253" WIDTH="59" HEIGHT="33" CONTENT="for" WC="0.95" CC="056"/>
						<SP ID="P6_SP01171" HPOS="2875" VPOS="3297" WIDTH="28"/>
						<String ID="P6_ST01305" HPOS="2903" VPOS="3252" WIDTH="94" HEIGHT="34" CONTENT="their" WC="0.99" CC="30050"/>
					</TextLine>
					<TextLine ID="P6_TL00134" HPOS="1640" VPOS="3302" WIDTH="188" HEIGHT="34">
						<String ID="P6_ST01306" HPOS="1640" VPOS="3302" WIDTH="188" HEIGHT="34" CONTENT="existence." WC="1.00" CC="0050000103"/>
					</TextLine>
				</TextBlock>
				<TextBlock ID="P6_TB00011" HPOS="1637" VPOS="3357" WIDTH="400" HEIGHT="37" STYLEREFS="TXT_0 PAR_RIGHT">
					<TextLine ID="P6_TL00135" HPOS="1640" VPOS="3360" WIDTH="395" HEIGHT="33">
						<String ID="P6_ST01307" HPOS="1640" VPOS="3361" WIDTH="81" HEIGHT="32" CONTENT="The" WC="0.96" CC="090"/>
						<SP ID="P6_SP01172" HPOS="1721" VPOS="3393" WIDTH="24"/>
						<String ID="P6_ST01308" HPOS="1745" VPOS="3360" WIDTH="112" HEIGHT="33" CONTENT="Little" WC="0.97" CC="450789"/>
						<SP ID="P6_SP01173" HPOS="1857" VPOS="3393" WIDTH="23"/>
						<String ID="P6_ST01309" HPOS="1880" VPOS="3361" WIDTH="155" HEIGHT="32" CONTENT="Review" WC="0.98" CC="660703"/>
					</TextLine>
				</TextBlock>
				<TextBlock ID="P6_TB00012" HPOS="1636" VPOS="3402" WIDTH="1364" HEIGHT="422" STYLEREFS="TXT_0 PAR_BLOCK">
					<TextLine ID="P6_TL00136" HPOS="1686" VPOS="3405" WIDTH="1307" HEIGHT="44">
						<String ID="P6_ST01310" HPOS="1686" VPOS="3409" WIDTH="197" HEIGHT="40" CONTENT="Margaret" WC="0.99" CC="07000600"/>
						<SP ID="P6_SP01174" HPOS="1883" VPOS="3449" WIDTH="40"/>
						<String ID="P6_ST01311" HPOS="1923" VPOS="3408" WIDTH="38" HEIGHT="31" CONTENT="C." WC="0.77" CC="03"/>
						<SP ID="P6_SP01175" HPOS="1961" VPOS="3449" WIDTH="41"/>
						<String ID="P6_ST01312" HPOS="2002" VPOS="3407" WIDTH="205" HEIGHT="40" CONTENT="Anderson," WC="0.99" CC="000060432"/>
						<SP ID="P6_SP01176" HPOS="2207" VPOS="3449" WIDTH="39"/>
						<String ID="P6_ST01313" HPOS="2246" VPOS="3406" WIDTH="58" HEIGHT="33" CONTENT="the" WC="1.00" CC="000"/>
						<SP ID="P6_SP01177" HPOS="2304" VPOS="3449" WIDTH="41"/>
						<String ID="P6_ST01314" HPOS="2345" VPOS="3417" WIDTH="226" HEIGHT="30" CONTENT="courageous" WC="0.99" CC="0500080600"/>
						<SP ID="P6_SP01178" HPOS="2571" VPOS="3449" WIDTH="40"/>
						<String ID="P6_ST01315" HPOS="2611" VPOS="3405" WIDTH="70" HEIGHT="32" CONTENT="and" WC="0.98" CC="050"/>
						<SP ID="P6_SP01179" HPOS="2681" VPOS="3449" WIDTH="40"/>
						<String ID="P6_ST01316" HPOS="2721" VPOS="3416" WIDTH="113" HEIGHT="22" CONTENT="never" WC="1.00" CC="00002"/>
						<SP ID="P6_SP01180" HPOS="2834" VPOS="3449" WIDTH="39"/>
						<String ID="P6_ST01317" HPOS="2873" VPOS="3416" WIDTH="120" HEIGHT="29" CONTENT="weary" WC="0.97" CC="04087"/>
					</TextLine>
					<TextLine ID="P6_TL00137" HPOS="1640" VPOS="3450" WIDTH="1356" HEIGHT="46">
						<String ID="P6_ST01318" HPOS="1640" VPOS="3455" WIDTH="131" HEIGHT="41" CONTENT="fighter" WC="0.99" CC="5700006"/>
						<SP ID="P6_SP01181" HPOS="1771" VPOS="3496" WIDTH="29"/>
						<String ID="P6_ST01319" HPOS="1800" VPOS="3454" WIDTH="59" HEIGHT="32" CONTENT="for" WC="0.96" CC="065"/>
						<SP ID="P6_SP01182" HPOS="1859" VPOS="3496" WIDTH="30"/>
						<String ID="P6_ST01320" HPOS="1889" VPOS="3453" WIDTH="166" HEIGHT="33" CONTENT="freedom" WC="0.99" CC="0600030"/>
						<SP ID="P6_SP01183" HPOS="2055" VPOS="3496" WIDTH="30"/>
						<String ID="P6_ST01321" HPOS="2085" VPOS="3453" WIDTH="35" HEIGHT="32" CONTENT="in" WC="1.00" CC="00"/>
						<SP ID="P6_SP01184" HPOS="2120" VPOS="3496" WIDTH="30"/>
						<String ID="P6_ST01322" HPOS="2150" VPOS="3452" WIDTH="99" HEIGHT="33" CONTENT="mind" WC="0.99" CC="0300"/>
						<SP ID="P6_SP01185" HPOS="2249" VPOS="3496" WIDTH="33"/>
						<String ID="P6_ST01323" HPOS="2282" VPOS="3453" WIDTH="70" HEIGHT="32" CONTENT="and" WC="1.00" CC="010"/>
						<SP ID="P6_SP01186" HPOS="2352" VPOS="3496" WIDTH="32"/>
						<String ID="P6_ST01324" HPOS="2384" VPOS="3452" WIDTH="124" HEIGHT="33" CONTENT="letters" WC="1.00" CC="1000030"/>
						<SP ID="P6_SP01187" HPOS="2508" VPOS="3496" WIDTH="30"/>
						<String ID="P6_ST01325" HPOS="2538" VPOS="3450" WIDTH="36" HEIGHT="33" CONTENT="in" WC="0.94" CC="10"/>
						<SP ID="P6_SP01188" HPOS="2574" VPOS="3496" WIDTH="32"/>
						<String ID="P6_ST01326" HPOS="2606" VPOS="3450" WIDTH="173" HEIGHT="42" CONTENT="Chicago," WC="0.99" CC="36300062"/>
						<SP ID="P6_SP01189" HPOS="2779" VPOS="3496" WIDTH="30"/>
						<String ID="P6_ST01327" HPOS="2809" VPOS="3451" WIDTH="84" HEIGHT="34" CONTENT="who" WC="1.00" CC="000"/>
						<SP ID="P6_SP01190" HPOS="2893" VPOS="3496" WIDTH="30"/>
						<String ID="P6_ST01328" HPOS="2923" VPOS="3451" WIDTH="73" HEIGHT="32" CONTENT="had" WC="0.97" CC="070"/>
					</TextLine>
					<TextLine ID="P6_TL00138" HPOS="1638" VPOS="3497" WIDTH="1360" HEIGHT="45">
						<String ID="P6_ST01329" HPOS="1638" VPOS="3501" WIDTH="94" HEIGHT="34" CONTENT="tried" WC="0.99" CC="00040"/>
						<SP ID="P6_SP01191" HPOS="1732" VPOS="3535" WIDTH="28"/>
						<String ID="P6_ST01330" HPOS="1760" VPOS="3502" WIDTH="64" HEIGHT="32" CONTENT="her" WC="0.96" CC="305"/>
						<SP ID="P6_SP01192" HPOS="1824" VPOS="3535" WIDTH="27"/>
						<String ID="P6_ST01331" HPOS="1851" VPOS="3500" WIDTH="219" HEIGHT="42" CONTENT="publisher's" WC="0.99" CC="09500010670"/>
						<SP ID="P6_SP01193" HPOS="2070" VPOS="3542" WIDTH="28"/>
						<String ID="P6_ST01332" HPOS="2098" VPOS="3500" WIDTH="80" HEIGHT="32" CONTENT="luck" WC="1.00" CC="0000"/>
						<SP ID="P6_SP01194" HPOS="2178" VPOS="3542" WIDTH="26"/>
						<String ID="P6_ST01333" HPOS="2204" VPOS="3499" WIDTH="59" HEIGHT="33" CONTENT="for" WC="0.98" CC="005"/>
						<SP ID="P6_SP01195" HPOS="2263" VPOS="3542" WIDTH="29"/>
						<String ID="P6_ST01334" HPOS="2292" VPOS="3511" WIDTH="18" HEIGHT="21" CONTENT="a" WC="1.00" CC="0"/>
						<SP ID="P6_SP01196" HPOS="2310" VPOS="3542" WIDTH="28"/>
						<String ID="P6_ST01335" HPOS="2338" VPOS="3498" WIDTH="111" HEIGHT="34" CONTENT="while" WC="1.00" CC="00000"/>
						<SP ID="P6_SP01197" HPOS="2449" VPOS="3542" WIDTH="28"/>
						<String ID="P6_ST01336" HPOS="2477" VPOS="3497" WIDTH="35" HEIGHT="33" CONTENT="in" WC="0.80" CC="30"/>
						<SP ID="P6_SP01198" HPOS="2512" VPOS="3542" WIDTH="30"/>
						<String ID="P6_ST01337" HPOS="2542" VPOS="3497" WIDTH="221" HEIGHT="42" CONTENT="California," WC="0.99" CC="00330521090"/>
						<SP ID="P6_SP01199" HPOS="2763" VPOS="3542" WIDTH="30"/>
						<String ID="P6_ST01338" HPOS="2793" VPOS="3509" WIDTH="205" HEIGHT="21" CONTENT="announces" WC="0.99" CC="030940000"/>
					</TextLine>
					<TextLine ID="P6_TL00139" HPOS="1640" VPOS="3543" WIDTH="1358" HEIGHT="46">
						<String ID="P6_ST01339" HPOS="1640" VPOS="3549" WIDTH="64" HEIGHT="33" CONTENT="her" WC="0.96" CC="604"/>
						<SP ID="P6_SP01200" HPOS="1704" VPOS="3582" WIDTH="30"/>
						<String ID="P6_ST01340" HPOS="1734" VPOS="3547" WIDTH="252" HEIGHT="42" CONTENT="approaching" WC="0.99" CC="10045000009"/>
						<SP ID="P6_SP01201" HPOS="1986" VPOS="3589" WIDTH="28"/>
						<String ID="P6_ST01341" HPOS="2014" VPOS="3547" WIDTH="136" HEIGHT="33" CONTENT="advent" WC="1.00" CC="000230"/>
						<SP ID="P6_SP01202" HPOS="2150" VPOS="3589" WIDTH="27"/>
						<String ID="P6_ST01342" HPOS="2177" VPOS="3546" WIDTH="74" HEIGHT="33" CONTENT="into" WC="0.99" CC="2003"/>
						<SP ID="P6_SP01203" HPOS="2251" VPOS="3589" WIDTH="28"/>
						<String ID="P6_ST01343" HPOS="2279" VPOS="3547" WIDTH="92" HEIGHT="32" CONTENT="New" WC="1.00" CC="000"/>
						<SP ID="P6_SP01204" HPOS="2371" VPOS="3589" WIDTH="28"/>
						<String ID="P6_ST01344" HPOS="2399" VPOS="3545" WIDTH="111" HEIGHT="32" CONTENT="York." WC="0.98" CC="14401"/>
						<SP ID="P6_SP01205" HPOS="2510" VPOS="3589" WIDTH="51"/>
						<String ID="P6_ST01345" HPOS="2561" VPOS="3546" WIDTH="78" HEIGHT="31" CONTENT="Her" WC="0.96" CC="405"/>
						<SP ID="P6_SP01206" HPOS="2639" VPOS="3589" WIDTH="29"/>
						<String ID="P6_ST01346" HPOS="2668" VPOS="3544" WIDTH="128" HEIGHT="33" CONTENT='"Little' WC="0.99" CC="4333000"/>
						<SP ID="P6_SP01207" HPOS="2796" VPOS="3589" WIDTH="28"/>
						<String ID="P6_ST01347" HPOS="2824" VPOS="3543" WIDTH="174" HEIGHT="34" CONTENT='Review"' WC="1.00" CC="2001004"/>
					</TextLine>
					<TextLine ID="P6_TL00140" HPOS="1640" VPOS="3589" WIDTH="1359" HEIGHT="47">
						<String ID="P6_ST01348" HPOS="1640" VPOS="3595" WIDTH="58" HEIGHT="33" CONTENT="for" WC="0.95" CC="056"/>
						<SP ID="P6_SP01208" HPOS="1698" VPOS="3628" WIDTH="24"/>
						<String ID="P6_ST01349" HPOS="1722" VPOS="3595" WIDTH="208" HEIGHT="34" CONTENT="November" WC="0.99" CC="04000005"/>
						<SP ID="P6_SP01209" HPOS="1930" VPOS="3629" WIDTH="23"/>
						<String ID="P6_ST01350" HPOS="1953" VPOS="3593" WIDTH="115" HEIGHT="43" CONTENT="prints" WC="0.99" CC="006030"/>
						<SP ID="P6_SP01210" HPOS="2068" VPOS="3636" WIDTH="23"/>
						<String ID="P6_ST01351" HPOS="2091" VPOS="3592" WIDTH="130" HEIGHT="42" CONTENT="mostly" WC="0.99" CC="090020"/>
						<SP ID="P6_SP01211" HPOS="2221" VPOS="3636" WIDTH="23"/>
						<String ID="P6_ST01352" HPOS="2244" VPOS="3591" WIDTH="153" HEIGHT="43" CONTENT="English" WC="0.99" CC="0081234"/>
						<SP ID="P6_SP01212" HPOS="2397" VPOS="3636" WIDTH="23"/>
						<String ID="P6_ST01353" HPOS="2420" VPOS="3590" WIDTH="273" HEIGHT="34" CONTENT="contributions." WC="1.00" CC="06004300016003"/>
						<SP ID="P6_SP01213" HPOS="2693" VPOS="3636" WIDTH="47"/>
						<String ID="P6_ST01354" HPOS="2740" VPOS="3591" WIDTH="35" HEIGHT="32" CONTENT="Is" WC="1.00" CC="00"/>
						<SP ID="P6_SP01214" HPOS="2775" VPOS="3636" WIDTH="23"/>
						<String ID="P6_ST01355" HPOS="2798" VPOS="3589" WIDTH="26" HEIGHT="34" CONTENT="it" WC="0.77" CC="40"/>
						<SP ID="P6_SP01215" HPOS="2824" VPOS="3636" WIDTH="21"/>
						<String ID="P6_ST01356" HPOS="2845" VPOS="3591" WIDTH="154" HEIGHT="33" CONTENT="because" WC="1.00" CC="0000700"/>
					</TextLine>
					<TextLine ID="P6_TL00141" HPOS="1640" VPOS="3636" WIDTH="1359" HEIGHT="47">
						<String ID="P6_ST01357" HPOS="1640" VPOS="3643" WIDTH="83" HEIGHT="40" CONTENT="they" WC="0.99" CC="0600"/>
						<SP ID="P6_SP01216" HPOS="1723" VPOS="3683" WIDTH="29"/>
						<String ID="P6_ST01358" HPOS="1752" VPOS="3653" WIDTH="97" HEIGHT="21" CONTENT="come" WC="0.98" CC="0700"/>
						<SP ID="P6_SP01217" HPOS="1849" VPOS="3683" WIDTH="32"/>
						<String ID="P6_ST01359" HPOS="1881" VPOS="3640" WIDTH="35" HEIGHT="33" CONTENT="in" WC="1.00" CC="00"/>
						<SP ID="P6_SP01218" HPOS="1916" VPOS="3683" WIDTH="29"/>
						<String ID="P6_ST01360" HPOS="1945" VPOS="3640" WIDTH="154" HEIGHT="34" CONTENT="without" WC="0.99" CC="0426500"/>
						<SP ID="P6_SP01219" HPOS="2099" VPOS="3683" WIDTH="28"/>
						<String ID="P6_ST01361" HPOS="2127" VPOS="3639" WIDTH="154" HEIGHT="41" CONTENT="trouble," WC="1.00" CC="10020013"/>
						<SP ID="P6_SP01220" HPOS="2281" VPOS="3683" WIDTH="30"/>
						<String ID="P6_ST01362" HPOS="2311" VPOS="3650" WIDTH="40" HEIGHT="21" CONTENT="or" WC="0.55" CC="44"/>
						<SP ID="P6_SP01221" HPOS="2351" VPOS="3683" WIDTH="30"/>
						<String ID="P6_ST01363" HPOS="2381" VPOS="3639" WIDTH="94" HEIGHT="32" CONTENT="can't" WC="1.00" CC="00030"/>
						<SP ID="P6_SP01222" HPOS="2475" VPOS="3683" WIDTH="30"/>
						<String ID="P6_ST01364" HPOS="2505" VPOS="3638" WIDTH="60" HEIGHT="32" CONTENT="she" WC="1.00" CC="000"/>
						<SP ID="P6_SP01223" HPOS="2565" VPOS="3683" WIDTH="32"/>
						<String ID="P6_ST01365" HPOS="2597" VPOS="3637" WIDTH="119" HEIGHT="41" CONTENT="really" WC="0.98" CC="601660"/>
						<SP ID="P6_SP01224" HPOS="2716" VPOS="3683" WIDTH="28"/>
						<String ID="P6_ST01366" HPOS="2744" VPOS="3637" WIDTH="74" HEIGHT="32" CONTENT="find" WC="0.95" CC="6960"/>
						<SP ID="P6_SP01225" HPOS="2818" VPOS="3683" WIDTH="31"/>
						<String ID="P6_ST01367" HPOS="2849" VPOS="3636" WIDTH="150" HEIGHT="42" CONTENT="equally" WC="1.00" CC="0000000"/>
					</TextLine>
					<TextLine ID="P6_TL00142" HPOS="1639" VPOS="3683" WIDTH="1360" HEIGHT="47">
						<String ID="P6_ST01368" HPOS="1639" VPOS="3690" WIDTH="94" HEIGHT="40" CONTENT="good" WC="0.97" CC="0930"/>
						<SP ID="P6_SP01226" HPOS="1733" VPOS="3730" WIDTH="31"/>
						<String ID="P6_ST01369" HPOS="1764" VPOS="3688" WIDTH="121" HEIGHT="41" CONTENT="things" WC="0.98" CC="093080"/>
						<SP ID="P6_SP01227" HPOS="1885" VPOS="3730" WIDTH="29"/>
						<String ID="P6_ST01370" HPOS="1914" VPOS="3687" WIDTH="36" HEIGHT="33" CONTENT="in" WC="0.92" CC="10"/>
						<SP ID="P6_SP01228" HPOS="1950" VPOS="3730" WIDTH="30"/>
						<String ID="P6_ST01371" HPOS="1980" VPOS="3699" WIDTH="66" HEIGHT="21" CONTENT="our" WC="0.96" CC="505"/>
						<SP ID="P6_SP01229" HPOS="2046" VPOS="3730" WIDTH="29"/>
						<String ID="P6_ST01372" HPOS="2075" VPOS="3698" WIDTH="81" HEIGHT="22" CONTENT="own" WC="0.98" CC="400"/>
						<SP ID="P6_SP01230" HPOS="2156" VPOS="3730" WIDTH="30"/>
						<String ID="P6_ST01373" HPOS="2186" VPOS="3686" WIDTH="175" HEIGHT="41" CONTENT="country?" WC="0.99" CC="04002600"/>
						<SP ID="P6_SP01231" HPOS="2361" VPOS="3730" WIDTH="54"/>
						<String ID="P6_ST01374" HPOS="2415" VPOS="3683" WIDTH="215" HEIGHT="35" CONTENT="Individual" WC="1.00" CC="0002020001"/>
						<SP ID="P6_SP01232" HPOS="2630" VPOS="3730" WIDTH="30"/>
						<String ID="P6_ST01375" HPOS="2660" VPOS="3683" WIDTH="214" HEIGHT="42" CONTENT="magazines" WC="0.99" CC="070400006"/>
						<SP ID="P6_SP01233" HPOS="2874" VPOS="3730" WIDTH="29"/>
						<String ID="P6_ST01376" HPOS="2903" VPOS="3683" WIDTH="96" HEIGHT="33" CONTENT="have" WC="0.99" CC="6000"/>
					</TextLine>
					<TextLine ID="P6_TL00143" HPOS="1640" VPOS="3729" WIDTH="1359" HEIGHT="48">
						<String ID="P6_ST01377" HPOS="1640" VPOS="3747" WIDTH="45" HEIGHT="21" CONTENT="no" WC="0.57" CC="25"/>
						<SP ID="P6_SP01234" HPOS="1685" VPOS="3768" WIDTH="26"/>
						<String ID="P6_ST01378" HPOS="1711" VPOS="3735" WIDTH="97" HEIGHT="42" CONTENT="right" WC="0.98" CC="06700"/>
						<SP ID="P6_SP01235" HPOS="1808" VPOS="3777" WIDTH="23"/>
						<String ID="P6_ST01379" HPOS="1831" VPOS="3742" WIDTH="34" HEIGHT="25" CONTENT="to" WC="0.73" CC="05"/>
						<SP ID="P6_SP01236" HPOS="1865" VPOS="3777" WIDTH="26"/>
						<String ID="P6_ST01380" HPOS="1891" VPOS="3733" WIDTH="90" HEIGHT="34" CONTENT="exist" WC="1.00" CC="00300"/>
						<SP ID="P6_SP01237" HPOS="1981" VPOS="3777" WIDTH="23"/>
						<String ID="P6_ST01381" HPOS="2004" VPOS="3733" WIDTH="106" HEIGHT="34" CONTENT="when" WC="0.99" CC="0500"/>
						<SP ID="P6_SP01238" HPOS="2110" VPOS="3777" WIDTH="24"/>
						<String ID="P6_ST01382" HPOS="2134" VPOS="3733" WIDTH="84" HEIGHT="41" CONTENT="they" WC="0.99" CC="0600"/>
						<SP ID="P6_SP01239" HPOS="2218" VPOS="3777" WIDTH="24"/>
						<String ID="P6_ST01383" HPOS="2242" VPOS="3732" WIDTH="95" HEIGHT="33" CONTENT="have" WC="1.00" CC="0000"/>
						<SP ID="P6_SP01240" HPOS="2337" VPOS="3777" WIDTH="27"/>
						<String ID="P6_ST01384" HPOS="2364" VPOS="3731" WIDTH="218" HEIGHT="32" CONTENT="abandoned" WC="1.00" CC="000605000"/>
						<SP ID="P6_SP01241" HPOS="2582" VPOS="3777" WIDTH="25"/>
						<String ID="P6_ST01385" HPOS="2607" VPOS="3730" WIDTH="94" HEIGHT="33" CONTENT="their" WC="0.98" CC="30007"/>
						<SP ID="P6_SP01242" HPOS="2701" VPOS="3777" WIDTH="25"/>
						<String ID="P6_ST01386" HPOS="2726" VPOS="3729" WIDTH="160" HEIGHT="43" CONTENT="original" WC="1.00" CC="00403000"/>
						<SP ID="P6_SP01243" HPOS="2886" VPOS="3777" WIDTH="28"/>
						<String ID="P6_ST01387" HPOS="2914" VPOS="3741" WIDTH="64" HEIGHT="31" CONTENT="pur" SUBS_TYPE="HypPart1" SUBS_CONTENT="purpose." WC="1.00" CC="002"/>
						<HYP HPOS="2978" VPOS="3741" WIDTH="21" CONTENT="-"/>
					</TextLine>
					<TextLine ID="P6_TL00144" HPOS="1640" VPOS="3794" WIDTH="96" HEIGHT="30">
						<String ID="P6_ST01388" HPOS="1640" VPOS="3794" WIDTH="96" HEIGHT="30" CONTENT="pose." SUBS_TYPE="HypPart2" SUBS_CONTENT="purpose." WC="0.99" CC="06004"/>
					</TextLine>
				</TextBlock>
				<TextBlock ID="P6_TB00013" HPOS="1637" VPOS="3834" WIDTH="689" HEIGHT="46" STYLEREFS="TXT_0 PAR_RIGHT">
					<TextLine ID="P6_TL00145" HPOS="1639" VPOS="3836" WIDTH="680" HEIGHT="44">
						<String ID="P6_ST01389" HPOS="1639" VPOS="3841" WIDTH="156" HEIGHT="39" CONTENT="Poetry," WC="0.99" CC="6070040"/>
						<SP ID="P6_SP01244" HPOS="1795" VPOS="3880" WIDTH="23"/>
						<String ID="P6_ST01390" HPOS="1818" VPOS="3838" WIDTH="67" HEIGHT="34" CONTENT="the" WC="0.96" CC="072"/>
						<SP ID="P6_SP01245" HPOS="1885" VPOS="3880" WIDTH="22"/>
						<String ID="P6_ST01391" HPOS="1907" VPOS="3838" WIDTH="204" HEIGHT="40" CONTENT="Magazine" WC="0.98" CC="07740535"/>
						<SP ID="P6_SP01246" HPOS="2111" VPOS="3880" WIDTH="23"/>
						<String ID="P6_ST01392" HPOS="2134" VPOS="3836" WIDTH="41" HEIGHT="33" CONTENT="of" WC="0.43" CC="46"/>
						<SP ID="P6_SP01247" HPOS="2175" VPOS="3880" WIDTH="20"/>
						<String ID="P6_ST01393" HPOS="2195" VPOS="3837" WIDTH="124" HEIGHT="32" CONTENT="Verse" WC="1.00" CC="20000"/>
					</TextLine>
				</TextBlock>
				<TextBlock ID="P6_TB00014" HPOS="1639" VPOS="3880" WIDTH="1361" HEIGHT="136" STYLEREFS="TXT_0 PAR_LEFT">
					<TextLine ID="P6_TL00146" HPOS="1688" VPOS="3881" WIDTH="1311" HEIGHT="42">
						<String ID="P6_ST01394" HPOS="1688" VPOS="3886" WIDTH="153" HEIGHT="33" CONTENT="Harriet" WC="0.99" CC="3066102"/>
						<SP ID="P6_SP01248" HPOS="1841" VPOS="3919" WIDTH="29"/>
						<String ID="P6_ST01395" HPOS="1870" VPOS="3887" WIDTH="156" HEIGHT="31" CONTENT="Monroe" WC="0.99" CC="030600"/>
						<SP ID="P6_SP01249" HPOS="2026" VPOS="3919" WIDTH="31"/>
						<String ID="P6_ST01396" HPOS="2057" VPOS="3884" WIDTH="206" HEIGHT="34" CONTENT="elaborates" WC="1.00" CC="2000500100"/>
						<SP ID="P6_SP01250" HPOS="2263" VPOS="3919" WIDTH="31"/>
						<String ID="P6_ST01397" HPOS="2294" VPOS="3883" WIDTH="35" HEIGHT="32" CONTENT="in" WC="0.81" CC="30"/>
						<SP ID="P6_SP01251" HPOS="2329" VPOS="3919" WIDTH="29"/>
						<String ID="P6_ST01398" HPOS="2358" VPOS="3883" WIDTH="64" HEIGHT="32" CONTENT="her" WC="1.00" CC="000"/>
						<SP ID="P6_SP01252" HPOS="2422" VPOS="3919" WIDTH="31"/>
						<String ID="P6_ST01399" HPOS="2453" VPOS="3881" WIDTH="182" HEIGHT="42" CONTENT="editorial," WC="1.00" CC="0050162010"/>
						<SP ID="P6_SP01253" HPOS="2635" VPOS="3923" WIDTH="32"/>
						<String ID="P6_ST01400" HPOS="2667" VPOS="3881" WIDTH="142" HEIGHT="33" CONTENT='"Truth' WC="0.97" CC="407096"/>
						<SP ID="P6_SP01254" HPOS="2809" VPOS="3923" WIDTH="31"/>
						<String ID="P6_ST01401" HPOS="2840" VPOS="3881" WIDTH="70" HEIGHT="33" CONTENT="and" WC="1.00" CC="000"/>
						<SP ID="P6_SP01255" HPOS="2910" VPOS="3923" WIDTH="31"/>
						<String ID="P6_ST01402" HPOS="2941" VPOS="3881" WIDTH="58" HEIGHT="33" CONTENT="the" WC="0.93" CC="774"/>
					</TextLine>
					<TextLine ID="P6_TL00147" HPOS="1640" VPOS="3927" WIDTH="1360" HEIGHT="47">
						<String ID="P6_ST01403" HPOS="1640" VPOS="3934" WIDTH="195" HEIGHT="33" CONTENT='Paradox"' WC="0.99" CC="00600504"/>
						<SP ID="P6_SP01256" HPOS="1835" VPOS="3967" WIDTH="32"/>
						<String ID="P6_ST01404" HPOS="1867" VPOS="3944" WIDTH="43" HEIGHT="21" CONTENT="on" WC="0.93" CC="10"/>
						<SP ID="P6_SP01257" HPOS="1910" VPOS="3967" WIDTH="33"/>
						<String ID="P6_ST01405" HPOS="1943" VPOS="3933" WIDTH="176" HEIGHT="41" CONTENT="Mystery," WC="1.00" CC="00000003"/>
						<SP ID="P6_SP01258" HPOS="2119" VPOS="3974" WIDTH="33"/>
						<String ID="P6_ST01406" HPOS="2152" VPOS="3932" WIDTH="82" HEIGHT="31" CONTENT='"not' WC="0.99" CC="4020"/>
						<SP ID="P6_SP01259" HPOS="2234" VPOS="3974" WIDTH="29"/>
						<String ID="P6_ST01407" HPOS="2263" VPOS="3930" WIDTH="58" HEIGHT="33" CONTENT="the" WC="0.96" CC="370"/>
						<SP ID="P6_SP01260" HPOS="2321" VPOS="3974" WIDTH="32"/>
						<String ID="P6_ST01408" HPOS="2353" VPOS="3936" WIDTH="189" HEIGHT="36" CONTENT="greatness" WC="0.99" CC="860029000"/>
						<SP ID="P6_SP01261" HPOS="2542" VPOS="3974" WIDTH="29"/>
						<String ID="P6_ST01409" HPOS="2571" VPOS="3929" WIDTH="63" HEIGHT="32" CONTENT="but" WC="0.98" CC="032"/>
						<SP ID="P6_SP01262" HPOS="2634" VPOS="3974" WIDTH="29"/>
						<String ID="P6_ST01410" HPOS="2663" VPOS="3928" WIDTH="59" HEIGHT="33" CONTENT="the" WC="0.98" CC="060"/>
						<SP ID="P6_SP01263" HPOS="2722" VPOS="3974" WIDTH="32"/>
						<String ID="P6_ST01411" HPOS="2754" VPOS="3927" WIDTH="177" HEIGHT="34" CONTENT="littleness" WC="0.99" CC="0067009000"/>
						<SP ID="P6_SP01264" HPOS="2931" VPOS="3974" WIDTH="31"/>
						<String ID="P6_ST01412" HPOS="2962" VPOS="3927" WIDTH="38" HEIGHT="32" CONTENT="of" WC="0.53" CC="71"/>
					</TextLine>
					<TextLine ID="P6_TL00148" HPOS="1642" VPOS="3974" WIDTH="1357" HEIGHT="42">
						<String ID="P6_ST01413" HPOS="1642" VPOS="3981" WIDTH="98" HEIGHT="33" CONTENT='life."' WC="0.99" CC="230036"/>
						<SP ID="P6_SP01265" HPOS="1740" VPOS="4014" WIDTH="47"/>
						<String ID="P6_ST01414" HPOS="1787" VPOS="3979" WIDTH="93" HEIGHT="34" CONTENT="This" WC="0.98" CC="0610"/>
						<SP ID="P6_SP01266" HPOS="1880" VPOS="4014" WIDTH="23"/>
						<String ID="P6_ST01415" HPOS="1903" VPOS="3979" WIDTH="172" HEIGHT="33" CONTENT="Paradox" WC="1.00" CC="0000060"/>
						<SP ID="P6_SP01267" HPOS="2075" VPOS="4014" WIDTH="23"/>
						<String ID="P6_ST01416" HPOS="2098" VPOS="3978" WIDTH="38" HEIGHT="33" CONTENT="of" WC="0.65" CC="70"/>
						<SP ID="P6_SP01268" HPOS="2136" VPOS="4014" WIDTH="23"/>
						<String ID="P6_ST01417" HPOS="2159" VPOS="3978" WIDTH="97" HEIGHT="33" CONTENT="truth" WC="0.99" CC="30006"/>
						<SP ID="P6_SP01269" HPOS="2256" VPOS="4014" WIDTH="25"/>
						<String ID="P6_ST01418" HPOS="2281" VPOS="3976" WIDTH="28" HEIGHT="33" CONTENT="is" WC="1.00" CC="00"/>
						<SP ID="P6_SP01270" HPOS="2309" VPOS="4014" WIDTH="24"/>
						<String ID="P6_ST01419" HPOS="2333" VPOS="3989" WIDTH="38" HEIGHT="20" CONTENT="so" WC="0.65" CC="07"/>
						<SP ID="P6_SP01271" HPOS="2371" VPOS="4014" WIDTH="23"/>
						<String ID="P6_ST01420" HPOS="2394" VPOS="3975" WIDTH="215" HEIGHT="41" CONTENT="mysterious" WC="1.00" CC="0004002600"/>
						<SP ID="P6_SP01272" HPOS="2609" VPOS="4016" WIDTH="25"/>
						<String ID="P6_ST01421" HPOS="2634" VPOS="3974" WIDTH="35" HEIGHT="33" CONTENT="in" WC="1.00" CC="00"/>
						<SP ID="P6_SP01273" HPOS="2669" VPOS="4016" WIDTH="25"/>
						<String ID="P6_ST01422" HPOS="2694" VPOS="3974" WIDTH="44" HEIGHT="33" CONTENT="its" WC="0.98" CC="300"/>
						<SP ID="P6_SP01274" HPOS="2738" VPOS="4016" WIDTH="23"/>
						<String ID="P6_ST01423" HPOS="2761" VPOS="3974" WIDTH="238" HEIGHT="34" CONTENT="well-chosen" WC="1.00" CC="00410000014"/>
					</TextLine>
				</TextBlock>
			</PrintSpace>
		</Page>
	</Layout>
</alto>
