3076 4389
224 242 80 30 1218

1380 246 206 33 BRUNO'S
1619 247 214 32 WEEKLY

256 3808 171 31 Bruno's
451 3810 178 37 Weekly,
654 3811 216 37 published
893 3813 155 37 weekly
1071 3813 53 37 by
1138 3813 172 32 Bruno's
1342 3815 167 36 Weekly
1510 3837 10 14 u
1554 3817 95 36 Inc.,
1683 3822 45 27 at
1761 3819 72 29 No.
1871 3819 45 29 10
1948 3817 119 31 Fifth
2104 3819 177 36 Avenue,
2319 3820 98 30 New
2452 3820 113 30 York
2603 3821 98 38 City.
2753 3822 146 32 Edited

256 3855 82 30 and
363 3856 163 32 written
550 3857 53 36 by
629 3857 130 31 Guido
785 3858 149 31 Bruno.
976 3860 279 40 Subscription
1281 3862 48 37 $2
1356 3874 25 22 a
1407 3873 106 30 year.

360 3904 177 29 Entered
563 3912 45 21 as
634 3906 147 29 second
809 3906 103 30 class
938 3909 149 28 matter
1112 3911 42 28 at
1178 3910 69 30 the
1272 3912 96 30 Post
1393 3913 120 31 Office
1539 3914 43 30 of
1605 3915 97 29 New
1726 3915 121 36 York,
1874 3916 47 29 N.
1948 3916 57 33 Y.,
2024 3916 171 29 October
2240 3916 103 35 14th,
2391 3918 106 34 1915,
2543 3919 129 28 under
2715 3919 68 30 the
2827 3920 73 29 Act

258 3949 42 29 of
328 3949 141 31 March
500 3949 57 34 3d,
592 3951 106 30 1897.

1635 375 87 80 At
1758 376 113 80 the
1908 377 152 98 Sign
2098 377 74 80 of
2206 379 112 78 the
2356 379 215 80 Green
2609 380 212 79 Witch

1778 525 137 40 Meals
1953 525 43 40 of
2037 525 188 41 Peculiar
2263 527 241 50 Excellency
2543 527 149 41 Served
2731 544 22 24 a
2792 529 60 40 La

1833 593 126 41 Carte
1993 595 79 40 and
2106 593 134 42 Table
2275 595 176 41 D'Hote

1776 674 221 40 Luncheon
2027 675 107 40 from
2167 675 43 40 11
2243 685 40 31 to
2312 676 36 40 3.
2406 677 174 48 Dinner,
2609 677 90 49 6p.
2727 688 124 30 m.to

1833 743 21 40 8
1887 759 36 33 p.
1955 760 52 24 m.
2066 744 234 40 Afternoon
2330 744 92 41 Tea
2453 745 170 41 Service.

1906 824 218 49 Managed
2150 826 47 48 by
2223 825 96 41 Ella
2347 826 195 49 Whitney
2573 826 141 41 Gould

1631 938 73 47 49
1744 936 126 50 East
1912 937 128 49 10th
2078 938 179 50 Street
2664 939 134 50 New
2834 939 149 50 York

1632 1637 280 61 Readers
1941 1639 72 59 of
2041 1639 270 61 Bruno's
2342 1640 273 73 Weekly

1632 1764 108 36 are
1768 1741 199 61 asked

1633 1855 68 50 to
1733 1845 266 61 become
2034 1846 405 62 Subscribers

197 3352 108 33 6340
331 3350 176 35 SPRING
891 3357 53 32 80
971 3353 347 38 WASHINGTON
1344 3358 205 42 SQUARE

189 3499 313 52 NEWTON
549 3500 318 54 MERRILL

395 3669 197 36 EXPERT
626 3672 50 33 IN
711 3672 238 35 INTERIOR
982 3673 364 36 DECORATIONS

288 423 172 34 Bernard
489 424 124 39 Shaw,
645 425 65 34 the
740 428 186 32 sincerest
955 427 77 34 and
1062 436 99 25 most
1189 428 169 42 brutally
1387 428 115 36 frank

290 483 109 32 critic
435 482 40 33 of
509 482 158 42 English
702 483 143 39 letters,
882 493 122 25 wrote
1039 485 101 34 after
1177 486 161 42 reading
1373 486 129 35 Frank

288 539 148 34 Harris*
467 540 171 34 OSCAR
665 541 202 34 WILDE'S
895 542 106 34 LIFE
1029 543 107 34 AND
1166 543 336 36 CONFESSIONS

288 611 20 19 a
335 597 160 41 profuse
521 598 113 34 letter
661 598 41 35 of
726 602 271 39 appreciation
1023 609 39 25 to
1091 600 128 35 Frank
1246 602 148 39 Harris,
1425 603 76 34 and

285 663 70 33 put
380 655 59 34 his
464 670 86 20 own
576 659 300 31 reminiscences
901 658 40 33 of
966 658 125 34 Oscar
1116 659 137 40 Wilde,
1280 675 22 18 a
1328 668 106 34 story
1460 661 41 34 of

287 713 65 33 the
381 713 134 42 length
545 714 42 34 of
615 714 120 42 thirty
764 715 195 35 thousand
988 717 139 38 words,
1160 725 39 26 at
1229 718 65 33 the
1324 718 176 35 author's

286 771 181 41 disposal.

284 863 172 34 Bernard
503 864 114 34 Shaw
663 865 124 34 closes
833 865 58 34 his
937 866 114 34 letter
1097 875 40 25 to
1171 867 127 34 Frank
1344 868 154 35 Harris:

285 922 92 33 This
402 922 220 42 biography
649 924 42 33 of
714 938 120 27 yours
859 924 70 34 has
954 926 127 41 wiped
1107 933 70 27 out
1201 926 50 34 all
1277 926 114 34 other
1415 927 82 35 bio-

282 979 195 42 graphies.

284 1070 127 35 Frank
441 1072 137 34 Harris
607 1073 69 33 has
706 1075 91 40 only
827 1089 21 19 a
877 1089 93 28 very
999 1075 73 34 few
1103 1078 131 40 copies
1263 1077 69 34 left
1362 1077 40 35 of
1431 1078 65 34 the

283 1138 76 24 two
386 1130 166 34 editions
578 1131 41 34 of
644 1131 58 34 his
726 1132 117 34 book.

282 1221 108 34 Book
416 1223 206 34 collectors
646 1224 76 34 and
748 1225 189 33 admirers
964 1226 40 33 of
1029 1226 125 34 Oscar
1180 1227 125 34 Wilde
1333 1228 164 35 realized

284 1280 157 42 quickly
474 1280 64 34 the
571 1282 249 40 significance
853 1283 40 33 of
924 1283 65 34 the
1021 1284 110 34 work
1163 1285 76 34 and
1272 1285 75 34 this
1377 1286 116 39 book,

282 1351 98 20 once
404 1346 67 25 out
494 1339 40 33 of
555 1341 115 39 print,
695 1340 76 34 will
794 1340 47 34 be
865 1341 168 34 counted
1057 1357 145 28 among
1224 1343 64 33 the
1312 1345 185 40 priceless

282 1395 153 34 dreams
460 1396 40 34 of
525 1411 21 19 a
572 1397 243 35 book-lover.

281 1487 121 34 Write
442 1488 61 34 for
542 1503 20 19 a
602 1498 233 33 prospectus
873 1491 76 33 and
987 1506 78 27 you
1105 1507 88 27 may
1232 1501 65 33 yet
1335 1494 99 34 have
1473 1510 22 19 a

282 1545 148 34 chance
458 1554 38 25 to
524 1546 78 42 buy
630 1550 27 31 it
685 1548 60 33 for
773 1548 64 33 the
865 1549 234 41 publisher's
1128 1552 164 41 original
1320 1554 107 39 price
1455 1553 42 34 of

281 1611 65 26 ten
373 1618 45 19 or
445 1612 144 33 twenty
618 1604 143 35 dollars
790 1607 266 41 respectively.

592 1710 212 35 BRUNO'S
841 1711 221 41 WEEKLY,
1100 1713 78 34 Inc.

471 1790 71 33 No.
575 1793 48 30 10
649 1791 102 33 Fifth
778 1792 113 41 Ave.,
918 1793 93 34 New
1037 1794 120 40 York,
1183 1795 46 33 N.
1257 1795 43 33 Y.

1720 1094 54 33 At
1803 1094 99 33 THE
1932 1096 112 33 NEW
2074 1095 149 35 ROMA
2255 1098 338 33 RESTAURANT
2623 1098 41 34 of
2693 1098 132 34 health
2854 1098 131 35 where

1635 1154 78 27 you
1734 1148 65 26 eat
1818 1141 83 33 first
1918 1142 98 33 class
2038 1143 77 33 and
2138 1143 148 42 quality
2309 1143 42 34 of
2372 1145 137 33 Italian
2530 1145 78 33 and
2630 1145 214 33 American
2866 1145 119 34 cook-

1637 1188 65 40 ing
1728 1194 40 27 at
1793 1188 201 33 moderate
2021 1190 140 40 prices,
2189 1204 23 19 a
2236 1190 38 33 la
2300 1191 131 40 Carte,
2458 1204 75 20 run
2558 1192 52 40 by
2634 1192 68 33 the
2727 1192 86 33 well
2841 1192 144 34 known

1637 1234 158 33 PETER
1840 1235 162 40 ROMA,
2051 1236 164 41 nothing
2247 1237 75 33 will
2356 1238 48 32 be
2437 1238 204 41 neglected
2671 1238 94 34 with
2796 1239 67 33 the
2895 1239 88 34 bedt

1635 1282 194 32 attention
1850 1288 41 26 to
1916 1282 236 42 everybody.
2206 1284 237 41 Everything
2468 1286 31 31 is
2523 1285 125 34 brand
2672 1298 86 21 new
2783 1286 77 33 and
2884 1287 100 32 sani-

1634 1333 100 34 tary.
1785 1327 179 42 Dancing
1984 1342 119 28 every
2123 1330 194 41 Saturday
2337 1331 78 33 and
2435 1331 170 41 Sunday.
2657 1331 133 35 Grand
2812 1332 88 34 Hall
2923 1332 62 34 for

1634 1373 209 41 Banquets,
1874 1374 223 42 Weddings,
2128 1383 74 26 etc.

2030 1423 41 33 P.
2119 1423 219 41 ROMA,
2399 1425 190 40 Manager

1748 1470 124 31 87-89
1898 1468 234 41 Macdougal
2158 1470 68 40 St.,
2253 1484 80 19 cor.
2360 1471 187 33 Bleecker
2571 1472 67 40 St.,
2665 1472 84 33 first
2773 1471 99 34 floor

2044 1515 226 42 Telephone
2296 1517 142 41 Spring
2468 1519 107 32 1324

312 1982 217 60 Bruno
555 1983 185 73 Chap
766 1985 235 61 Books.

421 2064 289 43 Twenty-eight
736 2067 179 35 booklets
942 2071 227 40 containing
1195 2071 67 34 the
1290 2079 102 27 most
1418 2074 232 41 interesting
1676 2075 109 33 work
1813 2076 41 33 of
1877 2076 67 33 the
1971 2083 102 27 most
2098 2079 146 40 unique
2270 2080 151 32 writers
2448 2080 42 33 of
2512 2080 68 34 the
2605 2088 89 34 past
2718 2088 162 35 twenty-

310 2110 73 33 five
408 2124 125 28 years.

419 2157 131 34 Prices
570 2160 166 40 ranging
758 2159 102 35 from
882 2161 134 34 fifteen
1038 2169 109 27 cents
1166 2169 42 27 to
1230 2163 85 41 fifty
1338 2171 121 28 cents.

565 2204 61 33 for
651 2206 205 40 catalgoue
880 2208 78 33 and
981 2209 96 33 send
1100 2216 185 27 one-cent
1308 2216 140 36 stamp.
1489 2212 31 33 It
1544 2214 182 32 contains
1751 2213 67 34 the
1846 2221 108 35 story
1982 2215 41 33 of
2048 2216 164 33 Bruno's
2239 2217 158 34 Garrett
2423 2218 101 33 from
2553 2232 23 19 a
2601 2220 132 40 public
2761 2234 118 27 grave

306 2248 171 42 digger's
496 2251 81 33 tool
600 2250 122 35 house
743 2259 40 26 to
804 2252 67 34 the
892 2253 216 35 exhibition
1129 2255 149 42 gallery
1300 2256 41 34 of
1361 2258 165 33 modern
1547 2259 146 34 artists'
1716 2260 122 33 work.

304 2325 272 61 Bruno's
602 2326 292 74 Weekly,
930 2331 80 59 10
1037 2330 175 60 Fifth
1239 2331 292 74 Avenue,
1560 2333 161 62 New
1748 2336 178 60 York
1954 2338 169 71 City.

1768 2474 81 59 14
1874 2474 239 62 Stories
2140 2477 89 71 by
2255 2478 441 74 Maupassant,

1794 2556 76 35 F#r
1899 2558 52 34 35
1982 2565 109 28 cents
2121 2561 184 41 postpaid

1815 2614 146 35 Stories
1992 2616 41 34 of
2063 2616 65 34 the
2159 2617 181 43 Tragedy
2371 2619 76 34 and
2479 2620 176 41 Comedy
2686 2620 40 35 of
2756 2621 94 39 Life,
2882 2622 92 34 with

1759 2675 50 20 an
1839 2661 266 35 introduction
2133 2663 51 42 by
2213 2663 94 35 Paul
2336 2665 181 42 Bourget.
2563 2666 160 42 Prettily
2752 2668 154 40 printed
2937 2670 37 31 in

1759 2707 107 41 large
1905 2716 91 34 type
2034 2723 52 20 on
2124 2712 179 39 superior
2340 2726 134 26 paper,
2513 2712 93 34 with
2645 2713 254 35 illustrations
2937 2717 37 31 in

1759 2754 108 33 color
1904 2754 50 41 by
1994 2755 115 34 Clare
2146 2756 138 34 Victor
2322 2756 209 43 Dwiggins.
2594 2758 124 39 16mo,
2759 2760 80 33 stiff
2877 2760 97 34 dark

1760 2814 118 27 green
1907 2815 124 27 paper
2061 2816 128 25 cover,
2222 2803 125 41 rough
2378 2804 127 41 edges.
2545 2804 100 43 (196
2676 2806 155 42 pages.)
2883 2806 91 34 New

1757 2846 118 39 York,
1902 2847 49 34 M.
1978 2848 148 34 Walter
2150 2848 152 40 Dunne,
2338 2849 111 35 1914.
2498 2850 114 43 (Pub.
2641 2851 49 33 50
2719 2852 142 42 cents.)

1814 2893 225 41 Comprises
2074 2894 64 34 the
2176 2895 200 42 following
2411 2896 108 34 short
2556 2900 155 31 stories:
2745 2897 83 35 The
2866 2898 107 35 False

1756 2938 132 37 Gems,
1910 2940 92 33 Was
2024 2942 27 32 it
2073 2955 21 19 a
2118 2941 187 39 Dream?;
2328 2942 167 34 Simon's
2518 2943 140 41 Paper;
2684 2943 41 35 In
2747 2944 66 34 the
2837 2945 135 34 Moon-

1757 2985 112 42 light;
1896 2985 82 35 The
2006 2987 75 33 Old
2109 2987 121 39 Maid;
2257 2987 82 35 The
2366 2989 184 34 Lancer's
2576 2990 117 38 Wife;
2721 2990 83 34 The
2832 2990 140 42 Sequel

1756 3039 39 25 to
1836 3046 21 19 a
1898 3032 183 39 Divorce;
2122 3033 82 34 The
2244 3034 331 42 Englishwoman;
2618 3036 231 39 Sentiment;
2890 3037 82 33 The

1756 3077 241 40 Fishermen;
2032 3079 41 34 In
2107 3079 58 35 his
2199 3080 273 34 Sweetheart's
2506 3081 154 42 Livery;
2695 3082 158 39 Bertha;
2889 3083 81 34 Dis-

1756 3138 158 28 covery;
1935 3125 76 34 and
2030 3126 37 33 A
2088 3126 176 42 Message
2286 3127 40 34 of
2346 3126 114 35 Love.

2057 3173 255 35 CONDOR'S
2339 3174 143 34 BOOK
2509 3175 161 33 STORE

2196 3219 77 34 366
2303 3219 101 34 Fifth
2432 3220 97 33 Ave.

1763 3263 121 35 Write
1911 3263 60 35 for
1998 3267 230 39 interesting
2255 3267 205 39 catalogue
2488 3266 40 34 of
2553 3266 137 34 books.

204 2471 295 64 OSCAR
522 2474 350 63 WILDE'S

202 2556 255 40 Impressions
482 2557 42 33 of
547 2557 186 35 America

201 2602 130 34 edited
358 2603 93 33 with
481 2617 51 19 an
561 2604 267 34 introduction
856 2606 51 41 by
936 2607 133 34 Stuart
1097 2608 151 34 Mason.

203 2661 78 33 One
309 2659 39 43 /
374 2660 59 35 the
463 2660 160 44 original
649 2671 67 33 500
744 2662 118 44 copies
888 2663 158 43 printed.

293 2706 92 34 This
414 2708 101 41 book,
544 2708 145 34 written
719 2711 46 41 by
794 2712 114 32 Oscar
936 2711 127 34 Wilde
1093 2725 94 29 upon
1218 2712 54 35 his
1302 2722 124 25 return
1456 2714 96 35 from

292 2754 79 34 that
407 2755 223 34 memorable
670 2756 134 35 lecture
842 2765 82 26 tour
960 2759 158 42 through
1155 2759 183 44 America,
1388 2761 164 35 contains

293 2812 95 22 some
416 2801 40 33 of
483 2802 58 33 the
570 2803 104 33 finest
701 2804 348 34 characterizations
1078 2806 39 32 of
1145 2806 183 34 America,
1359 2820 38 21 as
1425 2808 126 35 Wilde

293 2859 76 22 saw
397 2847 35 34 it.
484 2850 56 32 He
567 2848 70 34 hits
665 2850 224 43 mercilessly
918 2853 69 32 and
1016 2852 43 33 he
1087 2852 140 42 praises
1255 2854 205 43 effusively.
1510 2857 42 31 In

291 2894 58 33 the
390 2895 185 42 appendix
614 2895 30 34 is
685 2908 44 22 an
770 2897 215 43 interesting
1023 2899 190 34 collection
1254 2900 39 33 of
1333 2912 218 33 newspaper

291 2940 212 36 interviews
538 2942 90 34 with
665 2943 137 34 Wilde.

200 2988 32 32 It
263 2987 30 33 is
326 2999 19 21 a
378 3000 82 22 rare
493 2989 125 34 Wilde
650 2989 94 43 item,
776 2991 192 42 published
1001 2992 45 42 by
1077 3005 66 21 one
1175 2993 39 33 of
1244 2994 157 35 Wilde's
1434 2995 117 35 oldest

199 3033 142 34 friends
378 3036 70 32 and
484 3035 56 34 his
574 3036 288 43 bibliographer.

199 3080 97 43 Only
318 3093 20 21 a
360 3081 73 35 few
456 3082 120 42 copies
600 3083 68 34 left
688 3083 120 35 which
830 3084 78 34 will
932 3086 41 33 be
999 3093 76 26 sent
1097 3093 35 26 to
1154 3088 100 33 those
1278 3088 122 34 whose
1423 3090 127 33 orders

200 3128 108 33 reach
337 3140 39 21 us
407 3136 36 26 at
470 3129 78 34 first
576 3130 59 33 for
661 3128 100 42 $1.00
790 3132 181 41 postpaid.

558 3177 265 35 SCHULTE'S
858 3180 139 32 BOOK
1032 3180 157 33 STORE

671 3227 62 32 132
761 3226 38 33 E.
828 3228 87 31 23rd
946 3227 136 33 Street

759 3273 94 33 New
882 3274 107 32 York

1685 3366 77 59 R.
1789 3366 567 61 EDERHEIMER

2303 3448 259 60 PRINT
2592 3450 379 61 CABINET

1963 3533 80 32 366
2072 3531 145 34 FIFTH
2247 3532 132 40 AVE.,
2409 3533 112 34 NEW
2550 3533 142 34 YORK

1684 3586 291 71 Original
2014 3586 341 74 Drawings
2394 3587 89 73 by
2522 3588 131 61 Old
2694 3588 274 63 Masters

1680 3680 93 33 ALL
1789 3679 380 35 APPRECIATIVE
2186 3680 235 35 VISITORS
2449 3681 290 35 CORDIALLY
2765 3682 208 34 INVITED
