3028 4049
661 269 153 53 Pour
846 269 289 55 s'abonner
1166 270 29 52 à
1238 288 33 34 «
1307 270 80 54 La
1421 270 122 55 Cité
1578 291 32 35 »
1644 289 77 37 ou
1754 270 217 56 obtenir
2001 272 92 54 des
2125 270 177 60 livres,
2339 272 41 53 il
2413 269 165 56 suffit

507 368 63 53 de
613 385 189 42 verser,
849 369 138 54 dans
1030 369 297 66 n'importe
1369 371 126 64 quel
1537 369 205 56 bureau
1785 371 92 54 des
1920 383 201 55 postes,
2169 387 70 37 au
2285 368 168 56 crédit
2498 371 76 52 du

505 480 216 54 compte
750 467 226 67 chèques
1007 481 240 55 postaux
1280 476 62 46 n*
1387 470 199 54 166.21
1628 471 187 56 Revue
1855 489 33 35 «
1924 470 81 54 La
2037 468 124 58 Cité
2197 489 55 40 »,
2286 470 53 53 la
2373 486 207 37 somme

505 566 104 54 due
640 581 52 40 et
722 568 271 53 d'inscrire
1022 585 93 36 sur
1144 568 48 53 le
1222 568 231 54 bulletin
1486 569 64 54 de
1581 583 296 42 versement
1909 570 47 53 le
1990 569 126 54 titre
2146 569 78 54 du
2255 569 136 53 livre
2422 581 53 41 et
2507 568 73 53 les

505 684 130 35 nom
668 679 51 41 et
748 667 202 55 adresse
978 667 76 53 du
1082 665 377 68 souscripteur.

353 823 157 46 PRIX
583 823 86 46 DE
744 823 517 47 L'ABONNEMENT
1333 824 50 47 A
1450 824 85 46 LA
1601 825 242 49 SÏXEME
1912 825 228 47 ANNEE
2217 825 88 46 DE

490 908 137 47 «LA
649 909 146 46 CITE
1308 927 23 28 »
2672 943 13 12 .
2380 909 142 48 25.00
2588 909 142 48 30.00

477 1007 113 46 Tout
615 1008 143 46 nouvel
783 1008 158 46 abonné
964 1018 95 45 peut
1079 1008 169 50 obtenir,
1275 1011 27 44 à
1324 1009 88 45 titre
1434 1008 53 47 de
1509 1012 125 52 prime
1669 1030 10 26 :

361 1121 40 55 a)
538 1121 23 43 5
568 1129 16 19 e
608 1124 126 42 année
754 1119 52 46 de
835 1120 113 46 «La
971 1120 90 45 Cité
1089 1138 43 31 »,
1158 1138 52 28 au
1230 1121 89 54 prix
1341 1120 128 46 réduit
1492 1121 53 45 de
1759 1157 10 11 .
1903 1157 9 11 .
2046 1157 9 11 .
2190 1157 10 11 .
2333 1157 11 11 «
2390 1123 133 45 10.00
2598 1123 134 46 12.50

481 1194 80 45 Les
587 1195 25 44 3
618 1204 15 18 e
659 1203 37 36 et
722 1196 30 43 4
754 1204 15 19 e
795 1198 145 41 années
966 1195 50 45 de
1049 1194 114 46 «La
1188 1194 93 46 Cité
1307 1212 42 39 »,
1377 1211 52 30 au
1451 1196 86 54 prix
1573 1196 127 45 réduit
1736 1197 52 44 de
1897 1233 10 10 .
2040 1230 10 11 .
2184 1230 11 17 «
2410 1197 110 46 5.00
2620 1197 108 46 7.50

478 1281 77 55 (Le
586 1283 88 52 prix
703 1299 51 27 en
785 1281 172 46 librairie
987 1292 58 34 est
1074 1281 53 45 de
1165 1281 55 45 10
1254 1281 134 46 francs
1419 1281 208 54 Belgique,
1661 1284 50 44 15
1739 1283 134 46 francs
1895 1285 225 55 étranger).

349 1379 44 57 b)
438 1380 60 44 Le
523 1380 125 47 Cœur
672 1380 51 45 de
746 1379 41 46 la
816 1379 108 46 Ville
948 1380 51 44 de
1023 1379 211 46 Bruxelles
1236 1413 12 17 f
1271 1397 75 37 par
1368 1380 169 45 Charles
1557 1381 112 50 Buis,
1693 1400 98 29 avec
1811 1383 226 47 traduction
2057 1384 125 47 d'une
2201 1385 141 46 confé-

476 1470 116 28 rence
613 1453 52 45 de
688 1453 50 45 C.
762 1452 155 46 Giïrlitt
938 1470 64 28 sur
1026 1453 39 45 la
1096 1470 24 28 «
1144 1452 289 46 Conservation
1456 1453 56 45 du
1535 1472 109 28 cœur
1664 1456 255 46 d'anciennes
1938 1458 111 47 villes
2071 1476 41 28 ».
2136 1458 98 46 Une
2251 1458 93 47 bro-

475 1526 121 46 chure
619 1527 53 44 de
696 1528 61 47 24
780 1544 137 37 pages.
943 1527 117 55 (Prix
1081 1544 50 28 en
1154 1526 170 46 librairie
1355 1545 11 26 :
1391 1527 28 45 2
1445 1527 166 57 francs.)
1750 1564 442 14 ....
2325 1567 13 16 ,
2453 1538 147 51 gratuit

352 1626 40 53 c)
437 1625 236 54 L'Abbaye
701 1625 51 45 de
780 1625 39 46 la
848 1625 176 46 Cambre
1026 1658 12 16 ,
1065 1642 75 37 par
1165 1625 58 46 G.
1253 1625 70 45 des
1350 1625 160 46 Marez.
1534 1625 116 54 (Prix
1674 1644 50 27 en
1751 1627 172 46 librairie
1956 1647 10 27 :
1998 1629 50 47 fr.
2084 1631 147 54 1.5Q).
2326 1666 10 11 .
2452 1635 147 51 gratuit

348 1723 46 57 d)
437 1724 113 46 Paul
580 1724 179 46 Hankar
791 1723 331 57 (1859-1901),
1156 1740 75 38 par
1264 1723 79 47 Ch.
1378 1723 226 54 Conrardy,
1637 1734 39 34 et
1705 1723 152 55 Raym.
1891 1726 198 47 Thibaut
2126 1727 97 46 Une
2252 1728 94 46 bro-

479 1785 123 46 chure
628 1785 185 46 illustrée.
847 1785 98 46 Prix
975 1803 49 28 en
1051 1784 172 47 librairie
1259 1801 11 30 :
1303 1785 27 47 3
1363 1785 144 46 francs.
1598 1818 15 20 ,
1742 1819 16 20 a
1885 1820 15 19 .
2030 1821 15 20 e
2175 1824 15 19 »
2449 1795 149 51 gratuit

586 2255 428 77 6hauffegosâ(ge

788 2455 25 25 8

257 2578 101 110 F.
452 2576 521 112 LIMPENS
1077 2578 74 120 S
1242 2576 69 109 C
1316 2586 51 38 ,e

580 2735 280 44 Ingénieurs
889 2733 146 38 Civils

254 2831 45 69 71,
325 2849 56 47 rue
423 2831 93 69 Ban,
546 2830 215 62 BRUXELLES
875 2862 33 20 -
1020 2829 187 72 Téliphon
1246 2827 121 66 236.15

253 2930 56 70 24,
330 2930 130 71 Longue
488 2948 56 43 rue
564 2930 41 61 du
626 2930 167 69 Vanneau,
817 2929 145 62 ANVERS
990 2961 33 20 -
1050 2928 190 71 Téléphone
1263 2926 106 63 117.89

253 3089 179 42 CIâIFFàBE
450 3089 141 43 6EITIAL
610 3101 63 34 par
692 3092 94 35 l'eau
805 3091 146 36 chaude
970 3091 21 34 à
1011 3092 111 34 basse
1139 3091 172 42 pression
1336 3094 35 31 et

255 3154 21 35 à
294 3154 217 35 circulation
530 3154 200 40 accélérée,
750 3162 64 35 par
832 3154 35 34 la
885 3161 139 35 vapeur
1044 3154 20 33 à
1082 3154 109 33 haute
1209 3155 35 32 et
1258 3153 111 34 basse

254 3217 188 41 pression,
484 3224 65 34 par
579 3215 37 35 la
645 3224 138 34 vapeur
823 3215 198 40 détendue,
1061 3222 64 35 par
1160 3215 35 34 la
1231 3222 138 35 vapeur

252 3272 319 48 d'échappemènt,
602 3286 64 34 par
702 3277 147 43 pulsion
885 3277 109 34 d'eau
1027 3276 144 35 chaude

254 3423 332 48 Ventilateurs
642 3428 48 46 et
743 3423 446 48 Humidificateurs
1244 3422 127 48 d'air

258 3573 442 53 Bains-Douches
753 3591 135 47 pour
946 3574 419 66 Charbonnages

292 3719 475 56 Installations
832 3721 498 55 Industrielles

1839 2125 1031 22 iiiaaiiiiiiiiiiiiiiIIIIIIIIIIIIIIIIIIIIIIIIIIIIIIIHIIIIIHI

1746 2227 411 183 Carreaux
2239 2232 538 213 Céramiques

2043 2488 126 54 (unis
2199 2505 153 32 masse
2381 2488 180 58 pleine)

2190 2612 148 36 MMIiN»

1880 2718 388 50 PAVEMENTS

2070 2807 462 50 REVETEMENTS

2362 2895 358 48 CHEMINEES

2189 3041 146 38 WHUUHIIIII

1746 3149 140 124 N.V.
1921 3149 399 145 Tegelfabriek
2742 3258 35 36 „

1910 3332 329 47 SCHIEDAM
2282 3334 404 57 (HOLLANDE)

2189 3482 147 36 imttiittKHii

1957 3589 263 49 BUREAU
2260 3592 85 46 DE
2388 3592 211 47 VENTE
2628 3611 14 28 s

1748 3701 92 90 4,
1868 3722 152 55 rue
2056 3704 418 98 Léopôld,
2512 3706 266 98 Liège
