3330 4572
1542 474 137 36 DER
1726 473 138 36 ZWE
1886 473 28 36 E
1935 473 139 36 MAN
2097 472 33 36 N

583 482 42 33 18

1695 1363 113 31 Cervus

578 625 38 33 in
642 623 133 46 jedem
798 621 237 38 Gedanken.
1079 620 265 37 Unmittelbar
1368 620 186 46 lebendig
1578 619 81 36 und
1685 618 95 36 über-

580 684 170 47 mächtig
784 686 78 34 tritt
897 694 74 26 uns
1006 683 71 36 der
1105 681 195 38 Mensch
1330 682 233 46 Weininger
1598 688 205 39 entgegen.

582 745 339 48 Ursprünglicher
939 745 81 36 und
1044 743 225 48 gewaltiger
1288 743 56 37 als
1369 745 39 34 in
1429 741 274 46 „Geschlecht
1722 741 81 36 und

581 807 246 37 Charakter“
865 807 98 36 oder
998 808 38 34 in
1072 806 77 36 den
1186 805 186 44 „Letzten
1409 803 196 48 Dingen“,
1638 814 61 25 wo
1733 804 72 34 wir

580 870 76 35 den
687 868 222 37 Menschen
939 875 81 29 erst
1055 867 130 36 hinter
1217 868 91 35 dem
1340 865 277 47 Philosophen
1652 863 152 37 suchen

580 933 175 35 müssen.
806 929 110 37 Zwei
956 928 138 37 Briefe
1133 929 45 36 A.
1214 928 255 46 Strindbergs
1509 926 165 37 fordern
1713 936 90 26 zum

580 992 214 47 Vergleich
829 992 134 35 dieser
1002 990 147 37 beiden
1187 989 417 38 wesensverwandten
1641 986 164 37 Geister

580 1055 155 36 heraus.
806 1053 102 36 Wen
923 1053 111 36 diese
1048 1051 202 38 rätselvoll
1265 1050 206 38 fesselnde
1484 1048 322 39 Persönlichkeit

579 1115 146 37 einmal
740 1117 38 34 in
794 1115 113 36 ihren
923 1114 111 36 Bann
1048 1124 174 37 gezogen
1238 1113 76 45 hat,
1328 1114 71 35 der
1411 1112 100 36 wird
1526 1110 76 38 das
1602 1110 174 38 Tasche-

580 1176 105 38 nbuch
704 1176 57 37 als
779 1176 206 37 wertvolle
1006 1176 233 46 Ergänzung
1258 1176 110 35 eines
1387 1173 419 48 glühend-bewegten,

580 1237 436 38 rastlos-schaffenden
1058 1237 157 36 Lebens
1256 1237 70 35 mit
1361 1234 227 47 Ehrfurcht,
1625 1232 182 37 Andacht

580 1301 81 36 und
698 1300 157 36 Freude
889 1298 258 37 aufnehmen.
1199 1298 138 36 Durch
1375 1296 260 47 Herausgabe
1673 1295 134 36 dieses

580 1362 161 37 Buches
771 1361 111 37 ehrte
912 1361 45 36 A.
984 1359 161 38 Gerber
1175 1360 76 35 den
1281 1366 108 29 toten
1419 1357 173 37 Freund.

582 1496 59 37 W.
668 1496 74 36 ST.
768 1494 335 37 REYMONDT
1132 1491 22 38 /
1185 1491 356 38 POLNISCHE
1567 1490 239 37 BAUERN

584 1557 235 37 Novellen
838 1554 23 39 /
879 1556 83 36 Bei
984 1555 159 46 Georg
1162 1554 175 36 Müller
1351 1554 164 45 Verlag
1532 1550 23 38 /
1574 1551 233 37 München

1696 2418 114 32 W-ch

582 1620 90 36 Von
694 1619 228 48 Reymondt
945 1618 185 37 erschien
1149 1616 241 46 Vorjahren
1415 1616 147 35 bereits
1586 1615 64 35 bei
1671 1613 135 47 Eugen

583 1681 242 37 Diederichs
849 1681 63 36 ein
938 1679 283 47 dreibändiger
1240 1679 166 44 Roman,
1429 1688 80 26 von
1535 1676 89 36 dem
1651 1674 63 37 ich
1733 1685 75 25 nur

580 1743 116 46 weiß,
712 1742 75 37 daß
802 1742 109 36 nicht
924 1752 47 25 zu
985 1741 244 46 besiegende
1240 1738 230 37 Lesescheu
1484 1736 322 47 einengrößeren

582 1805 144 36 Absatz
750 1804 56 37 als
832 1804 77 36 den
933 1813 78 27 von
1037 1803 86 35 drei
1149 1800 266 48 Exemplaren
1440 1797 274 39 verhinderte!

583 1866 119 37 Seine
726 1866 158 36 Bauern
910 1864 91 37 sind
1026 1865 69 35 mit
1121 1862 290 38 realistischem
1436 1858 151 39 Meißel
1611 1859 195 36 behauen.

582 1927 234 37 Tierseelen
923 1924 334 38 Tiermenschen!
1302 1922 224 37 Menschen
1631 1919 176 38 herrlich

582 1990 81 36 und
688 1986 248 50 grauenhaft.
966 1987 123 36 Wahr
1112 1988 75 35 wie
1213 1984 236 48 Schöpfung
1473 1994 60 26 am
1559 1990 131 28 ersten
1714 1981 93 47 Tag.

581 2050 273 46 Betrunkene,
888 2049 223 47 armselige,
1146 2046 236 47 rührselige,
1413 2044 179 47 Schnaps
1627 2044 82 36 und
1744 2044 64 35 die

573 2112 197 47 Jungfrau
796 2112 125 36 Maria
950 2108 421 48 alleinseligmachend
1396 2106 215 48 preisende
1636 2105 172 46 Bauern,

581 2175 204 47 irgendwo
815 2171 205 39 verzettelt
1056 2173 53 35 im
1139 2170 156 38 tiefsten
1326 2169 291 37 schwärzesten
1644 2167 141 36 Hinter-

582 2236 116 36 lande
724 2235 161 37 Polens.
922 2234 81 36 Das
1016 2231 285 48 Volksgericht
1324 2231 82 36 und
1432 2231 70 36 der
1522 2229 285 36 Schneesturm

582 2298 90 36 sind
691 2298 183 46 grausige
888 2295 151 37 dunkle
1053 2293 259 37 Ausschnitte
1331 2303 70 25 aus
1420 2290 233 48 polnischer
1668 2290 141 45 Nacht,

583 2358 127 38 durch
745 2359 64 36 die
844 2369 47 25 an
931 2358 172 45 riesigen
1146 2354 134 38 Seilen
1319 2352 324 49 gespenstischer
1682 2351 101 36 Aber-

583 2420 141 49 glaube
753 2418 222 39 schaukelt.

586 2542 246 38 ROBERT
863 2534 190 46 BRAUN
1091 2534 38 46 /
1167 2534 151 46 GANG
1351 2536 59 37 IN
1443 2536 117 37 DER
1591 2534 217 37 NACHT

586 2604 236 38 Gedichte
862 2602 28 37 /
935 2602 233 36 Bücherei
1215 2600 113 46 „Die
1374 2595 189 39 Pforte“
1602 2595 27 37 /
1671 2596 110 36 Drei-

585 2664 379 46 länder-Verlag,
994 2661 235 38 München
1260 2659 28 38 /
1321 2663 96 33 1919

1745 3341 20 30 -h-

585 2728 127 37 Verse
731 2738 125 36 vagen
878 2725 187 45 Gefühls,
1085 2723 172 47 farbiger
1277 2722 141 37 Nacht.
1453 2721 356 45 Vierundzwanzig

587 2789 215 45 Gedichte,
842 2790 38 34 in
917 2788 131 36 denen
1083 2786 125 36 schon
1244 2785 65 35 die
1345 2782 157 38 Gefahr
1535 2782 72 37 der
1641 2784 168 42 eigenen

585 2850 319 46 Wiederholung
924 2850 136 35 lauert.
1097 2846 149 47 Einige
1246 2846 125 47 Verse
1391 2842 99 49 (und
1509 2843 143 47 gerade
1672 2841 137 38 solche

585 2913 122 37 ohne
737 2909 149 49 Reim!)
916 2911 163 36 stechen
1110 2909 249 46 einprägsam
1389 2906 164 36 hervor:

769 2972 65 47 „O
865 2971 183 46 Mensch,

771 3034 59 37 Zu
861 3032 153 38 schnell
1044 3034 49 35 ist
1122 3032 99 35 über
1250 3031 62 36 dir
1341 3031 63 35 ein
1436 3028 111 37 Dach

773 3095 92 38 Und
896 3094 75 37 nah
1002 3095 64 35 ein
1098 3090 153 39 Herd.“

587 3159 83 36 Der
692 3158 222 36 Wanderer
943 3167 46 26 an
1020 3155 64 37 die
1116 3154 142 37 Nacht:

771 3217 143 48 „Doch
943 3219 74 35 wie
1047 3217 53 36 du
1131 3217 141 43 kamst,
1303 3214 46 36 da
1378 3214 80 36 hatt
1486 3213 63 36 ich
1580 3211 186 48 plötzlich

772 3280 126 36 Einen
929 3278 121 37 Tisch
1081 3280 51 34 im
1164 3276 270 37 unendlichen
1462 3272 164 38 Raum.“

588 3343 73 36 Ein
688 3343 178 40 Dichter,
896 3341 71 36 der
995 3341 112 35 seine
1126 3339 126 36 Verse
1281 3337 165 37 zählen
1477 3335 107 37 muß.

590 3464 146 36 HANS
769 3460 307 50 JAQUEMAR
1099 3459 28 39 /
1145 3459 127 38 WEG
1304 3458 86 37 INS
1421 3456 175 38 FEUER
1620 3455 28 37 /
1672 3455 136 36 MEIN

588 3514 663 48 WEIHNACHTSMÄRCHEN
1277 3519 29 38 /
1331 3517 479 46 November-Verlag,

590 3587 106 37 Kiel
724 3585 29 39 /
783 3589 95 34 1919

1668 3894 24 39 J.
1715 3893 100 31 H-d

588 3649 347 47 Anspruchsloses
956 3647 121 37 Werk
1096 3648 125 43 eines,
1240 3646 72 36 der
1330 3643 182 38 übervoll
1533 3653 78 25 von
1631 3643 177 34 innerem

590 3710 171 38 Erleben
785 3710 125 46 hastig
928 3709 232 46 Auslösung
1180 3709 38 34 in
1238 3704 290 49 ungehobelter
1546 3704 118 35 Form
1684 3701 126 38 sucht.

589 3774 94 36 Sein
720 3771 192 37 Märchen
946 3770 137 47 „Mein
1114 3764 405 41 Weihnachtsbaum“
1549 3767 49 35 ist
1631 3763 180 37 kindlich

588 3834 202 37 ehrlicher
815 3831 167 38 Seufzer
1006 3833 111 35 eines
1141 3832 204 35 einsamen
1367 3826 340 38 Knabenherzens
1730 3824 82 38 voll

587 3894 127 39 Liebe
743 3906 47 26 zu
823 3894 126 37 Natur
977 3894 81 36 und
1090 3892 147 37 Leben.

1871 606 468 55 ÜBER
2487 612 603 47 MUSIK

1869 723 374 37 VERZEICHNIS
2270 722 108 36 DER
2398 722 194 36 WERKE
2619 720 149 38 HANS
2795 718 296 38 PFITZNERS

1870 784 51 37 O.
1953 784 274 37 Halbreiter
2256 783 20 40 /
2306 783 235 37 München
2570 781 21 40 /
2624 785 95 34 1919

3018 1656 79 21 r—n

1871 847 121 37 Diese
2034 847 132 36 kleine
2201 846 148 36 Schrift
2388 847 115 46 möge
2544 847 88 35 eine
2661 844 212 47 'Mahnung
2906 845 86 34 sein
3028 841 65 38 für

1870 908 73 37 alle
1972 908 288 46 Ausübenden,
2295 908 64 36 die
2390 897 307 48 Öffentlichkeit
2732 908 69 33 mit
2830 906 91 35 dem
2944 903 148 37 Werke

1870 971 70 36 des
1972 971 293 47 Komponisten
2300 969 173 37 bekannt
2507 980 47 24 zu
2589 968 179 44 machen,
2799 968 104 35 denn
2938 976 43 26 es
3014 964 80 47 gibt

1870 1032 87 37 hier
1974 1032 126 37 vieles
2120 1031 287 37 nachzuholen.
2440 1030 50 37 Es
2506 1030 168 47 begleite
2695 1031 57 34 sie
2772 1026 134 45 unser
2906 1026 188 45 Wunsch,

1871 1093 76 37 daß
1966 1095 58 35 sie
2041 1094 115 46 allen,
2175 1093 82 36 und
2277 1092 275 37 insonderheit
2572 1101 172 27 unseren
2761 1088 333 38 hannoverschen

1873 1155 230 46 Künstlern,
2122 1166 70 25 zur
2213 1154 119 36 Hand
2356 1155 86 35 sein
2467 1154 115 45 möge
2605 1154 61 35 bei
2687 1153 71 35 der
2777 1149 187 38 Auswahl
2986 1148 108 37 ihrer

1872 1216 270 47 Programme.
2199 1216 76 37 Die
2322 1216 118 46 kluge
2487 1213 253 47 Einführung
2783 1212 45 36 A.
2874 1210 221 37 Berrsches

1871 1278 184 37 verdient
2089 1278 107 37 nicht
2231 1289 74 25 nur
2339 1277 160 47 gelesen
2534 1287 46 25 zu
2615 1275 161 36 werden
2810 1283 137 37 wegen
2988 1271 107 37 ihres

1874 1340 232 36 Einsetzens
2136 1340 62 36 für
2221 1340 77 36 den
2323 1338 178 45 Meister,
2530 1337 176 37 sondern
2734 1346 137 36 wegen
2901 1333 193 38 manchen

1872 1402 221 36 treffenden
2114 1401 159 36 Wortes
2298 1401 98 36 über
2420 1401 69 35 das
2514 1397 189 39 Schaffen
2728 1395 235 47 überhaupt.
2998 1395 99 35 Eine

1872 1474 90 36 arge
1994 1463 259 46 Entgleisung
2282 1462 154 36 scheint
2466 1462 75 35 mir
2571 1470 74 26 nur
2678 1470 46 25 zu
2758 1460 99 42 sein,
2887 1456 210 46 Debussys

1873 1523 126 48 Oper,
2029 1525 64 36 die
2123 1524 233 36 entstanden
2387 1524 47 35 ist
2469 1524 52 35 im
2552 1520 210 38 bewußten
2794 1518 225 47 Gegensatz
3048 1528 48 24 zu

1872 1586 194 46 Wagners
2085 1585 85 47 Stil,
2194 1585 56 36 als
2274 1583 254 48 angewandte
2553 1582 339 47 konsequenteste
2906 1580 163 45 Wagner-

1872 1647 154 35 iheorie
2054 1658 48 24 zu
2131 1647 257 35 bezeichnen.

1875 1759 143 37 PAUL
2048 1758 221 37 BECKER
2298 1756 21 40 /
2348 1757 150 36 NEUE
2530 1755 171 37 MUSIK
2735 1753 19 39 /
2784 1753 202 36 Tribüne
3016 1752 80 36 der

1873 1821 148 36 Kunst
2052 1819 90 37 und
2173 1819 96 37 Zeit
2298 1818 20 39 /
2348 1818 126 36 Band
2494 1818 53 35 VI
2577 1816 21 39 /
2623 1815 138 37 Erich
2793 1813 114 38 Reiß
2932 1812 163 46 Verlag

1873 1882 162 36 Berlin
2069 1880 20 40 /
2123 1884 94 34 1919

3019 3735 79 21 r—n

1873 1944 51 36 Es
1944 1946 48 34 ist
2011 1945 63 35 ein
2094 1944 256 45 schwieriges
2372 1942 268 45 Unterfangen
2665 1940 99 35 über
2783 1938 69 36 das
2871 1949 47 25 zu
2943 1937 131 36 schrei-

1873 2006 88 45 ben,
1984 2017 79 25 was
2093 2005 85 36 sich
2208 2004 105 37 noch
2342 2003 238 36 entwickeln
2608 2001 94 45 will,
2732 2001 80 35 und
2843 2010 42 26 es
2914 1997 183 38 verführt

1873 2068 64 36 die
1962 2069 168 35 meisten
2152 2067 111 45 dazu,
2283 2065 115 37 mehr
2420 2064 86 36 ihre
2528 2062 225 38 Gedanken
2777 2073 47 24 zu
2849 2060 113 37 solch
2987 2061 110 35 einer

1873 2129 87 35 Zeit
1984 2140 47 24 zu
2055 2129 263 46 analysieren,
2342 2126 56 36 als
2423 2126 64 35 die
2513 2124 226 37 Gedanken
2765 2124 70 35 der
2859 2123 87 35 Zeit
2974 2121 123 37 selbst

1873 2189 279 48 aufzuspüren;
2167 2189 182 47 gelingen
2363 2188 94 36 aber
2466 2187 99 36 wird
2579 2187 76 35 den
2667 2186 230 45 wenigsten,
2908 2182 100 37 auch
3023 2193 74 25 nur

1873 2253 84 35 eins
1978 2262 79 26 von
2077 2251 77 36 den
2170 2250 145 36 beiden
2335 2249 141 46 richtig
2495 2246 281 38 auszuführen.
2806 2244 114 38 Auch
2940 2244 157 37 Becker

1873 2316 47 34 ist
1948 2313 135 36 weder
2112 2312 70 37 das
2212 2311 97 36 Eine
2339 2311 103 36 noch
2473 2311 68 35 das
2571 2309 161 36 Andere
2761 2308 209 46 gelungen,
2998 2313 97 29 trotz

1874 2375 188 36 mancher
2080 2381 118 39 guten
2213 2372 181 36 Ansätze.
2426 2372 51 36 Er
2496 2371 175 36 schreibt
2689 2377 66 40 gut
2775 2368 80 37 und
2874 2368 221 36 zutreffend

1874 2436 97 36 über
1991 2436 76 36 den
2086 2434 348 37 Amerikanismus
2454 2443 166 26 unseres
2641 2429 343 45 Kunstbetriebes,
2999 2429 98 36 über

1874 2497 172 37 Richard
2082 2495 155 47 Strauß,
2273 2495 98 36 über
2405 2495 69 35 das
2505 2493 158 37 Suchen
2697 2492 98 36 nach
2826 2493 111 35 einer
2967 2500 128 26 neuen

1874 2558 195 38 Melodik.
2116 2558 106 36 Aber
2254 2558 69 35 das
2353 2554 381 38 Zusammenfassen
2769 2552 96 37 aller
2895 2551 178 37 Einzeler-

1873 2620 273 45 scheinungen
2165 2630 90 25 zum
2272 2617 278 38 Gesamtbilde
2567 2617 146 46 gelingt
2732 2615 80 36 ihm
2830 2614 119 36 nicht.
2981 2613 114 36 Dann

1873 2683 98 35 wird
2005 2693 43 25 er
2081 2692 89 25 zum
2193 2679 197 47 Jongleur
2424 2680 69 34 mit
2528 2678 329 46 blankgeputzten
2894 2674 201 47 Begriffen

1873 2744 80 35 und
1980 2742 330 47 Schlagwörtern,
2334 2740 94 37 sehr
2451 2751 88 24 zum
2565 2738 206 37 Nachteile
2794 2736 62 37 für
2881 2737 76 36 den
2984 2737 93 34 kriti-

1873 2805 122 36 schen
2022 2805 134 35 Leser.
2197 2804 51 35 Es
2277 2802 126 37 steckt
2433 2803 38 34 in
2502 2801 70 36 der
2596 2798 151 38 Schrift
2769 2799 81 36 viel
2877 2797 219 37 Seichtheit

1873 2866 81 36 und
1990 2864 400 44 Oberflächlichkeit,
2428 2862 81 37 und
2549 2862 138 36 darum
2728 2859 96 38 muß
2864 2861 57 34 sie
2961 2856 136 38 scharf

1874 2928 190 36 kritisiert
2092 2926 174 37 werden.
2307 2925 116 36 Denn
2452 2934 78 26 was
2560 2925 38 34 in
2627 2925 112 34 einer
2765 2920 307 46 Unterhaltungs-

1873 2989 139 37 schrift
2030 2990 69 34 mit
2120 2989 132 35 einem
2273 2984 304 38 Achselzucken
2601 2985 163 46 abgetan
2788 2982 160 37 werden
2979 2981 117 45 kann,

1874 3050 95 37 muß
2005 3052 38 33 in
2078 3051 111 35 einer
2216 3046 410 39 wissenschaftlichen
2656 3043 97 49 (was
2787 3046 57 35 sie
2874 3042 104 37 doch
3010 3043 85 35 sein

1873 3109 172 49 soll)mit
2058 3111 187 45 anderen,
2257 3108 270 49 prüfenderen
2535 3106 139 48 Augen
2686 3106 226 47 angesehen
2923 3104 173 36 werden.

1875 3172 116 37 Noch
2017 3172 113 36 mehr
2151 3172 55 36 als
2229 3172 132 36 dieses
2382 3168 349 47 Nicht-Gelingen
2752 3168 70 35 der
2841 3165 255 47 Darstellung

1874 3235 71 36 der
1980 3233 438 46 Gesamterscheinung
2452 3241 167 26 unserer
2650 3227 292 47 Musikepoche
2975 3226 122 36 bleibt

1873 3307 46 26 zu
1950 3296 203 36 bedauern
2184 3295 68 36 das
2283 3292 204 49 gänzliche
2518 3292 147 36 Fehlen
2701 3292 110 35 eines
2835 3287 261 48 Vergleiches

1874 3358 71 36 der
1993 3356 316 37 verschiedenen
2361 3355 116 36 Form
2493 3375 16 6 -
2564 3353 80 35 und
2700 3350 397 45 Stilanschauungen,

1873 3419 199 36 zwischen
2109 3417 174 37 Gestern
2320 3417 81 35 und
2438 3415 146 44 Heute,
2619 3415 62 35 ein
2713 3412 160 45 Gebiet,
2908 3410 67 38 auf
3005 3411 90 36 dem

1874 3480 84 37 sich
1989 3480 133 36 sicher
2146 3480 113 35 mehr
2283 3478 193 47 positives
2506 3476 170 46 ergeben
2704 3474 117 46 hätte,
2850 3473 56 36 als
2935 3474 39 35 in
3005 3472 89 36 dem

1874 3550 94 29 stets
2007 3553 70 24 zur
2118 3538 358 39 Unfruchtbarkeit
2520 3537 273 37 verdammten
2834 3534 262 47 Analysieren

1874 3606 111 34 eines
2019 3601 372 49 augenblicklichen
2427 3599 235 36 Zustandes.
2769 3596 232 45 Immerhin,
3035 3594 62 37 für

1876 3666 75 36 den
1988 3666 63 35 ein
2081 3666 128 43 wenig
2233 3662 234 37 Bekannten
2502 3662 38 34 in
2576 3661 72 35 der
2682 3669 129 26 neuen
2842 3657 130 37 Kunst
3008 3657 88 35 eine

1874 3727 111 36 recht
2013 3726 254 37 lesenswerte
2298 3722 157 38 Schrift.

1876 3827 784 42 ZWEEMANN-AUSSTELLUNG
2694 3830 123 34 1-22.
2835 3825 262 38 FEBRUAR

1875 3895 160 29 Münzstr.
2053 3891 59 32 20-
2131 3893 74 37 tägl.
2227 3892 97 29 11—2
2343 3892 82 29 Uhr.
2464 3890 130 30 Eintritt
2611 3888 47 30 50
2680 3888 56 38 Pf.,
2760 3887 163 37 Sonntags
2942 3886 68 29 I.
3030 3886 67 29 Mk.
