3405 4572
1237 433 139 36 DER
1419 433 355 36 ZfEEMAN
1796 434 35 35 N

2791 436 22 35 7

258 581 310 49 germanischen
585 580 192 48 Sendung
795 581 87 37 sich
903 580 56 38 als
976 580 319 49 Hirngespinnst
1314 582 72 36 der
1404 592 74 36 pan-

258 648 362 49 germanistischen
635 648 132 38 Partei
782 650 143 36 erwies
1002 649 65 37 die
1083 648 88 38 ihre
1179 648 192 38 Wurzeln
1387 647 117 39 tiefer

258 717 78 47 hat,
361 717 57 37 als
439 716 295 38 inTreitschke
754 716 82 37 und
857 716 77 37 den
956 716 285 48 Nachfolgern.
1272 716 162 48 Europa
1453 718 50 35 ist

258 796 61 26 am
337 785 113 37 Ende
469 786 135 36 seines
620 784 173 38 Daseins
882 784 80 36 und
983 795 70 26 aus
1073 785 77 36 den
1166 785 177 48 Steppen
1355 785 147 37 Asiens

258 853 157 37 kommt
445 853 72 36 der
542 851 132 47 Geist,
704 852 73 37 der
801 851 66 37 die
893 851 122 37 Ideen
1046 852 71 37 des
1147 852 259 46 sterbenden,
1436 853 66 36 die

258 921 101 47 ewig
383 921 91 36 sind
499 919 83 38 und
608 920 100 37 über
732 921 113 35 seine
867 918 260 39 Zeitlichkeit
1141 921 206 47 Währung
1371 920 129 37 haben

258 989 54 36 im
326 988 130 37 Feuer
467 989 135 36 seiner
613 987 290 38 Innerlichkeit
915 987 242 48 durchglüht
1169 989 82 36 und
1262 1000 92 25 zum
1370 999 132 26 neuen

260 1055 137 38 Leben
416 1055 142 38 weckt.

259 1192 52 37 111

259 1264 186 38 Rußland
458 1265 109 37 leitet
578 1266 112 36 seine
703 1264 300 38 Besonderheit
1013 1276 71 26 aus
1096 1265 72 37 der
1177 1264 179 38 Genesis
1366 1265 136 37 seiner

258 1333 233 37 Staatsform
512 1332 59 38 ab.
603 1333 78 37 Die
691 1332 237 38 westlichen
944 1332 152 38 Reiche
1116 1332 236 37 entstanden
1373 1331 129 39 durch

259 1399 171 48 Gewalt,
461 1399 251 49 Eroberung,
743 1399 257 38 Machtsucht
1028 1411 126 37 gegen
1185 1399 70 38 das
1279 1399 122 47 Volk,
1432 1400 70 37 das

258 1468 254 48 übergangen
531 1468 153 37 wurde.
726 1467 77 38 Die
830 1467 230 38 Herrscher
1085 1467 210 38 Rußlands
1324 1467 79 38 rief
1431 1468 71 37 das

256 1535 122 48 Volk,
409 1536 70 37 das
503 1535 87 38 sich
615 1547 70 26 aus
710 1535 92 38 dem
830 1535 139 38 Chaos
994 1537 135 36 seiner
1153 1537 167 36 inneren
1339 1535 161 37 Wirren

256 1604 307 47 heraussehnte,
598 1603 88 38 ihre
718 1603 241 38 Herrschaft
982 1604 108 37 ward
1126 1603 58 37 als
1220 1603 130 48 Segen
1386 1614 86 37 emp-

257 1671 170 48 funden,
456 1672 111 37 nicht
595 1671 58 37 als
680 1671 161 48 Zwang.
882 1671 179 38 Deshalb
1092 1671 151 38 konnte
1274 1671 71 37 der
1370 1671 130 37 Russe

257 1739 101 38 auch
389 1739 106 38 noch
526 1747 116 30 unter
672 1739 72 38 der
773 1738 273 39 drückensten
1070 1738 233 39 Autokratie
1331 1738 86 38 sich
1443 1738 57 38 als

256 1806 73 39 frei
355 1806 149 48 finden,
522 1807 91 38 weil
638 1806 133 38 hinter
792 1807 135 48 jedem
950 1807 153 37 Leiden
1129 1807 72 37 der
1224 1808 141 46 eigene
1381 1806 119 38 Wille

256 1875 128 37 stand.
428 1875 95 37 Sein
542 1874 183 38 Wunsch
754 1874 72 38 sah
856 1876 54 35 im
943 1874 232 38 Herrscher
1204 1874 65 38 die
1300 1875 200 37 sichtbare

256 1942 322 49 Verkörperung
607 1944 136 36 seiner
770 1943 126 37 selbst
925 1944 39 35 in
997 1944 132 36 einem
1161 1942 239 47 Menschen,
1437 1942 65 37 die

258 2010 369 48 Personifizierung
641 2012 134 36 seiner
786 2009 208 38 Wünsche
1009 2010 81 37 und
1107 2009 395 48 Notwendigkeiten,

258 2078 129 38 derer
406 2080 70 35 mit
496 2079 72 37 der
587 2078 237 38 kindlichen
841 2078 187 47 Hingabe
1048 2078 173 48 ergeben
1233 2089 93 34 war,
1345 2078 66 37 die
1431 2078 72 37 der

255 2146 209 37 westliche
477 2146 170 37 Mensch
668 2157 75 26 nur
762 2147 155 36 seinem
938 2147 167 46 eigenen
1123 2146 215 47 Egoismus
1352 2157 124 37 gegen-

257 2214 100 37 über
381 2214 134 37 kennt.
556 2214 82 37 Das
663 2213 146 38 einmal
834 2213 212 39 Gewählte
1071 2212 135 38 behält
1225 2215 139 35 seinen
1378 2213 122 47 Wert,

257 2282 81 36 und
354 2281 76 38 alle
446 2280 235 49 Reformen,
700 2281 126 38 selbst
839 2281 65 37 die
921 2281 351 47 segensreichsten
1291 2281 208 48 begegnen

256 2349 129 38 schon
405 2351 133 35 einem
557 2349 400 48 stillschweigenden
975 2349 297 47 Skeptizismus
1359 2349 143 37 keiner

257 2425 337 30 nennenswerten
625 2416 264 49 Opposition.
936 2417 119 36 Denn
1085 2417 103 37 auch
1218 2419 58 35 sie
1306 2417 193 37 kommen

255 2496 95 26 vom
373 2485 334 47 Herrschenden,
733 2483 250 39 Berufenen.
1023 2485 103 36 Dem
1149 2485 157 36 Russen
1332 2486 49 36 ist
1405 2484 97 38 alles

256 2552 251 38 bestehende
519 2551 341 49 Wahrhaftigkeit
879 2553 82 36 und
977 2552 128 37 Recht
1192 2551 66 38 für
1272 2553 66 36 die
1354 2552 124 37 forma-

256 2620 182 37 listische
450 2620 175 47 Juristik
644 2621 72 36 des
729 2620 190 37 Westens
940 2620 64 37 hat
1029 2631 43 26 er
1096 2620 149 37 keinen
1267 2621 110 37 Sinn.
1408 2621 94 37 Was

257 2699 44 26 er
329 2695 58 30 tut
416 2689 50 36 ist
494 2688 124 48 heilig
646 2688 82 37 und
754 2688 125 37 bleibt
904 2688 129 37 durch
1058 2688 87 37 sich
1171 2688 125 37 selbst
1318 2688 161 48 gerecht-

258 2754 145 49 fertigt,
414 2756 102 37 auch
525 2767 117 26 wenn
656 2756 65 37 die
735 2755 280 48 Paragraphen
1029 2756 71 37 des
1116 2755 197 38 Gesetzes
1326 2756 176 47 dagegen

257 2824 215 47 sprechen.
503 2823 85 38 Das
588 2823 115 38 Volk
717 2823 124 38 kennt
856 2824 148 37 keinen
1014 2824 256 37 Verbrecher
1286 2824 81 37 und
1382 2824 120 37 keine

258 2889 143 39 Strafe.
434 2891 52 37 Es
507 2893 49 35 ist
574 2891 165 48 göttlich
759 2892 83 36 und
866 2903 76 25 nur
955 2902 75 26 vor
1050 2890 100 38 Gott
1162 2892 338 37 verantwortlich.

257 2958 95 37 Was
371 2970 71 26 aus
461 2959 93 37 dem
563 2959 166 37 Westen
748 2958 103 47 kam,
872 2960 65 36 die
955 2959 296 48 Logifizierung
1266 2960 72 37 des
1354 2960 148 37 Rechts

257 3028 51 35 ist
324 3026 82 37 ihm
423 3026 345 38 unverständlich.
799 3026 86 37 Ihm
900 3028 90 36 sind
1008 3027 231 37 Herrscher
1253 3028 82 36 und
1352 3027 150 37 Kirche

257 3095 90 36 eine
361 3094 161 38 Einheit
598 3094 124 38 deren
737 3094 305 48 symbolischen
1057 3094 137 38 Union
1203 3095 215 37 Wladimir
1432 3095 71 37 der

259 3161 157 48 Große,
442 3162 267 47 derWaräjer
733 3162 128 37 durch
886 3164 113 35 seine
1026 3162 202 38 Hochzeit
1253 3164 71 36 mit
1349 3162 153 48 Sophie

258 3229 217 49 Palaeolog
554 3229 99 39 Gott
668 3231 48 36 ist
730 3231 266 46 gegenwärtig
1010 3231 81 36 und
1110 3229 162 39 fühlbar
1291 3231 82 37 und
1393 3231 110 37 nicht

257 3298 53 36 im
331 3297 229 38 abstrakten
580 3298 156 48 Dogma
758 3297 72 37 des
844 3297 290 37 Abendlandes
1152 3297 229 48 gebunden.
1411 3299 91 37 Alle

258 3365 155 37 Leiden
439 3365 66 37 die
530 3365 72 37 der
621 3365 131 37 Russe
778 3365 186 38 erduldet
989 3365 66 38 hat
1073 3366 90 36 sind
1183 3366 204 48 geheiligt,
1406 3377 94 26 vom

249 3431 105 48 Joch
381 3432 281 38 derTartaren
689 3433 63 37 bis
781 3445 71 25 zur
877 3433 364 49 Leibeigenschaft,
1271 3445 44 25 er
1344 3435 50 36 ist
1423 3435 78 36 den

256 3499 268 38 scheinbaren
538 3501 231 37 Wohltaten
789 3501 231 49 gegenüber
1038 3501 208 48 skeptisch
1270 3502 232 47 geworden,

256 3567 66 38 die
353 3567 83 38 ihm
455 3567 108 38 wohl
594 3570 90 35 eine
714 3569 352 47 augenblickliche
1096 3569 189 38 leibliche
1317 3569 161 38 Erleich-

256 3643 143 40 terung
409 3636 127 47 geben
549 3635 164 38 können
786 3637 70 36 das
869 3636 158 38 Gefühl
1041 3637 71 37 der
1124 3636 378 38 Unberührbarkeit

256 3703 73 37 des
345 3703 179 47 Geistes,
543 3704 65 37 die
624 3704 177 37 Freiheit
814 3706 135 35 seines
965 3704 225 47 Glaubens,
1210 3704 95 37 aber
1323 3715 76 26 nur
1409 3716 69 26 ver-

254 3772 161 45 wirren,
430 3772 82 36 und
528 3771 128 37 durch
673 3772 87 37 ihre
772 3772 256 37 Materialität
1041 3784 47 25 zu
1107 3772 203 38 ersticken
1331 3772 171 47 drohen,

257 3838 86 37 Ihm
376 3840 48 35 ist
450 3838 100 38 Gott
578 3850 49 25 zu
658 3839 160 37 denken
850 3840 65 37 ein
945 3840 187 47 leichtes;
1163 3841 73 36 der
1262 3839 160 39 Glaube
1453 3842 49 35 ist

256 3904 110 39 nicht
377 3906 226 39 beschwert
612 3918 79 26 von
705 3906 266 39 drückenden
980 3907 329 50 Vorstellungen,
1323 3908 177 38 sondern

1569 578 73 38 frei
1654 579 81 36 und
1748 578 326 38 heiterwiebeim
2087 579 134 37 Kinde
2228 578 150 49 —jede
2388 578 72 38 Art
2469 589 79 26 von
2560 577 254 49 Libertinage

1569 647 49 37 ist
1640 645 82 38 ihm
1745 646 142 47 fremd,
1907 647 243 47 ungewohnt
2169 647 82 37 und
2271 648 244 47 gespenstig.
2547 645 78 39 Die
2641 645 105 38 Welt
2765 647 50 36 ist

1569 714 71 38 das
1654 714 265 38 dämonische
1936 714 281 48 Unbekannte,
2232 715 72 37 der
2318 715 182 37 Himmel
2509 714 106 38 wohl
2625 722 188 30 vertraut.

1567 781 215 38 Zwischen
1813 782 87 37 sich
1930 783 82 36 und
2038 782 99 37 Gott
2166 783 64 37 hat
2255 793 44 27 er
2322 794 77 26 nur
2424 782 252 46 Schranken,
2695 793 117 26 wenn

1568 861 44 26 er
1626 850 100 37 über
1740 849 77 38 den
1833 849 164 38 kleinen
2013 850 119 37 Kreis
2146 850 371 38 seinerweltlichen
2529 851 284 47 Bestimmung

1568 918 145 37 hinaus
1726 917 95 47 will,
1846 917 252 38 ausbrechen
2123 919 39 36 in
2183 919 70 36 das
2274 917 139 39 Chaos
2433 919 73 36 der
2524 917 287 49 bürgerlichen

1560 986 103 48 Jagd
1689 985 99 38 nach
1817 985 149 48 Erfolg.
2008 985 143 38 Nichts
2176 987 50 36 ist
2250 986 92 37 dem
2368 986 157 37 Russen
2551 986 180 37 fremder
2754 986 57 37 als

1569 1054 70 37 das
1664 1054 244 47 Bürgertum
1937 1053 71 38 des
2035 1053 226 48 Europäers
2369 1054 146 37 dessen
2541 1053 270 48 Philosophie

1568 1122 82 37 und
1666 1121 131 38 Kunst
1811 1133 43 26 er
1868 1120 291 48 bereitwilligst
2173 1120 205 47 aufnahm,
2397 1123 140 36 soweit
2553 1123 58 36 sie
2632 1123 111 36 nicht
2761 1134 48 25 zu

1569 1190 175 37 Sklaven
1757 1190 72 36 der
1839 1188 125 38 Sucht
1975 1188 102 38 nach
2089 1190 91 36 dem
2191 1189 234 37 Arrivieren
2437 1190 216 47 geworden
2662 1201 147 26 waren.

1569 1257 171 38 Solches
1759 1257 90 37 sind
1871 1258 39 35 in
1927 1256 214 38 Umrissen
2162 1256 65 38 die
2249 1256 348 49 Gesichtspunkte
2617 1258 72 36 der
2705 1258 78 36 Pan-

1567 1325 216 46 slawisten,
1814 1326 70 35 mit
1914 1325 131 37 denen
2076 1326 57 35 sie
2163 1324 114 38 ihren
2306 1324 189 38 Glauben
2526 1336 47 26 an
2599 1324 210 38 Rußlands

1569 1394 192 46 Sendung
1773 1394 80 35 und
1867 1392 87 37 ihre
1966 1392 133 37 Kritik
2112 1392 181 48 Europas
2304 1392 250 48 begründen.
2585 1392 135 48 Nicht,
2732 1392 77 38 daß

1568 1461 63 37 ihr
1660 1460 302 48 Bildungsgang
1996 1460 92 48 jede
2112 1460 265 48 Verbindung
2413 1462 70 36 mit
2519 1460 160 48 Europa
2717 1472 69 25 aus-

1567 1529 202 47 schlösse;
1807 1529 64 37 ihr
1895 1528 340 48 Ausgangspunkt
2272 1528 56 37 als
2364 1528 131 37 Partei
2534 1529 93 47 liegt
2663 1530 39 35 in
2738 1529 73 37 der

1567 1596 223 38 deutschen
1816 1596 228 46 Romantik,
2075 1597 87 36 ihre
2187 1595 203 49 Ideologie
2415 1597 49 36 ist
2488 1597 53 36 im
2562 1595 155 49 Anfang
2745 1597 64 36 die

1567 1665 170 37 Novalis
1752 1664 82 37 und
1851 1663 247 49 Schellings:
2117 1663 99 38 Also
2232 1664 73 37 fast
2320 1663 185 38 derselbe
2526 1664 76 37 den
2622 1663 101 38 auch
2744 1665 65 36 die

1566 1733 175 37 Westler
1770 1732 64 37 für
1862 1732 88 37 sich
1981 1732 187 37 nahmen.
2213 1731 110 37 Aber
2353 1731 110 38 diese
2499 1732 129 47 bogen
2666 1733 144 36 immer

1565 1802 140 35 weiter
1729 1802 39 35 in
1795 1801 65 36 die
1886 1800 171 48 Irrwege
2082 1800 73 37 der
2178 1799 284 47 bürgerlichen
2489 1799 166 36 Realität
2685 1800 46 36 ab

1567 1868 73 37 der
1660 1868 235 37 Panslawist
1914 1867 200 38 entfernte
2134 1867 87 37 sich
2246 1868 53 35 im
2325 1867 140 38 selben
2485 1867 119 36 Maße
2623 1878 80 26 von
2729 1867 80 47 ihr;

1567 1936 83 37 und
1673 1938 38 46 je
1731 1935 127 38 lauter
1877 1936 69 37 auf
1961 1936 73 37 der
2053 1937 118 36 einen
2193 1935 107 37 Seite
2321 1935 72 36 der
2413 1933 82 38 Ruf
2514 1935 100 37 nach
2636 1935 175 37 Freiheit

1569 2004 71 37 des
1650 2003 305 38 menschlichen
1967 2002 211 38 Handelns
2187 2004 120 45 tönte,
2317 2003 115 37 desto
2442 2014 122 36 enger
2574 2002 235 38 klammerte

1568 2072 86 37 sich
1676 2072 65 37 die
1760 2072 150 37 andere
1929 2082 47 26 an
1997 2072 66 37 die
2084 2071 109 48 Enge
2213 2070 109 38 ihrer
2344 2061 325 56 Überlieferung,
2695 2071 114 36 desto

1568 2140 170 47 heiliger
1756 2139 168 37 wurden
1949 2139 64 37 ihr
2030 2138 200 38 Autorität
2255 2139 81 36 und
2362 2138 275 46 Orthodoxie,
2664 2138 62 37 bis
2750 2140 59 35 sie

1567 2207 92 37 dem
1680 2207 107 37 Ideal
1813 2207 73 37 der
1906 2207 232 37 Kommune
2161 2206 70 37 das
2251 2206 127 37 Iwans
2399 2206 71 36 des
2490 2205 318 37 Schrecklichen

1566 2276 229 47 gegenüber
1808 2283 136 29 setzte.
1976 2274 76 37 Die
2068 2274 199 47 Richtung
2281 2276 134 34 seines
2423 2273 146 48 Weges
2587 2274 49 36 ist
2652 2276 157 45 negativ

1566 2343 221 37 bestimmt:
1825 2342 129 37 durch
1988 2342 79 37 den
2086 2342 259 37 Widerstand
2378 2352 125 37 gegen
2534 2342 78 36 den
2632 2341 176 37 Westen.

1568 2411 95 37 Sein
1680 2410 98 37 Sinn
1793 2411 49 36 ist
1858 2410 219 47 Erhaltung
2091 2410 72 37 des
2178 2409 184 37 ererbten
2441 2410 39 36 in
2498 2408 310 47 europäischem

1569 2479 124 37 Sinne
1718 2478 84 37 also
1901 2477 272 38 Rückschritt.
2215 2476 109 38 Aber
2348 2477 66 37 die
2439 2476 369 38 abendländischen

1568 2545 210 38 Maßstäbe
1804 2547 196 36 erweisen
2023 2545 86 37 sich
2129 2545 128 37 schon
2279 2545 87 37 hier
2385 2544 56 38 als
2462 2543 281 39 unbrauchbar

1566 2625 63 26 wo
1660 2625 43 26 es
1733 2613 87 38 sich
1851 2613 106 38 noch
1988 2625 67 25 um
2087 2614 119 36 einen
2237 2623 294 37 erzwungenen
2550 2611 259 37 Widerstand

1568 2681 177 38 handelt.
1776 2682 118 37 Denn
1907 2683 75 36 wie
1997 2681 76 37 soll
2091 2688 119 30 etwas
2221 2679 232 49 verglichen
2465 2680 177 46 werden,
2662 2680 146 37 dessen

1570 2749 213 48 Ursprung
1802 2761 45 25 so
1867 2749 180 48 gänzlich
2060 2748 268 38 verschieden
2348 2749 61 45 ist,
2423 2749 76 36 wie
2517 2747 70 37 der
2601 2747 207 37 Rußlands

1567 2828 79 27 von
1667 2817 92 37 dem
1778 2817 71 37 der
1863 2816 296 48 europäischen
2175 2817 186 36 Staaten?
2393 2814 158 47 Gewiß,
2571 2815 65 36 die
2653 2814 156 37 Gestalt

1568 2885 65 37 die
1646 2885 64 37 die
1719 2884 238 38 Autokratie
1969 2895 292 37 angenommen
2274 2882 405 39 hatteentferntesich
2693 2881 115 37 mehr

1568 2953 82 36 und
1681 2953 116 37 mehr
1820 2964 80 26 von
1931 2952 130 38 ihrem
2093 2952 106 37 Ideal
2307 2951 61 38 bis
2398 2951 70 36 das
2498 2949 308 38 monarchische

1569 3022 177 47 Prinzip,
1771 3022 70 36 mit
1866 3022 132 35 einem
2019 3020 151 37 kurzen
2194 3019 168 46 Umweg
2382 3018 99 37 über
2500 3019 89 35 eine
2601 3016 206 37 westliche

1569 3088 278 48 Demokratie,
1877 3100 47 25 zu
1958 3088 172 38 Grunde
2159 3089 104 46 ging,
2293 3098 66 25 um
2390 3087 112 36 einer
2521 3085 123 47 völlig
2674 3095 131 26 neuen

1569 3155 440 39 Gemeinschaftsform
2021 3167 48 25 zu
2078 3154 194 47 weichen,
2284 3152 523 49 diegleichfallsinEuropa

1568 3224 93 38 kein
1684 3224 179 48 Beispiel
1888 3224 65 37 hat
2049 3223 101 37 auch
2176 3222 108 37 nicht
2306 3222 64 36 die
2390 3219 281 38 marxistische
2694 3220 84 36 Kon-

1567 3292 216 47 struktion,
1803 3292 65 37 die
1889 3303 76 25 nur
1981 3292 69 36 das
2065 3289 311 39 oberflächliche
2392 3288 171 37 Schema
2577 3286 133 50 abgibt
2724 3287 82 37 und

1568 3360 102 37 nach
1686 3351 308 55 Überwindung
2013 3359 71 36 der
2094 3356 281 39 Widerstände
2390 3355 86 37 sich
2486 3366 78 26 von
2580 3355 123 37 selbst
2717 3354 67 38 auf-

1567 3428 115 37 lösen
1704 3428 111 37 wird.

1569 3502 78 37 Für
1682 3502 78 36 den
1795 3500 233 37 russischen
2058 3498 224 37 Menschen
2318 3497 57 37 als
2409 3497 291 47 Zeitgenossen
2736 3496 72 37 des

1567 3569 89 37 XIX
1670 3568 299 49 Jahrhunderts
1981 3567 89 37 sind
2086 3566 117 37 beide
2217 3565 333 47 Erscheinungen
2565 3564 243 47 notwendig,

1569 3637 313 37 Panslawismus
1905 3636 75 36 wie
2011 3633 257 38 Nihilismus.
2310 3633 77 37 Die
2418 3633 256 47 notwendige
2703 3631 79 38 Kor-

1567 3705 256 48 respondenz
1839 3705 69 35 mit
1923 3703 171 46 Europa,
2110 3712 240 36 erzwungen
2367 3700 129 37 durch
2511 3699 297 38 ökonomische

1567 3773 76 37 wie
1667 3771 214 49 politische
1908 3769 349 38 Konstellationen
2283 3768 138 37 mußte
2447 3768 102 37 auch
2575 3770 117 35 einen
2718 3777 66 27 see-

1567 3840 155 38 lischen
1755 3839 186 45 Konnex,
1976 3836 100 38 über
2110 3836 78 37 den
2224 3838 71 36 mit
2329 3835 317 39 eklektizistisch
2670 3845 114 26 verar-

1567 3909 173 37 beiteten
1753 3906 212 48 Systemen
1981 3904 143 38 hinaus
2140 3906 164 36 mitsich
2317 3904 180 48 bringen.
2519 3904 77 36 Die
2608 3900 198 40 seelische
