3215 4652
504 378 119 63 394

1121 382 218 61 Walter
1377 384 412 64 Hasenclever
1846 420 15 15 *
1922 388 258 77 Jenseits

1351 1249 585 105 JENSEITS

1255 1050 254 76 Walter
1553 1054 514 81 Hasenclever

1228 1404 237 64 Szenen
1507 1431 111 38 aus
1661 1408 138 62 dem
1844 1408 223 66 Drama

824 1673 330 64 Personen:
1198 1677 171 76 Raul,
1405 1680 207 77 Jeane.
1705 1682 381 81 Schauplatz:
2131 1686 127 62 Das
2302 1689 170 62 Haus

1331 2045 383 78 ERSTER
1764 2051 199 73 AKT

1258 2237 172 64 Erste
1459 2240 197 63 Szene
1700 2264 37 39 /
1781 2242 248 64 Fenster

485 2360 251 78 Jeane:
789 2360 126 64 Das
958 2366 78 59 ist
1079 2368 156 58 mein
1280 2367 188 62 Haus.
1553 2369 129 63 Das
1724 2373 78 60 ist
1845 2376 156 58 mein
2047 2372 265 66 Fenster,
2399 2376 128 62 Das
2569 2382 77 57 ist
2689 2378 109 62 der

569 2442 279 62 Himmel.
908 2443 119 62 Die
1055 2443 206 65 Sonne
1304 2449 246 61 scheint.
1610 2451 89 61 Ich
1743 2452 176 74 weiß,
1964 2453 88 61 ich
2095 2454 158 63 lebe.
2313 2457 89 61 Ich
2448 2458 102 61 bin
2594 2458 170 80 glück-

565 2522 129 62 lich.
779 2523 90 61 Ich
922 2526 101 59 bin
1082 2527 246 77 geliebt.
1402 2528 69 78 (S
1478 2533 54 59 ie
1583 2534 210 59 nimmt
1844 2536 96 58 ein
1991 2559 148 53 paar
2188 2536 249 78 Rosen.)
2510 2537 79 63 Es
2646 2541 149 59 wird

567 2602 294 62 Sommer.
925 2604 261 63 Gestern
1229 2631 121 38 war
1377 2607 294 82 Sonntag.
1734 2612 195 62 Wenn
1973 2614 109 61 das
2114 2614 135 63 Bild
2292 2617 110 62 des
2432 2616 191 63 Sirius
2665 2620 96 60 auf-

565 2684 165 77 geht,
774 2687 78 58 ist
892 2684 210 63 Nacht.
1188 2686 117 63 Die
1350 2688 209 76 Nacht,
1600 2716 95 38 wo
1739 2693 88 61 ich
1872 2694 203 63 küsse.
2155 2696 114 62 Die
2312 2697 211 75 Nacht,
2564 2724 95 38 wo
2701 2701 89 61 ich

566 2764 176 61 liebe.
815 2764 90 61 Ich
948 2767 103 61 bin
1093 2768 335 79 geborgen.
1497 2772 90 61 Ich
1630 2773 104 61 bin
1776 2774 102 61 bei
1920 2776 109 61 dir.
2103 2776 155 62 Kein
2303 2778 179 61 Kleid
2524 2780 270 80 verbirgt

562 2843 170 74 midi,
777 2844 137 61 kein
943 2844 281 65 Schleier.
1290 2848 89 61 Ich
1418 2851 102 61 bin
1559 2853 177 61 nackt
1761 2877 112 38 vor
1899 2854 112 63 dir.
2076 2856 128 61 Nur
2231 2862 234 75 wenige
2494 2857 293 65 Stunden.

563 2924 117 61 Die
723 2923 130 62 Zeit
895 2928 77 59 ist
1013 2931 171 76 ewig.
1250 2928 218 64 Komm
1511 2932 164 63 bald.
1739 2933 218 62 Komm
1999 2937 241 62 wieder.
2303 2938 90 63 Ich
2438 2940 157 61 liebe
2639 2941 155 62 dich.

562 3004 127 77 (Sie
720 3006 190 62 öffnet
939 3007 111 63 das
1073 3008 293 80 Fenster.)
1411 3011 127 63 Das
1568 3016 77 59 ist
1672 3018 156 57 mein
1854 3016 185 62 Haus.
2086 3017 128 62 Das
2239 3022 76 57 ist
2338 3023 157 58 mein
2518 3020 272 63 Fenster.

570 3086 128 61 Das
727 3087 139 62 sind
894 3087 250 63 Blumen
1174 3093 59 57 in
1264 3095 225 58 meiner
1526 3093 202 64 Hand.
1812 3096 284 63 Könnten
2139 3102 89 57 sie
2272 3098 202 64 fühlen
2517 3103 114 59 wie
2674 3102 117 62 ich!

561 3164 162 63 Mein
765 3166 263 62 Freund!
1102 3169 161 61 Mein
1308 3169 339 65 Geliebter!
1741 3175 161 62 Mein
1946 3176 284 63 Gemahl!
2324 3178 129 78 (Sie
2494 3181 155 61 wirft
2692 3182 99 61 die

565 3247 204 62 Rosen
814 3248 213 62 durchs
1070 3249 295 82 Fenster.)

1212 3427 223 64 Zweite
1478 3429 195 63 Szene
1718 3454 35 39 /
1798 3431 254 64 Zimmer

475 3552 243 77 Jeane:
764 3552 78 62 Es
885 3553 268 63 dunkelt.
1224 3558 89 61 Ich
1357 3557 163 63 fühle
1550 3559 178 63 deine
1758 3562 201 61 Hand.
2032 3562 149 63 Bald
2225 3564 120 63 bist
2388 3566 82 61 du
2503 3566 95 61 da.
2658 3566 129 62 Wir

556 3634 188 59 sitzen
795 3634 387 64 beisammen.
1284 3638 90 61 Ich
1426 3639 146 61 sehe
1624 3639 179 63 deine
1852 3641 243 80 Augen.
2190 3643 97 61 Du
2341 3644 149 63 küßt
2550 3648 235 59 meinen

556 3712 208 62 Mund.
834 3714 198 63 Wenn
1078 3740 66 38 es
1184 3718 166 61 wahr
1390 3723 97 69 ist,
1532 3719 120 63 daß
1694 3724 103 59 wir
1839 3747 110 37 nur
1991 3726 217 59 einmal
2250 3724 222 75 lieben,
2514 3750 71 38 so
2628 3727 158 60 liebe

555 3793 110 62 ich.
746 3792 198 63 Wenn
989 3818 67 39 es
1098 3798 163 60 wahr
1301 3802 96 70 ist,
1449 3798 120 62 daß
1610 3803 105 59 wir
1757 3826 109 37 nur
1908 3804 216 61 einmal
2165 3804 201 75 leben,
2418 3829 69 38 so
2540 3806 102 59 bin
2694 3804 89 61 ich

555 3872 237 63 Geburt
833 3876 123 59 und
998 3876 175 63 Alter
1215 3881 60 57 in
1317 3883 215 59 einem.
1596 3879 119 64 Wo
1760 3882 110 62 der
1912 3882 262 63 Streifen
2218 3910 94 37 am
2358 3884 260 61 Himmel
2660 3886 123 61 sich

556 3958 184 76 neigt,
783 3954 104 64 bin
930 3957 89 61 ich
1064 3959 291 79 geboren,
1405 3961 103 62 bin
1562 3961 86 62 ich
1692 3963 334 79 begraben.
2110 3964 156 63 Dort
2306 3990 121 37 war
2468 3966 88 62 ich
2602 3966 181 75 Kind,
