3131 4615
776 409 320 62 Ambroise
1136 411 250 62 Vollard
1443 448 14 13 •
1522 411 283 62 Cezanne
1848 415 131 60 und
2015 415 150 61 Zola

2513 418 118 58 423

334 609 221 67 einem
588 600 638 94 geringschätzigen
1261 604 190 72 Blick
1493 603 115 73 auf
1651 605 325 73 Madame
2012 605 105 75 Z.:
2178 609 188 85 „Wir
2401 608 232 74 haben

333 730 76 43 es
474 697 514 91 ausgerechnet,
1077 704 181 68 mein
1326 701 212 72 Mann
1622 702 142 71 und
1848 701 130 85 ich,
2065 703 141 74 daß
2290 711 123 67 mit
2497 704 136 74 den

333 797 431 70 illustrierten
831 793 386 93 Ausgaben
1287 798 141 72 und
1507 797 123 73 der
1705 797 270 74 kleinen
2051 801 400 74 Bibliothek
2524 829 73 44 zu-

333 919 310 45 sammen
720 890 125 72 der
919 891 204 73 letzte
1189 892 271 74 Roman
1513 899 66 67 in
1632 894 125 73 der
1824 895 211 74 Höhe
2101 928 136 43 von
2314 897 280 74 fünfund-

333 985 569 94 dreißigtausend
978 985 452 94 Exemplaren
1513 990 338 94 gedruckt
1931 993 285 72 worden
2300 1000 107 66 ist.
2422 1002 31 26 “

341 1083 209 85 „Und
600 1085 184 83 wir,“
851 1082 144 73 hob
1057 1084 325 73 Madame
1449 1084 72 74 Z.
1588 1085 136 73 den
1785 1088 433 74 Handschuh
2279 1091 136 85 auf,
2476 1094 161 82 „wir

333 1178 230 74 haben
614 1179 106 72 für
770 1196 204 55 uhser
1025 1179 319 75 nächstes
1381 1182 189 74 Buch
1625 1191 152 66 eine
1811 1184 301 94 Auflage
2163 1215 136 44 von
2351 1187 248 93 fünfzig-

332 1275 297 73 tausend
653 1276 547 94 vertragsmäßig
1225 1278 444 94 zugesichert,
1701 1280 113 73 die
1841 1281 581 95 Luxusausgaben
2451 1284 186 72 nicht

334 1378 122 66 mit
506 1370 503 93 eingerechnet.
1023 1379 30 26 “

431 1466 155 73 Ich:
639 1466 200 74 Aber
888 1497 75 43 es
1005 1497 226 44 waren
1287 1469 183 74 doch
1504 1472 183 72 wohl
1739 1473 187 72 nicht
1976 1503 126 43 nur
2152 1474 237 75 solche
2423 1475 214 73 Leute

336 1569 122 66 mit
484 1563 574 95 Riesenauflagen
1086 1567 142 71 und
1255 1567 485 91 großtuenden
1769 1568 267 91 Fragen
2067 1571 180 73 dort.
2314 1572 324 72 Edmond

337 1661 89 71 de
480 1658 417 75 Gouncourt
945 1690 57 43 z.
1042 1662 77 72 B.
1160 1720 14 14 .
1217 1720 16 14 .
1273 1720 15 16 .

433 1773 395 72 Cezanne:
902 1773 144 73 Der
1113 1773 192 73 hatte
1369 1774 221 73 nichts
1642 1776 641 94 Bourgeoishaftes,
2354 1780 127 73 das
2550 1784 89 67 ist

334 1868 207 85 wahr,
597 1869 169 72 aber
819 1868 124 73 der
992 1868 253 75 schnitt
1294 1877 111 67 ein
1457 1872 376 95 andächtig
1866 1877 422 72 staunendes
2326 1875 310 84 Gesicht,

337 1992 199 43 wenn
588 1992 75 43 er
715 1964 192 73 diese
958 1963 254 75 Ziffern
1263 1966 222 74 hörte.

432 2073 159 75 Ich;
645 2075 262 73 Lieben
959 2076 118 74 Sie
1132 2079 113 71 die
1297 2077 455 78 Goncourts?

431 2187 396 73 Cezanne:
883 2189 133 72 Die
1058 2190 351 84 „Manette
1444 2192 379 75 Salomon“
1881 2194 186 75 habe
2116 2195 108 74 ich
2277 2197 160 72 sehr
2469 2226 168 66 gern

333 2283 283 94 gehabt,
695 2283 170 74 aber
929 2284 108 74 ich
1105 2287 184 72 habe
1357 2288 219 74 nichts
1637 2289 380 96 derartiges
2076 2292 195 74 mehr
2327 2293 310 93 gelesen,

336 2378 293 74 seitdem
690 2380 114 73 die
861 2382 270 85 Witwe,
1194 2388 127 68 wie
1382 2383 126 74 der
1573 2387 259 73 andere
1889 2388 334 93 (gemeint
2281 2418 159 56 war,
2511 2395 128 68 wie

334 2475 107 72 ich
493 2480 236 88 später
762 2476 252 86 erfuhr,
1070 2479 271 94 Barbey
1378 2479 446 96 d’Aureville)
1861 2499 176 79 sagt,
2093 2485 144 74 sich
2274 2485 204 74 allein
2514 2514 125 45 ans

336 2571 379 73 Schreiben
766 2573 323 94 gemacht
1138 2575 140 74 hat.

433 2683 89 72 Er
587 2683 155 72 fuhr
809 2683 163 74 fort:
1046 2686 99 73 So
1213 2693 168 88 ging
1439 2688 107 73 ich
1599 2689 184 74 denn
1853 2721 125 43 nur
2036 2693 219 73 selten
2316 2724 81 42 zu
2446 2693 192 85 Zola,

337 2778 184 73 denn
573 2808 75 43 es
698 2792 101 60 tat
841 2786 126 66 mir
999 2782 172 84 weh,
1225 2811 82 45 zu
1343 2783 235 87 sehen,
1635 2787 140 73 daß
1811 2815 73 45 er
1926 2818 81 43 so
2045 2795 188 68 einer
2265 2791 376 93 geworden

338 2880 107 80 ist,
499 2875 93 72 da
643 2890 198 79 sagte
893 2881 126 68 mir
1071 2884 190 67 eines
1314 2880 229 94 Tages
1597 2882 125 73 der
1757 2884 279 85 Diener,
2092 2886 140 73 daß
2276 2891 147 68 sein
2462 2888 180 71 Herr

339 2970 105 73 für
492 2974 414 71 niemanden
958 3003 81 43 zu
1091 2975 338 93 sprechen
1481 2983 202 68 wäre.
1772 2980 109 73 Ich
1932 2983 255 93 glaube
2239 2983 206 85 nicht,
2500 2983 142 73 daß

342 3065 113 73 die
487 3068 336 94 Weisung
879 3070 262 92 gerade
1189 3101 227 66 gegen
1470 3074 178 73 mich
1698 3077 336 91 gerichtet
2083 3107 159 57 war,
2313 3081 171 72 aber
2534 3079 107 74 ich

338 3161 219 72 schob
619 3171 227 67 meine
896 3167 312 72 Besuche
1269 3170 182 72 noch
1513 3171 193 72 mehr
1764 3172 265 74 hinaus.
2238 3176 164 74 Und
2457 3177 184 74 dann

339 3255 139 72 ließ
529 3257 166 74 Zola
745 3266 147 67 sein
950 3262 417 84 „L’oeuvre“
1427 3266 402 75 erscheinen
1870 3327 14 15 .
1926 3328 14 14 .
1982 3328 15 14 ,

437 3368 322 76 Cezanne
818 3374 168 72 hielt
1039 3382 202 66 einen
1293 3378 438 92 Augenblick
1783 3387 178 80 inne,
2025 3383 430 94 überwältigt
2503 3415 138 43 von

341 3463 124 72 der
498 3464 575 95 Vergangenheit.
1176 3472 204 72 Dann
1433 3474 246 93 sprach
1733 3505 72 43 er
1853 3484 252 68 weiter.

441 3577 211 83 „Man
705 3577 181 73 kann
938 3587 64 85 ja
1056 3584 185 72 nicht
1291 3585 303 86 fordern,
1659 3587 140 73 daß
1851 3595 109 66 ein
2022 3591 306 87 Mensch,
2392 3592 124 73 der
2567 3622 75 44 es

338 3672 188 73 nicht
590 3674 325 85 versteht,
968 3678 490 96 Vernünftiges
1536 3712 139 43 von
1764 3684 124 72 der
1966 3686 278 73 Malerei
2321 3688 320 92 spreche;

341 3768 170 72 aber
544 3775 67 66 in
656 3770 165 73 aller
855 3771 367 96 Herrgotts
1261 3779 310 72 Namen“
1734 3782 141 71 und
1913 3782 324 75 Cezanne
2266 3784 376 74 hämmerte

338 3871 127 64 wie
518 3865 332 74 besessen
886 3868 116 71 auf
1037 3869 134 73 den
1208 3872 205 73 Tisch
1584 3882 168 77 „wie
1785 3891 180 58 traut
1998 3907 75 44 er
2107 3879 144 73 sich
2286 3910 80 43 zu
2403 3911 236 64 sagen,

339 3959 143 73 daß
532 3967 108 66 ein
694 3962 217 74 Maler
960 3963 143 74 sich
1155 3975 167 76 töte,
1391 3971 150 71 weil
1593 4001 75 44 er
1726 3976 108 69 ein
1886 3972 381 76 schlechtes
2321 3976 155 74 Bild
2526 4008 116 63 ge-
