3546 4409
1687 133 109 52 303

494 264 198 55 bemisst,
741 282 70 32 wo
859 267 42 48 in
937 268 311 49 Deutschland
1291 270 70 50 die
1393 273 178 49 Gulden
1615 274 90 48 und

186 339 158 47 Thaler
372 340 90 47 sich
494 340 138 48 schon
666 341 115 50 breit
819 344 207 48 machen.
1087 347 120 47 Herr
1407 350 53 47 ist
1496 368 82 32 von
1611 352 95 48 hier

174 415 113 48 nach
320 416 235 49 Elberfeld
602 419 88 47 und
735 419 80 48 der
847 421 263 50 Grafschaft
1139 424 150 55 Mark,
1329 428 145 48 seiner
1506 429 200 56 Heimat,

174 494 165 62 gereist
370 495 91 47 und
487 495 110 47 wird
628 496 92 49 sich
753 499 113 47 nach
894 499 186 48 kurzem
1108 501 296 51 Aufenthalte
1427 505 141 49 direct
1590 508 113 47 nach

176 571 288 49 Manchester
506 574 168 47 zurück
721 575 222 65 begeben.
998 578 133 48 Seine
1174 581 182 47 äussere
1388 584 317 64 Erscheinung

172 646 89 49 und
287 649 92 46 sein
405 665 162 47 ganzes
591 651 242 49 Auftreten
857 654 53 46 ist
933 669 48 31 so
1007 654 355 68 liebenswürdig
1386 659 91 48 und
1502 659 176 49 beschei-

171 726 103 54 den,
321 726 84 47 wie
447 744 44 31 es
539 728 69 48 bei
654 730 246 48 Künstlern
944 731 143 49 seines
1132 734 182 65 Ranges
1359 738 161 63 gewiss
1562 739 139 48 selten

172 802 405 65 wahrgenommen
608 806 127 49 wird.

465 1036 181 73 Tages-
689 1039 101 54 und
819 1036 581 73 Unterhaltungs-Blatt.

245 1167 179 38 Kolli»
464 1169 70 34 Die
563 1171 212 47 Eröffnung
816 1173 64 34 des
920 1185 124 24 neuen
1083 1175 143 35 Cursus
1273 1178 52 33 im
1369 1178 300 37 Conservato-

168 1230 121 35 rium
319 1229 77 34 der
424 1230 164 35 Musik
617 1232 157 45 beginnt
801 1234 158 45 Montag
988 1234 71 35 den
1089 1234 35 36 5.
1156 1236 175 38 October.
1364 1240 71 34 Die
1466 1241 232 34 Aufnahme-

167 1289 171 46 Prüfung
367 1289 127 47 findet,
536 1292 100 34 nach
671 1293 380 48 vorhergegangener
1080 1295 258 38 schriftlicher
1365 1300 243 47 Anmeldung
1638 1301 60 35 bei

167 1350 83 33 dem
278 1350 226 47 Vorstände,
536 1352 241 47 Donnerstag
802 1354 71 33 den
904 1352 32 35 L
969 1354 176 43 October,
1175 1356 232 48 Vormittags
1437 1371 62 22 um
1531 1357 46 39 10
1607 1360 89 44 Uhr,

170 1410 51 32 im
249 1409 141 34 Locale
421 1411 64 33 der
515 1411 139 35 Schule
685 1412 320 48 (Glockengasse)
1037 1415 110 36 Statt.

244 1470 73 33 Die
346 1470 242 49 Aufführung
621 1485 68 22 von
720 1475 42 37 F.
793 1474 197 35 Hiller's
1033 1476 100 46 Oper
1178 1478 111 44 „Die

166 1530 116 34 findet
310 1542 59 22 am
399 1529 61 38 24.
490 1533 218 45 September
752 1536 69 32 auf
859 1535 84 34 dem
971 1536 227 36 Hoftheater
1242 1551 45 22 zu
1331 1540 263 36 Hannover
1633 1541 43 35 be-

168 1592 142 33 stimmt
337 1591 109 37 Statt»

243 1695 337 37 Italiänische
610 1698 126 47 Oper
770 1701 46 33 in
846 1700 177 35 Berlin.
1080 1703 44 33 In
1156 1703 63 34 der
1247 1704 184 34 nächsten
1463 1705 134 34 Saison
1626 1705 72 35 soll

166 1757 128 35 Berlin
325 1758 139 34 wieder
494 1761 83 31 eine
607 1759 240 36 italiänische
877 1761 102 45 Oper
1019 1761 136 44 haben,
1198 1764 77 33 und
1304 1775 100 22 zwar
1432 1766 51 32 im
1513 1766 184 33 Victoria-

167 1818 174 34 Theater.
371 1820 56 33 Im
449 1818 166 36 October
644 1820 92 34 wird
764 1820 196 35 Merelli
988 1822 68 33 mit
1085 1823 105 33 einer
1212 1823 263 45 Gesellschaft,
1507 1836 46 22 an
1584 1825 112 35 deren

165 1879 126 45 Spitze
322 1879 59 33 die
410 1879 135 35 Piatti
574 1880 132 34 stehen
737 1881 82 43 soll,
852 1881 82 34 eine
965 1881 151 35 Anzahl
1136 1883 293 47 Vorstellungen
1460 1884 133 46 geben.
1623 1886 76 33 Für

165 1942 125 43 später
319 1940 98 33 steht
447 1940 58 34 die
527 1941 197 34 Direction
758 1942 38 33 in
819 1941 318 47 Unterhandlung
1165 1943 68 34 mit
1261 1943 84 34 dem
1373 1945 326 35 americanischen

165 2000 225 45 Impresario
419 1999 247 45 Ulimann,
697 2001 165 34 welcher
882 2003 83 32 eine
990 2002 255 35 Gesellschaft
1265 2005 67 32 mit
1353 2004 65 34 der
1438 2005 259 35 Charlotte

165 2060 132 34 Patti
326 2059 55 35 als
410 2061 256 35 Primadonna
694 2062 357 34 zusammenstellen
1080 2063 83 35 soll.
1220 2062 132 48 (Diese
1382 2065 117 35 durch
1529 2067 169 34 mehrere

164 2121 211 45 Zeitungen
404 2121 172 44 gehende
605 2121 205 35 Nachricht
840 2121 135 35 beruht
1004 2123 67 33 auf
1097 2124 123 33 einem
1248 2124 175 35 Irrthum.
1476 2124 221 35 Carlotta

163 2180 128 33 Patti
334 2180 81 34 tritt
458 2180 106 35 nicht
606 2182 67 32 auf
711 2181 83 34 dem
825 2181 163 35 Theater
1017 2184 74 41 auf,
1136 2184 87 33 weil
1251 2185 53 33 sie
1332 2185 69 33 auf
1426 2185 121 33 einem
1577 2185 119 34 Fusse

162 2239 170 35 hinkend
362 2241 58 34 ist.
476 2241 100 34 Herr
605 2241 238 43 Ullmann,
889 2243 66 33 der
997 2243 81 34 hier
1119 2245 38 32 in
1188 2244 102 35 Köln
1321 2256 89 31 war,
1442 2245 254 46 beabsichtigt

166 2300 89 34 aber
281 2300 207 46 allerdings
518 2302 84 33 eine
633 2301 262 35 Concertreise
926 2304 66 33 mit
1022 2304 121 34 dieser
1164 2304 186 47 Sängerin
1369 2305 118 34 durch
1509 2305 164 34 Deutsch-

163 2360 89 34 land
280 2362 51 32 im
361 2361 171 35 Februar
560 2361 64 35 des
653 2361 204 47 folgenden
887 2363 167 47 Jahres.)

239 2465 211 37 Mainz*
508 2467 71 33 Am
609 2465 61 39 25.
699 2469 151 45 August
890 2469 89 33 fand
1018 2469 59 35 die
1106 2469 213 47 Eröffnung
1348 2471 64 33 der
1440 2470 256 46 diesjährigen

163 2527 134 34 Saison
327 2538 155 24 unseres
511 2528 273 35 Stadttheaters
814 2530 68 33 mit
911 2528 195 36 Gounod's
1336 2530 108 36 Statt.
1503 2531 168 34 Bekannt-

162 2587 77 35 lich
266 2589 49 33 ist
343 2587 59 35 die
432 2589 143 45 hiesige
607 2589 197 34 Direction
835 2600 47 22 an
913 2589 70 35 den
1013 2589 425 36 lloftheater-Director
1466 2601 73 23 von
1560 2591 108 33 Darm-

163 2648 108 47 stadt,
301 2649 124 34 Herrn
456 2648 233 45 Tescher,
718 2649 306 46 übergegangen,
1056 2650 75 43 der,
1162 2650 179 35 während
1371 2662 38 22 er
1439 2651 59 34 die
1529 2652 167 34 mainzer

163 2712 133 33 Bühne
325 2711 56 34 als
409 2711 437 34 Privat-Unternehmen
875 2710 116 43 leitet,
1021 2711 174 46 zugleich
1226 2712 37 33 in
1294 2712 123 33 seiner
1437 2711 174 46 Stellung
1640 2711 55 35 als

162 2772 98 34 Chef
286 2772 64 34 des
379 2771 246 35 Hoftheaters
654 2782 74 23 von
761 2771 220 35 Darmstadt
1009 2771 197 44 verbleibt,
1240 2772 77 33 und
1345 2784 76 21 nun
1453 2773 38 32 in
1520 2771 177 35 letzterer

165 2832 247 46 Eigenschaft
440 2832 64 34 der
533 2832 167 34 mainzer
728 2832 134 34 Bühne
891 2832 196 34 Vortheile
1125 2832 207 34 zuwenden
1371 2832 113 43 kann,
1529 2831 59 35 die
1618 2831 60 34 kei-

165 2904 86 23 nem
281 2893 164 33 anderen
475 2893 329 34 Privat-Director
823 2904 47 22 zu
892 2892 145 36 Gebote
1061 2893 143 35 stehen.
1236 2894 44 33 In
1302 2892 182 35 welchem
1506 2893 188 44 Umfange

166 2956 100 33 diese
295 2953 195 35 Vortheile
519 2954 156 33 benutzt
704 2954 165 45 werden,
915 2952 122 37 davon
1075 2960 134 41 zeugte
1238 2955 119 34 schon
1388 2954 57 34 die
1476 2959 97 29 erste
1602 2954 71 33 Vor-

166 3015 178 46 stellung,
374 3015 36 33 in
439 3015 63 33 der
530 3025 131 23 ausser
691 3014 82 33 dem
804 3014 227 34 Tenoristen
1061 3014 125 34 Herrn
1216 3013 276 44 Nachbaur,
1532 3013 65 34 der
1625 3013 71 33 den

168 3078 117 33 Faust
312 3088 107 35 sang,
464 3076 97 34 auch
590 3076 97 33 noch
720 3075 135 43 Chöre,
886 3074 135 44 Ballet,
1053 3075 389 42 Solo-Tänzerinuen,
1482 3076 52 43 ja,
1581 3073 117 36 selbst

169 3137 215 35 Garderobe
427 3137 77 33 und
539 3136 221 45 Requisiten
789 3146 87 22 vom
907 3134 250 36 darmstädter
1185 3135 227 34 Hoftheater
1452 3133 245 35 mitwirkten.

168 3198 71 34 Die
259 3198 244 45 Aufführung
524 3208 77 22 war
623 3197 83 34 eine
724 3195 105 34 recht
851 3194 227 47 gelungene,
1110 3195 205 35 besonders
1344 3206 76 23 war
1450 3206 38 22 es
1518 3193 178 35 Fräulein

167 3259 228 42 Kreuzer,
439 3259 59 33 die
528 3257 54 35 als
611 3256 239 47 Margarethe
879 3255 128 35 vielen
1037 3255 137 35 Beifall
1202 3256 78 34 und
1307 3255 192 35 lebhaften
1530 3255 144 34 Hervor-

167 3319 62 34 ruf
253 3320 101 34 fand.
403 3319 98 34 Vom
530 3317 264 47 Standpunkte
824 3317 64 34 der
915 3316 128 35 Kritik
1072 3328 67 23 aus
1170 3316 122 36 dürfte
1322 3316 123 35 dieser
1472 3327 132 34 grosse
1633 3316 44 33 Er-

167 3379 78 46 folg
273 3391 71 22 nur
372 3378 211 35 theilweise
612 3378 287 46 gerechtfertigt
929 3377 235 35 erscheinen.

245 3495 73 33 Die
349 3495 147 33 Herren
541 3491 216 47 Leopold
791 3492 227 46 Brassin,
1061 3492 245 34 Hof-Pianist
1333 3492 64 34 des
1426 3491 170 46 Herzogs
1625 3502 74 23 von

167 3554 311 47 Coburg-Gotha,
521 3554 135 34 dessen
696 3552 145 35 Bruder
884 3551 211 35 Gerhard
1136 3551 224 43 Brassin,
1404 3551 179 34 Violinist
1623 3550 76 34 und

168 3617 319 35 Concertmeister
514 3617 39 33 in
569 3617 111 42 Bern,
710 3612 78 36 und
816 3612 77 36 Th.
923 3612 314 46 Krumbholz,
1265 3611 208 46 bisheriger
1501 3610 177 36 Solo-Vio-

168 3679 194 35 loncellist
391 3678 65 34 der
476 3676 472 36 Gewandhaus-Concerte
978 3685 46 23 zu
1041 3674 170 46 Leipzig,
1239 3673 123 35 haben
1390 3674 38 33 in
1458 3673 69 34 den
1555 3672 124 34 thürin-

167 3741 158 44 gischen
368 3739 77 34 und
483 3739 53 35 im
576 3739 158 45 vorigen
762 3737 155 34 Monate
958 3735 98 34 auch
1096 3737 40 32 in
1163 3735 242 34 rheinischen
1433 3734 150 35 Bädern
1611 3744 67 24 con-

167 3801 129 34 certirt
324 3801 76 34 und
428 3800 120 35 durch
577 3800 59 33 die
664 3799 169 35 virtuose
862 3796 250 45 Ausführung
1138 3807 74 22 von
1241 3795 238 46 gediegenen
1506 3795 167 34 Kammer-

169 3864 141 33 musik-
340 3862 77 35 und
444 3861 239 47 glänzenden
714 3858 279 37 Salonstücken
1021 3868 157 35 grossen
1205 3856 140 34 Beifall
1371 3859 184 43 geärntet.

247 3970 80 33 Aus
356 3967 181 35 Kassel
565 3966 167 35 schreibt
759 3977 88 25 man
877 3965 91 35 über
997 3965 58 34 die
1077 3963 101 47 Oper
1210 3962 86 48 „La
1499 3964 98 33 Text
1626 3975 72 22 von

170 4029 259 36 Charlotte
459 4027 405 44 Birch-Pfeiffer,
894 4026 129 35 Musik
1051 4036 74 23 von
1157 4024 185 35 Gustav
1371 4022 239 45 Schmidt,
1640 4024 59 33 die

172 4101 60 23 am
262 4087 58 38 20.
352 4090 154 44 August
550 4087 215 47 aufgeführt
803 4087 127 35 wurde
967 4086 91 48 (vgl.
1087 4087 63 34 Nr.
1179 4082 61 46 37,
1270 4085 36 35 S.
1337 4081 103 49 296),
1485 4082 100 36 noch
1614 4083 64 35 Fol-

1781 273 160 44 gendes:
1974 275 70 33 Die
2066 275 128 35 Musik
2224 277 140 33 enthält
2393 279 201 48 allerdings
2624 282 159 36 manche
2811 284 139 36 schöne
2979 288 187 36 Nummer,
3197 301 30 22 z.
3251 291 41 33 B.

1784 332 58 34 die
1887 334 192 35 Romanze
2116 335 304 46 Margarethens:
2466 339 93 45 ~Die
2599 341 217 47 Nachtigall
2858 351 82 40 sagt
2981 358 37 22 es
3061 346 63 35 der

1783 392 217 35 Amandens
2021 395 128 45 Arien,
2178 396 59 34 die
2257 397 88 33 Arie
2366 397 161 48 Rosny's
2554 401 52 33 im
2628 403 157 34 zweiten
2808 405 106 43 Acte,
2943 407 59 33 ein
3024 407 116 33 Duett
3157 409 109 34 Aman-

1781 452 90 34 dens
1901 454 76 33 und
2007 454 229 44 Heinrich's,
2265 466 40 24 so
2336 458 70 33 wie
2435 458 65 35 das
2526 461 133 35 Finale
2689 462 197 36 desselben
2905 466 113 34 Actes
3105 466 58 35 die
3191 467 103 36 beste

1780 512 178 34 Nummer
1999 513 64 34 der
2101 526 145 34 ganzen
2290 515 100 46 Oper
2495 520 76 33 und
2611 522 51 33 im
2705 522 136 35 dritten
2881 524 106 44 Acte,
3030 526 160 35 welcher
3231 527 64 36 der

1779 571 235 35 schwächste
2046 574 57 41 ist,
2136 575 65 34 das
2231 576 213 35 Keiterlied.
2500 578 112 36 Diese
2642 581 141 35 Stücke
2811 584 85 34 sind
2924 595 39 23 es
2992 586 96 34 auch
3116 597 156 36 vorzugs-

1779 631 123 42 weise,
1934 632 117 33 denen
2082 644 60 22 am
2171 635 158 33 meisten
2359 635 200 47 Anspruch
2587 640 69 33 auf
2681 640 242 47 Originalität
2949 645 203 44 zukommt,
3194 648 75 34 wäh-

1777 689 91 34 rend
1899 701 45 22 an
1975 693 184 33 manchen
2204 693 163 34 anderen
2397 694 141 36 Stellen
2568 697 80 34 dem
2680 701 166 35 Zuhörer
2873 703 309 37 Reminiscenzen
3211 708 80 34 sich

1778 750 247 47 aufdrängen,
2265 765 34 22 ei
2333 758 71 29 last
2430 756 179 34 versucht
2632 760 102 42 wird,
2765 760 81 35 dem
2869 763 269 46 Componisten
3167 779 104 34 repro-

1776 808 172 36 duetives
1973 810 174 34 Schaffen
2177 814 273 33 vorzuwerfen.
2480 815 319 46 Beispielsweise:
2830 821 59 35 die
2922 823 209 36 Ouvertüre
3161 828 130 32 sowie

1776 867 64 34 der
1861 873 96 29 erste
1978 869 73 34 Act
2078 870 192 35 enthalten
2299 874 265 45 mannigfache
2585 876 199 47 Anklänge
2813 891 45 22 an
2888 881 58 34 die
2978 882 181 47 ..lustigen
3190 886 75 33 Wei-

1776 927 59 34 bei
1879 954 7 16 ,
1931 929 63 33 der
2024 929 154 48 Anfang
2207 932 63 33 der
2301 931 281 38 I)6s-duv-A.x\.G
2611 948 71 21 von
2714 938 181 36 Heinrich
2923 941 120 36 liefert
3071 947 36 31 in
3136 945 68 34 den
3237 957 36 24 er-

1773 995 81 26 sten
1884 988 110 34 sechs
2031 992 13 30 1
2058 997 107 27 acten
2195 993 81 32 eine
2307 995 197 44 frappante
2526 996 261 36 Reminiscenz
2816 1001 65 34 des
2909 1001 214 36 bekannten
3150 1005 120 34 thürin-

1771 1059 61 34 gei
1867 1049 19 32 \
1903 1048 224 35 olksliedes:
2161 1051 67 45 „O,
2260 1052 68 34 wie
2355 1053 47 33 ist
2420 1065 15 22 s
2464 1054 166 46 möglich
2660 1056 97 36 dann
2768 1060 15 17 u
2798 1071 9 31 j
2836 1062 97 33 auch
2962 1074 46 22 an
3037 1074 112 23 unser
3176 1074 114 26 etwas

1774 1108 325 44 geräuschvolles,
2129 1110 185 45 tägliches
2343 1112 324 48 Schlummerlied,
2704 1119 69 33 den
2802 1121 297 46 Zapfenstreich,
3143 1124 145 35 werden

1773 1169 67 32 wir
1869 1169 36 31 in
1936 1168 122 34 einem
2088 1171 253 35 Männerchor
2383 1175 164 33 erinnert
2653 1178 63 33 der
2743 1180 202 47 Anklänge
2975 1194 46 22 an
3050 1183 59 34 die
3142 1184 122 34 „Stum-

1773 1239 56 22 me
1860 1254 7 16 ,
1900 1228 57 33 die
1989 1230 377 44 „Ivion-Diamanten
2373 1232 8 17 L
2423 1245 34 22 u.
2479 1246 27 22 s.
2529 1248 42 22 w.
2601 1237 105 33 nicht
2735 1250 45 22 zu
2808 1241 215 45 gedenken!
3053 1243 71 34 Ein
3142 1244 121 46 Haupt-

1769 1289 170 32 vorwurf
1964 1289 184 34 erwächst
2169 1290 139 44 jedoch
2340 1292 81 34 dem
2453 1293 266 47 Componisten
2764 1306 74 28 erst
2877 1313 65 23 aus
2972 1303 82 34 dem
3083 1305 206 45 flüchtigen

1771 1348 259 46 Uebergehen,
2061 1349 209 36 theilweise
2299 1352 96 34 auch
2425 1364 67 23 aus
2521 1354 63 34 der
2612 1356 105 34 nicht
2745 1360 289 37 ausdrucksvoll
3053 1376 126 33 genug
3206 1365 62 34 her-

1769 1409 264 34 vortretenden
2051 1410 252 47 Behandlung
2332 1411 149 37 solcher
2496 1414 152 44 Stellen,
2680 1417 141 36 welche
2842 1420 65 34 das
2928 1423 49 32 im
2998 1423 290 35 musicalischeu

1771 1468 141 34 Drama
1940 1470 118 33 schon
2087 1470 164 33 ohnehin
2281 1472 223 47 schwierige
2533 1474 266 38 Verständniss
2826 1479 63 34 der
2916 1481 205 48 Handlung
3149 1486 117 43 wenig-

1769 1534 102 28 stens
1898 1529 38 32 in
1967 1529 71 33 den
2068 1529 348 46 Hauptmomenten
2459 1533 237 37 erleichtern.
2751 1537 131 35 Durch
2928 1540 58 34 die
3030 1541 260 46 coinplicirten

1771 1589 229 45 Tonfiguren
2032 1590 76 33 und
2143 1589 65 34 das
2251 1592 132 33 rasche
2413 1593 141 46 Tempo
2583 1606 46 21 an
2660 1596 64 34 der
2752 1597 129 45 Stelle,
2924 1612 57 23 wo
3020 1602 170 34 Amande
3232 1602 58 35 die

1771 1648 189 34 dreifache
1981 1648 214 47 Einladung
2223 1651 37 32 in
2291 1651 68 34 den
2381 1652 173 34 Pavillon
2585 1656 206 46 empfängt,
2820 1657 116 36 bleibt
2964 1661 37 32 in
3032 1660 64 35 der
3116 1662 97 34 That
3232 1662 58 34 die

1773 1707 207 47 Handlung
2008 1709 231 46 vollständig
2268 1710 148 44 unklar,
2461 1712 176 35 während
2681 1726 37 24 es
2762 1719 206 36 zweifellos
3004 1722 182 46 richtiger
3213 1723 77 34 und

1771 1780 61 23 voi
1841 1769 215 34 theilhafter
2085 1781 32 22 ei
2127 1770 179 34 scheinen
2336 1775 151 40 müsste,
2518 1773 91 35 eben
2641 1786 45 23 an
2709 1777 110 43 jener
2838 1779 114 35 Stelle
2982 1781 116 35 durch
3126 1785 139 33 musica-

1770 1829 118 34 lische
1931 1829 236 34 Hülfsmittel
2216 1843 85 21 zum
2333 1833 20 32 \
2371 1834 230 35 erständniss
2646 1837 63 34 der
2750 1839 207 47 Handlung
2999 1844 37 32 in
3077 1846 210 42 grösserem

1771 1891 148 33 Maasse
1947 1890 258 45 beizutiagen.
2251 1891 150 35 Andere
2430 1893 190 37 Momente
2649 1896 171 48 dagegen
2847 1899 123 36 leiden
2998 1914 46 21 an
3074 1903 103 34 einer
3204 1903 86 35 übel

1771 1949 292 45 angebrachten,
2094 1949 101 34 allzu
2223 1949 146 36 breiten
2397 1952 265 49 Behandlung,
2692 1968 30 22 z.
2756 1958 40 33 B.
2826 1958 65 35 das
2910 1960 201 36 Ensemble
3133 1963 49 33 im
3199 1964 67 33 Ter-

1771 2016 75 28 zett
1867 2021 75 23 von
1964 2010 139 45 Rosny,
2129 2011 236 46 Margarethe
2394 2013 76 33 und
2491 2014 181 37 Amande.
2722 2018 95 34 Dem
2839 2021 273 34 erwachenden
3133 2022 134 35 Schuld-

1771 2069 246 35 bewusstsein
2039 2070 203 46 Letzterer,
2265 2072 82 44 „ein
2374 2072 234 37 Verbrechen
2630 2075 197 48 begangen
2848 2091 47 21 zu
3103 2093 63 22 um
3189 2082 80 35 dess-

1770 2130 126 36 willen
1926 2132 53 33 sie
2009 2131 96 34 auch
2135 2131 64 33 der
2228 2133 167 45 Königin
2426 2145 46 22 zu
2500 2135 144 35 Füssen
2672 2137 97 44 fällt,
2812 2140 121 35 dürfte
2976 2141 64 35 das
3079 2154 40 22 so
3156 2154 110 35 ausge-

1769 2192 136 33 dehnte
1946 2192 279 44 Gesangspart:
2259 2192 118 45 „Weh
2384 2191 6 11 1
2564 2196 105 33 nicht
2696 2199 255 45 vorangehen.
3006 2202 70 33 Ein
3121 2204 169 33 weiterer

1769 2253 174 33 Verstoss
1984 2263 121 34 gegen
2151 2252 70 33 den
2265 2252 278 36 dramatischen
2575 2255 109 46 Gang
2713 2257 63 34 der
2803 2259 207 46 Handlung
3054 2261 115 36 findet
3196 2264 92 43 sich,

1770 2312 83 34 dem
1882 2313 157 44 vorigen
2068 2311 234 46 umgekehrt,
2343 2324 45 21 an
2419 2315 94 32 zwei
2542 2314 141 35 Stellen
2711 2318 53 33 im
2794 2319 159 33 zweiten
2984 2321 106 42 Acte,
3123 2322 166 36 nämlich

1771 2372 118 34 durch
1918 2373 61 33 ein
2009 2373 193 44 Zuwenig.
2254 2373 94 33 Hier
2387 2373 102 34 hätte
2518 2374 130 46 Rosny
2688 2387 68 23 vor
2798 2378 144 35 seinem
2971 2380 171 46 Sprunge
3171 2381 118 36 durch

1771 2433 65 34 das
2073 2436 90 30 statt
2192 2432 64 33 der
2298 2432 231 47 auferlegten
2567 2441 187 29 stummen
2784 2438 108 34 Rolle
2999 2440 94 34 eben
3121 2453 40 23 so
3191 2444 96 34 auch

1771 2492 170 34 Amande
1982 2493 39 33 in
2056 2491 99 35 ihrer
2183 2493 285 45 Begeisterung,
2498 2500 89 28 statt
2616 2495 64 35 der
2709 2497 301 47 wirkungslosen
3041 2501 77 34 drei
3148 2503 138 35 Tacte:

1773 2554 90 45 „Ich
1906 2552 130 35 liefere
2075 2552 55 34 sie
2175 2553 96 33 euch
2531 2556 338 43 entsprechendere
2898 2560 221 47 Beachtung
3162 2562 124 36 finden

1770 2618 164 31 müssen.
1971 2613 94 33 Eine
2094 2612 129 35 solche
2253 2613 261 47 Flüchtigkeit
2542 2615 85 34 darf
2651 2628 61 22 um
2742 2629 40 23 so
2811 2619 105 35 mehr
2942 2622 261 40 verwundern,
3234 2625 54 33 als

1769 2676 84 33 eine
1880 2674 105 33 klare
2014 2672 246 46 Darstellung
2289 2673 63 34 der
2381 2673 188 35 Situation
2611 2676 252 36 stellenweise
2897 2680 106 34 recht
3031 2681 99 35 wohl
3157 2683 110 45 gelun-

1768 2747 72 35 gen
1871 2736 58 33 ist.
1985 2735 49 33 Es
2063 2732 133 35 bedarf
2221 2733 131 35 keines
2381 2735 177 33 weiteren
2587 2736 204 47 Beweises,
2837 2739 84 34 dass
2964 2740 65 35 der
3070 2742 220 46 Componist

1769 2796 61 35 bei
1857 2794 258 45 Bearbeitung
2145 2793 63 34 des
2239 2794 139 33 Textes
2420 2795 106 34 nicht
2553 2798 155 44 geringe
2738 2798 336 48 Schwierigkeiten
3105 2814 46 22 zu
3182 2803 87 34 über-

1771 2856 149 34 winden
1960 2854 138 46 gehabt
2140 2853 75 34 hat.
2274 2854 180 35 Derselbe
2484 2857 47 33 ist
2560 2856 323 50 schlechterdings
2910 2873 46 22 zu
2985 2862 219 35 verwickelt
3231 2864 59 33 für

1770 2918 83 33 eine
1882 2916 112 46 Oper,
2040 2914 143 35 welche
2213 2915 96 34 doch
2336 2921 91 28 stets
2456 2917 77 33 und
2561 2930 67 21 vor
2657 2918 123 35 Allem
2822 2921 107 34 einen
2967 2925 186 43 gewissen
3185 2925 101 33 Grad

1769 2988 75 24 von
1867 2975 264 36 Deutlichkeit
2154 2986 44 23 an
2228 2975 81 35 sich
2338 2982 131 40 tragen
2497 2989 113 23 muss.
2642 2979 83 34 Wie
2755 2980 84 34 sehr
2868 2981 120 35 dieser
3018 2984 182 35 Umstand
3229 2985 60 34 bei

1771 3036 83 35 dem
1875 3036 174 35 Schaffen
2073 3035 64 34 des
2157 3036 159 35 Werkes
2345 3038 153 33 störend
2524 3038 207 45 einwirkte,
2763 3039 121 35 davon
2907 3048 111 40 zeugt
3045 3043 64 35 der
3136 3045 151 44 schöne,

1771 3098 90 34 freie
1891 3097 108 46 Flug,
2030 3095 70 35 den
2129 3096 59 34 die
2217 3097 204 35 Phantasie
2450 3099 63 33 des
2543 3099 247 36 Tondichters
2827 3103 38 32 in
2895 3102 130 36 klaren
3054 3105 237 36 Situationen

1771 3160 145 45 nimmt,
1946 3160 38 32 in
2014 3160 119 34 denen
2162 3170 40 22 er
2232 3158 69 34 den
2325 3158 167 35 Zuhörer
2519 3160 69 33 auf
2612 3160 64 34 das
2698 3163 270 45 angenehmste
2988 3165 140 36 fesselt.
3158 3166 134 36 Leider

1771 3231 71 22 nur
1869 3220 48 33 ist
1946 3220 64 34 das
2038 3219 107 34 nicht
2169 3230 41 23 so
2241 3219 130 46 häufig
2405 3219 63 34 der
2495 3219 95 47 Fall,
2634 3220 55 35 als
2731 3233 87 22 man
2859 3224 96 34 nach
2995 3224 84 35 dem
3121 3226 169 35 Genüsse

1773 3278 191 34 einzelner
1993 3278 141 34 Stellen
2164 3290 47 21 zu
2241 3285 182 26 erwarten
2452 3278 212 47 berechtigt
2691 3281 61 42 ist,
2783 3281 75 35 und
2888 3283 92 34 wird
3009 3284 57 34 die
3087 3285 112 34 Form
3227 3297 42 23 zu-

1772 3337 134 34 weilen
1936 3348 112 35 sogar
2077 3343 115 28 etwas
2220 3337 199 47 gedrückt,
2461 3338 71 33 wie
2562 3338 294 48 beispielsweise
2895 3343 37 32 in
2963 3343 82 34 dem
3074 3344 216 36 Andantino

1773 3399 64 34 der
1865 3400 189 33 Romanze
2084 3397 216 35 Heinrich's
2330 3399 48 32 im
2409 3401 122 32 ersten
2557 3401 105 34 Acte.
2692 3401 55 33 Im
2771 3412 154 35 grossen
2948 3403 154 35 Ganzen
3121 3405 150 35 betrach-

1771 3464 66 40 tet,
1879 3463 98 43 trägt
2006 3460 64 34 das
2100 3459 260 45 Tongemälde
2390 3460 110 33 einen
2536 3460 284 35 französischen
2849 3462 207 36 Charakter
3084 3466 77 33 und
3188 3467 103 43 wird,

1773 3521 123 34 davon
1927 3520 82 35 sind
2039 3522 67 32 wir
2133 3520 219 46 überzeugt,
2383 3531 46 23 an
2458 3521 82 33 dem
2561 3520 214 47 möglichen
2798 3522 176 48 baldigen
2997 3525 294 36 Verschwinden

1773 3581 194 35 desselben
1990 3593 88 22 vom
2097 3581 232 46 Repertoire,
2358 3592 130 35 wegen
2508 3581 173 46 Mangels
2700 3586 193 42 grösserer
2912 3585 256 37 Theilnahme,
3190 3587 103 35 mehr

1772 3643 65 34 das
1867 3642 116 45 Sujet,
2014 3643 54 33 als
2098 3643 66 33 das
2193 3642 267 35 musicalische
2491 3643 168 35 Gewand
2686 3644 59 35 die
2774 3644 143 36 Schuld
2945 3652 141 42 tragen.

1850 3778 267 45 Bremen,
2150 3774 34 40 3.
2215 3777 230 47 September.
2501 3777 76 34 Der
2605 3775 309 37 Künstlerverein
2959 3778 62 34 hat
3062 3777 96 35 nach
3190 3779 103 33 einer

1774 3841 122 34 Pause
1929 3849 73 24 von
2032 3838 94 34 zwei
2152 3838 181 34 Monaten
2363 3836 59 35 die
2451 3837 114 34 Reihe
2594 3838 124 35 seiner
2745 3836 292 47 regelmässigen
3060 3837 233 34 Mittwochs-

1774 3899 340 46 Versammlungen
2141 3904 153 42 gestern
2325 3898 136 34 wieder
2489 3897 170 44 eröffnet,
2702 3898 77 34 und
2807 3909 97 23 zwar
2933 3899 66 33 mit
3028 3899 121 33 einem
3178 3899 92 33 musi-

1774 3960 193 35 calischen
1996 3959 145 43 Abend,
2173 3960 59 33 für
2261 3960 71 33 den
2360 3959 58 33 die
2447 3957 323 36 Orchesterkräfte
2799 3958 224 46 aufgeboten
3051 3969 136 35 waren,
3229 3970 64 23 um

1773 4022 123 33 einem
1926 4019 171 45 hiesigen
2127 4019 182 34 Künstler
2338 4017 245 46 Gelegenheit
2611 4029 47 23 zu
2685 4017 130 47 geben,
2856 4019 60 32 ein
2943 4029 116 23 neues
3089 4017 116 35 Werk
3233 4017 63 35 bei

1774 4083 70 34 den
1873 4080 202 35 Freunden
2105 4080 63 35 der
2199 4079 127 36 Musik
2355 4079 256 34 einzuführen.
2663 4079 96 34 Herr
2787 4078 38 34 J.
2855 4077 261 35 Streudner
3151 4078 64 34 hat
3243 4079 51 33 im

1541 815 43 48 S.
