3546 4409
1761 72 110 52 302

249 221 115 49 doch
393 237 49 30 so
473 218 312 67 ausgedehnte
815 218 304 48 Verhältnisse
1149 233 74 42 an,
1262 216 100 49 dass
1394 215 80 48 der
1505 213 272 64 aufrichtige

249 298 185 49 Freund
465 296 77 49 des
573 296 231 64 Gesanges
842 295 128 48 darin
1016 295 128 47 mehr
1186 294 100 48 eine
1324 292 171 49 Gefahr
1538 292 63 47 als
1644 291 130 47 einen

249 376 106 64 Sieg
399 375 80 48 der
509 374 239 49 Tonkunst
790 374 230 47 erkennen
1065 388 135 33 muss.
1258 372 94 46 Für
1383 371 101 55 alle,
1515 370 70 47 die
1616 369 42 47 in
1691 367 86 49 den

251 454 160 47 letzten
440 451 173 48 Jahren
645 450 84 47 den
764 450 191 47 Verlauf
994 449 92 47 und
1115 449 71 47 die
1214 449 235 47 Resultate
1479 446 80 48 der
1590 461 187 49 grossen

253 529 91 49 und
385 529 176 47 kleinen
592 527 288 64 Sängerfeste
924 527 80 47 mit
1034 526 301 48 Theilnahme
1375 525 193 63 verfolgt
1610 522 169 57 haben,

254 605 165 49 bedarf
456 604 92 48 dies
590 604 155 48 keiner
787 604 214 47 weiteren
1045 602 323 64 Ausführung.
1427 600 155 49 Durch
1627 600 121 48 Wett-

250 684 152 48 streite
444 681 90 48 und
576 681 153 48 Preise
772 681 53 47 ist
867 681 55 47 da
966 681 122 47 nicht
1129 698 52 30 zu
1228 680 165 57 helfen,
1436 680 85 47 wie
1552 677 80 49 das
1662 676 116 50 auch

250 761 136 47 schon
418 760 40 47 in
489 759 249 63 Nürnberg
768 775 113 47 ganz
912 759 162 62 richtig
1105 757 270 64 eingesehen
1407 756 173 48 wurde.
1622 757 48 46 In
1702 753 78 49 der

250 839 149 45 Kunst
438 836 119 48 kann
600 835 79 48 das
721 836 244 48 Unschöne
1009 836 91 47 und
1144 835 193 47 Triviale
1380 851 87 29 nur
1509 832 142 48 durch
1702 831 78 48 das

251 913 203 49 wirklich
487 913 181 49 Schöne
697 913 90 47 und
819 912 292 48 Bedeutende
1152 911 90 48 und
1281 911 159 48 dessen
1474 910 308 63 Vorführung

250 992 44 48 in
325 991 367 63 kunstgemässer
722 991 158 47 Weise
913 988 314 50 überwunden
1260 988 199 49 werden.

372 1068 222 47 Desshalb
621 1068 245 64 begrüssen
893 1067 81 47 wir
998 1067 79 47 mit
1100 1066 212 48 Freuden
1345 1066 71 47 die
1443 1081 115 32 neue
1586 1063 168 49 Verbin-

253 1145 124 63 dung
406 1161 83 31 von
519 1145 162 47 sechs
711 1143 367 49 rheinischen
1112 1143 310 56 Vereinen,
1453 1142 138 48 deren
1615 1141 164 48 Zweck

251 1222 69 55 ist,
363 1221 71 48 die
480 1220 181 48 Würde
703 1221 78 47 des
824 1222 389 62 mehrstimmigen
1258 1221 417 62 Männergesanges
1718 1220 64 47 als

251 1300 123 47 einer
397 1297 130 48 edeln
552 1298 205 64 Gattung
780 1297 80 48 der
885 1298 239 49 Tonkunst
1147 1297 205 48 aufrecht
1382 1315 52 29 zu
1458 1297 205 48 erhalten
1689 1296 90 48 und

247 1374 247 65 jährlich
527 1373 175 50 durch
735 1376 125 47 eine
890 1392 202 49 grosse
1124 1374 655 64 Concert-Aufführung

254 1452 80 49 mit
373 1452 230 48 vereinten
646 1453 188 48 Kräften
880 1453 100 47 dem
1028 1452 237 48 Publicum
1309 1468 84 32 von
1437 1452 80 47 der
1559 1453 85 46 Art
1686 1452 89 47 und

255 1529 160 50 Weise
443 1529 335 50 Rechenschaft
806 1547 50 31 zu
888 1529 166 65 geben,
1093 1531 85 47 wie
1208 1529 62 49 sie
1298 1529 99 49 ihre
1426 1528 216 66 Aufgabe
1680 1529 74 47 auf-

254 1607 143 48 fassen
424 1607 89 48 und
538 1607 143 48 durch
712 1608 69 48 ein
813 1616 171 40 ernstes
1006 1607 335 48 Kunststreben
1371 1625 51 30 zu
1449 1608 122 47 lösen
1594 1607 185 48 suchen.

369 1684 61 47 Es
477 1684 97 47 sind
625 1684 92 49 dies
766 1684 71 49 die
1263 1701 84 32 von
1392 1684 266 58 Aachen,
1708 1683 71 50 die

614 1778 84 32 von
731 1763 174 55 Bonn,
936 1762 71 48 die
1412 1780 84 30 von
1529 1761 250 55 Crefeld,

253 1838 69 48 die
759 1856 84 32 von
889 1839 357 57 Elberfeld,
1302 1839 81 49 der
1443 1839 305 56 „Männer-Ge-

587 1933 85 32 von
700 1918 175 56 Köln,
918 1917 81 48 der
1694 1933 84 32 von

254 1994 193 47 Neuss.

371 2072 162 47 Dieser
557 2070 165 49 Verein
745 2072 55 47 ist
828 2072 68 47 im
924 2072 160 64 April
1116 2072 42 49 d.
1186 2074 39 46 J.
1257 2089 262 31 zusammen
1550 2079 229 57 getreten;

253 2148 114 48 nach
397 2148 169 48 seinem
592 2149 153 47 Statut
773 2149 215 48 wechselt
1016 2149 71 50 die
1111 2150 335 55 Vorortschaft,
1478 2150 79 47 mit
1581 2150 199 49 welcher

253 2224 71 48 die
369 2225 300 65 Einrichtung
711 2225 93 49 und
844 2227 200 64 Leitung
1087 2227 81 48 der
1211 2228 569 63 Gesammt-Aufführung

254 2302 264 49 verbunden
548 2303 70 56 ist,
653 2303 218 65 jährlich;
915 2304 82 48 der
1026 2305 314 65 Rein-Ertrag
1371 2305 82 47 der
1482 2305 216 49 letzteren
1727 2305 53 49 ist

254 2396 80 31 zur
364 2380 151 47 Hälfte
562 2380 77 47 für
679 2382 301 64 Honorirung
1017 2387 236 59 grösserer
1290 2383 372 65 Compositionen
1705 2384 78 47 für

253 2457 365 64 Männergesang
650 2457 249 57 bestimmt,
927 2477 79 29 zur
1036 2459 201 48 anderen
1270 2460 150 47 Hälfte
1450 2460 332 65 vorzugsweise

255 2534 76 48 für
359 2534 370 50 vaterstädtische
755 2537 196 48 Zwecke
993 2537 77 48 des
1105 2538 330 65 jedesmaligen
1469 2538 206 49 Vororts.
1730 2540 50 47 In

253 2610 80 48 der
360 2611 385 50 constituirenden
778 2613 352 67 Versammlung
1161 2614 160 50 wurde
1349 2617 142 47 Köln
1524 2617 77 47 für
1634 2615 145 51 1863

254 2689 92 48 und
377 2690 232 48 Aachen
641 2691 80 47 für
747 2691 143 50 1864
915 2693 275 66 einstimmig
1213 2712 101 30 zum
1336 2694 198 48 Vororte
1566 2695 213 64 gewählt.

373 2768 236 47 Demnach
640 2768 79 48 hat
740 2768 80 48 der
843 2770 556 65 Männer-Gesangverein
1430 2789 53 29 zu
1515 2773 140 47 Köln
1688 2771 89 49 und

254 2841 157 50 dessen
458 2845 210 65 Dirigent
712 2848 173 47 Franz
931 2848 211 49 Weber
1183 2849 73 52 die
1288 2849 355 66 Veranstaltung
1689 2850 91 48 und

251 2921 198 65 Leitung
499 2923 77 47 des
625 2923 303 66 diesjährigen
970 2925 264 57 Concertes,
1285 2928 194 48 welches
1521 2929 258 65 Sonntag

253 2998 104 49 den
409 2999 48 48 4.
508 3000 253 50 October
815 3003 69 47 im
942 3020 231 47 grossen
1227 3005 553 50 Gürzenich-Saale

253 3078 119 47 Statt
414 3076 152 50 finden
609 3078 131 58 wird,
785 3080 349 50 übernommen.
1191 3081 257 50 Grundsatz
1477 3083 70 54 ist,
1577 3083 102 49 dass
1709 3083 70 49 bei

256 3152 153 50 diesen
435 3155 254 50 Concerten
720 3174 89 31 nur
835 3159 84 47 ein
951 3159 343 66 Einzelvortrag
1324 3160 121 48 eines
1469 3160 168 50 durchs
1658 3163 122 48 Loos

254 3248 51 30 zu
336 3230 364 51 bestimmenden
730 3235 203 56 Vereins,
964 3238 198 47 welcher
1191 3238 123 48 nicht
1342 3238 81 48 der
1451 3238 79 48 des
1563 3239 217 48 Vorortes

254 3309 94 47 sein
378 3307 116 56 darf,
523 3311 263 64 zugelassen
816 3314 130 54 wird,
984 3314 165 65 jedoch
1192 3315 98 48 sind
1328 3316 71 47 ein
1430 3316 110 49 oder
1567 3316 110 49 zwei
1708 3318 48 47 In-

255 3389 387 48 strumentalsätze
667 3389 111 49 oder
799 3391 115 49 auch
940 3393 284 64 Sologesang
1247 3394 123 48 nicht
1392 3395 388 65 ausgeschlossen.

371 3465 274 49 Betrachten
687 3467 85 49 wir
814 3467 79 50 das
938 3469 78 48 für
1053 3469 80 49 das
1163 3471 197 49 Concert
1388 3489 72 32 am
1493 3473 49 48 4.
1575 3473 208 49 October

255 3541 283 64 aufgestellte
583 3545 352 65 Programm,
978 3564 48 32 so
1065 3547 111 65 geht
1204 3547 166 50 daraus
1399 3558 173 40 erstens
1601 3551 182 57 hervor,

255 3619 102 48 dass
387 3619 144 48 durch
561 3620 71 49 die
661 3624 253 63 getroffene
940 3626 144 50 Wahl
1116 3626 108 48 alles
1248 3627 327 50 Gewöhnliche
1604 3629 94 48 und
1719 3630 65 48 oft

256 3695 343 67 Abgesungene
623 3699 94 48 fern
741 3701 213 65 gehalten
976 3702 72 56 ist,
1078 3704 93 48 und
1195 3705 227 57 zweitens,
1451 3705 103 49 dass
1578 3706 72 48 die
1672 3707 110 49 zwei

255 3777 205 63 grössten
495 3775 112 65 jetzt
647 3776 221 52 lebenden
910 3780 251 49 deutschen
1205 3781 342 66 Componisten,
1591 3785 192 49 Franz

255 3852 259 49 Lachner
554 3854 93 49 und
689 3847 331 60 Ferdinand
1060 3860 217 56 Hiller,
1326 3860 142 49 durch
1511 3878 135 42 neue,
1695 3862 89 49 für

256 3928 104 50 den
400 3931 209 50 Verein
654 3934 419 64 geschriebene
1110 3941 211 61 grössere
1352 3940 178 48 Werke
1561 3940 71 49 die
1661 3942 90 47 Ten-

259 4006 107 49 denz
407 4007 235 52 desselben
687 4011 293 51 anerkennen
1020 4015 91 48 und
1155 4016 318 65 begünstigen.
1516 4019 267 49 Lachner

1853 214 78 48 hat
1972 214 103 47 dem
2119 214 195 48 Vereine
2356 214 99 47 eine
2499 211 310 66 Composition
2855 211 76 48 des
2977 211 123 50 150.
3142 211 178 50 Psalm
3334 230 52 32 es

1853 290 80 47 mit
1962 290 250 49 Orchester
2241 289 91 48 und
2357 289 418 64 Orgelbegleitung
2805 289 248 63 gewidmet
3081 286 90 50 und
3205 289 181 49 Hiller

1852 367 110 49 zwei
1994 367 208 63 Gesänge
2246 384 82 30 aus
2371 366 80 48 der
2483 366 130 48 Edda
2653 365 101 65 (von
2798 366 130 47 Ellar
2958 365 162 66 Ling):
3161 365 192 56 „Oster-

2084 445 90 48 und
2559 444 77 47 für
2666 444 125 53 Solo,
2822 444 306 48 Männerchor
3174 441 90 48 und
3295 444 58 48 Or-

1853 522 191 49 chester.
2103 525 173 46 Ausser
2318 521 151 48 diesen
2513 521 161 48 beiden
2709 521 330 48 Glanzstücken
3080 520 186 48 werden
3304 522 83 47 wir

1853 600 108 47 zwei
2003 600 80 48 der
2124 600 241 48 schönsten
2398 599 403 64 Kirchengesänge
2838 615 84 32 von
2964 599 93 48 Pal
3072 615 55 31 es
3140 597 68 47 tri
3223 614 62 32 na

1853 676 106 50 hone
1981 676 135 65 Jesu)
2141 677 89 47 und
2255 694 84 30 von
2366 676 255 48 Vittoria
2655 675 13 64 (
2672 675 179 67 Popule
2878 677 141 61 mens)
3052 676 160 53 hören,
3243 676 108 47 Men-

1855 753 313 50 delssohn's
2189 755 182 64 Hymne
2400 755 98 53 „An
2517 753 72 47 die
2902 753 297 47 Lachner's
3227 752 133 56 „Stur-

2201 831 90 48 und
2325 832 208 62 Gesänge
2564 847 82 32 von
2678 831 57 48 K.
2766 831 60 48 M.
2857 847 35 31 v.
2927 830 234 56 Weber,
3207 831 180 47 Franz

1855 908 323 56 Schubert,
2208 910 54 47 N.
2288 908 80 49 W.
2395 908 179 55 Gade,
2603 908 104 49 Jul.
2733 908 152 49 Bietz
2916 907 91 48 und
3036 910 41 45 J.
3105 906 282 49 Herbeck.

1975 986 241 48 Während
2254 987 80 47 das
2365 986 194 48 Streben
2599 986 79 48 des
2718 986 284 48 rheinischen
3035 986 354 62 Sängervereins

1857 1063 101 49 dem
1997 1066 209 63 Spruche
2246 1071 435 56 entgegenzutreten
2713 1065 154 47 sucht:
2911 1063 259 56 „Ueberall,
3214 1080 71 30 wo
3316 1062 71 48 die

1857 1142 147 48 Kunst
2034 1142 253 65 gesunken,
2329 1142 55 47 ist
2412 1142 62 47 sie
2504 1141 142 48 durch
2690 1141 71 48 die
2791 1142 275 47 Künstler

1857 1222 134 61 möge
2023 1220 79 48 das
2132 1218 300 49 Publicum
2465 1218 115 49 auch
2613 1218 168 49 diesem
2805 1217 197 50 Streben
3025 1217 332 65 entgegenkom-

1857 1312 104 32 men
2006 1297 91 47 und
2147 1314 84 30 von
2282 1296 149 48 seiner
2460 1296 120 48 Seite
2624 1296 86 48 den
2743 1296 174 48 Beweis
2958 1296 174 54 liefern,
3162 1294 102 49 dass
3293 1294 93 47 ihm

1854 1391 88 30 nur
1971 1373 80 50 das
2081 1374 158 49 wahre
2269 1373 182 48 Schöne
2490 1373 198 65 geboten
2729 1391 52 30 zu
2824 1373 184 50 werden
3055 1372 211 56 braucht,
3309 1388 77 31 um

3140 1452 51 48 L.
3225 1453 48 47 B.

1855 1469 46 31 es
1930 1470 52 31 zu
2015 1453 240 64 würdigen
2284 1452 93 48 und
2409 1469 52 31 zu
2493 1453 174 48 lieben!

2009 1703 122 54 Karl
2170 1703 138 54 Hallé
2350 1721 89 36 aus
2481 1702 309 55 Manchester
2830 1703 51 53 in
2922 1702 303 54 Darmstadt.

1973 1839 163 47 Dieser
2178 1837 243 49 berühmte
2452 1839 203 47 Musiker
2700 1837 90 49 und
2823 1839 272 48 Virtuose
3139 1836 77 61 {sit

1861 1916 149 61 verbo,
2024 1916 117 48 denn
2160 1916 81 48 der
2258 1916 243 48 Ausdruck
2520 1917 213 47 Virtuose
2759 1917 52 47 ist
2830 1916 84 48 fast
2936 1934 49 30 zu
3007 1917 289 64 gewöhnlich
3317 1919 76 47 für

1856 1995 131 47 einen
2019 1995 220 47 Künstler
2266 1995 145 47 seines
2434 1994 202 64 Ranges)
2663 1995 120 47 weilt
2805 1995 82 47 seit
2910 2003 117 39 etwa
3054 1994 30 66 4
3175 1994 31 66 5
3236 1994 152 66 Tagen

1858 2074 97 47 hier
1992 2074 41 45 in
2066 2072 284 56 Darmstadt,
2392 2072 102 49 dem
2526 2074 106 63 Asyl
2673 2072 81 49 der
2795 2072 353 56 „sicilianischen

1858 2151 88 47 und
1991 2150 81 48 der
2113 2150 226 65 „Königin
2708 2151 91 47 und
2842 2150 199 48 erfreute
3083 2151 99 47 eine
3227 2151 165 56 kleine,

1856 2227 112 49 aber
1998 2227 271 64 andächtige
2298 2229 346 48 Zuhörerschar
2682 2227 59 49 im
2774 2229 157 47 Hause
2968 2227 77 49 des
3084 2229 284 48 kunstlieben-

1856 2305 87 48 den
1987 2306 389 47 Bank-Directors
2416 2305 167 48 Frhrn.
2627 2321 36 32 v.
2694 2305 83 49 W.
2821 2312 182 56 gestern
3035 2305 164 48 Abend
3247 2306 143 48 durch

1855 2382 321 49 verschiedene
2233 2384 227 63 Vorträge
2528 2382 412 49 Reethoven'scher
3006 2382 387 66 Compositionen.

1859 2462 122 47 Herr
2009 2462 136 47 Hall£
2185 2461 159 65 spielte
2386 2469 150 40 zuerst
2579 2461 298 48 Reethoven's
2908 2462 169 47 Sonate
3119 2462 42 47 in
3205 2462 188 50 Es-dur

1858 2537 11 65 (
1877 2536 16 25 3
1894 2539 84 60 A),
2020 2539 121 48 dann
2172 2539 79 48 das
2282 2555 156 47 grosse
2468 2539 108 48 Trio
2613 2539 43 46 in
2688 2537 169 50 B-dur
2896 2539 80 48 mit
3006 2541 108 44 zwei
3148 2540 210 48 Kammer-

1856 2617 231 47 musikern
2134 2616 91 48 und
2268 2616 176 48 endlich
2490 2616 71 48 die
2604 2631 156 50 grosse
2791 2617 170 49 Sonate
2992 2617 40 47 in
3290 2617 105 50 Wir

1856 2696 149 48 haben
2035 2696 84 47 seit
2146 2696 173 47 Jahren
2362 2695 81 48 viel
2485 2696 117 47 über
2633 2696 152 47 Herrn
2816 2695 136 48 Halle
2983 2695 89 48 und
3103 2697 122 46 seine
3257 2696 110 48 musi-

1855 2772 192 48 calische
2082 2772 336 48 Wirksamkeit
2446 2772 58 47 im
2536 2772 336 65 Allgemeinen,
2915 2789 49 31 so
2994 2773 85 46 wie
3119 2772 116 48 über
3270 2773 123 49 seine

1855 2850 309 49 wunderbare
2193 2850 353 64 Interpretation
2578 2851 410 47 Beelhoven'scher
3020 2850 370 66 Compositionen

1853 2930 163 64 speciel
2047 2930 205 63 gelesen;
2296 2928 111 49 aber
2446 2930 123 52 alles,
2613 2945 93 32 was
2735 2930 116 47 auch
2882 2928 301 65 geschrieben
3215 2930 177 52 wurde,

1855 3007 104 48 darf
1978 3007 62 48 als
2066 3006 120 48 nicht
2209 3005 301 66 erschöpfend
2536 3006 259 65 angesehen
2823 3006 183 48 werden
3040 3007 76 47 für
3147 3006 121 56 das,
3300 3024 93 31 was

1855 3086 83 47 wir
1979 3102 54 31 zu
2081 3085 145 48 hören
2270 3085 240 48 bekamen.
2567 3085 125 48 Ganz
2741 3085 261 64 abgesehen
3048 3101 82 32 von
3173 3085 80 48 der
3286 3087 87 46 voll-

1855 3162 193 48 endeten
2080 3161 204 49 Technik
2324 3163 186 55 Halle's,
2553 3162 54 47 ist
2647 3162 124 48 seine
2820 3163 230 63 geistvolle
3093 3162 300 65 Auffassung,

1855 3241 122 48 seine
2009 3241 160 48 höchst
2199 3243 253 61 prägnante
2476 3240 408 48 Ausdrucksweise
2914 3240 93 48 und
3037 3240 201 48 überaus
3270 3241 125 48 klare

1856 3318 385 65 Versinnlichung
2284 3318 78 49 des
2405 3318 416 49 Reethoven'schen
2867 3318 170 49 Genius
3088 3326 142 41 etwas
3282 3336 115 47 ganz

2176 3397 43 47 in
2251 3396 169 48 diesem
2446 3394 154 50 Grade
2631 3412 83 31 von
2748 3396 84 47 mir
2862 3396 114 48 noch
3009 3396 124 47 nicht
3154 3397 240 48 Gehörtes.

1860 3476 116 48 Was
2009 3476 151 47 Herrn
2203 3474 136 49 Halle
2382 3473 213 50 überdies
2639 3474 64 49 als
2749 3474 343 65 Ciavierspieler
3133 3491 81 32 vor
3255 3474 142 50 vielen

1855 3553 149 48 seiner
2034 3552 217 65 Collegen
2283 3552 305 56 auszeichnet,
2627 3552 80 49 das
2745 3553 55 47 ist
2829 3551 72 48 die
2937 3552 116 47 eben
3084 3568 49 32 so
3164 3553 135 48 weise
3331 3553 63 48 als

1855 3646 235 49 sparsame
2145 3629 330 65 Verwendung
2538 3629 78 49 des
2665 3629 181 56 Pedals,
2903 3645 94 31 was
3037 3628 116 48 über
3195 3629 80 49 das
3319 3629 51 49 be-

1856 3708 224 48 treffende
2104 3708 231 48 Tonstück
2368 3708 100 48 eine
2498 3709 274 64 ungemeine
2796 3707 210 48 Klarheit
3028 3708 246 48 verbreitet
3304 3708 91 48 und

1856 3787 106 48 sehr
2006 3787 260 47 wesentlich
2312 3803 101 31 zum
2460 3786 317 48 Verständniss
2820 3784 90 49 und
2957 3786 205 48 höheren
3195 3787 204 48 Genüsse

1858 3863 236 50 desselben
2124 3863 212 65 beiträgt.
2393 3863 159 50 Wenn
2581 3862 215 66 England
2828 3862 110 48 viele
2968 3863 180 48 solcher
3178 3863 219 48 Künstler

1858 3942 180 48 besässe
2081 3943 85 48 wie
2197 3943 152 55 Halle,
2390 3958 49 32 so
2484 3946 123 44 wäre
2646 3957 46 32 es
2735 3957 84 32 uns
2862 3941 161 49 fürder
3068 3942 100 48 kein
3214 3941 184 49 Räthsel

1858 4019 147 57 mehr,
2048 4036 177 32 warum
2283 4036 47 33 es
2378 4019 122 49 seine
2545 4018 243 64 klingende
2833 4018 391 50 Erkenntlichkeit
3281 4018 114 48 nach
