2647 4334
1245 3992 50 37 92

298 450 169 55 brächte
504 451 66 47 die
608 450 158 50 Steuer
799 450 100 58 alfo·-
923 450 119 49 einen
1080 453 168 56 Ertrag
1284 466 84 34 von
1413 459 50 39 to
1504 453 246 47 Millionen
1772 453 146 47 Mark
1955 454 191 57 jährlich,
2181 455 156 47 wovon

297 537 67 48 die
397 537 123 56 licher
552 524 94 70 fehr
681 538 160 58 großen
877 538 153 56 Ketten«
1045 533 96 54 ihrs«
1175 537 241 50 Taxierens
1449 524 85 63 nnd
1568 540 75 47 der
1679 554 79 33 nen
1790 542 322 56 einznfetzenden
2148 534 162 60 Steuer-

296 624 213 54 behörden
553 605 100 74 noch
695 622 242 59 abzuziehen
979 626 146 46 wären
1168 622 54 36 T—
1259 626 146 48 wiirde
1447 627 84 47 das
1575 628 187 55 wirklich
1807 629 93 47 eine
2026 631 137 56 grobe
2203 631 133 48 Rotte

505 712 85 56 das
619 710 116 49 man
780 713 67 46 die
893 705 367 68 llnznfriedenheit
1306 712 75 49 der
1429 712 355 60 Bilderfammler
1833 729 144 43 wegen
2024 718 77 46 der
2146 719 157 47 Bevor-

292 809 159 46 zugung
490 799 75 46 der
606 792 514 63 Knuftgewerbefammler
1161 801 90 55 auf
1278 800 76 55 fich
1390 801 175 54 nehmen
1605 804 174 46 wollte?
2007 792 3 64 s
2275 808 7 4 «

458 886 80 56 Ich
570 886 167 57 glaube,
768 888 66 47 die
867 900 126 44 ganze
1026 878 111 58 Idee
1169 890 48 56 ift
1248 889 384 57 undurchführbar,
1662 891 147 55 fobald
1842 905 98 34 man
1975 893 109 54 nicht
2117 893 103 54 auch
2247 893 85 45 den

288 966 340 64 Tllufeunisbefitz
660 972 280 58 hinznnimmh
970 986 96 36 was
1093 976 75 55 fich
1198 978 45 53 ja
1275 978 104 46 aber
1412 991 85 33 von
1527 978 116 55 felbft
1674 979 223 47 verbietet.
1959 980 95 54 ilnd
2085 981 76 47 der
2193 979 137 45 Staat

288 1059 118 57 möge
438 1060 74 54 lich
547 1059 228 57 bernhigen
810 1064 83 45 und
931 1063 108 54 nicht
1075 1064 158 56 darauf
1269 1063 238 57 hinweifem
1542 1067 101 55 dass,
1677 1080 121 34 wenn
1835 1081 99 34 man
1970 1069 81 46 den
2085 1067 245 57 Kunftbefitk

281 1147 107 54 nicht
437 1147 219 57 befteuere,
683 1148 352 57 möglirheufalls
1083 1165 85 33 von
1217 1151 152 57 klugen
1419 1152 156 48 Leuten
1623 1153 69 55 ihr
1741 1153 328 57 Kriegsgewiun
2117 1157 43 53 in
2208 1155 115 48 alten

287 1233 187 48 Bildern
523 1236 206 56 angelegt-
773 1237 155 47 werde.
1010 1237 129 57 Diefe
1194 1238 173 57 Gefahr
1422 1241 47 56 ift
1525 1241 109 54 nicht
1687 1242 93 55 fehr
1836 1245 126 54 groß.
2043 1244 123 47 Was«
2217 1245 113 48 kann

284 1320 107 54 nicht
427 1300 85 69 von
547 1321 123 54 heute
701 1324 78 55 auf
815 1335 175 45 morgen
1027 1325 160 47 Bilder
1227 1327 173 56 kaufen.
1448 1328 129 47 rWer
1619 1334 81 42 lod
1715 1335 85 41 ooo
1838 1331 148 48 Aiark
2023 1331 195 50 verdient
2252 1332 77 56 hat

284 1409 82 45 nnd
398 1408 125 56 kanft
554 1421 85 34 nun
672 1408 145 56 fkhnell
848 1411 121 47 einen
1001 1411 235 58 Rnisdaeh
1270 1415 75 46 der
1378 1414 140 58 kauft,
1550 1417 97 47 weil
1678 1430 47 33 er
1760 1419 100 56 eilig
1890 1418 146 58 Dinge
2068 1419 142 59 traust,
2244 1434 83 35 von

281 1494 130 48 denen
446 1509 47 34 er
528 1495 134 55 nichts
694 1497 196 57 versteht,
924 1499 208 56 uatiirlich
1168 1502 85 47 viel
1287 1515 47 43 zu
1368 1502 135 57 teuer,
1539 1505 83 45 nnd
1660 1506 145 54 fobald
1843 1520 47 34 er
1925 1507 83 47 das
2043 1507 155 57 merkt,
2226 1507 100 55 Ost

279 1593 46 35 er
361 1584 108 55 feine
503 1584 152 56 Hände
693 1598 86 36 von
813 1586 93 47 dem
942 1585 216 58 Gefkhäft
1223 1589 89 47 Als
1347 1591 68 47 die
1450 1589 277 59 Wehrfteuer
1765 1594 142 56 nahte,
1944 1596 88 56 find
2067 1595 258 57 dergleicheu

276 1669 224 49 Aianöver
542 1671 235 57 tatfäkhlich
819 1675 343 55 vorgekommen.
1232 1677 124 47 Aber
1398 1679 67 46 die
1507 1679 220 57 Summen,
1769 1682 67 47 die
1877 1684 59 45 da
1977 1669 46 69 zu
2066 1685 132 56 faffen
2238 1673 80 69 ge»-

274 1758 130 55 wefen
453 1758 160 56 wären,
663 1771 145 36 waren
859 1762 101 55 noch
1010 1763 94 56 fehr
1153 1764 163 57 gering.
1396 1765 129 49 Denn
1577 1768 129 54 folrhe
1758 1769 233 56 unficheren
2041 1770 277 58 Kautoniften

277 1843 192 51 arbeiten
505 1848 46 55 ja
587 1847 107 55 nicht
732 1848 56 47 im
826 1851 163 56 grossen
1024 1851 105 48 Stil.
1194 1852 178 56 Anftatt
1408 1855 103 55 kiihl
1549 1855 68 48 die
1652 1870 128 43 ganze
1818 1858 184 48 Million
2040 1856 281 61 dranznfehen

281 1915 83 64 nnd
397 1934 99 55 zwei
533 1934 300 50 Rembraudts
876 1940 85 45 und
1003 1941 120 45 einen
1165 1941 145 55 Franz«
1346 1942 115 56 Hals
1502 1958 45 42 zu
1591 1944 173 57 kaufen,
1805 1946 174 56 kriegen
2021 1949 54 54 fie
2116 1961 85 35 vor
2232 1949 90 47 sden

281 2017 209 58 Objekten
522 2020 135 60 Angfi
687 2025 83 45 nnd
804 2023 218 59 begnügen
1055 2028 75 55 fich
1166 2028 76 48 mit
1276 2029 136 47 einem
1447 2029 184 49 Gabriel
1666 2033 153 55 Aietfn
1854 2036 83 44 nnd
1973 2036 133 47 einem
2141 2035 181 55 casvar

278 2105 219 60 Aetfchey
532 2110 95 48 weil
665 2123 98 36 man
803 2113 101 56 dort)
943 2113 109 55 nicht
1090 2116 142 56 wiffen
1272 2116 140 47 könne
1442 2151 10 11 .
1485 2153 10 9 .
1527 2153 10 10 .
1614 2156 11 11 .

446 2195 67 48 Es
548 2196 149 56 frheint
733 2198 246 56 einftweilen
1017 2205 101 54 noch
1154 2203 108 55 nicht
1299 2205 202 58 dringlich
1539 2207 72 56 fiir
1643 2209 188 57 Befitzer
1866 2212 113 45 alter
2012 2212 179 63 Bilder,
2225 2212 93 57 ihre

281 2282 498 59 Berfiiherungspoliren
828 2288 396 58 dnrchznfludierem
1302 2292 178 49 Gerade
1528 2296 96 47 eine
1670 2297 178 56 Steuer,
1896 2299 70 47 bei
2017 2301 76 47 der
2139 2308 56 41 es

278 2380 67 36 nm
387 2369 233 57 imaginäre
660 2372 156 51 Werte
856 2375 187 57 handelt,
1080 2379 108 47 wird
1229 2381 45 46 in
1318 2382 74 46 der
1434 2381 178 55 Praxis
1655 2396 56 34 un
1755 2386 75 47 der
1875 2386 326 58 Schwierigkeit
2232 2388 84 48 oder

279 2455 337 60 Durchführung
631 2460 208 55 weitern.

1906 2474 117 48 Saat
2047 2475 268 50 Wawmann
