2461 4295
1015 3988 49 39 85

45 465 226 66 gkgesstand
305 461 47 56 ist
384 478 57 7 «—-
477 453 77 49 init
590 455 110 45 allen
736 452 138 57 diesen
910 450 495 56 Znhaltsanfzählungen
1443 451 74 45 der
1555 449 111 47 Idee
1702 446 97 47 Akt
1833 447 94 55 jene
1961 446 62 47 Zu-

45 563 89 60 pgiip
169 547 196 54 betonend
408 544 84 47 und
532 540 339 81 heranshebend,
896 537 84 49 die
1013 540 89 46 das
1142 537 298 74 Individuum»
1466 538 45 46 in
1553 537 92 46 dem
1674 533 205 58 Habitns
1919 532 134 57 seiner

43 643 154 62 gzjiihse
234 637 95 57 tdas
370 631 139 47 Wort
551 628 109 55 nicht
700 627 58 47 im
800 625 186 55 iiblichen
1027 622 155 59 Sinne)
1220 625 148 55 besitzt,
1409 625 67 45 die
1517 638 48 33 es
1606 625 93 45 dem
1740 622 164 47 andern
1944 618 109 55 nicht

46 727 248 63 verpflichten.
862 715 3 75 «
1131 715 3 75 «

186 817 58 46 Z«
281 807 201 55 Bergsou
523 803 146 47 driiclit
709 804 76 55 sich
826 804 69 44 die
935 802 125 64 Krise
1097 813 98 43 ans,
1234 800 103 47 aber
1379 800 101 55 auch
1520 801 67 45 die
1627 797 274 57 Wegzeichen
1941 795 117 55 ihrer

44 900 274 60 twerwindnug
345 894 181 56 ergeben
556 892 92 56 sich:
682 891 83 47 das
795 890 126 55 durch
953 890 67 46 die
1049 886 271 58 Gesellschaft
1342 888 258 55 gewordene
1629 872 286 62 ksudividunm
1944 883 110 57 sucht

48 963 55 90 kzch
133 995 38 46 i«
206 988 107 47 einer
349 979 310 56 Gemeinschaft
697 977 182 56 höherer
919 975 202 58 Gattung
1160 977 69 46 als
1269 976 75 46 die.
1373 973 435 57 vorgesellschastliche
1847 971 179 48 Gemein-

48 1081 102 58 schust
179 1087 101 43 war,
313 1073 66 47 die
415 1070 83 46 das
529 1067 284 47 Individuum
834 1066 259 55 iiberhaupt
1127 1065 101 54 noch
1266 1064 109 54 nicht
1412 1063 172 54 kannte,
1619 1076 46 44 zu
1702 1064 154 46 retten.
1926 1060 129 56 Diese

51 1168 157 52 Tendenz
239 1160 106 49 wird
379 1158 45 46 in
457 1158 121 54 jenen
610 1154 209 47 Denkern
855 1151 273 56 vorgedacht,
1161 1151 150 55 welche
1346 1163 100 35 man
1481 1151 102 56 nach
1617 1149 169 57 Hnsserl
1820 1149 67 47 die
1920 1146 105 56 Phä-

50 1251 261 54 uvntenologeu
351 1247 142 44 nennt.
562 1241 215 55 Wirklich
819 1266 53 7 —-
913 1241 57 46 im
1010 1237 379 58 sprichwiirtlicheu
1429 1236 259 57 sprarhsinn
1728 1257 61 7 —
1825 1236 110 47 wird
1976 1236 82 45 das

50 1332 396 64 phänomenologische
476 1329 184 48 Denlcen
690 1330 80 70 erst
799 1328 186 54 werden,
1013 1339 122 35 wenn
1166 1339 49 35 es
1242 1327 109 56 seine
1381 1325 244 56 Hypothese
1655 1326 77 46 des
1762 1324 267 56 phänomena-

51 1426 118 57 tpgisch
206 1420 308 57 reagierendem
554 1415 594 57 philosophiegsphilosophisch
1191 1412 340 57 nubescholtenen
1572 1414 180 55 Jngenn
1795 1412 109 55 nicht
1940 1409 121 56 mehr

52 1511 154 56 braucht,
227 1530 52 8 —-
301 1507 82 48 uud
412 1520 49 34 es
488 1504 177 55 braucht
695 1504 89 56 ihn,
812 1504 172 63 solange
1012 1502 101 54 noch
1144 1501 271 55 Gesellschaft
1436 1494 70 62 ist,
1532 1501 85 46 und
1646 1499 175 55 braucht
1848 1499 72 55 ihn
1951 1497 108 56 nicht

51 1601 106 54 mehr,
187 1609 114 36 wenn
340 1595 77 46 mit
459 1593 86 47 nnd
582 1593 45 45 in
669 1594 76 44 der
789 1590 313 66 Gemeinschaft
1144 1591 86 56 »das
1274 1588 362 57 Philosophieren
1679 1587 110 54 nicht
1832 1586 117 55 mehr
1992 1586 67 47 ein

51 1688 94 54 lehr-«-
170 1686 76 48 nud
275 1683 217 46 lernbarer
524 1680 151 56 Beruf
706 1679 398 67 wissenschaftlicher
1137 1678 91 47 Art
1257 1678 63 56 ist,
1349 1677 180 55 sondern
1561 1677 83 47 das
1673 1676 45 47 in
1748 1676 67 46 ein
1846 1673 214 57 geselliges

48 1772 212 56 Verhalten
288 1771 73 47 der
388 1768 233 58 Menschen
652 1767 413 57 miteingeschlossene
1095 1763 534 49 Miteinander-Denken.
1687 1763 105 47 Aue
1824 1763 139 55 heute,
1993 1773 68 34 wo

51 1861 86 57 diese
162 1858 272 57 Philosophie
466 1858 118 46 einer
618 1856 364 55 voransgeselzteu
1017 1852 313 57 Gemeinschaft
1364 1852 102 56 noch
1499 1852 134 47 neben
1668 1852 75 46 der
1778 1847 283 59 Philosophie

43 1937 67 60 der
132 1945 251 57 Gesellschaft
415 1945 103 57 steht
549 1945 86 46 nnd
667 1943 167 48 daraus
866 1942 187 56 insofern
1083 1942 91 47 eine
1206 1941 247 57 Täuschung
1486 1941 103 46 iiber
1621 1940 92 55 ihre
1747 1935 315 59 fnudamentale

47 2034 230 56 Andersheit
299 2033 268 56 aufkommen
592 2032 129 54 traun,
747 2032 70 46 als
844 2031 68 56 sie,
936 2030 248 55 Borläufer
1210 2029 116 47 einer
1351 2041 28 33 a
1394 2041 28 34 u
1438 2028 26 46 d
1480 2042 23 33 e
1519 2040 22 33 r
1557 2040 23 33 e
1596 2040 27 34 n
1648 2026 115 56 Zeit,
1786 2028 43 45 in
1854 2026 165 56 diese
2035 2037 21 35 r

51 2119 79 55 Zeit
163 2120 90 56 lebt,
286 2132 78 36 nur
402 2119 152 48 darum
592 2118 117 49 lcann
747 2131 64 43 es,
846 2119 97 46 weil
980 2119 56 55 sie
1073 2116 286 58 bgpothetisch
1394 2115 234 54 annehmen
1667 2115 114 55 muss,
1818 2127 97 34 was
1953 2111 109 58 nicht

52 2206 155 56 wirklich
246 2207 59 56 ist,
346 2208 67 55 oft
457 2209 80 45 den
582 2206 214 48 Tindrnclc
843 2205 183 56 machen,
1071 2205 71 47 als
1185 2205 171 46 wollten
1401 2204 66 46 die
1513 2202 417 57 Phäuomenologen
1969 2202 93 47 dem

51 2289 225 55 Phiinouien
312 2292 260 58 beibringen,
610 2294 81 47 wie
728 2306 50 34 es
817 2292 188 56 wirlclich
1045 2293 62 55 ist,
1144 2292 90 47 eine
1274 2289 247 59 Täuschung
1560 2287 83 50 ans
1678 2280 117 66 ihrer
1835 2287 226 56 doppelten

50 2376 170 54 Paradm
253 2394 127 44 gegen
413 2383 67 46 die
515 2379 564 57 philosophisclkhistorische
1113 2377 240 58 Belastung
1386 2379 77 47 des
1497 2377 290 57 Phänomens
1821 2377 77 47 mit
1931 2375 99 48 Ans-

53 2463 105 56 legen
192 2466 94 49 iiber
320 2480 63 44 es,
422 2470 68 47 die
528 2469 78 47 mit
645 2469 87 54 ihm
773 2463 136 60 nichts
950 2482 47 42 zu
1036 2471 77 44 tun
1154 2453 156 70 haben;
1354 2468 84 45 nnd
1478 2478 133 45 gegen
1653 2466 83 46 das
1777 2463 287 57 mihbranchte

54 2546 131 54 Mittel
211 2553 69 49 der
309 2554 133 56 nichts
477 2558 70 47 als
583 2554 218 57 anfzeigen
836 2554 223 56 fallenden,
1095 2555 101 55 noch
1232 2553 109 56 nicht
1373 2554 209 46 bedeuten
1615 2553 207 56 sotlenden
1858 2549 208 58 Sprache»

55 2635 54 49 die
140 2638 38 49 in
215 2640 336 60 philosophischer
594 2644 177 55 önzncht
812 2644 280 54 verlcriippelt
1133 2643 63 55 ist,
1233 2642 147 55 welche
1417 2641 371 56 Verlcriippelung
1830 2640 109 56 nicht
1981 2640 83 47 das

54 2719 237 65 Phönoinem
327 2730 112 56 wohl
474 2731 104 47 aber
615 2732 122 56 unser
775 2728 249 67 Verhalten
1060 2744 46 41 zu
1143 2730 86 54 ihm
1267 2727 235 59 geschädigt
1542 2727 91 55 hat.

196 2812 95 51 Das
318 2814 267 51 Vordenlcen
613 2819 119 47 einer
758 2817 100 56 Zeit
888 2817 153 56 zwingt
1069 2817 109 56 diese
1205 2812 104 59 noch
1340 2816 123 55 nicht,
1494 2813 285 58 Erscheinung
1806 2828 46 42 zu
1881 2812 185 48 werden.

44 2894 157 53 Andere
240 2913 79 37 uns
361 2904 268 50 nnbelcannte
672 2906 174 56 Kräfte,
890 2906 69 47 die
1001 2905 84 46 das
1128 2904 91 47 eine
1262 2904 131 55 hinab
1437 2904 70 47 ins
1548 2902 191 55 Dunkel,
1780 2904 84 45 das
1908 2903 160 46 andere

55 2978 301 68 Ukisslldtiiugen
386 3004 85 36 ans
501 2990 130 59 Licht,
662 2992 165 49 wirlcen
859 2993 107 55 hier.
1024 2992 123 47 Aber
1181 2992 107 56 diese
1321 2991 268 56 gebärenden
1623 2991 159 55 Kräfte
1812 2990 140 57 ziehen
1984 3000 83 37 uns

55 3066 35 47 T«
117 3068 60 59 U»
206 3075 164 59 Kreisen
403 3082 84 46 nnd
521 3081 174 57 fliistern
728 3083 44 46 in
806 3082 122 56 unser
964 3082 172 46 inneres
1171 3078 113 57 Ohr,
1316 3092 96 35 was
1443 3079 125 47 wird.
1631 3078 95 47 llud
1760 3079 81 46 wir
1874 3077 194 59 sprechen

55 3162 38 35 Es
122 3169 70 37 nur
227 3173 94 38 aus:
360 3164 325 61 Gemeinschaft.
753 3167 222 56 sprachen
1016 3182 50 34 es
1106 3160 83 56 ans
1230 3167 119 58 schon
1389 3160 93 67 vor,
1510 3167 132 56 dieser
1683 3166 120 56 Tage
1846 3163 223 57 Ereignis,

55 3237 69 60 VII
156 3245 167 62 pWMth
356 3252 294 58 eiubrechende
686 3246 136 67 grosze
859 3256 102 47 Rot
998 3256 68 47 ein
1102 3256 127 66 Voll:
1267 3246 399 64 Gesellfchaftliclzes
1703 3254 168 56 beiseite
1907 3251 162 57 werfen

57 3329 145 59 NOT»
243 3339 97 55 we)
386 3343 109 57 uichx
544 3344 312 58 Gemeinschaft
904 3344 127 58 schuf,
1078 3334 105 56 ehe:
1231 3343 95 56 ihre
1372 3342 285 56 Heekcichkeik
1704 3341 197 56 ehe-den.
1972 3341 95 48 usw

55 3411 128 54 bekam«
204 3421 165 52 nimmt:
398 3428 77 47 den
502 3430 118 57 Weg
646 3432 131 55 dahin
803 3432 210 55 aufgeben:
1041 3433 124 46 wird.

1793 3430 137 54 franz
1954 3429 107 48 Blei
