3068 4226
114 4060 36 24 70

100 200 85 34 Tage
201 202 54 28 sah
272 201 47 29 ich
334 200 70 29 sehr
423 200 113 29 schöne
552 199 139 34 Derains,
709 199 48 29 die
772 199 78 29 mich
868 206 39 20 an
924 199 66 27 eine

106 252 273 32 Renaturalisation
407 252 51 28 der
480 251 130 28 Malerei
633 251 129 33 glauben
787 252 109 28 lassen.
940 249 52 29 Sie

100 303 97 28 haben
225 303 59 28 viel
313 302 143 29 sinnliche
485 301 166 35 Substanz;
681 301 45 28 sie
752 299 235 30 unterscheiden

99 350 65 29 sich
181 350 70 29 sehr
265 358 61 20 von
342 350 69 28 dem
428 349 178 29 abstrakten
623 347 231 30 Enthusiasmus
872 347 52 29 der
941 346 33 28 Pi-

100 409 99 28 casso,
216 401 76 29 Juan
310 401 78 34 Gris,
405 400 129 33 Braque.
569 400 70 29 Und
654 400 78 29 doch
748 401 91 30 fühlte
858 400 54 35 ich,
931 399 56 30 daß

105 450 53 29 der
179 449 162 31 Kubismus
362 449 63 29 hier
446 450 39 27 im
505 448 226 32 Hintergrunde
752 449 90 33 steht,
863 447 57 28 daß
941 446 52 28 der

104 508 78 20 neue
206 499 112 28 Derain
350 499 78 28 ohne
462 498 58 29 den
553 497 164 32 Kubismus
751 498 81 29 nicht
864 496 129 33 möglich

103 552 94 26 wäre.

154 600 66 29 Wir
244 600 119 29 können
388 600 92 29 kaum
505 600 128 30 werten.
678 600 65 29 Wir
780 599 118 29 können
935 604 55 22 nur

100 651 192 31 aufnehmen,
317 651 203 32 registrieren.
562 650 41 29 Es
626 652 77 27 wird
727 650 63 29 sich
814 649 115 33 zeigen,
952 647 38 28 ob

104 702 53 27 der
182 701 161 32 Kubismus
369 702 61 27 rein
456 710 38 19 an
523 702 64 27 sich
612 700 184 31 fortbesteht
822 700 58 28 und
908 700 83 26 eines

102 750 102 33 Tages
225 752 95 28 einem
343 751 274 33 klargewordenen
638 750 182 30 Geschlecht
843 749 46 28 die
908 747 83 29 Fülle

105 802 53 27 der
176 801 139 29 Genüsse
335 802 71 34 gibt,
427 802 74 28 oder
522 802 38 28 ob
583 802 52 28 der
654 799 183 29 kubistische
859 797 114 32 Radika-

103 852 104 28 lismus
235 851 139 33 lediglich
402 853 48 28 ein
478 851 212 30 dialektisches
717 849 99 29 Mittel
845 849 52 28 der
922 847 53 28 Ent-

102 901 154 34 wicklung
280 903 46 33 ist,
350 911 50 19 um
427 903 45 30 die
494 903 100 28 letzen
619 901 117 32 Fragen
764 900 50 28 der
839 898 90 29 Form
955 907 37 19 zu

103 952 115 29 klären.
257 952 63 29 Das
339 953 111 28 zweite
472 952 37 27 ist
527 952 55 28 der
604 950 161 31 Kubismus
788 958 68 20 zum
879 948 95 28 minde-

106 1006 66 26 sten
201 1011 159 26 'gewesen.
409 1002 49 29 Ich
490 1002 116 33 glaube,
639 1009 31 20 er
701 1000 78 29 wird
813 999 63 29 sich
908 1000 84 27 eines

104 1053 101 33 Tages
232 1054 26 27 in
285 1054 193 28 bestimmten
506 1051 138 29 Grenzen
682 1051 77 27 auch
795 1050 53 29 des
883 1048 109 28 Ersten

106 1103 124 29 rühmen
254 1103 117 28 können
396 1121 37 3 —
458 1102 95 29 selbst
577 1108 92 21 wenn
696 1108 32 20 er
755 1100 76 28 auch
859 1107 53 21 nur
940 1100 53 28 der

107 1154 140 33 spezielle
275 1152 135 29 Versuch
439 1153 82 28 einer
549 1151 118 29 kleinen
698 1150 122 32 Gruppe
849 1156 144 27 gewesen

105 1205 64 26 sein
194 1203 96 28 sollte.

590 1250 139 28 Wilhelm
753 1249 203 29 Hausenstein

105 1498 123 57 Die
275 1495 282 59 Stimme
606 1495 121 59 der
772 1495 132 57 Zeit

107 1604 66 27 Von
194 1604 75 27 Paul
290 1604 132 27 Katvani

164 1679 63 28 Das
247 1678 174 29 kosmische
440 1678 239 34 Achselzucken,
701 1678 56 29 das
776 1679 106 27 immer
904 1678 98 28 bereit

108 1731 46 32 ist,
179 1731 45 28 die
245 1729 244 34 Erscheinungen
513 1731 53 30 des
588 1729 121 30 Geistes
731 1731 82 30 etwa
835 1738 35 21 so
890 1739 36 20 zu
950 1738 32 20 er-

106 1779 129 34 ledigen,
253 1780 59 28 wie
334 1780 65 27 eine
420 1778 172 29 Pendeluhr
613 1779 55 28 das
688 1777 172 34 Erdbeben,
879 1796 37 3 —
936 1778 48 28 die-

108 1839 50 21 ses
174 1830 229 30 Achselzucken
418 1832 37 28 ist
473 1831 46 29 die
533 1831 297 32 verständnisinnige
846 1830 152 33 Gebärde,

109 1883 53 27 mit
186 1882 53 28 der
264 1881 63 29 sich
353 1883 63 33 das,
440 1887 68 23 was
533 1882 63 28 sich
620 1881 83 29 Welt
725 1884 102 31 nennt,
853 1881 72 28 über
952 1881 47 28 die

108 1930 82 30 Welt
204 1932 214 32 hinwegsetzt.
454 1931 132 29 Jenseits
600 1932 103 29 dieses
721 1931 188 29 Verstehens
926 1931 73 28 aber

109 1980 124 31 beginnt
255 1980 55 29 das
335 1980 93 33 Reich
453 1980 54 29 des
534 1980 129 28 Geistes.
696 1978 57 35 Oh,
777 1978 119 30 welche
920 1978 83 28 Fülle

110 2040 61 20 von
189 2032 159 29 Ausdruck
367 2032 77 30 auch
460 2032 27 28 in
505 2033 56 27 den
579 2032 149 28 kleinsten
744 2031 133 34 Dingen!
893 2030 107 29 Welch

111 2083 46 26 ein
187 2081 95 29 Glück
311 2083 37 27 ist
378 2090 41 26 es,
448 2083 39 27 im
514 2081 129 29 Bereich
673 2083 51 27 der
752 2081 248 34 mannigfaltigen

111 2130 98 32 Dinge
228 2130 59 28 und
308 2130 174 32 Ereignisse
500 2138 38 20 zu
558 2130 120 29 stehen!
700 2129 69 29 Wie
788 2130 132 27 bäumen
940 2129 64 28 sich

113 2182 46 28 die
188 2182 131 28 Bäume!
367 2181 68 29 Wie
463 2182 109 29 blühen
602 2182 46 29 die
677 2182 124 29 Blüten!
824 2203 34 6 ..
880 2205 6 6 .
934 2180 68 28 Und

111 2230 172 29 manchmal
301 2232 38 27 ist
357 2239 33 20 es
409 2231 47 28 ein
474 2229 147 29 Ebenbild
640 2230 108 28 Gottes
768 2229 60 29 und
848 2229 47 29 ich
914 2229 90 33 fühle,

111 2284 60 27 wie
197 2283 63 29 sich
287 2283 52 29 der
362 2283 73 28 Sinn
461 2284 52 28 der
537 2282 82 30 Welt
645 2283 109 30 fromm
780 2284 140 32 verneigt
945 2290 58 21 vor

111 2333 55 29 der
190 2333 88 30 Seele
303 2333 52 30 des
379 2333 109 29 Herrn.

169 2381 93 29 ..Die
293 2381 63 30 Zeit
388 2381 72 29 aber
489 2381 63 30 lebt
581 2390 38 20 an
651 2381 58 29 den
740 2381 119 32 Dingen
889 2380 115 29 vorbei,

113 2431 62 29 Aus
200 2431 138 33 Religion
364 2432 130 28 wurden
520 2431 116 29 Sekten
661 2431 61 29 und
750 2439 55 21 aus
833 2431 53 29 der
912 2431 94 29 Liebe

115 2485 164 32 entsprang
296 2485 49 27 die
367 2483 115 31 Heirat.
519 2484 63 29 Aus
603 2483 96 33 Kunst
721 2485 108 29 wurde
849 2483 93 29 Mode
965 2483 39 29 nd

113 2538 55 22 aus
191 2531 53 29 der
266 2531 82 32 Oper
373 2532 48 29 die
444 2531 157 33 Operette.
643 2532 57 29 Die
724 2530 64 31 Zeit
808 2532 39 29 ist
872 2531 48 29 die
943 2530 64 30 Zeit

117 2584 52 28 des
192 2583 192 32 Kleinlichen.
427 2583 59 30 Wo
511 2584 63 29 sich
595 2583 143 30 Mehrere
764 2586 241 32 zusammentun,

116 2642 48 20 um
188 2635 45 27 ein
259 2634 120 29 Ganzes
404 2643 36 20 zu
463 2634 111 35 bilden,
599 2634 134 32 entsteht
757 2643 54 21 aus
839 2634 55 30 den
917 2634 71 30 Fäul-

116 2684 101 28 nissen
247 2685 52 27 der
331 2684 202 30 Gesellschaft
566 2686 52 28 der
645 2685 133 29 Bacillus
809 2685 52 29 der
890 2685 100 29 Verfla-

115 2732 109 32 chung.
245 2732 56 29 Die
320 2732 172 33 Sociologie
513 2734 39 28 ist
572 2733 88 28 keine
680 2732 236 34 Wissenschaft,
937 2740 53 21 son-

117 2784 72 28 dern
221 2784 46 28 die
298 2784 148 35 Ausrede,
475 2784 56 29 daß
563 2787 46 27 ein
639 2784 95 30 Uebel
761 2786 78 27 auch
872 2784 134 29 dadurch

116 2834 160 28 entstehen
293 2834 109 34 könne,
419 2843 89 20 wenn
528 2844 34 20 es
577 2836 85 28 mehr
680 2836 45 30 als
743 2837 80 27 zwei
839 2834 166 30 Menschen

115 2885 72 32 gibt.
227 2883 54 30 Ein
303 2883 144 30 Mensch:
470 2886 37 28 da
528 2887 39 28 ist
591 2886 53 29 das
664 2885 145 30 Problem
835 2887 54 29 der
910 2885 96 33 Kunst

116 2935 190 29 entstanden.
346 2934 69 29 Und
441 2934 73 29 Gott
537 2935 92 29 nahm
653 2937 46 28 die
722 2935 96 34 Rippe
840 2958 7 5 .
869 2959 6 5 .
897 2959 5 6 .
927 2937 79 28 zwei

113 2983 183 30 Menschen:
326 2986 55 29 das
406 2984 145 30 Problem
579 2987 53 28 des
660 2986 227 30 Geschlechtes.
934 2986 72 29 Drei

115 3033 177 35 Menschen,
319 3036 59 28 und
402 3036 66 29 vier
496 3037 59 28 und
582 3036 64 28 fünf
666 3059 6 5 .
694 3059 6 5 .
722 3045 20 20 •:
771 3038 64 29 also
863 3038 142 27 entstand

117 3085 45 28 die
181 3085 86 29 Hölle
287 3086 51 29 auf
355 3085 110 31 Erden.
503 3086 68 29 Und
591 3086 74 33 Kain
684 3086 141 34 erschlug
846 3088 55 28 den
920 3088 85 28 Abel.

172 3157 5 5 .
199 3158 6 6 .
226 3135 55 30 Die
303 3135 204 32 Gesellschaft
528 3138 38 28 ist
588 3139 46 28 ein
655 3135 122 32 Parasit
797 3146 47 19 am
868 3139 137 31 eigenem

112 3182 103 30 Leibe.
258 3184 55 29 Die
347 3184 85 29 Säfte
465 3185 81 29 ihres
570 3184 203 33 Organismus
798 3185 98 32 gehön
920 3187 86 26 einen

114 3233 109 29 halben
247 3233 89 33 Weg.
378 3233 68 29 Und
472 3234 78 29 ohne
576 3234 48 30 die
646 3234 109 29 Weihe
781 3234 53 28 der
858 3234 76 31 Lust
959 3243 32 20 er-

113 3284 63 29 lebt
207 3293 36 20 zu
274 3285 109 35 haben,
414 3287 146 29 schändet
592 3288 44 27 sie
666 3287 65 28 sich
764 3287 59 28 und
855 3287 38 28 ist
925 3288 79 32 ewig

115 3334 191 35 schwanger,
329 3335 77 30 ohne
426 3337 135 32 gebären
586 3346 36 19 zu
644 3337 115 28 dürfen.
800 3335 67 30 Ihre
889 3336 97 29 Veran-

116 3386 172 33 staltungen
305 3387 66 28 sind
387 3386 245 36 Gelegenheiten,
648 3396 52 21 um
717 3387 56 28 den
786 3387 218 34 Heiligtümern

118 3436 52 28 des
190 3433 76 31 Eros
286 3438 45 27 ein
354 3436 210 34 Schnippchen
585 3446 36 20 zu
642 3438 153 33 schlagen.
834 3436 73 30 Eine
927 3436 60 33 Ope-

115 3486 78 28 rette
214 3487 38 28 ist
270 3486 81 29 nicht
369 3495 56 20 nur
444 3488 65 28 eine
531 3486 156 36 Operette,
708 3488 132 28 sondern
861 3487 76 28 auch
956 3488 48 28 ein

115 3534 63 30 Teil
194 3537 83 30 jener
294 3536 178 36 Lustigkeit,
492 3538 47 28 die
558 3546 54 20 zur
629 3537 76 30 Lust
721 3537 106 30 führen
849 3538 63 29 soll.
950 3536 52 29 Ein

117 3584 64 31 Ball
203 3586 37 28 ist
262 3586 80 29 nicht
364 3595 54 20 nur
440 3588 46 29 ein
507 3586 71 30 Saal
599 3589 62 28 voll
684 3588 181 29 hinkendem
887 3588 99 32 Rhyth-

117 3643 76 25 mus,
223 3638 131 27 sondern
382 3638 76 28 auch
488 3639 46 27 ein
561 3637 64 29 Teil
655 3647 60 20 von
748 3639 55 28 den
832 3638 173 33 Rhythmen

117 3685 154 30 zwischen
288 3685 94 31 Mann
402 3688 58 28 und
478 3687 98 29 Weib-
612 3687 54 29 Ein
684 3688 116 32 Roman
821 3697 61 21 von
903 3687 103 29 Hanns

117 3734 95 29 Heinz
231 3735 107 31 Ewers
356 3737 38 29 ist
414 3737 80 29 nicht
514 3746 55 19 nur
590 3739 165 31 spannend,
777 3739 131 28 sondern
929 3737 75 29 auch

117 3786 47 28 ein
183 3784 62 31 Teil
265 3787 81 30 jener
364 3786 127 35 Potenz,
510 3788 46 27 die
576 3788 52 27 der
645 3787 157 33 Impotenz
823 3789 45 28 die
887 3788 118 29 Freude

117 3843 50 20 am
186 3835 112 29 Dasein
320 3836 115 30 erhöht.

173 3884 68 30 Und
275 3894 54 21 nur
365 3886 51 29 der
449 3887 142 31 Künstler
625 3886 38 30 ist
696 3887 97 30 allein.
846 3887 159 29 Zwischen

118 3935 77 29 allen
219 3937 102 27 diesen
343 3935 167 33 Kreaturen
532 3938 38 28 ist
590 3945 32 20 er
644 3937 54 30 das
719 3937 145 30 Ebenbild
887 3937 118 30 Gottes.

118 3984 67 30 Und
207 3995 31 19 er
256 3986 62 29 lebt
338 3994 61 21 von
419 3988 56 28 den
496 3987 117 32 Dingen
631 3995 51 20 um
704 3988 72 29 sich.
816 3987 54 29 Die
892 3988 112 29 andern

1068 197 100 29 haben
1190 196 156 29 Tradition
1368 196 60 28 und
1448 196 91 28 leiten
1562 195 64 28 sich
1648 195 37 28 ab
1708 194 78 29 nach
1808 193 154 29 Gesetzen

1067 250 59 27 und
1145 247 210 30 Gebräuchen.
1391 247 68 29 Und
1478 247 87 28 dabei
1583 246 208 29 verursachen
1809 247 43 28 sie
1872 245 86 28 einen

1067 299 99 33 Lärm,
1190 299 52 28 der
1267 299 46 28 die
1335 297 36 29 St
1375 299 90 28 imune
1489 298 53 28 des
1566 296 160 32 Künstlers
1749 296 210 28 verstummen

1067 348 111 29 macht.
1218 347 40 29 Es
1282 348 63 31 gibt
1369 347 88 30 keine
1482 345 173 34 Propheten
1680 347 84 28 mehr
1790 348 39 26 im
1855 345 103 28 Lande

1068 400 58 28 und
1147 399 87 29 keine
1253 397 137 29 Wunder
1409 397 172 35 geschehen
1602 398 60 27 und
1681 397 69 28 kein
1769 395 130 30 Zeichen
1921 396 38 27 ist

1068 458 49 20 am
1143 449 139 28 Himmel.
1329 449 82 28 Aber
1438 447 180 34 manchmal,
1646 446 156 29 zwischen
1830 444 129 29 Worten

1068 505 61 20 von
1147 496 75 29 Lust
1241 496 59 28 und
1319 495 83 35 Leid,
1422 494 156 30 zwischen
1596 494 59 29 den
1673 493 120 29 Farben
1810 492 51 29 auf
1880 494 82 27 einer

1067 548 167 28 Leinwand
1255 549 58 27 und
1335 548 154 29 zwischen
1513 548 56 28 den
1589 546 175 33 Rhythmen
1787 546 53 28 der
1858 543 102 30 Musik

1069 599 151 28 erscheint
1236 599 116 28 wieder
1372 599 53 29 das
1444 597 89 30 Wort
1552 597 119 28 Gottes.
1707 595 68 30 Und
1796 604 33 21 es
1845 595 38 28 ist
1900 595 61 28 wie

1069 649 27 29 in
1121 650 55 27 den
1200 648 102 33 Tagen
1326 656 57 22 vor
1408 649 144 32 Golgata:
1578 647 97 35 höret,
1700 647 46 28 ich
1771 645 190 33 verkündige

1070 700 73 27 euch
1168 700 53 27 das
1241 698 90 31 Wort
1355 698 119 30 Gottes.

1125 749 86 29 Denn
1234 751 53 27 das
1310 748 89 30 Wort
1424 750 51 28 des
1498 747 159 32 Künstlers
1679 748 37 28 ist
1740 747 109 28 Gottes
1871 745 91 29 Wort

1070 800 58 28 und
1154 808 31 21 es
1209 799 162 29 übertönet
1397 800 45 28 die
1467 798 127 30 Stimme
1620 797 52 30 der
1698 796 73 31 Zeit.

1073 1053 120 64 Die
1241 1052 442 58 Sehwermut
1730 1049 120 58 des

1073 1145 377 59 GenieBers

1072 1253 117 31 Roman

1075 1328 63 29 Von
1157 1328 94 29 Artur
1269 1327 163 30 Babillotte

1785 1391 180 28 Fortsetzung

1129 1486 61 29 Der
1209 1486 141 29 Arbeiter
1371 1485 80 29 warf
1470 1484 182 30 überrascht
1672 1484 59 28 den
1748 1482 79 34 Kopf
1845 1482 125 34 zurück,

1074 1536 43 30 als
1140 1536 90 29 wolle
1254 1545 32 20 er
1312 1537 82 27 einer
1416 1535 128 29 Stimme
1567 1534 155 34 lauschen,
1748 1534 48 28 die
1820 1542 55 19 aus
1901 1532 69 29 dem

1073 1586 235 33 unergründlich
1332 1585 93 30 tiefen
1447 1584 223 30 Nachthimmel
1693 1583 156 30 herabfiel.
1882 1582 89 29 Dann

1073 1639 88 30 sagte
1200 1645 32 20 er
1272 1637 53 28 mit
1365 1637 98 28 einem
1503 1635 161 32 freudigen
1695 1634 114 29 Zittern
1840 1641 50 20 um
1923 1632 48 29 die

1073 1686 223 29 Mundwinkel:

1129 1736 63 30 Das
1223 1736 58 29 hab
1310 1736 47 29 ich
1389 1736 95 29 schon
1524 1735 172 29 manchmal
1736 1734 124 33 gefühlt.
1909 1733 62 28 Der

1075 1787 117 29 Glaube
1218 1795 38 20 an
1282 1787 65 28 sich
1371 1786 96 30 selbst
1493 1787 39 28 ist
1557 1785 172 32 heuzutage
1757 1785 59 28 den
1842 1785 130 28 meisten

1074 1837 144 29 verloren
1249 1844 171 25 gegangen.
1470 1836 51 29 Sie
1552 1836 99 27 haben
1691 1836 110 27 keinen
1843 1834 128 32 eigenen

1074 1887 109 29 Willen
1217 1887 95 34 mehr,
1346 1888 44 28 sie
1424 1886 102 29 lassen
1561 1886 64 28 sich
1659 1885 110 29 lenken
1804 1884 61 29 und
1900 1891 73 21 vom

1075 1937 162 29 Stärksten
1273 1937 115 28 drehen
1423 1937 61 27 und
1517 1936 141 34 wenden,
1702 1937 60 27 wie
1799 1943 33 21 es
1868 1934 105 29 seinen

1076 1987 126 29 Launen
1225 1987 113 32 gefällt.
1380 1987 64 28 Das
1468 1987 37 28 ist
1528 1986 200 34 schrecklich,
1750 1985 171 30 besonders
1945 1986 30 27 in

1077 2046 127 21 unserer
1230 2037 97 29 Stadt.
1372 2036 51 30 Sie
1448 2037 120 28 kennen
1594 2044 111 21 unsere
1750 2035 90 29 Stadt
1882 2035 91 34 nicht,

1077 2088 88 28 Herr.
1205 2087 51 29 Sie
1277 2088 120 28 kennen
1419 2095 55 21 nur
1496 2087 65 28 ihre
1582 2086 140 34 Straßen,
1743 2086 47 28 die
1813 2085 161 29 Gesichter

1077 2138 54 28 der
1152 2137 251 34 Ladenbesitzer,
1426 2137 153 28 vielleicht
1604 2137 77 28 auch
1706 2136 48 28 die
1779 2136 114 32 einiger
1916 2135 40 28 Be-

1077 2190 111 27 amten.
1230 2187 51 30 Sie
1303 2187 120 29 kennen
1446 2187 97 32 einige
1567 2195 55 20 aus
1646 2186 68 29 dem
1737 2185 220 32 Konservatori-

1077 2246 59 26 um,
1155 2237 115 30 Lehrer
1293 2237 61 29 und
1376 2237 136 29 Schüler.
1555 2236 81 29 Aber
1658 2244 112 21 unsere
1792 2236 90 29 Stadt
1902 2236 55 28 ken-

1077 2297 58 20 nen
1152 2288 52 29 Sie
1219 2288 91 28 nicht.
1347 2286 72 35 Das,
1435 2296 68 20 was
1520 2288 43 28 sie
1580 2286 140 30 wirklich
1738 2288 47 33 ist,
1803 2286 56 29 das
1875 2286 100 28 haben

1077 2337 51 30 Sie
1147 2338 78 29 noch
1243 2338 82 33 nicht
1341 2337 162 33 gefunden.
1541 2337 65 29 Das
1623 2337 96 29 findet
1740 2337 78 29 auch
1836 2345 56 20 nur
1912 2337 63 33 der,

1078 2389 53 29 der
1158 2389 53 28 mit
1238 2388 44 29 ihr
1310 2388 216 34 verwachsen,
1555 2389 29 28 in
1613 2388 43 29 sie
1684 2387 292 33 hineingewachsen

1075 2440 40 28 ist
1136 2462 7 6 .
1164 2462 7 6 .
1192 2461 7 7 .

1134 2488 56 30 Mit
1212 2490 98 28 einem
1330 2488 93 30 tiefen
1443 2488 170 33 Atemzuge
1632 2488 185 29 unterbrach
1839 2497 31 20 er
1892 2488 84 29 seine

1078 2539 109 29 Worte
1208 2539 60 29 und
1292 2539 94 29 strich
1409 2539 65 29 sich
1498 2539 58 29 den
1578 2538 144 30 Schweiß
1743 2546 63 20 von
1830 2538 54 28 der
1909 2545 51 21 zer-

1078 2589 161 33 grübelten
1263 2589 92 29 Stirn.
1399 2589 156 29 Johannes
1581 2591 131 27 staunte.
1736 2588 72 29 Hier
1834 2588 84 29 hatte
1944 2596 31 21 er

1079 2641 88 28 einen
1183 2639 170 30 Menschen
1374 2639 162 34 gefunden,
1558 2639 53 28 der
1634 2638 78 29 ohne
1733 2638 66 29 Haß
1821 2638 62 28 und
1900 2637 57 29 Ver-

1078 2690 156 32 bitterung
1257 2698 55 21 aus
1338 2691 99 28 einem
1462 2689 116 33 großen
1602 2688 89 35 Weh,
1716 2688 55 29 das
1797 2697 33 21 er
1855 2687 47 30 für
1928 2687 48 30 die

1077 2740 118 29 ändern
1213 2739 152 34 empfand,
1383 2740 79 29 nach
1477 2739 151 33 Erlösung
1646 2738 64 30 rief.
1747 2738 57 29 Die
1824 2739 152 31 eintönige

1078 2790 133 29 Melodie
1232 2792 89 29 .eines
1347 2790 121 29 schwer
1494 2790 91 29 dahin
1611 2789 198 29 strömenden
1835 2787 121 30 Massen-

1079 2840 105 29 lebens
1203 2840 121 32 begann
1341 2841 28 28 in
1387 2840 61 29 ihm
1466 2848 38 21 zu
1523 2841 106 31 tönen;
1660 2839 57 29 alle
1734 2838 222 33 überschwäng-

1078 2890 77 29 liche
1183 2890 113 29 Pracht
1324 2890 53 29 der
1404 2890 121 29 Farben
1550 2890 60 29 und
1645 2889 107 29 Linien
1788 2887 105 31 schien
1930 2897 31 21 er-

1079 2940 134 29 loschen.
1253 2939 85 30 Noch
1357 2940 70 29 halb
1448 2940 166 30 berauscht
1634 2947 63 21 von
1717 2939 54 29 der
1793 2939 183 29 Erkenntnis

1079 2992 83 27 eines
1185 2999 99 20 neuen
1307 2990 141 35 Werkes,
1470 2991 91 28 nahm
1584 2998 32 21 er
1640 2989 105 30 diesen
1768 2989 88 33 Gang
1881 2988 95 31 durch

1080 3041 49 28 die
1147 3040 97 29 Nacht
1265 3049 47 20 an.
1325 3041 53 28 der
1401 3040 83 30 Seite
1506 3041 54 28 des
1580 3039 158 30 Arbeiters
1761 3040 43 29 als
1827 3040 47 29 ein
1895 3040 61 29 Gna-

1080 3090 225 32 dengeschenk.
1354 3090 62 30 Der
1446 3090 145 30 Nachhall
1622 3090 55 29 des
1706 3089 182 30 Entsetzens
1919 3097 57 21 vor

1080 3140 68 28 dem
1174 3140 97 32 Klang
1296 3140 54 30 des
1376 3140 189 34 langsamen,
1590 3139 162 29 verhalten
1778 3140 199 32 drängenden

1079 3190 150 29 Schrittes
1251 3193 212 27 verstummte.

1135 3240 149 29 Erzählen
1307 3240 50 29 Sie
1379 3243 56 26 mir
1455 3249 62 20 von
1539 3240 84 29 Ihrer
1644 3239 98 34 Stadt,
1764 3240 53 29 bat
1839 3248 42 21 er.
1922 3240 36 28 Er-

1079 3291 108 28 zählen
1208 3290 50 30 Sie
1281 3292 55 28 mir
1359 3291 83 34 alles,
1462 3299 68 21 was
1552 3290 51 29 Sie
1625 3298 63 20 von
1709 3290 46 28 ihr
1776 3290 124 30 wissen.

1135 3340 62 29 Der
1222 3340 140 30 Arbeiter
1389 3341 135 29 erzählte
1549 3340 137 29 schlicht.

1135 3390 50 29 Ich
1211 3391 50 28 bin
1288 3392 29 27 in
1343 3391 100 29 dieser
1471 3390 90 30 Stadt
1589 3389 146 33 geboren.
1780 3389 52 30 Als
1860 3390 116 29 kleines

1079 3439 77 32 Kind
1179 3440 59 28 hab
1260 3440 47 29 ich
1328 3441 44 28 sie
1394 3441 120 28 kennen
1537 3440 128 33 gelernt.
1704 3438 52 30 Sie
1778 3448 67 21 war
1868 3441 107 28 immer

1079 3489 169 30 freundlich
1273 3490 60 28 und
1357 3490 106 30 heiter.
1507 3490 81 29 Aber
1613 3490 47 28 ich
1684 3490 113 29 konnte
1823 3490 80 30 mich
1928 3490 48 30 nie

1079 3548 34 20 so
1139 3541 86 27 recht
1253 3541 75 27 über
1354 3541 44 28 sie
1425 3540 117 29 freuen.
1589 3539 61 29 Der
1677 3539 94 29 Vater
1800 3541 98 33 trank,
1928 3541 48 28 die

1079 3588 115 30 Mutter
1220 3590 158 29 kränkelte
1406 3589 106 30 immer
1540 3589 60 29 und
1627 3591 71 31 ging
1724 3592 87 27 unter
1839 3590 54 29 der
1920 3589 38 30 Ar-

1079 3639 61 29 beit
1159 3639 47 28 für
1226 3639 118 29 fremde
1361 3640 97 29 Leute
1478 3640 139 32 langsam
1637 3640 168 31 zugrunde.
1843 3640 133 34 Tagaus,

1080 3690 101 30 tagein
1207 3690 108 28 wurde
1340 3690 47 28 ich
1413 3690 178 31 gescholten
1616 3689 61 28 und
1701 3690 196 34 geschlagen,
1933 3688 44 30 oft

1080 3737 102 30 mußte
1205 3739 47 28 ich
1275 3739 138 33 hungern
1437 3740 61 28 und
1521 3739 122 29 frieren.
1686 3738 82 30 Aber
1792 3740 49 28 ich
1862 3740 114 28 kannte

1080 3788 98 28 nichts
1204 3788 143 29 besseres
1373 3789 61 28 und
1458 3791 87 28 wäre
1571 3789 82 28 nicht
1679 3788 90 29 bitter
1797 3789 179 35 geworden,

1080 3845 90 20 wenn
1191 3838 48 28 die
1261 3837 89 30 Stadt
1370 3839 82 29 nicht
1474 3847 34 21 so
1530 3838 170 29 freundlich
1719 3839 61 28 und
1802 3840 96 28 heiter
1923 3848 35 24 ge-

1080 3895 107 21 wesen
1207 3888 95 28 wäre.
1343 3887 63 30 Das
1427 3890 44 28 tat
1491 3890 56 27 mir
1569 3888 79 29 weh.
1689 3887 100 30 Wenn
1811 3889 48 29 ich
1879 3889 96 29 durch

1079 3936 65 29 ihre
1173 3935 131 30 Straßen
1334 3939 81 33 ging,
1445 3938 82 29 nicht
1556 3937 162 30 schreiend
1747 3939 61 28 und
1836 3939 139 29 lärmend

1080 3987 59 28 wie
1163 3986 114 29 andere
1301 3986 122 35 Kinder,
1446 3988 134 29 sondern
1603 3988 59 29 still
1687 3988 60 29 und
1772 3991 117 30 traurig
1915 3989 60 28 und

2034 193 47 28 die
2109 192 132 29 Sattheit
2269 192 99 28 dieser
2398 192 120 29 Häuser
2556 193 61 28 und
2655 193 169 28 Menschen
2863 193 71 34 sah,,

2034 242 143 33 empfand
2212 242 47 28 ich
2297 242 87 28 einen
2422 242 162 30 schweren
2622 243 112 29 Druck.
2790 242 129 33 Anfangs-

2034 294 122 27 staunte
2176 291 47 29 ich
2243 291 74 29 über
2338 291 47 29 die
2404 291 178 35 lachenden,
2600 292 91 29 tollen
2710 292 122 32 Kinder.
2860 291 70 29 Und

2034 350 92 20 wenn
2143 341 47 29 ich
2208 341 176 34 versuchte,
2404 350 33 20 es
2455 341 89 29 ihnen
2562 342 98 32 gleich
2678 352 37 19 zu
2733 345 63 31 tun,
2815 342 114 28 konnte

2034 392 47 28 ich
2106 399 32 20 es
2160 390 91 29 nicht.
2290 390 88 29 Dann
2400 391 70 28 kam
2493 392 107 29 immer
2622 392 55 29 das
2698 392 94 29 Elend
2816 392 98 28 hinter-

2035 441 63 34 her,
2128 441 48 28 die
2204 440 178 30 scheltende
2411 440 128 29 Stimme
2569 441 54 29 des
2651 441 110 30 Vaters
2790 442 61 28 und
2881 441 42 29 die-

2035 491 157 31 traurigen
2215 489 105 30 Blicke
2343 490 53 29 der
2419 489 116 30 Mutter
2557 513 6 6 .
2585 513 6 6 .
2613 513 5 6 .
2660 491 81 29 Aber
2764 492 55 28 das
2841 492 38 28 ist
2896 487 35 35 7a

2035 540 211 34 Nebensache,
2262 541 60 28 wie
2338 548 33 21 es
2387 541 56 28 mir
2461 540 44 29 als
2522 539 76 32 Kind
2616 543 118 30 erging;
2762 541 47 29 ich
2827 541 104 30 wollte

2037 590 92 28 Ihnen
2156 598 62 20 von
2246 590 54 28 der
2328 589 90 30 Stadt
2445 590 152 29 erzählen.

2112 638 55 30 Bei
2190 640 105 28 diesen
2318 640 243 32 unaufdringlich
2586 640 232 32 gesprochenen
2841 640 69 28 Wor-

2037 691 51 28 ten
2107 690 71 27 kam
2196 689 53 29 der
2268 689 141 31 Künstler
2429 691 29 28 in
2478 691 66 27 eine
2561 689 181 34 Stimmung,
2761 690 44 29 als
2824 690 109 29 würde

2039 748 32 20 er
2093 747 62 20 von
2178 740 82 28 einer
2285 740 116 32 großen
2425 739 98 29 Welle
2548 740 260 31 hinausgetragen
2832 741 30 26 in
2886 741 49 27 ein

2038 789 212 29 unbekanntes
2279 788 87 30 Meer
2394 789 97 29 voller
2522 788 308 33 Ueberraschungen.
2878 789 57 29 Die

2038 839 191 33 Erinnerung
2246 847 38 20 an
2300 840 66 28 sein
2384 841 124 31 eigenes
2528 839 288 29 mehrmonatliches
2836 839 83 31 Klein-

2038 889 174 29 stadtleben
2237 889 195 33 begünstigte
2460 889 84 29 diese
2571 888 187 34 Teilnahme,
2787 890 66 27 eine
2881 888 37 29 Er-

2039 940 158 32 innerung,
2216 939 48 28 die
2281 940 64 28 sich
2361 948 56 20 nur
2434 939 50 28 auf
2502 941 47 26 ein
2566 938 61 29 fast
2645 938 149 33 stumpfes
2813 938 122 29 In-den-

2039 987 289 33 Tag-hinein-leben
2351 990 179 29 erstreckte.
2571 988 126 30 Damals
2718 997 67 19 war
2805 997 31 20 er
2858 988 84 28 ohne,

2041 1038 95 33 große
2163 1038 157 30 Wünsche
2349 1048 156 25 gewesen,
2543 1039 84 29 hatte
2656 1039 56 29 alle
2741 1038 138 29 Stunden
2907 1039 32 28 in

2041 1088 242 29 schmerzlichen
2303 1089 167 29 Gedanken
2489 1098 37 19 an
2545 1088 63 29 Mia
2625 1088 121 29 Mirana
2762 1087 183 34 verbrachte

2043 1139 78 29 ohne
2142 1138 105 29 Blicke
2267 1138 47 29 für
2335 1139 55 29 das
2409 1139 103 29 Leben
2533 1140 54 28 der
2610 1138 179 35 Kleinstadt,
2812 1138 55 29 das
2889 1138 50 28 ihn

2041 1189 60 28 wie
2121 1190 48 26 ein
2189 1188 165 30 stehendes
2375 1189 167 29 Gewässer
2564 1189 122 32 umgab.
2726 1188 39 30 Es
2784 1197 67 20 war
2872 1189 68 27 eine

2042 1238 95 33 Reihe
2159 1238 75 29 öder
2257 1239 152 32 untätiger
2431 1239 126 29 Monate
2581 1248 156 25 gewesen,
2761 1246 55 21 aus
2841 1238 99 29 denen

2043 1297 31 20 er
2103 1288 117 29 endlich
2250 1288 94 29 durch
2374 1289 48 29 die
2451 1289 197 32 Empfängnis
2678 1290 101 28 seines
2806 1288 138 29 Werkes

2043 1340 134 31 gerettet
2196 1338 118 30 wurde.
2352 1339 88 28 Dann
2460 1340 111 28 kamen
2591 1340 47 28 die
2657 1339 85 32 Tage
2765 1339 83 29 eines
2868 1337 58 30 ziel-

2041 1389 87 29 losen
2150 1388 312 35 Umherschweifens,
2486 1390 83 28 eines
2592 1389 205 29 Eintauchens
2820 1389 29 27 in
2872 1387 68 33 jede

2042 1438 198 34 Landschaft,
2277 1439 47 28 die
2362 1439 53 29 der
2454 1439 171 32 jeweiligen
2664 1439 172 32 Stimmung
2876 1439 49 28 ent-

2044 1489 121 32 sprach.
2211 1488 66 29 Von
2308 1488 53 29 der
2392 1488 55 30 Art
2476 1489 55 28 des
2559 1488 277 32 Kleinstadtlebens
2867 1488 75 29 aber

2044 1547 67 22 war
2138 1539 89 29 keine
2255 1538 80 33 Spur
2362 1539 286 32 zurückgeblieben.
2695 1538 40 29 Er
2782 1540 70 30 trug
2899 1540 45 27 sie

2044 1589 154 28 vielleicht
2218 1589 167 29 unbewußt
2403 1590 54 28 mit
2476 1589 73 34 sich,
2570 1590 59 28 wie
2649 1597 31 21 er
2700 1588 167 29 unbewußt
2888 1587 56 29 das

2044 1638 119 29 Mitleid
2177 1640 53 28 mit
2245 1639 59 28 den
2320 1637 312 31 Proletariermassen
2648 1640 57 29 seit
2719 1639 101 31 jenem
2835 1637 109 29 Abend

2046 1697 57 20 vor
2126 1689 53 28 der
2201 1689 111 28 Fabrik
2334 1690 29 27 in
2385 1689 65 29 sich
2472 1691 82 31 trug;
2588 1689 60 28 und
2669 1698 33 20 es
2723 1687 142 30 bedurfte
2888 1696 56 20 nur

2046 1740 82 28 einer
2155 1738 182 35 Stimmung,
2364 1739 94 29 damit
2486 1748 32 20 er
2546 1740 47 28 die
2618 1738 242 33 Physiognomie
2889 1736 55 30 der

2046 1789 120 29 kleinen
2195 1789 91 29 Stadt
2311 1789 44 29 als
2385 1792 99 26 etwas
2512 1789 181 29 Vertrautes
2722 1797 38 20 zu
2791 1789 156 28 erkennen

2044 1839 192 31 vermochte.
2272 1839 73 30 Eine
2364 1839 94 33 Reihe
2477 1848 62 19 von
2558 1839 123 34 Sätzen,
2700 1839 48 30 die
2766 1838 76 32 Jörg
2860 1837 66 29 Mar-

2044 1891 42 27 tin
2107 1890 203 28 unterdessen
2331 1890 193 32 gesprochen
2547 1890 93 33 hatte,
2662 1897 108 20 waren
2792 1889 60 28 ihm
2872 1896 55 21 ver-

2046 1939 86 29 loren
2158 1948 172 24 gegangen.
2377 1939 62 29 Nur
2469 1940 170 28 allmählich
2667 1940 108 28 kehrte
2806 1938 61 29 ihm
2897 1937 53 29 die

2046 1989 264 33 Empfindlichkeit
2338 1990 101 28 seines
2469 1989 120 29 Gehörs
2618 1990 115 28 zurück
2761 1989 61 28 und
2850 1988 96 32 folgte

2046 2040 54 28 der
2121 2039 181 33 Erzählung.

2103 2089 52 30 Sie
2173 2090 120 29 kennen
2312 2090 56 29 alle
2389 2098 55 20 nur
2462 2089 87 29 ihren
2565 2089 125 34 Vorteil,
2709 2091 89 30 sagte
2816 2089 53 28 der
2889 2088 40 29 Ar-

2046 2140 108 28 beiter.
2200 2140 47 28 Ihr
2276 2142 98 26 erster
2403 2140 148 28 Gedanke
2578 2139 82 29 beim
2685 2138 173 30 Erwachen
2885 2138 62 29 und

2047 2190 45 28 ihr
2117 2190 109 29 letzter
2250 2198 57 22 vor
2334 2190 70 29 dem
2427 2189 194 29 Einschlafen
2646 2191 39 27 ist
2709 2189 63 35 der,
2807 2191 60 27 wie
2902 2189 45 29 sie

2047 2240 242 29 wohlhabender
2307 2240 137 29 werden.
2483 2239 73 29 Man
2574 2239 71 29 muß
2663 2248 55 20 nur
2737 2239 65 29 ihre
2819 2238 110 30 Gesich-

2047 2292 46 27 ter
2121 2290 148 33 ansehen;
2307 2291 43 28 sie
2377 2290 198 29 schmunzeln
2601 2291 29 27 in
2655 2289 291 30 selbstzufriedener

2048 2339 132 30 Sattheit
2206 2340 61 29 und
2291 2342 147 27 verraten
2465 2340 96 29 durch
2587 2340 84 29 diese
2698 2339 131 30 Sattheit
2865 2339 82 29 Gier.

2048 2390 51 30 Sie
2121 2391 101 28 bilden
2246 2390 153 34 Parteien,
2424 2399 50 20 um
2498 2391 65 28 ihre
2587 2389 228 33 Machtgelüste
2838 2391 108 27 besser

2048 2440 190 33 befriedigen
2259 2450 38 19 zu
2319 2441 131 28 können.
2492 2440 52 29 Sie
2566 2440 211 29 veranstalten
2799 2439 136 30 Festlich-

2048 2491 111 34 keiten,
2186 2499 50 20 um
2262 2491 64 29 sich
2353 2491 136 32 zügellos
2524 2490 100 33 geben
2658 2498 39 20 zu
2732 2489 117 29 dürfen.
2896 2489 53 29 Sie

2049 2540 100 33 gehen
2168 2549 54 20 zur
2243 2540 120 35 Kirche,
2384 2549 50 20 um
2454 2541 44 28 ihr
2519 2540 144 30 Ansehen
2680 2540 50 29 bei
2751 2540 59 28 den
2831 2539 118 29 andern

2048 2591 82 29 nicht
2156 2591 200 29 einzubüßen.
2399 2590 51 30 Sie
2474 2591 68 28 sind
2567 2590 206 34 berechnend,
2797 2590 96 29 selbst
2919 2591 29 27 in

2048 2641 82 28 ihrer
2150 2641 103 29 Liebe.
2295 2638 101 36 Wjenn
2419 2642 82 28 einer
2524 2649 63 20 von
2610 2640 90 29 ihnen
2725 2641 47 28 ein
2792 2639 157 29 Mädchen

2048 2691 82 34 liebt,
2147 2691 82 32 fragt
2246 2700 32 21 er
2295 2699 57 20 vor
2372 2691 102 29 allem:
2502 2691 73 32 hast'
2591 2691 38 28 du
2647 2690 98 29 Geld?
2785 2690 101 28 Wenn
2902 2690 47 29 sie

2048 2741 87 29 keins
2161 2742 61 33 hat,
2249 2742 79 28 wird
2352 2741 65 29 ihre
2443 2740 94 30 Liebe
2563 2742 183 31 verspottet.

2105 2791 156 29 Johannes
2279 2799 113 25 zwang
2410 2793 108 31 etwas,
2536 2791 69 28 dem
2624 2791 141 29 Arbeiter
2784 2790 55 29 das
2857 2789 94 30 Wort

2049 2841 257 30 abzuschneiden.
2351 2841 110 29 Dieses
2488 2840 67 29 Bild
2585 2841 53 28 der
2666 2840 168 33 gierenden
2860 2838 68 31 Men-

2048 2892 95 29 schen
2166 2894 146 30 sprengte
2337 2892 58 28 den
2418 2890 140 34 Rahmen
2582 2891 54 28 der
2658 2890 180 35 Kleinstadt,
2863 2892 88 27 seine

2048 2941 132 29 Formen
2203 2941 202 29 vermochten
2430 2941 59 29 den
2512 2940 139 34 Rahmen
2676 2941 54 29 der
2754 2940 197 30 Menschheit

2049 2991 197 30 auszufüllen.
2290 2991 74 29 Dies
2401 2993 88 31 sagte
2527 3000 32 20 er
2588 2991 70 29 dem
2686 2991 151 29 Arbeiter.
2884 2990 66 29 Der

2048 3041 130 30 lächelte
2206 3041 214 30 zustimmend.
2469 3041 38 29 Er
2537 3041 134 30 erzählte
2700 3050 62 19 von
2792 3041 71 29 dem
2893 3048 39 21 un-

2049 3092 176 29 sichtbaren
2246 3092 107 34 Gitter,
2374 3092 55 29 das
2450 3093 84 31 rings
2554 3100 50 20 um
2625 3092 48 28 die
2694 3091 90 29 Stadt
2805 3090 59 34 lief,
2886 3090 59 28 und

2049 3142 55 29 das
2119 3142 106 28 keiner
2242 3142 197 33 übersteigen
2455 3142 123 33 konnte,
2594 3142 53 28 der
2665 3150 55 20 nur
2737 3141 116 28 seinem
2868 3139 59 29 Vor-

2048 3192 50 28 teil
2114 3192 172 32 nachjagte.
2322 3191 68 30 Von
2407 3192 69 29 dem
2494 3191 230 30 schrecklichen
2742 3189 126 35 Einfluß,
2888 3189 59 29 den

2048 3242 49 29 die
2120 3241 206 33 Atmosphäre
2350 3250 54 21 aus
2429 3243 144 31 sonniger
2598 3241 78 29 Güte
2699 3241 62 28 voll
2785 3240 147 29 versteck-

2048 3294 47 27 ter
2119 3292 327 33 Rücksichtslosigkeit
2471 3292 50 28 auf
2544 3292 57 28 den
2625 3290 170 29 Menschen

2050 3342 53 29 der
2124 3351 194 24 gezwungen
2340 3343 52 33 sei,
2415 3343 44 27 sie
2482 3343 201 27 einzuatmen.
2723 3339 91 29 Seine
2836 3339 113 29 Worte

2048 3393 130 28 wurden
2218 3392 134 34 straffer,
2396 3393 83 28 seine
2514 3391 164 28 Gebärden
2712 3389 234 30 entschiedener

2049 3442 60 29 und
2137 3443 85 28 seine
2248 3441 219 32 Forderungen
2495 3441 150 28 betonter.
2693 3440 72 28 Hier
2795 3440 90 29 stand
2914 3447 32 20 er

2049 3492 51 28 auf
2136 3494 98 27 einem
2270 3491 115 34 Boden,
2422 3491 59 29 den
2507 3499 32 19 er
2567 3490 64 28 sich
2660 3490 167 29 erarbeitet
2852 3490 97 28 hatte.

2048 3542 73 29 Hier
2147 3542 49 32 lag
2222 3543 84 28 seine
2333 3540 85 31 Kraft
2452 3542 41 26 im
2528 3540 105 28 klaren
2670 3539 187 30 Betrachten
2885 3539 60 29 und

2050 3593 85 28 seine
2155 3591 129 30 Unkraft
2305 3593 40 27 im
2366 3591 178 28 Erreichten
2564 3590 157 32 künftigen
2743 3590 110 29 Heiles.

2105 3641 142 29 Ueberall
2276 3642 38 27 ist
2343 3640 83 29 diese
2457 3640 70 28 Gier
2566 3640 78 29 nach
2683 3638 246 31 Selbstbereiche-

2049 3699 87 26 rung,
2158 3693 88 30 sagte
2269 3699 42 25 er,
2331 3690 148 28 während
2501 3691 84 28 seine
2608 3690 92 29 Arme
2723 3690 88 29 einen
2832 3690 114 27 weiten

2049 3740 107 32 Bogen
2183 3740 210 29 beschrieben.
2439 3738 152 36 Rundum,
2618 3740 103 28 wohin
2748 3747 71 20 man
2843 3738 106 29 blickt..

2049 3790 58 29 Auf
2127 3791 69 28 dem
2217 3789 113 34 Lande,
2350 3791 30 27 in
2401 3789 53 29 der
2475 3789 176 34 Großstadt,
2672 3791 40 27 im
2732 3789 133 32 Gebirge
2884 3788 62 28 und

2048 3841 29 27 in
2098 3840 58 28 den
2175 3840 119 28 kleinen
2312 3838 139 30 Städten.
2491 3840 82 28 Aber
2594 3840 47 28 ich
2661 3839 119 33 glaube,
2802 3837 127 33 nirgend-

2048 3897 51 21 wo
2121 3892 87 26 sonst
2228 3890 39 28 ist
2288 3889 44 29 sie
2353 3897 34 21 so
2408 3888 118 30 häßlich
2548 3890 60 28 wie
2629 3889 49 29 bei
2700 3897 65 20 uns.
2806 3887 68 29 Und
2897 3887 49 29 ich
2947 3887 2 31 s

2049 3939 108 34 denke,
2180 3947 34 21 so
2237 3939 79 28 wird
2339 3946 32 21 es
2394 3940 30 27 in
2447 3939 78 29 allen
2545 3939 211 31 Kleinstädten
2777 3939 74 28 sein.
2894 3937 52 29 Ich

2049 3989 78 29 habe
2152 3988 132 29 darüber
2308 3989 222 32 nachgedacht,
2555 3996 119 21 warum
2700 3997 32 20 es
2758 3987 114 34 gerade
2895 3987 54 29 beß
