3068 4226
110 4069 34 25 72

2036 715 36 27 Es
2104 715 113 26 werden
2250 722 48 19 nur
2332 716 139 29 Anzeigen
2503 716 194 26 tatsächlichen
2732 715 97 28 Inhalts
2864 717 53 26 fort-

2036 757 108 26 laufend
2175 759 106 27 gesetzt
2313 758 216 29 aufgenommen.
2592 757 253 31 Hervorhebungen
2876 765 54 20 voa

2038 798 114 27 Worten
2171 799 35 26 ist
2224 806 48 19 nur
2288 800 84 26 durch
2391 799 179 31 Sperrdruck,
2589 807 54 19 von
2661 800 104 27 Namea
2782 808 49 19 nur
2849 799 84 28 dardl

2035 840 131 26 halbfette
2200 840 107 31 Schrift,
2342 844 139 27 gestattet.
2531 842 51 27 Die
2615 844 218 29 dreigespaltene
2857 844 74 27 Zetta

2036 883 31 24 60
2083 881 122 31 Pfennig.
2238 883 140 27 Annahme
2393 891 55 19 von
2465 884 139 30 Anzeigen
2622 885 83 27 durch
2723 885 51 27 den
2789 885 143 32 Verlag

2042 925 66 25 der
2129 923 126 28 Sturm
2278 925 137 27 Berlin
2437 925 35 27 W
2493 927 16 25 9

2036 974 50 28 Die
2108 973 231 33 Zurückweisung
2361 984 56 18 von
2439 976 139 30 Anzeigen
2601 977 91 27 behält
2716 978 56 26 sich
2793 978 48 26 der
2864 978 67 27 Var«

2036 1016 45 29 lag
2100 1015 56 27 Der
2175 1016 91 26 Sturm
2288 1017 70 27 ohne
2377 1018 114 29 Angabe
2512 1019 49 26 der
2582 1018 111 28 Gr&nde
2714 1026 52 20 vor

2041 3876 228 27 Verantwortlich
2283 3875 42 25 für
2341 3876 52 25 den
2409 3878 142 27 gesamten
2566 3874 97 27 Inhalt:

2041 3919 30 27 F.
2090 3918 134 26 Harnisch
2241 3917 9 30 /
2266 3918 92 25 Berlin
2381 3917 34 26 W
2438 3919 31 25 35

2045 3961 101 30 Verlag
2167 3960 55 26 Der
2245 3960 91 26 Sturm
2355 3959 10 31 /
2381 3960 92 26 Berlin
2495 3959 35 26 W
2553 3960 15 26 9

2046 4003 91 26 Druck
2156 4002 64 27 Carl
2236 4002 92 26 Hause
2346 4001 10 29 /
2372 4002 92 25 Berlin
2483 4001 46 26 SO
2547 4002 32 25 26

108 214 306 73 Standige
443 209 512 71 Ausstellungen

109 325 94 44 der
236 318 287 49 Zeitsehrift
556 317 108 46 Der
697 312 177 51 Sturm

108 414 103 30 Berlin
233 412 39 30 W
291 422 10 31 /
323 410 184 31 Potsdamer
529 407 112 32 StraBe
665 408 52 28 134
728 416 19 21 a

108 486 258 47 Sechzehnte
400 481 281 57 Ausstellung

108 570 147 30 Gemalde
277 569 61 29 und
360 567 213 32 Zeichnungen
596 565 56 30 des

108 638 173 29 Futuristen

109 720 173 59 Gino
327 716 319 60 Severini

106 825 143 31 Geoffnet
275 824 112 33 taglich
414 831 62 21 von
506 824 89 28 10—6
623 821 63 30 Uhr
712 817 12 43 j
748 819 154 32 Sonntags
931 824 61 22 von

108 878 89 29 10—2
213 877 62 29 Uhr

105 934 120 31 Eintritt
244 936 12 27 1
275 933 91 31 Mark
381 929 11 39 /
410 932 196 31 Jahreskarte
625 930 16 29 6
658 929 90 29 Mark

103 1007 66 30 Am
197 1009 44 28 20.
258 1006 256 33 September
546 1005 68 28 1913
633 1000 9 39 /
660 1000 242 32 Eroffnung

104 1075 230 57 Erster
376 1070 379 61 Deutseher

104 1164 434 60 Herbstsalon

105 1266 35 28 75
159 1264 182 30 Potsdamer
360 1261 110 31 StraBe
487 1262 35 29 75
541 1268 37 21 zu
598 1259 102 30 Berlin

105 1338 39 30 Es
181 1338 162 32 beteiligen
381 1336 64 29 sich
481 1334 141 33 Kiinstler
660 1332 159 34 folgender
858 1330 134 30 Lander:

101 1387 207 31 Deutschland
334 1383 11 36 /
371 1385 143 29 Amerika
538 1382 9 39 /
573 1384 138 29 Bohmen
736 1380 10 39 /
771 1380 186 31 Frankreich
982 1377 8 40 |

102 1437 128 30 Holland
249 1434 11 39 /
277 1437 103 29 Indien
397 1433 9 39 /
426 1435 103 30 Italien
548 1433 11 40 /
576 1433 197 30 Oesterreich
792 1429 12 36 /
822 1431 170 34 Rumanien

101 1485 12 36 /
130 1487 138 33 RuBland
287 1484 11 39 /
317 1486 143 30 Schweiz
478 1484 11 40 /
508 1484 133 33 Spanien

103 1553 120 31 Eintritt
244 1555 11 27 1
274 1553 90 29 Mark
380 1549 11 39 /
407 1552 193 29 Dauerkarte
616 1552 17 27 2
649 1550 91 29 Mark

101 1695 246 73 Verlag
391 1693 117 58 der
552 1691 224 59 Sturm

101 1797 102 31 Berlin
230 1796 64 31 W9
318 1796 185 30 Potsdamer
528 1793 111 31 StraBe
668 1793 52 30 134
730 1801 18 22 a

103 1848 126 30 Fernruf
246 1847 71 30 Amt
334 1846 130 30 Lutzow
482 1845 73 29 4443

103 1901 245 37 Zeitschrift
374 1901 75 34 der
474 1900 149 35 Sturm

103 1959 278 43 Dauerbezug

103 2022 219 31 Gewohnllcbe
366 2022 157 33 Ausgabe:
576 2019 77 31 Ffir
698 2016 297 32 Deutschiand

103 2081 18 21 11
133 2081 18 21 n
164 2073 18 29 d
226 2069 511 35 Oesterreich-Ungarn:
782 2067 53 31 Ein
870 2067 73 30 Jahr
978 2065 17 30 6

103 2121 90 31 Mark
227 2117 10 41 /
271 2121 54 31 Ein
351 2121 146 31 Halbjahr
521 2121 19 28 3
564 2118 91 31 Mark
691 2113 11 41 /
734 2118 53 30 Ein
814 2116 181 33 Vierteljahr

106 2174 13 28 1
140 2171 91 31 Mark
249 2173 37 28 50
314 2166 11 41 /
350 2170 242 31 Einzelnummer
611 2170 37 28 20
665 2168 129 35 Pfennig
823 2163 11 40 /
862 2166 133 35 Doppel-

103 2230 137 22 nttmmer
261 2222 37 29 40
315 2220 130 35 Pfennig
464 2215 37 37 X
522 2218 79 31 Fur
623 2216 284 34 dasAusland
928 2215 66 30 bei

104 2271 479 33 iirekterZustellung
618 2268 129 31 durch
780 2267 69 31 die
874 2265 120 32 Pott:

103 2321 55 31 Ein
176 2321 74 31 Jahr
268 2322 18 29 9
303 2321 103 31 francs
435 2316 10 40 /
471 2319 55 31 Ein
544 2319 145 32 Halbjahr
709 2319 19 29 4
747 2318 103 31 francs
870 2318 36 29 50
926 2325 68 22 cen-

104 2373 89 30 times
222 2367 10 40 I
260 2371 55 30 Ein
336 2370 181 33 Vierteljahr
540 2370 18 29 3
578 2369 103 30 francs
711 2363 11 42 /
751 2367 243 31 Einzelnummer

103 2422 37 30 25
167 2422 147 31 centimes
350 2415 9 42 /
395 2420 258 35 Doppelnummer
681 2419 36 29 50
745 2419 157 29 centimes.

102 2471 241 31 Probenummer
366 2474 139 27 umsonst

802 2509 28 4 —
835 2503 20 14 -V
874 2507 7 2 -

108 2530 270 34 Sonderausgabe:
445 2526 345 37 Ungebrochene
847 2525 23 31 E
881 2534 19 22 x
912 2533 16 22 e
939 2532 33 21 m
982 2541 12 7 -

103 2580 123 34 plare
260 2579 69 30 auf
364 2578 266 31 holzfreiem
665 2576 174 36 Papier,
892 2575 27 30 V
928 2582 19 23 e
957 2582 14 22 r
983 2591 13 6 -

105 2637 16 23 •
129 2629 168 35 endung
324 2630 40 29 in
392 2628 154 34 Rollen
587 2627 145 31 direkt
767 2625 133 31 durch
926 2624 70 30 die

105 2678 106 31 Post
257 2679 68 30 ittr
355 2678 303 31 Deutschland
694 2676 84 30 ond
816 2674 180 31 Oester-

106 2728 317 35 reich-Ungarn
449 2737 7 21 :
510 2727 53 30 Ein
620 2726 73 32 Jahr
749 2727 34 29 12
839 2724 90 31 Mark
985 2718 11 41 /

105 2778 54 30 Ein
185 2778 146 33 Halbjahr
356 2778 19 30 6
401 2777 90 31 Mark
518 2773 36 36 X
580 2776 78 31 Ffir
686 2776 75 30 das
786 2773 27 31 A
825 2782 19 23 u
855 2773 34 31 si
898 2773 95 30 and:

103 2827 55 32 Ein
178 2828 73 31 Jahr
273 2829 34 29 18
323 2828 104 31 francs
453 2823 10 40 /
489 2827 56 30 Ein
561 2826 146 34 Halbjahr
725 2827 18 30 9
760 2827 104 30 francs
891 2820 10 41 /
927 2824 67 31 Von

105 2877 100 32 idleser
223 2879 144 34 Ausgabe
387 2879 127 29 werden
533 2877 327 35 Vierteliahrsbezfige,
881 2874 115 32 Einzel-

105 2937 158 22 nummern
292 2929 60 29 und
378 2927 261 31 Probenummem
669 2927 119 30 nicht
816 2926 179 35 abgegeben

105 2986 62 31 Ber
202 2987 119 30 Sturm:
367 2986 106 30 Erster
509 2985 165 35 Jahrgang,
707 2984 146 31 Nummer
891 2982 103 31 1—56:

105 3037 36 29 25
166 3035 90 31 Mark
290 3031 10 40 /
334 3034 134 32 Zweiter
494 3034 163 37 Jahrgang,
682 3033 145 31 Nummer
851 3033 144 31 57—104:

109 3085 34 29 10
157 3083 90 31 Mark
262 3080 10 41 /
287 3083 116 31 Dritter
420 3082 167 35 Jahrgang,
604 3081 145 31 Nummer
769 3077 225 36 105—152/153:

106 3134 18 29 6
140 3133 90 30 Mark
249 3130 11 37 /
276 3133 79 30 Vom
374 3135 25 29 1.
413 3132 59 36 Jul!
493 3134 70 29 1913
581 3133 40 29 ab
641 3133 33 29 10
692 3130 91 31 Mark

107 3194 55 30 Die
179 3193 171 31 Zeitschrift
368 3194 62 30 Der
449 3194 103 30 Sturm
571 3195 39 29 ist
632 3193 93 30 durch
745 3192 56 30 alle
820 3191 99 31 Buch-
935 3191 62 31 und

107 3243 296 36 Kunsthandlungen,
437 3243 94 30 durch
566 3244 47 29 die
644 3241 87 36 Post,
766 3242 97 29 sowie
900 3241 97 30 direkt

109 3293 92 30 durch
226 3294 56 29 den
304 3294 113 34 Verlag
440 3293 61 30 Der
524 3292 113 36 Sturm,
661 3292 102 30 Berlin
787 3290 40 30 W
836 3292 28 35 9,
886 3299 38 22 zu
945 3290 52 30 be-

107 3343 106 30 ziehen
226 3338 10 40 /
251 3342 75 31 Zum
340 3342 234 31 Einzelverkauf
589 3343 73 34 liegt
677 3341 64 31 Der
754 3341 105 30 Sturm
875 3342 29 28 in
920 3339 77 31 alien

107 3393 354 35 Bahnihofshandlungen,
491 3392 134 34 Kiosken
634 3401 28 21 u.
673 3391 262 31 StraBenstSnden
946 3390 52 31 auf

107 3450 80 31 Palls
237 3450 118 30 direkte
406 3450 174 35 Zustellung
632 3450 94 30 durch
776 3450 59 29 den
886 3448 111 34 Verlag

108 3499 62 31 Der
197 3500 104 33 Sturm
333 3502 87 28 unter
451 3499 177 31 Streifband
659 3501 75 29 oder
766 3501 28 29 in
826 3498 88 34 Rolle
945 3506 52 26 ge-

107 3550 141 30 wfinscht
273 3551 88 35 wird,
386 3550 96 30 bitten
508 3551 58 28 wir
593 3551 57 29 den
678 3549 162 35 Betrag
865 3548 47 30 fur
938 3548 59 29 den

109 3598 203 36 Dauerbezug
337 3600 70 30 bei
437 3599 73 30 der
536 3598 262 36 Bestellung
833 3598 77 31 oder
947 3595 52 33 M

111 3647 162 35 Beginn
303 3649 73 31 d,es
404 3657 137 21 neuen
569 3647 333 33 Vierteljahres
929 3645 68 31 bis

108 3695 367 31 zumfunftendes
494 3696 336 31 erstenMonats
849 3695 149 30 einzu-

109 3754 16 22 s
138 3755 16 21 e
165 3755 17 21 n
195 3748 18 28 d
223 3756 16 21 e
249 3756 20 22 n
289 3743 10 39 /
319 3748 191 30 Andernfalls
531 3748 127 30 nehmen
675 3749 58 29 wir
753 3756 48 27 an,
823 3747 55 31 dal
899 3746 23 30 E
935 3747 10 29 i
954 3754 19 21 n
985 3763 13 6 -

109 3805 18 22 z
137 3798 9 29 i
158 3806 16 20 e
185 3797 19 29 h
216 3807 18 20 u
244 3807 19 20 n
275 3807 18 26 g
330 3799 53 29 des
409 3798 150 34 Betrages
597 3798 95 30 durch
728 3797 270 31 Nachnahme

112 3849 87 27 unter
245 3847 200 35 Berechnung
494 3849 54 28 des
595 3847 305 35 Nachnahmeportos
947 3855 51 27 ge-

110 3896 141 30 wfinscht
270 3898 78 29 wird

110 3943 313 35 Generalvertretung
446 3945 56 30 des
524 3944 131 34 Verlags
676 3944 125 35 Eugene
824 3945 140 34 Figui&re
989 3941 10 42 /

110 3992 89 31 Paris

1073 200 326 36 Sonderdrucke

1073 260 99 29 Franz
1199 259 102 30 Marc:
1331 256 341 35 Originalholzschnitte
1700 254 10 40 /
1738 257 28 32 je
1797 256 33 28 10
1860 263 106 21 nume-

1072 311 92 28 rierte
1180 309 61 29 und
1255 309 145 32 signierte
1416 306 225 34 Handabzuge:
1658 302 308 41 Versohnung/

1072 356 520 41 /Tierlegende/Pferde
1608 354 12 36 /
1634 357 128 33 Tiger
1778 352 12 37 /
1806 354 160 31 Pferde

1073 409 201 30 Hochformat
1306 405 9 40 /
1348 407 75 31 Die
1456 407 145 30 Hirtin
1634 404 13 36 /
1679 406 82 30 Der
1804 404 119 31 Stier
1956 402 10 40 /

1071 458 267 31 Schlafende
1385 458 145 29 Hirtin
1582 454 10 40 /
1643 454 276 35 Wildpferde
1956 453 9 38 /

1072 508 203 33 Ruhende
1313 507 159 31 Pferde
1513 501 303 39 (handaquarelliert)
1855 501 9 42 /
1901 505 64 30 Das

1072 558 162 32 Exemplar
1256 558 36 29 40
1313 557 95 30 Mark.

1072 619 73 29 Max
1166 618 177 30 Pechstein:
1376 619 74 30 Die
1483 617 217 35 Erlegung
1734 618 74 29 des
1839 616 126 30 Fest-

1072 670 176 28 bratens
1277 663 11 40 /
1315 667 320 35 Originalholzschnitt
1656 663 9 38 /
1685 667 59 29 Auf
1764 666 145 30 Nummer
1929 667 36 29 94

1073 720 53 28 der
1157 719 172 29 Zeitschrift
1364 718 63 30 Der
1460 717 104 30 Sturm
1599 718 68 29 sind
1702 717 263 29 einhundert

1071 768 180 34 Exemplare
1279 776 74 21 vom
1380 768 142 32 Kiinstler
1547 768 55 29 mit
1630 767 53 29 der
1710 766 91 30 Hand
1829 766 137 33 aquarel-

1071 820 75 33 liert,
1185 819 126 32 signiert
1350 819 59 28 und
1447 818 164 28 numeriert
1649 814 11 39 /
1698 816 64 30 Das
1801 814 163 35 Exemplar

1070 870 17 27 5
1111 867 90 30 Mark

1070 922 48 31 W.
1137 923 193 32 Kandinsky:
1352 922 207 30 Handdrucke
1580 918 9 41 /
1609 921 65 31 Das
1691 921 164 33 Exemplar
1874 922 36 28 30
1921 920 43 30 M.

1071 981 140 30 Wilhelm
1234 981 161 33 Morgner:
1432 981 101 30 Acker
1557 981 54 28 mit
1635 980 90 29 Weib
1760 977 11 36 /
1803 979 161 30 Tierdres-

1070 1039 71 22 seur
1178 1028 9 39 I
1222 1030 327 30 Holzarbeiterfamilie
1587 1027 9 40 /
1634 1029 173 31 Fressende
1836 1028 128 30 Holzar-

1070 1081 97 29 beiter
1203 1079 11 35 /
1249 1081 37 29 Je
1314 1081 78 29 zehn
1420 1081 74 29 oder
1522 1079 107 31 sieben
1656 1081 218 28 nummerierte
1903 1079 61 29 und

1070 1133 145 31 signierte
1241 1131 207 30 Handdrucke
1484 1128 9 40 /
1529 1130 64 30 Das
1620 1129 163 33 Exemplar
1813 1130 33 29 15
1873 1128 91 31 Mark

1069 1192 36 30 G.
1126 1192 136 30 Miinter:
1293 1192 279 32 Neujahrswunsch
1602 1187 11 35 I
1641 1190 76 30 Fiinf
1738 1192 143 33 signierte
1904 1189 61 30 und

1069 1244 183 28 numerierte
1275 1242 181 34 Exemplare
1489 1238 11 41 /
1530 1241 64 31 Das
1618 1241 163 34 Exemplar
1813 1241 38 28 20
1873 1239 91 30 Mark

1067 1298 119 30 Walter
1209 1298 123 33 Helbig:
1357 1296 189 32 Landschaft
1571 1294 10 41 /
1607 1295 321 35 Originalholzschnitt
1954 1291 11 37 /

1068 1349 78 29 Fiinf
1169 1350 186 27 numerierte
1380 1348 60 29 und
1463 1347 146 33 signierte
1634 1346 207 30 Handdrucke
1866 1343 11 36 /
1900 1345 64 30 Das

1069 1398 163 33 Exemplar
1252 1400 36 27 25
1309 1398 91 29 Mark

1070 1456 284 32 Schmidt-Rotluff:
1373 1456 94 30 Mann
1486 1456 60 29 und
1565 1455 90 29 Weib
1674 1453 8 39 /
1701 1455 135 33 Sonnige
1854 1453 110 31 StraBe

1070 1503 10 32 I
1107 1507 97 29 Zwolf
1228 1507 262 34 handgedruckte,
1516 1507 186 28 numerierte
1729 1505 61 30 und
1816 1505 147 33 signierte

1071 1557 210 30 Holzschnitte
1301 1554 9 39 /
1330 1556 64 31 Das
1412 1556 163 33 Exemplar
1595 1557 35 28 30
1649 1554 91 31 Mark

1069 1619 112 29 Arthur
1199 1618 107 34 Segal:
1328 1618 77 29 Vom
1427 1617 133 30 Strande
1580 1616 11 30 I
1613 1611 9 41 /
1641 1616 80 30 Vom
1742 1615 132 30 Strande
1896 1614 39 30 III
1956 1609 9 41 /

1070 1667 28 32 je
1115 1665 145 30 funfzehn
1278 1666 146 32 signierte
1442 1665 62 29 und
1522 1665 186 29 numerierte
1725 1662 211 31 Holzschnitte
1954 1659 12 36 /

1070 1717 64 30 Das
1155 1717 162 34 Exemplar
1339 1718 36 28 20
1397 1716 90 31 Mark

1068 1775 36 31 H.
1122 1775 235 35 Campendonk:
1378 1774 338 35 Originalholzschnitte
1734 1768 157 38 [Nummer
1905 1773 60 35 131,

1072 1823 125 39 134/135,
1223 1820 131 37 140/141]
1390 1825 93 30 zw61f
1517 1825 145 33 signierte
1697 1825 61 29 und
1780 1823 184 30 numerierte

1069 1876 182 34 Exemplare
1289 1871 9 40 /
1336 1876 63 30 Das
1427 1875 161 34 Exemplar
1615 1876 36 28 25
1679 1874 91 30 Mark

1071 1933 102 31 Oskar
1206 1934 198 32 Kokoschka:
1447 1933 44 30 PI
1503 1942 18 21 a
1532 1933 20 30 k
1563 1935 39 28 at
1633 1934 48 29 fur
1715 1934 46 29 die
1792 1931 173 31 Zeitschrift

1071 1984 62 30 Der
1160 1984 104 30 Sturm
1300 1980 9 39 /
1346 1983 337 35 Originallithographie
1721 1978 9 40 /
1767 1982 64 33 Das
1857 1981 109 30 Exem-

1072 2035 64 34 plar
1154 2037 17 28 3
1190 2033 91 31 Mark

1071 2083 102 31 Oskar
1196 2084 199 32 Kokoschka:
1428 2083 204 34 Nijinsky
1665 2080 10 40 /
1706 2082 126 30 Portr&t
1864 2081 102 30 Licht-

1072 2135 102 34 druck,
1202 2133 112 35 groBes
1338 2133 125 30 Format
1497 2131 10 41 /
1545 2134 33 29 10
1602 2131 92 32 Mark

1068 2189 37 34 R.
1131 2190 176 34 Delaunay:
1382 2189 109 30 Album
1529 2185 10 41 /
1576 2187 47 31 Elf
1659 2187 208 34 Phototypien
1904 2194 64 23 von

1069 2238 170 32 GemSlden
1261 2236 61 36 (ein
1343 2236 272 40 Farbenlichtbild)
1639 2238 54 30 mit
1716 2238 100 30 einem
1837 2236 131 31 Gedicht

1070 2300 63 22 von
1150 2291 169 30 Guillaume
1335 2290 185 35 Apollinaire
1539 2285 9 41 /
1568 2290 64 31 Das
1648 2289 162 34 Exemplar
1830 2290 35 29 10
1876 2288 90 31 Mark

1068 2352 146 37 Musik

1070 2416 165 30 Herwarth
1264 2415 145 31 Walden:
1448 2415 304 31 Dafnislieder
1789 2409 9 41 /
1836 2413 43 32 Zu
1907 2413 59 31 Gs-

1073 2467 118 30 dichten
1211 2476 62 21 von
1292 2467 109 30 Arno
1421 2465 105 31 Holz
1555 2460 11 41 /
1593 2465 60 31 Fur
1674 2465 125 35 Gesang
1818 2466 62 29 und
1897 2464 70 34 Kla-

1070 2516 68 29 vier
1167 2511 11 41 I
1207 2516 18 28 3
1244 2513 92 31 Mark
1366 2511 10 41 /
1406 2514 36 30 50
1463 2512 106 32 Seiten

1070 2579 466 43 Kunstlerpostkarten

1071 2639 189 30 Futuristen:
1333 2639 205 30 Umberto
1603 2638 225 29 Boccioni:
1905 2636 64 30 Das

1070 2692 123 30 Lachen
1228 2687 11 41 /
1274 2690 355 36 LuigiRussolo:
1668 2689 188 35 Erinnerung
1885 2690 84 29 einer

1070 2742 99 31 Nacht
1204 2737 10 40 I
1250 2741 65 36 Zug
1341 2742 28 30 in
1395 2742 100 30 voller
1520 2740 93 32 Fahrt
1648 2735 10 41 /
1696 2739 107 30 Gino
1832 2739 135 29 Seve-

1071 2793 98 29 ring
1199 2792 56 30 Die
1273 2791 147 31 Modistin
1452 2787 9 40 /
1492 2791 153 33 Ruhelose
1665 2789 151 31 TSnzerin
1848 2784 9 41 /
1886 2788 82 31 Pan-

1072 2839 66 31 Pan
1157 2839 85 30 Tanz
1261 2839 11 41 /
1291 2839 205 30 Umberto
1527 2838 234 31 Boccioni:
1792 2833 175 40 Absehied/

1073 2890 64 30 Das
1157 2890 163 33 Exemplar
1340 2890 36 30 20
1396 2888 130 35 Pfennig

1072 2948 101 31 Franz
1194 2947 102 32 Marc:
1330 2946 166 32 Affenfries
1518 2945 11 44 /
1549 2945 37 32 20
1609 2945 131 34 Pfennig

1072 2998 118 34 Robert
1207 2998 176 34 Delaunay:
1404 2998 45 29 La
1467 2997 82 30 Tour
1568 2993 10 41 /
1597 2996 36 30 20
1652 2995 130 34 Pfennig

1070 3063 190 44 Mappen

1074 3122 104 31 Oskar
1202 3122 199 32 Kokoschka:
1439 3121 147 33 Zwanzig
1611 3120 84 31 Blatt
1719 3119 216 34 Zeichnungen
1959 3117 10 41 /

1073 3172 218 34 Strichatzung
1328 3170 9 40 /
1373 3172 59 30 Auf
1467 3170 168 34 Kaiserlich
1672 3169 228 34 Japan-Papier
1936 3170 32 29 in

1072 3222 236 34 Luxus-Mappe
1326 3224 36 28 25
1382 3222 92 30 Mark
1494 3220 10 41 /
1524 3220 59 31 Auf
1601 3219 230 33 Costa-Karton
1851 3220 31 30 in
1903 3220 64 30 ein-

1074 3273 142 30 facherer
1235 3272 115 34 Mappe
1372 3274 33 28 12
1424 3271 93 31 Mark

1073 3388 445 60 Zeitsehriften

1073 3483 133 31 L'Effort
1225 3483 90 31 Libre
1344 3478 9 40 /
1381 3483 104 30 fruher
1503 3481 134 31 L'Effort
1663 3475 9 41 /
1698 3480 234 31 Monatsschrift
1957 3475 12 36 I

1073 3532 231 35 Herausgeber:
1353 3532 75 31 Jean
1466 3532 134 33 Richard
1636 3529 96 31 Bloch
1778 3526 12 35 /
1836 3530 133 31 Poitiers

1076 3577 139 38 [Vienne]

1074 3640 267 35 L'lndgpendance
1375 3636 13 35 /
1421 3639 310 31 Halbmonatsschrift
1766 3633 9 40 /
1809 3638 115 34 Kfinste
1960 3631 9 42 /

1075 3689 106 33 Kultur
1218 3686 10 39 I
1263 3690 195 35 Philosophie
1497 3685 10 40 /
1542 3689 112 29 Politik
1701 3683 9 40 /
1759 3687 210 35 Jahresbezug

1077 3741 34 28 15
1133 3739 116 31 Francs
1280 3736 11 40 /
1322 3739 89 31 Paris
1435 3741 33 28 31
1494 3748 54 22 rue
1569 3738 98 30 Jacob

1074 3794 45 30 La
1133 3795 210 31 Renaissance
1360 3795 260 35 Contemporaine
1634 3791 9 39 /
1658 3793 311 30 Halbmonatsschrift

1073 3843 88 30 Paris
1180 3841 12 35 I
1211 3845 32 28 41
1265 3844 65 33 Rue
1349 3844 115 34 Monge

1075 3896 43 30 La
1141 3896 150 31 Nouvelle
1315 3896 108 32 Revue
1448 3896 166 33 Franealse
1646 3890 12 35 /
1693 3894 233 31 Monatsschrift
1960 3889 9 40 /

1073 3945 91 31 Paris
1183 3944 59 32 Vie
1263 3943 83 40 35/37
1366 3946 66 33 Rue
1451 3945 147 30 Madame
1619 3939 10 41 /
1649 3943 145 32 Numiner
1818 3946 12 28 1
1853 3943 117 31 Francs

1075 3996 35 29 50
1132 3995 148 31 centimes

2038 195 148 33 Montjoie
2213 190 9 39 /
2248 190 310 33 Halbmonatsschrift
2584 189 10 41 /
2619 191 91 31 Paris
2734 190 12 42 [
2770 189 160 34 Chaussfe

2039 245 121 29 d'Antin
2181 244 36 27 38

2038 294 85 30 Haro
2145 290 10 39 I
2176 291 233 30 Monatsschrift
2430 288 10 40 /
2462 291 127 30 Brussel

2038 371 60 29 Les
2121 369 127 29 Cahiers
2272 370 40 28 du
2335 367 115 31 Centre
2480 362 12 36 /
2522 366 132 32 Moulins
2679 361 118 39 [Allier]

2037 421 60 29 Les
2119 419 125 29 Soir6es
2266 419 38 28 de
2325 418 88 31 Paris
2444 412 12 37 /
2486 416 124 33 RecueM
2630 417 141 32 Mensuel
2802 412 10 40 /
2841 416 90 32 Pari*

2037 472 17 27 9
2074 478 53 21 rue
2148 468 97 30 Jacob

2038 619 345 56 Anzeiaen

2039 1128 169 29 Akademie
2225 1129 48 30 fur
2307 1132 146 29 moderne
2472 1131 145 34 Skulptur
2636 1133 29 28 in
2683 1131 90 31 Paris
2791 1126 11 41 /
2823 1132 34 29 18
2876 1131 56 30 Im-

2039 1186 92 27 passe
2152 1180 38 29 du
2209 1178 101 33 Maine
2330 1180 237 35 Montparnasse
2585 1180 12 40 /
2615 1182 183 33 Korrektur:
2820 1183 35 29 A.
2874 1183 57 29 Ar-

2039 1228 213 34 chipenko
2278 1226 10 40 /
2314 1231 212 32 Arbeiten
2552 1234 39 29 in
2618 1232 123 30 Stein
2768 1228 9 40 /
2805 1232 126 30 Studien

2040 1280 54 30 der
2112 1279 144 33 Stilarten
2274 1279 10 40 /
2300 1281 123 36 MaBige
2443 1283 107 32 Preise

2036 1345 118 34 Poetry
2173 1347 61 29 and
2252 1347 116 30 Drama
2396 1345 9 40 /
2433 1348 154 33 Dichtung
2606 1348 62 30 und
2689 1348 116 30 Drama
2834 1346 11 36 /
2873 1348 60 31 Be-

2037 1395 132 33 griindet
2190 1395 115 31 Januar
2329 1399 69 28 1912
2418 1395 10 40 /
2450 1397 73 31 Eine
2543 1398 316 36 Dreimonatsschrift,
2879 1406 54 27 ge-

2037 1445 127 30 widmet
2182 1446 54 29 der
2257 1446 152 35 Dichtung
2429 1448 61 29 und
2510 1447 71 31 dem
2599 1448 115 30 Drama
2735 1449 54 30 der
2810 1449 123 33 Gegen-

2038 1498 81 27 wart
2139 1497 30 29 in
2190 1496 78 30 alien
2287 1497 142 30 Landern
2459 1495 10 40 /
2498 1498 168 31 Probehelt
2687 1507 100 25 gegen
2806 1498 127 31 Einsen-

2039 1545 82 34 dung
2157 1554 62 22 von
2254 1548 18 28 2
2299 1547 89 30 Mark
2425 1549 36 29 50
2487 1548 130 34 Pfennig
2663 1546 11 35 /
2720 1548 214 35 Jahresbezug

2041 1596 33 29 K)
2098 1595 91 30 Mark
2215 1597 36 29 50
2277 1597 129 34 Pfennig
2453 1595 11 36 /
2507 1597 114 35 Verlag
2646 1598 85 30 The
2769 1597 165 35 Poetry

2037 1645 233 35 Bookshop
2301 1644 9 40 I
2341 1647 175 30 London
2537 1647 69 32 WC
2638 1646 12 36 /
2679 1650 36 28 35
2739 1648 195 32 Devonshire

2037 1695 105 31 Street
2172 1694 10 40 /
2211 1696 174 32 Theobalds
2408 1697 88 34 Road

2038 1762 86 33 ReuB
2149 1764 62 30 und
2237 1764 127 31 Pollack
2390 1762 10 40 /
2426 1765 245 34 Buchhandlung
2697 1766 61 29 und
2787 1765 146 34 Antiqua-

2038 1814 58 29 riat
2119 1813 12 42 I
2154 1813 289 32 PotsdamerstraBe
2472 1817 52 28 118
2535 1824 26 22 c.
2605 1815 230 34 Fernsprecher
2863 1815 72 32 Amt

2037 1863 131 30 Liitzow
2189 1866 73 28 2829
2302 1862 10 39 /
2354 1865 207 33 Graphisches
2583 1865 144 33 Kabinett
2749 1866 56 30 der
2827 1865 108 31 Neuen

2039 1913 165 31 Sezession
2223 1914 12 41 /
2254 1914 212 35 Vorlesungen
2488 1915 76 30 iiber
2586 1915 149 31 moderne
2755 1915 62 31 und
2838 1915 97 32 buch-

2039 1964 207 32 gewerbliche
2265 1964 138 31 Themen
2424 1962 10 40 /
2451 1965 121 31 Eintritt
2593 1966 58 30 frei
2670 1965 11 41 /
2700 1966 235 34 Anmeldungen

2039 2013 127 31 erbeten
2181 2013 11 42 /
2207 2014 148 34 Standige
2373 2015 197 34 Ausstellung
2587 2024 63 22 von
2667 2016 268 33 Luxusausgaben

2039 2065 30 28 in
2091 2065 230 30 auslandischer
2342 2065 154 31 Literatur

2037 2131 245 33 Saturn-Verlag
2314 2131 157 30 Hermann
2505 2132 129 30 Meister
2669 2133 30 29 in
2733 2133 202 35 Heidelberg:

2037 2180 190 31 Demnachst
2255 2182 167 30 erscheint:
2461 2182 105 30 Paul
2604 2182 204 30 flatvani:
2849 2183 86 30 Salto

2037 2230 133 31 Mortale
2193 2228 11 40 /
2225 2231 213 36 Aphorismen,
2460 2232 115 35 Essais,
2599 2232 132 31 Skizzen
2756 2230 10 36 /
2790 2232 145 31 Einfache

2037 2281 155 35 Ausgabe,
2215 2282 163 33 gebunden
2402 2282 42 30 M.
2469 2284 63 28 2.50

2039 2350 85 32 Neue
2147 2351 166 31 Sezession
2345 2346 9 41 /
2385 2351 102 31 Berlin
2519 2347 11 40 /
2563 2351 239 36 Eingetragener
2827 2352 110 30 Verein

2039 2399 189 32 Passive
2264 2400 254 35 Mitglieder
2555 2403 56 29 der
2638 2401 105 31 Neuen
2772 2401 165 31 Sezession

2041 2451 137 30 erhalten
2201 2451 125 32 i&hrlich
2351 2453 13 28 1
2389 2446 10 41 /
2422 2452 141 31 mehrere
2586 2452 182 35 graphische
2791 2452 146 31 Arbeiten

2040 2502 18 28 2
2080 2496 11 40 I
2115 2502 47 29 die
2186 2500 174 32 Zeitschrift
2385 2501 63 30 Der
2472 2501 105 31 Sturm
2601 2502 56 30 frei
2689 2502 163 34 zugestaflt
2885 2502 17 29 3
2928 2496 9 41 /

2039 2551 96 30 freien
2160 2550 122 32 Eintritt
2305 2560 38 22 zu
2368 2552 57 30 den
2450 2551 277 36 Veranstaltungen
2752 2553 55 29 der
2832 2550 105 32 Neuen

2040 2600 175 32 Sezession.
2255 2600 280 36 Mitgliedsbeitrag
2557 2601 197 33 halbjahrlich
2781 2603 33 29 15
2836 2600 101 32 Mark.

2041 2650 379 32 GeschSftsstelle
2442 2651 55 30 der
2519 2651 105 31 Neuen
2646 2651 179 31 Sezession:
2848 2651 90 34 Stef-

2040 2700 62 37 litz,
2124 2700 220 35 MiquelstraBe
2368 2701 17 28 7
2395 2710 29 21 a.
2466 2701 129 30 Fernruf
2617 2701 72 30 Amt
2713 2700 127 35 Steglitz
2864 2700 74 30 269f

2040 2766 139 32 Edmund
2197 2768 112 35 Meyer
2328 2763 10 41 /
2356 2768 212 30 Buchhandler
2589 2768 61 30 und
2666 2768 147 33 Antiquar
2832 2762 9 41 /
2861 2767 76 30 Ber-

2039 2817 41 31 lin
2105 2817 40 29 W
2169 2819 46 34 35,
2238 2817 186 31 Potsdamer
2448 2817 111 31 StraBe
2584 2817 36 29 27
2630 2818 20 30 b
2676 2812 10 41 /
2711 2817 129 31 Fernruf
2865 2817 73 29 Amt

2039 2867 132 31 Liitzow
2191 2869 74 29 5850
2284 2862 10 41 /
2314 2867 263 35 SpezialgeschSft
2597 2868 46 30 ftir
2664 2867 174 35 bibliophile
2858 2867 81 30 Lite-

2043 2920 84 28 ratur
2154 2918 72 30 aller
2252 2917 65 31 Zeit
2345 2913 10 40 /
2381 2917 173 31 Wertvolle
2584 2918 60 29 und
2671 2919 117 29 seltene
2817 2917 121 30 Bucher

2041 2968 85 31 jeder
2147 2968 56 30 Art
2225 2975 76 22 vom
2322 2965 182 32 XVI.—XX.
2526 2966 205 32 Jahrhundert
2754 2963 9 40 /
2785 2968 68 30 Alte
2876 2966 62 29 und

2042 3024 79 22 neue
2147 3014 210 32 Kunstblatter
2386 3011 10 41 /
2425 3015 148 34 Standige
2603 3014 196 35 Ausstellung
2829 3014 108 31 biblio-

2043 3064 95 33 philer
2161 3064 236 30 Publikationen

2040 3129 66 30 The
2124 3129 148 30 Lantern:
2293 3127 73 32 Eine
2384 3129 218 31 Monatschrift
2618 3130 129 30 beiseite
2765 3128 170 35 geschobe-

2042 3188 54 21 ner
2124 3179 162 31 Wahrheit
2314 3180 61 30 und
2404 3180 310 33 zuriickgewiesener
2744 3178 154 34 Dichtung
2925 3175 11 40 /

2043 3229 134 33 Geputzt
2202 3230 61 29 und
2290 3230 174 35 entziindet,
2491 3238 35 22 so
2552 3229 45 31 oft
2620 3229 54 30 der
2700 3228 96 30 Mond
2822 3227 114 32 dunkel

2041 3281 40 28 ist
2100 3276 10 40 I
2130 3279 57 31 Die
2208 3280 244 30 amerikanische
2472 3279 174 31 Zeitschrift
2667 3278 54 31 des
2743 3278 161 31 Protestes
2926 3274 11 41 /

2044 3329 106 34 Organ
2178 3330 55 29 der
2260 3330 204 30 Gesellschaft
2491 3329 115 33 Jiinger
2643 3328 55 31 des
2735 3328 157 33 Diogenes
2926 3324 12 40 /

2045 3380 125 35 Drama,
2190 3380 163 35 Dichtung,
2371 3379 106 34 Kritik,
2495 3379 129 29 Malerei
2643 3377 11 42 /
2672 3377 266 31 Probenummern

2046 3431 36 28 50
2101 3429 130 34 Pfennig
2250 3427 10 40 /
2277 3429 161 30 Mortimer
2458 3428 150 35 Building,
2628 3427 147 36 Chicago,
2794 3427 89 31 USA.

2041 3496 113 30 Verein
2172 3497 48 29 ftir
2238 3493 118 40 Kunst/
2366 3496 130 32 Leitung
2515 3493 422 32 HerwarthWalden

2041 3545 11 40 I
2085 3546 188 29 Zehntes
2308 3544 101 30 Jahr
2443 3540 10 40 /
2486 3543 76 30 Man
2585 3543 150 34 verlange
2758 3542 178 31 kostenlose

2043 3594 213 33 Mitteilungen
2279 3594 75 30 fiber
2378 3593 49 29 die
2451 3592 278 34 Neuorganisation
2755 3592 97 30 durch
2876 3591 60 30 den

2045 3643 114 34 Verlag
2178 3643 63 30 Der
2259 3643 105 30 Sturm
2384 3639 10 39 /
2413 3641 104 30 Berlin
2537 3641 40 30 W
2587 3643 17 28 9
