3068 4374
1365 152 244 44 BRUNO'S
1652 150 235 44 WEEKLY

237 166 106 38 1156

984 1396 319 71 Splitting
1323 1393 113 61 the
1459 1392 166 61 Ears
1648 1392 76 60 of
1746 1391 112 62 the
1882 1390 455 72 Groundlings

235 1548 50 38 «
296 1556 88 54 M
398 1548 84 42 ISS
904 1554 42 35 at
969 1547 71 40 the
1061 1544 268 45 Amsterdam
1351 1544 183 42 Theater
1555 1544 39 42 is

292 1586 98 56 iVI
451 1619 24 28 a
510 1620 94 28 new
640 1606 216 41 reminder
891 1606 69 41 for
994 1618 51 29 us
1080 1606 91 40 that
1205 1605 72 41 the
1313 1601 278 54 blossoming-

235 1666 103 42 time
368 1666 47 41 of
443 1664 439 50 Austro-Hungarian,
914 1674 47 29 or
1065 1665 33 41 it
1127 1661 37 43 is
1193 1662 138 41 called
1360 1661 231 52 generally,

232 1725 217 40 Viennese
473 1730 205 44 operetta,
702 1725 76 39 has
802 1730 74 34 not
898 1723 156 50 passed
1075 1727 84 46 yet,
1185 1732 47 28 or
1253 1718 145 42 hadn't
1422 1718 169 52 passed,

233 1788 45 34 at
302 1783 121 48 least,
451 1787 41 34 at
518 1782 71 39 the
614 1779 103 42 time
743 1780 122 41 these
889 1779 200 51 unhappy
1115 1777 212 52 struggles
1352 1777 43 42 in
1423 1777 169 49 Europe

232 1841 175 41 started.
442 1839 238 42 Emmerich
703 1839 178 41 Kalman
903 1839 35 41 is
957 1849 24 28 a
1000 1848 224 39 composer
1240 1836 94 41 who
1354 1834 85 40 had
1459 1833 135 41 found

232 1899 69 41 his
325 1905 175 44 country
523 1905 70 34 too
618 1897 123 41 small
768 1896 83 41 and
875 1896 92 41 who
993 1896 77 39 has
1096 1893 244 51 conquered
1365 1892 71 41 the
1460 1891 134 42 world

235 1958 68 41 for
327 1957 177 41 himself
529 1954 101 42 with
655 1956 69 40 his
970 1953 47 41 In
1524 1948 68 42 his

232 2014 208 42 melodies
461 2014 185 51 perhaps
666 2013 51 39 do
740 2017 74 35 not
834 2023 121 29 come
976 2022 47 28 as
1045 2008 330 52 spontaneously
1397 2008 75 39 but
1492 2007 100 50 they

233 2073 87 41 still
357 2071 193 42 retained
585 2071 111 41 their
731 2070 104 51 fiery
873 2067 249 51 Hungarian
1173 2066 150 52 rythm.
1389 2064 89 42 The
1530 2062 62 46 in-

233 2130 325 43 strumentation
586 2130 47 39 of
660 2128 72 41 the
759 2132 117 47 parts
901 2127 38 42 is
966 2136 103 41 very
1097 2125 127 50 finely
1251 2120 232 44 conceived
1510 2121 84 40 and

232 2189 173 41 worked
434 2193 74 36 out
536 2188 42 41 in
608 2198 55 29 an
693 2184 233 52 extremely
955 2182 176 52 diligent
1160 2192 192 30 manner.
1407 2178 68 43 He
1503 2187 89 33 was

233 2261 55 29 an
313 2247 249 52 inspiration
589 2252 41 34 to
654 2245 170 51 Jerome
851 2243 133 48 Kean,
1008 2243 74 40 the
1106 2238 225 43 American
1357 2249 235 39 composer,

233 2306 96 41 who
351 2316 88 30 was
465 2304 135 40 called
625 2313 113 40 upon
764 2306 41 36 to
832 2299 144 42 enrich
1003 2299 71 42 the
1098 2295 137 43 music
1258 2296 101 41 with
1384 2294 210 41 melodies

235 2365 110 40 from
364 2363 66 41 his
449 2374 93 29 own
564 2360 207 41 fountain.
820 2357 95 42 One
933 2358 79 40 has
1030 2363 42 35 to
1091 2356 54 40 be
1164 2367 54 29 an
1239 2358 149 46 expert
1406 2353 43 42 in
1469 2351 125 42 order

232 2428 45 36 to
296 2421 223 52 recognize
537 2419 176 42 without
849 2427 108 41 pons
1238 2413 48 41 of
1305 2412 73 40 the
1397 2421 195 41 program

232 2481 144 42 where
400 2479 180 41 Kalman
603 2476 176 42 finishes
802 2475 84 41 and
905 2474 144 42 where
1072 2471 121 41 Kean
1216 2475 140 36 starts.
1379 2466 213 43 Imitation

236 2539 48 40 of
311 2536 82 43 this
423 2535 104 42 kind
553 2536 37 41 is
618 2535 73 40 the
719 2539 111 35 most
857 2531 141 47 subtle
1027 2530 111 40 form
1168 2528 47 41 of
1242 2527 178 50 flattery,
1450 2536 24 29 a
1502 2525 92 40 real

233 2597 157 41 tribute
419 2601 43 35 to
492 2595 72 40 the
595 2589 249 55 Hungarian
876 2600 235 40 composer.
1446 2634 42 10 _

291 2653 90 42 The
404 2666 96 28 new
525 2650 251 52 Hungarian
804 2650 97 41 diva
924 2649 94 41 who
1045 2648 124 41 made
1193 2648 79 41 her
1298 2647 129 40 debut
1450 2659 44 28 in
1521 2647 73 40 the

235 2711 216 49 title-role,
482 2710 107 41 Miss
621 2709 92 43 Sari
748 2709 185 47 Petrass,
965 2706 37 41 is
1031 2705 289 51 undoubtedly
1352 2716 26 30 a
1407 2714 185 32 success,

235 2771 87 42 She
349 2770 38 42 is
412 2769 98 52 only
537 2767 178 42 another
741 2777 82 31 one
851 2766 47 41 of
924 2765 73 40 the
1022 2776 127 40 many
1176 2763 180 51 popular
1384 2767 211 36 actresses

233 2827 173 43 Austria
426 2828 79 41 has
525 2832 97 37 sent
642 2837 52 29 us
717 2823 151 52 during
890 2823 71 41 the
983 2823 82 41 last
1088 2823 85 39 few
1193 2832 138 42 years.
1383 2819 92 42 Her
1496 2821 99 50 play

233 2887 38 42 is
297 2892 75 37 not
398 2897 47 29 so
475 2883 307 52 exceptionally
810 2879 373 53 temperamental;
1213 2879 78 41 her
1315 2876 124 42 voice
1467 2876 128 42 while

237 2958 24 29 a
293 2956 104 40 very
430 2944 111 52 good
574 2940 160 53 quality
767 2941 38 41 is
838 2944 74 37 not
943 2950 104 39 very
1079 2935 300 53 phenomenal,
1413 2935 76 41 but
1521 2934 74 42 the

236 3003 136 42 entire
401 3001 212 53 portrayal
644 3000 47 40 of
717 3000 79 40 her
823 3002 94 47 part
945 2998 38 41 is
1012 2995 232 52 extremely
1275 2992 172 43 artistic.
1502 2992 93 41 Her

236 3061 142 52 acting
405 3061 84 40 and
528 3059 80 41 her
647 3057 171 51 singing
856 3056 118 41 show
1016 3059 42 35 at
1100 3053 57 41 all
1199 3052 127 40 times
1365 3050 79 42 her
1486 3049 110 51 good

235 3120 224 49 European
481 3115 232 51 schooling.
734 3114 89 41 The
844 3113 153 40 author
1017 3110 47 41 of
1083 3110 72 41 the
1177 3108 225 42 American
1423 3105 171 43 version

233 3179 50 40 of
304 3177 70 42 the
396 3176 182 48 libretto,
602 3175 96 51 Guy
720 3172 167 49 Bolton,
912 3169 166 53 opened
1098 3180 59 39 up
1180 3167 116 51 large
1319 3163 277 55 possibilities

236 3237 68 41 for
329 3247 24 30 a
377 3233 90 42 real
491 3232 226 41 American
743 3228 297 51 comic-opera,
1066 3226 84 40 and
1172 3224 107 53 Jack
1301 3222 185 51 Hazard,
1512 3233 83 31 one

235 3296 47 40 of
304 3306 79 29 our
405 3294 94 40 best
520 3290 134 51 living
675 3289 256 51 light-opera
953 3283 258 49 comedians,
1235 3294 102 31 uses
1361 3292 128 40 every
1514 3292 82 29 one

235 3354 49 41 of
308 3353 71 42 the
405 3363 127 39 many
558 3346 221 44 occasions
805 3345 84 42 and
914 3344 133 51 really
1073 3353 225 39 surpasses
1322 3339 190 42 himself.

291 3410 113 51 Very
456 3405 251 52 interesting
755 3415 113 29 were
919 3402 73 41 the
1392 3396 204 42 dramatic

236 3467 209 43 novelties
468 3466 49 40 of
538 3464 84 41 this
644 3468 95 47 past
759 3461 123 42 week
904 3459 90 42 that
1016 3470 108 40 gave
1145 3468 65 37 us,
1234 3456 43 41 in
1301 3456 73 40 the
1397 3452 128 43 midst
1548 3453 48 41 of

238 3527 149 42 Indian
423 3534 199 38 summer,
658 3522 73 42 the
765 3519 155 53 golden
956 3527 179 40 sunrays
1171 3514 47 41 of
1422 3510 173 54 Spring-

235 3593 17 35 t
254 3586 11 41 j
269 3598 70 29 me
355 3584 24 16 »

296 3645 47 40 In
369 3644 73 41 the
466 3641 155 43 L.and
646 3640 56 40 H.
729 3637 184 43 Theater
1328 3644 88 30 was
1442 3642 55 29 an
1525 3642 69 29 ex-

237 3701 211 54 periment
475 3701 90 40 that
594 3711 80 28 one
702 3696 140 42 would
870 3694 109 41 have
1007 3692 148 51 hardly
1185 3689 195 42 believed
1408 3687 188 53 possible

236 3764 43 41 in
308 3773 79 29 our
412 3759 126 42 times
566 3758 83 40 and
675 3757 89 40 that
791 3760 88 35 met
904 3751 102 42 with
1033 3763 55 29 an
1117 3748 266 52 astonishing
1411 3757 185 31 success,

238 3820 117 53 Cyril
392 3819 225 47 Harcourt,
654 3815 72 41 the
762 3811 278 52 Englishman
1077 3809 94 42 who
1209 3811 131 37 wrote
1376 3805 73 42 the
1484 3805 111 52 play,

1661 1544 258 41 undertakes
1952 1542 177 52 nothing
2165 1542 86 40 less
2286 1540 101 42 than
2423 1540 72 41 the
2530 1535 298 55 rejuvenation
2865 1537 47 40 of
2946 1535 72 41 the

1660 1600 294 52 blood-thirsty
1977 1601 161 41 French
2161 1600 262 41 melodrama
2447 1599 47 39 of
2517 1609 52 29 an
2593 1595 240 42 Alexandre
2857 1595 161 39 Dumas

1661 1660 84 40 and
1764 1659 68 40 his
1853 1657 360 52 contemporaries
2234 1655 136 43 which
2392 1656 85 41 had
2498 1655 109 40 been
2631 1652 151 42 ousted
2806 1652 68 40 for
2894 1661 126 42 years

1661 1719 54 51 by
1745 1730 24 29 a
1797 1730 95 28 new
1921 1717 84 41 and
2034 1717 87 41 less
2149 1714 261 42 sensational
2442 1711 262 53 generation.
2761 1709 90 41 The
2881 1709 139 41 oldest

1661 1774 247 52 generation
1939 1774 47 39 of
2014 1774 310 50 theater-goers
2350 1770 125 42 could
2502 1770 110 41 have
2643 1766 133 54 easily
2804 1764 216 53 imagined

1661 1835 91 41 that
1780 1834 99 51 they
1906 1833 85 40 had
2018 1834 110 39 been
2159 1831 146 50 asleep
2335 1830 69 41 for
2429 1829 94 39 half
2551 1840 26 28 a
2604 1831 188 46 century,
2824 1825 67 41 for
2919 1825 101 51 they

1660 1891 229 42 witnessed
1908 1890 91 52 just
2018 1890 71 40 the
2109 1895 88 35 sort
2217 1888 47 41 of
2284 1888 145 40 drama
2451 1887 99 50 they
2569 1885 108 40 used
2697 1890 43 34 to
2762 1883 96 41 love
2879 1888 43 36 to
2944 1892 74 31 see

1661 1961 54 29 on
1733 1949 73 41 the
1822 1953 121 47 stage
1962 1948 93 51 fifty
2071 1958 126 41 years
2216 1957 91 41 ago.
2328 1944 90 42 The
2436 1943 107 52 style
2563 1943 47 41 of
2629 1943 72 41 the
2720 1940 300 53 performance

1661 2017 86 30 was
1770 2007 97 40 well
1888 2005 189 42 selected
2099 2005 55 51 by
2176 2004 72 42 the
2272 2008 157 43 actors;
2455 2007 111 34 most
2589 1998 264 50 astonishing
2875 2008 89 30 was
2988 1996 32 42 it

1661 2070 42 36 to
1746 2076 75 30 see
1864 2064 90 40 that
1995 2067 75 36 not
2113 2061 98 52 only
2253 2061 72 39 the
2370 2060 69 40 old
2484 2055 247 54 generation
2762 2066 156 40 among
2946 2054 72 40 the

1661 2121 206 42 audience
1891 2122 75 39 but
1989 2121 71 40 the
2082 2130 192 42 younger
2297 2116 262 53 generation,
2584 2121 85 43 too,
2695 2114 174 41 seemed
2893 2111 105 52 spell-

1661 2181 155 40 bound.
1877 2177 90 43 The
2000 2178 70 41 old
2103 2177 145 42 school
2282 2177 48 39 of
2361 2173 139 43 critics
2532 2173 137 41 which
2705 2170 193 42 declares
2930 2169 91 41 that

1823 2239 37 41 is
2041 2236 82 41 and
2142 2234 250 52 everything
2409 2233 71 40 old
2498 2231 84 41 and
2598 2230 178 51 nothing
2794 2240 95 29 new
2905 2238 115 30 were

1661 2296 112 51 right
1794 2295 43 40 in
1862 2292 83 43 this
1967 2306 99 29 case
2090 2294 48 39 of

1718 2352 37 42 A
1789 2352 170 41 curious
1995 2349 122 54 piece
2152 2362 121 29 came
2310 2351 151 40 before
2497 2349 72 41 the
2607 2348 220 53 footlights
2864 2349 48 41 of
2947 2349 73 41 the

1661 2412 151 40 Fulton
1839 2409 202 42 Theater:
2248 2409 82 41 and
2354 2408 74 44 the
2598 2408 55 52 by
2678 2408 136 40 Grant
2839 2407 182 41 Stewart

1662 2470 83 41 and
1768 2469 119 40 Robt.
1912 2468 177 41 Becker.
2137 2465 139 43 These
2298 2473 82 35 two
2401 2464 225 42 American
2650 2465 173 41 authors
2846 2465 176 41 seemed

1661 2534 42 34 to
1728 2526 123 42 know
1875 2525 98 52 only
1997 2536 26 29 a
2046 2525 109 40 little
2178 2523 48 41 of
2249 2523 71 42 the
2343 2535 89 29 war
2455 2521 247 53 entangling
2726 2522 71 41 the
2822 2522 132 41 world
2978 2527 44 37 at

1662 2586 71 40 the
1757 2589 176 47 present
1955 2583 117 42 time.
2126 2582 62 42 Of
2209 2592 152 30 course
2385 2582 98 51 they
2507 2581 124 40 know
2655 2581 49 39 of
2725 2581 55 40 its
2805 2578 216 43 existence

1662 2644 74 39 but
1766 2643 101 51 they
1897 2647 109 34 treat
2038 2640 71 41 the
2145 2639 223 51 European
2401 2638 212 52 struggles
2645 2635 243 55 something
2918 2649 104 40 very

1665 2700 174 49 distant;
1865 2697 88 42 like
1985 2710 25 29 a
2042 2696 156 52 legend
2230 2708 48 29 or
2310 2709 24 28 a
2368 2695 111 52 fairy
2510 2696 100 41 tale.
2672 2695 223 40 Bourbofis
2926 2695 95 40 who

1661 2758 110 41 have
1803 2757 213 51 forgotten
2046 2753 179 54 nothing
2254 2755 67 41 for
2350 2753 72 42 the
2451 2755 84 39 last
2563 2757 156 47 twenty
2747 2763 125 41 years
2900 2751 121 42 write

1663 2828 26 29 a
1722 2816 207 41 romantic
1962 2816 145 39 drama
2138 2814 101 41 with
2273 2813 74 41 the
2378 2823 88 31 war
2499 2822 48 30 as
2580 2823 24 28 a
2636 2810 287 51 background.
2984 2809 38 42 A

1662 2875 146 40 drama
1836 2873 90 40 that
1954 2873 123 50 plays
2104 2870 264 41 somewhere
2396 2870 45 41 in
2470 2869 72 42 the
2571 2868 207 41 romantic
2806 2868 215 49 nowhere,

1661 2930 244 52 something
1933 2941 24 29 a
1987 2930 41 40 la
2056 2929 198 50 Anthony
2283 2927 140 51 Hope.
2483 2926 116 41 Hero
2629 2927 85 40 and
2740 2923 178 42 heroine
2947 2936 75 29 are

1662 3002 52 29 an
1737 2988 227 42 American
1987 2987 151 52 couple
2161 2986 309 52 unexpectedly
2493 2983 217 53 surprised
2734 2984 83 42 and
2839 2983 185 51 brought

1662 3048 197 52 together
1895 3048 54 51 by
1987 3045 73 42 the
2098 3045 188 42 German
2328 3042 198 43 Invasion
2566 3043 49 39 of
2653 3040 211 52 Belgium.
2931 3039 91 42 The

1662 3106 212 41 Germans
1906 3104 41 40 in
1980 3103 110 41 their
2122 3101 220 52 field-gray
2371 3100 212 42 uniforms
2613 3111 74 30 are
2716 3097 228 55 portrayed
2974 3109 50 29 as

1661 3162 96 43 nice
1787 3162 153 52 people
1971 3162 75 41 but
2075 3158 246 54 impossibly
2352 3158 198 50 comical;
2583 3157 100 52 they
2712 3169 120 29 seem
2865 3157 159 51 figures

1663 3222 111 41 from
1799 3232 54 29 an
1877 3218 105 53 light
2005 3230 142 40 opera.
2203 3217 89 40 The
2316 3216 175 53 general
2517 3224 180 42 appears
2721 3219 42 36 to
2787 3213 112 41 have
2923 3212 99 52 only

1663 3292 83 29 one
1769 3277 249 53 occupation
2042 3275 43 42 in
2109 3275 196 52 Belgium
2330 3275 88 41 i.e.
2442 3280 42 36 to
2508 3274 98 51 play
2629 3285 25 30 a
2676 3278 88 35 sort
2787 3273 47 39 of
2858 3270 166 52 earthly

1662 3337 258 53 providence
1955 3336 68 40 for
2056 3334 72 42 the
2162 3332 263 52 improbable
2460 3331 373 42 love-adventures
2867 3329 49 40 of
2950 3329 74 40 the

1662 3401 81 36 two
1779 3393 263 42 Americans.
2102 3390 107 43 The,
2226 3391 189 42 German
2451 3388 221 51 field-gray
2720 3384 180 44 soldiers
2949 3396 75 30 are

1662 3452 290 51 undoubtedly
1981 3451 188 41 German
2199 3445 225 45 reservists
2453 3447 44 42 in
2526 3448 90 41 real
2645 3445 93 44 life.

1722 3514 37 41 It
1787 3513 36 42 is
1851 3511 244 51 refreshing
2122 3510 156 42 indeed
2305 3515 42 36 to
2377 3510 158 42 realize
2564 3511 42 41 in
2636 3511 122 42 these
2786 3513 127 40 times
2942 3511 80 42 full

1665 3574 47 39 of
1733 3571 151 42 hatred
1907 3571 92 41 that
2022 3583 107 29 even
2152 3581 89 30 war
2263 3570 79 42 has
2366 3569 53 42 its
2442 3581 141 40 merry
2606 3570 105 43 side.
2764 3569 89 43 The
2879 3571 143 41 charm

1665 3631 47 40 of
1731 3631 71 40 the
1821 3630 98 50 play
1939 3630 217 40 increases
2175 3628 181 50 through
2377 3627 71 41 the
2470 3632 150 36 actors.
2670 3627 116 52 Cyril
2809 3628 118 41 Scott
2946 3630 79 40 has

1666 3701 24 28 a
1718 3693 94 46 part
1837 3687 92 40 that
1955 3685 115 42 after
2095 3699 26 30 a
2147 3685 102 51 long
2274 3683 126 42 while
2429 3685 125 50 again
2582 3684 90 52 just
2697 3697 144 29 seems
2869 3691 42 35 to
2938 3684 88 43 suit

1663 3746 68 41 his
1751 3744 272 54 personality.
2074 3744 85 52 Fay
2180 3743 187 49 Bainter,
2387 3743 94 40 who
2504 3744 215 49 appeared
2737 3744 104 42 here
2864 3744 69 41 for
2951 3744 75 42 the

1668 3805 91 40 first
1784 3804 103 41 time
1914 3802 151 42 before
2093 3802 72 41 the
2193 3801 105 42 New
2324 3800 114 42 York
2465 3800 155 52 public,
2648 3801 36 41 is
2712 3812 82 31 one
2820 3801 92 42 real
2940 3801 86 42 find

1360 1474 256 44 (Theatrical
1646 1474 228 42 Criticism)
