3068 4374
396 183 1050 173 BRUNO'S
1578 193 1032 168 WEEKLY

404 381 196 52 Edited
650 385 72 61 hj
769 388 181 51 Guide
1000 391 181 52 Bran©
1227 395 54 49 in
1329 393 98 52 His
1476 396 199 53 Garret
1723 419 73 33 on.
1837 398 366 63 Washington
2250 400 214 61 Square

113 616 96 59 La
238 616 96 59 La

113 709 183 41 Chatter,
327 708 172 42 chatter,
530 708 161 35 chatter

113 777 157 92 THE
307 777 100 44 busy
442 781 166 38 tongues
646 776 87 43 spin
769 776 106 36 webs
912 775 43 36 of
992 774 161 37 scandal
1154 774 126 35 —odd
1317 774 76 36 bits
1430 774 44 36 of

228 835 190 44 laughter,
460 834 180 43 knowing
682 834 333 36 winks—earnest-

113 898 127 31 ments
274 893 43 36 of
348 903 22 25 a
402 893 244 36 resurrected
680 896 100 39 past,
812 891 52 36 all
896 901 135 26 woven
1065 891 162 43 artfully
1258 894 38 31 to
1330 890 87 43 give
1450 899 23 26 a

112 952 205 35 moment's
346 952 183 41 pleasure
557 955 38 31 to
626 951 65 35 the
720 959 185 31 weavers.

162 1009 86 35 And
274 1010 64 35 the
363 1009 84 43 girl,
472 1009 66 35 the
562 1008 141 36 motive
727 1008 44 35 of
795 1007 99 36 their
919 1005 307 45 pattern—what
1251 1005 44 35 of
1319 1005 102 35 her?

164 1068 78 35 She
271 1068 110 34 faces
408 1068 105 34 them
541 1066 143 36 defiant
714 1066 61 35 for
804 1075 22 26 a
853 1065 102 35 time.
1011 1065 108 34 Then
1148 1063 220 44 frightened
1397 1061 75 37 and

112 1130 204 39 unstrung,
339 1126 128 34 draws
490 1124 204 43 gradually
717 1123 132 36 within
872 1122 162 37 herself.
1060 1122 160 35 Friends
1244 1121 94 43 drop
1364 1130 109 33 away

110 1185 122 34 —her
255 1185 124 34 house
402 1193 127 33 grows
552 1182 108 36 dark.
708 1181 49 36 At
780 1181 88 44 last,
891 1181 40 35 in
953 1179 209 37 bitterness
1186 1179 70 36 she
1281 1178 103 44 quits
1408 1178 66 36 the

113 1247 116 46 town,
261 1242 75 35 and
366 1242 95 35 tries
488 1245 38 31 to
558 1240 83 36 lose
670 1239 151 36 herself
851 1239 38 35 in
918 1239 67 35 the
1012 1237 157 37 turmoil
1199 1237 75 36 and
1305 1237 93 35 rush
1430 1236 44 36 of

113 1300 122 36 cities.

293 1359 102 35 what
417 1358 63 36 did
503 1369 57 26 we
582 1359 67 36 tell
807 1359 66 36 the
894 1367 174 28 weavers
1091 1367 78 35 cry.
1324 1358 150 37 mother

112 1421 101 33 went
240 1418 82 36 that
350 1428 85 33 way
462 1418 137 36 before
627 1419 69 34 her
696 1417 154 45 —wait,
879 1417 82 44 just

165 1487 62 37 Bit
255 1488 51 43 by
334 1487 54 37 bit
416 1488 91 43 they
536 1496 111 35 carry
675 1486 101 37 their
802 1491 175 39 tapestry
1006 1487 43 35 of
1078 1486 73 36 lies
1180 1486 80 36 into
1289 1486 65 37 the
1383 1486 88 43 city.

112 1545 77 38 She
207 1546 137 43 begins
362 1550 38 31 to
421 1550 100 31 meet
540 1545 247 45 questioning
806 1545 188 35 looks—a
1013 1544 96 37 little
1128 1545 181 36 coolness
1329 1545 145 35 here—

113 1614 22 26 a
166 1604 194 43 practised
392 1604 120 35 insult
542 1604 121 35 there.
694 1603 119 41 /Men
842 1607 100 32 treat
972 1604 69 35 her
1071 1602 144 44 boldly.
1274 1602 77 37 She
1382 1611 91 27 sees

110 1663 65 35 the
196 1672 138 26 snares
353 1662 91 35 with
465 1661 212 44 reddening
698 1671 104 34 eyes.
849 1660 108 44 Long
978 1661 96 42 days
1097 1661 73 35 and
1192 1669 129 34 weary
1342 1660 130 43 nights

112 1730 66 26 are
207 1721 103 39 hers.
366 1720 144 43 Prayer
540 1720 74 35 and
645 1719 162 43 religion
839 1719 71 36 fail
939 1720 80 35 her.
1077 1718 132 36 Books
1238 1717 112 44 bring
1381 1718 91 42 only

110 1778 155 43 fleeting
287 1778 143 36 solace.
480 1778 580 43 Exasperated—nervous—at
1082 1776 200 43 bay—she
1306 1776 166 43 plunges

111 1836 79 36 into
223 1837 66 35 the
322 1837 121 35 social
475 1836 122 36 whirl.
658 1835 60 35 An
752 1840 60 31 act
845 1835 44 35 of
921 1835 243 43 impulse—a
1199 1834 103 36 false
1335 1838 139 39 step—

109 1895 258 35 then—down
368 1894 331 35 —down—down
700 1909 8 10 3
708 1914 44 5 —

110 1952 174 45 Chatter,
311 1952 161 46 chatter,
498 1952 161 37 chatter.

1039 2012 90 37 Tom
1157 2012 163 43 Sleeper

109 2128 298 61 Anatole
437 2129 285 60 France:
759 2128 113 61 the
902 2129 306 61 Parisian

110 2223 60 42 By
202 2222 161 43 George
393 2224 186 34 Brandes

110 2291 292 91 ANATOLE
428 2292 202 36 FRANCE
655 2293 33 35 is
714 2293 62 35 far
800 2293 101 36 from
924 2293 115 43 being
1061 2303 131 33 young
1206 2293 68 36 but
1289 2293 61 36 his
1367 2293 105 36 fame

225 2349 33 34 is
287 2350 44 33 of
359 2351 130 34 rather
517 2355 130 31 recent
677 2351 135 42 origin.
869 2351 60 36 He
959 2361 81 25 was
1070 2356 256 38 seventy-two
1357 2361 115 33 years

111 2407 61 35 old
205 2418 49 24 on
283 2409 65 35 the
383 2409 93 34 16th.
499 2409 43 34 of
572 2408 108 44 April
710 2409 68 35 but
809 2409 27 35 it
867 2409 33 35 is
931 2409 91 44 only
1051 2410 273 43 twenty-three
1356 2418 114 35 years

109 2465 107 36 since
244 2466 61 35 his
332 2472 253 37 countrymen
613 2468 158 35 became
800 2468 209 35 interested
1039 2468 38 34 in
1105 2468 61 35 his
1194 2468 173 42 writings
1397 2468 73 35 and

109 2524 39 34 in
174 2524 61 35 his
262 2525 135 43 books,
425 2526 108 35 since
558 2526 48 35 he
633 2526 74 35 has
733 2526 160 35 become
919 2526 64 36 the
1011 2526 221 36 celebrated
1261 2527 138 34 author
1428 2526 42 35 of

108 2582 61 35 his
193 2588 182 38 .country.

159 2641 55 35 As
250 2651 22 25 a
306 2652 92 32 very
432 2652 130 32 young
597 2652 89 25 men
719 2643 49 35 he
804 2643 145 35 started
984 2646 38 31 to
1058 2643 108 35 write
1201 2642 157 44 literary
1395 2641 74 37 and

109 2699 199 36 historical
340 2710 139 33 essays
512 2701 73 35 and
618 2710 134 32 poems
784 2701 86 35 best
901 2701 287 35 characterized
1220 2701 33 34 if
1282 2702 91 41 they
1405 2710 65 26 are

108 2758 124 36 called
496 2770 81 24 was
596 2759 258 42 thirty-seven
874 2769 115 33 years
1009 2759 63 35 old
1082 2760 112 34 when
1213 2759 50 36 he
1284 2759 185 35 attracted

109 2817 62 34 for
190 2818 64 34 the
275 2817 83 34 first
378 2817 91 36 time
490 2817 131 43 public
642 2817 186 36 attention
849 2815 166 45 through
1037 2817 59 35 his
1119 2822 106 38 story
1341 2817 128 35 Crime

108 2876 49 34 de
197 2875 198 43 Sylvester
694 2877 75 34 and
809 2876 26 34 it
874 2886 81 24 was
995 2879 65 32 not
1099 2876 137 35 before
1275 2876 65 35 the
1377 2885 93 33 year

112 2934 163 35 1892-93
308 2935 82 35 that
422 2935 48 34 he
503 2934 143 43 proved
679 2934 61 35 his
773 2933 233 44 originality.

159 2992 97 35 That
290 2993 48 35 he
373 2992 197 36 remained
606 3003 43 24 so
685 2993 91 42 long
810 2992 194 35 unknown
1038 2996 38 31 to
1112 2992 118 35 wider
1264 2991 138 36 circles
1436 2991 34 35 is

109 3051 206 42 explained
347 3051 38 34 in
415 3052 65 35 the
512 3051 95 35 slow
638 3060 161 33 process
831 3051 43 35 of
904 3050 61 35 his
996 3050 309 43 self-evolution,
1338 3050 38 34 in
1405 3050 65 35 the

108 3109 103 43 long,
226 3110 91 34 time
346 3110 27 34 it
399 3110 92 35 took
518 3110 78 34 him
624 3114 37 30 to
691 3110 177 34 discover
896 3108 62 36 his
987 3118 85 26 own
1101 3108 289 43 individuality;
1422 3109 48 35 he

107 3168 136 36 lacked
268 3169 65 34 the
357 3178 167 32 courage
548 3172 38 31 to
611 3168 47 35 be
682 3167 166 43 wholely
872 3167 162 36 himself
1057 3168 74 34 and
1156 3168 49 34 he
1230 3166 148 36 needed
1404 3176 44 27 en-

106 3231 276 38 couragement
411 3227 100 34 from
537 3226 143 36 others.

159 3285 85 35 And
284 3286 92 34 then
414 3286 108 34 there
561 3295 102 25 were
702 3285 65 35 the
807 3288 108 39 great
955 3284 160 35 authors
1155 3284 44 35 of
1238 3282 232 44 descriptive

108 3344 200 35 literature
339 3344 38 34 in
407 3344 64 34 the
503 3343 188 42 limelight
722 3343 85 34 who
838 3342 100 35 have
967 3342 185 42 departed
1184 3342 126 42 since;
1345 3345 104 39 story-

106 3402 134 36 tellers
273 3402 77 36 like
381 3403 272 42 Maupassant,
688 3401 163 42 Daudet,
883 3401 114 42 Zola;
1034 3400 110 36 other
1175 3399 185 43 geniuses
1393 3399 77 35 like

106 3461 172 42 Bourget
305 3461 73 34 and
408 3461 205 42 Huysman
638 3459 138 36 turned
803 3463 38 31 to
868 3458 246 44 clericalism,
1140 3468 88 25 men
1256 3457 77 36 like
1358 3457 112 43 Jules

106 3519 53 36 Le
192 3519 139 36 Maitre
365 3523 37 31 to
437 3518 261 43 nationalism,
747 3518 109 35 other
901 3517 123 42 gifted
1071 3526 88 26 men
1206 3526 43 25 as
1298 3515 171 36 Hervieu

106 3579 171 35 directed
307 3577 99 36 their
437 3577 189 35 activities
657 3576 168 35 towards
855 3576 64 36 the
950 3576 162 35 theater.
1167 3574 86 35 And
1282 3574 93 36 then
1404 3575 65 34 the

106 3641 108 39 great
240 3641 145 31 master
413 3636 42 35 of
483 3636 99 42 style
609 3636 75 34 had
712 3634 198 43 departed,
940 3634 138 35 Ernest
1106 3633 147 43 Renan,
1281 3633 85 34 who
1394 3631 75 36 had

106 3695 73 37 left
214 3696 145 34 France
392 3695 61 35 his
486 3693 94 36 heir.
640 3693 103 43 Only
791 3693 101 35 after
937 3692 77 35 this
1063 3691 75 35 fine
1185 3690 163 36 doubter
1394 3690 74 36 and

105 3753 257 38 enthusiastic
385 3752 102 36 saint
510 3752 43 35 of
575 3752 185 42 thoughts
784 3751 75 35 had
884 3750 77 36 laid
986 3749 108 37 aside
1118 3750 61 34 his
1202 3759 75 33 pen
1303 3749 166 42 forever,

105 3860 233 52 Copyright
370 3862 118 47 1916,
517 3860 52 50 by
599 3859 139 42 Guido
765 3859 144 39 Bruno

1543 615 73 33 and
1639 619 65 30 not
1725 616 135 35 before
1881 618 64 34 the
1966 621 206 35 renowned
2195 621 74 35 and
2292 622 217 36 celebrated
2533 624 158 35 authors
2713 625 43 35 of
2776 625 123 36 books

1542 673 81 34 that
1645 673 74 35 had
1743 675 152 35 created
1919 677 221 35 sensations
2162 678 38 34 in
2221 679 65 35 the
2307 679 83 36 90's
2412 681 75 35 had
2511 681 169 44 expired,
2704 692 109 26 came
2834 682 66 37 the

1542 735 215 37 opportune
1792 732 92 37 time
1923 734 61 34 for
2019 734 165 37 Anatole
2222 737 156 41 France.

1592 788 127 37 Those
1749 791 109 35 other
1888 791 238 37 Frenchmen
2168 794 75 35 had
2286 804 110 27 come
2442 797 203 45 originally
2691 799 101 36 from
2834 800 65 38 the

1542 847 222 42 provinces:
1789 849 151 35 Daudet
1960 850 74 35 and
2053 851 94 35 Zola
2169 852 100 35 from
2291 853 207 45 Provence,
2518 856 259 43 Maupassant
2798 858 102 36 from

1543 905 248 45 Normandie,
1826 906 134 36 Renan
1996 908 100 35 from
2130 910 220 44 Bretaigne,
2387 912 170 36 Hervieu
2594 915 100 35 from
2730 915 169 45 Neuilly,

1542 963 170 43 Bourget
1735 965 100 34 from
1856 964 172 45 Amiens,
2052 967 204 42 Huysman
2277 979 81 25 was
2381 970 43 35 of
2448 971 124 35 Dutch
2595 972 135 42 origin.
2754 974 145 36 France

1542 1021 33 35 is
1604 1032 22 24 a
1653 1023 95 35 born
1777 1023 175 35 Parisian
1981 1025 74 34 and
2083 1026 48 34 he
2159 1035 209 33 possesses
2397 1038 115 34 every
2539 1030 111 35 merit
2679 1032 75 34 and
2783 1042 116 33 every

1541 1080 290 37 characteristic
1856 1082 43 34 of
1924 1092 22 25 a
1973 1082 188 38 Parisian.

1593 1150 72 35 His
1688 1156 144 31 master
1855 1152 134 36 Renan
2010 1153 159 38 became
2194 1165 21 25 a
2239 1155 176 37 Parisian
2439 1158 102 36 after
2563 1159 49 36 he
2633 1159 76 36 had
2733 1160 166 37 reached

1540 1208 65 36 the
1627 1219 68 25 eve
1718 1210 42 34 of
1780 1210 61 35 his
1863 1211 85 43 life,'
1968 1212 101 35 after
2091 1213 47 35 he
2161 1214 75 35 had
2258 1214 202 37 discarded
2484 1218 65 35 the
2571 1216 263 43 peculiarities
2857 1218 44 36 of

1542 1267 64 36 the
1635 1268 220 44 Bretaigne,
1884 1270 101 35 after
2013 1271 48 35 he
2088 1272 76 34 had
2192 1273 140 35 ceased
2360 1277 39 31 to
2427 1274 47 36 be
2501 1275 65 35 the
2593 1275 109 43 pupil
2730 1275 43 37 of
2801 1276 72 36 Ger-

1541 1335 126 34 many.
1719 1327 144 35 France
1888 1338 80 26 was
1994 1328 101 36 from
2118 1329 61 35 his
2203 1339 92 34 very
2319 1334 97 32 start
2440 1341 22 26 a
2488 1331 188 38 Parisian.

1590 1385 81 35 The
1696 1385 94 42 light
1816 1386 75 35 and
1918 1386 56 35 air
2000 1387 42 34 of
2068 1386 109 36 Paris
2204 1397 101 27 were
2330 1389 61 35 his
2418 1389 163 44 original
2608 1391 201 46 elements,
2834 1393 65 37 the

1542 1443 179 36 Gardens
1746 1444 44 35 of
1813 1444 271 44 Luxembourg
2109 1455 101 26 were
2236 1446 61 36 for
2320 1446 79 36 him
2422 1447 64 37 the
2511 1453 136 32 nature
2672 1450 44 34 of
2740 1450 159 45 France,

1540 1503 64 35 the
1627 1507 118 32 street
1768 1513 80 25 was
1870 1503 61 36 his
1954 1503 245 37 educational
2222 1505 229 37 institution.
2500 1505 56 37 As
2580 1517 22 25 a
2625 1507 103 37 child
2749 1508 50 36 he
2822 1508 77 36 had

1540 1562 174 35 watched
1735 1561 38 34 in
1794 1562 64 35 the
1879 1561 181 43 Quartier
2081 1562 110 36 Latin
2211 1563 95 43 girls
2326 1563 146 36 deliver
2492 1564 93 35 milk
2606 1566 75 34 and
2702 1566 197 37 workmen

1540 1619 75 35 call
1636 1623 36 31 at
1691 1620 65 35 the
1776 1620 115 36 doors
1913 1621 44 33 of
1977 1621 230 43 everybody.
2253 1616 86 41 And
2361 1623 48 35 he
2430 1622 135 36 knows
2584 1623 124 36 better
2729 1624 170 43 perhaps

1539 1678 93 34 than
1658 1686 75 34 any
1758 1679 109 34 other
1892 1678 118 43 living
2036 1679 127 35 writer
2187 1680 64 35 the
2277 1679 98 36 little
2399 1681 225 35 tradesman
2650 1681 75 36 and
2752 1681 147 36 artisan

1540 1736 43 35 of
1608 1736 123 36 Paris.

1589 1794 81 36 The
1702 1795 313 37 show-windows
2050 1797 44 35 of
2126 1798 209 36 stationers
2370 1800 75 35 and
2479 1801 294 43 paper-dealers
2807 1803 92 36 with

1539 1852 100 36 their
1669 1854 318 42 many-coloured
2018 1855 170 42 pictures
2219 1858 186 35 attracted
2435 1858 62 35 his
2527 1858 187 37 attention
2744 1861 76 36 and
2850 1861 50 37 he

1540 1911 176 35 received
1738 1912 61 34 his
1822 1912 83 35 first
1927 1914 159 42 reading
2109 1914 132 35 lesson
2265 1915 100 35 from
2387 1916 64 35 the
2476 1925 94 33 poor
2780 1919 95 35 book-

1542 1969 154 35 dealers
1722 1979 49 25 on
1797 1971 65 35 the
1888 1971 124 35 banks
2039 1972 44 34 of
2108 1973 65 35 the
2200 1972 127 44 Seine,
2354 1973 39 35 in
2420 1974 132 37 whose
2577 1975 122 36 boxes
2725 1976 50 36 he
2801 1977 98 36 used

1540 2031 37 30 to
1601 2037 200 33 rummage
1823 2028 32 35 if
1876 2029 90 43 they
1988 2029 63 35 did
2076 2034 65 31 not
2164 2030 100 37 look.

1594 2096 60 35 He
1687 2096 161 37 himself
1879 2108 80 25 was
1990 2099 65 35 the
2087 2108 71 25 son
2191 2100 43 34 of
2264 2101 97 35 such
2394 2110 21 26 a
2447 2110 95 33 poor
2573 2101 255 38 book-dealer
2858 2113 44 27 or

1541 2155 168 42 perhaps
1731 2156 43 34 of
1795 2157 89 41 only
1906 2166 48 24 an
1977 2157 186 35 assistant
2184 2162 37 30 to
2244 2168 84 26 one.
2377 2159 61 35 He
2458 2169 80 25 was
2560 2160 95 35 born
2677 2160 39 35 in
2738 2171 22 25 a
2780 2160 96 37 book-

1541 2214 110 41 shop,
1698 2214 188 35 educated
1937 2224 139 33 among
2125 2215 62 36 old
2235 2216 74 35 and
2356 2216 95 36 wise
2496 2217 142 36 books:
2688 2218 101 36 amid
2835 2218 65 37 the

1541 2272 234 41 mysterious
1800 2274 206 34 memories
2032 2274 42 34 of
2098 2283 22 25 a
2145 2274 70 35 life
2240 2274 82 35 that
2347 2275 94 35 does
2466 2280 65 30 not
2557 2275 99 35 exist
2681 2286 75 33 any
2781 2286 118 27 more.

1542 2330 104 34 Here
1672 2330 47 35 he
1746 2331 156 35 learned
1930 2331 86 35 how
2043 2331 228 36 short-lived
2298 2342 71 26 our
2394 2333 198 36 existence
2619 2333 45 44 is,
2690 2335 87 34 how
2803 2334 97 37 little

1540 2389 108 34 there
1674 2388 33 34 is
1735 2389 71 34 left
1832 2389 44 34 of
1900 2389 65 35 the
1990 2389 105 34 work
2122 2390 42 33 of
2191 2400 22 24 a
2239 2390 237 42 generation.
2533 2391 72 35 His
2634 2392 107 43 early
2768 2392 113 36 reflec-

1540 2446 101 35 tions
1665 2447 92 35 here
1781 2447 37 34 in
1841 2448 111 34 these
1975 2448 283 42 surroundings
2283 2457 65 27 are
2372 2449 243 42 responsible
2641 2449 61 35 for
2726 2449 65 36 the
2815 2450 68 35 leit-

1540 2505 112 34 motif
1680 2505 43 33 of
1750 2505 61 34 his
1839 2505 141 35 books:
2011 2506 99 35 their
2138 2506 180 43 sadness,
2344 2507 226 42 gentleness
2601 2508 75 34 and
2705 2507 93 42 pity.

1591 2563 31 34 It
1644 2563 33 34 is
1701 2563 122 42 really
1846 2564 291 42 extraordinary
2158 2568 38 30 to
2219 2564 109 35 think
2351 2564 43 35 of
2415 2565 65 35 the
2504 2574 114 34 many
2643 2565 114 35 small
2780 2565 96 36 book-

1540 2622 120 41 shops
1686 2622 49 34 he
1759 2622 202 34 described
1989 2622 37 34 in
2053 2622 110 34 Paris
2189 2622 74 35 and
2290 2622 152 36 outside
2469 2623 43 34 of
2538 2622 122 44 Paris,
2685 2623 66 35 the
2775 2622 124 36 books

1538 2680 82 34 that
1644 2690 102 25 were
1770 2690 49 24 on
1843 2680 99 34 their
1967 2680 156 35 shelves
2147 2681 65 34 the
2237 2680 156 35 visitors
2417 2681 83 35 that
2526 2681 230 42 frequented
2782 2681 117 43 them,

1539 2738 74 35 and
1637 2738 64 35 the
1724 2738 293 35 conversations
2039 2739 81 34 that
2142 2738 90 35 took
2255 2738 111 42 place
2390 2747 140 34 among
2552 2738 111 36 these
2687 2738 212 38 old-Toms.

1539 2796 124 43 Again
1685 2797 73 33 and
1782 2797 113 42 again
1914 2797 48 34 he
1982 2797 164 41 stopped
2166 2796 113 35 while
2300 2796 161 43 passing
2481 2797 111 35 these
2613 2797 98 42 good

1538 2855 275 35 book-dealers
1837 2864 48 25 on
1907 2855 65 34 the
1994 2854 124 34 banks
2142 2855 42 33 of
2205 2855 66 34 the
2294 2854 127 43 Seine,
2445 2855 163 42 stopped
2632 2855 90 42 long
2745 2854 155 43 enough

1539 2917 37 31 to
1602 2913 80 42 pity
1706 2913 98 35 their
1830 2913 207 35 miserable
2062 2912 209 42 existence,
2295 2917 38 30 to
2361 2912 78 36 feel
2464 2912 91 35 with
2580 2913 105 34 them
2709 2912 65 36 the
2801 2912 99 36 frost

1542 2972 74 34 and
1648 2971 83 35 rain
1762 2971 114 35 while
1906 2972 91 41 they
2028 2980 101 26 were
2161 2970 183 43 standing
2375 2970 39 34 in
2448 2971 103 34 front
2582 2970 44 35 of
2655 2970 101 36 their
2787 2970 113 36 stalls

1541 3030 171 42 exposed
1747 3033 38 31 to
1820 3029 74 35 bad
1930 3029 169 35 weather
2147 3038 48 26 on
2244 3029 65 34 the
2356 3028 158 36 lookout
2563 3029 61 35 for
2671 3032 230 40 customers,

1542 3088 221 42 examining
1795 3088 74 35 and
1900 3087 144 43 buying
2074 3086 135 44 books,
2239 3087 68 34 but
2338 3087 91 42 only
2460 3086 150 36 seldom
2641 3085 141 44 selling
2813 3095 87 34 any.

1541 3146 85 36 And
1663 3157 44 24 so
1744 3147 48 34 he
1829 3146 158 36 became
2022 3145 99 35 their
2157 3145 99 42 good
2293 3148 137 39 patron
2466 3144 74 35 and
2577 3144 99 36 their
2712 3144 189 43 guardian

1541 3205 113 42 angel
1679 3205 90 42 they
1796 3215 66 24 see
1888 3204 38 35 in
1952 3204 79 34 him
2056 3203 128 43 today.

1592 3264 58 34 No
1687 3272 73 26 one
1796 3272 141 33 among
1972 3264 254 41 present-day
2262 3264 238 35 Frenchmen
2535 3274 129 26 seems
2699 3269 39 31 to
2773 3274 49 26 us
2857 3275 45 26 so

1542 3321 121 44 really
1695 3322 146 35 French
1874 3332 43 24 as
1948 3321 166 36 Anatole
2145 3322 165 44 France;
2344 3323 48 33 he
2423 3331 129 27 seems
2584 3326 39 32 to
2654 3322 177 36 combine
2862 3322 38 36 in

1540 3380 161 35 himself
1725 3380 64 35 the
1816 3380 121 35 entire
1963 3380 181 35 tradition
2170 3380 43 34 of
2239 3380 147 35 French
2413 3380 259 42 story-tellers
2699 3380 85 35 who
2812 3390 90 27 ever

1540 3438 100 35 lived
1661 3438 37 34 in
1719 3438 157 43 France,
1896 3438 44 34 of
1957 3438 113 36 those
2090 3438 43 34 of
2153 3439 64 34 the
2236 3438 147 34 Middle
2403 3438 124 43 Ages;
2554 3438 99 34 from
2674 3438 228 43 Montaigne

1539 3500 37 32 to
1596 3497 191 43 Voltaire;
1811 3497 73 35 and
1904 3507 57 25 we
1981 3497 48 34 do
2049 3502 65 29 not
2131 3496 110 35 think
2259 3497 27 34 it
2305 3500 157 38 strange
2481 3497 82 34 that
2579 3502 52 30 lie
2647 3497 255 43 audaciously

1540 3556 165 41 adopted
1727 3556 64 34 the
1812 3564 113 26 name
1947 3555 43 35 of
2010 3554 60 35 his
2093 3558 161 39 country
2276 3554 151 35 instead
2450 3554 42 35 of
2513 3554 65 35 the
2601 3565 73 26 one
2695 3554 61 35 his
2774 3554 129 36 father

1540 3615 75 34 had
1637 3614 71 34 left
1729 3614 89 35 him.
1867 3614 75 34 But
1964 3613 145 35 France
2130 3613 74 34 had
2227 3613 83 34 also
2331 3613 100 35 been
2451 3613 64 35 the
2537 3613 83 35 first
2641 3622 113 26 name
2776 3613 43 35 of
2839 3613 61 35 his

1541 3671 140 44 father,
1712 3672 42 34 of
1782 3672 65 35 the
1877 3671 150 35 modest
2058 3671 235 35 bookdealer
2323 3671 146 35 France
2498 3671 178 36 Thibaut.
2735 3671 167 38 For.the

1540 3731 113 34 small
1681 3730 139 43 people
1847 3730 43 35 of
1914 3731 64 34 the
2006 3734 117 31 street
2150 3730 128 35 where
2304 3730 50 34 he
2379 3728 154 37 resided
2559 3730 77 43 the,
2662 3728 110 35 Allee
2798 3728 104 36 Villa

1539 3789 104 44 Said,
1665 3790 49 34 he
1736 3789 33 35 is
1794 3793 64 31 not
1881 3789 156 35 France.
2087 3788 79 34 The
2191 3787 113 35 small
2328 3798 87 24 men
2440 3787 43 35 of
2504 3787 82 35 that
2610 3786 291 43 neighborhood

1539 3848 124 35 called
1694 3848 78 34 him

2714 523 94 41 Vol.
2840 523 58 42 11l

113 513 79 40 No.
226 514 46 39 18

1178 509 262 41 OCTOBER
1481 512 93 39 18th
1606 511 226 43 MCMXVI
