3495 4447
1781 267 0 0 203

170 359 321 61 bewegungen
533 357 332 55 unterworfen,
901 373 50 32 so
980 357 113 47 wird
1136 374 103 32 man
1270 359 91 46 sich
1393 358 156 47 dessen
1581 358 118 49 beim

170 433 227 52 Anblicke
442 435 123 47 eines
606 433 184 48 solchen
834 434 150 48 Bildes
1026 435 217 47 vielmehr
1285 435 231 56 schämen,
1559 439 141 46 worin

166 510 142 50 schon
339 510 99 46 eine
468 510 157 47 innere
650 509 329 66 Abscheidung
1004 510 89 48 und
1117 511 383 64 Zurückziehung
1531 511 77 49 des
1633 514 45 46 In-

169 586 256 51 dividuums
456 588 43 47 in
528 586 93 49 sein
653 586 204 50 besseres
886 588 151 48 Selbst
1067 590 128 64 liegt;
1227 589 207 48 dasselbe
1465 589 111 47 wird
1609 590 69 48 hie-

170 663 142 50 durch
344 664 223 48 vielleicht
595 680 138 46 sogar
763 665 235 64 gebessert
1027 665 200 48 werden.
1274 666 133 47 Mehr
1437 666 115 49 noch
1586 666 117 49 kann

171 743 99 48 eine
300 739 322 49 theatralische
651 743 297 63 Darstellung
988 743 40 47 in
1059 743 177 47 solcher
1267 744 85 46 Art
1390 744 200 54 wirken;
1629 744 74 48 £in

171 819 99 48 hier
298 825 303 57 naturgetreu
630 820 362 64 nachgeahmter
1017 820 255 48 Charakter
1299 821 118 47 kann
1449 821 85 47 den
1566 821 115 64 allge-

173 895 219 48 meinsten
423 895 217 48 Abscheu
673 913 207 48 erregen.
912 896 163 49 Solche
1101 898 184 48 Dienste
1318 898 119 48 kann
1462 898 71 48 die
1557 898 150 49 Musik

174 971 81 50 der
284 971 148 48 Moral
462 974 125 47 nicht
616 974 174 56 leisten,
828 990 133 32 wenn
999 975 63 47 sie
1100 974 123 48 nicht
1251 975 91 47 sich
1373 975 137 48 selbst
1542 984 163 39 untreu

173 1047 186 51 werden
391 1050 117 56 will;
556 1050 64 47 sie
650 1050 121 49 kann
814 1051 93 48 und
943 1051 106 48 darf
1081 1052 124 47 nicht
1234 1051 285 57 abstossend,
1549 1058 127 59 empö-

174 1125 133 57 rend,
338 1125 306 51 beschämend
675 1129 190 48 wirken.
894 1130 96 48 Das
1022 1129 238 54 Gemeine,
1284 1130 250 56 Hässliche,
1558 1131 150 56 Rohe,

175 1201 234 66 Widrige,
438 1204 215 48 Abscheu
684 1205 256 65 erregende
969 1206 109 64 liegt
1107 1221 155 32 ausser
1291 1206 124 47 ihrer
1437 1207 193 64 Sphäre,
1660 1224 48 32 so

176 1281 107 48 weit
325 1281 62 48 sie
429 1282 232 49 wahrhaft
701 1284 62 47 sie
800 1282 150 50 selber
978 1284 77 54 ist;
1098 1284 87 47 wie
1214 1282 127 49 liesse
1370 1284 93 48 sich
1493 1303 31 29 z.
1558 1285 50 47 B.
1639 1286 69 46 ein

176 1359 284 48 musicalisch
484 1359 317 64 dargestellter
828 1361 179 47 Franz
1031 1361 163 47 Moor
1223 1360 209 49 denken?
1463 1362 94 47 Das
1581 1361 128 56 aber,

175 1451 95 32 was
298 1435 73 48 die
401 1436 151 48 Musik
590 1436 64 48 als
683 1437 154 49 solche
874 1454 52 32 zu
965 1437 263 66 empfinden
1258 1437 115 65 gibt,
1413 1437 80 50 das
1521 1440 190 65 spiegelt

173 1512 92 48 sich
296 1512 125 50 nicht
449 1530 88 32 nur
565 1513 44 49 in
640 1513 147 50 einem
816 1515 130 49 Bilde
976 1515 93 48 und
1095 1515 303 57 Gleichnisse;
1430 1533 44 31 es
1505 1517 56 47 ist
1590 1517 121 49 nicht

176 1606 89 33 nur
293 1588 83 50 der
404 1606 49 32 so
484 1600 231 54 genannte
1185 1607 45 33 es
1261 1592 55 48 ist
1349 1591 80 49 der
1467 1593 243 65 lebendige

175 1667 314 50 Ausbauch
519 1667 178 59 dessen,
728 1685 95 33 was
851 1670 63 48 sie
942 1668 248 58 offenbart,
1219 1670 62 48 sie
1312 1670 129 48 theilt
1468 1672 94 47 sein
1594 1671 77 48 We-

173 1760 97 39 sen,
298 1746 125 48 seine
451 1746 133 48 Seele
613 1747 98 57 mit,
753 1747 159 50 erfüllt
950 1764 85 31 uns
1072 1747 158 57 damit,
1275 1747 154 48 macht
1458 1764 81 33 uns
1570 1747 141 50 damit

173 1822 255 66 persönlich
453 1823 125 49 Eins.
608 1823 104 50 Und
745 1825 143 48 davor
914 1825 56 47 ist
999 1825 131 49 keine
1159 1826 224 63 Rettung,
1413 1825 145 49 davon
1591 1826 118 48 kann

171 1916 108 33 man
302 1900 94 49 sich
421 1901 125 48 nicht
567 1901 380 58 abscheiden;im
966 1902 329 50 Unterschiede
1318 1902 91 48 und
1430 1902 280 66 Gegensatze

171 1976 115 51 dazu
310 1977 123 51 kann
457 1995 107 32 man
587 1978 94 50 sich
705 1980 124 48 nicht
858 1978 160 50 fühlen
1049 1978 93 51 und
1173 1980 179 57 wissen,
1383 1980 81 48 auf
1488 1981 121 48 diese
1632 1999 52 31 ex-

171 2056 167 48 clusive
363 2056 208 65 Haltung
595 2057 92 48 sich
712 2057 148 48 nichts
881 2074 52 31 zu
961 2057 118 50 Gute
1102 2057 131 55 thun,
1265 2057 111 48 oder
1406 2074 84 48 gar
1519 2058 81 49 auf
1623 2060 64 47 sol-

171 2133 131 49 chem
333 2133 153 64 Wege
510 2136 242 47 moralisch
778 2135 237 64 gebessert
1037 2136 91 47 und
1150 2135 200 48 veredelt
1368 2136 198 48 werden.
1597 2137 113 47 Hier

170 2211 56 48 ist
247 2211 126 48 Alles
399 2212 174 63 positiv,
604 2212 115 53 real,
748 2212 287 56 substantiel,
1064 2212 311 56 überflutend,
1406 2213 227 50 erobernd
1666 2218 41 44 in

171 2287 179 48 Cäsar's
373 2288 205 64 genialer
598 2289 196 53 Manier,
824 2291 80 45 mit
935 2289 454 49 unwiderstehlicher
1415 2291 179 48 Gewalt
1617 2292 69 47 ein-

170 2364 231 49 nehmend
442 2366 91 47 und
574 2364 367 58 beherrschend;
985 2366 117 48 denn
1148 2382 46 32 es
1236 2367 54 47 ist
1331 2367 71 48 die
1445 2368 264 65 leibhaftige

173 2442 252 49 Wahrheit
447 2443 91 47 und
566 2443 207 50 Gottheit
796 2444 158 56 selbst,
983 2444 71 49 die
1083 2444 57 49 da
1169 2444 98 49 ihre
1296 2446 131 48 Rolle
1456 2447 130 65 spielt
1617 2447 88 47 und

171 2519 144 49 wider
347 2521 171 48 welche
548 2522 84 47 wir
672 2522 148 48 wehr-
866 2522 90 48 und
1002 2523 221 48 machtlos
1260 2523 113 48 sind.
1429 2524 61 47 Es
1534 2524 175 49 kommt

171 2597 121 48 wohl
322 2613 97 41 vor,
462 2597 103 48 dass
594 2598 71 48 die
696 2599 125 47 einer
852 2599 312 65 Compositien
1195 2617 53 31 zu
1281 2599 188 50 Grunde
1501 2602 207 63 liegende

173 2676 232 66 Dichtung
438 2676 166 48 darauf
628 2678 214 64 ausgeht,
872 2678 130 48 einen
1034 2678 302 48 moralischen
1366 2679 217 49 Abscheu
1615 2679 90 49 und

170 2752 204 49 dadurch
420 2754 292 65 Entfernung
753 2772 100 32 vom
899 2757 178 56 Laster,
1121 2756 296 66 Bekehrung,
1460 2758 247 56 Moralität,

171 2830 314 50 Gottesfurcht
522 2850 53 30 zu
621 2832 250 49 bewirken.
927 2833 129 50 Aber
1086 2833 57 50 da
1181 2834 131 65 spielt
1350 2834 70 49 ihr
1449 2836 70 48 ein
1552 2836 153 48 echter

171 2907 267 66 Gomponist
468 2909 130 48 einen
630 2909 142 50 bösen
802 2910 195 50 Streich.
1035 2912 115 47 Zum
1183 2910 220 67 Beispiele
1435 2910 123 50 dient
1587 2913 117 48 Don

165 2987 159 48 Juan.
358 2987 156 49 Wenn
540 2988 81 48 der
645 2988 155 49 frivole
824 2989 118 48 Held
968 2988 77 49 des
1068 2989 194 48 Stückes
1291 2989 101 50 eine
1412 2990 112 49 allzu
1549 3007 156 48 grosse

169 3065 271 49 moralische
471 3065 288 65 Indignation
791 3076 199 55 erregte,
1020 3083 48 33 so
1101 3067 123 48 hätte
1252 3067 72 49 die
1347 3068 130 65 Oper
1505 3069 123 48 nicht
1655 3086 49 31 so

166 3158 159 48 grosse
353 3143 353 51 ästhetische
731 3144 237 66 Wirkung
998 3145 132 56 thun,
1153 3145 122 49 nicht
1296 3162 50 32 so
1368 3147 218 48 anziehen
1611 3145 92 50 und

167 3220 249 49 entzücken
449 3222 196 49 können.
679 3222 118 49 Was
820 3223 175 48 Mozart
1025 3222 151 49 diesen
1206 3224 225 64 gottlosen
1460 3224 243 48 Menschen

166 3298 158 66 singen
368 3299 121 59 lässt,
533 3302 54 47 ist
631 3302 108 48 alles
781 3302 270 48 Mozartisch
1081 3300 139 50 schön
1266 3300 90 50 und
1385 3302 205 57 reizend;
1630 3303 70 48 ich

167 3375 130 49 weiss
326 3377 141 57 nicht,
498 3394 94 33 was
621 3378 122 49 diese
767 3379 128 48 Töne
918 3379 110 65 jetzt
1056 3378 115 49 noch
1202 3380 75 46 für
1307 3379 128 48 einen
1467 3378 235 49 Eindruck

165 3454 211 57 machen,
414 3455 113 50 aber
566 3457 88 49 wie
693 3473 115 50 sang
851 3457 113 49 oder
999 3464 201 42 summte
1230 3473 105 32 man
1366 3457 186 49 vordem
1583 3476 36 30 z.
1650 3458 50 48 B.

166 3530 80 50 das
278 3533 418 66 Champagnerlied
728 3535 140 49 nach!
899 3535 95 49 Der
1025 3535 185 49 Frevler
1238 3535 128 49 stiess
1396 3535 121 49 nicht
1547 3535 76 55 ab,
1652 3552 50 32 er

167 3610 152 65 gefiel,
362 3629 51 32 er
442 3629 99 32 war
569 3614 71 48 ein
668 3613 212 66 Liebling
909 3613 80 49 des
1017 3613 282 57 Publicums,
1340 3613 91 49 und
1460 3631 132 33 wenn
1623 3614 77 48 ihn

166 3686 71 50 die
260 3689 160 50 Teufel
451 3690 43 49 in
524 3690 73 49 die
622 3692 135 48 Hölle
785 3692 282 64 schleppten,
1096 3707 49 33 so
1175 3692 81 48 sah
1289 3708 104 32 man
1423 3692 101 49 dem
1557 3708 115 48 unge-

169 3766 103 49 fähr
308 3769 88 48 wie
438 3768 81 49 der
559 3770 260 64 tragischen
848 3769 277 66 Niederlage
1155 3770 122 49 eines
1308 3770 392 66 prometheischen

166 3844 151 49 Heros
347 3845 91 50 und
470 3846 194 49 Titanen
694 3864 68 32 zu.

283 3923 107 49 Nun
420 3939 123 33 muss
584 3924 69 48 ich
692 3924 118 49 mich
853 3924 113 49 aber
997 3924 115 49 auch
1154 3942 149 49 gegen
1335 3926 153 49 Herrn
1517 3925 146 48 Hans-

167 4000 108 50 lick
315 4001 208 50 wenden.

280 4079 139 49 Nicht
448 4079 80 49 das
559 4079 190 57 Gefühl,
780 4094 49 33 so
860 4079 254 66 behauptet
1143 4079 227 61 derselbe,
1399 4080 196 50 sondern
1628 4079 72 51 die

170 4154 244 53 Phantasie
435 4158 61 49 sei
523 4158 79 48 das
627 4158 179 66 Organ,
838 4158 156 48 womit
1023 4156 82 51 das
1133 4158 181 52 Schöne
1343 4159 356 66 aufgenommen

1798 358 172 56 werde,
2001 376 126 30 wozu
2160 360 62 47 als
2246 362 229 45 Autorität
2504 362 79 47 der
2607 365 287 47 Aesthetiker
2927 364 93 48 Vis
3039 364 131 48 eher
3198 367 116 49 citirt

1801 437 127 47 wird.
1959 438 96 46 Aus
2085 435 79 49 der
2197 435 241 50 Phantasie
2467 437 78 48 des
2574 439 238 50 Künstlers
2842 443 218 63 entsteige
3091 440 80 50 das
3195 444 92 47 Ton-

1799 513 127 47 stück
1959 513 77 45 für
2065 513 71 47 die
2166 513 240 48 Phantasie
2438 514 76 47 des
2546 515 187 50 Hörers.
2793 519 90 47 Das
2921 519 59 47 sei
3021 518 71 48 die
3130 519 191 65 richtige

1801 590 146 57 Mitte,
1978 589 72 47 die
2078 590 220 47 zwischen
2329 591 108 47 zwei
2471 591 196 49 falschen
2701 594 263 58 Extremen,
2994 597 100 45 dem
3121 597 201 49 Gefühle

1802 665 91 48 und
1919 666 100 47 dem
2039 666 268 56 Verstände,
2333 669 112 62 läge.
2479 706 16 18 „
2508 669 392 49 Ausschliessliche
2916 673 305 65 Bethätigung
3246 674 76 48 des

1803 743 276 48 Verstandes
2121 745 141 47 durch
2306 745 78 47 das
2413 745 180 48 Schöne
2639 749 171 46 verhält
2851 749 91 47 sich
2987 750 184 62 logisch,
3217 760 106 40 statt

1803 820 267 55 ästhetisch;
2119 821 99 47 eine
2259 821 386 49 vorherrschende
2678 824 234 63 Wirkung
2942 825 79 47 auf
3047 825 76 48 das
3153 828 169 48 Gefühl

1804 896 53 47 ist
1878 898 116 47 noch
2022 896 336 57 bedenklicher,
2389 899 193 48 nämlich
2613 900 224 64 geradezu

1924 975 57 46 Es
2013 975 110 47 wird
2151 976 108 47 aber
2283 975 102 48 dem
2412 976 265 59 Umstände,
2707 976 101 50 dass
2837 978 71 48 die
2939 978 147 48 Musik
3116 981 186 61 patholo-

1806 1051 123 64 gisch
1961 1051 151 56 wirkt,
2156 1054 113 47 doch
2315 1055 41 46 in
2396 1054 82 49 der
2509 1055 118 48 That
2671 1055 122 48 nicht
2831 1058 343 47 auszuweichen
3217 1059 110 48 sein.

1810 1127 115 47 Was
1951 1129 81 47 wir
2056 1129 141 48 durch
2221 1130 62 48 sie
2307 1131 228 54 erfahren,
2565 1148 131 31 wenn
2729 1132 81 49 wir
2842 1149 80 32 uns
2951 1134 121 47 nicht
3101 1134 226 65 geradezu

1807 1221 146 47 gegen
1985 1206 62 47 sie
2076 1207 316 47 verschliessen
2433 1209 89 47 und
2565 1209 255 54 verhärten,
2869 1210 51 47 ist
2949 1211 161 47 immer
3139 1212 70 47 ein
3241 1214 57 47 Pa-

1810 1282 115 55 thos,
1957 1282 79 49 das
2061 1284 212 48 Erleiden
2298 1285 125 47 einer
2455 1301 80 32 uns
2558 1285 121 48 nicht
2702 1303 85 31 nur
2810 1286 143 48 durch
2979 1287 353 66 Vorstellungen

1810 1360 90 47 und
1934 1360 391 49 Phantasiebilder
2366 1361 376 59 bestimmenden,
2780 1362 195 50 sondern
3007 1365 252 48 wesenbaft
3287 1367 45 47 in

1811 1454 81 32 uns
1935 1439 338 64 eingreifenden
2312 1441 157 47 Macht
2512 1441 89 47 und
2634 1441 193 57 Gewalt,
2869 1442 99 47 eine
2998 1441 332 69 Veränderung

1811 1530 185 33 unseres
2043 1516 366 64 gewöhnlichen,
2455 1517 235 49 normalen
2740 1519 251 48 Zustandes
3039 1519 142 48 durch
3232 1522 100 47 eine

1808 1591 167 51 solche.
2031 1593 60 47 So
2130 1593 134 65 ruhig
2305 1595 91 48 und
2428 1595 197 48 stofflich
2658 1595 273 57 unberührt,
2973 1596 85 48 wie
3087 1613 131 31 wenn
3248 1599 84 47 wir

1810 1670 97 48 eine
1930 1670 160 48 Statue
2126 1671 110 48 oder
2265 1672 70 47 ein
2368 1672 219 48 Gemälde
2617 1672 287 57 betrachten,
2935 1672 185 50 werden
3144 1675 83 47 wir
3250 1691 82 32 uns

1810 1747 96 48 hier
1935 1748 123 49 nicht
2088 1750 230 48 verhalten
2349 1750 196 49 können.
2596 1751 85 48 Ein
2713 1767 81 37 uns
2824 1751 508 65 gegenüberstehendes

1811 1826 294 56 Kunstwerk,
2144 1827 85 47 wie
2258 1826 71 49 die
2358 1837 276 56 genannten,
2671 1828 143 50 bleibt
2843 1845 83 32 uns
2955 1830 163 48 immer
3156 1834 150 45 äusser-

1808 1903 104 56 lich,
1937 1903 162 49 immer
2123 1903 162 56 fremd,
2315 1906 273 65 wenigstens
2617 1906 103 48 dem
2744 1907 144 47 Stoffe
2916 1906 133 58 nach,
3080 1907 152 65 dringt
3260 1908 74 49 nie

1808 1994 49 34 so
1887 1981 248 48 realistisch
2166 1981 318 67 übermächtig
2514 1983 92 49 und
2636 1982 365 66 überwältigend
3029 1985 43 47 in
3104 2001 134 32 unser
3260 1986 48 47 In-

1810 2074 130 31 neres
1964 2057 84 48 ein.
2080 2058 86 49 Die
2189 2058 149 49 Musik
2368 2058 207 66 dagegen
2608 2060 141 49 bleibt
2773 2060 124 48 nicht
2925 2076 155 33 ausser
3109 2077 98 38 uns,
3240 2061 87 48 und

1811 2136 81 47 wir
1915 2136 203 48 erhalten
2146 2152 98 38 uns,
2272 2137 63 47 sie
2365 2138 283 64 geniessend,
2678 2137 123 50 nicht
2823 2138 41 47 in
2890 2155 207 30 unserem
3127 2140 182 48 Fürsich-

1807 2215 119 53 sein;
1957 2215 61 47 sie
2048 2215 52 47 ist
2131 2213 316 50 dämonischer
2478 2218 83 46 Art
2591 2216 90 47 und
2714 2216 152 65 bringt
2895 2217 99 47 eine
3025 2218 84 46 Art
3138 2234 83 31 von
3246 2218 56 47 Be-

1807 2291 249 47 sessenheit
2085 2291 180 57 hervor,
2293 2291 150 49 indem
2476 2292 63 48 sie
2566 2292 92 48 sich
2688 2293 216 64 gewisser
2928 2293 206 49 Maassen
3166 2311 49 31 zu
3248 2311 55 31 un-

1807 2385 124 31 serer
1962 2369 131 47 Seele
2123 2369 153 47 macht
2315 2369 91 49 und
2445 2387 162 32 unsere
2646 2372 159 64 eigene
2834 2371 244 63 verdrängt
3110 2373 89 46 und
3231 2387 76 33 aus-

1807 2446 202 57 streicht,
2057 2462 75 32 um
2177 2462 55 32 an
2276 2447 123 47 ihrer
2429 2447 137 49 Stelle
2607 2466 51 29 zu
2700 2448 212 47 existiren
2953 2447 90 48 und
3072 2465 52 30 zu
3154 2448 180 50 walten.

1808 2524 130 47 Auch
1972 2524 80 47 mit
2074 2522 101 49 dem
2203 2524 211 49 Rausche
2439 2526 119 48 kann
2584 2542 103 32 man
2713 2526 69 48 die
2809 2524 293 65 Wirkungen
3128 2524 81 50 der
3232 2527 68 47 Mu-

1806 2601 65 47 sik
1902 2602 310 63 vergleichen;
2244 2602 81 47 wir
2345 2602 180 48 trinken
2550 2602 199 49 dieselbe
2772 2603 84 48 wie
2881 2602 140 49 Wein
3052 2602 89 48 und
3171 2604 61 47 sie
3261 2620 47 31 er-

1808 2679 103 47 füllt
1942 2679 89 47 und
2064 2678 245 50 berauscht
2338 2697 82 31 uns
2450 2681 287 58 substantiel;
2766 2681 85 48 wie
2873 2681 81 48 der
2974 2681 123 48 Geist
3120 2682 89 47 und
3234 2682 100 49 Saft

1806 2758 122 47 eines
1964 2758 182 47 solchen
2178 2758 267 48 Getränkes.
2500 2759 93 49 Das
2622 2761 80 47 soll
2733 2776 90 32 nun
2865 2758 187 55 freilich,
3096 2759 84 49 wie
3210 2759 122 49 Herr

1807 2834 216 47 Hanslick
2053 2834 108 55 will,
2191 2836 107 47 alles
2323 2852 83 47 gar
2429 2836 122 48 nicht
2573 2838 112 55 sein,
2711 2836 196 48 sondern
2931 2834 79 50 das
3033 2852 129 48 pure,
3190 2836 138 49 kühle

1806 2912 287 65 Gegentheil.
2125 2913 93 47 Der
2243 2913 184 48 Mensch
2451 2914 80 47 soll
2550 2931 145 48 gegen
2719 2914 98 47 eine
2840 2913 152 48 solche
3008 2913 322 65 Naturgewalt

1802 2990 124 47 seine
1956 2990 232 49 erhabene
2220 2990 214 58 Freiheit,
2466 2993 151 60 Ruhe,
2648 2992 279 63 Besinnung,
2950 2990 226 59 Klarheit,
3200 2992 103 48 Sich-

1802 3067 386 66 selbstgleichheit
2218 3067 265 50 bewahren.
2536 3069 135 48 Wird
2702 3069 79 48 das
2812 3069 80 48 mit
2918 3077 210 56 strenger
3158 3068 141 51 Conse-

1802 3162 143 49 quenz
1975 3145 357 65 durchgeführt,
2372 3163 50 32 so
2452 3148 181 48 möchte
2673 3148 43 48 in
2756 3147 81 49 der
2865 3147 122 48 That
3024 3147 142 48 nichts
3196 3148 134 63 übrig

1803 3223 198 56 bleiben,
2025 3224 64 48 als
2105 3224 107 65 jene
2236 3224 135 57 kalte,
2394 3224 459 65 verstandesmässige
2876 3224 350 65 Beschäftigung
3248 3225 80 49 mit

1802 3299 103 50 dem
1938 3302 302 63 Tongebilde,
2283 3300 71 50 die
2384 3303 124 48 Herr
2539 3303 217 48 Hanslick
2786 3302 116 48 doch
2931 3302 123 48 nicht
3080 3318 52 31 zu
3162 3302 163 49 wollen

1801 3379 185 55 erklärt,
2017 3379 100 48 weil
2146 3379 64 50 sie
2240 3379 189 66 logisch,
2470 3380 124 50 nicht
2621 3380 240 50 ästhetisch
2892 3380 77 56 sei,
3014 3379 69 50 die
3113 3379 110 48 aber
3252 3397 71 33 am

1799 3457 132 48 Ende
1977 3457 208 48 dennoch
2229 3459 122 48 seine
2391 3474 139 50 sogar
2572 3458 345 51 ausdrückliche
2949 3457 269 66 Forderung
3256 3459 69 48 ist.

1801 3535 66 47 Er
1893 3534 176 48 schiebt
2098 3534 63 50 als
2192 3535 173 49 Drittes
2394 3535 71 49 die
2494 3535 245 50 Phantasie
2780 3537 96 54 ein;
2926 3552 51 32 er
3019 3534 158 48 scheut
3215 3535 111 57 sieb,

1801 3628 81 33 aus
1910 3612 81 49 der
2020 3613 148 48 Musik
2198 3629 50 32 so
2277 3612 225 66 geradezu
2531 3631 89 31 nur
2648 3614 99 48 eine
2775 3613 142 57 reine,
2954 3612 227 49 abstracte
3213 3613 84 48 Ver-

1799 3690 322 50 standessache
2150 3708 51 32 zu
2232 3692 210 55 machen,
2474 3692 90 49 und
2594 3692 132 49 sucht
2753 3690 145 50 durch
2927 3690 395 65 Versicherungen

1801 3768 78 49 des
1909 3768 292 66 Gegentheils
2230 3787 52 30 zu
2311 3769 217 50 täuschen
2560 3769 92 50 und
2682 3787 52 32 zu
2766 3769 268 65 beruhigen.
3063 3768 127 49 Aber
3219 3784 102 33 man

1799 3846 108 50 sehe
1937 3864 102 40 nur,
2070 3848 85 48 wie
2185 3864 50 32 er
2263 3848 93 48 sich
2385 3848 46 49 S.
2457 3848 31 49 5
2514 3848 92 49 und
2635 3849 44 48 S.
2707 3848 70 49 89
2809 3848 188 49 erklärt!
3036 3846 113 58 „Die
3172 3846 120 49 Phan-

1799 3925 112 48 tasie
1940 3925 55 48 ist
2023 3924 103 49 dem
2155 3925 212 48 Schönen
2412 3925 269 66 gegenüber
2721 3925 72 50 ein
2822 3925 208 50 Schauen
3073 3924 79 47 mit
3181 3923 139 48 Ver-

2089 4004 25 48 i.
2146 4003 333 50 Vorstellen
2507 4003 94 50 und
2622 4004 138 51 Urth
3050 4000 99 57 „die
3172 4001 148 49 Musik

1801 4098 122 33 muss
1971 4083 72 48 ein
2090 4081 212 68 geistiges
2343 4083 303 66 Nachfolgen,
2696 4084 69 47 ein
2814 4078 384 52 Nachdenken
3242 4079 79 49 der

1799 4159 245 51 Phantasie
2067 4159 300 51 hervorrufen
2392 4159 92 49 und
2751 4159 106 48 Man
2881 4160 167 54 müsse,
3073 4156 249 66 behauptet

3028 4234 61 66 [1
