2738 3967
1344 3617 123 82 242

259 3641 57 33 LA
350 3634 127 43 CITÉ.

2197 3663 132 37 MARS
2368 3655 132 45 1923.

480 748 381 88 Programme
901 757 79 66 du
1023 754 346 74 Concours
1409 787 155 56 pour
1603 762 55 66 la
1699 759 452 77 Construction
2194 767 138 69 d'un

256 879 582 91 INSTITUT
952 886 788 92 PROVINCIAL
1857 884 701 104 D'HYGIÈNE

1158 1021 53 61 A
1282 1021 376 69 ANVERS

422 1232 65 41 La
517 1232 251 52 Députation
798 1235 268 45 Permanente
1096 1239 49 43 de
1176 1240 38 42 la
1244 1244 187 48 province
1463 1242 203 46 d'Anvers
1699 1260 132 33 ouvre,
1867 1246 33 43 le
1939 1246 64 45 ler
2033 1249 99 43 avril
2171 1248 130 50 1923,
2333 1259 107 36 entre

361 1293 53 41 les
444 1294 230 44 architectes
706 1296 146 52 belges,
884 1298 220 45 domicilies
1132 1300 139 52 depuis
1298 1302 89 53 plus
1416 1304 97 44 dun
1544 1322 49 26 an
1623 1305 101 45 dans
1755 1307 35 43 le
1816 1320 101 40 pays
1946 1311 23 41 à
2001 1308 38 45 la
2069 1308 94 46 date
2192 1310 162 50 susdite,
2386 1327 54 27 un

360 1371 191 28 concours
575 1370 101 37 pour
701 1357 35 43 le
760 1359 131 50 projet
915 1360 98 43 dun
1036 1361 158 44 Institut
1221 1363 26 42 d
1265 1363 206 53 Hygiène,
1500 1369 23 40 à
1551 1369 214 42 construire
1789 1385 65 28 sur
1880 1388 50 26 un
1960 1372 140 42 terrain
2126 1371 99 45 situé
2253 1381 107 36 entre
2386 1373 54 42 les

357 1434 88 25 rues
471 1417 237 49 Nationale,
738 1419 270 54 Kronenburg
1036 1431 36 34 et
1101 1423 269 51 Saint-Roch,
1402 1430 24 40 à
1454 1427 172 45 Anvers.

421 1496 60 44 Le
510 1500 142 41 terrain
681 1517 24 24 a
735 1517 73 26 une
836 1503 211 49 superficie
1076 1503 204 45 d'environ
1310 1505 140 49 9,500
1480 1510 161 42 mètresc
1674 1513 150 47 carrés;
1855 1512 25 42 il
1911 1521 53 34 est
1993 1513 162 51 indiqué
2185 1531 64 26 sur
2279 1515 33 43 le
2341 1513 95 54 plan

357 1574 76 34 que
465 1559 53 43 les
549 1561 202 43 intéressés
779 1572 170 42 peuvent
981 1581 40 25 se
1052 1578 188 38 procurer
1271 1584 52 26 an
1358 1567 147 44 bureau
1538 1578 45 34 n°
1626 1570 54 43 16
1712 1570 52 44 de
1797 1571 24 43 F
1825 1572 335 46 Administration
2194 1578 242 48 provinciale

366 1618 27 42 d
410 1620 160 44 Anvers
605 1639 45 26 en
686 1626 126 40 même
846 1630 123 47 temps
1003 1643 76 33 que
1113 1627 33 43 le
1179 1640 252 39 programme
1467 1648 74 34 que
1577 1649 100 27 nous
1710 1633 277 52 reproduisons
2023 1635 231 45 ci-dessous.

409 1755 60 43 I.
499 1755 31 43 —
560 1755 151 43 OBJET
744 1760 72 36 DU
850 1760 282 38 CONCOURS

235 1818 87 36 Art.
360 1819 28 35 1.
415 1821 134 35 —La
575 1821 246 44 Députation
848 1835 262 32 permanente
1137 1827 47 35 de
1210 1827 36 36 la
1272 1843 67 29 pro-

178 1882 113 35 vince
323 1881 198 37 d'Anvers
552 1899 135 26 ouvre,
720 1885 34 36 le
795 1886 7 35 ler1
815 1892 35 18 er
880 1888 97 36 avril
1017 1889 114 41 1923,
1165 1900 110 27 entre
1306 1891 55 36 les

177 1944 239 37 architectes
450 1946 146 44 belges,
632 1948 219 37 domiciliés
885 1950 142 45 depuis
1059 1953 88 43 plus
1182 1954 94 36 d'un
1310 1969 51 21 an

179 2006 98 36 dans
308 2007 36 37 le
374 2023 97 29 pays
503 2013 23 31 à
556 2010 37 36 la
625 2011 90 36 date
748 2013 160 41 susdite,
943 2030 53 20 un
1029 2028 197 24 concours
1258 2032 103 29 pour

175 2069 35 35 le
240 2074 132 41 projet
404 2072 20 34 d
445 2088 52 20 un
529 2074 156 36 Institut
717 2075 22 36 d
758 2075 194 44 Hygiène,
986 2082 21 30 à
1039 2082 222 33 construire
1292 2096 68 20 sur

175 2148 53 20 un
263 2136 151 34 terrain
448 2138 100 34 situé
582 2145 91 28 ente
704 2139 57 36 les
796 2154 89 21 rues
917 2140 222 42 Nationale,
1174 2141 157 39 Kronen-

174 2195 105 45 burg
309 2206 37 26 et
377 2197 185 43 St-Roch,
595 2204 22 31 à
646 2201 170 36 Anvers.

230 2259 53 36 Le
311 2262 149 34 terrain
487 2276 23 22 a
539 2277 76 22 une
643 2264 214 44 superficie
884 2266 209 38 d'environ
1123 2268 124 38 9.500
1276 2284 39 21 m
1349 2284 9 28 2;

173 2321 25 38 il
225 2332 56 25 est
306 2323 163 45 indiqué
495 2340 67 21 sur
586 2327 34 35 le
647 2327 92 42 plan
766 2342 77 29 que
868 2329 54 35 les
948 2332 210 34 intéressés
1184 2343 173 33 peuvent

173 2399 41 20 se
249 2400 197 29 procurer
479 2402 51 21 au
563 2387 154 38 bureau
753 2396 44 31 n°
841 2392 44 35 16
922 2392 48 36 de
1007 2394 349 38 l'administration

171 2449 246 42 provinciale
446 2450 210 38 d'Anvers.

288 2524 94 45 II.
413 2524 31 45 —
475 2524 312 45 CONDITIONS
829 2531 72 35 DU
945 2531 295 38 CONCOURS.

229 2587 375 38 INSTRUCTIONS
634 2591 140 36 POUR
803 2593 87 35 LES
920 2594 378 40 CONCURRENTS

227 2649 88 36 Art.
348 2650 34 36 2.
499 2653 53 35 Le
582 2667 197 22 concours
810 2663 56 28 est
895 2659 23 31 à
948 2656 103 37 deux
1080 2662 204 40 épreuves,
1317 2660 35 35 la

168 2714 201 42 première
396 2717 174 41 épreuve
598 2719 110 35 étant
737 2717 276 39 éliminatoire.

226 2776 37 35 A
291 2776 37 35 la
354 2778 173 35 seconde
554 2782 173 40 épreuve
753 2796 49 20 ne
830 2782 220 43 prendront
1078 2794 89 33 part
1195 2799 76 30 que
1299 2785 54 36 les

170 2850 263 25 concurrents
473 2841 46 35 de
558 2841 36 36 la
634 2846 209 39 première,
888 2849 66 39 qui
996 2856 134 26 seront
1172 2848 182 44 désignés

168 2916 72 28 par
264 2902 33 35 le
320 2905 104 41 jury.

226 2964 107 37 Pour
361 2966 37 35 la
425 2970 198 40 première
653 2972 184 41 épreuve,
868 2972 55 36 les
952 2982 263 27 concurrents
1245 2975 85 35 four-

167 3029 134 35 niront
338 3044 8 20 :

225 3091 44 43 a)
314 3095 55 35 les
408 3093 113 44 plans
561 3094 67 36 des
669 3097 201 40 sous-sols,
913 3098 52 35 du
1007 3099 344 37 rez-de-chaussée

169 3168 97 21 avec
295 3154 56 37 les
380 3156 145 36 abords
556 3166 37 26 et
622 3157 47 41 de
699 3173 52 21 ou
781 3159 67 36 des
878 3164 134 40 étages
1043 3165 21 32 à
1093 3161 180 38 l'échelle
1303 3164 47 36 de

175 3217 9 33 1
221 3220 234 35 centimètre
482 3234 74 30 par
583 3224 126 34 mètre
737 3237 112 25 ave,c
876 3224 218 38 indication
1123 3225 48 37 de
1199 3226 38 36 la
1264 3225 63 38 des-

167 3281 168 35 tination
362 3281 46 37 de
434 3283 157 44 chaque
615 3284 120 42 local;

222 3342 45 43 b)
318 3359 78 20 une
443 3345 139 44 façade
628 3356 38 27 et
711 3363 49 22 au
807 3352 128 33 moins
981 3351 103 36 deux
1130 3366 149 31 coupes
1323 3357 23 32 à

168 3405 9 34 î
196 3405 150 37 échelle
376 3408 46 35 de
461 3410 7 33 1
507 3412 234 39 centimètre
769 3427 74 29 par
871 3417 143 38 mètre;

1502 1768 42 45 c)
1578 1783 76 21 une
1680 1780 92 27 note
1798 1771 247 43 explicative,
2073 1776 105 31 aussi
2204 1776 203 34 succincte
2433 1790 77 29 que
2536 1790 67 29 pos-

1444 1830 107 41 sible,
1597 1846 98 21 avec
1739 1832 11 36 1
1766 1833 219 37 indication
2029 1838 215 34 sommaire
2289 1837 68 35 des
2402 1839 224 36 matériaux

1444 1899 206 39 proposés.

1501 1957 87 37 Art.
1623 1958 35 36 3.
1771 1959 73 36 Les
1873 1959 150 39 dessins
2054 1971 144 26 auront
2228 1962 33 36 le
2293 1967 203 32 caractère
2526 1964 80 37 d'es-

1445 2023 171 40 quisses;
1645 2021 47 36 ils
1722 2032 136 26 seront
1889 2023 97 37 fixés
2018 2039 68 21 sur
2117 2034 139 27 carton
2288 2041 51 20 ou
2371 2032 156 31 montés
2558 2042 68 22 sur

1443 2083 160 37 châssis.

1498 2147 87 35 Art.
1617 2147 35 36 4.
1764 2148 73 36 Les
1865 2152 135 33 envois
2028 2160 135 27 seront
2191 2166 232 31 anonymes.
2456 2153 48 36 Ils
2533 2168 68 29 por-

1440 2218 132 28 teront
1602 2225 78 21 une
1708 2211 132 37 devise
1870 2227 51 22 ou
1952 2228 179 29 marque,
2164 2215 228 45 reproduite
2422 2232 68 21 sur
2519 2217 104 36 deux

1440 2273 242 44 enveloppes
1706 2275 188 41 fermées;
1917 2275 36 37 la
1977 2279 199 41 première
2200 2288 218 27 contenant
2447 2295 7 20 :
2478 2279 35 36 le
2538 2295 63 22 cer-

1440 2335 126 36 tificat
1607 2336 47 37 de
1693 2338 232 36 nationalité
1964 2340 125 43 belge,
2132 2342 34 34 le
2207 2342 195 36 certificat
2441 2343 48 35 de
2529 2345 73 34 rési-

1440 2398 123 37 dence
1588 2399 138 44 depuis
1751 2401 88 43 plus
1862 2401 94 37 d'un
1980 2417 50 22 an
2054 2403 98 36 dans
2175 2403 34 36 le
2235 2418 204 30 royaume,
2465 2406 35 36 le
2525 2422 95 21 nom

1437 2469 36 27 et
1502 2461 11 35 1
1531 2462 160 36 adresse
1720 2463 52 37 du
1802 2479 52 21 ou
1883 2464 68 36 des
1981 2475 274 33 concurrents,
2286 2482 48 21 en
2365 2482 65 23 cas
2459 2469 48 36 de
2537 2469 59 36 col-

1437 2523 222 38 laboration
1671 2540 7 27 ;
1706 2526 38 35 la
1772 2529 172 35 seconde
1975 2538 217 28 contenant
2223 2531 33 36 le
2288 2547 93 20 nom
2411 2532 52 35 du
2494 2547 92 21 mem-

1434 2587 69 35 bre
1527 2589 50 34 du
1599 2590 94 42 jury
1713 2593 22 30 à
1760 2590 92 35 élire
1875 2605 73 29 par
1969 2591 34 39 le
2027 2603 252 26 concurrent.
2306 2594 114 36 Cette
2444 2596 171 35 seconde

1435 2650 221 45 enveloppe
1680 2662 174 33 portera,
1880 2669 47 20 en
1953 2664 126 31 outre,
2105 2655 36 36 la
2165 2659 240 42 suscription
2435 2673 7 20 :
2466 2670 20 24 «
2510 2658 78 36 Con-

1433 2727 117 22 cours
1574 2714 47 35 de
1645 2714 37 36 la
1704 2716 193 36 Province
1921 2717 23 36 d
1961 2718 159 36 Anvers
2148 2735 7 19 :
2180 2720 168 36 élection
2373 2721 51 37 du
2448 2721 166 45 délégué

1435 2776 66 35 des
1536 2787 273 28 concurrents.
1844 2790 21 26 >

1488 2851 149 37 Toutes
1674 2868 64 22 ces
1775 2856 132 42 pièces
1945 2867 137 26 seront
2118 2856 191 45 déposées
2348 2874 50 20 au
2433 2860 154 35 Gouver-

1431 2924 161 26 nement
1618 2917 220 42 provincial
1865 2918 209 41 d'Anvers,
2101 2919 153 37 bureau
2281 2928 43 28 n°
2360 2922 56 41 16,
2444 2937 52 20 au
2524 2923 88 43 plus

1431 2977 87 36 tard
1551 2980 33 34 le
1626 2979 7 35 ler1
1646 2985 34 18 er
1711 2979 129 45 juillet
1882 2981 113 40 1923,
2030 2985 22 32 à
2085 2983 105 41 midi,
2227 2993 138 27 contre
2400 2988 208 41 récépissé.

1487 3040 56 35 En
1567 3056 65 21 cas
1656 3042 22 35 d
1697 3043 225 44 expédition
1947 3058 74 30 par
2044 3045 158 37 chemin
2226 3048 48 34 de
2298 3048 71 40 fer,
2395 3048 54 36 les
2475 3051 136 34 envois

1430 3102 159 36 doivent
1614 3108 199 41 parvenir,
1840 3116 120 27 avant
1986 3107 54 37 les
2067 3112 149 33 mêmes
2240 3112 95 42 jour
2360 3119 37 27 et
2423 3111 137 41 heure,
2587 3115 24 32 à

1429 3165 10 36 1
1458 3166 158 40 adresse
1649 3170 170 43 ci-après
1858 3185 7 20 :
1895 3170 207 37 Monsieur
2132 3172 35 36 le
2197 3173 265 37 Gouverneur
2493 3175 47 35 de
2572 3175 38 36 la

1429 3231 190 41 province
1680 3231 209 46 d'Anvers,
1951 3234 471 43 Marché-aux-souliers,
2486 3237 37 41 2,
2586 3241 23 33 à

1426 3291 169 37 Anvers.

1484 3355 87 36 Art.
1602 3356 35 36 5.
1745 3358 181 37 Aussitôt
1954 3375 77 28 que
2058 3360 34 36 le
2119 3364 93 41 jury
2238 3377 98 21 aura
2364 3364 160 43 désigné
2553 3364 54 36 les

1427 3422 163 39 projets,
1619 3420 95 37 dont
1741 3421 55 36 les
1822 3431 161 27 auteurs
2011 3434 134 26 seront
2172 3425 126 36 admis
2324 3429 22 32 à
2372 3426 36 35 la
2435 3427 173 34 seconde
