2738 3967
287 3602 57 34 LA
379 3594 128 44 CITÉ.

1355 3595 117 76 248

2226 3611 131 36 MARS
2397 3601 130 46 1923.

839 193 1145 47 TECHNOLOGIE

363 424 290 114 LES
769 426 920 115 PEINTURES
1897 414 585 137 “ÉMAIL„

609 574 285 71 ÉMAIL
970 581 462 66 BRILLANT
1509 581 106 64 ET
1691 574 285 73 ÉMAIL
2044 584 194 63 MAT

508 787 67 43 En
609 801 76 29 vue
721 786 49 44 de
805 787 214 52 compléter
1056 796 109 35 notre
1202 788 323 44 documentation
1562 797 239 37 concernant
1837 790 54 44 les
1925 792 197 50 peintures
2159 792 54 43 du
2253 792 201 47 bâtiment,

377 866 99 26 nous
502 849 279 52 reproduisons
809 851 47 41 ici
885 867 50 25 un
963 849 137 44 article
1128 850 54 43 du
1219 868 21 26 «
1271 849 209 45 Moniteur
1506 850 50 45 de
1585 851 38 43 la
1649 850 192 45 Peinture
1872 869 22 27 »
1929 851 52 45 du
2012 852 25 43 5
2066 853 219 50 septembre
2324 853 128 44 1919.

261 982 230 54 L'emploi
536 982 82 44 des
661 983 211 44 couleurs
914 983 238 44 brillantes
1194 997 66 31 est
1303 1002 52 26 au-

190 1045 235 53 jourd'hui
454 1046 187 50 général
671 1063 55 26 en
756 1049 222 49 peinture.

260 1106 118 44 Leur
412 1107 145 45 début
587 1117 215 33 remonte
832 1110 27 40 à
895 1107 59 43 25
990 1124 86 28 ans
1108 1109 193 45 environ
1335 1116 45 36 et

192 1172 46 50 je
270 1185 75 27 me
373 1171 219 41 souviens
623 1186 103 36 que,
763 1169 83 44 dès
879 1170 65 43 les
975 1173 222 49 premiers
1229 1172 150 46 essais,

187 1230 165 53 j'avais
382 1231 152 52 prédit
565 1234 26 39 à
623 1248 52 26 ce
705 1248 141 35 genre
876 1232 58 45 de
963 1230 210 45 couleurs
1204 1231 42 43 le
1275 1230 102 53 plus

184 1291 186 44 brillant
406 1295 177 47 avenir;
623 1309 89 35 que
747 1293 41 43 le
823 1292 173 44 lecteur
1029 1293 267 43 m'accorde
1332 1293 41 42 la

185 1352 101 53 plus
331 1356 141 50 petite
516 1354 286 43 satisfaction
848 1356 60 42 de
950 1357 291 41 reconnaître
1286 1371 87 35 que

183 1418 45 50 je
266 1415 72 43 fus
372 1415 96 45 bon
506 1415 251 53 prophète!

253 1487 64 43 La
352 1488 276 43 fabrication
665 1488 110 43 d'un
808 1488 191 53 produit
1030 1493 117 39 aussi
1183 1489 158 43 deman-

185 1550 59 42 dé
286 1566 56 26 ne
383 1554 194 48 pouvait
618 1565 225 37 manquer
884 1550 59 43 de
985 1560 148 34 tenter
1175 1550 198 44 nombre

186 1611 331 49 d'industriels;
584 1615 117 40 aussi
767 1628 357 36 pouvons-nous
1187 1615 157 49 aujour-

186 1671 127 44 d'hui
355 1683 213 41 compter
609 1691 59 25 un
710 1673 199 44 nombre
947 1673 325 44 considérable
1316 1674 58 41 de

185 1736 393 49 peintures-émail
656 1735 59 41 de
788 1751 216 36 marques
1079 1735 291 49 différentes;

183 1799 150 48 parmi
370 1795 201 44 celles-ci
611 1797 28 42 il
682 1814 55 26 en
778 1806 67 33 est
885 1795 245 55 beaucoup
1175 1796 174 44 d'excel-

183 1857 145 43 lentes
352 1874 90 35 que
465 1868 100 34 tout
588 1857 41 44 le
653 1857 177 44 monde
853 1862 193 42 connaît
1065 1871 48 32 et
1138 1861 230 49 apprécie,

183 1921 117 40 mais
340 1918 29 43 il
411 1937 29 33 y
481 1934 55 28 en
578 1937 40 30 a,
662 1918 140 50 hélas,
847 1919 246 53 beaucoup
1135 1924 118 39 aussi
1296 1922 75 49 qui

185 1997 58 26 ne
284 1980 157 44 valent
482 1998 84 34 pas
608 1980 134 44 lourd
754 1984 8 38 î
806 1981 31 43 II
879 1998 57 26 ne
978 1993 112 39 peut
1130 1980 219 45 naturelle-

183 2052 128 33 ment
352 2045 95 40 être
490 2044 53 40 ici
586 2045 211 49 question
841 2042 58 43 de
938 2045 111 41 citer
1092 2042 81 43 des
1213 2058 156 33 noms;

182 2107 45 48 je
253 2121 74 24 me
352 2103 216 43 bornerai
594 2107 27 39 à
648 2104 179 43 donner
853 2123 59 24 un
940 2104 171 44 conseil
1147 2123 7 24 :
1185 2104 159 43 méfiez-

183 2181 118 25 vous
347 2165 81 42 des
472 2165 212 52 produits
730 2169 26 39 à
799 2165 85 43 bas
928 2166 121 51 prix;
1098 2165 170 45 l'émail
1314 2180 58 28 ne

182 2229 171 45 saurait
384 2229 95 40 être
511 2244 60 25 un
604 2226 190 53 produit
827 2230 90 40 très
947 2228 95 43 bon
1077 2227 200 50 marché,
1314 2244 56 27 en

186 2290 152 40 raison
377 2288 82 43 des
494 2291 214 41 matières
744 2288 58 43 de
838 2299 127 33 toute
999 2292 228 48 première
1263 2307 81 33 qua-

185 2348 76 43 lité
297 2366 89 34 que
420 2366 47 26 sa
504 2350 276 43 fabrication
816 2353 199 48 requiert
1049 2363 45 31 et
1127 2366 57 27 en
1218 2352 152 41 raison

183 2414 119 39 aussi
333 2410 81 43 des
442 2413 125 40 soins
597 2428 89 35 que
714 2422 120 33 cette
865 2410 277 45 fabrication
1173 2412 199 43 réclame

186 2490 119 34 pour
340 2476 96 38 être
470 2475 26 39 à
532 2471 41 44 la
609 2471 212 50 hauteur;
860 2473 26 43 il
924 2473 98 45 faut
1059 2481 128 35 entre
1220 2485 154 32 autres

185 2551 89 34 que
311 2533 40 43 le
388 2533 208 52 broyage
633 2533 82 44 des
749 2537 233 50 pigments
1017 2539 87 42 soit
1140 2534 83 45 fait
1257 2550 115 28 avec

183 2612 59 29 un
289 2597 99 43 soin
437 2605 99 33 tout
580 2595 261 51 particulier
885 2608 143 31 avant
1072 2595 41 45 le
1157 2596 214 52 mélange

183 2673 114 26 avec
343 2655 214 53 liquides;
604 2656 64 43 les
710 2659 232 50 pigments
986 2657 241 52 employés
1273 2657 73 42 doi-

181 2729 112 31 vent
328 2721 95 39 être
458 2717 165 44 choisis
655 2721 149 49 parmi
840 2718 63 43 les
937 2721 150 40 moins
1126 2718 217 43 «lourds»
1360 2737 8 30 ;

183 2779 64 42 les
274 2781 233 50 pigments
534 2780 115 42 dont
677 2780 42 42 la
748 2780 176 42 densité
952 2782 134 40 serait
1117 2790 103 43 trop
1251 2780 119 43 forte

180 2840 353 47 absorberaient
569 2859 55 25 en
661 2841 115 44 effet
809 2841 42 43 le
884 2840 187 47 brillant
1107 2842 57 43 de
1199 2840 171 44 l'émail

181 2914 46 32 et
267 2905 426 41 occasionneraient
731 2903 60 43 de
827 2904 116 42 forts
982 2902 179 52 dépôts.

253 2975 31 47 Il
310 2977 118 45 n'est
453 2975 355 46 naturellement
832 2995 83 34 pas
942 2976 203 53 possible
1173 2977 59 42 de
1258 2977 84 42 don-

183 3054 79 25 ner
306 3041 53 39 ici
402 3055 59 25 un
506 3039 147 50 grand
698 3038 198 46 nombre
942 3038 57 43 de
1044 3038 222 44 formules
1312 3038 57 43 de

181 3099 417 52 peintures-émail;
646 3117 75 28 ces
767 3100 223 43 fomrules
1033 3103 180 41 varient
1260 3099 110 45 d'un

181 3159 231 48 fabricant
443 3163 27 41 à
503 3160 164 45 l'autre
700 3172 47 33 et
776 3178 188 28 comme
994 3160 111 47 elles
1138 3179 60 28 ne
1230 3161 115 44 diffè-

182 3232 101 32 rent
334 3239 85 36 pas
469 3221 344 51 sensiblement,
869 3222 29 45 il
950 3241 58 27 en
1059 3221 170 46 résulte
1279 3240 91 36 que

182 3280 245 55 beaucoup
462 3283 179 45 d'entre
673 3283 110 45 elles
814 3302 49 26 se
892 3283 159 47 valent
1090 3302 10 26 :
1135 3283 66 45 les
1234 3283 115 45 fabri-

182 3354 130 34 cants
337 3356 107 33 sont
473 3360 55 29 en
555 3363 184 27 somme
763 3348 173 43 arrivés
964 3365 58 26 au
1050 3349 156 42 même
1232 3346 116 44 résul-

185 3416 67 34 tat
288 3423 56 26 en
382 3409 181 41 suivant
602 3407 80 43 des
719 3407 206 45 chemins
961 3408 285 53 légèrement
1284 3407 86 44 dif-

1456 988 173 42 férents
1658 987 53 52 Je
1744 987 240 52 signalerai
2016 989 255 44 seulement
2301 1008 90 34 que
2421 991 65 43 les
2514 993 102 50 pein-

1457 1060 120 33 tures
1617 1049 134 42 émail
1792 1067 47 25 se
1878 1062 278 40 composent
2195 1069 199 34 presque
2432 1056 209 50 toujours

1457 1110 59 43 de
1555 1129 9 24 :

1524 1171 143 44 Blanc
1705 1173 58 42 de
1799 1176 99 40 zinc
1934 1173 146 52 broyé
2118 1175 349 50 spécialement;

1524 1233 137 43 Huile
1693 1234 58 42 de
1783 1235 60 42 lin
1874 1234 227 49 blanchie,
2133 1237 139 47 cuite;

1523 1295 138 43 Huile
1698 1296 58 42 de
1792 1295 239 45 Hollande
2077 1297 291 53 (Standolie)
2388 1317 10 30 ;

1524 1357 138 42 Huile
1700 1357 254 44 d'œillette.

1523 1430 208 44 Certains
1785 1431 253 43 fabricants
2090 1437 212 47 ajoutent
2354 1451 59 25 un
2467 1436 171 41 certain

1453 1502 313 42 pourcentage
1811 1493 60 42 de
1911 1493 287 44 caoutchouc
2242 1512 56 26 en
2344 1494 292 50 dissolution;

1454 1557 195 39 certains
1683 1558 210 48 ajoutent
1928 1573 57 24 au
2019 1555 138 43 blanc
2192 1556 59 43 de
2283 1559 113 48 zinc,
2435 1557 60 45 du
2529 1557 83 44 kao-

1455 1615 74 47 lin,
1561 1615 61 43 du
1650 1615 171 44 sulfure
1851 1617 59 43 de
1935 1619 99 41 zinc
2063 1636 59 24 ou
2151 1618 61 43 du
2239 1617 255 54 lithopone,
2526 1622 115 40 mais

1453 1676 116 43 dans
1598 1695 53 24 ce
1679 1694 89 32 cas,
1802 1695 74 26 ces
1908 1680 213 42 matières
2154 1679 192 44 doivent
2375 1683 131 41 avoir
2536 1681 100 42 subi

1453 1755 61 26 un
1547 1737 210 54 broyage
1787 1738 183 53 spécial.

1523 1798 32 44 Il
1590 1802 112 44 était
1732 1800 253 44 inévitable
2017 1819 88 35 que
2138 1801 95 43 l'on
2266 1806 181 49 essayât
2483 1803 59 42 de
2573 1804 45 42 fa-

1453 1861 186 51 briquer
1669 1865 25 39 à
1724 1862 84 43 bas
1839 1866 102 49 prix
1972 1879 88 26 une
2091 1874 122 32 sorte
2248 1864 56 43 de
2335 1865 303 52 contrefaçon

1457 1923 109 42 d'un
1597 1923 189 52 produit
1817 1928 74 48 qui
1921 1926 207 51 jouissait
2159 1925 139 45 d'une
2325 1925 111 43 telle
2464 1943 174 35 vogue;

1454 1987 133 45 aussi,
1629 1984 63 43 les
1731 1985 180 51 pseudo
1952 2002 23 27 «
2017 1985 370 46 couleurs-émail
2429 2004 23 27 »
2493 1987 118 44 abon-

1458 2045 184 49 dent...;
1692 2046 110 44 elles
1848 2064 57 28 ne
1950 2050 253 41 consistent
2246 2048 392 53 habitueljlemeàit

1456 2107 136 52 qu'en
1633 2107 138 44 blanc
1813 2107 58 44 de
1910 2111 99 40 zinc
2046 2109 147 52 broyé
2236 2109 115 45 dans
2389 2128 60 27 un
2487 2114 154 40 vernis

1453 2167 138 43 blanc
1630 2168 243 51 ordinaire,
1915 2173 74 49 qui
2027 2170 118 44 n'est
2181 2170 237 45 lui-même
2455 2187 89 34 que
2582 2172 59 42 de

1455 2230 41 42 la
1526 2248 190 35 gomme
1745 2229 176 47 Damar
1952 2232 202 43 dissoute
2186 2233 115 44 dans
2333 2232 57 45 de
2420 2234 13 44 I
2455 2250 186 27 essence

1448 2292 57 42 de
1550 2292 338 50 térébenthine;
1933 2310 116 34 pour
2090 2293 65 44 les
2196 2297 251 42 imitations
2490 2295 57 44 de
2590 2295 42 42 la

1444 2354 367 51 peinture-émail
1844 2354 57 43 de
1931 2357 140 41 teinte
2101 2372 92 27 non
2221 2354 212 51 blanche,
2464 2358 42 43 le
2534 2359 73 51 pig-

1446 2427 128 30 ment
1610 2415 138 43 blanc
1786 2428 66 31 est
1889 2416 146 52 broyé
2076 2417 114 43 dans
2226 2436 60 26 un
2324 2420 153 42 vernis
2513 2418 117 44 brun

1462 2476 235 49 Drdinaire,
1735 2490 198 31 souvent
1964 2478 168 53 appelé
2169 2497 23 24 «.
2227 2483 154 40 vernis
2414 2480 57 43 de
2505 2480 109 43 sabo-

1449 2541 82 39 tier
1579 2555 40 26 ».
1670 2538 209 44 Certains
1926 2539 252 45 fabricants
2224 2544 214 48 ajoutent
2483 2545 26 39 à
2554 2559 78 27 ces

1446 2600 237 51 mélanges
1737 2619 58 24 un
1851 2617 89 35 peu
1996 2601 171 44 d'huile
2221 2619 154 34 grasse
2429 2606 75 50 qui
2556 2603 77 43 n'a

1449 2660 178 44 d'autre
1660 2662 115 45 effet
1808 2680 88 34 que
1928 2663 59 43 de
2020 2664 178 43 donner
2231 2683 59 27 un
2321 2663 186 45 brillant
2540 2664 70 44 fac-

1446 2725 85 40 tice
1559 2726 25 39 à
1615 2723 41 42 la
1686 2726 221 49 peinture.

1514 2796 64 43 La
1625 2797 181 43 solidité
1855 2808 44 32 et
1945 2798 41 43 la
2032 2799 170 42 beauté
2252 2800 81 41 des
2379 2802 227 50 peintures-

1447 2857 134 42 émail
1615 2870 106 32 sont
1756 2862 33 40 si
1825 2859 108 43 bien
1970 2859 192 44 établies
2196 2870 188 41 partout
2419 2862 190 42 actuelle-

1448 2930 126 32 ment
1604 2920 107 52 qu'il
1744 2920 79 52 n'y
1851 2940 26 23 a
1905 2938 119 36 pour
2052 2924 111 40 ainsi
2195 2922 96 43 dire
2321 2940 83 34 pas
2435 2923 171 44 d'admi-

1446 2983 238 41 nistration
1710 2984 283 50 importante
2018 2985 74 50 qui
2117 2983 106 47 n'en
2248 2987 231 48 prescrive
2504 2984 101 43 l'em-

1444 3041 94 52 ploi
1564 3043 115 42 dans
1702 3061 69 25 ses
1794 3043 174 44 cahiers
1992 3044 81 43 des
2095 3044 204 53 charges.
2326 3045 306 45 Notamment

1447 3104 63 42 les
1547 3103 315 54 Compagnies
1899 3106 57 43 de
1993 3105 206 46 chemins
2238 3106 58 44 de
2333 3106 68 45 fer
2437 3107 65 44 les
2537 3122 63 28 em-

1445 3165 177 52 ploient
1650 3182 76 28 sur
1751 3183 90 28 une
1867 3166 178 53 grande
2072 3166 176 45 échelle
2281 3186 10 25 :
2321 3185 57 27 en
2405 3168 131 50 effet,
2567 3168 65 45 les

1443 3229 232 49 peintures
1697 3254 15 8 -
1732 3228 137 44 émail
1909 3228 103 46 font
2044 3228 185 45 réaliser
2262 3247 91 26 une
2387 3233 244 40 économie

1445 3290 88 51 qui,
1573 3291 26 41 à
1633 3292 227 42 certaines
1894 3292 220 50 époques,
2152 3306 110 37 peut
2297 3290 232 46 atteindre
2568 3291 62 43 50

1438 3367 88 35 p.c.
1549 3354 252 50 comparée
1818 3354 27 41 à
1864 3351 43 44 la
1927 3355 212 50 peinture
2158 3352 251 50 ordinaire;
2433 3352 59 44 de
2511 3352 116 53 plus,

1444 3410 42 45 le
1510 3429 90 35 peu
1627 3412 59 44 de
1713 3424 152 42 temps
1890 3412 213 54 qu'exige
2125 3412 318 54 l'application
2471 3415 59 44 de
2556 3429 77 28 ces
