2738 3967
1347 3618 105 78 229

264 3659 55 35 LA
355 3652 129 43 CITÉ.
524 3662 44 33 lII
573 3657 18 23 e
624 3653 181 43 ANNÉE.

2031 3659 55 38 N°
2125 3653 70 46 11.
2230 3664 131 36 MARS
2402 3653 117 46 1923

571 1253 172 130 La
837 1256 336 167 Ligne
1256 1299 150 86 est
1485 1312 208 73 une
1780 1258 357 130 Force

2144 1256 64 48 <*>

358 1601 36 50 *1
546 1601 173 52 Parue
786 1620 145 47 pour
1002 1603 50 50 la
1124 1603 254 65 première
1451 1603 109 52 fois
1630 1604 134 52 dans
1839 1622 74 33 un
1989 1606 179 50 article
2243 1606 62 52 de
2380 1607 49 49 la

343 1706 156 37 reyue
560 1688 300 51 allemande
934 1707 29 32 «
1002 1688 82 51 die
1150 1688 260 54 Zukunft
1446 1709 50 38 »,
1562 1709 63 33 en
1691 1691 297 65 septembre
2063 1709 165 47 1902,
2296 1706 133 38 cette

352 1772 304 52 définition
708 1773 306 57 formulait,
1072 1792 121 33 avec
1247 1794 102 33 une
1391 1776 272 51 concision
1710 1777 217 55 voulue,
1978 1795 101 33 une
2125 1777 310 51 conviction

343 1877 103 47 que
499 1877 141 33 nous
695 1879 141 33 nous
888 1860 174 52 étions
1119 1862 208 64 acquise
1382 1861 88 52 dès
1533 1862 167 65 1891,
1760 1862 210 65 époque
2027 1881 117 35 vers
2200 1863 230 67 laquelle

343 1957 140 33 nous
546 1940 353 64 produisions
963 1957 100 35 nos
1131 1941 251 65 premiers
1452 1956 308 37 ornements
1830 1942 252 52 abstraits
2150 1957 49 39 et
2270 1961 126 47 pure-

344 2034 152 38 ment
530 2020 255 52 linéaires.
837 2018 38 53 §
907 2018 38 51 <1
995 2021 91 51 Au
1123 2039 155 34 cours
1315 2022 62 51 de
1411 2021 336 53 conférences
1782 2036 50 38 et
1870 2022 61 52 de
1966 2041 156 35 cours
2158 2024 207 52 donnés
2403 2024 27 52 à

344 2105 352 53 l'Université
720 2106 273 52 Nouvelle
1019 2107 61 51 de
1105 2107 280 52 Bruxelles
1409 2107 213 59 (années
1658 2109 146 64 1894
1833 2110 28 51 à
1895 2107 207 66 1895),
2133 2128 141 34 nous
2300 2128 97 34 ana-

344 2192 229 65 lysâmes
616 2192 50 51 la
711 2206 192 38 nature
946 2194 63 52 de
1053 2194 50 50 la
1148 2194 143 64 ligne
1334 2208 51 38 et
1428 2194 334 53 cherchâmes
1806 2195 28 52 à
1880 2194 133 54 fixer
2058 2196 72 52 les
2176 2210 254 51 rapports

344 2279 237 52 existant
616 2293 146 37 entre
798 2298 53 32 sa
892 2291 190 40 nature
1120 2280 334 65 dynamique
1493 2294 49 38 et
1580 2281 50 51 la
1669 2294 192 38 nature
1899 2295 49 38 et
1985 2281 51 52 la
2074 2283 253 52 fonction
2368 2284 62 51 de

343 2365 339 52 l'ornement,
791 2364 39 51 <1
866 2365 155 53 Cette
1044 2365 301 59 définition,
1372 2366 119 52 telle
1512 2366 195 66 qu'elle
1729 2380 180 52 parut,
1937 2387 144 47 pour
2102 2369 50 51 la
2176 2368 253 67 première

346 2450 122 59 fois,
507 2452 136 52 dans
676 2452 222 52 l'article
934 2452 62 52 de
1032 2453 49 51 la
1127 2471 30 33 «
1198 2452 260 53 Zukunft
1496 2472 50 38 »,
1585 2472 50 33 se
1672 2467 249 39 retrouve
1956 2454 135 53 dans
2126 2473 132 34 mon
2296 2455 133 52 livre

355 2556 30 33 «
423 2537 451 66 Laienpredigten
916 2557 48 37 »,
1004 2556 137 47 paru
1178 2557 62 33 en
1287 2557 166 46 1902,
1494 2557 67 33 au
1598 2539 240 65 chapitre
1876 2540 88 52 des
2012 2559 29 33 «
2082 2540 348 66 Prinzipielle

344 2623 395 66 Erklaerungen
780 2643 31 33 »
859 2643 12 32 :
924 2643 30 32 «
995 2624 78 52 La
1112 2625 142 65 ligne
1292 2641 76 37 est
1407 2643 102 35 une
1548 2625 145 53 force
1734 2625 138 54 dont
1910 2628 71 51 les
2022 2628 241 52 activités
2303 2643 127 37 sont

343 2709 243 65 pareilles
611 2709 28 52 à
664 2709 149 52 celles
840 2711 62 50 de
929 2723 179 38 toutes
1134 2711 72 50 les
1232 2711 170 52 forces
1429 2711 362 53 élémentaires
1818 2712 311 58 naturelles;
2162 2713 267 66 plusieurs

344 2796 370 66 lignes-forces
747 2797 155 51 mises
935 2816 61 32 en
1030 2797 258 65 présence,
1324 2812 249 51 exerçant
1606 2799 139 51 leurs
1778 2798 240 54 activités
2051 2819 64 33 en
2150 2819 115 33 sens
2296 2819 98 34 con-

346 2883 171 56 traire,
546 2897 353 51 provoquent
924 2883 69 51 les
1019 2882 195 53 mêmes
1241 2883 249 52 résultats
1514 2904 103 45 que
1641 2886 71 49 les
1739 2885 170 52 forces
1933 2886 289 52 naturelles
2248 2904 142 47 oppo-

346 2968 101 52 sées
475 2970 146 50 l'une
649 2970 27 50 à
706 2970 209 54 l'autre,
946 2970 134 50 dans
1108 2970 71 50 les
1207 2970 194 52 mêmes
1430 2970 336 52 conditions!
1801 2990 31 32 »
1976 2990 31 33 «
2037 2971 80 52 La
2145 2971 143 65 ligne
2317 2990 109 34 em-

466 3195 56 34 En
559 3206 230 32 annonçant
826 3193 37 36 la
898 3192 245 44 publication
1181 3208 78 21 aux
1295 3193 170 36 éditions
1494 3194 46 35 de
1570 3195 8 34 1
1623 3206 19 22 «
1670 3194 177 43 Equerre
1877 3206 21 24 »
1927 3195 67 36 des
2026 3206 20 24 «
2075 3196 209 36 Formules
2310 3196 119 36 d'une

353 3246 230 42 Esthétique
616 3246 118 35 Mode
740 3260 69 21 rne
843 3257 20 23 »
898 3244 168 36 d'Henri
1096 3260 75 20 van
1206 3245 47 35 de
1286 3243 102 37 Veld
1394 3262 19 19 e
1439 3260 99 20 nous
1564 3260 122 20 avons
1713 3246 69 35 fait
1808 3248 130 33 savoir
1964 3262 77 28 que
2067 3246 10 36 î
2097 3250 176 33 éminent
2298 3248 132 35 archL

351 3307 102 25 tecte
483 3313 98 20 nous
611 3300 104 32 avait
743 3299 176 33 autorisé
948 3300 21 32 à
998 3297 154 35 donner
1179 3300 21 30 à
1228 3309 71 23 nos
1327 3296 176 35 lecteurs
1529 3298 33 34 la
1593 3300 178 40 primeur
1798 3298 46 34 de
1872 3298 313 43 quelques-unes
2214 3300 68 35 des
2310 3314 120 29 pages

355 3349 45 33 de
432 3363 69 20 son
536 3349 106 36 livre.
677 3349 128 35 Celles
837 3362 76 29 que
946 3363 99 19 nous
1077 3347 186 43 publions
1291 3348 263 41 aujourd'hui
1599 3349 85 34 font
1731 3352 100 32 suite
1877 3365 77 19 aux
2001 3349 157 37 articles
2206 3365 76 29 que
2330 3366 100 19 nous

356 3415 122 19 avons
508 3403 149 32 insérés
687 3401 97 33 dans
815 3408 113 30 notre
960 3399 216 42 précédent
1207 3403 181 31 numéro.
