2738 3967
1367 3663 108 50 235

2057 3670 56 39 N°
2153 3663 68 47 11.
2257 3675 132 35 MARS
2429 3663 115 46 1923

280 3674 56 34 LA
372 3666 132 43 CITÉ.
541 3676 45 33 lII
593 3671 16 22 e
643 3668 181 41 ANNÉE.

367 368 110 36 mes
502 345 418 56 naturellement
946 341 303 68 simplifiées
1273 343 89 53 des
1389 341 282 60 animaux,
1700 341 224 54 celles-ci
1952 360 49 35 se
2029 340 432 67 rapprocheront

367 437 87 52 des
477 435 193 65 figures
692 434 72 50 les
788 432 126 64 plus
939 430 411 52 rudimentaires
1375 430 63 52 de
1463 430 49 51 la
1538 427 303 69 géométrie,
1870 429 28 52 à
1925 448 75 33 un
2025 428 164 67 point
2213 447 106 48 que
2343 429 115 52 leur

365 541 117 35 sens
518 534 51 40 et
603 522 114 51 leur
754 518 206 66 origine
996 518 445 65 naturalistiques
1479 537 64 33 ne
1581 536 49 34 se
1666 517 419 53 manifesteront
2122 517 125 64 plus
2286 515 170 66 qu'au

365 609 331 54 dessinateur
726 604 281 54 lui-même
1035 618 50 40 et
1115 623 109 35 aux
1254 604 244 54 initiés!»
1529 604 249 65 (Mensch
1809 606 116 52 und
1954 604 133 52 Tier
2114 604 56 52 in
2203 603 102 53 den
2335 603 81 52 An-

364 696 215 65 faengen
602 693 91 54 der
713 692 319 57 Kunst,vol.
1060 692 80 52 111
1164 691 625 67 Vœlkerpsychologie.)
1988 689 369 55 Nonobstant
2380 707 78 34 ces

365 780 377 54 observations
769 777 335 67 judicieuses,
1132 778 322 65 Worringer
1482 777 216 53 accorde
1727 796 109 34 aux
1865 776 266 67 primitifs
2159 777 45 52 le
2231 775 226 53 bénéfice

365 870 164 52 d'une
552 866 267 53 situation
843 880 51 38 et
915 866 136 53 d'un
1075 866 287 66 parti-pris
1407 884 64 34 ne
1494 884 51 34 se
1571 879 351 39 rencontrant
1945 865 128 66 qu'à
2100 865 89 52 des
2213 862 244 67 périodes

367 956 121 52 bien
538 952 352 68 postérieures
938 971 109 33 aux
1097 965 484 39 commencements
1629 952 63 52 de
1739 952 51 51 la
1841 951 207 53 culture
2099 964 51 38 et
2199 951 62 52 de
2311 950 142 52 l'art.

379 1040 40 53 §
449 1039 39 53 •!
528 1040 193 66 Quant
745 1058 67 33 au
838 1053 247 39 moment
1110 1039 72 52 où
1209 1037 326 54 l'humanité
1562 1037 268 54 atteindra
1858 1055 104 34 une
1987 1037 165 65 phase
2178 1037 63 52 de
2265 1036 51 52 la
2343 1035 86 53 cul-

368 1143 117 38 ture
511 1142 51 38 et
588 1126 90 54 des
704 1126 215 52 besoins
946 1124 324 67 esthétiques
1297 1124 211 67 pareils,
1540 1142 141 35 nous
1709 1136 326 54 partageons
2062 1124 52 52 la
2142 1121 315 55 conviction

367 1216 62 53 de
452 1214 259 57 l'auteur;
739 1214 37 51 il
800 1213 330 64 correspond
1154 1211 28 54 à
1206 1225 131 40 cette
1362 1211 217 66 période
1605 1211 72 52 où
1713 1230 30 33 «
1772 1210 327 52 l'humanité
2228 1228 50 34 se
2302 1209 129 53 satis-

367 1302 203 52 faisant
594 1300 255 52 d'autant
872 1299 182 52 moins
1077 1299 88 52 des
1190 1316 320 48 apparences
1534 1298 73 52 du
1633 1296 202 54 monde
1860 1295 279 60 extérieur,
2166 1316 50 34 se
2242 1308 218 41 sentant

367 1388 256 53 d'autant
645 1387 183 52 moins
850 1404 64 35 en
939 1398 154 41 toute
1117 1384 269 53 confiance
1412 1384 185 53 attirée
1620 1402 99 48 par
1743 1383 137 58 elles,
1910 1382 195 67 qu'elle
2132 1383 239 66 acquiert
2395 1382 63 53 de

368 1476 51 52 la
454 1474 379 54 connaissance
1042 1491 50 34 se
1129 1486 116 38 sent
1280 1469 270 55 entraînée
1586 1488 100 49 par
1720 1472 51 51 la
1808 1470 279 65 puissance
2123 1469 337 66 dynamique

367 1562 95 65 qui
505 1561 128 53 tend
674 1578 117 33 vers
833 1561 50 50 la
925 1559 126 66 plus
1090 1559 167 51 haute
1296 1557 203 53 Beauté
1543 1556 280 54 abstraite!
1872 1576 30 33 »
1948 1556 322 58 Seulement,
2316 1572 142 37 nous

367 1665 233 48 croyons
638 1646 322 53 fermement
998 1664 104 46 que
1140 1657 132 40 cette
1310 1643 165 67 phase
1517 1657 76 40 est
1630 1643 52 52 la
1733 1661 32 34 «
1809 1642 234 53 dernière
2086 1661 32 34 »
2160 1656 52 39 et
2250 1660 114 35 non
2407 1641 51 50 la

379 1754 31 33 «
436 1732 254 67 première
716 1751 30 34 »
773 1733 75 51 du
872 1731 467 66 développement,
1366 1731 128 52 chez
1518 1730 281 57 l'homme,
1827 1730 75 52 du
1929 1746 115 36 sens
2068 1728 63 54 de
2155 1730 51 52 la
2230 1726 227 56 Beauté!

364 1907 93 54 On
482 1906 357 53 m'accordera
886 1906 302 52 volontiers
1235 1905 61 52 de
1323 1924 63 33 ne
1414 1902 268 68 présenter
1708 1904 136 53 dans
1872 1920 50 34 ce
1949 1902 133 52 livre
2108 1900 176 67 qu'un
2315 1898 114 55 résu-

365 1994 101 58 mé,
501 2008 52 38 et
584 1994 62 53 de
679 2011 65 35 ne
776 1994 210 52 donner
1018 2010 104 48 que
1154 1992 51 51 la
1239 1989 283 56 substance
1555 1991 64 52 de
1651 2009 52 33 ce
1736 2008 104 48 que
1872 1989 97 66 j'ai
2005 1990 27 51 à
2067 1987 112 54 dire
2213 2005 69 34 au
2316 1986 144 66 sujet

368 2081 62 52 de
467 2081 51 51 la
555 2080 143 66 ligne
735 2094 51 38 et
821 2080 64 52 de
920 2078 352 53 l'ornement!
1313 2078 62 52 Je
1413 2078 216 52 renvoie
1666 2078 47 50 le
1748 2076 197 52 lecteur
1983 2075 29 52 à
2049 2075 281 65 l'ouvrage
2369 2090 92 36 sur

377 2187 30 33 «
436 2168 370 56 l'Ornement;
836 2166 304 52 l'existence
1165 2179 51 38 et
1240 2165 47 52 le
1311 2164 454 66 développement
1792 2163 135 53 d'un
1954 2161 243 66 principe
2225 2174 206 39 structo-

365 2253 216 53 linéaire
613 2267 51 38 et
698 2252 552 67 dynamographique
1286 2269 31 35 »
1352 2268 104 48 que
1488 2249 240 67 j'achève
1760 2268 65 34 en
1858 2248 172 53 même
2062 2262 177 52 temps
2272 2265 105 49 que
2407 2245 53 66 je

364 2342 314 52 coordonne
698 2340 72 52 les
791 2339 305 53 matériaux
1122 2338 62 53 de
1206 2352 79 39 cet
1306 2356 239 47 ouvrage
1568 2337 203 53 destiné
1794 2337 28 52 à
1842 2335 136 54 fixer
1997 2335 52 54 la
2071 2333 390 68 physionomie

364 2427 165 52 d'une
560 2426 320 66 Esthétique
910 2424 273 54 moderne.
1231 2422 39 52 *1
1301 2422 40 53 9
1386 2424 85 52 En
1502 2423 122 57 fait,
1658 2434 158 41 notre
1847 2420 441 54 ornementation
2321 2419 140 53 n'est

368 2514 254 52 nouvelle
643 2531 105 48 que
770 2531 99 48 par
891 2513 52 51 la
965 2512 301 52 conscience
1289 2528 104 49 que
1417 2527 142 37 nous
1583 2527 173 36 avons
1779 2509 140 66 prise
1941 2508 64 53 de
2029 2509 51 52 la
2105 2521 193 40 nature
2322 2508 63 52 de
2409 2507 51 52 la

364 2601 166 65 ligne;
560 2599 95 54 elle
678 2619 64 33 ne
767 2617 49 35 se
840 2598 304 54 différencie
1168 2597 88 53 des
1281 2596 469 54 ornementations
1776 2594 318 65 auxquelles
2118 2594 96 52 elle
2240 2593 186 66 s'appa-

365 2701 162 43 rente,
551 2705 123 34 avec
697 2700 122 39 tant
839 2685 321 57 d'évidence,
1184 2702 103 47 que
1308 2701 99 48 par
1427 2685 46 50 le
1494 2683 106 52 fait
1620 2683 62 52 de
1703 2683 50 51 la
1779 2681 279 66 discipline
2081 2699 123 34 avec
2226 2678 232 68 laquelle

363 2791 142 35 nous
527 2773 335 67 appliquons
882 2773 47 51 le
951 2771 241 66 principe
1214 2770 336 67 dynamique
1572 2789 104 47 que
1698 2786 142 36 nous
1863 2785 172 35 avons
2059 2784 237 35 reconnu
2321 2765 135 53 dans

363 2861 51 51 la
436 2861 159 65 ligne,
623 2861 64 52 de
711 2861 51 51 la
784 2859 280 67 discipline
1088 2876 123 35 avec
1235 2857 230 66 laquelle
1489 2875 141 34 nous
1656 2869 282 52 acceptons
1963 2866 180 41 toutes
2169 2871 76 36 ses
2269 2851 154 56 consé-

363 2946 349 66 quences.Les
731 2959 310 41 ornements
1063 2944 241 53 linéaires
1325 2944 97 66 qui
1445 2958 100 39 ont
1568 2941 213 67 précédé
1802 2942 326 52 l'ornement
2151 2951 272 42 structuro-

363 3033 216 53 linéaire
610 3047 51 39 et
693 3030 552 69 dynamographique
1277 3029 272 58 moderne,
1587 3048 69 34 au
1689 3045 156 36 cours
1878 3027 62 53 de
1972 3025 300 58 l'Histoire,
2308 3025 63 53 de
2402 3024 52 53 la

362 3119 327 53 Préhistoire
727 3133 51 39 et
816 3119 64 52 de
920 3119 51 52 la
1009 3116 349 59 Primitivité,
1402 3130 128 40 sont
1568 3116 47 52 le
1654 3115 231 66 produit
1924 3114 334 53 inconscient
2298 3111 64 54 de
2401 3129 53 36 ce

363 3207 256 66 principe.
656 3207 75 53 Ce
762 3207 91 52 fut
904 3224 98 50 par
1031 3205 225 52 instinct
1305 3223 104 48 que
1440 3222 132 34 ceux
1604 3203 96 66 qui
1731 3203 73 52 les
1833 3200 230 56 créèrent
2095 3212 361 42 reconnurent

363 3293 51 52 la
447 3294 144 52 vraie
623 3293 254 53 fonction
911 3293 63 52 de
1005 3293 343 52 l'ornement,
1466 3288 163 56 9Ce
1662 3303 127 39 sont
1819 3289 73 52 les
1925 3301 310 40 ornements
2269 3285 155 68 paléo-

364 3379 259 66 lithiques
660 3393 52 38 et
750 3379 73 52 les
861 3391 309 40 ornements
1210 3374 244 56 linéaires
1493 3373 273 56 rubannés
1804 3373 376 66 balkaniques,
2227 3373 136 53 dans
2402 3372 52 53 la
