4267 4056
3611 178 289 46 POESIA

390 355 64 45 Le
487 354 68 46 roi
592 354 83 45 des
710 352 182 47 Ondias
926 350 55 45 fit
1013 350 155 45 flotter
1200 360 83 34 sur
1312 347 49 44 la
1392 348 204 42 terrasse
1628 357 93 31 une
1757 343 93 45 très
1884 341 121 46 belle

268 428 157 55 étoffe,
456 427 148 45 moire
635 429 129 41 verte
794 428 48 42 et
872 439 65 40 or,
971 427 44 41 et
1045 423 239 44 Khosroès
1317 420 186 45 attacha
1534 418 280 46 solidement
1844 418 28 42 à
1903 416 101 44 coté

267 515 66 30 un
368 501 145 58 grand
550 514 189 44 pennon
773 498 191 45 couleur
999 498 57 43 de
1091 496 92 53 feu,
1221 498 46 41 et
1300 492 301 55 Gambrinus,
1637 491 142 45 tirant
1812 490 57 44 de
1903 489 81 43 l'ar-

268 574 147 44 moire
444 573 59 45 de
532 573 49 44 la
611 572 117 45 salle
759 583 248 35 commujie
1038 570 44 43 le
1113 569 206 55 drapeau
1348 564 284 55 hollandais,
1663 565 45 44 le
1739 564 161 57 pianta
1928 574 50 32 en-

267 650 67 40 tre
362 646 71 45 les
463 647 125 43 deux
613 647 174 42 autres.
816 644 103 44 Van
946 640 251 48 Svuermuf
1225 639 114 45 était
1364 653 67 30 un
1457 652 92 44 peu
1577 638 193 53 étonné;
1799 636 44 44 le
1872 635 105 45 Java-

266 720 105 43 nais
402 721 198 55 passant
628 719 132 43 entre
790 718 71 43 les
893 716 241 57 drapeaux
1164 714 49 43 et
1239 712 71 44 les
1340 711 183 58 jambes
1555 711 260 57 pendantes
1847 722 82 30 sur
1957 708 47 43 la

264 792 134 57 tpièce
425 792 153 53 d'eau,
604 790 68 45 lui
699 789 70 45 dit
780 805 10 28 :

387 894 57 6 —
470 867 243 46 Monsieur
741 868 45 44 le
819 867 321 57 bourgmestre
1155 867 8 42 I

386 971 57 8 —
471 947 197 44 Homme
698 947 57 42 de
785 945 102 45 cuir
915 943 183 59 gaufré!

386 1051 56 6 —-
472 1025 47 44 Si
551 1038 121 32 vous
703 1037 169 44 prenez
905 1022 341 57 l'engagement
1275 1021 57 44 de
1364 1033 58 30 ne
1454 1032 85 45 pas
1572 1019 56 43 dé
1633 1018 157 57 piacer
1818 1030 63 30 un
1913 1028 86 31 vos

265 1098 229 55 hojmmes,
527 1100 145 42 ava,ni.
702 1103 90 51 qite
824 1096 181 57 loyales
1036 1093 312 58 explicatioìns
1381 1091 129 46 aient
1540 1093 72 42 été
1645 1091 276 56 échangées,
1954 1087 44 58 je

266 1185 121 30 vous
434 1169 268 58 indiquerai
759 1183 63 30 un
872 1182 174 43 moyen
1094 1166 215 58 pratique
1361 1164 228 45 d'arriver
1636 1166 29 42 à
1714 1176 137 40 rious,
1902 1175 96 30 non

264 1253 184 34 conimi
472 1243 242 57 pariemen
720 1241 129 52 taire,
877 1241 120 47 mais
1023 1253 181 32 cornine
1230 1251 64 36 un
1319 1237 108 55 ami,
1454 1238 29 43 à
1507 1236 80 57 qui
1611 1250 63 31 on
1700 1235 298 44 n'arrachera

263 1330 85 43 pas
377 1315 72 46 les
478 1328 138 45 yeux.

386 1419 57 6 —
471 1394 53 44 Je
552 1395 100 55 in'y
687 1406 190 44 engagé,
913 1391 68 45 dit
1012 1391 44 43 le
1089 1390 338 56 bourgmestre.

383 1498 57 6 —
468 1472 70 44 Eh
587 1470 132 45 bien!
770 1473 193 41 tournez
1014 1470 28 43 à
1091 1467 172 55 droite;
1313 1481 120 30 vous
1481 1479 161 31 verrez
1693 1463 127 56 clair,
1869 1463 128 45 voilà

261 1547 44 42 le
332 1544 115 59 petit
470 1543 118 59 jour,
613 1545 49 43 et
686 1556 167 45 passez
879 1556 83 44 par
986 1542 47 43 la
1058 1542 131 56 porte
1216 1540 58 44 de
1298 1539 49 44 la
1371 1553 97 30 rue.

383 1649 55 6 —
468 1623 122 45 Soit!
616 1622 68 45 dit
698 1623 50 44 le
772 1623 336 56 bourgmestre.
1134 1620 243 57 Capitarne
1402 1620 82 44 des
1508 1616 348 59 arquebusiers,
1879 1629 118 31 vous

259 1697 159 43 auriez
447 1710 61 45 pu
536 1710 170 44 penser
734 1710 90 43 que
852 1698 126 41 toute
1007 1693 186 45 maison
1219 1709 28 28 a
1274 1706 91 31 une
1393 1693 130 57 porte
1552 1705 82 31 sur
1658 1690 48 45 la
1732 1690 105 43 ruel

383 1800 54 6 —
468 1774 73 45 On
571 1788 59 31 ne
663 1788 146 44 pense
842 1787 85 44 pas
960 1775 29 42 à
1015 1774 113 51 tout,
1163 1770 241 45 monsieur
1434 1771 43 42 le
1510 1770 334 56 bourgmestre.

381 1878 56 6 —
465 1853 262 54 D'ailleurs,
759 1852 45 57 je
835 1852 44 43 le
912 1850 263 54 reconnais,
1206 1850 47 58 je
1284 1851 77 55 n'y
1394 1848 191 57 pensais
1618 1861 84 44 pas
1736 1859 94 31 non
1875 1845 120 57 plus.

381 1931 64 45 Le
473 1931 323 57 bourgmestre
823 1933 148 51 entra,
1001 1944 62 29 on
1089 1930 44 42 le
1162 1942 139 30 mena
1329 1930 27 41 à
1382 1928 46 42 la
1456 1929 218 51 terrasse,
1702 1926 48 42 et
1778 1923 157 58 quand
1962 1923 32 43 il

259 2004 67 44 vit
355 2004 283 44 Gambrinus
668 2018 60 29 en
756 2017 92 30 une
877 2003 108 43 telle
1015 2001 211 57 majesté,
1254 2001 196 43 entouré
1480 1998 427 52 d'ambassadeurs,
1938 1996 56 43 de

260 2077 198 56 princes,
490 2075 274 54 d'Ondines,
796 2076 58 43 de
884 2075 253 43 clochettes
1169 2073 253 57 parlantes,
1454 2072 256 44 dansantes
1739 2072 47 41 et
1815 2070 57 42 de
1903 2068 69 44 dia-

260 2151 153 42 mants
437 2148 196 53 animés,
659 2148 32 43 il
717 2150 163 41 écouta
905 2159 115 31 avec
1043 2148 183 53 respect
1248 2147 153 42 toutes
1425 2145 69 42 les
1519 2142 309 58 explications
1854 2142 140 56 qu'on

259 2221 164 44 voulut
451 2220 110 45 bien
588 2220 64 44 lui
684 2220 194 44 donner.

379 2324 56 6 —
463 2299 127 43 Vous
624 2300 172 54 partez,
833 2300 117 42 c'est
981 2297 123 53 bien,
1140 2295 280 47 articula-t-il
1434 2311 10 38 ;
1480 2294 44 57 je
1558 2307 117 30 vous
1710 2290 281 59 regretterai.

258 2372 50 42 Je
334 2371 237 57 profiterai
597 2372 57 43 de
678 2373 157 42 vostre
860 2371 165 56 départ
1048 2384 119 43 pour
1190 2368 148 45 situer
1361 2381 90 30 une
1475 2366 215 45 curieuse
1714 2364 276 58 expériencè

258 2446 27 41 à
313 2444 181 44 savoir:
526 2443 40 46 si
597 2444 70 43 les
697 2443 223 45 veilleurs
953 2443 57 43 de
1041 2441 103 44 nuit
1173 2441 78 57 qui
1283 2439 264 46 dormaient
1576 2439 39 44 si
1649 2438 108 43 bien
1788 2437 205 57 pendant

258 2531 89 42 que
373 2530 118 31 vous
517 2516 165 45 faisiez
710 2519 151 41 toutes
886 2530 87 29 vos
1000 2516 232 55 frasques,
1258 2512 262 46 dormiront
1543 2511 130 45 aussi
1701 2510 108 44 bien
1835 2510 154 56 quand

258 2603 118 30 vous
409 2603 130 31 serez
574 2592 105 41 tous
712 2588 170 57 partis;
915 2589 68 42 les
1020 2587 196 54 Ondins,
1248 2586 45 57 je
1323 2586 96 43 n'ai
1452 2598 84 44 pas
1571 2586 27 40 à
1629 2584 69 42 les
1731 2582 259 53 surveiller,

258 2662 55 42 ils
342 2664 107 42 sont
475 2676 112 30 sous
616 2661 206 57 pavilion
849 2660 350 58 diplomatique.
1228 2659 138 43 Aussi
1397 2672 118 42 pour
1537 2658 44 42 la
1609 2655 242 57 princesse
1877 2653 112 53 Sita,

257 2748 53 29 sa
338 2734 134 53 suite,
503 2734 240 44 monsieur
767 2735 43 41 le
838 2733 213 44 ministre
1079 2733 254 52 Khosroès,
1359 2732 44 42 le
1429 2730 142 44 vieux
1597 2728 150 44 David
1775 2726 76 58 qui
1881 2726 112 44 était

254 2821 122 29 venu
405 2810 47 40 et
482 2807 77 55 qui
591 2808 100 42 s'eri
721 2820 60 29 va
806 2809 48 39 et
880 2819 88 31 son
997 2806 135 56 poète
1162 2805 57 43 de
1250 2804 92 53 fils,
1373 2803 43 56 je
1448 2802 89 43 n'ai
1569 2800 72 44 rin
1668 2803 28 40 à
1723 2801 122 52 dire;
1874 2813 120 43 pour

256 2880 41 41 le
336 2879 64 42 roi
442 2878 299 54 Gambrinus,
778 2878 44 56 je
861 2879 124 42 m'en.
1020 2878 62 42 fie
1119 2878 28 41 à
1174 2890 55 30 sa
1265 2876 159 56 parole
1461 2875 57 42 de
1555 2871 187 45 revenir
1776 2875 47 40 et
1848 2873 27 41 à
1903 2885 83 29 son

256 2951 140 43 vieux
422 2951 114 43 fond
565 2952 57 41 de
651 2950 277 44 sentiments
958 2949 280 52 nationaux;
1268 2947 120 44 mais
1418 2946 316 51 Goddrukum,
1764 2944 77 56 qui
1872 2946 120 42 n'est

254 3024 45 42 ni
335 3023 168 54 Ondin,
537 3023 45 43 ni
615 3023 160 55 Genie,
806 3023 45 42 ni
886 3022 109 57 quoi
1027 3036 88 42 que
1146 3035 51 30 ce
1228 3021 93 44 soit
1350 3020 264 54 d'étranger
1642 3031 60 29 ou
1733 3017 57 44 de
1820 3017 142 56 phéno-

256 3097 167 53 ménal,
456 3097 45 54 je
536 3109 57 30 ne
628 3095 105 57 puis
766 3094 64 45 lui
865 3094 205 45 délivrer
1100 3094 57 43 de
1190 3094 249 57 passeport
1469 3095 48 39 et
1548 3090 155 44 crains
1738 3090 59 42 de
1829 3088 161 44 devoir

252 3170 336 42 l'admonester
612 3169 309 52 sévèrement,
951 3181 119 43 pour
1095 3179 90 32 son
1209 3165 129 45 désir
1364 3165 57 43 de
1449 3163 169 58 quitter
1644 3163 47 42 la
1719 3161 120 54 ville,
1866 3164 62 41 où
1957 3161 30 42 il

255 3242 111 41 remi
400 3242 84 42 des
518 3240 221 54 services,
773 3242 27 40 à
832 3241 45 42 la
907 3240 99 43 véri
1013 3241 57 53 té,
1104 3253 89 42 peu
1227 3236 398 45 considérables...

375 3339 55 4 —
458 3313 240 44 Monsieur
721 3313 41 42 le
785 3313 334 56 bourgmestre,
1143 3312 44 56 je
1207 3323 120 32 vous
1351 3309 41 44 ai
1418 3309 211 57 toujours
1653 3308 109 44 bien
1784 3307 169 45 servi...

375 3417 55 4 —
458 3391 107 54 Moi,
592 3391 94 54 oui,
717 3390 119 44 mais
863 3391 69 42 les
960 3392 173 41 autres.

374 3494 56 5 —
456 3469 136 53 Mais,
630 3468 68 43 dit
734 3468 254 54 Khosroès,
1026 3482 119 29 vous
1184 3466 183 43 oubliez
1406 3479 89 43 que
1533 3465 247 57 Mysapore
1815 3465 75 43 est
1924 3477 63 29 un

252 3555 118 43 pays
398 3542 58 43 de
486 3544 283 54 protectorat
793 3540 282 53 hollandais,
1101 3542 50 41 et
1178 3553 90 43 que
1297 3537 303 44 Goddnikum
1627 3537 78 44 n'a
1732 3537 109 55 qu'à
1867 3549 120 30 vous

251 3614 118 43 faire
397 3628 90 29 une
515 3614 232 44 demando
774 3613 324 54 contresignée
1124 3626 87 41 par
1237 3612 122 42 deux
1386 3610 214 44 notables
1628 3623 117 44 pour
1771 3608 134 44 avoir
1929 3609 56 42 de

2161 351 120 32 vous
2312 351 89 32 son
2432 336 230 46 certificat
2692 336 241 46 d'identité
2966 340 46 42 et
3043 349 83 46 par
3157 336 293 56 conséquent
3478 334 45 44 le
3554 332 125 46 droit
3708 331 58 46 de
3798 345 77 45 pas-

2160 414 174 54 seport.

2283 509 56 5 —
2369 482 103 55 Oui,
2503 482 120 46 mais
2655 496 118 32 nous
2803 496 61 31 ne
2890 482 45 45 le
2963 481 66 44 lai
3058 482 272 45 donnerons
3359 495 109 43 pas;
3500 478 33 45 il
3562 480 77 56 n'y
3670 491 117 32 aura
3815 490 85 46 pas

2160 557 119 43 dans
2301 556 46 44 le
2368 555 112 45 ville
2503 555 126 45 deux
2649 553 212 60 citoyens
2886 555 78 57 qui
2985 555 238 44 voudront
3243 553 131 46 aider
3397 555 29 43 à
3448 553 45 44 la
3516 550 383 59 dépopulation...

2282 655 57 5 —
2366 628 198 55 Pardon,
2597 641 152 46 coupa
2781 628 316 55 Goddrukum,
3129 627 79 60 j'ai
3242 628 123 45 deux
3396 627 353 45 concurrents...

2281 727 55 5 —
2363 702 127 44 Vous
2522 702 126 43 m'en
2678 701 127 44 direz
2839 702 145 43 tant...
3017 699 45 59 je
3093 699 94 46 n'ai
3233 701 106 56 plus
3372 712 182 32 aucune
3599 694 239 59 objection
3873 697 27 41 à

2157 786 121 33 vous
2306 772 133 44 faire.
2474 772 167 57 Quand
2670 774 295 55 partez-vous
2996 786 119 43 pour
3140 772 285 57 Mysapore?

2279 871 57 6 —
2362 846 121 44 Tout
2507 846 58 43 de
2593 844 135 55 suite,
2757 858 119 43 pour
2900 843 218 60 disposer
3143 846 138 41 d'une
3307 844 197 57 journée
3529 843 28 43 à
3584 839 312 52 Amsterdam,

2156 932 121 44 pour
2298 932 91 32 nos
2414 917 245 59 emplettes
2683 920 61 53 et,
2771 919 43 43 le
2841 918 110 55 soir,
2978 932 119 30 nous
3123 931 174 31 aurons
3322 918 43 43 le
3392 917 250 57 paquebot.

2278 1016 57 7 —
2363 992 123 44 Soit!
2526 992 274 54 messieurs,
2838 992 126 43 alors
3002 1004 119 32 vous
3158 1004 181 45 pouvez
3379 989 198 58 prendre
3613 988 44 44 le
3697 985 200 60 premier

2157 1065 185 54 bateau,
2375 1064 119 46 celai
2524 1065 65 43 où
2618 1064 33 43 il
2683 1065 78 56 n'y
2782 1079 41 29 ia
2847 1061 170 60 jamais
3049 1077 248 44 personne,
3330 1063 142 57 qu'on
3502 1061 88 45 fait
3618 1059 147 60 partir
3796 1073 75 30 seu-

2156 1139 174 43 lemerit
2359 1152 120 44 pour
2510 1139 211 43 s'asseur
2752 1138 112 55 qu'il
2897 1152 26 43 y
2956 1150 31 31 a
3012 1136 213 59 toujours
3258 1149 135 32 assez
3426 1136 137 44 d'eau
3595 1134 121 44 dans
3749 1133 43 44 le
3825 1147 47 29 ca-

2152 1211 97 54 nal,
2289 1224 92 44 que
2418 1210 48 44 la
2505 1209 218 49 machine
2762 1209 273 44 fonctionne
3077 1207 123 56 bì-en,
3241 1223 90 43 que
3369 1207 263 58 l'équipage
3669 1207 77 44 est
3784 1205 109 46 bieln

2157 1282 181 46 éveillé.
2372 1284 37 44 Il
2441 1282 199 46 viendra
2673 1285 103 43 tout
2808 1284 29 43 à
2870 1281 178 46 l'heure
3081 1282 28 44 à
3143 1281 380 57 l'appontement.

2276 1356 58 46 Et
2368 1355 286 46 Gambrinus
2690 1355 91 44 dit:

2276 1454 57 7 —
2358 1428 102 46 Mes
2489 1427 137 56 amis,
2660 1441 101 32 mes
2792 1427 163 54 freres,
2987 1441 119 31 vous
3137 1426 232 46 noliserez
3402 1439 113 31 sans
3547 1425 94 45 moi
3671 1426 71 43 les
3773 1437 96 32 erra-

2154 1503 181 50 bondes
2364 1503 310 58 espérances;
2709 1515 113 32 sans
2855 1500 108 55 moi,
2994 1515 121 30 vous
3145 1515 162 30 verrez
3339 1501 69 43 les
3440 1498 127 45 nuits
3598 1497 218 47 violettes
3847 1500 45 41 et

2152 1576 70 44 les
2253 1574 139 46 lunes
2425 1574 103 46 d'or
2557 1587 112 45 pur;
2705 1587 114 32 sans
2852 1572 109 56 moi,
2996 1586 119 32 vous
3148 1576 188 40 rèverez
3372 1586 81 30 sur
3483 1572 70 43 les
3587 1569 214 60 parfums
3835 1569 57 45 de

2152 1648 146 45 forèts
2328 1647 214 46 sombres
2571 1649 47 42 et
2648 1646 322 54 silencieuses,
3002 1646 77 57 qui
3110 1647 222 43 émanent
3359 1658 113 31 sous
3499 1644 196 45 l'étrave
3723 1643 63 45 du
3815 1656 52 30 na-

2152 1721 115 55 vire,
2296 1722 84 44 des
2405 1721 142 44 fonds
2574 1719 241 46 endormis
2844 1719 58 45 de
2927 1719 47 43 la
3001 1733 100 29 mer
3126 1719 59 45 de
3212 1718 279 46 Merveilles.
3520 1718 52 43 Je
3598 1731 122 30 vous
3746 1727 146 34 enver

2152 1793 68 44 rai
2258 1807 109 30 mon
2401 1793 211 58 portrait,
2649 1794 118 43 c'est
2799 1794 101 42 tout
2935 1806 52 30 ce
3022 1806 90 43 que
3147 1806 119 30 vous
3302 1804 195 45 pourrez
3533 1789 134 46 avoir
3702 1789 59 45 de
3796 1788 94 46 moi

2151 1879 116 31 avec
2297 1879 112 31 mon
2439 1865 240 55 affection,
2710 1878 114 31 mon
2857 1865 94 44 bon
2983 1863 226 46 souvenir
3236 1865 48 42 et
3312 1863 47 44 la
3389 1862 226 45 certitude
3648 1875 93 44 que
3772 1874 119 32 vous

2149 1942 252 54 empoitez,
2434 1953 92 43 que
2557 1938 110 58 quoi
2700 1938 111 57 qu'il
2844 1952 55 30 se
2927 1936 144 55 fasse,
3104 1950 52 32 se
3186 1950 140 45 passe
3356 1950 61 30 ou
3449 1950 52 31 se
3533 1935 204 55 défasse,
3770 1948 121 32 vous

2151 2024 130 31 serez
2312 2011 212 58 toujours
2552 2010 71 46 les
2654 2010 263 45 bienvenus
2946 2024 60 31 au
3036 2010 315 53 Korenbeurs,
3379 2010 64 43 où
3471 2008 78 58 j'ai
3581 2022 100 30 mes
3711 2006 154 45 habitu-

2150 2084 98 44 des.
2283 2082 241 46 Brasserie
2559 2084 58 44 de
2649 2084 48 43 la
2729 2086 121 41 terre
2884 2082 169 55 natale,
3087 2081 156 57 j'aime
3278 2081 157 45 mieux
3468 2084 70 42 tes
3572 2080 178 44 solives
3783 2079 86 44 clai-

2151 2156 93 45 reis
2279 2170 90 43 que
2403 2156 69 45 les
2507 2157 167 44 voùtes
2710 2156 58 43 de
2803 2156 250 43 diamants.
3087 2155 38 43 A
3162 2157 121 51 tous,
3318 2169 61 29 au
3415 2154 167 54 revoir,
3617 2156 48 42 et
3698 2152 39 45 si
3774 2154 116 43 c'est

2150 2231 131 42 votre
2316 2229 142 54 faute,
2495 2243 64 30 ou
2594 2229 59 44 de
2686 2229 51 44 la
2770 2229 130 44 faute
2935 2229 58 43 de
3026 2230 133 42 votre
3198 2227 213 43 bonheur
3445 2240 116 30 sous
3596 2226 73 44 les
3703 2225 185 44 climats

2151 2302 210 43 d'ombre
2396 2302 379 51 incandescente,
2814 2315 90 43 que
2940 2314 120 31 vuos
3095 2315 63 29 ne
3191 2300 216 44 reVeniez
3445 2298 146 59 point,
3628 2298 138 45 adieu
3783 2300 8 42 !

2270 2373 56 44 Et
2359 2373 80 55 toi,
2476 2373 308 57 Margarethe,
2820 2375 134 42 notre
2991 2372 139 57 petite
3167 2371 354 58 concitoyenne,
3558 2371 78 57 qui
3674 2372 95 43 t'en
3803 2383 85 31 vas

2150 2446 128 44 vivre
2300 2460 59 30 au
2381 2460 117 43 pays
2519 2447 84 43 des
2623 2446 115 54 fées,
2762 2448 208 55 emporte
2991 2458 99 31 mes
3112 2444 237 45 meilleurs
3370 2457 144 31 voeux
3530 2447 50 41 et
3596 2443 47 45 la
3662 2442 226 46 certitude

2147 2519 57 42 de
2230 2532 75 31 ma
2328 2518 106 45 vive
2458 2518 306 55 admiration;
2787 2532 61 31 en
2874 2521 158 40 retour
3054 2518 56 43 de
3134 2521 152 40 tout.es
3309 2518 71 43 les
3406 2516 368 44 bienveillances
3800 2528 88 45 que

2147 2590 43 56 je
2226 2594 43 41 te
2305 2592 155 56 garde,
2494 2592 146 44 laisse
2672 2592 44 43 le
2750 2592 79 44 fils
2864 2592 58 43 de
2958 2590 148 45 David
3139 2589 267 59 tranquille,
3443 2589 158 57 quand
3636 2589 31 43 il
3704 2588 101 44 boit
3835 2602 55 30 sa

2150 2663 126 44 bière
2306 2677 60 30 ou
2397 2664 157 57 quand
2583 2665 28 42 il
2644 2664 127 43 fumé
2801 2677 88 30 son
2918 2664 169 56 cigare,
3118 2677 54 30 ce
3199 2663 79 57 qui
3307 2662 178 44 l'incite
3514 2664 28 42 à
3570 2662 158 44 mieux
3758 2660 130 45 boire

2149 2749 53 29 sa
2237 2735 140 45 bière.
2414 2738 32 42 Il
2481 2751 108 30 sera
2621 2737 121 43 ainsi
2777 2737 45 43 le
2853 2735 216 59 symbole
3101 2737 57 43 de
3191 2738 120 42 cette
3344 2734 149 44 union
3525 2735 57 43 de
3615 2733 200 44 l'Orient
3844 2737 46 40 et

2146 2809 60 43 de
2227 2808 273 56 l'Occident,
2526 2809 62 44 du
2611 2809 209 44 boublon
2842 2813 48 39 et
2913 2809 57 43 de
2997 2809 42 43 la
3063 2809 193 43 solanée
3280 2806 79 59 qui
3383 2810 110 42 sont.
3515 2808 46 43 la
3582 2805 282 46 caractéristi-

2147 2894 90 43 que
2272 2884 152 42 mème
2461 2883 57 43 de
2554 2884 133 42 notre
2721 2884 197 56 époque.

2267 2954 69 42 Au
2361 2952 167 56 revoir,
2551 2954 315 57 Margarethe;
2888 2952 122 46 voici
3031 2954 43 43 le
3097 2954 170 44 bateau
3283 2954 6 42 !
3313 2954 51 43 Je
3384 2951 120 55 vais,
3526 2965 108 31 mon
3656 2951 113 45 cher
3787 2951 100 45 Van

2147 3025 266 56 Svuermuf,
2451 3027 37 44 si
2528 3040 121 32 vous
2686 3027 44 44 le
2767 3030 268 53 permettez,
3074 3026 306 50 commander
3415 3027 28 42 à
3478 3027 132 42 votre
3647 3025 131 57 place
3817 3024 68 43 les

2145 3098 241 45 honneurs
2415 3098 247 46 militaires
2692 3100 89 43 dus
2811 3101 28 41 à
2866 3112 88 31 nos
2984 3098 135 45 hòtes
3151 3100 57 42 de
3238 3097 288 46 distinction.

2270 3171 125 43 Pour
2425 3172 49 43 la
2508 3172 229 57 première
2770 3171 325 57 double-pinte
3126 3171 202 51 d'adieu,
3360 3185 177 33 ouvrez
3573 3172 42 41 le
3650 3170 91 43 ban
3758 3171 6 41 !

2267 3243 56 43 Et
2350 3243 69 43 les
2450 3243 242 45 tambours
2724 3243 220 43 battirent
2973 3246 45 40 et
3046 3243 69 43 les
3144 3242 334 57 arquebusiers
3509 3241 221 47 saisirent
3758 3241 125 43 leurs

2142 3316 159 61 poires
2331 3317 28 42 à
2391 3316 128 44 bière
2547 3319 49 41 et
2622 3317 71 44 les
2724 3314 241 60 portièrent
2992 3317 28 42 à
3046 3314 130 45 leurs
3209 3316 166 44 lèvres.

2265 3389 58 45 Et
2354 3391 70 43 les
2461 3392 244 42 seivantes
2740 3389 63 44 du
2838 3388 356 57 Rollmopshuis
3232 3388 259 53 réveillées,
3528 3388 236 57 portèrent
3797 3387 84 43 des

2143 3462 373 57 doubles-pintes
2542 3463 29 42 à
2598 3466 106 40 tous
2730 3462 71 44 les
2829 3460 268 46 assistants.

2265 3533 304 46 Goddrukum
2607 3534 199 57 pleurail
2841 3533 477 46 d'attendrissement.

2269 3606 66 44 Au
2367 3606 409 45 commandement
2806 3605 301 46 d'attentionl
3142 3609 152 41 toutes
3326 3606 68 44 les
3426 3605 170 56 pintes,
3628 3606 154 42 touteS
3811 3604 70 44 les

2037 3760 59 44 33
