4267 4056
342 397 56 7 —
426 371 128 54 Bien,
593 369 317 55 Goddrukum,
962 369 63 46 dit
1075 368 165 56 David,
1291 368 119 46 mais
1460 372 78 42 ton
1587 369 209 55 histoire,
1846 382 109 32 mon

223 446 123 42 tome
374 443 34 45 I.

341 542 57 5 —
424 517 72 43 Eh
522 517 122 53 bien,
675 515 165 56 David,
868 519 47 42 tu
945 529 59 31 ne
1032 529 123 44 peux
1180 529 87 44 pas
1293 514 104 45 nier
1423 528 90 45 que
1538 517 50 43 tu
1616 514 98 46 aies
1743 514 211 57 toujours

220 589 72 42 été
317 602 66 30 un
405 602 93 43 peu
524 590 161 42 serré?

342 686 56 6 —
424 660 96 45 Ah!
550 660 85 45 ah!
667 660 138 45 hurla
833 660 166 54 David,
1030 658 143 59 parie,
1206 674 59 29 ou
1292 659 46 58 je
1366 663 44 42 te
1440 660 155 45 donne
1625 674 64 29 un
1717 674 118 43 coup
1867 662 66 43 d'é-

220 733 169 57 pingle,
424 735 45 42 et
502 733 41 44 si
573 735 52 41 tu
657 733 159 57 godes,
849 733 44 57 je
920 735 44 41 te
992 747 207 43 repasse.

339 830 56 7 —
423 805 69 44 Ne
522 808 43 41 te
598 805 138 44 fàcile
767 819 99 44 pas,
901 804 179 54 voisin;
1110 804 63 45 eh
1203 804 123 54 bien,
1359 808 51 41 tu
1439 819 54 30 as
1526 803 226 59 tou-jours
1785 808 72 41 été
1888 819 63 29 un

216 891 90 44 peu
334 879 127 43 serré
474 881 22 41 ?
1218 879 7 35 I

337 975 56 7 —
421 950 209 57 Humph!

338 1048 56 6 —
422 1022 57 45 Et
505 1037 59 30 un
593 1023 119 56 jour,
739 1022 69 45 dit
832 1023 95 44 très
954 1022 94 43 vite
1075 1022 316 55 Goddrukum,
1419 1025 79 40 ton
1524 1022 78 45 fils
1627 1026 75 41 est
1725 1036 123 31 venu
1877 1037 73 30 me

215 1095 117 54 voir,
365 1100 48 39 et
446 1095 31 44 il
513 1097 92 42 m'a
637 1096 143 43 offert.
812 1096 57 43 de
903 1109 75 30 me
1011 1095 175 44 vendre
1221 1109 63 29 un
1320 1096 208 56 bouquin
1564 1096 306 56 d'estampes;
1904 1096 44 56 je

214 1170 109 43 n'en
353 1168 172 45 voulus
559 1182 84 43 pas
677 1170 210 53 d'abord,
922 1182 137 43 parce
1094 1168 113 57 qu'il
1239 1170 80 55 n'y
1350 1167 130 46 avait
1509 1182 85 43 pas
1627 1170 47 41 là
1707 1170 240 55 beaucoup

214 1242 58 42 de
299 1244 236 41 costumes
563 1242 289 53 hollandais;
880 1241 121 44 mais
1026 1241 32 43 il
1086 1256 29 43 y
1141 1255 61 30 en
1228 1241 129 44 avait.
1382 1242 219 53 d'autres,
1627 1255 170 30 encore
1824 1242 100 43 d'au-

214 1314 118 42 tres!
372 1313 172 56 j'allais
582 1316 103 41 tout
722 1314 57 43 de
817 1316 152 41 mème
1009 1313 184 44 refuser
1226 1312 216 54 l'affaire,
1482 1313 187 57 lorsque
1708 1313 239 44 Khosroès

214 1399 73 30 me
318 1387 170 43 toucha
517 1387 201 56 l'épaule
746 1389 49 41 et
823 1401 74 29 me
926 1385 229 45 conseilla
1183 1385 195 55 l'achat;
1409 1385 31 44 il
1471 1388 74 42 est
1571 1387 94 43 très
1697 1385 249 58 persuasi!,

215 1459 237 46 Khosroès
468 1460 7 44 !

334 1558 56 5 —
417 1533 56 43 Et
505 1533 110 43 d'où
648 1531 140 45 ais-tu
821 1545 53 31 ce
907 1531 305 45 merveilleux
1242 1531 282 45 conseiller?

1971 1580 10 18 I

334 1631 56 6 —
417 1606 66 44 Tu
515 1620 54 31 as
601 1606 47 45 la
678 1606 224 45 mémoire
946 1606 233 55 troublée;
1223 1606 117 45 c'est.
1382 1605 232 43 toi-mème
1645 1604 76 57 qui
1755 1618 73 30 me
1858 1604 87 44 l'as

211 1679 172 44 vendu.

333 1777 56 6 —
416 1751 95 45 Ah!
543 1752 167 45 s'écria
739 1751 166 55 David,
936 1752 57 44 de
1023 1752 104 58 plus
1155 1765 61 31 en
1245 1752 105 56 plus
1377 1750 226 55 illuminé,
1632 1750 45 56 je
1706 1749 168 45 l'avais
1902 1763 21 30 a-

211 1825 133 44 cheté
374 1825 122 44 dans
527 1825 45 44 le
605 1827 151 42 mème
786 1825 69 44 lot
886 1839 93 43 quje
1009 1825 43 43 le
1085 1825 129 43 livre.
1247 1824 201 43 J'aurais
1481 1824 62 43 dù
1575 1824 70 43 les
1679 1825 202 54 séparer.

332 1923 56 6 —
416 1899 68 43 Tu
513 1899 168 43 l'avais
713 1897 100 55 fait,
845 1897 44 57 je
919 1897 71 45 les
1021 1897 44 45 ai
1099 1896 173 44 réunis.
1305 1896 155 53 Enfin,
1491 1896 76 57 j'ai
1603 1897 118 56 payé
1753 1896 43 43 le
1827 1896 115 43 livre

209 1972 29 41 à
264 1973 80 41 ton
372 1970 93 54 fils,
496 1971 124 43 deux
647 1970 181 44 florins.

332 2069 54 5 —
414 2043 190 54 Ecoute,
649 2043 317 54 Goddrukum,
1013 2043 200 43 rends-le
1258 2042 108 53 moi,
1410 2046 47 40 et
1496 2042 45 57 je
1587 2045 40 41 te
1672 2041 269 44 rembourse

207 2128 115 31 avec
350 2114 226 54 bénéfioe,
606 2118 43 41 tu
682 2130 140 29 auras
852 2117 163 55 quatre
1042 2114 181 55 florins,
1253 2114 36 46 si
1320 2114 43 44 le
1391 2114 117 44 livre
1536 2116 73 43 est
1632 2127 62 31 en
1720 2118 84 37 bon
1834 2114 107 51 état,

210 2189 107 44 bien
343 2189 231 50 ientendu!

327 2286 59 13 —
414 2260 51 45 Je
506 2260 123 45 crois
671 2260 109 58 qu'il
823 2276 28 42 y
879 2271 205 47 mainque
1136 2260 84 45 des
1273 2273 142 45 pages
1456 2273 89 43 que
1585 2258 289 56 Margarethe
1912 2272 25 28 a

206 2333 262 44 déchirées.

329 2432 55 5 —
413 2407 56 44 Et
498 2407 245 57 pourquoi,
778 2405 373 46 mademoiselle!

328 2504 56 5 —
412 2479 133 53 Mais,
571 2479 242 44 monsieur
837 2478 163 54 David,
1028 2493 117 43 pour
1167 2479 69 43 les
1260 2490 210 45 envoyer
1494 2476 115 44 faire
1634 2476 68 44 les
1728 2474 194 44 commis

207 2551 131 45 sions
366 2553 57 43 de
450 2551 47 45 la
525 2551 240 57 princesse
793 2551 113 55 Sita,
936 2565 107 29 mon
1073 2550 136 44 amie.

328 2650 55 5 —
411 2625 57 43 Et
489 2625 113 43 elles
628 2627 108 41 sont
755 2624 111 44 loin.

327 2723 54 5 —
412 2697 85 56 Qui

327 2795 47 6 —
409 2771 90 43 Les
531 2784 188 43 pages...
752 2770 318 54 Goddrukum,
1100 2768 45 59 je
1175 2772 43 41 te
1249 2770 43 43 le
1322 2767 228 59 reprends
1578 2767 57 43 tei
1669 2765 106 58 quel
1806 2766 27 42 à
1865 2763 72 45 six

202 2841 184 46 florins.

324 2941 57 5 —
408 2915 135 54 Mais,
572 2928 109 32 mon
708 2928 176 45 pauvre
911 2915 108 55 ami,
1046 2915 44 57 je
1118 2916 108 43 n'en
1253 2913 41 46 ai
1324 2913 104 59 plus
1456 2926 92 43 que
1571 2912 49 43 la
1644 2911 191 53 reliure;
1863 2909 49 44 de-

202 2987 108 57 puis
341 3002 89 43 que
459 2987 79 58 j'ai
568 2992 80 41 ton
675 2988 133 55 livre,
839 2988 44 57 je
913 3002 59 29 ne
1001 2987 99 44 suis
1131 2987 105 58 plus
1265 2987 43 43 le
1339 2987 165 42 maitre
1534 2984 111 44 chez
1677 2982 90 44 moi
1781 2998 13 38 ;
1820 2982 87 43 Mar-

205 3061 202 55 garethe,
438 3062 27 42 à
494 3061 79 57 qui
604 3061 44 57 je
675 3061 80 44 l'ai
785 3062 170 52 donné,
986 3073 137 43 parce
1153 3073 91 43 que
1272 3058 246 52 vraiment,
1550 3057 30 43 il
1612 3069 57 31 ne
1698 3053 235 46 contenait

204 3133 100 43 rien
334 3133 159 44 d'utile
527 3147 116 44 pour
673 3133 110 55 moi,
816 3147 57 30 en
901 3147 28 29 a
954 3133 89 43 fait
1071 3133 85 43 des
1188 3133 153 43 choux
1372 3133 47 42 et
1443 3130 84 44 des
1560 3142 134 30 raves
1728 3128 82 43 des
1843 3139 69 32 sor-

200 3209 152 45 jiettes
376 3209 50 41 et
449 3207 83 44 des
558 3208 199 42 cornets.
1659 3232 5 17 .

323 3303 56 6 —
405 3279 53 43 Je
489 3293 74 29 me
597 3279 101 44 suis
731 3279 108 43 bien
872 3280 205 51 amusée,
1112 3276 188 46 affirma
1333 3274 302 57 Margarethe.

320 3376 56 6 —
407 3350 124 45 C'est
559 3364 61 31 un
651 3350 128 43 dròle
808 3351 354 51 d'amusement,
1193 3346 362 60 permettez-moi
1587 3346 101 43 de...

319 3449 56 5 —
403 3424 164 53 David,
593 3424 185 57 supplia
804 3424 164 52 Sarah,
996 3436 57 30 ne
1077 3423 75 43 dis
1179 3421 100 43 rien
1305 3423 28 41 à
1358 3424 46 39 ta
1428 3420 155 43 future
1609 3419 97 43 bru.

319 3522 56 5 —
403 3496 192 52 Jamais,
632 3495 166 46 s'écria
836 3495 164 53 David,
1037 3494 317 52 Goddrukum,
1390 3492 44 58 je
1470 3491 103 45 vais
1607 3491 187 57 jusqu'à
1827 3494 104 39 cent

196 3569 184 44 florins.

322 3668 56 5 —
404 3642 93 42 Eb!
531 3641 81 43 ehi
647 3641 65 43 dit
745 3640 316 44 Goddrukum.

3559 205 295 47 POESIA

2232 366 140 45 Alors
2405 364 234 59 Agathina
2673 363 147 60 glissa
2854 364 142 46 d'une
3026 362 113 48 Voix
3174 364 141 45 basse
3349 360 122 47 mais
3505 359 286 60 perceptible
3825 360 26 44 à

2111 453 91 32 son
2225 439 112 45 cher
2358 437 173 47 Boribo
2545 454 10 28 :

2216 538 56 5 —
2299 512 53 44 Je
2377 514 45 42 te
2445 509 167 47 l'avais
2638 509 111 46 bien
2774 510 68 45 dit
2865 509 112 60 qu'il
3002 508 113 47 était
3138 508 431 59 prodigieusement
3590 505 255 46 interessé.

2234 584 305 46 Goddrukum
2561 583 210 45 entendit
2794 585 47 43 et
2861 581 213 59 répliqua
3087 599 9 28 :

2232 682 56 6 —
2315 655 119 55 Non,
2464 655 254 55 monsieur,
2749 669 63 31 on
2838 654 169 46 n'offre
3035 669 85 43 pas
3149 658 107 42 cent
3282 653 166 45 florins
3477 667 60 31 au
3563 651 190 46 tailleur
3779 651 48 56 gé-

2108 730 130 44 néral
2271 741 209 32 reconnu
2511 727 196 47 d'utilité
2740 727 237 59 publique,
3010 731 47 41 et.
3086 726 347 46 subventionné
3464 726 59 43 de
3553 725 47 43 la
3631 722 128 46 reine
3792 724 57 43 de

2108 802 265 59 Mysapore.

2229 900 56 7 —
2312 874 50 45 Si
2395 875 116 44 c'est
2544 875 29 43 à
2598 887 55 41 ce
2686 874 246 57 dignitaire
2968 887 90 44 que
3090 874 78 57 j'ai
3203 874 250 43 l'honneur
3485 871 57 44 de
3576 870 168 58 parler,
3779 870 44 43 ré-

2108 948 163 58 pondit
2300 947 162 54 David,
2493 946 44 57 je
2566 946 181 58 préfére
2776 947 123 43 m'en
2926 946 131 55 aller,
3086 946 30 43 il
3148 947 73 43 est
3246 946 94 43 très
3369 943 118 45 tard.

2227 1045 56 6 —
2312 1020 173 44 Davidi
2530 1018 171 45 David!
2744 1020 168 43 s'écria
2951 1018 165 54 Sarah,
3157 1017 257 58 pardonne,
3457 1016 174 58 pardon
3640 1028 57 31 ne
3739 1017 105 42 tous

2103 1094 71 45 les
2203 1096 113 42 torts
2347 1107 89 43 que
2464 1094 50 42 tu
2542 1106 55 30 as
2624 1106 110 39 eus;
2763 1092 44 56 je
2836 1093 94 42 t'en
2958 1091 194 57 supplie,
3184 1091 98 44 sois
3311 1089 271 55 charitable,
3613 1088 98 45 sois
3741 1093 102 48 bon,

2103 1166 159 45 oublie
2292 1168 99 42 tout
2422 1178 52 32 ce
2506 1180 90 43 que
2626 1168 48 41 tu
2705 1178 53 31 as
2787 1163 88 45 fait
2902 1178 94 30 aux
3026 1167 219 42 autres....

2226 1265 55 5 —
2309 1238 57 44 Et
2391 1252 52 30 ce
2471 1239 144 56 qu'on
2641 1251 74 30 me
2742 1235 86 45 fait
2854 1238 26 41 à
2908 1235 277 55 moi-mème,
3214 1249 113 31 sans
3355 1248 231 43 vergogne
3599 1251 11 38 ;
3640 1234 61 43 oh
3715 1234 7 45 !
3751 1233 64 44 toi
3831 1234 8 42 !

2102 1321 122 49 pour
2253 1314 80 42 ton
2363 1310 240 59 sacripant
2630 1309 60 45 de
2720 1309 102 45 fils!
3622 1329 7 22 <

2225 1411 56 5 —
2309 1383 151 46 David
2474 1384 7 43 !
2518 1382 150 45 David
2685 1384 7 42 !
2730 1382 192 45 crois-tu
2956 1397 91 42 que
3080 1384 115 42 c'est
3228 1395 92 30 une
3353 1382 76 44 vie
3463 1394 90 45 que
3588 1382 143 43 d'ètre
3764 1394 50 31 en-

2102 1456 175 46 fermée
2324 1458 102 43 tout
2453 1455 46 45 le
2533 1455 107 57 jour
2687 1455 120 48 dajis
2842 1468 92 35 une
2969 1455 141 54 botte,
3158 1456 47 41 et
3237 1455 45 42 le
3317 1454 99 44 soir
3448 1454 57 43 de
3541 1467 58 30 ne
3646 1451 196 59 pouvoir

2102 1530 155 53 sortir,
2285 1531 29 42 à
2340 1542 143 31 cause
2511 1529 57 43 de
2593 1529 50 43 la
2669 1526 273 57 singularité
2970 1528 56 43 de
3054 1540 106 29 mon
3191 1529 256 42 costume...
3476 1526 132 43 As-tu
3637 1525 202 57 quelque

2098 1604 147 44 ichose
2283 1604 27 42 à
2337 1616 73 30 me
2451 1600 263 60 reprocher,
2749 1599 162 59 n'ai-je
2947 1614 87 44 pas
3072 1601 74 42 été
3185 1606 62 47 n(n
3287 1599 184 45 modèle
3509 1599 329 44 d'obéissance

2093 1675 198 63 jpassive
2304 1680 21 39 ?

2221 1773 53 5 —
2302 1747 68 45 Tu
2400 1749 118 44 m'as
2547 1747 136 43 coùte
2715 1746 105 57 plus
2852 1746 57 43 de
2940 1747 108 42 cent
3076 1745 165 44 florins
3273 1746 58 43 de
3360 1757 228 41 serrures,
3621 1745 29 42 à
3678 1756 164 32 casser

2099 1822 70 42 tes
2199 1821 152 44 boìtes
2381 1834 118 44 pour
2526 1818 134 46 venir
2687 1832 74 31 me
2790 1818 155 59 parler
2972 1818 57 44 de
3058 1821 81 41 ton
3166 1817 246 59 chenapan
3440 1817 57 45 de
3527 1816 124 44 fils...

2219 1919 55 5 —
2302 1892 70 45 Eh
2408 1893 122 52 bien,
2566 1891 370 59 pardonne-moi,
2973 1892 242 57 pardonne
3251 1892 28 42 à
3313 1895 47 39 ta
3392 1890 156 45 vietile
3584 1890 174 54 Sarah;
3793 1890 46 57 je

2098 1964 174 58 pleure,
2301 1966 45 57 je
2377 1966 160 57 pleure
2566 1967 28 42 à
2622 1967 70 43 tes
2723 1964 157 59 pieds;
2913 1963 40 46 si
2984 1977 111 31 mon
3124 1963 116 59 petit
3266 1963 184 55 Ismael,
3482 1962 79 58 qui
3594 1964 95 53 est,-
3711 1962 100 57 quoi-

2097 2052 90 43 que
2213 2042 49 41 tu
2286 2052 61 31 en
2371 2038 146 55 dises,
2545 2039 182 56 poète...
3509 2036 6 25 1

2219 2136 54 5 —
2301 2110 52 44 Je
2384 2123 61 31 ne
2479 2109 74 46 dis
2587 2123 85 45 pas
2705 2109 44 45 le
2782 2109 279 45 contraire...

2217 2208 56 7 —
2300 2183 58 44 Et
2381 2183 107 53 moi,
2512 2183 46 57 je
2582 2182 103 45 vais
2707 2185 103 42 tout
2832 2183 113 53 dire,
2972 2182 38 45 si
3036 2184 82 42 ton
3141 2182 114 57 petit
3278 2182 167 44 Ismael
3472 2180 127 46 avait
3622 2179 212 46 consenti

2095 2257 28 41 à
2151 2257 372 57 t'accompagner
2551 2258 106 40 tous
2685 2255 71 45 les
2784 2254 144 57 jours,
2959 2254 208 57 pendant
3193 2268 91 43 que
3312 2255 47 42 tu
3389 2253 219 45 sonfflais
3637 2253 122 44 dans
3788 2255 47 41 ta

2094 2328 114 43 flùte
2243 2328 282 44 l'ouverture
2561 2328 64 44 du
2659 2343 22 27 «
2697 2326 192 45 Barbier
2925 2328 58 43 de
3020 2326 173 45 Séville
3209 2342 36 38 »,
3280 2329 50 42 et
3362 2326 69 44 les
3467 2342 22 26 «
3505 2325 329 45 Rendez-vous

2095 2401 56 44 de
2179 2400 139 46 noble
2346 2401 325 56 compagnie»,
2700 2404 48 41 tu
2775 2399 207 46 n'aurais
3012 2414 84 43 pas
3124 2401 72 42 été
3224 2399 38 44 si
3292 2400 101 43 dur.

2215 2498 57 6 —
2300 2472 231 58 Pourquoi
2561 2474 80 57 n'y
2673 2472 111 45 a-t-il
2815 2486 87 44 pas
2932 2471 249 46 consenti?

2215 2570 56 7 —
2299 2545 35 44 Il
2362 2546 61 43 l'a
2451 2545 86 44 fait
2565 2545 172 44 durant
2763 2547 104 55 sept
2894 2559 102 30 ans.

2215 2643 56 5 —
2297 2616 71 46 Eh
2399 2617 121 55 bien,
2551 2616 156 46 c'était
2733 2617 44 43 le
2805 2616 203 58 premier
3038 2631 99 43 pas,
3168 2616 31 43 il
3229 2616 178 44 n'avait
3434 2617 109 57 qu'à
3571 2615 260 44 continuer.

2215 2715 54 5 —
2295 2690 122 43 Mais
2436 2704 77 30 ces
2533 2690 166 57 jeunes
2720 2704 128 43 gens,
2870 2693 48 41 tu
2937 2688 113 55 sais,
3072 2704 114 30 avec
3203 2691 104 43 leur
3323 2691 216 54 Wagner,
3560 2690 103 44 leur
3679 2688 152 57 Grieg,

2092 2762 100 43 leur
2221 2762 170 44 Fauré!
2423 2776 56 29 ca
2507 2762 220 44 n'entend
2757 2762 102 43 rien
2887 2765 27 41 à
2940 2762 47 44 la
3014 2762 231 57 musiqne,
3275 2763 28 42 à
3330 2762 45 43 la
3405 2763 153 42 bonne
3589 2759 241 60 musique!

2093 2833 263 55 D'ailleurs,
2390 2837 79 41 ton
2499 2834 79 44 fils
2610 2847 59 31 ne
2701 2834 222 45 débestait
2953 2847 85 46 pas
3071 2836 44 42 la
3147 2834 137 54 finte;
3317 2834 29 42 il
3382 2836 94 42 m'a
3506 2834 69 44 dit
3604 2836 224 43 souvent.:

2092 2907 44 43 la
2165 2907 128 54 flùte,
2325 2907 158 44 c'était
2507 2908 319 46 l'instrument
2855 2908 56 43 de
2939 2907 232 58 Marsyas.

2212 3003 56 7 —
2299 2978 204 46 Connais
2526 2993 131 43 pas...

2212 3076 55 5 —
2296 3052 33 41 Il
2359 3050 219 59 ajoutait:
2608 3052 119 44 Mais
2754 3052 216 58 Marsyas
3000 3067 58 28 en
3085 3050 150 60 jouait.
3262 3052 158 44 mieux
3448 3066 89 44 que
3566 3066 108 30 mon
3706 3053 123 57 pére,

2088 3126 47 40 et
2164 3123 39 44 si
2232 3124 215 57 Marsyas
2478 3124 179 44 n'avait
2682 3138 86 43 pas
2798 3125 40 43 si
2871 3124 107 43 bien
3006 3124 108 57 joué
3144 3125 57 43 de
3232 3125 48 43 la
3306 3124 130 55 fiate,
3468 3138 64 30 on
3558 3138 59 30 ne
3643 3123 188 45 l'aurait

2088 3209 86 43 pas
2198 3196 196 44 écorché
2417 3199 100 42 tout
2539 3196 110 45 vif...
2674 3196 167 46 C'était
2862 3199 224 54 peut-ètre
3109 3198 119 44 dans
3252 3200 80 42 ton
3354 3196 213 46 intérèt...
3590 3205 50 35 tu
3663 3195 165 46 faisais

2092 3271 100 55 trop
2221 3270 57 43 de
2306 3271 239 56 progrès...

2210 3367 56 6 —
2293 3342 32 44 Il
2356 3356 25 44 y
2412 3356 26 30 a
2466 3344 83 42 des
2577 3342 349 45 contribuables
2954 3345 137 55 qu'on
3121 3344 247 44 n'écorche
3396 3356 84 44 pas
3508 3345 100 42 tout
3632 3341 114 55 vifs;
3773 3355 52 31 ce

2086 3415 122 48 n'est
2236 3427 85 45 pas
2351 3429 180 30 comme
2559 3416 93 43 moi
2682 3415 57 44 de
2768 3427 52 31 ce
2850 3415 265 44 monent-ci.

2210 3513 54 5 —
2293 3487 166 55 David,
2490 3487 69 45 dit
2589 3487 115 55 Sita,
2737 3487 40 45 si
2810 3491 49 39 tu
2889 3501 126 31 veux
3044 3487 136 45 venir
3209 3500 114 33 avec
3355 3501 120 32 nous
3506 3490 28 42 à
3560 3488 264 56 Mysapore,

2088 3563 48 41 tu
2164 3574 60 29 ne
2253 3560 186 58 paieras
2467 3560 107 58 plus
2601 3560 170 57 jamais
2799 3560 235 57 d'impòts.
3682 3584 6 15 *

2210 3659 56 5 —
2293 3633 94 43 Ah!
2418 3646 121 29 vous
2568 3636 244 40 retournez
2842 3634 29 41 à
2897 3633 284 57 Mysapore?

1889 3769 264 82 27
