4267 4056
341 181 40 44 P
405 180 85 45 OE
504 181 128 44 SIA

1324 334 40 36 la
1393 336 85 35 vita

643 388 73 35 che
744 392 45 33 tu
815 391 56 34 mi
899 390 104 37 desti
1031 413 46 5 —
1105 404 22 24 o
1154 392 149 49 madre,
1332 397 45 34 tu
1389 395 8 37 !
1426 421 44 6 —
1498 409 81 25 non
1605 399 119 36 l'amo
1741 399 7 36 !

412 468 165 56 questo
605 467 48 45 in
678 481 66 31 un
772 472 132 42 sonet
913 472 43 41 to
986 471 123 44 della
1137 472 184 46 collana
1348 491 21 26 «
1385 477 233 57 colloquio
1633 494 21 27 »
1667 496 10 37 ;
1707 479 50 44 in
1783 494 64 30 un
1877 481 115 44 altro

412 539 122 46 della
561 542 176 43 stessa:

643 654 66 24 ma
735 642 54 37 sì:
816 644 40 36 la
883 646 86 35 vita
995 648 83 34 mia
1103 668 47 6 —
1177 660 81 24 non
1285 651 204 47 piangere,
1518 663 70 25 ora

643 715 80 24 non
751 704 20 35 è
798 707 66 44 poi
892 708 114 34 tanto
1033 707 87 36 sola
1148 720 20 24 e
1195 711 116 35 tanto
1339 723 109 25 nera.

410 783 65 43 La
508 796 226 31 coerenza
767 783 78 58 qui
880 788 24 40 è
940 787 74 43 nel
1050 788 295 58 sentimento,
1379 806 95 30 non
1508 793 75 44 nel
1618 797 224 44 concetto.
1878 797 34 42 E
1948 799 44 42 la

433 854 93 44 vita
549 861 206 41 umana?

644 958 83 36 Ben
755 959 40 36 fa
822 960 62 35 chi
916 960 41 37 fa
985 983 44 5 —
1056 962 60 37 sol
1144 963 63 36 chi
1237 976 81 25 non
1346 966 51 48 fa,
1425 966 42 37 fa
1494 969 104 35 male
1614 980 8 24 :

411 1051 107 30 ecco
553 1038 417 48 un'affermazione
1005 1043 272 46 ottimistica
1310 1061 30 29 a
1372 1048 73 43 cui
1482 1051 23 40 è
1540 1049 155 44 lucido
1731 1053 261 43 commento

411 1112 114 42 tutta
555 1111 47 43 la
635 1112 213 57 georgica
882 1128 88 29 con
1002 1116 48 43 la
1082 1131 87 30 sua
1202 1117 288 58 giocondità;
1524 1135 78 31 ma
1633 1124 45 41 la
1712 1123 278 45 concezione

412 1182 346 47 risolutamente
780 1186 216 56 negativa
1015 1191 292 55 contengono
1327 1192 130 44 molti
1479 1193 105 45 altri
1605 1194 359 57 componimenti
1983 1213 6 25 :

412 1255 26 41 il
480 1256 302 56 «Bordone»,
821 1259 47 43 la
906 1260 281 55 «Felicità»,
1227 1263 253 46 T«Ultimo
1520 1266 239 58 Viaggio»,
1811 1267 13 43 i
1866 1269 125 56 quali

410 1342 94 29 non
534 1330 128 43 tanto
695 1329 289 46 dimostrano
1018 1337 174 52 quanto
1223 1335 146 45 fanno
1402 1338 173 44 sentire
1604 1338 236 48 l'inutilità
1872 1341 121 43 della

408 1399 96 45 vita
541 1413 89 31 con
666 1417 64 28 un
765 1407 327 42 accoramento
1129 1409 100 42 così
1266 1409 229 56 profondo
1531 1411 51 44 in
1598 1411 130 50 .certi
1766 1413 130 56 punti
1935 1414 59 43 da

413 1473 196 48 trovarsi
647 1488 186 44 appena
868 1475 50 44 in
956 1477 245 58 Leopardi.
1242 1480 164 45 Sicché
1445 1482 157 45 niente
1640 1484 45 44 di
1725 1484 265 54 definitivo;

410 1557 94 32 non
535 1547 213 54 concetti,
780 1563 77 29 ma
889 1549 268 46 sentimenti
1190 1552 149 44 anche
1371 1554 78 57 qui
1482 1580 56 5 —
1571 1556 161 45 sorrisi
1765 1572 25 29 e
1823 1558 168 56 sospiri

411 1618 290 56 egualmente
735 1620 181 45 sentiti:
949 1621 278 47 incoerenze
1262 1626 218 45 coerenti.
1515 1627 34 43 E
1584 1629 47 43 la
1661 1629 181 45 verità?

790 1724 146 35 sosta...
965 1723 160 38 Trovò?
1155 1726 92 36 Non
1274 1739 170 34 gemono
1471 1730 37 35 le
1535 1735 113 42 porte

694 1781 89 47 più:
812 1787 108 33 tutto
948 1785 143 37 oscilla
1117 1789 43 33 in
1188 1800 56 24 un
1271 1789 169 36 silenzio
1468 1794 176 33 austero.

695 1843 138 47 Legge
849 1844 51 36 ?...
934 1846 64 36 Un
1025 1848 152 35 istante
1193 1859 8 34 ;
1230 1860 19 24 e
1277 1850 111 35 volta
1414 1851 37 35 le
1479 1855 182 33 contorte

792 1908 159 46 pagine,
980 1919 20 24 e
1028 1910 118 34 torna
1173 1909 50 36 ad
1250 1911 206 47 inseguire
1483 1912 30 35 il
1539 1925 107 24 vero.

412 1982 174 56 Questo
617 1984 179 54 lettore,
831 1989 164 53 questo
1032 1987 206 54 scettico,
1272 1990 24 43 è
1329 1990 173 44 l'uomo

695 2085 73 38 che
795 2086 160 49 sfoglia,
983 2092 138 34 avanti
1150 2090 187 49 indietro,
1365 2093 175 37 indietro
1568 2097 149 43 avanti,

697 2149 106 35 sotto
830 2149 39 35 le
895 2149 129 48 stelle,
1052 2151 31 34 il
1109 2151 104 36 libro
1240 2152 66 37 del
1333 2154 180 37 mistero.

414 2225 29 42 E
491 2224 46 44 di
581 2225 191 46 mistero
816 2227 106 58 egli,
955 2229 33 44 il
1032 2232 152 56 poeta,
1229 2234 133 56 parla
1405 2236 197 46 sovente
1631 2239 361 54 presentandolo

411 2310 88 32 con
527 2297 119 47 forte
674 2299 273 58 intuizione,
979 2316 132 32 come
1141 2304 139 45 alcun
1309 2306 85 43 che
1426 2307 223 46 sensibile
1680 2309 114 45 fatto
1827 2310 45 44 di
1905 2325 59 31 om-

414 2370 81 43 bra
527 2384 26 30 e
589 2371 44 43 di
671 2371 196 46 silenzio
904 2372 32 59 (i
972 2375 125 44 soliti
1131 2377 219 43 elementi
1386 2379 304 60 pasoolianj):

695 2478 169 43 pensate
891 2488 22 23 a
940 2476 170 38 l'ombra
1136 2479 64 37 del
1226 2480 160 38 destino
1413 2484 141 45 ignoto

697 2537 74 35 cho
798 2549 49 23 ne
876 2539 188 36 circonda
1092 2540 48 36 ed
1167 2541 35 36 a'
1229 2542 144 37 silenzi
1400 2546 92 43 cupi

698 2598 73 35 che
800 2610 179 35 regnano
1007 2601 103 35 oltre
1137 2601 30 35 il
1196 2602 121 38 breve
1343 2615 103 25 suon
1473 2605 29 35 il
1530 2608 109 34 moto

794 2662 138 33 vostro
959 2672 20 24 e
1007 2662 29 35 il
1062 2661 162 48 fragore
1251 2664 107 36 della
1384 2668 138 34 vostra
1546 2678 159 35 guerra,

697 2720 138 36 ronzìo
862 2721 183 48 d'un'ape
1073 2723 143 38 dentro
1242 2725 30 35 il
1300 2725 136 47 bugno
1463 2731 160 32 vuoto...

417 2798 171 45 D'altra
617 2803 129 54 parte
776 2801 91 58 egli
899 2804 138 44 crede
1069 2829 56 7 —
1157 2807 137 43 crede
1325 2807 127 45 nella
1483 2808 188 46 scienza
1703 2824 24 30 e
1758 2810 121 46 nelle
1912 2826 83 30 sue

416 2873 306 55 conclusioni,
748 2874 50 44 in
821 2876 149 59 poche
994 2890 29 31 o
1047 2876 52 46 in
1123 2879 158 52 molte,
1306 2894 97 31 non
1427 2879 215 60 importa,
1668 2895 78 31 ma
1770 2881 41 45 ci
1837 2884 135 44 crede
1985 2901 10 36 ;

412 2958 27 29 e
463 2944 17 44 i
509 2945 103 44 suoi
642 2947 139 44 stessi
810 2949 345 57 atteggiamenti
1186 2951 45 45 di
1259 2953 167 44 umiltà
1454 2954 188 44 dinanzi
1671 2956 43 44 al
1743 2970 160 32 cosmo
1931 2959 42 43 in-

412 3016 135 46 finito
572 3031 132 43 sono,
730 3020 393 48 filosoficamente
1149 3025 245 53 s'intende,
1422 3026 189 47 identici
1638 3043 29 29 a
1691 3030 142 56 quelli
1861 3031 45 43 di
1931 3045 66 31 un

412 3091 263 55 pensatore,
699 3092 256 55 mettiamo,
980 3095 267 57 positivista
1273 3099 101 44 ch'è
1400 3099 155 45 sicuro
1583 3100 46 46 di
1656 3115 160 32 essere
1838 3106 157 42 atomo

412 3161 367 60 impercettibile,
814 3167 210 56 quantità
1057 3170 307 45 trascurabile
1395 3172 360 47 nell'universo:
1786 3175 89 57 egli
1911 3176 64 45 raf-

415 3233 150 59 figura
596 3236 244 46 l'umanità
871 3238 51 45 in
956 3254 95 30 una
1083 3241 211 58 famiglia
1327 3243 45 45 di
1407 3242 227 48 formiche
1667 3245 88 45 che
1790 3247 36 45 si
1866 3250 132 43 trova

411 3322 28 28 a
463 3321 113 30 caso
602 3322 140 45 sopra
765 3323 66 32 un
854 3309 172 58 ciocco,
1050 3312 244 48 inconscia
1318 3316 73 44 del
1419 3318 131 51 tutto,
1577 3317 159 60 ignota
1758 3320 45 44 al
1830 3322 115 42 tutto
1969 3336 28 29 e

411 3379 86 45 che
523 3379 40 46 si
590 3381 72 47 sfa
690 3395 144 31 senza
858 3383 86 46 che
967 3386 33 43 il
1026 3387 172 44 mondo
1225 3402 248 32 nemmeno
1501 3403 50 31 se
1577 3405 58 29 ne
1662 3392 142 44 addìa
1827 3417 56 7 —
1908 3406 88 33 con

412 3452 99 54 che,
544 3452 338 52 dell'universo
909 3469 28 31 e
970 3457 124 44 della
1123 3458 98 44 vita
1252 3461 25 43 è
1309 3459 76 59 già
1416 3462 110 43 data
1555 3476 98 30 una
1684 3463 311 59 spiegazione.

417 3524 97 45 Uno
537 3525 285 47 scetticismo
845 3528 188 58 dunque
1056 3530 59 44 ed
1140 3546 94 29 una
1256 3532 120 45 fede.

530 3598 249 47 Torniamo
819 3614 59 31 un
916 3604 74 53 po'
1027 3602 225 47 indietro:
1290 3608 211 43 concetto
1536 3607 349 48 fondamentale
1920 3612 75 44 nel

2296 350 217 60 pensiero
2545 353 72 44 del
2649 354 180 47 Pascoli
2861 358 25 43 è
2918 359 282 45 certamente
3229 357 33 45 il
3294 358 142 56 bene;
3469 372 52 32 se
3552 360 67 45 c'è
3650 360 227 45 vocabolo

2301 437 181 44 sempre
2509 429 215 52 presente
2748 428 126 44 nella
2899 443 88 30 sua
3011 429 165 58 poesia
3200 444 25 31 e
3249 430 75 45 nel
3352 433 163 42 nostro
3539 444 138 32 cuore
3704 431 151 58 leggén-

2300 495 72 44 clol
2378 510 42 40 a,
2449 511 112 31 esso
2592 500 25 43 è
2650 500 185 60 proprio
2877 501 266 59 l'aggettivo
3175 518 21 28 «
3213 503 155 44 buono
3384 519 20 25 »
3417 520 10 37 ;
3460 519 79 29 ma
3568 506 176 42 cotesto
3777 519 76 31 con-

2297 570 119 42 cetto
2451 570 59 43 da
2543 571 136 56 quale
2714 572 115 45 altre
2865 574 308 58 logicamente
3205 575 201 57 dipende
3437 590 27 31 e
3498 576 287 46 scaturisce?
3821 603 56 6 —

2297 640 146 44 dov'è
2465 641 47 44 la
2532 641 150 58 logica
2702 644 263 47 dell'etica?
2988 646 194 45 L'uomo
3205 646 259 58 sappiamo,

2581 744 148 48 sfoglia
2755 749 139 34 avanti
2922 746 188 49 indietro,
3138 748 175 38 indietro
3341 750 138 36 avanti

2400 816 11 9 J(
2482 813 4 12 *

2300 833 33 45 il
2347 834 121 46 libro
2496 837 73 43 del
2597 837 198 59 misteroj
2816 854 27 30 e
2868 839 49 45 la
2945 840 147 45 verità
3119 856 95 30 non
3242 842 39 43 si
3310 842 275 57 raggiunge;
3615 843 263 57 l'aggettivo

2297 922 22 25 «
2335 906 155 45 buono
2505 923 22 27 »
2551 923 94 29 non
2668 912 24 41 è
2717 910 131 59 figlio
2874 913 72 43 del
2971 913 218 56 pensiero
3213 928 77 29 ma
3313 914 75 43 del
3412 928 138 30 cuore
3575 928 25 30 e
3625 915 119 45 dove
3768 931 110 44 pare

2296 978 44 44 di
2376 980 176 57 poterlo
2584 980 215 46 renderlo
2832 983 236 44 razionale
3100 998 90 30 con
3224 999 61 29 un
3317 989 283 52 argomento,
3636 990 163 54 questo
3834 988 39 44 ci

2296 1050 190 46 vanisce
2523 1051 46 45 in
2609 1052 303 58 sentimento;
2950 1055 169 57 perchè
3157 1056 51 45 iti
3241 1056 119 45 fatto
3394 1056 40 45 si
3473 1058 236 45 dovrebbe
3745 1074 133 31 esser

2297 1122 178 46 buoni?
2500 1139 109 30 ecco
2637 1139 59 30 un
2728 1140 113 43 gran
2866 1127 183 58 perchè,
3077 1143 52 31 se
3155 1144 94 29 non
3279 1131 114 42 Lutto
3418 1130 32 43 il
3479 1130 192 58 perchè:

3055 1231 106 35 sulla
3187 1244 126 33 prona
3342 1239 106 29 terra

2580 1290 143 46 troppo
2751 1289 20 37 è
2799 1290 28 35 il
2855 1293 167 34 mistero
3049 1303 21 24 e
3097 1292 86 35 solo
3211 1291 61 36 chi
3303 1294 209 44 procaccia

2580 1348 137 37 d'aver
2741 1353 214 44 compagni
2985 1353 42 33 in
3053 1364 73 24 suo
3154 1354 123 34 timor
3303 1365 81 23 non
3411 1366 89 23 erra
3515 1366 8 34 ;

2297 1437 235 47 insomma
2556 1440 47 44 la
2628 1455 159 42 paura.
2819 1442 33 44 11
2881 1442 189 46 mistero
3098 1446 24 42 è
3150 1444 32 44 il
3211 1444 157 45 babau
3394 1445 269 47 dell'anima
3691 1460 186 42 umana,

2298 1512 45 43 di
2367 1513 165 56 questo

3081 1606 257 38 fanciulletto
3366 1611 127 33 mesto

2581 1668 137 34 nostro
2744 1665 132 38 buono
2903 1668 150 36 malato
3081 1667 306 38 fanciulletto....

2296 1755 71 44 fio
2412 1756 254 56 adoperato
2708 1760 199 55 apposta
2951 1759 32 43 il
3016 1761 228 44 vocabolo
3278 1777 22 27 «
3315 1762 157 44 babau
3484 1778 23 26 »
3540 1763 168 57 perchè
3744 1778 133 30 serve

2298 1841 28 29 a
2352 1827 170 45 fissare
2541 1827 35 45 il
2597 1828 280 49 sentimento
2897 1831 308 46 fanciullesco
3225 1834 75 43 del
3321 1837 139 54 poeta
3478 1836 86 43 che
3585 1835 149 45 anche
3755 1836 76 57 qui
3854 1839 23 41 ò

2294 1899 386 46 immensamente
2703 1901 80 58 più
2805 1901 156 46 vicino
2985 1917 30 30 a
3039 1905 50 43 sè
3113 1904 225 46 fanciullo
3363 1906 86 44 che
3472 1921 96 30 non
3591 1922 29 29 a
3644 1910 51 42 sè
3718 1922 154 30 uomo.

2295 1971 170 45 Anima
2487 1987 28 29 e
2536 1972 228 57 jumanità,
2789 1974 42 45 si
2857 1974 112 53 noti,
2997 1978 196 43 tornano
3221 1992 165 45 spesso
3412 1979 198 57 figurate
3636 1980 48 43 in
3710 1984 165 53 questo

2297 2043 307 60 atteggiarne#
2611 2046 47 43 to
2671 2060 10 29 :
2707 2061 22 27 «
2742 2044 15 45 i
2786 2046 90 44 due
2901 2046 209 46 fanciulli
3126 2065 23 26 »
3175 2063 26 30 e
3227 2066 21 26 «
3262 2049 15 44 i
3307 2051 89 44 due
3422 2051 153 45 orfani
3591 2067 22 27 »
3640 2051 40 48 si
3708 2067 168 30 amano

2294 2130 27 29 e
2349 2115 39 46 si
2414 2119 197 42 sentono
2635 2133 21 26 «
2672 2117 141 44 buoni
2830 2134 21 25 »
2875 2133 83 42 per
2979 2120 46 42 la
3048 2134 160 42 paura,
3234 2123 71 42 eh'
3321 2124 24 42 è
3371 2123 125 52 buio,
3523 2125 71 43 eh'
3610 2128 24 41 è
3660 2126 190 44 mistero
3866 2145 8 26 :

2583 2220 67 34 via
2677 2220 68 35 via
2769 2219 86 36 fece
2881 2219 70 48 più
2977 2233 137 34 grosse
3142 2223 102 36 onde
3272 2236 20 23 e
3319 2224 70 46 più
3415 2237 89 25 rare

2584 2279 29 35 il
2639 2279 60 35 lor
2725 2281 245 46 singhiozzo,
3000 2293 70 34 per
3096 2295 80 23 non
3203 2296 43 23 so
3274 2285 73 36 che
3375 2297 96 25 nero

2583 2339 73 36 che
2684 2340 65 36 nel
2776 2341 168 37 silenzio
2971 2344 34 34 si
3032 2343 134 36 sentìa
3191 2356 175 35 passare.

2300 2431 34 43 Il
2357 2445 131 30 «non
2510 2447 53 30 so
2587 2433 84 44 che
2695 2446 149 31 nero»
2867 2436 23 42 è
2913 2435 46 43 la
2982 2449 147 44 paura
3150 2437 312 45 conciliatrice
3486 2440 46 43 di
3557 2441 164 54 bontà;
3745 2445 135 42 torna

2296 2504 48 43 la
2368 2503 163 47 madre
3237 2503 4 47 '

2934 2609 20 21 u
2982 2609 19 23 e
3029 2597 121 37 buoni
3180 2599 102 35 oltre
3310 2600 28 34 il
3365 2604 181 33 costume
3573 2616 20 20 »

2584 2655 152 37 dormir
2762 2656 29 35 li
2818 2656 92 37 vide
2938 2657 108 36 Puno
3074 2658 174 37 all'altro
3276 2663 146 34 stretto
3439 2673 8 34 ;

2298 2748 97 44 così
2416 2747 16 44 i
2460 2748 90 44 due
2571 2747 150 45 orfani
2741 2749 75 42 nel
2836 2749 100 43 loro
2957 2749 214 45 tettuccio
3192 2750 186 46 avvolto
3396 2750 127 55 'dajle
3542 2756 191 43 tenebre
3755 2757 37 43 si
3817 2757 40 43 di-

2299 2832 132 42 cono,
2458 2820 232 52 temendo,
3277 2820 4 54 ,
3403 2825 5 39 !

2585 2913 164 34 stammi
2776 2912 153 35 vicino:
2957 2914 146 34 stiamo
3129 2914 44 35 in
3199 2925 121 36 pace:
3347 2916 148 38 buoni:

2298 3027 55 6 —
2381 3001 177 46 uomini
2573 3004 8 42 !
2613 3028 54 6 —
2696 3003 285 45 ammonisce
3009 3004 33 44 il
3070 3008 137 54 poeta
3232 3010 209 42 uscendo
3471 3011 74 43 dal
3577 3011 214 58 simbolo,

3039 3107 85 37 solo
3150 3108 66 36 chi
3242 3114 207 42 procaccia

2584 3164 135 39 d'aver
2746 3170 212 45 compagni
2985 3170 43 34 in
3055 3180 73 25 suo
3155 3171 121 35 timor
3302 3184 80 24 non
3409 3184 100 26 erra.

2298 3255 65 56 Si,
2391 3257 345 45 concludendo:
2763 3271 113 43 pace
2903 3272 26 31 e
2957 3258 143 46 bontà
3125 3275 83 43 per
3234 3262 188 47 ovviare
3451 3266 94 45 alla
3572 3283 159 42 paura.

3253 3455 253 43 Emilio
3535 3460 293 42 Zanette.

2343 3634 330 46 [Continuazione
2699 3648 20 24 e
2743 3637 78 47 fine
2847 3638 44 35 al
2908 3640 207 45 prossimo
3140 3640 216 50 fascicolo).

2070 3736 98 111 42
