2524 3281
1219 376 446 50 TOTENFEIER

974 503 68 30 Der
1065 503 107 32 stillste
1196 505 153 32 Friedhof
1369 518 67 20 war
1460 509 58 30 mir
1541 508 74 33 heut
1639 520 38 21 zu
1701 510 72 33 laut.

973 606 75 31 Nun
1071 606 56 32 hat
1150 607 56 32 der
1229 608 117 33 Abend
1370 610 64 31 sich
1459 612 69 30 aufs
1553 613 89 32 Korn
1667 614 162 42 gebreitet.

973 657 54 31 Ich
1050 658 96 39 stehe,
1170 660 86 42 rings
1281 672 65 20 von
1370 663 220 43 Dämmerung
1613 671 156 36 umgraut,

973 709 60 31 den
1058 711 143 32 feuchten
1225 713 86 31 Blick
1333 713 47 32 ins
1404 714 187 43 Sonnegold
1614 718 154 40 geweitet,

973 762 63 31 und
1061 762 82 39 sehe,
1167 764 60 31 wie
1252 764 58 31 das
1334 765 89 31 Licht
1445 767 47 30 ins
1516 768 125 31 Dunkel
1666 769 113 42 gleitet,

972 814 63 31 und
1060 814 100 32 denke
1185 816 112 39 deiner,
1322 818 100 31 meine
1447 823 66 27 tote
1536 820 99 31 Braut

973 920 66 30 Der
1061 920 107 31 stillste
1192 922 155 32 Friedhof
1366 934 67 21 war
1458 924 56 32 mir
1538 925 75 32 heut
1635 937 39 20 zu
1698 927 72 32 laut.

1103 1102 425 49 VERHALTENE
1563 1107 210 46 KRAFT

968 1236 68 31 Der
1060 1236 108 31 Häuer
1192 1239 74 42 liegt
1289 1240 31 30 in
1344 1240 62 32 den
1430 1242 117 31 Stollen
1570 1244 148 40 geprefst,

967 1287 65 31 hält
1055 1292 82 27 starr
1161 1290 49 31 die
1234 1291 97 43 eisige
1354 1293 111 30 Hacke
1490 1294 67 31 fest.

967 1379 70 31 Aus
1061 1382 205 31 unterirdisch
1289 1383 108 32 kühler
1422 1384 93 32 Gruft

967 1431 94 42 steigt
1085 1433 68 31 eine
1177 1434 235 32 moderfeuchte
1437 1437 80 31 Luft.

967 1522 60 31 Die
1050 1521 105 32 blasse
1181 1523 234 44 Grubenlampe
1438 1527 93 32 flackt
1556 1547 43 3 —

969 1612 57 32 des
1050 1614 126 30 Häuers
1201 1613 111 31 Hacke

966 1665 94 31 hackt

964 1716 42 32 im
1026 1716 98 39 Takt;

964 1809 48 29 ein
1036 1809 141 40 Tropfen
1200 1809 123 42 schlägt
1346 1809 63 32 ihm
1433 1811 47 31 ins
1506 1813 118 31 Genick
1647 1833 44 3 —

964 1869 34 21 er
1020 1859 144 38 knirscht,
1190 1860 82 31 doch
1296 1862 91 31 zuckt
1410 1873 33 20 er
1467 1864 83 32 nicht
1573 1866 123 37 zurück,

963 1911 65 31 hält
1051 1913 74 30 steif
1145 1912 61 32 den
1230 1912 176 44 knochigen
1429 1915 131 32 Nacken
1584 1917 137 41 geduckt

964 1963 64 30 und
1051 1963 162 39 hämmert,
1232 1991 6 5 .
1255 1990 5 6 .
1277 1965 47 31 bis
1349 1976 34 20 er
1407 1967 218 33 weiterruckt.
1642 1994 27 6 ..

962 2053 85 32 Fern
1063 2053 82 32 lacht
1161 2055 66 30 sein
1243 2056 113 31 Knabe
1375 2057 42 32 im
1432 2058 215 33 Sonneschein

962 2155 34 20 er
1019 2150 78 37 nagt
1122 2145 48 32 die
1194 2146 98 43 Lippe

962 2196 63 32 und
1050 2197 154 31 hämmert
1227 2199 94 30 drein.

1123 2373 618 52 KLEINSTADTIDYLL

960 2509 67 31 Der
1050 2508 189 43 Marktplatz
1262 2512 78 30 ruht.
1387 2513 67 30 Der
1477 2514 149 32 Brunnen
1650 2517 30 30 in
1704 2517 55 30 der
1783 2518 88 30 Mitte

960 2561 127 31 rauscht
1111 2562 28 30 in
1165 2562 56 31 der
1244 2563 243 33 Sommernacht
1503 2591 6 7 .
1526 2591 7 6 .
1553 2567 59 31 wie
1636 2568 89 31 reifes
1750 2569 89 31 Korn
1848 2580 6 27 ;

959 2623 64 21 von
1048 2614 124 31 weitem
1196 2614 100 31 hallen
1320 2616 249 34 würdeschwere
1592 2619 143 39 Schritte,

958 2664 65 31 und
1048 2666 240 32 melancholisch
1311 2668 63 31 ruft
1398 2668 56 32 das
1479 2670 241 33 Wächterhorn.

1510 2867 0 0 144
