2611 4150
164 188 94 53 plus
286 203 45 27 sa
360 188 131 40 mère.
525 186 33 41 Il
585 185 68 41 n'a
682 183 141 42 même
849 181 159 51 jamais
1037 182 66 41 été
1134 180 138 41 Da'da.
1302 179 166 41 Alors?
1501 178 96 50 Que
1627 177 130 43 disait
1789 174 257 46 Comœdia?
2079 176 37 40 Il
2150 173 145 43 fallait
2325 173 97 42 bien

164 248 181 41 insulter
372 260 66 26 ses
464 244 112 42 amis
603 256 108 38 pour
739 240 183 52 pouvoir
951 240 93 42 dire
1073 253 8 27 :
1109 239 53 50 Je
1190 238 89 42 suis
1308 235 116 44 seul!
2223 257 7 8 •
2263 235 4 59 •

164 305 55 45 Et
251 306 50 41 de
334 304 82 41 fait
447 304 37 40 le
514 301 112 43 voici
656 301 104 42 seul.

164 407 170 51 Jupiter
365 405 167 50 change
561 410 95 36 tout
687 403 51 41 de
766 400 142 44 même
941 400 95 52 plus
1069 399 154 43 d'amis
1256 412 82 35 que
1367 397 52 42 de
1454 395 199 42 femmes.

167 532 70 40 Au
263 529 158 43 comité
445 528 56 41 du
529 525 198 52 Congrès
754 526 52 41 de
833 524 141 50 Paris,
999 524 167 42 chacun
1193 537 77 36 par
1297 522 167 42 crainte
1489 520 73 41 des
1589 524 163 43 autres,
1776 533 26 26 a
1828 518 107 41 dans
1964 532 45 26 sa
2036 516 137 51 poche
2199 529 56 28 un
2283 514 119 42 révol-

166 604 90 28 ver.
293 588 59 42 Ce
388 596 100 34 sont
524 587 51 41 de
607 587 111 40 bons
752 583 130 45 Amis
917 597 82 38 que
1035 584 60 43 les
1131 581 117 45 films
1284 579 281 50 américains,
1601 578 262 51 pernicieux
1896 576 241 51 exemples,
2174 581 76 37 ont
2284 580 119 35 trans-

169 647 167 42 formés
372 660 49 28 en
458 642 196 44 Bandits,

1182 699 248 54 Georges
1468 690 867 57 RIBEMONT-DESSAIGNES

207 837 187 49 Jacques
431 834 164 50 Rigaut
632 834 37 41 le
708 832 68 43 fils
812 832 214 52 prodigue
1063 844 54 29 ou
1155 829 183 52 prodige
1374 827 144 52 quand
1555 827 28 41 il
1620 842 24 27 a
1682 827 116 41 deux
1835 838 101 30 sous
1974 825 107 42 dans
2119 838 47 27 sa
2203 821 137 53 poche
2378 821 28 41 il

169 896 153 44 achète
357 910 85 28 une
475 900 117 37 auto.

1663 943 262 59 Philippe
1960 939 375 49 SOUPAULT

572 1115 200 61 LES
840 1113 447 63 BONNES
1369 1105 655 66 RELATIONS

226 1222 35 40 Il
300 1227 64 35 est
401 1218 425 43 malheureusement
862 1215 204 51 toujours
1103 1213 199 52 question
1334 1211 58 44 'de
1429 1209 245 44 s'entendre
1710 1216 40 35 et
1788 1209 51 42 de
1875 1222 53 27 ne
1964 1206 97 53 plus
2099 1220 44 27 se
2180 1217 151 43 passer
2371 1202 60 41 les

171 1294 79 27 uns
284 1279 73 44 des
390 1283 160 36 autres.

176 1337 12 15 v
1287 1329 22 24 *!<

226 1396 60 44 Le
320 1393 104 52 petit
458 1393 74 51 jeu
566 1392 73 41 des
672 1390 277 43 accusations
988 1390 81 41 fait
1105 1389 52 43 de
1191 1402 199 28 nouveau
1430 1387 166 41 fureur.
1630 1385 85 45 Les
1750 1389 179 36 avocats
1964 1386 183 37 mettent
2185 1385 119 37 toute
2340 1380 92 41 leur

177 1455 182 42 fortune
394 1467 76 28 sur
505 1451 40 42 l'a
575 1450 129 44 table.
742 1449 246 45 L'honnête
1022 1448 181 42 homme
1236 1446 182 52 général
1451 1452 41 36 et
1524 1443 416 52 l'infâme,'rouges
1974 1441 104 41 d'un
2112 1439 96 43 côté
2243 1448 42 34 et
2317 1436 122 52 pâles

174 1512 52 42 de
261 1512 165 47 l'autre,
461 1509 174 41 hurlent
671 1522 51 28 en
757 1507 144 41 même
934 1513 140 45 temps
1108 1520 7 27 :
1159 1521 20 22 «
1218 1503 139 45 Entre
1391 1503 215 49 hommes,
1641 1516 55 27 on
1731 1516 54 26 ne
1818 1515 45 27 se
1901 1499 82 41 fait
2018 1512 77 38 pas
2130 1497 89 52 çà!.
2258 1512 21 26 »
2324 1495 111 51 Cinq

174 1570 188 41 minutes
392 1568 128 51 après
555 1568 50 40 ils
640 1573 97 35 sont
770 1580 158 28 encore
961 1579 50 27 en
1044 1564 81 49 vie,
1160 1564 38 41 le
1232 1561 211 52 septième
1475 1559 217 52 poignard
1728 1566 64 35 est
1824 1558 89 41 usé.

230 1686 60 45 Le
315 1699 120 28 cœur
459 1684 26 41 à
510 1684 40 42 la
576 1683 141 50 mode,
743 1688 112 37 cette
879 1681 137 42 année
1042 1688 40 35 et
1110 1681 39 41 la
1176 1679 212 51 suivante,
1416 1684 115 35 reste
1555 1678 108 41 dans
1691 1677 61 41 les
1782 1674 161 42 limites
1968 1674 55 42 de
2050 1673 40 43 la
2119 1679 117 35 terre
2262 1688 26 26 a
2314 1685 123 38 papa.

1293 1739 19 22 *

231 1800 108 43 Paul
370 1800 169 44 Eluard
564 1799 116 43 aime
708 1797 158 51 Tzara,
894 1797 111 44 mais
1032 1803 94 36 tout
1156 1796 38 42 le
1221 1795 160 43 monde
1407 1794 83 43 sait
1518 1794 102 50 qu'il
1646 1808 28 35 y
1702 1806 52 30 en
1781 1808 25 28 a
1834 1805 57 28 un
1918 1796 127 37 autre
2070 1790 73 51 qui
2169 1787 161 45 n'aime
2357 1801 82 38 que

176 1861 110 43 Paul
325 1860 180 45 Eluard.

234 1978 99 43 Mes
365 1991 153 30 revues
552 1975 227 52 préférées
811 1989 7 27 :
855 1971 291 47 PEISSOIR

863 2044 205 46 PAGES
1105 2032 369 55 DÉCHIRÉES
2246 2081 6 6 .

865 2109 292 45 DERNIER
1199 2097 115 54 GÙI

772 2178 6 7 •
864 2167 156 47 ALA
1057 2165 212 45 PORTE
1303 2166 41 40 A
1378 2163 239 45 MINUIT

238 2292 441 50 DISPARAITRE
723 2290 171 47 C'EST
944 2289 286 47 REUSSIR.

238 2412 134 43 Oubli
404 2410 178 47 gratuit,
616 2411 40 41 la
688 2410 70 42 vie
791 2423 99 28 sans
924 2408 193 49 phrases.

1882 2459 144 48 Paul
2062 2459 292 51 ELUARD

528 2606 505 66 CAHIERS
1087 2606 251 61 D'UN
1399 2583 699 82 MAMMIFÈRE

1195 2706 243 54 (Extraits)

348 2772 89 42 Oui
561 2770 84 45 Les
677 2768 262 50 Allemands
971 2775 212 44 prennent
1213 2773 95 35 tout
1338 2766 25 41 à
1394 2767 40 40 la
1465 2764 222 43 France....
1721 2763 104 42 C'en
1857 2770 64 34 est
1953 2762 277 42 honteux!....

350 2831 124 40 Vous
510 2843 127 27 savez
670 2827 94 42 bien
800 2841 82 36 que
913 2827 200 49 Wagner
1148 2825 106 42 était
1286 2822 266 52 Français....
1591 2824 36 40 11
1662 2822 106 42 était
1801 2822 89 41 très
1927 2819 439 43 Franco-Allemand
2398 2844 53 6 —

192 2890 35 41 !e
252 2890 101 42 cher
381 2889 192 41 Homme
597 2913 54 4 —
673 2900 171 28 comme
870 2894 97 33 tous
993 2886 60 41 les
1079 2885 108 41 bons
1212 2882 226 51 Français,
1465 2883 56 40 du
1548 2887 167 36 reste....

352 2946 414 48 Souvenez-vous,...
797 2944 45 50 je
872 2957 108 29 vous
1011 2942 92 52 prie
1134 2956 48 27 :...
1216 2941 37 41 Il
1286 2941 105 42 était
1422 2940 34 41 si
1489 2940 149 41 bon!...
1670 2947 42 33 et
1743 2939 35 41 si
1809 2939 52 41 de
1900 2953 21 25 «
1954 2937 239 43 chez-nous
2230 2952 21 25 »
2276 2937 63 40 !....

351 3004 87 44 Car
473 3005 28 40 il
534 3018 54 27 ne
625 3003 96 42 faut
755 3017 75 37 pas
866 3002 38 42 le
936 3001 247 42 confondre
1216 3015 106 27 avec
1362 2999 179 42 Strauss
1578 3005 40 35 et
1657 2996 325 51 Schœnberg....
2018 2995 160 42 Aucun
2216 3000 233 47 rapport,...

187 3079 154 27 aucun.
1558 3107 5 4 .
1593 3079 2 41 .
1615 3113 6 7 t
2251 3087 9 11 -

353 3120 102 46 Eux
478 3135 54 27 ne
562 3127 97 35 sont
686 3134 76 37 pas
789 3120 121 50 bons,
938 3118 97 43 bien
1065 3116 188 44 entendu
1279 3142 54 4 —
1361 3116 43 40 ni
1435 3112 225 53 Français,
1689 3113 349 41 naturellement.

1293 3174 38 34 jk

1174 3211 6 20 i
1293 3196 47 24 **

191 3238 117 43 Chez
336 3239 59 41 les
430 3253 21 25 «
478 3238 116 42 deux
624 3235 199 43 Puristes
852 3250 21 26 »
912 3249 62 28 :....
1004 3235 62 45 La
1094 3233 238 52 prochaine
1362 3230 100 51 fois,
1491 3246 47 28 ce
1566 3245 96 28 sera
1691 3245 56 27 un
1776 3229 174 43 tableau
1978 3230 53 42 de
2058 3229 237 50 Jeanneret
2324 3227 126 51 qu'on

192 3299 234 42 lacérera...

356 3355 178 42 Chacun
578 3368 76 28 son
698 3359 152 44 tour,...
891 3350 180 43 hein!....

356 3414 86 41 Pas
477 3411 203 51 toujours
715 3412 41 40 le
789 3409 195 52 même,...
1018 3410 184 41 n'est-ce
1233 3407 107 52 pas?

1295 3465 48 47 ***

195 3529 399 45 Décentralisation
625 3542 7 27 :
729 3526 238 43 Félicitons
995 3527 63 40 M.
1088 3523 182 45 Rouché
1296 3523 167 42 d'avoir
1496 3523 81 41 fait
1605 3522 51 42 de
1686 3522 181 50 l'Opéra
1895 3535 55 27 un
1982 3520 171 43 théâtre
2180 3518 277 44 absolument

194 3589 51 41 de
275 3588 207 52 province
512 3612 54 5 —
599 3586 109 41 fond
737 3585 53 42 de
847 3584 208 51 province
1085 3590 126 34 —et
1243 3583 90 41 très
1366 3581 153 50 réussi,
1552 3595 173 28 comme
1760 3579 216 42 imitation
2078 3579 72 42 On
2185 3593 45 28 se
2261 3577 196 43 croirait.

196 3647 155 45 même,
386 3661 89 26 aux
510 3643 191 44 colonies
739 3644 44 51 (à
817 3642 279 52 Djibouti)....

361 3706 81 42 Les
472 3704 227 50 étrangers
729 3717 52 27 en
811 3709 97 34 sont
945 3716 20 25 «
998 3700 219 42 momifiés
1251 3715 21 24 »
1310 3706 40 35 et
1379 3697 96 43 n'en
1513 3713 20 25 «
1568 3696 254 43 reviennent
1854 3710 76 37 pas
1963 3709 82 33 »...,

360 3762 38 40 Il
429 3777 29 35 y
488 3776 24 27 a
546 3762 51 41 de
630 3761 101 49 quoi
748 3762 49 40 !...

363 3819 135 45 Sacré
533 3820 63 41 M.
634 3818 194 51 Rouché,
863 3818 77 42 va!

200 3936 247 45 Roublards
484 3943 42 35 et
561 3934 213 45 inventifs
806 3949 6 27 :
919 3933 102 51 Oui,
1057 3933 103 43 c'est
1197 3932 229 42 Ozenfant
1462 3932 38 41 le
1536 3931 95 52 pluà
1669 3929 137 42 malin
1844 3929 73 42 des
1955 3928 117 44 dtux
2106 3953 54 5 —
2197 3941 101 29 sans
2336 3926 123 44 l'être

198 4003 178 46 trop;....
543 4009 52 28 ne
623 4008 156 35 croyez
806 4007 76 37 pas
912 4006 81 37 que
1026 4007 21 24 «
1077 3990 176 46 l'Autre
1280 4005 21 26 »
1340 3989 83 43 soit
1450 3988 97 43 bête
1575 4014 54 5 —
1656 4002 106 29 avec
1791 4002 46 29 Sfi
1868 4001 83 31 vue
1980 3987 179 43 basse..,.
