3528 4361
1712 155 107 49 204

224 306 264 64 lungensten
515 304 301 63 Aufführung
858 303 158 48 immer
1057 301 114 49 noch
1211 300 189 48 machen
1437 300 165 52 lassen;
1645 315 86 31 nur

225 384 79 47 das
343 381 179 49 möchte
562 380 68 48 ich
675 381 260 52 erwähnen,
977 376 99 49 tlass
1118 378 80 47 der
1240 378 184 62 iMangel
1467 375 80 47 der
1585 375 141 63 Orgel

223 459 139 47 durch
394 459 141 46 nichts
563 475 51 30 zu
647 465 195 40 ersetzen
873 455 90 47 sein
993 454 162 48 dürfte.
1194 455 92 46 Das
1316 452 109 49 aber
1454 450 159 48 wurde
1645 452 85 46 mir

220 536 136 49 heute
385 550 83 32 von
497 536 175 46 Neuem
705 535 111 52 klar,
854 531 84 47 wie
967 548 81 30 von
1080 531 145 48 einem
1269 529 339 50 Verständnisse
1647 530 55 46 Se-

223 612 174 49 bastian
428 611 159 48 Bach's
628 611 67 47 bei
727 610 142 46 denen
899 607 121 47 nicht
1051 610 55 44 im
1143 609 330 47 Entferntesten
1504 605 71 47 die
1604 604 125 48 Rede

223 689 92 48 sein
341 689 136 53 kann,
501 687 69 49 die
592 687 41 47 in
659 686 116 47 Bach
802 701 83 30 nur
908 684 85 48 den
1019 685 147 47 kalten
1186 682 365 50 Rechenmeister
1573 681 156 56 sehen,

223 765 80 48 der
333 765 118 48 wohl
480 765 120 47 seine
630 761 407 65 Fugen-Exempel
1067 761 85 48 wie
1183 761 97 47 kein
1311 759 209 48 Anderer
1550 775 50 29 zu
1633 775 64 31 ma-

224 844 112 45 chen
379 842 56 46 im
474 837 166 50 Stande
681 854 226 48 gewesen,
950 839 154 47 dessen
1134 837 164 47 Schule
1326 836 112 47 aber
1466 833 264 65 vollständig

220 919 259 62 verläugnet
508 915 183 48 werden
723 920 165 49 müsse,
932 931 127 31 wenn
1105 930 102 30 man
1244 912 174 48 endlich
1462 912 163 47 einmal
1656 911 71 48 die

224 995 70 48 bei
334 992 176 48 solcher
553 992 148 47 Musik
748 991 403 57 „unvermeidliche
1548 988 179 49 bannen

224 1071 142 47 wolle.
416 1070 186 48 Kenner
630 1068 80 49 der
738 1075 211 42 neuesten
978 1067 407 47 Musik-Literatur
1415 1065 182 48 werden
1628 1066 75 47 wis-

220 1164 93 38 sen,
355 1145 101 48 dass
485 1162 46 31 es
569 1146 42 47 in
640 1146 84 47 den
761 1146 155 46 letzten
943 1143 171 47 Jahren
1143 1143 122 47 nicht
1293 1159 57 31 an
1378 1143 238 55 Stimmen,
1658 1141 72 48 die

219 1225 92 47 sich
342 1225 42 45 in
413 1223 177 47 solcher
621 1222 154 48 Weise
817 1221 362 62 ausgesprochen
1218 1220 165 55 haben,
1426 1220 171 63 gefehlt
1637 1218 90 49 hat.

219 1302 92 46 Zur
341 1300 287 63 Beseitigung
649 1298 130 63 jener
811 1297 287 47 Vorurtheile
1128 1296 182 48 werden
1341 1297 216 62 übrigens
1586 1294 70 50 die
1686 1296 43 47 in

223 1394 193 33 unseren
446 1378 151 60 Tagen
626 1374 160 47 immer
823 1373 207 64 häufiger
1066 1373 274 47 werdenden
1371 1373 356 62 Aufführungen

223 1453 267 50 Bach'scher
536 1451 189 57 Werke,
774 1449 71 49 die
885 1466 79 32 vor
1005 1449 95 49 drei
1145 1449 66 49 bis
1251 1451 93 47 vier
1381 1448 345 50 Jahrzehenden

220 1532 112 47 noch
355 1528 198 48 ziemlich
578 1527 235 48 vereinzelt
833 1527 58 48 da
912 1527 207 56 standen,
1143 1528 117 47 ohne
1277 1528 182 47 Zweifel
1484 1527 143 48 daslh
1635 1526 94 63 rige

220 1608 249 62 beitragen.
518 1607 136 62 Möge
690 1604 81 49 der
799 1606 257 48 Stern'sche
1089 1606 161 47 Verein
1288 1606 113 47 auch
1434 1606 150 47 ferner
1612 1604 121 47 nicht

219 1684 236 55 ermüden,
485 1700 55 30 an
572 1683 227 65 derartige
828 1682 242 65 Aufgaben
1100 1683 90 46 sich
1221 1700 51 29 zu
1305 1682 213 54 machen;
1559 1682 142 46 Künst-

220 1763 63 47 ler
314 1759 90 50 und
436 1759 293 55 Dilettanten,
771 1759 71 47 die
879 1759 41 47 in
950 1759 79 46 der
1057 1758 286 48 Musikkunst
1371 1757 254 65 Erhebung
1656 1757 77 47 für

223 1839 124 49 Geist
386 1835 92 50 und
507 1838 118 47 Merz
659 1837 185 54 suchen,
887 1835 180 47 werden
1110 1852 45 32 es
1198 1837 90 47 ihm
1331 1835 233 47 sicherlich
1599 1834 131 48 Dank

224 1915 181 55 wissen;
436 1913 112 48 wird
576 1913 113 48 doch
719 1913 201 48 dadurch
953 1912 167 64 gerade
1150 1929 71 31 am
1252 1912 369 63 erfolgreichsten
1653 1910 80 49 der

223 1993 160 47 immer
412 1992 128 45 mehr
569 1989 235 50 überhand
833 1988 285 49 nehmenden
1151 1989 306 65 Verllachung
1487 1997 217 56 entgegen-

221 2068 264 66 gearbeitet.

333 2145 83 47 Mit
445 2144 150 47 diesen
626 2144 248 48 Gedanken
905 2144 177 47 verliess
1125 2144 68 47 ich
1233 2144 99 47 eine
1362 2145 279 45 Kunststätte

219 2223 84 47 den
333 2222 104 48 Saal
468 2222 81 47 der
576 2220 392 65 Sing-Akademie
976 2238 142 31 —am
1145 2222 191 47 Abende
1366 2219 77 50 des
1475 2222 256 62 Busstages,

220 2299 41 47 in
294 2298 165 48 hohem
487 2299 176 46 Maasse
694 2298 254 63 befriedigt,
987 2296 102 49 dass
1132 2299 84 46 mir
1258 2298 133 47 heute
1435 2298 96 45 hier
1567 2296 72 47 ein
1682 2313 47 30 so

223 2377 142 46 hoher
395 2377 174 46 Genuss
609 2393 50 29 zu
690 2375 128 48 Theil
861 2374 245 65 geworden
1148 2392 108 31 war.
1308 2377 88 45 Am
1428 2375 190 62 Morgen
1656 2373 77 48 des

221 2453 85 48 25.
337 2453 126 63 April
494 2451 176 47 verliess
708 2453 67 45 ich
807 2453 167 52 Berlin,
1019 2469 73 29 um
1137 2469 90 31 nun
1269 2451 39 47 in
1353 2451 203 47 raschem
1586 2451 147 64 Fluge

221 2530 113 47 nach
365 2529 179 63 Leipzig
570 2547 51 28 zu
653 2529 127 47 eilen.
821 2529 226 47 Zunächst
1073 2547 83 45 zog
1188 2530 113 45 mich
1334 2529 68 46 die
1434 2528 299 63 Aufführung

221 2606 79 47 der
329 2623 83 30 von
446 2606 262 47 Wilhelm
741 2606 263 47 Tschirch
1034 2606 311 64 componirten
1377 2606 149 61 Oper:
1566 2605 132 53 „Mei-

217 2693 115 39 ster
369 2684 199 47 Martin
615 2684 103 47 und
756 2684 149 47 seine
1292 2683 195 48 dorthin.
1541 2683 81 47 Die
1654 2683 50 47 Di-

221 2760 169 48 rection
433 2761 77 46 des
557 2760 209 64 leipziger
793 2761 331 47 Stadttheaters
1161 2761 75 46 hat
1272 2777 45 30 es
1346 2760 91 46 sich
1468 2774 82 32 \on
1575 2760 46 64 je
1651 2760 82 47 her

219 2855 77 31 zur
324 2838 161 47 Pflicht
524 2836 226 65 gemacht,
793 2855 44 31 es
880 2838 244 63 alljährlich
1170 2838 80 47 mit
1289 2854 146 31 neuen
1480 2839 156 62 Opern
1679 2854 51 29 zu

220 2915 270 55 versuchen;
520 2915 61 47 sie
612 2915 75 46 hat
719 2915 56 47 im
804 2915 128 65 April
963 2915 142 47 dieses
1132 2915 162 47 Jahres
1325 2915 107 46 kurz
1462 2914 146 47 hinter
1637 2914 70 47 ein-

223 2992 138 49 ander
388 2992 106 47 zwei
526 3009 114 30 neue
670 2992 156 64 Opern
856 2992 238 64 gebracht,
1125 2992 98 47 eine
1251 3009 83 30 von
1362 2992 104 47 Sch
1486 2991 245 48 liebner:

234 3071 135 54 „Der
398 3070 129 47 Gral
558 3085 96 32 von
684 3069 105 48 San
1070 3069 89 48 und
1192 3069 102 48 bald
1326 3069 200 48 nachher
1555 3069 71 47 die
1655 3085 51 47 ge-

223 3154 165 39 nannte
418 3146 409 48 Tschirch'sehe.
868 3147 92 46 Der
983 3146 141 47 durch
1147 3147 93 46 sein
1264 3145 324 48 dramatisches
1612 3146 91 47 Ton-

221 3222 206 66 gemälde
468 3224 138 54 „Eine
634 3224 147 47 Nacht
817 3224 81 48 auf
931 3224 101 48 dem
1286 3224 40 47 in
1369 3222 85 49 den
1500 3224 231 47 weitesten

221 3301 191 47 Kreisen
437 3300 197 47 bekannt
661 3301 271 62 gewordene
958 3302 278 64 Componist,
1269 3301 163 48 Willi.
1462 3300 268 48 Tschirch

223 3380 40 47 in
296 3380 137 53 Gera,
474 3377 76 47 hat
577 3377 90 47 sich
699 3377 40 46 in
769 3377 143 49 dieser
941 3379 127 64 Oper
1098 3379 78 47 das
1205 3386 119 41 erste
1354 3380 88 46 Mal
1476 3379 77 45 mit
1583 3377 146 49 einem

219 3453 353 50 Bühnenwerke
600 3453 218 49 versucht.
873 3456 170 46 Moriz
1087 3456 177 55 Horn,
1307 3455 80 47 der
1424 3455 187 47 Dichter
1653 3453 81 49 der

221 3550 82 30 \on
334 3531 116 48 Bob.
479 3532 263 46 Schumann
772 3532 308 65 compofiirten
1120 3532 303 64 „Pilgerfahrt
1452 3532 80 46 der

223 3612 76 47 hat
339 3610 92 47 ihm
471 3608 44 49 in
548 3608 81 49 der
666 3608 306 64 Bearbeitung
1014 3610 80 47 der
1134 3611 256 46 bekannten
1421 3610 310 50 IJofTmann'-

223 3688 133 47 schen
394 3686 187 48 Novelle
635 3686 211 56 „Meister
874 3687 164 47 Martin
1078 3687 88 47 und
1207 3687 120 47 seine
1660 3686 70 48 ein

224 3762 277 66 Opernbuch
531 3762 314 65 geschrieben,
880 3762 44 48 in
954 3763 216 49 welchem
1199 3763 79 49 das
1307 3763 188 66 lyrische
1526 3765 208 45 Element

226 3842 83 46 fast
336 3857 50 30 zu
414 3840 104 48 sehr
545 3840 80 48 das
654 3840 353 63 Uebergewicht
1049 3840 113 48 über
1197 3841 78 47 das
1317 3841 303 47 dramatische
1655 3857 52 47 ge-

229 3918 154 56 winnt,
424 3918 219 47 wesshalb
685 3918 115 49 auch
844 3917 71 48 die
958 3917 239 65 vieractige
1237 3920 126 63 Oper
1404 3918 78 47 das
1527 3917 207 50 Prädicat

226 3994 124 47 einer
390 3993 581 64 lyrisch-romantischen
1015 3994 130 47 mehr
1186 3993 116 48 denn
1346 3994 167 49 andere
1557 3996 41 45 in
1639 3997 63 46 An-

228 4069 163 66 spruch
421 4069 171 49 nimmt.
640 4072 98 47 Von
776 4071 168 49 diesem
977 4071 378 65 Gesichtspunkte
1399 4087 77 32 aus
1522 4088 120 31 muss
1672 4072 62 47 sie

1801 294 327 64 vorzugsweise
2159 292 243 49 beurtheilt
2432 291 200 57 werden,
2675 310 131 31 wenn
2848 291 102 50 dem
2996 291 323 65 Componisten

1801 371 122 48 nicht
1945 370 200 48 Unrecht
2168 370 253 63 geschehen
2445 370 94 47 soll.
2569 370 75 47 Ich
2676 386 174 31 maasse
2881 370 85 47 mir
2994 369 122 47 nicht
3145 385 73 38 an,
3248 369 71 47 ein

1801 446 370 50 entscheidendes
2202 446 171 48 Urlheil
2404 446 115 47 über
2547 446 78 47 das
2655 463 115 30 neue
2801 445 322 48 Bühnenwerk
3151 463 52 29 zu
3236 446 63 46 fäl-

1801 525 88 54 len,
1933 522 89 47 und
2051 524 214 45 erwähne
2294 539 103 38 nur,
2439 521 101 48 dass
2578 522 91 47 sich
2700 522 123 47 nicht
2851 522 119 47 bloss
2999 522 71 47 die
3098 538 98 31 vom
3229 521 60 47 Or-

1801 600 175 47 chester
2018 599 254 63 vorzüglich
2315 599 300 63 ausgeführte
2643 600 277 54 Ouvertüre,
2961 599 195 48 sondern
3201 597 117 48 auch

1801 676 79 48 das
1910 692 140 47 ganze
2083 676 147 48 Werk
2261 676 123 47 einer
2426 676 104 47 sehr
2562 675 259 63 beifälligen
2851 676 262 47 Aufnahme
3142 676 176 47 Seitens

1801 753 78 47 des
1896 752 265 47 Publicums
2188 751 213 48 erfreute.
2427 751 174 48 Zudem
2634 752 76 47 hat
2737 751 92 47 sich
2859 751 116 48 auch
3006 751 71 48 die
3108 751 211 63 leipziger

1801 830 149 47 Kritik
1993 828 396 64 überwiegend
2432 830 42 47 in
2517 846 49 31 so
2608 830 235 62 günstiger
2883 830 156 45 Weise
3081 828 116 47 über
3239 828 80 47 das

1801 922 116 31 neue
1959 905 278 48 Musikwerk
2290 910 248 59 geäussert,
2594 905 100 48 dass
2755 905 262 47 demselben
3072 905 120 47 wohl
3248 905 72 47 ein

1801 982 233 65 günstiges
2064 983 331 64 Prognostiken
2427 983 174 64 gestellt
2643 982 184 48 werden
2870 982 135 48 kann.
3060 981 166 48 Leider
3264 982 54 47 ist

1801 1060 71 47 die
1903 1058 457 49 Theater-Direction
2390 1060 239 64 genöthigt
2657 1075 226 49 gewesen,
2928 1057 80 50 das
3038 1057 150 50 Werk
3218 1073 76 32 vor-

1802 1136 140 66 läufig
1970 1136 171 48 wieder
2167 1136 402 56 zurückzustellen,
2608 1137 57 48 da
2694 1136 80 48 das
2801 1136 241 48 Auftreten
3072 1134 80 49 der
3182 1151 112 47 enga-

1801 1213 147 65 girten
2002 1213 306 47 italiänischen
2351 1213 451 64 Operngesellschaft
2843 1213 71 47 die
2963 1212 360 63 beabsichtigten

1805 1289 428 65 Wiederholungen
2263 1291 259 63 unmöglich
2553 1291 194 48 machte.
2801 1292 94 46 Zur
2924 1291 218 63 richtigen
3177 1289 108 49 Wür-

1801 1367 174 65 digung
2004 1367 238 48 kritischer
2270 1367 369 65 Bemerkungen,
2681 1367 71 48 die
2794 1383 84 32 von
2917 1367 125 48 einer
3077 1367 122 47 Seite
3241 1366 83 48 her

1802 1443 105 48 dem
1938 1444 323 63 Componisten
2290 1443 86 48 den
2408 1444 221 47 Vorwurf
2663 1443 209 57 machen,
2911 1442 102 48 dass
3042 1458 49 31 er
3119 1442 85 47 den
3235 1442 58 47 Er-

1802 1521 381 64 rungenschaften
2213 1521 81 48 der
2312 1522 190 48 Neuzeit
2531 1522 121 48 nicht
2681 1537 249 48 genugsam
2957 1521 251 63 Rechnung
3239 1537 52 47 ge-

1801 1606 163 55 tragen
1993 1597 136 56 habe,
2158 1597 131 48 diene
2319 1598 98 47 hier
2445 1616 85 29 nur
2559 1598 71 47 die
2653 1598 310 63 Bemerkung,
2995 1597 100 47 dass
3123 1597 92 47 sich
3245 1597 81 47 der

1804 1675 265 65 Componist
2100 1675 110 47 aller
2241 1674 280 65 unnöthigen
2552 1675 289 47 Eff'ectmittel
2870 1675 230 46 enthalten
3132 1674 93 55 hat,
3254 1673 71 47 die

1804 1753 117 48 auch
1964 1753 42 47 in
2049 1752 81 48 der
2159 1752 118 48 Thal
2322 1754 75 46 für
2439 1753 87 47 den
2577 1752 319 64 vorliegenden
2938 1752 122 47 Stoff
3094 1750 230 47 durchaus

1802 1830 124 47 nicht
1954 1847 72 30 am
2058 1830 114 47 Orte
2201 1846 210 48 gewesen
2441 1834 169 45 wären.
2670 1830 115 49 Was
2816 1828 71 48 die
2915 1828 303 63 Aufführung
3248 1827 76 48 des

1806 1907 198 48 Werkes
2032 1905 139 49 selbst
2200 1907 202 63 anlangt,
2442 1923 49 31 so
2534 1923 98 31 war
2672 1907 63 47 sie
2775 1905 115 49 nach
2921 1907 115 45 allen
3067 1904 150 50 Seiten
3250 1904 75 47 hin

1804 1983 99 48 eine
1926 1983 270 65 gelungene.
2228 1984 84 47 Die
2337 1984 137 48 brave
2497 1983 412 65 Theater-Capelle
2939 1982 160 48 wirkte
3128 1983 57 46 im
3213 1982 84 47 Ver-

1804 2062 100 47 eine
1933 2062 80 47 mit
2041 2062 85 47 den
2152 2063 205 62 Trägern
2388 2062 80 48 der
2489 2062 394 64 Haupt-Partieen
2915 2060 89 49 und
3029 2060 85 47 den
3142 2060 183 47 Chören

1804 2138 43 45 in
1879 2138 124 47 einer
2044 2154 48 31 so
2130 2139 201 62 präcisen
2370 2138 154 48 Weise
2553 2154 278 38 zusammen,
2874 2136 101 49 dass
3005 2136 80 47 der
3116 2135 210 47 reichlich

1804 2214 274 66 gespendete
2100 2215 156 47 Beifall
2290 2216 62 46 als
2385 2215 69 47 ein
2481 2214 378 49 wohlverdienter
2887 2214 203 47 erschien
3122 2213 89 47 und
3243 2214 80 46 der

1805 2291 264 64 Componist
2111 2293 90 45 sich
2247 2291 42 47 in
2327 2291 131 65 jeder
2491 2291 156 49 Weise
2690 2290 241 62 befriedigt
2966 2291 136 46 sehen
3144 2290 181 48 konnte.

1807 2369 83 47 Die
1914 2369 180 47 Herren
2121 2369 193 63 Young
2347 2368 290 64 (Friedrich),
2667 2368 256 48 Bernard
2949 2366 261 64 (Reinhold)
3236 2366 89 49 und

1807 2446 213 47 Fräulein
2050 2463 36 30 v.
2120 2448 334 63 Ehrenberg
2484 2448 157 63 (Rosa)
2686 2446 192 64 gefielen
2920 2445 91 48 sich
3052 2445 199 47 sichtlich
3284 2446 41 46 in

1805 2524 127 46 ihren
1960 2524 225 54 Partieen,
2215 2524 122 47 nicht
2361 2523 174 48 minder
2562 2525 119 45 Herr
2707 2524 250 46 Bertram
2982 2521 201 65 (Meister
3206 2523 90 47 Mar-

1805 2600 79 64 lin)
1918 2600 89 47 und
2040 2601 121 47 Herr
2187 2600 415 50 Wallenreiter
2639 2600 397 62 (Paumgärtner);
3076 2601 64 45 sie
3177 2599 149 63 gaben

1804 2677 251 47 sämmtlich
2098 2677 98 49 ihre
2238 2679 157 45 Rollen
2442 2679 78 45 mit
2557 2677 139 49 Liebe
2741 2677 89 47 und
2865 2676 327 47 Verständniss.
3244 2676 82 46 Ein

1806 2755 206 47 Gleiches
2054 2755 99 47 liess
2191 2755 90 47 sich
2328 2756 114 47 auch
2488 2771 83 32 von
2602 2756 122 47 Frau
2756 2755 320 47 Bachmann
3108 2752 217 65 (Martha)

1806 2831 89 48 und
1929 2834 153 45 Herrn
2114 2834 115 47 Gitt
2271 2832 225 66 (Konrad)
2538 2849 155 48 sagen.
2750 2834 95 45 Der
2876 2832 265 64 Componist
3171 2832 158 47 wurde

1806 2910 79 47 mit
1913 2910 85 47 den
2031 2911 462 64 Haupt-Darstellern
2525 2910 268 48 wiederholt
2822 2906 207 67 gerufen.
3088 2910 82 46 Die
3201 2910 128 62 Oper

1806 2987 151 49 macht
2001 2986 215 66 übrigens
2260 2989 128 47 keine
2421 2987 283 49 besonderen
2735 2986 405 61 Schwierigkeiten
3173 2986 40 47 in
3251 2978 80 54 der

1806 3065 266 63 Besetzung.
2110 3066 86 46 Ein
2221 3065 145 47 hoher
2388 3066 178 65 Sopran
2591 3064 90 48 und
2707 3065 97 47 eine
2829 3064 471 63 Mezzo-Sopran-Sou-

1807 3141 162 56 brette,
1998 3142 108 47 zwei
2138 3144 266 47 Tenoristen
2437 3142 89 49 und
2557 3141 109 48 zwei
2700 3141 224 48 Bassisten
2934 3140 163 48 —und
3123 3140 73 48 die
3218 3142 84 46 Par-

1806 3220 116 47 tieen
1950 3220 96 47 sind
2078 3220 221 48 vertheilt.

1922 3297 71 46 An
2023 3296 148 48 einem
2202 3296 79 47 der
2312 3295 240 64 folgenden
2582 3295 193 48 Abende
2816 3295 80 47 sah
2940 3293 68 49 ich
3053 3311 101 32 von
3202 3295 97 48 Flo-

1805 3373 155 47 tow's
1998 3373 128 64 Oper
2442 3390 79 30 vor
2552 3373 81 47 fast
2672 3373 167 46 leerem
2872 3373 172 54 Hause,
3093 3371 72 48 die
3204 3372 100 47 übri-

1805 3467 110 47 gens
1945 3451 127 48 recht
2106 3460 81 57 gut
2225 3452 207 64 gegeben
2465 3451 173 48 wurde.
2693 3450 117 48 Was
2840 3466 104 32 man
2975 3450 115 48 auch
3122 3450 208 63 dagegen

1806 3545 139 47 sagen
1990 3546 121 46 mag,
2153 3530 62 47 sie
2258 3530 259 47 entwickelt
2557 3528 81 47 viel
2683 3527 326 50 dramatisches
3038 3526 156 48 Leben
3229 3526 101 48 -und

1806 3606 128 47 einen
1967 3607 271 46 Reichthum
2270 3622 82 32 von
2385 3605 271 57 Melodieen,
2698 3605 86 47 wie
2820 3621 50 31 er
2906 3603 43 47 in
2980 3602 167 48 diesem
3179 3605 152 47 Genre

1806 3700 87 29 nur
1923 3683 205 64 wenigen
2153 3683 322 65 Componisten
2501 3682 80 48 der
2605 3682 281 64 Gegenwart
2912 3697 52 31 zu
2991 3680 178 48 Gebote
3197 3682 133 47 steht.

1923 3762 86 46 Am
2041 3762 212 47 nächsten
2282 3761 188 48 Abende
2500 3761 100 47 liess
2628 3761 91 46 sich
2751 3760 59 45 im
2841 3760 200 47 Theater
3069 3760 69 47 ein
3161 3758 170 65 junger

1809 3836 385 49 Violin-Virtuose
2224 3838 159 55 hören,
2420 3837 81 48 der
2540 3837 70 47 bei
2647 3836 154 47 seinen
2832 3836 257 47 eminenten
3118 3837 186 46 Leistun-

1809 3931 86 46 gen
1926 3913 85 48 den
2041 3914 296 49 lebhaftesten
2369 3914 155 49 Beifall
2553 3917 189 47 ärntete.
2799 3913 94 47 Der
2935 3913 396 65 achtzehnjährige

1807 3991 183 48 Isidor
2018 3993 164 47 Lotto
2225 4010 82 31 aus
2338 3992 281 55 Warschau,
2660 3991 44 48 in
2735 3991 127 48 Paris
2891 3992 81 47 auf
2999 3991 101 48 dem
3135 3992 167 47 Conser-

1807 4069 223 47 vatorium
2061 4068 216 65 gebildet,
2308 4069 187 64 beginnt
2524 4067 115 49 eben
2670 4076 89 40 erst
2788 4069 93 47 sein
2911 4067 283 49 öffentliches
3220 4068 84 47 Auf-
