<?xml version="1.0" encoding="UTF-8"?>
<alto xmlns:xsi="http://www.w3.org/2001/XMLSchema-instance" xmlns="http://www.loc.gov/standards/alto/ns-v2#" xsi:schemaLocation="http://www.loc.gov/standards/alto/ns-v2# http://www.loc.gov/standards/alto/alto-v2.0.xsd" xmlns:xlink="http://www.w3.org/1999/xlink">
	<Description>
		<MeasurementUnit>mm10</MeasurementUnit>
		<sourceImageInformation>
			<fileName>//fileserver7/IN2/Princeton/Batch5/bmtnabi/1861/06/29_01/00000215.tif</fileName>
		</sourceImageInformation>
		<OCRProcessing ID="OCRPROCESSING_1">
			<preProcessingStep>
				<processingSoftware>
					<softwareCreator>CCS Content Conversion Specialists GmbH, Germany</softwareCreator>
					<softwareName>CCS docWORKS</softwareName>
					<softwareVersion>6.6-1.18</softwareVersion>
				</processingSoftware>
			</preProcessingStep>
			<ocrProcessingStep>
				<processingSoftware>
					<softwareCreator>ABBYY (BIT Software), Russia</softwareCreator>
					<softwareName>FineReader</softwareName>
					<softwareVersion>10.0</softwareVersion>
				</processingSoftware>
			</ocrProcessingStep>
		</OCRProcessing>
		<OCRProcessing ID="OCRPROCESSING_2">
			<preProcessingStep>
				<processingSoftware>
					<softwareCreator>CCS Content Conversion Specialists GmbH, Germany</softwareCreator>
					<softwareName>CCS docWORKS</softwareName>
					<softwareVersion>6.6-1.18</softwareVersion>
				</processingSoftware>
			</preProcessingStep>
			<ocrProcessingStep>
				<processingSoftware>
					<softwareCreator>ABBYY (BIT Software), Russia</softwareCreator>
					<softwareName>NA</softwareName>
				</processingSoftware>
			</ocrProcessingStep>
		</OCRProcessing>
	</Description>
	<Styles>
		<TextStyle ID="TXT_0" FONTSIZE="14" FONTFAMILY="Times New Roman" FONTSTYLE="bold"/>
		<TextStyle ID="TXT_1" FONTSIZE="18" FONTFAMILY="Times New Roman" FONTSTYLE="bold"/>
		<TextStyle ID="TXT_2" FONTSIZE="12" FONTFAMILY="Times New Roman" FONTSTYLE="bold"/>
		<ParagraphStyle ID="PAR_CENTER" ALIGN="Center"/>
		<ParagraphStyle ID="PAR_BLOCK" ALIGN="Block"/>
		<ParagraphStyle ID="PAR_RIGHT" ALIGN="Right"/>
		<ParagraphStyle ID="PAR_LEFT" ALIGN="Left"/>
	</Styles>
	<Layout>
		<Page ID="P7" PHYSICAL_IMG_NR="7" HEIGHT="4361" WIDTH="3528" PRINTED_IMG_NR="207" PC="0.915">
			<TopMargin ID="P7_TM00001" HPOS="0" VPOS="0" WIDTH="3528" HEIGHT="135">
				<TextBlock ID="P7_TB00001" HPOS="1690" VPOS="83" WIDTH="105" HEIGHT="50" STYLEREFS="TXT_0 PAR_CENTER">
					<TextLine ID="P7_TL00001" HPOS="1691" VPOS="83" WIDTH="104" HEIGHT="50">
						<String ID="P7_ST00001" HPOS="1691" VPOS="83" WIDTH="104" HEIGHT="50" CONTENT="207" WC="0.44" CC="726"/>
					</TextLine>
				</TextBlock>
			</TopMargin>
			<LeftMargin ID="P7_LM00001" HPOS="0" VPOS="135" WIDTH="180" HEIGHT="3950"/>
			<RightMargin ID="P7_RM00001" HPOS="3306" VPOS="135" WIDTH="222" HEIGHT="3950"/>
			<BottomMargin ID="P7_BM00001" HPOS="0" VPOS="4085" WIDTH="3528" HEIGHT="276"/>
			<PrintSpace ID="P7_PS00001" HPOS="180" VPOS="135" WIDTH="3126" HEIGHT="3950">
				<TextBlock ID="P7_TB00002" HPOS="180" VPOS="222" WIDTH="1536" HEIGHT="3863" STYLEREFS="TXT_0 PAR_BLOCK">
					<TextLine ID="P7_TL00002" HPOS="183" VPOS="223" WIDTH="1522" HEIGHT="69">
						<String ID="P7_ST00002" HPOS="183" VPOS="233" WIDTH="96" HEIGHT="52" CONTENT="zahl" SUBS_TYPE="HypPart2" SUBS_CONTENT="Anzahl" WC="0.98" CC="7000"/>
						<SP ID="P7_SP00001" HPOS="279" VPOS="285" WIDTH="31"/>
						<String ID="P7_ST00003" HPOS="310" VPOS="249" WIDTH="85" HEIGHT="30" CONTENT="von" WC="0.93" CC="907"/>
						<SP ID="P7_SP00002" HPOS="395" VPOS="285" WIDTH="28"/>
						<String ID="P7_ST00004" HPOS="423" VPOS="231" WIDTH="226" HEIGHT="61" CONTENT="Bürgern," WC="0.98" CC="60593053"/>
						<SP ID="P7_SP00003" HPOS="649" VPOS="292" WIDTH="29"/>
						<String ID="P7_ST00005" HPOS="678" VPOS="227" WIDTH="218" HEIGHT="48" CONTENT="darunter" WC="0.98" CC="09465700"/>
						<SP ID="P7_SP00004" HPOS="896" VPOS="292" WIDTH="22"/>
						<String ID="P7_ST00006" HPOS="918" VPOS="226" WIDTH="127" HEIGHT="57" CONTENT="viele," WC="0.98" CC="804020"/>
						<SP ID="P7_SP00005" HPOS="1045" VPOS="292" WIDTH="29"/>
						<String ID="P7_ST00007" HPOS="1074" VPOS="224" WIDTH="139" HEIGHT="50" CONTENT="deren" WC="0.99" CC="00006"/>
						<SP ID="P7_SP00006" HPOS="1213" VPOS="292" WIDTH="24"/>
						<String ID="P7_ST00008" HPOS="1237" VPOS="223" WIDTH="178" HEIGHT="48" CONTENT="Namen" WC="0.99" CC="05000"/>
						<SP ID="P7_SP00007" HPOS="1415" VPOS="292" WIDTH="25"/>
						<String ID="P7_ST00009" HPOS="1440" VPOS="223" WIDTH="113" HEIGHT="48" CONTENT="auch" WC="0.97" CC="0474"/>
						<SP ID="P7_SP00008" HPOS="1553" VPOS="292" WIDTH="27"/>
						<String ID="P7_ST00010" HPOS="1580" VPOS="226" WIDTH="100" HEIGHT="47" CONTENT="weit" SUBS_TYPE="HypPart1" SUBS_CONTENT="weithin" WC="0.98" CC="0606"/>
						<HYP HPOS="1680" VPOS="226" WIDTH="25" CONTENT="-"/>
					</TextLine>
					<TextLine ID="P7_TL00003" HPOS="185" VPOS="301" WIDTH="1526" HEIGHT="69">
						<String ID="P7_ST00011" HPOS="185" VPOS="315" WIDTH="73" HEIGHT="47" CONTENT="hin" SUBS_TYPE="HypPart2" SUBS_CONTENT="weithin" WC="0.94" CC="708"/>
						<SP ID="P7_SP00009" HPOS="258" VPOS="362" WIDTH="34"/>
						<String ID="P7_ST00012" HPOS="292" VPOS="311" WIDTH="57" HEIGHT="47" CONTENT="im" WC="0.72" CC="50"/>
						<SP ID="P7_SP00010" HPOS="349" VPOS="362" WIDTH="31"/>
						<String ID="P7_ST00013" HPOS="380" VPOS="322" WIDTH="185" HEIGHT="48" CONTENT="grossen" WC="0.99" CC="9000006"/>
						<SP ID="P7_SP00011" HPOS="565" VPOS="370" WIDTH="34"/>
						<String ID="P7_ST00014" HPOS="599" VPOS="304" WIDTH="275" HEIGHT="50" CONTENT="Vaterlande" WC="0.99" CC="0250079701"/>
						<SP ID="P7_SP00012" HPOS="874" VPOS="370" WIDTH="30"/>
						<String ID="P7_ST00015" HPOS="904" VPOS="304" WIDTH="128" HEIGHT="49" CONTENT="einen" WC="0.98" CC="13800"/>
						<SP ID="P7_SP00013" HPOS="1032" VPOS="370" WIDTH="31"/>
						<String ID="P7_ST00016" HPOS="1063" VPOS="310" WIDTH="138" HEIGHT="58" CONTENT="guten" WC="0.97" CC="03676"/>
						<SP ID="P7_SP00014" HPOS="1201" VPOS="370" WIDTH="35"/>
						<String ID="P7_ST00017" HPOS="1236" VPOS="302" WIDTH="147" HEIGHT="62" CONTENT="Klang" WC="0.96" CC="85570"/>
						<SP ID="P7_SP00015" HPOS="1383" VPOS="370" WIDTH="32"/>
						<String ID="P7_ST00018" HPOS="1415" VPOS="301" WIDTH="166" HEIGHT="53" CONTENT="haben," WC="0.97" CC="757063"/>
						<SP ID="P7_SP00016" HPOS="1581" VPOS="370" WIDTH="29"/>
						<String ID="P7_ST00019" HPOS="1610" VPOS="302" WIDTH="101" HEIGHT="48" CONTENT="ihre" WC="0.98" CC="0503"/>
					</TextLine>
					<TextLine ID="P7_TL00004" HPOS="184" VPOS="377" WIDTH="1524" HEIGHT="66">
						<String ID="P7_ST00020" HPOS="184" VPOS="387" WIDTH="302" HEIGHT="52" CONTENT="Theilnahme" WC="0.33" CC="8665085797"/>
						<SP ID="P7_SP00017" HPOS="486" VPOS="439" WIDTH="37"/>
						<String ID="P7_ST00021" HPOS="523" VPOS="383" WIDTH="89" HEIGHT="47" CONTENT="und" WC="0.95" CC="570"/>
						<SP ID="P7_SP00018" HPOS="612" VPOS="439" WIDTH="33"/>
						<String ID="P7_ST00022" HPOS="645" VPOS="379" WIDTH="532" HEIGHT="64" CONTENT="Hülfsbereitwilligkeit." WC="0.46" CC="3059974702644664905754"/>
						<SP ID="P7_SP00019" HPOS="1177" VPOS="443" WIDTH="34"/>
						<String ID="P7_ST00023" HPOS="1211" VPOS="378" WIDTH="83" HEIGHT="47" CONTENT="Die" WC="0.93" CC="864"/>
						<SP ID="P7_SP00020" HPOS="1294" VPOS="443" WIDTH="33"/>
						<String ID="P7_ST00024" HPOS="1327" VPOS="377" WIDTH="254" HEIGHT="48" CONTENT="Vorstände" WC="0.98" CC="354980800"/>
						<SP ID="P7_SP00021" HPOS="1581" VPOS="443" WIDTH="30"/>
						<String ID="P7_ST00025" HPOS="1611" VPOS="388" WIDTH="73" HEIGHT="38" CONTENT="ent" SUBS_TYPE="HypPart1" SUBS_CONTENT="entwarfen" WC="0.97" CC="582"/>
						<HYP HPOS="1684" VPOS="388" WIDTH="24" CONTENT="-"/>
					</TextLine>
					<TextLine ID="P7_TL00005" HPOS="185" VPOS="453" WIDTH="1528" HEIGHT="71">
						<String ID="P7_ST00026" HPOS="185" VPOS="464" WIDTH="172" HEIGHT="49" CONTENT="warfen" SUBS_TYPE="HypPart2" SUBS_CONTENT="entwarfen" WC="0.97" CC="830937"/>
						<SP ID="P7_SP00022" HPOS="357" VPOS="513" WIDTH="30"/>
						<String ID="P7_ST00027" HPOS="387" VPOS="462" WIDTH="71" HEIGHT="48" CONTENT="ein" WC="0.93" CC="908"/>
						<SP ID="P7_SP00023" HPOS="458" VPOS="513" WIDTH="31"/>
						<String ID="P7_ST00028" HPOS="489" VPOS="461" WIDTH="260" HEIGHT="63" CONTENT="Bittgesuch" WC="0.99" CC="7460014351"/>
						<SP ID="P7_SP00024" HPOS="749" VPOS="524" WIDTH="46"/>
						<String ID="P7_ST00029" HPOS="795" VPOS="476" WIDTH="56" HEIGHT="32" CONTENT="an" WC="0.39" CC="47"/>
						<SP ID="P7_SP00025" HPOS="851" VPOS="524" WIDTH="43"/>
						<String ID="P7_ST00030" HPOS="894" VPOS="458" WIDTH="74" HEIGHT="47" CONTENT="die" WC="0.98" CC="006"/>
						<SP ID="P7_SP00026" HPOS="968" VPOS="524" WIDTH="35"/>
						<String ID="P7_ST00031" HPOS="1003" VPOS="457" WIDTH="187" HEIGHT="47" CONTENT="höchste" WC="0.99" CC="2400062"/>
						<SP ID="P7_SP00027" HPOS="1190" VPOS="524" WIDTH="30"/>
						<String ID="P7_ST00032" HPOS="1220" VPOS="454" WIDTH="154" HEIGHT="55" CONTENT="Stelle," WC="0.98" CC="6600703"/>
						<SP ID="P7_SP00028" HPOS="1374" VPOS="524" WIDTH="44"/>
						<String ID="P7_ST00033" HPOS="1418" VPOS="470" WIDTH="75" HEIGHT="30" CONTENT="um" WC="0.23" CC="59"/>
						<SP ID="P7_SP00029" HPOS="1493" VPOS="524" WIDTH="31"/>
						<String ID="P7_ST00034" HPOS="1524" VPOS="453" WIDTH="71" HEIGHT="50" CONTENT="die" WC="0.97" CC="033"/>
						<SP ID="P7_SP00030" HPOS="1595" VPOS="524" WIDTH="30"/>
						<String ID="P7_ST00035" HPOS="1625" VPOS="457" WIDTH="59" HEIGHT="46" CONTENT="Er" SUBS_TYPE="HypPart1" SUBS_CONTENT="Erlaubniss" WC="0.82" CC="00"/>
						<HYP HPOS="1684" VPOS="457" WIDTH="29" CONTENT="-"/>
					</TextLine>
					<TextLine ID="P7_TL00006" HPOS="184" VPOS="529" WIDTH="1527" HEIGHT="73">
						<String ID="P7_ST00036" HPOS="184" VPOS="542" WIDTH="201" HEIGHT="49" CONTENT="laubniss" SUBS_TYPE="HypPart2" SUBS_CONTENT="Erlaubniss" WC="0.60" CC="60568005"/>
						<SP ID="P7_SP00031" HPOS="385" VPOS="591" WIDTH="28"/>
						<String ID="P7_ST00037" HPOS="413" VPOS="557" WIDTH="80" HEIGHT="29" CONTENT="zur" WC="0.95" CC="660"/>
						<SP ID="P7_SP00032" HPOS="493" VPOS="591" WIDTH="25"/>
						<String ID="P7_ST00038" HPOS="518" VPOS="538" WIDTH="270" HEIGHT="64" CONTENT="Abhaltung" WC="0.98" CC="366358179"/>
						<SP ID="P7_SP00033" HPOS="788" VPOS="602" WIDTH="21"/>
						<String ID="P7_ST00039" HPOS="809" VPOS="537" WIDTH="77" HEIGHT="48" CONTENT="des" WC="1.00" CC="000"/>
						<SP ID="P7_SP00034" HPOS="886" VPOS="602" WIDTH="27"/>
						<String ID="P7_ST00040" HPOS="913" VPOS="537" WIDTH="154" HEIGHT="46" CONTENT="Festes" WC="0.99" CC="106031"/>
						<SP ID="P7_SP00035" HPOS="1067" VPOS="602" WIDTH="21"/>
						<String ID="P7_ST00041" HPOS="1088" VPOS="550" WIDTH="52" HEIGHT="30" CONTENT="zu" WC="0.30" CC="76"/>
						<SP ID="P7_SP00036" HPOS="1140" VPOS="602" WIDTH="27"/>
						<String ID="P7_ST00042" HPOS="1167" VPOS="531" WIDTH="241" HEIGHT="48" CONTENT="erwirken." WC="0.99" CC="020090004"/>
						<SP ID="P7_SP00037" HPOS="1408" VPOS="602" WIDTH="31"/>
						<String ID="P7_ST00043" HPOS="1439" VPOS="529" WIDTH="129" HEIGHT="65" CONTENT="[Sind" WC="0.98" CC="30080"/>
						<SP ID="P7_SP00038" HPOS="1568" VPOS="602" WIDTH="24"/>
						<String ID="P7_ST00044" HPOS="1592" VPOS="532" WIDTH="119" HEIGHT="48" CONTENT="denn" WC="0.97" CC="0078"/>
					</TextLine>
					<TextLine ID="P7_TL00007" HPOS="185" VPOS="607" WIDTH="1527" HEIGHT="73">
						<String ID="P7_ST00045" HPOS="185" VPOS="619" WIDTH="71" HEIGHT="49" CONTENT="die" WC="0.98" CC="004"/>
						<SP ID="P7_SP00039" HPOS="256" VPOS="668" WIDTH="28"/>
						<String ID="P7_ST00046" HPOS="284" VPOS="616" WIDTH="292" HEIGHT="64" CONTENT="Sängerfeste" WC="0.99" CC="50790500950"/>
						<SP ID="P7_SP00040" HPOS="576" VPOS="680" WIDTH="31"/>
						<String ID="P7_ST00047" HPOS="607" VPOS="616" WIDTH="41" HEIGHT="47" CONTENT="in" WC="0.57" CC="08"/>
						<SP ID="P7_SP00041" HPOS="648" VPOS="680" WIDTH="33"/>
						<String ID="P7_ST00048" HPOS="681" VPOS="616" WIDTH="90" HEIGHT="47" CONTENT="Bai" WC="0.96" CC="900"/>
						<SP ID="P7_SP00042" HPOS="771" VPOS="680" WIDTH="16"/>
						<String ID="P7_ST00049" HPOS="787" VPOS="631" WIDTH="56" HEIGHT="30" CONTENT="er" WC="0.80" CC="02"/>
						<SP ID="P7_SP00043" HPOS="843" VPOS="680" WIDTH="13"/>
						<String ID="P7_ST00050" HPOS="856" VPOS="631" WIDTH="25" HEIGHT="29" CONTENT="n" WC="0.27" CC="7"/>
						<SP ID="P7_SP00044" HPOS="881" VPOS="680" WIDTH="32"/>
						<String ID="P7_ST00051" HPOS="913" VPOS="607" WIDTH="268" HEIGHT="64" CONTENT="verboten?]" WC="0.99" CC="0066055845"/>
						<SP ID="P7_SP00045" HPOS="1181" VPOS="680" WIDTH="52"/>
						<String ID="P7_ST00052" HPOS="1233" VPOS="609" WIDTH="94" HEIGHT="45" CONTENT="Der" WC="0.96" CC="073"/>
						<SP ID="P7_SP00046" HPOS="1327" VPOS="680" WIDTH="30"/>
						<String ID="P7_ST00053" HPOS="1357" VPOS="608" WIDTH="239" HEIGHT="63" CONTENT="Magistrat" WC="0.99" CC="039167022"/>
						<SP ID="P7_SP00047" HPOS="1596" VPOS="680" WIDTH="26"/>
						<String ID="P7_ST00054" HPOS="1622" VPOS="616" WIDTH="90" HEIGHT="42" CONTENT="trat" WC="0.94" CC="7954"/>
					</TextLine>
					<TextLine ID="P7_TL00008" HPOS="183" VPOS="684" WIDTH="1525" HEIGHT="65">
						<String ID="P7_ST00055" HPOS="183" VPOS="698" WIDTH="64" HEIGHT="48" CONTENT="als" WC="0.95" CC="084"/>
						<SP ID="P7_SP00048" HPOS="247" VPOS="746" WIDTH="25"/>
						<String ID="P7_ST00056" HPOS="272" VPOS="694" WIDTH="210" HEIGHT="50" CONTENT="Behörde" WC="0.99" CC="7010005"/>
						<SP ID="P7_SP00049" HPOS="482" VPOS="746" WIDTH="23"/>
						<String ID="P7_ST00057" HPOS="505" VPOS="693" WIDTH="80" HEIGHT="48" CONTENT="der" WC="0.98" CC="005"/>
						<SP ID="P7_SP00050" HPOS="585" VPOS="746" WIDTH="23"/>
						<String ID="P7_ST00058" HPOS="608" VPOS="701" WIDTH="147" HEIGHT="40" CONTENT="ersten" WC="0.97" CC="309608"/>
						<SP ID="P7_SP00051" HPOS="755" VPOS="746" WIDTH="28"/>
						<String ID="P7_ST00059" HPOS="783" VPOS="693" WIDTH="173" HEIGHT="46" CONTENT="Instanz" WC="0.97" CC="6857076"/>
						<SP ID="P7_SP00052" HPOS="956" VPOS="746" WIDTH="29"/>
						<String ID="P7_ST00060" HPOS="985" VPOS="687" WIDTH="136" HEIGHT="62" CONTENT="eifrig" WC="0.97" CC="029049"/>
						<SP ID="P7_SP00053" HPOS="1121" VPOS="749" WIDTH="28"/>
						<String ID="P7_ST00061" HPOS="1149" VPOS="684" WIDTH="220" HEIGHT="48" CONTENT="fördernd" WC="0.99" CC="90500080"/>
						<SP ID="P7_SP00054" HPOS="1369" VPOS="749" WIDTH="30"/>
						<String ID="P7_ST00062" HPOS="1399" VPOS="685" WIDTH="70" HEIGHT="47" CONTENT="ein" WC="0.97" CC="008"/>
						<SP ID="P7_SP00055" HPOS="1469" VPOS="749" WIDTH="32"/>
						<String ID="P7_ST00063" HPOS="1501" VPOS="685" WIDTH="90" HEIGHT="47" CONTENT="und" WC="0.97" CC="080"/>
						<SP ID="P7_SP00056" HPOS="1591" VPOS="749" WIDTH="24"/>
						<String ID="P7_ST00064" HPOS="1615" VPOS="703" WIDTH="62" HEIGHT="31" CONTENT="em" SUBS_TYPE="HypPart1" SUBS_CONTENT="empfahl" WC="0.97" CC="60"/>
						<HYP HPOS="1677" VPOS="703" WIDTH="31" CONTENT="-"/>
					</TextLine>
					<TextLine ID="P7_TL00009" HPOS="187" VPOS="762" WIDTH="1521" HEIGHT="78">
						<String ID="P7_ST00065" HPOS="187" VPOS="773" WIDTH="120" HEIGHT="67" CONTENT="pfahl" SUBS_TYPE="HypPart2" SUBS_CONTENT="empfahl" WC="0.95" CC="99076"/>
						<SP ID="P7_SP00057" HPOS="307" VPOS="840" WIDTH="31"/>
						<String ID="P7_ST00066" HPOS="338" VPOS="772" WIDTH="81" HEIGHT="48" CONTENT="der" WC="0.96" CC="063"/>
						<SP ID="P7_SP00058" HPOS="419" VPOS="840" WIDTH="30"/>
						<String ID="P7_ST00067" HPOS="449" VPOS="771" WIDTH="149" HEIGHT="47" CONTENT="hohen" WC="0.97" CC="25705"/>
						<SP ID="P7_SP00059" HPOS="598" VPOS="840" WIDTH="32"/>
						<String ID="P7_ST00068" HPOS="630" VPOS="769" WIDTH="264" HEIGHT="64" CONTENT="Kegierung" WC="0.58" CC="760090480"/>
						<SP ID="P7_SP00060" HPOS="894" VPOS="840" WIDTH="38"/>
						<String ID="P7_ST00069" HPOS="932" VPOS="764" WIDTH="71" HEIGHT="47" CONTENT="die" WC="0.98" CC="021"/>
						<SP ID="P7_SP00061" HPOS="1003" VPOS="840" WIDTH="29"/>
						<String ID="P7_ST00070" HPOS="1032" VPOS="762" WIDTH="149" HEIGHT="48" CONTENT="Sache" WC="0.99" CC="10007"/>
						<SP ID="P7_SP00062" HPOS="1181" VPOS="840" WIDTH="41"/>
						<String ID="P7_ST00071" HPOS="1222" VPOS="777" WIDTH="49" HEIGHT="32" CONTENT="so" WC="0.88" CC="20"/>
						<SP ID="P7_SP00063" HPOS="1271" VPOS="840" WIDTH="33"/>
						<String ID="P7_ST00072" HPOS="1304" VPOS="777" WIDTH="160" HEIGHT="39" CONTENT="warm," WC="0.99" CC="06000"/>
						<SP ID="P7_SP00064" HPOS="1464" VPOS="840" WIDTH="43"/>
						<String ID="P7_ST00073" HPOS="1507" VPOS="762" WIDTH="101" HEIGHT="48" CONTENT="dass" WC="0.62" CC="0742"/>
						<SP ID="P7_SP00065" HPOS="1608" VPOS="840" WIDTH="29"/>
						<String ID="P7_ST00074" HPOS="1637" VPOS="779" WIDTH="71" HEIGHT="32" CONTENT="am" WC="0.64" CC="60"/>
					</TextLine>
					<TextLine ID="P7_TL00010" HPOS="187" VPOS="838" WIDTH="1524" HEIGHT="66">
						<String ID="P7_ST00075" HPOS="187" VPOS="852" WIDTH="47" HEIGHT="48" CONTENT="8." WC="0.57" CC="43"/>
						<SP ID="P7_SP00066" HPOS="234" VPOS="900" WIDTH="29"/>
						<String ID="P7_ST00076" HPOS="263" VPOS="851" WIDTH="178" HEIGHT="48" CONTENT="Januar" WC="0.98" CC="466600"/>
						<SP ID="P7_SP00067" HPOS="441" VPOS="900" WIDTH="35"/>
						<String ID="P7_ST00077" HPOS="476" VPOS="847" WIDTH="139" HEIGHT="49" CONTENT="1861" WC="0.66" CC="0075"/>
						<SP ID="P7_SP00068" HPOS="615" VPOS="900" WIDTH="52"/>
						<String ID="P7_ST00078" HPOS="667" VPOS="845" WIDTH="165" HEIGHT="47" CONTENT="bereits" WC="0.99" CC="5411060"/>
						<SP ID="P7_SP00069" HPOS="832" VPOS="900" WIDTH="42"/>
						<String ID="P7_ST00079" HPOS="874" VPOS="842" WIDTH="71" HEIGHT="47" CONTENT="die" WC="0.99" CC="020"/>
						<SP ID="P7_SP00070" HPOS="945" VPOS="900" WIDTH="44"/>
						<String ID="P7_ST00080" HPOS="989" VPOS="838" WIDTH="353" HEIGHT="65" CONTENT="Genehmigung" WC="0.99" CC="00252000689"/>
						<SP ID="P7_SP00071" HPOS="1342" VPOS="903" WIDTH="43"/>
						<String ID="P7_ST00081" HPOS="1385" VPOS="839" WIDTH="69" HEIGHT="47" CONTENT="Sr." WC="0.68" CC="414"/>
						<SP ID="P7_SP00072" HPOS="1454" VPOS="903" WIDTH="30"/>
						<String ID="P7_ST00082" HPOS="1484" VPOS="839" WIDTH="107" HEIGHT="65" CONTENT="Maj." WC="0.58" CC="0637"/>
						<SP ID="P7_SP00073" HPOS="1591" VPOS="904" WIDTH="42"/>
						<String ID="P7_ST00083" HPOS="1633" VPOS="839" WIDTH="78" HEIGHT="48" CONTENT="des" WC="0.95" CC="067"/>
					</TextLine>
					<TextLine ID="P7_TL00011" HPOS="185" VPOS="917" WIDTH="1523" HEIGHT="75">
						<String ID="P7_ST00084" HPOS="185" VPOS="928" WIDTH="176" HEIGHT="64" CONTENT="Königs" WC="0.99" CC="008000"/>
						<SP ID="P7_SP00074" HPOS="361" VPOS="992" WIDTH="41"/>
						<String ID="P7_ST00085" HPOS="402" VPOS="943" WIDTH="79" HEIGHT="31" CONTENT="zur" WC="0.96" CC="603"/>
						<SP ID="P7_SP00075" HPOS="481" VPOS="992" WIDTH="28"/>
						<String ID="P7_ST00086" HPOS="509" VPOS="924" WIDTH="269" HEIGHT="60" CONTENT="Abhaltung" WC="0.99" CC="070344280"/>
						<SP ID="P7_SP00076" HPOS="778" VPOS="992" WIDTH="37"/>
						<String ID="P7_ST00087" HPOS="815" VPOS="919" WIDTH="80" HEIGHT="47" CONTENT="des" WC="0.98" CC="005"/>
						<SP ID="P7_SP00077" HPOS="895" VPOS="992" WIDTH="28"/>
						<String ID="P7_ST00088" HPOS="923" VPOS="919" WIDTH="158" HEIGHT="47" CONTENT="Festes" WC="0.97" CC="303596"/>
						<SP ID="P7_SP00078" HPOS="1081" VPOS="992" WIDTH="38"/>
						<String ID="P7_ST00089" HPOS="1119" VPOS="917" WIDTH="49" HEIGHT="48" CONTENT="in" WC="0.57" CC="08"/>
						<SP ID="P7_SP00079" HPOS="1168" VPOS="992" WIDTH="45"/>
						<String ID="P7_ST00090" HPOS="1213" VPOS="917" WIDTH="104" HEIGHT="48" CONTENT="den" WC="1.00" CC="000"/>
						<SP ID="P7_SP00080" HPOS="1317" VPOS="992" WIDTH="43"/>
						<String ID="P7_ST00091" HPOS="1360" VPOS="917" WIDTH="192" HEIGHT="63" CONTENT="Tagen" WC="0.97" CC="36077"/>
						<SP ID="P7_SP00081" HPOS="1552" VPOS="992" WIDTH="39"/>
						<String ID="P7_ST00092" HPOS="1591" VPOS="933" WIDTH="117" HEIGHT="32" CONTENT="vom" WC="0.98" CC="050"/>
					</TextLine>
					<TextLine ID="P7_TL00012" HPOS="187" VPOS="993" WIDTH="1524" HEIGHT="66">
						<String ID="P7_ST00093" HPOS="187" VPOS="1005" WIDTH="85" HEIGHT="50" CONTENT="20." WC="0.62" CC="640"/>
						<SP ID="P7_SP00082" HPOS="272" VPOS="1055" WIDTH="34"/>
						<String ID="P7_ST00094" HPOS="306" VPOS="1004" WIDTH="77" HEIGHT="48" CONTENT="bis" WC="0.96" CC="441"/>
						<SP ID="P7_SP00083" HPOS="383" VPOS="1055" WIDTH="31"/>
						<String ID="P7_ST00095" HPOS="414" VPOS="1002" WIDTH="87" HEIGHT="49" CONTENT="23." WC="0.33" CC="874"/>
						<SP ID="P7_SP00084" HPOS="501" VPOS="1055" WIDTH="28"/>
						<String ID="P7_ST00096" HPOS="529" VPOS="1000" WIDTH="113" HEIGHT="49" CONTENT="Juli" WC="0.99" CC="0400"/>
						<SP ID="P7_SP00085" HPOS="642" VPOS="1055" WIDTH="32"/>
						<String ID="P7_ST00097" HPOS="674" VPOS="999" WIDTH="43" HEIGHT="46" CONTENT="in" WC="0.34" CC="48"/>
						<SP ID="P7_SP00086" HPOS="717" VPOS="1055" WIDTH="31"/>
						<String ID="P7_ST00098" HPOS="748" VPOS="994" WIDTH="250" HEIGHT="65" CONTENT="Nürnberg" WC="0.99" CC="00362100"/>
						<SP ID="P7_SP00087" HPOS="998" VPOS="1059" WIDTH="44"/>
						<String ID="P7_ST00099" HPOS="1042" VPOS="993" WIDTH="177" HEIGHT="48" CONTENT="eintraf." WC="0.98" CC="60861204"/>
						<SP ID="P7_SP00088" HPOS="1219" VPOS="1059" WIDTH="53"/>
						<String ID="P7_ST00100" HPOS="1272" VPOS="993" WIDTH="230" HEIGHT="48" CONTENT="Zunächst" WC="0.98" CC="07795707"/>
						<SP ID="P7_SP00089" HPOS="1502" VPOS="1059" WIDTH="43"/>
						<String ID="P7_ST00101" HPOS="1545" VPOS="993" WIDTH="166" HEIGHT="48" CONTENT="bildete" WC="0.98" CC="4400634"/>
					</TextLine>
					<TextLine ID="P7_TL00013" HPOS="184" VPOS="1069" WIDTH="1525" HEIGHT="61">
						<String ID="P7_ST00102" HPOS="184" VPOS="1083" WIDTH="93" HEIGHT="47" CONTENT="sich" WC="1.00" CC="0000"/>
						<SP ID="P7_SP00090" HPOS="277" VPOS="1130" WIDTH="25"/>
						<String ID="P7_ST00103" HPOS="302" VPOS="1098" WIDTH="90" HEIGHT="32" CONTENT="nun" WC="0.93" CC="737"/>
						<SP ID="P7_SP00091" HPOS="392" VPOS="1130" WIDTH="24"/>
						<String ID="P7_ST00104" HPOS="416" VPOS="1080" WIDTH="79" HEIGHT="47" CONTENT="das" WC="0.97" CC="042"/>
						<SP ID="P7_SP00092" HPOS="495" VPOS="1130" WIDTH="26"/>
						<String ID="P7_ST00105" HPOS="521" VPOS="1077" WIDTH="193" HEIGHT="52" CONTENT="Comite," WC="0.76" CC="3041600"/>
						<SP ID="P7_SP00093" HPOS="714" VPOS="1130" WIDTH="25"/>
						<String ID="P7_ST00106" HPOS="739" VPOS="1073" WIDTH="159" HEIGHT="47" CONTENT="dessen" WC="0.97" CC="069466"/>
						<SP ID="P7_SP00094" HPOS="898" VPOS="1130" WIDTH="23"/>
						<String ID="P7_ST00107" HPOS="921" VPOS="1072" WIDTH="92" HEIGHT="47" CONTENT="Ziel" WC="0.98" CC="3006"/>
						<SP ID="P7_SP00095" HPOS="1013" VPOS="1130" WIDTH="26"/>
						<String ID="P7_ST00108" HPOS="1039" VPOS="1088" WIDTH="111" HEIGHT="38" CONTENT="war," WC="0.98" CC="0450"/>
						<SP ID="P7_SP00096" HPOS="1150" VPOS="1130" WIDTH="30"/>
						<String ID="P7_ST00109" HPOS="1180" VPOS="1070" WIDTH="100" HEIGHT="49" CONTENT="dass" WC="0.88" CC="0004"/>
						<SP ID="P7_SP00097" HPOS="1280" VPOS="1130" WIDTH="30"/>
						<String ID="P7_ST00110" HPOS="1310" VPOS="1069" WIDTH="79" HEIGHT="50" CONTENT="das" WC="0.96" CC="065"/>
						<SP ID="P7_SP00098" HPOS="1389" VPOS="1130" WIDTH="32"/>
						<String ID="P7_ST00111" HPOS="1421" VPOS="1072" WIDTH="104" HEIGHT="47" CONTENT="Fest" WC="0.97" CC="6006"/>
						<SP ID="P7_SP00099" HPOS="1525" VPOS="1130" WIDTH="29"/>
						<String ID="P7_ST00112" HPOS="1554" VPOS="1070" WIDTH="64" HEIGHT="49" CONTENT="als" WC="0.94" CC="076"/>
						<SP ID="P7_SP00100" HPOS="1618" VPOS="1130" WIDTH="23"/>
						<String ID="P7_ST00113" HPOS="1641" VPOS="1072" WIDTH="68" HEIGHT="47" CONTENT="ein" WC="0.97" CC="008"/>
					</TextLine>
					<TextLine ID="P7_TL00014" HPOS="184" VPOS="1148" WIDTH="1525" HEIGHT="68">
						<String ID="P7_ST00114" HPOS="184" VPOS="1158" WIDTH="240" HEIGHT="49" CONTENT="deutsches" WC="0.99" CC="002000670"/>
						<SP ID="P7_SP00101" HPOS="424" VPOS="1207" WIDTH="30"/>
						<String ID="P7_ST00115" HPOS="454" VPOS="1152" WIDTH="271" HEIGHT="64" CONTENT="Gesangfest" WC="0.98" CC="1803707886"/>
						<SP ID="P7_SP00102" HPOS="725" VPOS="1216" WIDTH="27"/>
						<String ID="P7_ST00116" HPOS="752" VPOS="1150" WIDTH="70" HEIGHT="47" CONTENT="ein" WC="0.95" CC="507"/>
						<SP ID="P7_SP00103" HPOS="822" VPOS="1216" WIDTH="33"/>
						<String ID="P7_ST00117" HPOS="855" VPOS="1150" WIDTH="129" HEIGHT="47" CONTENT="Prüf-" WC="0.97" CC="93090"/>
						<SP ID="P7_SP00104" HPOS="984" VPOS="1216" WIDTH="32"/>
						<String ID="P7_ST00118" HPOS="1016" VPOS="1149" WIDTH="90" HEIGHT="48" CONTENT="und" WC="0.97" CC="070"/>
						<SP ID="P7_SP00105" HPOS="1106" VPOS="1216" WIDTH="33"/>
						<String ID="P7_ST00119" HPOS="1139" VPOS="1148" WIDTH="250" HEIGHT="51" CONTENT="Markstein" WC="0.98" CC="049035807"/>
						<SP ID="P7_SP00106" HPOS="1389" VPOS="1216" WIDTH="29"/>
						<String ID="P7_ST00120" HPOS="1418" VPOS="1148" WIDTH="171" HEIGHT="58" CONTENT="werde," WC="0.99" CC="010052"/>
						<SP ID="P7_SP00107" HPOS="1589" VPOS="1216" WIDTH="30"/>
						<String ID="P7_ST00121" HPOS="1619" VPOS="1149" WIDTH="90" HEIGHT="48" CONTENT="und" WC="0.97" CC="080"/>
					</TextLine>
					<TextLine ID="P7_TL00015" HPOS="184" VPOS="1224" WIDTH="1525" HEIGHT="67">
						<String ID="P7_ST00122" HPOS="184" VPOS="1235" WIDTH="232" HEIGHT="49" CONTENT="erkennen" WC="0.99" CC="04006701"/>
						<SP ID="P7_SP00108" HPOS="416" VPOS="1284" WIDTH="30"/>
						<String ID="P7_ST00123" HPOS="446" VPOS="1232" WIDTH="132" HEIGHT="52" CONTENT="lasse," WC="0.98" CC="427700"/>
						<SP ID="P7_SP00109" HPOS="578" VPOS="1284" WIDTH="48"/>
						<String ID="P7_ST00124" HPOS="626" VPOS="1226" WIDTH="86" HEIGHT="49" CONTENT="wie" WC="0.96" CC="730"/>
						<SP ID="P7_SP00110" HPOS="712" VPOS="1284" WIDTH="43"/>
						<String ID="P7_ST00125" HPOS="755" VPOS="1226" WIDTH="116" HEIGHT="49" CONTENT="hoch" WC="0.94" CC="7966"/>
						<SP ID="P7_SP00111" HPOS="871" VPOS="1284" WIDTH="43"/>
						<String ID="P7_ST00126" HPOS="914" VPOS="1225" WIDTH="71" HEIGHT="50" CONTENT="die" WC="1.00" CC="000"/>
						<SP ID="P7_SP00112" HPOS="985" VPOS="1284" WIDTH="31"/>
						<String ID="P7_ST00127" HPOS="1016" VPOS="1226" WIDTH="157" HEIGHT="65" CONTENT="Pflege" WC="0.99" CC="033000"/>
						<SP ID="P7_SP00113" HPOS="1173" VPOS="1291" WIDTH="42"/>
						<String ID="P7_ST00128" HPOS="1215" VPOS="1225" WIDTH="79" HEIGHT="48" CONTENT="des" WC="0.97" CC="034"/>
						<SP ID="P7_SP00114" HPOS="1294" VPOS="1291" WIDTH="28"/>
						<String ID="P7_ST00129" HPOS="1322" VPOS="1224" WIDTH="162" HEIGHT="49" CONTENT="Liedes" WC="0.99" CC="250001"/>
						<SP ID="P7_SP00115" HPOS="1484" VPOS="1291" WIDTH="36"/>
						<String ID="P7_ST00130" HPOS="1520" VPOS="1226" WIDTH="44" HEIGHT="47" CONTENT="in" WC="0.64" CC="07"/>
						<SP ID="P7_SP00116" HPOS="1564" VPOS="1291" WIDTH="30"/>
						<String ID="P7_ST00131" HPOS="1594" VPOS="1226" WIDTH="115" HEIGHT="49" CONTENT="allen" WC="0.97" CC="62336"/>
					</TextLine>
					<TextLine ID="P7_TL00016" HPOS="184" VPOS="1304" WIDTH="1527" HEIGHT="66">
						<String ID="P7_ST00132" HPOS="184" VPOS="1310" WIDTH="248" HEIGHT="50" CONTENT="deutschen" WC="1.00" CC="000000703"/>
						<SP ID="P7_SP00117" HPOS="432" VPOS="1360" WIDTH="30"/>
						<String ID="P7_ST00133" HPOS="462" VPOS="1308" WIDTH="161" HEIGHT="47" CONTENT="Gauen" WC="0.97" CC="03266"/>
						<SP ID="P7_SP00118" HPOS="623" VPOS="1360" WIDTH="32"/>
						<String ID="P7_ST00134" HPOS="655" VPOS="1305" WIDTH="66" HEIGHT="48" CONTENT="bis" WC="0.99" CC="001"/>
						<SP ID="P7_SP00119" HPOS="721" VPOS="1360" WIDTH="34"/>
						<String ID="P7_ST00135" HPOS="755" VPOS="1305" WIDTH="110" HEIGHT="65" CONTENT="jetzt" WC="0.97" CC="40665"/>
						<SP ID="P7_SP00120" HPOS="865" VPOS="1370" WIDTH="28"/>
						<String ID="P7_ST00136" HPOS="893" VPOS="1306" WIDTH="231" HEIGHT="63" CONTENT="gestiegen" WC="1.00" CC="000500006"/>
						<SP ID="P7_SP00121" HPOS="1124" VPOS="1370" WIDTH="42"/>
						<String ID="P7_ST00137" HPOS="1166" VPOS="1304" WIDTH="91" HEIGHT="48" CONTENT="und" WC="0.96" CC="260"/>
						<SP ID="P7_SP00122" HPOS="1257" VPOS="1370" WIDTH="31"/>
						<String ID="P7_ST00138" HPOS="1288" VPOS="1319" WIDTH="94" HEIGHT="32" CONTENT="was" WC="1.00" CC="000"/>
						<SP ID="P7_SP00123" HPOS="1382" VPOS="1370" WIDTH="28"/>
						<String ID="P7_ST00139" HPOS="1410" VPOS="1304" WIDTH="63" HEIGHT="47" CONTENT="sie" WC="0.97" CC="070"/>
						<SP ID="P7_SP00124" HPOS="1473" VPOS="1370" WIDTH="29"/>
						<String ID="P7_ST00140" HPOS="1502" VPOS="1304" WIDTH="209" HEIGHT="65" CONTENT="gewirkt." WC="0.99" CC="90000004"/>
					</TextLine>
					<TextLine ID="P7_TL00017" HPOS="181" VPOS="1380" WIDTH="1531" HEIGHT="65">
						<String ID="P7_ST00141" HPOS="181" VPOS="1389" WIDTH="69" HEIGHT="47" CONTENT="Zu" WC="0.79" CC="04"/>
						<SP ID="P7_SP00125" HPOS="250" VPOS="1436" WIDTH="28"/>
						<String ID="P7_ST00142" HPOS="278" VPOS="1386" WIDTH="169" HEIGHT="49" CONTENT="diesem" WC="0.99" CC="050003"/>
						<SP ID="P7_SP00126" HPOS="447" VPOS="1436" WIDTH="30"/>
						<String ID="P7_ST00143" HPOS="477" VPOS="1383" WIDTH="130" HEIGHT="49" CONTENT="Ende" WC="0.99" CC="0300"/>
						<SP ID="P7_SP00127" HPOS="607" VPOS="1436" WIDTH="24"/>
						<String ID="P7_ST00144" HPOS="631" VPOS="1390" WIDTH="198" HEIGHT="41" CONTENT="mussten" WC="0.58" CC="9400608"/>
						<SP ID="P7_SP00128" HPOS="829" VPOS="1436" WIDTH="32"/>
						<String ID="P7_ST00145" HPOS="861" VPOS="1383" WIDTH="82" HEIGHT="47" CONTENT="wir" WC="0.96" CC="900"/>
						<SP ID="P7_SP00129" HPOS="943" VPOS="1436" WIDTH="30"/>
						<String ID="P7_ST00146" HPOS="973" VPOS="1399" WIDTH="82" HEIGHT="32" CONTENT="uns" WC="1.00" CC="100"/>
						<SP ID="P7_SP00130" HPOS="1055" VPOS="1436" WIDTH="42"/>
						<String ID="P7_ST00147" HPOS="1097" VPOS="1383" WIDTH="72" HEIGHT="48" CONTENT="die" WC="1.00" CC="000"/>
						<SP ID="P7_SP00131" HPOS="1169" VPOS="1436" WIDTH="37"/>
						<String ID="P7_ST00148" HPOS="1206" VPOS="1380" WIDTH="173" HEIGHT="65" CONTENT="thätige" WC="0.80" CC="6007000"/>
						<SP ID="P7_SP00132" HPOS="1379" VPOS="1445" WIDTH="28"/>
						<String ID="P7_ST00149" HPOS="1407" VPOS="1381" WIDTH="305" HEIGHT="50" CONTENT="Theilnahme" WC="0.73" CC="6600070600"/>
					</TextLine>
					<TextLine ID="P7_TL00018" HPOS="184" VPOS="1459" WIDTH="1527" HEIGHT="70">
						<String ID="P7_ST00150" HPOS="184" VPOS="1464" WIDTH="83" HEIGHT="49" CONTENT="der" WC="0.98" CC="004"/>
						<SP ID="P7_SP00133" HPOS="267" VPOS="1513" WIDTH="26"/>
						<String ID="P7_ST00151" HPOS="293" VPOS="1466" WIDTH="210" HEIGHT="63" CONTENT="grössten" WC="0.69" CC="03047602"/>
						<SP ID="P7_SP00134" HPOS="503" VPOS="1529" WIDTH="29"/>
						<String ID="P7_ST00152" HPOS="532" VPOS="1460" WIDTH="248" HEIGHT="50" CONTENT="deutschen" WC="1.00" CC="000022040"/>
						<SP ID="P7_SP00135" HPOS="780" VPOS="1529" WIDTH="25"/>
						<String ID="P7_ST00153" HPOS="805" VPOS="1460" WIDTH="184" HEIGHT="48" CONTENT="Meister" WC="0.99" CC="0009500"/>
						<SP ID="P7_SP00136" HPOS="989" VPOS="1529" WIDTH="22"/>
						<String ID="P7_ST00154" HPOS="1011" VPOS="1460" WIDTH="78" HEIGHT="48" CONTENT="des" WC="0.98" CC="050"/>
						<SP ID="P7_SP00137" HPOS="1089" VPOS="1529" WIDTH="25"/>
						<String ID="P7_ST00155" HPOS="1114" VPOS="1459" WIDTH="169" HEIGHT="48" CONTENT="Liedes" WC="0.99" CC="300009"/>
						<SP ID="P7_SP00138" HPOS="1283" VPOS="1529" WIDTH="16"/>
						<String ID="P7_ST00156" HPOS="1299" VPOS="1459" WIDTH="66" HEIGHT="47" CONTENT="als" WC="0.98" CC="006"/>
						<SP ID="P7_SP00139" HPOS="1365" VPOS="1529" WIDTH="22"/>
						<String ID="P7_ST00157" HPOS="1387" VPOS="1459" WIDTH="324" HEIGHT="66" CONTENT="Componisten" WC="0.74" CC="84000009400"/>
					</TextLine>
					<TextLine ID="P7_TL00019" HPOS="185" VPOS="1535" WIDTH="1526" HEIGHT="65">
						<String ID="P7_ST00158" HPOS="185" VPOS="1541" WIDTH="93" HEIGHT="49" CONTENT="und" WC="0.95" CC="164"/>
						<SP ID="P7_SP00140" HPOS="278" VPOS="1590" WIDTH="29"/>
						<String ID="P7_ST00159" HPOS="307" VPOS="1539" WIDTH="423" HEIGHT="51" CONTENT="Auto-Directoren" WC="0.66" CC="364714654003002"/>
						<SP ID="P7_SP00141" HPOS="730" VPOS="1590" WIDTH="42"/>
						<String ID="P7_ST00160" HPOS="772" VPOS="1538" WIDTH="85" HEIGHT="48" CONTENT="der" WC="0.98" CC="006"/>
						<SP ID="P7_SP00142" HPOS="857" VPOS="1590" WIDTH="32"/>
						<String ID="P7_ST00161" HPOS="889" VPOS="1554" WIDTH="85" HEIGHT="32" CONTENT="uns" WC="0.97" CC="060"/>
						<SP ID="P7_SP00143" HPOS="974" VPOS="1590" WIDTH="42"/>
						<String ID="P7_ST00162" HPOS="1016" VPOS="1554" WIDTH="85" HEIGHT="32" CONTENT="von" WC="0.97" CC="241"/>
						<SP ID="P7_SP00144" HPOS="1101" VPOS="1590" WIDTH="29"/>
						<String ID="P7_ST00163" HPOS="1130" VPOS="1538" WIDTH="136" HEIGHT="47" CONTENT="ihnen" WC="0.97" CC="07406"/>
						<SP ID="P7_SP00145" HPOS="1266" VPOS="1590" WIDTH="28"/>
						<String ID="P7_ST00164" HPOS="1294" VPOS="1535" WIDTH="264" HEIGHT="65" CONTENT="gelieferten" WC="0.99" CC="90403011506"/>
						<SP ID="P7_SP00146" HPOS="1558" VPOS="1600" WIDTH="32"/>
						<String ID="P7_ST00165" HPOS="1590" VPOS="1538" WIDTH="91" HEIGHT="47" CONTENT="Ton" SUBS_TYPE="HypPart1" SUBS_CONTENT="Tonwerke" WC="0.96" CC="663"/>
						<HYP HPOS="1681" VPOS="1538" WIDTH="30" CONTENT="-"/>
					</TextLine>
					<TextLine ID="P7_TL00020" HPOS="185" VPOS="1613" WIDTH="1526" HEIGHT="55">
						<String ID="P7_ST00166" HPOS="185" VPOS="1618" WIDTH="155" HEIGHT="50" CONTENT="werke" SUBS_TYPE="HypPart2" SUBS_CONTENT="Tonwerke" WC="0.98" CC="90400"/>
						<SP ID="P7_SP00147" HPOS="340" VPOS="1668" WIDTH="23"/>
						<String ID="P7_ST00167" HPOS="363" VPOS="1616" WIDTH="255" HEIGHT="50" CONTENT="erwerben." WC="0.99" CC="050044060"/>
						<SP ID="P7_SP00148" HPOS="618" VPOS="1668" WIDTH="33"/>
						<String ID="P7_ST00168" HPOS="651" VPOS="1615" WIDTH="106" HEIGHT="51" CONTENT="Wir" WC="0.97" CC="005"/>
						<SP ID="P7_SP00149" HPOS="757" VPOS="1668" WIDTH="24"/>
						<String ID="P7_ST00169" HPOS="781" VPOS="1615" WIDTH="183" HEIGHT="48" CONTENT="können" WC="0.99" CC="003404"/>
						<SP ID="P7_SP00150" HPOS="964" VPOS="1668" WIDTH="21"/>
						<String ID="P7_ST00170" HPOS="985" VPOS="1615" WIDTH="117" HEIGHT="48" CONTENT="nach" WC="0.98" CC="2105"/>
						<SP ID="P7_SP00151" HPOS="1102" VPOS="1668" WIDTH="23"/>
						<String ID="P7_ST00171" HPOS="1125" VPOS="1614" WIDTH="103" HEIGHT="48" CONTENT="dem" WC="0.99" CC="002"/>
						<SP ID="P7_SP00152" HPOS="1228" VPOS="1668" WIDTH="20"/>
						<String ID="P7_ST00172" HPOS="1248" VPOS="1614" WIDTH="177" HEIGHT="48" CONTENT="Maasse" WC="0.94" CC="000300"/>
						<SP ID="P7_SP00153" HPOS="1425" VPOS="1668" WIDTH="24"/>
						<String ID="P7_ST00173" HPOS="1449" VPOS="1613" WIDTH="82" HEIGHT="49" CONTENT="der" WC="0.98" CC="004"/>
						<SP ID="P7_SP00154" HPOS="1531" VPOS="1668" WIDTH="21"/>
						<String ID="P7_ST00174" HPOS="1552" VPOS="1614" WIDTH="159" HEIGHT="48" CONTENT="Kräfte" WC="0.99" CC="040070"/>
					</TextLine>
					<TextLine ID="P7_TL00021" HPOS="185" VPOS="1691" WIDTH="1527" HEIGHT="68">
						<String ID="P7_ST00175" HPOS="185" VPOS="1713" WIDTH="189" HEIGHT="33" CONTENT="unserer" WC="0.99" CC="0700002"/>
						<SP ID="P7_SP00155" HPOS="374" VPOS="1746" WIDTH="28"/>
						<String ID="P7_ST00176" HPOS="402" VPOS="1694" WIDTH="131" HEIGHT="49" CONTENT="Stadt" WC="0.97" CC="45503"/>
						<SP ID="P7_SP00156" HPOS="533" VPOS="1746" WIDTH="28"/>
						<String ID="P7_ST00177" HPOS="561" VPOS="1701" WIDTH="120" HEIGHT="41" CONTENT="etwa" WC="0.98" CC="0009"/>
						<SP ID="P7_SP00157" HPOS="681" VPOS="1746" WIDTH="27"/>
						<String ID="P7_ST00178" HPOS="708" VPOS="1693" WIDTH="150" HEIGHT="49" CONTENT="4000" WC="0.62" CC="0085"/>
						<SP ID="P7_SP00158" HPOS="858" VPOS="1746" WIDTH="31"/>
						<String ID="P7_ST00179" HPOS="889" VPOS="1694" WIDTH="176" HEIGHT="65" CONTENT="Sänger" WC="0.99" CC="005001"/>
						<SP ID="P7_SP00159" HPOS="1065" VPOS="1759" WIDTH="28"/>
						<String ID="P7_ST00180" HPOS="1093" VPOS="1691" WIDTH="284" HEIGHT="56" CONTENT="bewirthen;" WC="0.77" CC="5080030004"/>
						<SP ID="P7_SP00160" HPOS="1377" VPOS="1759" WIDTH="40"/>
						<String ID="P7_ST00181" HPOS="1417" VPOS="1691" WIDTH="83" HEIGHT="49" CONTENT="wir" WC="0.96" CC="703"/>
						<SP ID="P7_SP00161" HPOS="1500" VPOS="1759" WIDTH="30"/>
						<String ID="P7_ST00182" HPOS="1530" VPOS="1691" WIDTH="182" HEIGHT="49" CONTENT="können" WC="0.99" CC="003602"/>
					</TextLine>
					<TextLine ID="P7_TL00022" HPOS="184" VPOS="1769" WIDTH="1527" HEIGHT="66">
						<String ID="P7_ST00183" HPOS="184" VPOS="1774" WIDTH="113" HEIGHT="51" CONTENT="aber" WC="0.97" CC="4502"/>
						<SP ID="P7_SP00162" HPOS="297" VPOS="1825" WIDTH="30"/>
						<String ID="P7_ST00184" HPOS="327" VPOS="1773" WIDTH="177" HEIGHT="49" CONTENT="keinem" WC="1.00" CC="000100"/>
						<SP ID="P7_SP00163" HPOS="504" VPOS="1825" WIDTH="29"/>
						<String ID="P7_ST00185" HPOS="533" VPOS="1773" WIDTH="193" HEIGHT="47" CONTENT="Vereine" WC="1.00" CC="0001060"/>
						<SP ID="P7_SP00164" HPOS="726" VPOS="1825" WIDTH="28"/>
						<String ID="P7_ST00186" HPOS="754" VPOS="1771" WIDTH="73" HEIGHT="49" CONTENT="die" WC="1.00" CC="000"/>
						<SP ID="P7_SP00165" HPOS="827" VPOS="1825" WIDTH="22"/>
						<String ID="P7_ST00187" HPOS="849" VPOS="1771" WIDTH="304" HEIGHT="49" CONTENT="Theilnahme" WC="0.66" CC="0744750050"/>
						<SP ID="P7_SP00166" HPOS="1153" VPOS="1825" WIDTH="30"/>
						<String ID="P7_ST00188" HPOS="1183" VPOS="1769" WIDTH="293" HEIGHT="66" CONTENT="(wenigstens" WC="0.99" CC="00054035075"/>
						<SP ID="P7_SP00167" HPOS="1476" VPOS="1835" WIDTH="28"/>
						<String ID="P7_ST00189" HPOS="1504" VPOS="1770" WIDTH="43" HEIGHT="47" CONTENT="in" WC="0.69" CC="06"/>
						<SP ID="P7_SP00168" HPOS="1547" VPOS="1835" WIDTH="26"/>
						<String ID="P7_ST00190" HPOS="1573" VPOS="1770" WIDTH="138" HEIGHT="47" CONTENT="Form" WC="0.99" CC="0030"/>
					</TextLine>
					<TextLine ID="P7_TL00023" HPOS="185" VPOS="1846" WIDTH="1527" HEIGHT="66">
						<String ID="P7_ST00191" HPOS="185" VPOS="1853" WIDTH="122" HEIGHT="48" CONTENT="eines" WC="0.99" CC="00802"/>
						<SP ID="P7_SP00169" HPOS="307" VPOS="1901" WIDTH="28"/>
						<String ID="P7_ST00192" HPOS="335" VPOS="1849" WIDTH="325" HEIGHT="63" CONTENT="vollständigen" WC="0.99" CC="6107680890930"/>
						<SP ID="P7_SP00170" HPOS="660" VPOS="1912" WIDTH="32"/>
						<String ID="P7_ST00193" HPOS="692" VPOS="1847" WIDTH="330" HEIGHT="65" CONTENT="mitsingenden" WC="0.99" CC="904677007006"/>
						<SP ID="P7_SP00171" HPOS="1022" VPOS="1912" WIDTH="26"/>
						<String ID="P7_ST00194" HPOS="1048" VPOS="1849" WIDTH="238" HEIGHT="57" CONTENT="Quartetts" WC="0.99" CC="520030666"/>
						<SP ID="P7_SP00172" HPOS="1286" VPOS="1912" WIDTH="30"/>
						<String ID="P7_ST00195" HPOS="1316" VPOS="1846" WIDTH="63" HEIGHT="48" CONTENT="als" WC="0.96" CC="605"/>
						<SP ID="P7_SP00173" HPOS="1379" VPOS="1912" WIDTH="25"/>
						<String ID="P7_ST00196" HPOS="1404" VPOS="1846" WIDTH="278" HEIGHT="48" CONTENT="Fahnen-De" SUBS_TYPE="HypPart1" SUBS_CONTENT="Fahnen-Deputation" WC="1.00" CC="006500400"/>
						<HYP HPOS="1682" VPOS="1846" WIDTH="30" CONTENT="-"/>
					</TextLine>
					<TextLine ID="P7_TL00024" HPOS="187" VPOS="1925" WIDTH="1525" HEIGHT="70">
						<String ID="P7_ST00197" HPOS="187" VPOS="1929" WIDTH="204" HEIGHT="66" CONTENT="putation" SUBS_TYPE="HypPart2" SUBS_CONTENT="Fahnen-Deputation" WC="0.98" CC="80706606"/>
						<SP ID="P7_SP00174" HPOS="391" VPOS="1995" WIDTH="25"/>
						<String ID="P7_ST00198" HPOS="416" VPOS="1943" WIDTH="120" HEIGHT="31" CONTENT="muss" WC="0.67" CC="4610"/>
						<SP ID="P7_SP00175" HPOS="536" VPOS="1995" WIDTH="23"/>
						<String ID="P7_ST00199" HPOS="559" VPOS="1926" WIDTH="133" HEIGHT="64" CONTENT="jeder" WC="1.00" CC="03000"/>
						<SP ID="P7_SP00176" HPOS="692" VPOS="1995" WIDTH="19"/>
						<String ID="P7_ST00200" HPOS="711" VPOS="1925" WIDTH="93" HEIGHT="48" CONTENT="sich" WC="0.98" CC="3005"/>
						<SP ID="P7_SP00177" HPOS="804" VPOS="1995" WIDTH="24"/>
						<String ID="P7_ST00201" HPOS="828" VPOS="1925" WIDTH="301" HEIGHT="48" CONTENT="anmeldende" WC="0.99" CC="5801400800"/>
						<SP ID="P7_SP00178" HPOS="1129" VPOS="1995" WIDTH="24"/>
						<String ID="P7_ST00202" HPOS="1153" VPOS="1925" WIDTH="165" HEIGHT="48" CONTENT="Verein" WC="0.99" CC="004007"/>
						<SP ID="P7_SP00179" HPOS="1318" VPOS="1995" WIDTH="29"/>
						<String ID="P7_ST00203" HPOS="1347" VPOS="1931" WIDTH="224" HEIGHT="41" CONTENT="vertreten" WC="0.99" CC="005230505"/>
						<SP ID="P7_SP00180" HPOS="1571" VPOS="1995" WIDTH="25"/>
						<String ID="P7_ST00204" HPOS="1596" VPOS="1940" WIDTH="87" HEIGHT="32" CONTENT="wer" SUBS_TYPE="HypPart1" SUBS_CONTENT="werden" WC="0.99" CC="004"/>
						<HYP HPOS="1683" VPOS="1940" WIDTH="29" CONTENT="-"/>
					</TextLine>
					<TextLine ID="P7_TL00025" HPOS="184" VPOS="2001" WIDTH="1530" HEIGHT="65">
						<String ID="P7_ST00205" HPOS="184" VPOS="2006" WIDTH="88" HEIGHT="49" CONTENT="den" SUBS_TYPE="HypPart2" SUBS_CONTENT="werden" WC="1.00" CC="000"/>
						<SP ID="P7_SP00181" HPOS="272" VPOS="2055" WIDTH="24"/>
						<String ID="P7_ST00206" HPOS="296" VPOS="2004" WIDTH="179" HEIGHT="62" CONTENT="dürfen)" WC="0.98" CC="0045682"/>
						<SP ID="P7_SP00182" HPOS="475" VPOS="2066" WIDTH="26"/>
						<String ID="P7_ST00207" HPOS="501" VPOS="2020" WIDTH="72" HEIGHT="31" CONTENT="am" WC="0.25" CC="59"/>
						<SP ID="P7_SP00183" HPOS="573" VPOS="2066" WIDTH="25"/>
						<String ID="P7_ST00208" HPOS="598" VPOS="2004" WIDTH="133" HEIGHT="47" CONTENT="Feste" WC="0.98" CC="01740"/>
						<SP ID="P7_SP00184" HPOS="731" VPOS="2066" WIDTH="23"/>
						<String ID="P7_ST00209" HPOS="754" VPOS="2019" WIDTH="233" HEIGHT="47" CONTENT="versagen." WC="0.99" CC="904040051"/>
						<SP ID="P7_SP00185" HPOS="987" VPOS="2066" WIDTH="33"/>
						<String ID="P7_ST00210" HPOS="1020" VPOS="2002" WIDTH="106" HEIGHT="50" CONTENT="Wir" WC="1.00" CC="000"/>
						<SP ID="P7_SP00186" HPOS="1126" VPOS="2066" WIDTH="26"/>
						<String ID="P7_ST00211" HPOS="1152" VPOS="2005" WIDTH="178" HEIGHT="46" CONTENT="müssen" WC="0.98" CC="400505"/>
						<SP ID="P7_SP00187" HPOS="1330" VPOS="2066" WIDTH="25"/>
						<String ID="P7_ST00212" HPOS="1355" VPOS="2002" WIDTH="99" HEIGHT="47" CONTENT="eine" WC="0.98" CC="0070"/>
						<SP ID="P7_SP00188" HPOS="1454" VPOS="2066" WIDTH="25"/>
						<String ID="P7_ST00213" HPOS="1479" VPOS="2002" WIDTH="131" HEIGHT="47" CONTENT="Halle" WC="0.97" CC="50543"/>
						<SP ID="P7_SP00189" HPOS="1610" VPOS="2066" WIDTH="24"/>
						<String ID="P7_ST00214" HPOS="1634" VPOS="2001" WIDTH="80" HEIGHT="48" CONTENT="mit" WC="1.00" CC="000"/>
					</TextLine>
					<TextLine ID="P7_TL00026" HPOS="185" VPOS="2079" WIDTH="1526" HEIGHT="66">
						<String ID="P7_ST00215" HPOS="185" VPOS="2084" WIDTH="148" HEIGHT="48" CONTENT="einem" WC="0.99" CC="20006"/>
						<SP ID="P7_SP00190" HPOS="333" VPOS="2132" WIDTH="34"/>
						<String ID="P7_ST00216" HPOS="367" VPOS="2080" WIDTH="190" HEIGHT="49" CONTENT="Podium" WC="0.99" CC="010480"/>
						<SP ID="P7_SP00191" HPOS="557" VPOS="2132" WIDTH="38"/>
						<String ID="P7_ST00217" HPOS="595" VPOS="2081" WIDTH="78" HEIGHT="46" CONTENT="für" WC="0.96" CC="702"/>
						<SP ID="P7_SP00192" HPOS="673" VPOS="2132" WIDTH="29"/>
						<String ID="P7_ST00218" HPOS="702" VPOS="2081" WIDTH="272" HEIGHT="62" CONTENT="wenigstens" WC="1.00" CC="0200024140"/>
						<SP ID="P7_SP00193" HPOS="974" VPOS="2143" WIDTH="33"/>
						<String ID="P7_ST00219" HPOS="1007" VPOS="2079" WIDTH="150" HEIGHT="50" CONTENT="4000" WC="0.67" CC="0435"/>
						<SP ID="P7_SP00194" HPOS="1157" VPOS="2143" WIDTH="30"/>
						<String ID="P7_ST00220" HPOS="1187" VPOS="2080" WIDTH="177" HEIGHT="65" CONTENT="Sänger" WC="0.98" CC="188003"/>
						<SP ID="P7_SP00195" HPOS="1364" VPOS="2145" WIDTH="29"/>
						<String ID="P7_ST00221" HPOS="1393" VPOS="2079" WIDTH="91" HEIGHT="48" CONTENT="und" WC="0.98" CC="050"/>
						<SP ID="P7_SP00196" HPOS="1484" VPOS="2145" WIDTH="30"/>
						<String ID="P7_ST00222" HPOS="1514" VPOS="2079" WIDTH="86" HEIGHT="48" CONTENT="den" WC="0.98" CC="050"/>
						<SP ID="P7_SP00197" HPOS="1600" VPOS="2145" WIDTH="32"/>
						<String ID="P7_ST00223" HPOS="1632" VPOS="2082" WIDTH="53" HEIGHT="45" CONTENT="nö" SUBS_TYPE="HypPart1" SUBS_CONTENT="nöthigen" WC="0.63" CC="60"/>
						<HYP HPOS="1685" VPOS="2082" WIDTH="26" CONTENT="-"/>
					</TextLine>
					<TextLine ID="P7_TL00027" HPOS="185" VPOS="2156" WIDTH="1526" HEIGHT="69">
						<String ID="P7_ST00224" HPOS="185" VPOS="2160" WIDTH="155" HEIGHT="65" CONTENT="thigen" SUBS_TYPE="HypPart2" SUBS_CONTENT="nöthigen" WC="0.70" CC="624030"/>
						<SP ID="P7_SP00198" HPOS="340" VPOS="2225" WIDTH="42"/>
						<String ID="P7_ST00225" HPOS="382" VPOS="2160" WIDTH="150" HEIGHT="47" CONTENT="Raum" WC="0.97" CC="7600"/>
						<SP ID="P7_SP00199" HPOS="532" VPOS="2225" WIDTH="46"/>
						<String ID="P7_ST00226" HPOS="578" VPOS="2159" WIDTH="76" HEIGHT="47" CONTENT="für" WC="0.99" CC="003"/>
						<SP ID="P7_SP00200" HPOS="654" VPOS="2225" WIDTH="41"/>
						<String ID="P7_ST00227" HPOS="695" VPOS="2156" WIDTH="74" HEIGHT="50" CONTENT="die" WC="0.97" CC="008"/>
						<SP ID="P7_SP00201" HPOS="769" VPOS="2225" WIDTH="33"/>
						<String ID="P7_ST00228" HPOS="802" VPOS="2157" WIDTH="221" HEIGHT="56" CONTENT="Musiker," WC="0.99" CC="00100064"/>
						<SP ID="P7_SP00202" HPOS="1023" VPOS="2225" WIDTH="35"/>
						<String ID="P7_ST00229" HPOS="1058" VPOS="2156" WIDTH="120" HEIGHT="50" CONTENT="dann" WC="0.98" CC="0054"/>
						<SP ID="P7_SP00203" HPOS="1178" VPOS="2225" WIDTH="44"/>
						<String ID="P7_ST00230" HPOS="1222" VPOS="2157" WIDTH="76" HEIGHT="47" CONTENT="für" WC="0.98" CC="006"/>
						<SP ID="P7_SP00204" HPOS="1298" VPOS="2225" WIDTH="38"/>
						<String ID="P7_ST00231" HPOS="1336" VPOS="2156" WIDTH="99" HEIGHT="48" CONTENT="eine" WC="0.99" CC="0200"/>
						<SP ID="P7_SP00205" HPOS="1435" VPOS="2225" WIDTH="38"/>
						<String ID="P7_ST00232" HPOS="1473" VPOS="2156" WIDTH="113" HEIGHT="48" CONTENT="Zahl" WC="0.99" CC="0002"/>
						<SP ID="P7_SP00206" HPOS="1586" VPOS="2225" WIDTH="42"/>
						<String ID="P7_ST00233" HPOS="1628" VPOS="2173" WIDTH="83" HEIGHT="31" CONTENT="von" WC="0.99" CC="030"/>
					</TextLine>
					<TextLine ID="P7_TL00028" HPOS="192" VPOS="2234" WIDTH="1519" HEIGHT="61">
						<String ID="P7_ST00234" HPOS="192" VPOS="2236" WIDTH="199" HEIGHT="59" CONTENT="11,000" WC="0.87" CC="100330"/>
						<SP ID="P7_SP00207" HPOS="391" VPOS="2295" WIDTH="22"/>
						<String ID="P7_ST00235" HPOS="413" VPOS="2236" WIDTH="241" HEIGHT="47" CONTENT="Zuhörern" WC="0.99" CC="06309000"/>
						<SP ID="P7_SP00208" HPOS="654" VPOS="2295" WIDTH="25"/>
						<String ID="P7_ST00236" HPOS="679" VPOS="2235" WIDTH="164" HEIGHT="48" CONTENT="bauen." WC="0.98" CC="663004"/>
						<SP ID="P7_SP00209" HPOS="843" VPOS="2295" WIDTH="29"/>
						<String ID="P7_ST00237" HPOS="872" VPOS="2236" WIDTH="88" HEIGHT="47" CONTENT="Die" WC="0.97" CC="062"/>
						<SP ID="P7_SP00210" HPOS="960" VPOS="2295" WIDTH="24"/>
						<String ID="P7_ST00238" HPOS="984" VPOS="2237" WIDTH="169" HEIGHT="46" CONTENT="Kosten" WC="0.98" CC="170703"/>
						<SP ID="P7_SP00211" HPOS="1153" VPOS="2295" WIDTH="18"/>
						<String ID="P7_ST00239" HPOS="1171" VPOS="2234" WIDTH="184" HEIGHT="49" CONTENT="werden" WC="0.99" CC="005006"/>
						<SP ID="P7_SP00212" HPOS="1355" VPOS="2295" WIDTH="24"/>
						<String ID="P7_ST00240" HPOS="1379" VPOS="2235" WIDTH="91" HEIGHT="47" CONTENT="sich" WC="0.98" CC="2030"/>
						<SP ID="P7_SP00213" HPOS="1470" VPOS="2295" WIDTH="25"/>
						<String ID="P7_ST00241" HPOS="1495" VPOS="2235" WIDTH="81" HEIGHT="47" CONTENT="auf" WC="0.98" CC="060"/>
						<SP ID="P7_SP00214" HPOS="1576" VPOS="2295" WIDTH="16"/>
						<String ID="P7_ST00242" HPOS="1592" VPOS="2241" WIDTH="119" HEIGHT="41" CONTENT="etwa" WC="0.97" CC="0606"/>
					</TextLine>
					<TextLine ID="P7_TL00029" HPOS="188" VPOS="2310" WIDTH="1525" HEIGHT="66">
						<String ID="P7_ST00243" HPOS="188" VPOS="2312" WIDTH="203" HEIGHT="59" CONTENT="60,000" WC="0.55" CC="780406"/>
						<SP ID="P7_SP00215" HPOS="391" VPOS="2371" WIDTH="27"/>
						<String ID="P7_ST00244" HPOS="418" VPOS="2312" WIDTH="177" HEIGHT="49" CONTENT="Gulden" WC="0.97" CC="050958"/>
						<SP ID="P7_SP00216" HPOS="595" VPOS="2371" WIDTH="26"/>
						<String ID="P7_ST00245" HPOS="621" VPOS="2311" WIDTH="143" HEIGHT="48" CONTENT="rhein." WC="0.55" CC="650284"/>
						<SP ID="P7_SP00217" HPOS="764" VPOS="2371" WIDTH="31"/>
						<String ID="P7_ST00246" HPOS="795" VPOS="2311" WIDTH="223" HEIGHT="65" CONTENT="(35,000" WC="0.52" CC="6740472"/>
						<SP ID="P7_SP00218" HPOS="1018" VPOS="2376" WIDTH="21"/>
						<String ID="P7_ST00247" HPOS="1039" VPOS="2310" WIDTH="143" HEIGHT="65" CONTENT="Thlr.)" WC="0.71" CC="006540"/>
						<SP ID="P7_SP00219" HPOS="1182" VPOS="2376" WIDTH="33"/>
						<String ID="P7_ST00248" HPOS="1215" VPOS="2310" WIDTH="226" HEIGHT="49" CONTENT="belaufen." WC="0.99" CC="000039004"/>
						<SP ID="P7_SP00220" HPOS="1441" VPOS="2376" WIDTH="31"/>
						<String ID="P7_ST00249" HPOS="1472" VPOS="2311" WIDTH="108" HEIGHT="47" CONTENT="Vier" WC="1.00" CC="0000"/>
						<SP ID="P7_SP00221" HPOS="1580" VPOS="2376" WIDTH="17"/>
						<String ID="P7_ST00250" HPOS="1597" VPOS="2311" WIDTH="87" HEIGHT="47" CONTENT="Bür" SUBS_TYPE="HypPart1" SUBS_CONTENT="Bürger" WC="0.98" CC="601"/>
						<HYP HPOS="1684" VPOS="2311" WIDTH="29" CONTENT="-"/>
					</TextLine>
					<TextLine ID="P7_TL00030" HPOS="185" VPOS="2386" WIDTH="1527" HEIGHT="70">
						<String ID="P7_ST00251" HPOS="185" VPOS="2409" WIDTH="83" HEIGHT="47" CONTENT="ger" SUBS_TYPE="HypPart2" SUBS_CONTENT="Bürger" WC="0.98" CC="050"/>
						<SP ID="P7_SP00222" HPOS="268" VPOS="2456" WIDTH="26"/>
						<String ID="P7_ST00252" HPOS="294" VPOS="2390" WIDTH="260" HEIGHT="49" CONTENT="zeichneten" WC="0.99" CC="5002250668"/>
						<SP ID="P7_SP00223" HPOS="554" VPOS="2456" WIDTH="43"/>
						<String ID="P7_ST00253" HPOS="597" VPOS="2389" WIDTH="142" HEIGHT="48" CONTENT="sofort" WC="0.98" CC="000266"/>
						<SP ID="P7_SP00224" HPOS="739" VPOS="2456" WIDTH="37"/>
						<String ID="P7_ST00254" HPOS="776" VPOS="2405" WIDTH="263" HEIGHT="32" CONTENT="zusammen" WC="0.99" CC="03030007"/>
						<SP ID="P7_SP00225" HPOS="1039" VPOS="2456" WIDTH="30"/>
						<String ID="P7_ST00255" HPOS="1069" VPOS="2387" WIDTH="206" HEIGHT="57" CONTENT="20,000" WC="0.54" CC="962215"/>
						<SP ID="P7_SP00226" HPOS="1275" VPOS="2456" WIDTH="33"/>
						<String ID="P7_ST00256" HPOS="1308" VPOS="2389" WIDTH="65" HEIGHT="47" CONTENT="Fl." WC="0.98" CC="031"/>
						<SP ID="P7_SP00227" HPOS="1373" VPOS="2456" WIDTH="56"/>
						<String ID="P7_ST00257" HPOS="1429" VPOS="2389" WIDTH="61" HEIGHT="47" CONTENT="So" WC="0.56" CC="62"/>
						<SP ID="P7_SP00228" HPOS="1490" VPOS="2456" WIDTH="33"/>
						<String ID="P7_ST00258" HPOS="1523" VPOS="2386" WIDTH="189" HEIGHT="50" CONTENT="wurden" WC="0.99" CC="004006"/>
					</TextLine>
					<TextLine ID="P7_TL00031" HPOS="185" VPOS="2463" WIDTH="1527" HEIGHT="69">
						<String ID="P7_ST00259" HPOS="185" VPOS="2470" WIDTH="121" HEIGHT="48" CONTENT="denn" WC="0.97" CC="0076"/>
						<SP ID="P7_SP00229" HPOS="306" VPOS="2518" WIDTH="30"/>
						<String ID="P7_ST00260" HPOS="336" VPOS="2467" WIDTH="115" HEIGHT="49" CONTENT="auch" WC="0.97" CC="1193"/>
						<SP ID="P7_SP00230" HPOS="451" VPOS="2518" WIDTH="31"/>
						<String ID="P7_ST00261" HPOS="482" VPOS="2466" WIDTH="72" HEIGHT="48" CONTENT="die" WC="0.97" CC="007"/>
						<SP ID="P7_SP00231" HPOS="554" VPOS="2518" WIDTH="30"/>
						<String ID="P7_ST00262" HPOS="584" VPOS="2466" WIDTH="194" HEIGHT="66" CONTENT="übrigen" WC="0.98" CC="9740005"/>
						<SP ID="P7_SP00232" HPOS="778" VPOS="2532" WIDTH="32"/>
						<String ID="P7_ST00263" HPOS="810" VPOS="2467" WIDTH="141" HEIGHT="49" CONTENT="Mittel" WC="0.98" CC="007604"/>
						<SP ID="P7_SP00233" HPOS="951" VPOS="2532" WIDTH="45"/>
						<String ID="P7_ST00264" HPOS="996" VPOS="2466" WIDTH="81" HEIGHT="48" CONTENT="auf" WC="0.96" CC="009"/>
						<SP ID="P7_SP00234" HPOS="1077" VPOS="2532" WIDTH="34"/>
						<String ID="P7_ST00265" HPOS="1111" VPOS="2465" WIDTH="80" HEIGHT="49" CONTENT="das" WC="0.98" CC="032"/>
						<SP ID="P7_SP00235" HPOS="1191" VPOS="2532" WIDTH="29"/>
						<String ID="P7_ST00266" HPOS="1220" VPOS="2465" WIDTH="229" HEIGHT="49" CONTENT="rascheste" WC="0.99" CC="010070600"/>
						<SP ID="P7_SP00236" HPOS="1449" VPOS="2532" WIDTH="30"/>
						<String ID="P7_ST00267" HPOS="1479" VPOS="2463" WIDTH="233" HEIGHT="50" CONTENT="beschafft." WC="0.99" CC="5300037900"/>
					</TextLine>
					<TextLine ID="P7_TL00032" HPOS="302" VPOS="2542" WIDTH="1410" HEIGHT="67">
						<String ID="P7_ST00268" HPOS="302" VPOS="2545" WIDTH="320" HEIGHT="63" CONTENT="Einladungen" WC="0.99" CC="30800008705"/>
						<SP ID="P7_SP00237" HPOS="622" VPOS="2608" WIDTH="31"/>
						<String ID="P7_ST00269" HPOS="653" VPOS="2560" WIDTH="55" HEIGHT="32" CONTENT="an" WC="0.47" CC="37"/>
						<SP ID="P7_SP00238" HPOS="708" VPOS="2608" WIDTH="31"/>
						<String ID="P7_ST00270" HPOS="739" VPOS="2545" WIDTH="71" HEIGHT="47" CONTENT="die" WC="0.98" CC="005"/>
						<SP ID="P7_SP00239" HPOS="810" VPOS="2608" WIDTH="24"/>
						<String ID="P7_ST00271" HPOS="834" VPOS="2545" WIDTH="325" HEIGHT="64" CONTENT="Componisten" WC="0.67" CC="52001506607"/>
						<SP ID="P7_SP00240" HPOS="1159" VPOS="2609" WIDTH="24"/>
						<String ID="P7_ST00272" HPOS="1183" VPOS="2542" WIDTH="190" HEIGHT="48" CONTENT="wurden" WC="0.99" CC="031003"/>
						<SP ID="P7_SP00241" HPOS="1373" VPOS="2609" WIDTH="24"/>
						<String ID="P7_ST00273" HPOS="1397" VPOS="2543" WIDTH="222" HEIGHT="55" CONTENT="erlassen;" WC="0.99" CC="021525050"/>
						<SP ID="P7_SP00242" HPOS="1619" VPOS="2609" WIDTH="31"/>
						<String ID="P7_ST00274" HPOS="1650" VPOS="2542" WIDTH="62" HEIGHT="48" CONTENT="sie" WC="0.95" CC="119"/>
					</TextLine>
					<TextLine ID="P7_TL00033" HPOS="188" VPOS="2620" WIDTH="1523" HEIGHT="57">
						<String ID="P7_ST00275" HPOS="188" VPOS="2623" WIDTH="162" HEIGHT="50" CONTENT="fanden" WC="0.99" CC="600006"/>
						<SP ID="P7_SP00243" HPOS="350" VPOS="2673" WIDTH="22"/>
						<String ID="P7_ST00276" HPOS="372" VPOS="2622" WIDTH="174" HEIGHT="48" CONTENT="überall" WC="0.99" CC="0600904"/>
						<SP ID="P7_SP00244" HPOS="546" VPOS="2673" WIDTH="25"/>
						<String ID="P7_ST00277" HPOS="571" VPOS="2623" WIDTH="130" HEIGHT="46" CONTENT="einen" WC="0.96" CC="73756"/>
						<SP ID="P7_SP00245" HPOS="701" VPOS="2673" WIDTH="21"/>
						<String ID="P7_ST00278" HPOS="722" VPOS="2622" WIDTH="282" HEIGHT="55" CONTENT="liebevollen," WC="0.99" CC="006765050320"/>
						<SP ID="P7_SP00246" HPOS="1004" VPOS="2677" WIDTH="27"/>
						<String ID="P7_ST00279" HPOS="1031" VPOS="2620" WIDTH="358" HEIGHT="49" CONTENT="ermunternden" WC="1.00" CC="060041046000"/>
						<SP ID="P7_SP00247" HPOS="1389" VPOS="2677" WIDTH="21"/>
						<String ID="P7_ST00280" HPOS="1410" VPOS="2620" WIDTH="301" HEIGHT="49" CONTENT="Wiederhall." WC="0.99" CC="02007515550"/>
					</TextLine>
					<TextLine ID="P7_TL00034" HPOS="185" VPOS="2697" WIDTH="1524" HEIGHT="66">
						<String ID="P7_ST00281" HPOS="185" VPOS="2703" WIDTH="74" HEIGHT="47" CONTENT="Se." WC="0.62" CC="244"/>
						<SP ID="P7_SP00248" HPOS="259" VPOS="2750" WIDTH="25"/>
						<String ID="P7_ST00282" HPOS="284" VPOS="2701" WIDTH="173" HEIGHT="48" CONTENT="Hoheit" WC="0.97" CC="776602"/>
						<SP ID="P7_SP00249" HPOS="457" VPOS="2750" WIDTH="28"/>
						<String ID="P7_ST00283" HPOS="485" VPOS="2700" WIDTH="81" HEIGHT="48" CONTENT="der" WC="0.95" CC="056"/>
						<SP ID="P7_SP00250" HPOS="566" VPOS="2750" WIDTH="24"/>
						<String ID="P7_ST00284" HPOS="590" VPOS="2700" WIDTH="182" HEIGHT="63" CONTENT="Herzog" WC="0.97" CC="709530"/>
						<SP ID="P7_SP00251" HPOS="772" VPOS="2763" WIDTH="27"/>
						<String ID="P7_ST00285" HPOS="799" VPOS="2701" WIDTH="133" HEIGHT="46" CONTENT="Ernst" WC="0.97" CC="60757"/>
						<SP ID="P7_SP00252" HPOS="932" VPOS="2763" WIDTH="28"/>
						<String ID="P7_ST00286" HPOS="960" VPOS="2716" WIDTH="85" HEIGHT="31" CONTENT="von" WC="0.97" CC="015"/>
						<SP ID="P7_SP00253" HPOS="1045" VPOS="2763" WIDTH="32"/>
						<String ID="P7_ST00287" HPOS="1077" VPOS="2697" WIDTH="206" HEIGHT="65" CONTENT="Coburg," WC="0.99" CC="7250400"/>
						<SP ID="P7_SP00254" HPOS="1283" VPOS="2763" WIDTH="33"/>
						<String ID="P7_ST00288" HPOS="1316" VPOS="2697" WIDTH="393" HEIGHT="48" CONTENT="General-Musik-" WC="0.68" CC="57804500026003"/>
					</TextLine>
					<TextLine ID="P7_TL00035" HPOS="189" VPOS="2775" WIDTH="1523" HEIGHT="66">
						<String ID="P7_ST00289" HPOS="189" VPOS="2780" WIDTH="211" HEIGHT="47" CONTENT="Director" WC="0.61" CC="76230631"/>
						<SP ID="P7_SP00255" HPOS="400" VPOS="2827" WIDTH="15"/>
						<String ID="P7_ST00290" HPOS="415" VPOS="2778" WIDTH="211" HEIGHT="47" CONTENT="Lachner" WC="0.98" CC="1077800"/>
						<SP ID="P7_SP00256" HPOS="626" VPOS="2827" WIDTH="15"/>
						<String ID="P7_ST00291" HPOS="641" VPOS="2778" WIDTH="42" HEIGHT="47" CONTENT="in" WC="0.58" CC="08"/>
						<SP ID="P7_SP00257" HPOS="683" VPOS="2827" WIDTH="20"/>
						<String ID="P7_ST00292" HPOS="703" VPOS="2778" WIDTH="247" HEIGHT="56" CONTENT="München," WC="0.99" CC="00767033"/>
						<SP ID="P7_SP00258" HPOS="950" VPOS="2834" WIDTH="29"/>
						<String ID="P7_ST00293" HPOS="979" VPOS="2777" WIDTH="159" HEIGHT="48" CONTENT="dessen" WC="1.00" CC="000004"/>
						<SP ID="P7_SP00259" HPOS="1138" VPOS="2834" WIDTH="20"/>
						<String ID="P7_ST00294" HPOS="1158" VPOS="2775" WIDTH="193" HEIGHT="53" CONTENT="Bruder," WC="0.99" CC="7460020"/>
						<SP ID="P7_SP00260" HPOS="1351" VPOS="2834" WIDTH="19"/>
						<String ID="P7_ST00295" HPOS="1370" VPOS="2776" WIDTH="342" HEIGHT="65" CONTENT="Capellmeister" WC="0.71" CC="6300420506700"/>
					</TextLine>
					<TextLine ID="P7_TL00036" HPOS="183" VPOS="2853" WIDTH="1526" HEIGHT="59">
						<String ID="P7_ST00296" HPOS="183" VPOS="2857" WIDTH="212" HEIGHT="48" CONTENT="Lachner" WC="0.99" CC="2027600"/>
						<SP ID="P7_SP00261" HPOS="395" VPOS="2905" WIDTH="28"/>
						<String ID="P7_ST00297" HPOS="423" VPOS="2857" WIDTH="43" HEIGHT="46" CONTENT="in" WC="0.63" CC="07"/>
						<SP ID="P7_SP00262" HPOS="466" VPOS="2905" WIDTH="30"/>
						<String ID="P7_ST00298" HPOS="496" VPOS="2855" WIDTH="282" HEIGHT="55" CONTENT="Mannheim," WC="0.99" CC="084266200"/>
						<SP ID="P7_SP00263" HPOS="778" VPOS="2910" WIDTH="41"/>
						<String ID="P7_ST00299" HPOS="819" VPOS="2856" WIDTH="112" HEIGHT="48" CONTENT="Otto" WC="0.95" CC="6733"/>
						<SP ID="P7_SP00264" HPOS="931" VPOS="2910" WIDTH="42"/>
						<String ID="P7_ST00300" HPOS="973" VPOS="2856" WIDTH="42" HEIGHT="47" CONTENT="in" WC="0.41" CC="47"/>
						<SP ID="P7_SP00265" HPOS="1015" VPOS="2910" WIDTH="31"/>
						<String ID="P7_ST00301" HPOS="1046" VPOS="2853" WIDTH="226" HEIGHT="59" CONTENT="Dresden," WC="0.99" CC="04110650"/>
						<SP ID="P7_SP00266" HPOS="1272" VPOS="2912" WIDTH="45"/>
						<String ID="P7_ST00302" HPOS="1317" VPOS="2853" WIDTH="143" HEIGHT="47" CONTENT="Hiller" WC="0.98" CC="427202"/>
						<SP ID="P7_SP00267" HPOS="1460" VPOS="2912" WIDTH="38"/>
						<String ID="P7_ST00303" HPOS="1498" VPOS="2853" WIDTH="42" HEIGHT="47" CONTENT="in" WC="0.69" CC="06"/>
						<SP ID="P7_SP00268" HPOS="1540" VPOS="2912" WIDTH="36"/>
						<String ID="P7_ST00304" HPOS="1576" VPOS="2853" WIDTH="133" HEIGHT="55" CONTENT="Köln," WC="0.98" CC="00752"/>
					</TextLine>
					<TextLine ID="P7_TL00037" HPOS="183" VPOS="2930" WIDTH="1525" HEIGHT="67">
						<String ID="P7_ST00305" HPOS="183" VPOS="2935" WIDTH="95" HEIGHT="48" CONTENT="Abt" WC="0.97" CC="115"/>
						<SP ID="P7_SP00269" HPOS="278" VPOS="2983" WIDTH="24"/>
						<String ID="P7_ST00306" HPOS="302" VPOS="2931" WIDTH="92" HEIGHT="51" CONTENT="und" WC="0.95" CC="481"/>
						<SP ID="P7_SP00270" HPOS="394" VPOS="2983" WIDTH="15"/>
						<String ID="P7_ST00307" HPOS="409" VPOS="2931" WIDTH="80" HEIGHT="48" CONTENT="der" WC="0.95" CC="093"/>
						<SP ID="P7_SP00271" HPOS="489" VPOS="2983" WIDTH="15"/>
						<String ID="P7_ST00308" HPOS="504" VPOS="2933" WIDTH="147" HEIGHT="64" CONTENT="greise" WC="0.99" CC="011060"/>
						<SP ID="P7_SP00272" HPOS="651" VPOS="2997" WIDTH="17"/>
						<String ID="P7_ST00309" HPOS="668" VPOS="2932" WIDTH="256" HEIGHT="48" CONTENT="Methfessel" WC="0.54" CC="9885000363"/>
						<SP ID="P7_SP00273" HPOS="924" VPOS="2997" WIDTH="26"/>
						<String ID="P7_ST00310" HPOS="950" VPOS="2932" WIDTH="40" HEIGHT="47" CONTENT="in" WC="0.57" CC="08"/>
						<SP ID="P7_SP00274" HPOS="990" VPOS="2997" WIDTH="23"/>
						<String ID="P7_ST00311" HPOS="1013" VPOS="2930" WIDTH="372" HEIGHT="64" CONTENT="Braunschweig," WC="0.99" CC="7906856600092"/>
						<SP ID="P7_SP00275" HPOS="1385" VPOS="2997" WIDTH="25"/>
						<String ID="P7_ST00312" HPOS="1410" VPOS="2930" WIDTH="157" HEIGHT="48" CONTENT="dessen" WC="0.98" CC="016015"/>
						<SP ID="P7_SP00276" HPOS="1567" VPOS="2997" WIDTH="24"/>
						<String ID="P7_ST00313" HPOS="1591" VPOS="2930" WIDTH="117" HEIGHT="48" CONTENT="liebe" WC="0.98" CC="00067"/>
					</TextLine>
					<TextLine ID="P7_TL00038" HPOS="185" VPOS="3007" WIDTH="1524" HEIGHT="66">
						<String ID="P7_ST00314" HPOS="185" VPOS="3012" WIDTH="149" HEIGHT="48" CONTENT="Briefe" WC="0.99" CC="700300"/>
						<SP ID="P7_SP00277" HPOS="334" VPOS="3060" WIDTH="23"/>
						<String ID="P7_ST00315" HPOS="357" VPOS="3011" WIDTH="43" HEIGHT="48" CONTENT="in" WC="0.68" CC="05"/>
						<SP ID="P7_SP00278" HPOS="400" VPOS="3060" WIDTH="24"/>
						<String ID="P7_ST00316" HPOS="424" VPOS="3011" WIDTH="255" HEIGHT="48" CONTENT="rührender" WC="0.99" CC="407008070"/>
						<SP ID="P7_SP00279" HPOS="679" VPOS="3060" WIDTH="29"/>
						<String ID="P7_ST00317" HPOS="708" VPOS="3011" WIDTH="157" HEIGHT="48" CONTENT="Weise" WC="0.99" CC="00170"/>
						<SP ID="P7_SP00280" HPOS="865" VPOS="3060" WIDTH="23"/>
						<String ID="P7_ST00318" HPOS="888" VPOS="3011" WIDTH="121" HEIGHT="47" CONTENT="seine" WC="0.97" CC="07285"/>
						<SP ID="P7_SP00281" HPOS="1009" VPOS="3060" WIDTH="27"/>
						<String ID="P7_ST00319" HPOS="1036" VPOS="3010" WIDTH="327" HEIGHT="63" CONTENT="Begeisterung" WC="0.99" CC="040405665480"/>
						<SP ID="P7_SP00282" HPOS="1363" VPOS="3073" WIDTH="25"/>
						<String ID="P7_ST00320" HPOS="1388" VPOS="3008" WIDTH="75" HEIGHT="49" CONTENT="für" WC="1.00" CC="000"/>
						<SP ID="P7_SP00283" HPOS="1463" VPOS="3073" WIDTH="23"/>
						<String ID="P7_ST00321" HPOS="1486" VPOS="3007" WIDTH="71" HEIGHT="50" CONTENT="die" WC="0.95" CC="039"/>
						<SP ID="P7_SP00284" HPOS="1557" VPOS="3073" WIDTH="25"/>
						<String ID="P7_ST00322" HPOS="1582" VPOS="3008" WIDTH="102" HEIGHT="47" CONTENT="herr" SUBS_TYPE="HypPart1" SUBS_CONTENT="herrliche" WC="0.99" CC="3000"/>
						<HYP HPOS="1684" VPOS="3008" WIDTH="25" CONTENT="-"/>
					</TextLine>
					<TextLine ID="P7_TL00039" HPOS="184" VPOS="3086" WIDTH="1524" HEIGHT="57">
						<String ID="P7_ST00323" HPOS="184" VPOS="3090" WIDTH="114" HEIGHT="48" CONTENT="liche" SUBS_TYPE="HypPart2" SUBS_CONTENT="herrliche" WC="0.98" CC="53070"/>
						<SP ID="P7_SP00285" HPOS="298" VPOS="3138" WIDTH="24"/>
						<String ID="P7_ST00324" HPOS="322" VPOS="3088" WIDTH="164" HEIGHT="55" CONTENT="Sache," WC="0.98" CC="005561"/>
						<SP ID="P7_SP00286" HPOS="486" VPOS="3143" WIDTH="24"/>
						<String ID="P7_ST00325" HPOS="510" VPOS="3088" WIDTH="79" HEIGHT="47" CONTENT="das" WC="0.95" CC="706"/>
						<SP ID="P7_SP00287" HPOS="589" VPOS="3143" WIDTH="26"/>
						<String ID="P7_ST00326" HPOS="615" VPOS="3088" WIDTH="109" HEIGHT="47" CONTENT="Lied" WC="0.98" CC="1070"/>
						<SP ID="P7_SP00288" HPOS="724" VPOS="3143" WIDTH="31"/>
						<String ID="P7_ST00327" HPOS="755" VPOS="3088" WIDTH="91" HEIGHT="47" CONTENT="und" WC="0.91" CC="589"/>
						<SP ID="P7_SP00289" HPOS="846" VPOS="3143" WIDTH="25"/>
						<String ID="P7_ST00328" HPOS="871" VPOS="3087" WIDTH="79" HEIGHT="48" CONTENT="das" WC="0.99" CC="002"/>
						<SP ID="P7_SP00290" HPOS="950" VPOS="3143" WIDTH="25"/>
						<String ID="P7_ST00329" HPOS="975" VPOS="3086" WIDTH="264" HEIGHT="56" CONTENT="Vaterland," WC="0.99" CC="0020024701"/>
						<SP ID="P7_SP00291" HPOS="1239" VPOS="3143" WIDTH="31"/>
						<String ID="P7_ST00330" HPOS="1270" VPOS="3087" WIDTH="203" HEIGHT="55" CONTENT="athmen," WC="0.67" CC="6070161"/>
						<SP ID="P7_SP00292" HPOS="1473" VPOS="3143" WIDTH="19"/>
						<String ID="P7_ST00331" HPOS="1492" VPOS="3086" WIDTH="216" HEIGHT="47" CONTENT="Tschirch" WC="0.71" CC="07070106"/>
					</TextLine>
					<TextLine ID="P7_TL00040" HPOS="183" VPOS="3163" WIDTH="1528" HEIGHT="65">
						<String ID="P7_ST00332" HPOS="183" VPOS="3167" WIDTH="42" HEIGHT="47" CONTENT="in" WC="0.50" CC="45"/>
						<SP ID="P7_SP00293" HPOS="225" VPOS="3214" WIDTH="26"/>
						<String ID="P7_ST00333" HPOS="251" VPOS="3167" WIDTH="139" HEIGHT="55" CONTENT="Gera," WC="1.00" CC="00002"/>
						<SP ID="P7_SP00294" HPOS="390" VPOS="3222" WIDTH="29"/>
						<String ID="P7_ST00334" HPOS="419" VPOS="3166" WIDTH="129" HEIGHT="48" CONTENT="Neeb" WC="0.75" CC="0053"/>
						<SP ID="P7_SP00295" HPOS="548" VPOS="3222" WIDTH="23"/>
						<String ID="P7_ST00335" HPOS="571" VPOS="3166" WIDTH="42" HEIGHT="47" CONTENT="in" WC="0.77" CC="04"/>
						<SP ID="P7_SP00296" HPOS="613" VPOS="3222" WIDTH="19"/>
						<String ID="P7_ST00336" HPOS="632" VPOS="3166" WIDTH="268" HEIGHT="54" CONTENT="Frankfurt," WC="0.99" CC="0397904060"/>
						<SP ID="P7_SP00297" HPOS="900" VPOS="3222" WIDTH="28"/>
						<String ID="P7_ST00337" HPOS="928" VPOS="3163" WIDTH="258" HEIGHT="50" CONTENT="Kalliwoda" WC="0.64" CC="390630305"/>
						<SP ID="P7_SP00298" HPOS="1186" VPOS="3222" WIDTH="24"/>
						<String ID="P7_ST00338" HPOS="1210" VPOS="3163" WIDTH="42" HEIGHT="50" CONTENT="in" WC="0.79" CC="04"/>
						<SP ID="P7_SP00299" HPOS="1252" VPOS="3222" WIDTH="25"/>
						<String ID="P7_ST00339" HPOS="1277" VPOS="3163" WIDTH="434" HEIGHT="65" CONTENT="Donaueschingen," WC="0.99" CC="768070163060474"/>
					</TextLine>
					<TextLine ID="P7_TL00041" HPOS="185" VPOS="3241" WIDTH="1524" HEIGHT="66">
						<String ID="P7_ST00340" HPOS="185" VPOS="3243" WIDTH="172" HEIGHT="50" CONTENT="Becker" WC="0.98" CC="702024"/>
						<SP ID="P7_SP00300" HPOS="357" VPOS="3293" WIDTH="29"/>
						<String ID="P7_ST00341" HPOS="386" VPOS="3244" WIDTH="42" HEIGHT="46" CONTENT="in" WC="0.67" CC="06"/>
						<SP ID="P7_SP00301" HPOS="428" VPOS="3293" WIDTH="35"/>
						<String ID="P7_ST00342" HPOS="463" VPOS="3243" WIDTH="286" HEIGHT="62" CONTENT="Würzburg," WC="0.99" CC="000652002"/>
						<SP ID="P7_SP00302" HPOS="749" VPOS="3305" WIDTH="45"/>
						<String ID="P7_ST00343" HPOS="794" VPOS="3243" WIDTH="214" HEIGHT="64" CONTENT="Möhring" WC="0.88" CC="0000080"/>
						<SP ID="P7_SP00303" HPOS="1008" VPOS="3307" WIDTH="31"/>
						<String ID="P7_ST00344" HPOS="1039" VPOS="3242" WIDTH="42" HEIGHT="48" CONTENT="in" WC="0.73" CC="05"/>
						<SP ID="P7_SP00304" HPOS="1081" VPOS="3307" WIDTH="30"/>
						<String ID="P7_ST00345" HPOS="1111" VPOS="3242" WIDTH="288" HEIGHT="65" CONTENT="Neuruppin," WC="0.68" CC="9640400070"/>
						<SP ID="P7_SP00305" HPOS="1399" VPOS="3307" WIDTH="46"/>
						<String ID="P7_ST00346" HPOS="1445" VPOS="3241" WIDTH="192" HEIGHT="48" CONTENT="Kücken" WC="0.98" CC="002068"/>
						<SP ID="P7_SP00306" HPOS="1637" VPOS="3307" WIDTH="32"/>
						<String ID="P7_ST00347" HPOS="1669" VPOS="3241" WIDTH="40" HEIGHT="47" CONTENT="in" WC="0.51" CC="18"/>
					</TextLine>
					<TextLine ID="P7_TL00042" HPOS="184" VPOS="3318" WIDTH="1524" HEIGHT="67">
						<String ID="P7_ST00348" HPOS="184" VPOS="3323" WIDTH="244" HEIGHT="62" CONTENT="Stuttgart," WC="0.99" CC="5255407000"/>
						<SP ID="P7_SP00307" HPOS="428" VPOS="3385" WIDTH="29"/>
						<String ID="P7_ST00349" HPOS="457" VPOS="3321" WIDTH="163" HEIGHT="47" CONTENT="Storch" WC="0.98" CC="020737"/>
						<SP ID="P7_SP00308" HPOS="620" VPOS="3385" WIDTH="33"/>
						<String ID="P7_ST00350" HPOS="653" VPOS="3321" WIDTH="40" HEIGHT="47" CONTENT="in" WC="0.56" CC="08"/>
						<SP ID="P7_SP00309" HPOS="693" VPOS="3385" WIDTH="36"/>
						<String ID="P7_ST00351" HPOS="729" VPOS="3321" WIDTH="137" HEIGHT="48" CONTENT="Wien" WC="0.98" CC="0106"/>
						<String ID="P7_ST00352" HPOS="879" VPOS="3321" WIDTH="171" HEIGHT="48" CONTENT="—Alle" WC="0.96" CC="87631"/>
						<SP ID="P7_SP00310" HPOS="1050" VPOS="3385" WIDTH="29"/>
						<String ID="P7_ST00353" HPOS="1079" VPOS="3319" WIDTH="301" HEIGHT="65" CONTENT="versprachen" WC="0.99" CC="70330647007"/>
						<SP ID="P7_SP00311" HPOS="1380" VPOS="3385" WIDTH="32"/>
						<String ID="P7_ST00354" HPOS="1412" VPOS="3318" WIDTH="182" HEIGHT="56" CONTENT="Lieder," WC="0.98" CC="7760001"/>
						<SP ID="P7_SP00312" HPOS="1594" VPOS="3385" WIDTH="43"/>
						<String ID="P7_ST00355" HPOS="1637" VPOS="3318" WIDTH="71" HEIGHT="48" CONTENT="die" WC="0.99" CC="003"/>
					</TextLine>
					<TextLine ID="P7_TL00043" HPOS="188" VPOS="3396" WIDTH="1526" HEIGHT="66">
						<String ID="P7_ST00356" HPOS="188" VPOS="3399" WIDTH="186" HEIGHT="47" CONTENT="meisten" WC="0.98" CC="1207708"/>
						<SP ID="P7_SP00313" HPOS="374" VPOS="3446" WIDTH="23"/>
						<String ID="P7_ST00357" HPOS="397" VPOS="3406" WIDTH="158" HEIGHT="56" CONTENT="sagten" WC="0.99" CC="000508"/>
						<SP ID="P7_SP00314" HPOS="555" VPOS="3462" WIDTH="24"/>
						<String ID="P7_ST00358" HPOS="579" VPOS="3397" WIDTH="141" HEIGHT="48" CONTENT="sofort" WC="0.98" CC="000694"/>
						<SP ID="P7_SP00315" HPOS="720" VPOS="3462" WIDTH="23"/>
						<String ID="P7_ST00359" HPOS="743" VPOS="3398" WIDTH="115" HEIGHT="47" CONTENT="auch" WC="0.96" CC="3264"/>
						<SP ID="P7_SP00316" HPOS="858" VPOS="3462" WIDTH="26"/>
						<String ID="P7_ST00360" HPOS="884" VPOS="3398" WIDTH="96" HEIGHT="47" CONTENT="ihre" WC="0.96" CC="1743"/>
						<SP ID="P7_SP00317" HPOS="980" VPOS="3462" WIDTH="24"/>
						<String ID="P7_ST00361" HPOS="1004" VPOS="3397" WIDTH="296" HEIGHT="65" CONTENT="Mitwirkung" WC="0.99" CC="0160290650"/>
						<SP ID="P7_SP00318" HPOS="1300" VPOS="3462" WIDTH="24"/>
						<String ID="P7_ST00362" HPOS="1324" VPOS="3415" WIDTH="72" HEIGHT="30" CONTENT="am" WC="1.00" CC="00"/>
						<SP ID="P7_SP00319" HPOS="1396" VPOS="3462" WIDTH="25"/>
						<String ID="P7_ST00363" HPOS="1421" VPOS="3398" WIDTH="133" HEIGHT="46" CONTENT="Feste" WC="0.98" CC="70250"/>
						<SP ID="P7_SP00320" HPOS="1554" VPOS="3462" WIDTH="22"/>
						<String ID="P7_ST00364" HPOS="1576" VPOS="3396" WIDTH="138" HEIGHT="48" CONTENT="selbst" WC="0.97" CC="665076"/>
					</TextLine>
					<TextLine ID="P7_TL00044" HPOS="185" VPOS="3473" WIDTH="1531" HEIGHT="66">
						<String ID="P7_ST00365" HPOS="185" VPOS="3493" WIDTH="69" HEIGHT="32" CONTENT="zu." WC="0.96" CC="403"/>
						<SP ID="P7_SP00321" HPOS="254" VPOS="3525" WIDTH="29"/>
						<String ID="P7_ST00366" HPOS="283" VPOS="3476" WIDTH="75" HEIGHT="48" CONTENT="Bis" WC="0.96" CC="604"/>
						<SP ID="P7_SP00322" HPOS="358" VPOS="3525" WIDTH="24"/>
						<String ID="P7_ST00367" HPOS="382" VPOS="3476" WIDTH="135" HEIGHT="47" CONTENT="heute" WC="0.99" CC="50050"/>
						<SP ID="P7_SP00323" HPOS="517" VPOS="3525" WIDTH="21"/>
						<String ID="P7_ST00368" HPOS="538" VPOS="3474" WIDTH="98" HEIGHT="49" CONTENT="sind" WC="0.97" CC="0580"/>
						<SP ID="P7_SP00324" HPOS="636" VPOS="3525" WIDTH="24"/>
						<String ID="P7_ST00369" HPOS="660" VPOS="3476" WIDTH="115" HEIGHT="47" CONTENT="auch" WC="0.98" CC="0503"/>
						<SP ID="P7_SP00325" HPOS="775" VPOS="3525" WIDTH="27"/>
						<String ID="P7_ST00370" HPOS="802" VPOS="3474" WIDTH="164" HEIGHT="49" CONTENT="bereits" WC="0.98" CC="7040450"/>
						<SP ID="P7_SP00326" HPOS="966" VPOS="3525" WIDTH="16"/>
						<String ID="P7_ST00371" HPOS="982" VPOS="3474" WIDTH="137" HEIGHT="49" CONTENT="zwölf" WC="1.00" CC="20000"/>
						<SP ID="P7_SP00327" HPOS="1119" VPOS="3525" WIDTH="12"/>
						<String ID="P7_ST00372" HPOS="1131" VPOS="3474" WIDTH="388" HEIGHT="65" CONTENT="Compositionen," WC="0.61" CC="31703706156260"/>
						<SP ID="P7_SP00328" HPOS="1519" VPOS="3539" WIDTH="24"/>
						<String ID="P7_ST00373" HPOS="1543" VPOS="3473" WIDTH="71" HEIGHT="48" CONTENT="die" WC="0.99" CC="002"/>
						<SP ID="P7_SP00329" HPOS="1614" VPOS="3539" WIDTH="25"/>
						<String ID="P7_ST00374" HPOS="1639" VPOS="3474" WIDTH="77" HEIGHT="47" CONTENT="für" WC="0.98" CC="004"/>
					</TextLine>
					<TextLine ID="P7_TL00045" HPOS="185" VPOS="3551" WIDTH="1524" HEIGHT="67">
						<String ID="P7_ST00375" HPOS="185" VPOS="3570" WIDTH="158" HEIGHT="48" CONTENT="grosse" WC="0.98" CC="099500"/>
						<SP ID="P7_SP00330" HPOS="343" VPOS="3618" WIDTH="15"/>
						<String ID="P7_ST00376" HPOS="358" VPOS="3553" WIDTH="179" HEIGHT="48" CONTENT="Massen" WC="0.97" CC="009908"/>
						<SP ID="P7_SP00331" HPOS="537" VPOS="3618" WIDTH="27"/>
						<String ID="P7_ST00377" HPOS="564" VPOS="3553" WIDTH="245" HEIGHT="47" CONTENT="berechnet" WC="0.98" CC="740607806"/>
						<SP ID="P7_SP00332" HPOS="809" VPOS="3618" WIDTH="28"/>
						<String ID="P7_ST00378" HPOS="837" VPOS="3552" WIDTH="98" HEIGHT="48" CONTENT="sind" WC="0.97" CC="3080"/>
						<SP ID="P7_SP00333" HPOS="935" VPOS="3618" WIDTH="22"/>
						<String ID="P7_ST00379" HPOS="957" VPOS="3551" WIDTH="91" HEIGHT="49" CONTENT="und" WC="0.95" CC="670"/>
						<SP ID="P7_SP00334" HPOS="1048" VPOS="3618" WIDTH="24"/>
						<String ID="P7_ST00380" HPOS="1072" VPOS="3568" WIDTH="84" HEIGHT="32" CONTENT="von" WC="0.97" CC="017"/>
						<SP ID="P7_SP00335" HPOS="1156" VPOS="3618" WIDTH="24"/>
						<String ID="P7_ST00381" HPOS="1180" VPOS="3552" WIDTH="150" HEIGHT="47" CONTENT="tiefem" WC="0.98" CC="500820"/>
						<SP ID="P7_SP00336" HPOS="1330" VPOS="3618" WIDTH="21"/>
						<String ID="P7_ST00382" HPOS="1351" VPOS="3552" WIDTH="358" HEIGHT="47" CONTENT="musicalischem" WC="0.99" CC="0703002703609"/>
					</TextLine>
					<TextLine ID="P7_TL00046" HPOS="190" VPOS="3629" WIDTH="1523" HEIGHT="66">
						<String ID="P7_ST00383" HPOS="190" VPOS="3632" WIDTH="197" HEIGHT="49" CONTENT="Werthe" WC="0.77" CC="000651"/>
						<SP ID="P7_SP00337" HPOS="387" VPOS="3681" WIDTH="31"/>
						<String ID="P7_ST00384" HPOS="418" VPOS="3631" WIDTH="91" HEIGHT="48" CONTENT="und" WC="0.95" CC="680"/>
						<SP ID="P7_SP00338" HPOS="509" VPOS="3681" WIDTH="31"/>
						<String ID="P7_ST00385" HPOS="540" VPOS="3631" WIDTH="144" HEIGHT="48" CONTENT="hoher" WC="0.97" CC="09306"/>
						<SP ID="P7_SP00339" HPOS="684" VPOS="3681" WIDTH="30"/>
						<String ID="P7_ST00386" HPOS="714" VPOS="3631" WIDTH="278" HEIGHT="64" CONTENT="Auffassung" WC="0.98" CC="5477049470"/>
						<SP ID="P7_SP00340" HPOS="992" VPOS="3695" WIDTH="42"/>
						<String ID="P7_ST00387" HPOS="1034" VPOS="3629" WIDTH="82" HEIGHT="49" CONTENT="der" WC="1.00" CC="000"/>
						<SP ID="P7_SP00341" HPOS="1116" VPOS="3695" WIDTH="38"/>
						<String ID="P7_ST00388" HPOS="1154" VPOS="3629" WIDTH="258" HEIGHT="65" CONTENT="gewählten" WC="0.99" CC="000024603"/>
						<SP ID="P7_SP00342" HPOS="1412" VPOS="3695" WIDTH="42"/>
						<String ID="P7_ST00389" HPOS="1454" VPOS="3629" WIDTH="259" HEIGHT="65" CONTENT="poetischen" WC="0.99" CC="0200190628"/>
					</TextLine>
					<TextLine ID="P7_TL00047" HPOS="185" VPOS="3707" WIDTH="1531" HEIGHT="66">
						<String ID="P7_ST00390" HPOS="185" VPOS="3709" WIDTH="113" HEIGHT="50" CONTENT="oder" WC="0.98" CC="2004"/>
						<SP ID="P7_SP00343" HPOS="298" VPOS="3759" WIDTH="14"/>
						<String ID="P7_ST00391" HPOS="312" VPOS="3709" WIDTH="248" HEIGHT="49" CONTENT="biblischen" WC="0.98" CC="7276003628"/>
						<SP ID="P7_SP00344" HPOS="560" VPOS="3759" WIDTH="16"/>
						<String ID="P7_ST00392" HPOS="576" VPOS="3708" WIDTH="144" HEIGHT="50" CONTENT="Stoffe" WC="0.98" CC="276220"/>
						<SP ID="P7_SP00345" HPOS="720" VPOS="3759" WIDTH="22"/>
						<String ID="P7_ST00393" HPOS="742" VPOS="3726" WIDTH="189" HEIGHT="47" CONTENT="zeugen," WC="0.97" CC="5789081"/>
						<SP ID="P7_SP00346" HPOS="931" VPOS="3773" WIDTH="16"/>
						<String ID="P7_ST00394" HPOS="947" VPOS="3707" WIDTH="310" HEIGHT="66" CONTENT="eingelaufen;" WC="0.99" CC="003934040061"/>
						<SP ID="P7_SP00347" HPOS="1257" VPOS="3773" WIDTH="22"/>
						<String ID="P7_ST00395" HPOS="1279" VPOS="3707" WIDTH="63" HEIGHT="48" CONTENT="sie" WC="0.97" CC="501"/>
						<SP ID="P7_SP00348" HPOS="1342" VPOS="3773" WIDTH="18"/>
						<String ID="P7_ST00396" HPOS="1360" VPOS="3707" WIDTH="185" HEIGHT="48" CONTENT="werden" WC="0.98" CC="004077"/>
						<SP ID="P7_SP00349" HPOS="1545" VPOS="3773" WIDTH="25"/>
						<String ID="P7_ST00397" HPOS="1570" VPOS="3708" WIDTH="146" HEIGHT="64" CONTENT="eiligst" WC="0.98" CC="5036961"/>
					</TextLine>
					<TextLine ID="P7_TL00048" HPOS="187" VPOS="3784" WIDTH="1529" HEIGHT="69">
						<String ID="P7_ST00398" HPOS="187" VPOS="3787" WIDTH="226" HEIGHT="66" CONTENT="gedruckt" WC="0.98" CC="90056108"/>
						<SP ID="P7_SP00350" HPOS="413" VPOS="3853" WIDTH="30"/>
						<String ID="P7_ST00399" HPOS="443" VPOS="3787" WIDTH="90" HEIGHT="48" CONTENT="und" WC="0.95" CC="380"/>
						<SP ID="P7_SP00351" HPOS="533" VPOS="3853" WIDTH="32"/>
						<String ID="P7_ST00400" HPOS="565" VPOS="3805" WIDTH="55" HEIGHT="30" CONTENT="an" WC="0.44" CC="56"/>
						<SP ID="P7_SP00352" HPOS="620" VPOS="3853" WIDTH="31"/>
						<String ID="P7_ST00401" HPOS="651" VPOS="3786" WIDTH="73" HEIGHT="49" CONTENT="die" WC="0.99" CC="020"/>
						<SP ID="P7_SP00353" HPOS="724" VPOS="3853" WIDTH="24"/>
						<String ID="P7_ST00402" HPOS="748" VPOS="3788" WIDTH="232" HEIGHT="64" CONTENT="Festgäste" WC="0.98" CC="006609642"/>
						<SP ID="P7_SP00354" HPOS="980" VPOS="3853" WIDTH="29"/>
						<String ID="P7_ST00403" HPOS="1009" VPOS="3803" WIDTH="79" HEIGHT="31" CONTENT="zur" WC="0.95" CC="641"/>
						<SP ID="P7_SP00355" HPOS="1088" VPOS="3853" WIDTH="27"/>
						<String ID="P7_ST00404" HPOS="1115" VPOS="3784" WIDTH="249" HEIGHT="65" CONTENT="Einübung" WC="0.98" CC="60707360"/>
						<SP ID="P7_SP00356" HPOS="1364" VPOS="3853" WIDTH="21"/>
						<String ID="P7_ST00405" HPOS="1385" VPOS="3784" WIDTH="226" HEIGHT="50" CONTENT="versandt." WC="0.99" CC="024036040"/>
						<SP ID="P7_SP00357" HPOS="1611" VPOS="3853" WIDTH="32"/>
						<String ID="P7_ST00406" HPOS="1643" VPOS="3786" WIDTH="73" HEIGHT="47" CONTENT="Bis" WC="0.98" CC="006"/>
					</TextLine>
					<TextLine ID="P7_TL00049" HPOS="189" VPOS="3862" WIDTH="1525" HEIGHT="67">
						<String ID="P7_ST00407" HPOS="189" VPOS="3864" WIDTH="137" HEIGHT="49" CONTENT="heute" WC="0.98" CC="40260"/>
						<SP ID="P7_SP00358" HPOS="326" VPOS="3913" WIDTH="18"/>
						<String ID="P7_ST00408" HPOS="344" VPOS="3863" WIDTH="98" HEIGHT="50" CONTENT="sind" WC="0.97" CC="4280"/>
						<SP ID="P7_SP00359" HPOS="442" VPOS="3913" WIDTH="23"/>
						<String ID="P7_ST00409" HPOS="465" VPOS="3866" WIDTH="209" HEIGHT="63" CONTENT="Zusagen" WC="0.98" CC="0556046"/>
						<SP ID="P7_SP00360" HPOS="674" VPOS="3929" WIDTH="26"/>
						<String ID="P7_ST00410" HPOS="700" VPOS="3863" WIDTH="81" HEIGHT="50" CONTENT="der" WC="0.98" CC="004"/>
						<SP ID="P7_SP00361" HPOS="781" VPOS="3929" WIDTH="20"/>
						<String ID="P7_ST00411" HPOS="801" VPOS="3863" WIDTH="300" HEIGHT="48" CONTENT="Theilnahme" WC="0.58" CC="0202076686"/>
						<SP ID="P7_SP00362" HPOS="1101" VPOS="3929" WIDTH="22"/>
						<String ID="P7_ST00412" HPOS="1123" VPOS="3879" WIDTH="83" HEIGHT="31" CONTENT="von" WC="0.95" CC="057"/>
						<SP ID="P7_SP00363" HPOS="1206" VPOS="3929" WIDTH="32"/>
						<String ID="P7_ST00413" HPOS="1238" VPOS="3862" WIDTH="103" HEIGHT="48" CONTENT="172" WC="0.33" CC="279"/>
						<SP ID="P7_SP00364" HPOS="1341" VPOS="3929" WIDTH="20"/>
						<String ID="P7_ST00414" HPOS="1361" VPOS="3862" WIDTH="353" HEIGHT="49" CONTENT="Gesellschaften" WC="0.99" CC="00000754778605"/>
					</TextLine>
					<TextLine ID="P7_TL00050" HPOS="188" VPOS="3939" WIDTH="1528" HEIGHT="69">
						<String ID="P7_ST00415" HPOS="188" VPOS="3942" WIDTH="320" HEIGHT="66" CONTENT="eingetroffen," WC="0.99" CC="0060062144362"/>
						<SP ID="P7_SP00365" HPOS="508" VPOS="4008" WIDTH="25"/>
						<String ID="P7_ST00416" HPOS="533" VPOS="3942" WIDTH="90" HEIGHT="48" CONTENT="und" WC="0.96" CC="650"/>
						<SP ID="P7_SP00366" HPOS="623" VPOS="4008" WIDTH="23"/>
						<String ID="P7_ST00417" HPOS="646" VPOS="3942" WIDTH="71" HEIGHT="49" CONTENT="die" WC="0.97" CC="016"/>
						<SP ID="P7_SP00367" HPOS="717" VPOS="4008" WIDTH="22"/>
						<String ID="P7_ST00418" HPOS="739" VPOS="3942" WIDTH="110" HEIGHT="49" CONTENT="Zahl" WC="0.97" CC="0940"/>
						<SP ID="P7_SP00368" HPOS="849" VPOS="4008" WIDTH="32"/>
						<String ID="P7_ST00419" HPOS="881" VPOS="3940" WIDTH="81" HEIGHT="49" CONTENT="der" WC="0.99" CC="003"/>
						<SP ID="P7_SP00369" HPOS="962" VPOS="4008" WIDTH="31"/>
						<String ID="P7_ST00420" HPOS="993" VPOS="3940" WIDTH="163" HEIGHT="50" CONTENT="bereits" WC="0.99" CC="4001500"/>
						<SP ID="P7_SP00370" HPOS="1156" VPOS="4008" WIDTH="22"/>
						<String ID="P7_ST00421" HPOS="1178" VPOS="3939" WIDTH="275" HEIGHT="50" CONTENT="namentlich" WC="0.99" CC="7000554002"/>
						<SP ID="P7_SP00371" HPOS="1453" VPOS="4008" WIDTH="31"/>
						<String ID="P7_ST00422" HPOS="1484" VPOS="3940" WIDTH="203" HEIGHT="64" CONTENT="angemel" SUBS_TYPE="HypPart1" SUBS_CONTENT="angemeldeten" WC="0.99" CC="0600541"/>
						<HYP HPOS="1687" VPOS="3940" WIDTH="29" CONTENT="-"/>
					</TextLine>
					<TextLine ID="P7_TL00051" HPOS="188" VPOS="4018" WIDTH="1528" HEIGHT="67">
						<String ID="P7_ST00423" HPOS="188" VPOS="4019" WIDTH="134" HEIGHT="51" CONTENT="deten" SUBS_TYPE="HypPart2" SUBS_CONTENT="angemeldeten" WC="0.98" CC="06605"/>
						<SP ID="P7_SP00372" HPOS="322" VPOS="4070" WIDTH="28"/>
						<String ID="P7_ST00424" HPOS="350" VPOS="4020" WIDTH="308" HEIGHT="65" CONTENT="Sängergäste" WC="0.98" CC="67692790960"/>
						<SP ID="P7_SP00373" HPOS="658" VPOS="4085" WIDTH="29"/>
						<String ID="P7_ST00425" HPOS="687" VPOS="4020" WIDTH="55" HEIGHT="49" CONTENT="ist" WC="0.95" CC="174"/>
						<SP ID="P7_SP00374" HPOS="742" VPOS="4085" WIDTH="27"/>
						<String ID="P7_ST00426" HPOS="769" VPOS="4020" WIDTH="83" HEIGHT="50" CONTENT="auf" WC="0.98" CC="500"/>
						<SP ID="P7_SP00375" HPOS="852" VPOS="4085" WIDTH="25"/>
						<String ID="P7_ST00427" HPOS="877" VPOS="4018" WIDTH="148" HEIGHT="52" CONTENT="3602" WC="0.23" CC="9659"/>
						<SP ID="P7_SP00376" HPOS="1025" VPOS="4085" WIDTH="25"/>
						<String ID="P7_ST00428" HPOS="1050" VPOS="4019" WIDTH="244" HEIGHT="66" CONTENT="gestiegen." WC="0.99" CC="0666200274"/>
						<SP ID="P7_SP00377" HPOS="1294" VPOS="4085" WIDTH="29"/>
						<String ID="P7_ST00429" HPOS="1323" VPOS="4018" WIDTH="130" HEIGHT="49" CONTENT="Noch" WC="0.99" CC="0202"/>
						<SP ID="P7_SP00378" HPOS="1453" VPOS="4085" WIDTH="24"/>
						<String ID="P7_ST00430" HPOS="1477" VPOS="4018" WIDTH="96" HEIGHT="48" CONTENT="sind" WC="0.98" CC="0080"/>
						<SP ID="P7_SP00379" HPOS="1573" VPOS="4085" WIDTH="32"/>
						<String ID="P7_ST00431" HPOS="1605" VPOS="4018" WIDTH="111" HEIGHT="49" CONTENT="aber" WC="0.98" CC="2600"/>
					</TextLine>
				</TextBlock>
				<TextBlock ID="P7_TB00003" HPOS="1778" VPOS="221" WIDTH="1521" HEIGHT="1206" STYLEREFS="TXT_0 PAR_BLOCK">
					<TextLine ID="P7_TL00052" HPOS="1779" VPOS="223" WIDTH="1511" HEIGHT="70">
						<String ID="P7_ST00432" HPOS="1779" VPOS="223" WIDTH="112" HEIGHT="48" CONTENT="viele" WC="0.97" CC="04246"/>
						<SP ID="P7_SP00380" HPOS="1891" VPOS="271" WIDTH="21"/>
						<String ID="P7_ST00433" HPOS="1912" VPOS="223" WIDTH="320" HEIGHT="57" CONTENT="Liedertafeln," WC="0.99" CC="5007637072540"/>
						<SP ID="P7_SP00381" HPOS="2232" VPOS="280" WIDTH="31"/>
						<String ID="P7_ST00434" HPOS="2263" VPOS="224" WIDTH="70" HEIGHT="51" CONTENT="die" WC="0.96" CC="701"/>
						<SP ID="P7_SP00382" HPOS="2333" VPOS="280" WIDTH="21"/>
						<String ID="P7_ST00435" HPOS="2354" VPOS="227" WIDTH="151" HEIGHT="49" CONTENT="starke" WC="0.98" CC="172050"/>
						<SP ID="P7_SP00383" HPOS="2505" VPOS="280" WIDTH="27"/>
						<String ID="P7_ST00436" HPOS="2532" VPOS="228" WIDTH="303" HEIGHT="65" CONTENT="Contingente" WC="0.42" CC="67774503884"/>
						<SP ID="P7_SP00384" HPOS="2835" VPOS="293" WIDTH="25"/>
						<String ID="P7_ST00437" HPOS="2860" VPOS="233" WIDTH="172" HEIGHT="56" CONTENT="stellen," WC="0.98" CC="78943700"/>
						<SP ID="P7_SP00385" HPOS="3032" VPOS="293" WIDTH="32"/>
						<String ID="P7_ST00438" HPOS="3064" VPOS="234" WIDTH="79" HEIGHT="47" CONTENT="mit" WC="0.93" CC="774"/>
						<SP ID="P7_SP00386" HPOS="3143" VPOS="293" WIDTH="23"/>
						<String ID="P7_ST00439" HPOS="3166" VPOS="234" WIDTH="124" HEIGHT="50" CONTENT="ihren" WC="0.99" CC="00302"/>
					</TextLine>
					<TextLine ID="P7_TL00053" HPOS="1780" VPOS="300" WIDTH="1513" HEIGHT="59">
						<String ID="P7_ST00440" HPOS="1780" VPOS="300" WIDTH="550" HEIGHT="51" CONTENT="Namensverzeichnissen" WC="0.99" CC="63122744163875607530"/>
						<SP ID="P7_SP00387" HPOS="2330" VPOS="351" WIDTH="25"/>
						<String ID="P7_ST00441" HPOS="2355" VPOS="305" WIDTH="58" HEIGHT="47" CONTENT="im" WC="0.94" CC="10"/>
						<SP ID="P7_SP00388" HPOS="2413" VPOS="352" WIDTH="29"/>
						<String ID="P7_ST00442" HPOS="2442" VPOS="304" WIDTH="307" HEIGHT="55" CONTENT="Hockstände," WC="0.98" CC="87879697080"/>
						<SP ID="P7_SP00389" HPOS="2749" VPOS="359" WIDTH="32"/>
						<String ID="P7_ST00443" HPOS="2781" VPOS="308" WIDTH="86" HEIGHT="47" CONTENT="und" WC="0.94" CC="780"/>
						<SP ID="P7_SP00390" HPOS="2867" VPOS="359" WIDTH="27"/>
						<String ID="P7_ST00444" HPOS="2894" VPOS="309" WIDTH="53" HEIGHT="47" CONTENT="da" WC="0.64" CC="07"/>
						<SP ID="P7_SP00391" HPOS="2947" VPOS="359" WIDTH="23"/>
						<String ID="P7_ST00445" HPOS="2970" VPOS="310" WIDTH="70" HEIGHT="49" CONTENT="die" WC="0.98" CC="006"/>
						<SP ID="P7_SP00392" HPOS="3040" VPOS="359" WIDTH="30"/>
						<String ID="P7_ST00446" HPOS="3070" VPOS="312" WIDTH="196" HEIGHT="47" CONTENT="nürnber" SUBS_TYPE="HypPart1" SUBS_CONTENT="nürnberger" WC="0.98" CC="9709800"/>
						<HYP HPOS="3266" VPOS="312" WIDTH="27" CONTENT="-"/>
					</TextLine>
					<TextLine ID="P7_TL00054" HPOS="1781" VPOS="378" WIDTH="1512" HEIGHT="68">
						<String ID="P7_ST00447" HPOS="1781" VPOS="393" WIDTH="82" HEIGHT="47" CONTENT="ger" SUBS_TYPE="HypPart2" SUBS_CONTENT="nürnberger" WC="0.95" CC="606"/>
						<SP ID="P7_SP00393" HPOS="1863" VPOS="440" WIDTH="25"/>
						<String ID="P7_ST00448" HPOS="1888" VPOS="378" WIDTH="191" HEIGHT="48" CONTENT="Vereine" WC="0.99" CC="5054050"/>
						<SP ID="P7_SP00394" HPOS="2079" VPOS="440" WIDTH="30"/>
						<String ID="P7_ST00449" HPOS="2109" VPOS="379" WIDTH="130" HEIGHT="47" CONTENT="allein" WC="0.97" CC="765037"/>
						<SP ID="P7_SP00395" HPOS="2239" VPOS="440" WIDTH="33"/>
						<String ID="P7_ST00450" HPOS="2272" VPOS="382" WIDTH="111" HEIGHT="48" CONTENT="über" WC="0.97" CC="5700"/>
						<SP ID="P7_SP00396" HPOS="2383" VPOS="440" WIDTH="30"/>
						<String ID="P7_ST00451" HPOS="2413" VPOS="382" WIDTH="109" HEIGHT="49" CONTENT="300" WC="0.45" CC="636"/>
						<SP ID="P7_SP00397" HPOS="2522" VPOS="440" WIDTH="19"/>
						<String ID="P7_ST00452" HPOS="2541" VPOS="383" WIDTH="176" HEIGHT="63" CONTENT="Sänger" WC="0.97" CC="677603"/>
						<SP ID="P7_SP00398" HPOS="2717" VPOS="446" WIDTH="27"/>
						<String ID="P7_ST00453" HPOS="2744" VPOS="384" WIDTH="173" HEIGHT="55" CONTENT="stellen," WC="0.98" CC="93063653"/>
						<SP ID="P7_SP00399" HPOS="2917" VPOS="446" WIDTH="29"/>
						<String ID="P7_ST00454" HPOS="2946" VPOS="402" WIDTH="47" HEIGHT="30" CONTENT="so" WC="0.66" CC="06"/>
						<SP ID="P7_SP00400" HPOS="2993" VPOS="446" WIDTH="36"/>
						<String ID="P7_ST00455" HPOS="3029" VPOS="388" WIDTH="52" HEIGHT="47" CONTENT="ist" WC="0.96" CC="065"/>
						<SP ID="P7_SP00401" HPOS="3081" VPOS="446" WIDTH="29"/>
						<String ID="P7_ST00456" HPOS="3110" VPOS="404" WIDTH="157" HEIGHT="32" CONTENT="voraus" SUBS_TYPE="HypPart1" SUBS_CONTENT="vorauszusehen," WC="0.98" CC="560065"/>
						<HYP HPOS="3267" VPOS="404" WIDTH="26" CONTENT="-"/>
					</TextLine>
					<TextLine ID="P7_TL00055" HPOS="1780" VPOS="454" WIDTH="1516" HEIGHT="60">
						<String ID="P7_ST00457" HPOS="1780" VPOS="454" WIDTH="212" HEIGHT="56" CONTENT="zusehen," SUBS_TYPE="HypPart2" SUBS_CONTENT="vorauszusehen," WC="0.98" CC="66497400"/>
						<SP ID="P7_SP00402" HPOS="1992" VPOS="510" WIDTH="24"/>
						<String ID="P7_ST00458" HPOS="2016" VPOS="454" WIDTH="101" HEIGHT="48" CONTENT="dass" WC="0.79" CC="0026"/>
						<SP ID="P7_SP00403" HPOS="2117" VPOS="510" WIDTH="23"/>
						<String ID="P7_ST00459" HPOS="2140" VPOS="455" WIDTH="68" HEIGHT="49" CONTENT="die" WC="0.98" CC="050"/>
						<SP ID="P7_SP00404" HPOS="2208" VPOS="510" WIDTH="15"/>
						<String ID="P7_ST00460" HPOS="2223" VPOS="458" WIDTH="110" HEIGHT="47" CONTENT="Zahl" WC="0.94" CC="4975"/>
						<SP ID="P7_SP00405" HPOS="2333" VPOS="510" WIDTH="30"/>
						<String ID="P7_ST00461" HPOS="2363" VPOS="459" WIDTH="119" HEIGHT="48" CONTENT="eines" WC="0.97" CC="40843"/>
						<SP ID="P7_SP00406" HPOS="2482" VPOS="510" WIDTH="21"/>
						<String ID="P7_ST00462" HPOS="2503" VPOS="459" WIDTH="145" HEIGHT="48" CONTENT="Chors" WC="0.97" CC="37860"/>
						<SP ID="P7_SP00407" HPOS="2648" VPOS="510" WIDTH="22"/>
						<String ID="P7_ST00463" HPOS="2670" VPOS="476" WIDTH="83" HEIGHT="31" CONTENT="von" WC="0.97" CC="008"/>
						<SP ID="P7_SP00408" HPOS="2753" VPOS="510" WIDTH="23"/>
						<String ID="P7_ST00464" HPOS="2776" VPOS="462" WIDTH="146" HEIGHT="48" CONTENT="4000" WC="0.66" CC="5080"/>
						<SP ID="P7_SP00409" HPOS="2922" VPOS="510" WIDTH="25"/>
						<String ID="P7_ST00465" HPOS="2947" VPOS="464" WIDTH="217" HEIGHT="48" CONTENT="Stimmen" WC="0.98" CC="4000977"/>
						<SP ID="P7_SP00410" HPOS="3164" VPOS="512" WIDTH="28"/>
						<String ID="P7_ST00466" HPOS="3192" VPOS="467" WIDTH="104" HEIGHT="47" CONTENT="weit" WC="0.97" CC="8005"/>
					</TextLine>
					<TextLine ID="P7_TL00056" HPOS="1783" VPOS="529" WIDTH="1513" HEIGHT="72">
						<String ID="P7_ST00467" HPOS="1783" VPOS="529" WIDTH="330" HEIGHT="49" CONTENT="überschritten" WC="0.99" CC="0706504062564"/>
						<SP ID="P7_SP00411" HPOS="2113" VPOS="578" WIDTH="25"/>
						<String ID="P7_ST00468" HPOS="2138" VPOS="533" WIDTH="182" HEIGHT="48" CONTENT="werden" WC="0.97" CC="697008"/>
						<SP ID="P7_SP00412" HPOS="2320" VPOS="581" WIDTH="25"/>
						<String ID="P7_ST00469" HPOS="2345" VPOS="535" WIDTH="126" HEIGHT="49" CONTENT="wird." WC="0.98" CC="80003"/>
						<SP ID="P7_SP00413" HPOS="2471" VPOS="584" WIDTH="34"/>
						<String ID="P7_ST00470" HPOS="2505" VPOS="537" WIDTH="221" HEIGHT="47" CONTENT="Dankbar" WC="0.98" CC="8080700"/>
						<SP ID="P7_SP00414" HPOS="2726" VPOS="584" WIDTH="23"/>
						<String ID="P7_ST00471" HPOS="2749" VPOS="537" WIDTH="235" HEIGHT="64" CONTENT="gedenken" WC="0.97" CC="97078978"/>
						<SP ID="P7_SP00415" HPOS="2984" VPOS="601" WIDTH="27"/>
						<String ID="P7_ST00472" HPOS="3011" VPOS="542" WIDTH="80" HEIGHT="44" CONTENT="wir" WC="0.96" CC="900"/>
						<SP ID="P7_SP00416" HPOS="3091" VPOS="601" WIDTH="21"/>
						<String ID="P7_ST00473" HPOS="3112" VPOS="540" WIDTH="80" HEIGHT="49" CONTENT="der" WC="0.99" CC="030"/>
						<SP ID="P7_SP00417" HPOS="3192" VPOS="601" WIDTH="28"/>
						<String ID="P7_ST00474" HPOS="3220" VPOS="540" WIDTH="51" HEIGHT="50" CONTENT="be" SUBS_TYPE="HypPart1" SUBS_CONTENT="besonnenen" WC="0.96" CC="70"/>
						<HYP HPOS="3271" VPOS="540" WIDTH="25" CONTENT="-"/>
					</TextLine>
					<TextLine ID="P7_TL00057" HPOS="1780" VPOS="610" WIDTH="1516" HEIGHT="65">
						<String ID="P7_ST00475" HPOS="1780" VPOS="623" WIDTH="231" HEIGHT="33" CONTENT="sonnenen" SUBS_TYPE="HypPart2" SUBS_CONTENT="besonnenen" WC="0.98" CC="55580700"/>
						<SP ID="P7_SP00418" HPOS="2011" VPOS="656" WIDTH="29"/>
						<String ID="P7_ST00476" HPOS="2040" VPOS="610" WIDTH="211" HEIGHT="48" CONTENT="Freunde" WC="0.98" CC="6404705"/>
						<SP ID="P7_SP00419" HPOS="2251" VPOS="658" WIDTH="31"/>
						<String ID="P7_ST00477" HPOS="2282" VPOS="611" WIDTH="80" HEIGHT="49" CONTENT="der" WC="0.97" CC="062"/>
						<SP ID="P7_SP00420" HPOS="2362" VPOS="660" WIDTH="39"/>
						<String ID="P7_ST00478" HPOS="2401" VPOS="622" WIDTH="137" HEIGHT="53" CONTENT="guten" WC="0.98" CC="91410"/>
						<SP ID="P7_SP00421" HPOS="2538" VPOS="675" WIDTH="32"/>
						<String ID="P7_ST00479" HPOS="2570" VPOS="614" WIDTH="165" HEIGHT="56" CONTENT="Sache," WC="0.98" CC="700670"/>
						<SP ID="P7_SP00422" HPOS="2735" VPOS="675" WIDTH="43"/>
						<String ID="P7_ST00480" HPOS="2778" VPOS="615" WIDTH="170" HEIGHT="47" CONTENT="welche" WC="0.97" CC="076770"/>
						<SP ID="P7_SP00423" HPOS="2948" VPOS="675" WIDTH="28"/>
						<String ID="P7_ST00481" HPOS="2976" VPOS="617" WIDTH="136" HEIGHT="47" CONTENT="schon" WC="0.96" CC="06738"/>
						<SP ID="P7_SP00424" HPOS="3112" VPOS="675" WIDTH="32"/>
						<String ID="P7_ST00482" HPOS="3144" VPOS="618" WIDTH="39" HEIGHT="47" CONTENT="in" WC="0.59" CC="08"/>
						<SP ID="P7_SP00425" HPOS="3183" VPOS="675" WIDTH="32"/>
						<String ID="P7_ST00483" HPOS="3215" VPOS="618" WIDTH="81" HEIGHT="48" CONTENT="der" WC="1.00" CC="000"/>
					</TextLine>
					<TextLine ID="P7_TL00058" HPOS="1784" VPOS="685" WIDTH="1509" HEIGHT="74">
						<String ID="P7_ST00484" HPOS="1784" VPOS="685" WIDTH="175" HEIGHT="64" CONTENT="Anlage" WC="0.97" CC="570596"/>
						<SP ID="P7_SP00426" HPOS="1959" VPOS="749" WIDTH="23"/>
						<String ID="P7_ST00485" HPOS="1982" VPOS="685" WIDTH="69" HEIGHT="48" CONTENT="ein" WC="0.93" CC="628"/>
						<SP ID="P7_SP00427" HPOS="2051" VPOS="749" WIDTH="25"/>
						<String ID="P7_ST00486" HPOS="2076" VPOS="686" WIDTH="147" HEIGHT="49" CONTENT="Maass" WC="0.78" CC="00630"/>
						<SP ID="P7_SP00428" HPOS="2223" VPOS="749" WIDTH="24"/>
						<String ID="P7_ST00487" HPOS="2247" VPOS="688" WIDTH="430" HEIGHT="57" CONTENT="feststellten,durch" WC="0.99" CC="706677554744303277"/>
						<SP ID="P7_SP00429" HPOS="2677" VPOS="749" WIDTH="25"/>
						<String ID="P7_ST00488" HPOS="2702" VPOS="691" WIDTH="80" HEIGHT="47" CONTENT="das" WC="0.94" CC="097"/>
						<SP ID="P7_SP00430" HPOS="2782" VPOS="749" WIDTH="24"/>
						<String ID="P7_ST00489" HPOS="2806" VPOS="693" WIDTH="70" HEIGHT="47" CONTENT="die" WC="0.96" CC="064"/>
						<SP ID="P7_SP00431" HPOS="2876" VPOS="749" WIDTH="26"/>
						<String ID="P7_ST00490" HPOS="2902" VPOS="693" WIDTH="243" HEIGHT="48" CONTENT="räumliche" WC="0.98" CC="077030776"/>
						<SP ID="P7_SP00432" HPOS="3145" VPOS="749" WIDTH="21"/>
						<String ID="P7_ST00491" HPOS="3166" VPOS="695" WIDTH="96" HEIGHT="64" CONTENT="Mög" SUBS_TYPE="HypPart1" SUBS_CONTENT="Möglichkeit" WC="0.94" CC="867"/>
						<HYP HPOS="3262" VPOS="695" WIDTH="31" CONTENT="-"/>
					</TextLine>
					<TextLine ID="P7_TL00059" HPOS="1783" VPOS="759" WIDTH="1512" HEIGHT="73">
						<String ID="P7_ST00492" HPOS="1783" VPOS="759" WIDTH="181" HEIGHT="51" CONTENT="lichkeit" SUBS_TYPE="HypPart2" SUBS_CONTENT="Möglichkeit" WC="0.99" CC="51250035"/>
						<SP ID="P7_SP00433" HPOS="1964" VPOS="810" WIDTH="28"/>
						<String ID="P7_ST00493" HPOS="1992" VPOS="761" WIDTH="88" HEIGHT="49" CONTENT="und" WC="0.99" CC="100"/>
						<SP ID="P7_SP00434" HPOS="2080" VPOS="810" WIDTH="32"/>
						<String ID="P7_ST00494" HPOS="2112" VPOS="764" WIDTH="71" HEIGHT="48" CONTENT="die" WC="0.96" CC="083"/>
						<SP ID="P7_SP00435" HPOS="2183" VPOS="812" WIDTH="28"/>
						<String ID="P7_ST00495" HPOS="2211" VPOS="766" WIDTH="306" HEIGHT="64" CONTENT="Ausführung" WC="0.98" CC="4070075879"/>
						<SP ID="P7_SP00436" HPOS="2517" VPOS="830" WIDTH="30"/>
						<String ID="P7_ST00496" HPOS="2547" VPOS="768" WIDTH="64" HEIGHT="45" CONTENT="als" WC="0.95" CC="067"/>
						<SP ID="P7_SP00437" HPOS="2611" VPOS="830" WIDTH="28"/>
						<String ID="P7_ST00497" HPOS="2639" VPOS="769" WIDTH="266" HEIGHT="63" CONTENT="Gesangfest" WC="0.98" CC="6079800668"/>
						<SP ID="P7_SP00438" HPOS="2905" VPOS="832" WIDTH="30"/>
						<String ID="P7_ST00498" HPOS="2935" VPOS="769" WIDTH="100" HEIGHT="47" CONTENT="dem" WC="1.00" CC="000"/>
						<SP ID="P7_SP00439" HPOS="3035" VPOS="832" WIDTH="27"/>
						<String ID="P7_ST00499" HPOS="3062" VPOS="770" WIDTH="128" HEIGHT="47" CONTENT="Feste" WC="0.97" CC="74260"/>
						<SP ID="P7_SP00440" HPOS="3190" VPOS="832" WIDTH="29"/>
						<String ID="P7_ST00500" HPOS="3219" VPOS="787" WIDTH="51" HEIGHT="45" CONTENT="ge" SUBS_TYPE="HypPart1" SUBS_CONTENT="gewahrt" WC="0.97" CC="07"/>
						<HYP HPOS="3270" VPOS="787" WIDTH="25" CONTENT="-"/>
					</TextLine>
					<TextLine ID="P7_TL00060" HPOS="1784" VPOS="838" WIDTH="1514" HEIGHT="55">
						<String ID="P7_ST00501" HPOS="1784" VPOS="838" WIDTH="148" HEIGHT="48" CONTENT="wahrt" SUBS_TYPE="HypPart2" SUBS_CONTENT="gewahrt" WC="0.99" CC="02006"/>
						<SP ID="P7_SP00441" HPOS="1932" VPOS="886" WIDTH="42"/>
						<String ID="P7_ST00502" HPOS="1974" VPOS="840" WIDTH="171" HEIGHT="50" CONTENT="wurde." WC="0.98" CC="935004"/>
						<SP ID="P7_SP00442" HPOS="2145" VPOS="890" WIDTH="54"/>
						<String ID="P7_ST00503" HPOS="2199" VPOS="841" WIDTH="150" HEIGHT="49" CONTENT="Schon" WC="0.97" CC="16536"/>
						<SP ID="P7_SP00443" HPOS="2349" VPOS="890" WIDTH="43"/>
						<String ID="P7_ST00504" HPOS="2392" VPOS="843" WIDTH="163" HEIGHT="47" CONTENT="erhebt" WC="0.99" CC="032072"/>
						<SP ID="P7_SP00444" HPOS="2555" VPOS="890" WIDTH="40"/>
						<String ID="P7_ST00505" HPOS="2595" VPOS="843" WIDTH="92" HEIGHT="48" CONTENT="sich" WC="0.95" CC="3876"/>
						<SP ID="P7_SP00445" HPOS="2687" VPOS="891" WIDTH="43"/>
						<String ID="P7_ST00506" HPOS="2730" VPOS="844" WIDTH="80" HEIGHT="48" CONTENT="das" WC="0.97" CC="007"/>
						<SP ID="P7_SP00446" HPOS="2810" VPOS="892" WIDTH="408"/>
						<String ID="P7_ST00507" HPOS="3218" VPOS="846" WIDTH="80" HEIGHT="47" CONTENT="der" WC="0.97" CC="051"/>
					</TextLine>
					<TextLine ID="P7_TL00061" HPOS="1785" VPOS="914" WIDTH="1508" HEIGHT="73">
						<String ID="P7_ST00508" HPOS="1785" VPOS="916" WIDTH="269" HEIGHT="64" CONTENT="mächtigen," WC="0.99" CC="0906030050"/>
						<SP ID="P7_SP00447" HPOS="2054" VPOS="980" WIDTH="39"/>
						<String ID="P7_ST00509" HPOS="2093" VPOS="919" WIDTH="19" HEIGHT="47" CONTENT="1" WC="1.00" CC="0"/>
						<SP ID="P7_SP00448" HPOS="2112" VPOS="980" WIDTH="374"/>
						<String ID="P7_ST00510" HPOS="2486" VPOS="914" WIDTH="10" HEIGHT="26" CONTENT="x" STYLE="superscript" WC="0.01" CC="9"/>
						<String ID="P7_ST00511" HPOS="2211" VPOS="915" WIDTH="334" HEIGHT="69" CONTENT="/iMorgen" WC="0.56" CC="78730008"/>
						<SP ID="P7_SP00449" HPOS="2545" VPOS="984" WIDTH="-118"/>
						<String ID="P7_ST00512" HPOS="2427" VPOS="919" WIDTH="262" HEIGHT="48" CONTENT="deckenden" WC="0.99" CC="006060068"/>
						<SP ID="P7_SP00450" HPOS="2689" VPOS="984" WIDTH="26"/>
						<String ID="P7_ST00513" HPOS="2715" VPOS="923" WIDTH="131" HEIGHT="47" CONTENT="Halle" WC="0.95" CC="89547"/>
						<SP ID="P7_SP00451" HPOS="2846" VPOS="984" WIDTH="29"/>
						<String ID="P7_ST00514" HPOS="2875" VPOS="924" WIDTH="82" HEIGHT="47" CONTENT="auf" WC="0.97" CC="060"/>
						<SP ID="P7_SP00452" HPOS="2957" VPOS="984" WIDTH="23"/>
						<String ID="P7_ST00515" HPOS="2980" VPOS="924" WIDTH="101" HEIGHT="47" CONTENT="dem" WC="1.00" CC="000"/>
						<SP ID="P7_SP00453" HPOS="3081" VPOS="984" WIDTH="26"/>
						<String ID="P7_ST00516" HPOS="3107" VPOS="939" WIDTH="186" HEIGHT="48" CONTENT="grossen" WC="0.98" CC="9046048"/>
					</TextLine>
					<TextLine ID="P7_TL00062" HPOS="1794" VPOS="992" WIDTH="1505" HEIGHT="70">
						<String ID="P7_ST00517" HPOS="1794" VPOS="1027" WIDTH="18" HEIGHT="19" CONTENT="„" WC="0.31" CC="6"/>
						<SP ID="P7_SP00454" HPOS="1812" VPOS="1046" WIDTH="11"/>
						<String ID="P7_ST00518" HPOS="1823" VPOS="992" WIDTH="250" HEIGHT="50" CONTENT='Maxfelde"' WC="0.99" CC="059004906"/>
						<SP ID="P7_SP00455" HPOS="2073" VPOS="1046" WIDTH="18"/>
						<String ID="P7_ST00519" HPOS="2091" VPOS="1032" WIDTH="12" HEIGHT="18" CONTENT="," WC="1.00" CC="0"/>
						<SP ID="P7_SP00456" HPOS="2103" VPOS="1050" WIDTH="15"/>
						<String ID="P7_ST00520" HPOS="2118" VPOS="995" WIDTH="123" HEIGHT="48" CONTENT="einer" WC="0.97" CC="31754"/>
						<SP ID="P7_SP00457" HPOS="2241" VPOS="1050" WIDTH="18"/>
						<String ID="P7_ST00521" HPOS="2259" VPOS="998" WIDTH="161" HEIGHT="47" CONTENT="weiten" WC="0.98" CC="050526"/>
						<SP ID="P7_SP00458" HPOS="2420" VPOS="1050" WIDTH="19"/>
						<String ID="P7_ST00522" HPOS="2439" VPOS="996" WIDTH="297" HEIGHT="64" CONTENT="anmuthigen" WC="0.63" CC="7502700057"/>
						<SP ID="P7_SP00459" HPOS="2736" VPOS="1060" WIDTH="18"/>
						<String ID="P7_ST00523" HPOS="2754" VPOS="1000" WIDTH="189" HEIGHT="62" CONTENT="Anlage," WC="0.98" CC="0806960"/>
						<SP ID="P7_SP00460" HPOS="2943" VPOS="1062" WIDTH="26"/>
						<String ID="P7_ST00524" HPOS="2969" VPOS="1001" WIDTH="200" HEIGHT="47" CONTENT="nördlich" WC="0.98" CC="77601567"/>
						<SP ID="P7_SP00461" HPOS="3169" VPOS="1062" WIDTH="26"/>
						<String ID="P7_ST00525" HPOS="3195" VPOS="1017" WIDTH="104" HEIGHT="38" CONTENT="von," WC="0.99" CC="0051"/>
					</TextLine>
					<TextLine ID="P7_TL00063" HPOS="1784" VPOS="1066" WIDTH="1512" HEIGHT="71">
						<String ID="P7_ST00526" HPOS="1784" VPOS="1066" WIDTH="112" HEIGHT="48" CONTENT="aber" WC="0.95" CC="9605"/>
						<SP ID="P7_SP00462" HPOS="1896" VPOS="1114" WIDTH="23"/>
						<String ID="P7_ST00527" HPOS="1919" VPOS="1085" WIDTH="111" HEIGHT="47" CONTENT="ganz" WC="0.97" CC="0464"/>
						<SP ID="P7_SP00463" HPOS="2030" VPOS="1132" WIDTH="24"/>
						<String ID="P7_ST00528" HPOS="2054" VPOS="1071" WIDTH="116" HEIGHT="47" CONTENT="nahe" WC="0.96" CC="3706"/>
						<SP ID="P7_SP00464" HPOS="2170" VPOS="1132" WIDTH="24"/>
						<String ID="P7_ST00529" HPOS="2194" VPOS="1088" WIDTH="55" HEIGHT="30" CONTENT="an" WC="0.09" CC="98"/>
						<SP ID="P7_SP00465" HPOS="2249" VPOS="1132" WIDTH="23"/>
						<String ID="P7_ST00530" HPOS="2272" VPOS="1072" WIDTH="260" HEIGHT="65" CONTENT="Nürnberg." WC="0.99" CC="600776104"/>
						<SP ID="P7_SP00466" HPOS="2532" VPOS="1137" WIDTH="35"/>
						<String ID="P7_ST00531" HPOS="2567" VPOS="1074" WIDTH="154" HEIGHT="48" CONTENT="Uralte" WC="0.96" CC="696672"/>
						<SP ID="P7_SP00467" HPOS="2721" VPOS="1137" WIDTH="26"/>
						<String ID="P7_ST00532" HPOS="2747" VPOS="1072" WIDTH="235" HEIGHT="50" CONTENT="Castanien" WC="0.49" CC="649008078"/>
						<SP ID="P7_SP00468" HPOS="2982" VPOS="1137" WIDTH="26"/>
						<String ID="P7_ST00533" HPOS="3008" VPOS="1078" WIDTH="89" HEIGHT="47" CONTENT="und" WC="0.94" CC="780"/>
						<SP ID="P7_SP00469" HPOS="3097" VPOS="1137" WIDTH="25"/>
						<String ID="P7_ST00534" HPOS="3122" VPOS="1078" WIDTH="174" HEIGHT="47" CONTENT="Linden" WC="0.98" CC="108048"/>
					</TextLine>
					<TextLine ID="P7_TL00064" HPOS="1784" VPOS="1144" WIDTH="1514" HEIGHT="72">
						<String ID="P7_ST00535" HPOS="1784" VPOS="1144" WIDTH="262" HEIGHT="50" CONTENT="beschatten" WC="0.99" CC="4000737366"/>
						<SP ID="P7_SP00470" HPOS="2046" VPOS="1194" WIDTH="22"/>
						<String ID="P7_ST00536" HPOS="2068" VPOS="1149" WIDTH="63" HEIGHT="47" CONTENT="sie" WC="0.99" CC="300"/>
						<SP ID="P7_SP00471" HPOS="2131" VPOS="1196" WIDTH="25"/>
						<String ID="P7_ST00537" HPOS="2156" VPOS="1149" WIDTH="88" HEIGHT="47" CONTENT="und" WC="0.97" CC="080"/>
						<SP ID="P7_SP00472" HPOS="2244" VPOS="1196" WIDTH="24"/>
						<String ID="P7_ST00538" HPOS="2268" VPOS="1150" WIDTH="85" HEIGHT="47" CONTENT="den" WC="0.97" CC="060"/>
						<SP ID="P7_SP00473" HPOS="2353" VPOS="1197" WIDTH="23"/>
						<String ID="P7_ST00539" HPOS="2376" VPOS="1151" WIDTH="216" HEIGHT="55" CONTENT="schönen," WC="0.98" CC="70408571"/>
						<SP ID="P7_SP00474" HPOS="2592" VPOS="1206" WIDTH="26"/>
						<String ID="P7_ST00540" HPOS="2618" VPOS="1168" WIDTH="184" HEIGHT="47" CONTENT="grossen" WC="0.98" CC="0436066"/>
						<SP ID="P7_SP00475" HPOS="2802" VPOS="1215" WIDTH="28"/>
						<String ID="P7_ST00541" HPOS="2830" VPOS="1153" WIDTH="232" HEIGHT="63" CONTENT="Festplatz." WC="0.99" CC="5006745650"/>
						<SP ID="P7_SP00476" HPOS="3062" VPOS="1216" WIDTH="40"/>
						<String ID="P7_ST00542" HPOS="3102" VPOS="1155" WIDTH="73" HEIGHT="47" CONTENT="Sie" WC="0.97" CC="404"/>
						<SP ID="P7_SP00477" HPOS="3175" VPOS="1216" WIDTH="25"/>
						<String ID="P7_ST00543" HPOS="3200" VPOS="1155" WIDTH="74" HEIGHT="47" CONTENT="blü" SUBS_TYPE="HypPart1" SUBS_CONTENT="blühen" WC="0.96" CC="751"/>
						<HYP HPOS="3274" VPOS="1155" WIDTH="24" CONTENT="-"/>
					</TextLine>
					<TextLine ID="P7_TL00065" HPOS="1784" VPOS="1220" WIDTH="1515" HEIGHT="72">
						<String ID="P7_ST00544" HPOS="1784" VPOS="1220" WIDTH="90" HEIGHT="49" CONTENT="hen" SUBS_TYPE="HypPart2" SUBS_CONTENT="blühen" WC="0.96" CC="504"/>
						<SP ID="P7_SP00478" HPOS="1874" VPOS="1269" WIDTH="29"/>
						<String ID="P7_ST00545" HPOS="1903" VPOS="1222" WIDTH="195" HEIGHT="56" CONTENT="lieblich," WC="0.99" CC="006562073"/>
						<SP ID="P7_SP00479" HPOS="2098" VPOS="1278" WIDTH="29"/>
						<String ID="P7_ST00546" HPOS="2127" VPOS="1225" WIDTH="84" HEIGHT="48" CONTENT="wie" WC="1.00" CC="010"/>
						<SP ID="P7_SP00480" HPOS="2211" VPOS="1278" WIDTH="29"/>
						<String ID="P7_ST00547" HPOS="2240" VPOS="1226" WIDTH="70" HEIGHT="47" CONTENT="ein" WC="0.95" CC="607"/>
						<SP ID="P7_SP00481" HPOS="2310" VPOS="1278" WIDTH="29"/>
						<String ID="P7_ST00548" HPOS="2339" VPOS="1226" WIDTH="187" HEIGHT="65" CONTENT="Symbol" WC="0.98" CC="070530"/>
						<SP ID="P7_SP00482" HPOS="2526" VPOS="1291" WIDTH="31"/>
						<String ID="P7_ST00549" HPOS="2557" VPOS="1244" WIDTH="187" HEIGHT="32" CONTENT="unserer" WC="0.98" CC="0790330"/>
						<SP ID="P7_SP00483" HPOS="2744" VPOS="1291" WIDTH="31"/>
						<String ID="P7_ST00550" HPOS="2775" VPOS="1227" WIDTH="311" HEIGHT="65" CONTENT="Hoffnungen," WC="0.98" CC="64338670682"/>
						<SP ID="P7_SP00484" HPOS="3086" VPOS="1292" WIDTH="29"/>
						<String ID="P7_ST00551" HPOS="3115" VPOS="1246" WIDTH="184" HEIGHT="32" CONTENT="unserer" WC="0.98" CC="3751503"/>
					</TextLine>
					<TextLine ID="P7_TL00066" HPOS="1788" VPOS="1299" WIDTH="1511" HEIGHT="68">
						<String ID="P7_ST00552" HPOS="1788" VPOS="1299" WIDTH="252" HEIGHT="50" CONTENT="Wünsche." WC="0.99" CC="09610004"/>
						<SP ID="P7_SP00485" HPOS="2040" VPOS="1349" WIDTH="31"/>
						<String ID="P7_ST00553" HPOS="2071" VPOS="1302" WIDTH="136" HEIGHT="65" CONTENT="Möge" WC="0.98" CC="0090"/>
						<SP ID="P7_SP00486" HPOS="2207" VPOS="1367" WIDTH="24"/>
						<String ID="P7_ST00554" HPOS="2231" VPOS="1304" WIDTH="76" HEIGHT="48" CONTENT="des" WC="1.00" CC="000"/>
						<SP ID="P7_SP00487" HPOS="2307" VPOS="1367" WIDTH="23"/>
						<String ID="P7_ST00555" HPOS="2330" VPOS="1302" WIDTH="216" HEIGHT="51" CONTENT="Friedens" WC="1.00" CC="03000060"/>
						<SP ID="P7_SP00488" HPOS="2546" VPOS="1367" WIDTH="25"/>
						<String ID="P7_ST00556" HPOS="2571" VPOS="1305" WIDTH="135" HEIGHT="48" CONTENT="holde" WC="0.97" CC="36605"/>
						<SP ID="P7_SP00489" HPOS="2706" VPOS="1367" WIDTH="23"/>
						<String ID="P7_ST00557" HPOS="2729" VPOS="1306" WIDTH="152" HEIGHT="48" CONTENT="Sonne" WC="0.97" CC="50860"/>
						<SP ID="P7_SP00490" HPOS="2881" VPOS="1367" WIDTH="24"/>
						<String ID="P7_ST00558" HPOS="2905" VPOS="1306" WIDTH="115" HEIGHT="48" CONTENT="auch" WC="0.97" CC="7006"/>
						<SP ID="P7_SP00491" HPOS="3020" VPOS="1367" WIDTH="25"/>
						<String ID="P7_ST00559" HPOS="3045" VPOS="1306" WIDTH="100" HEIGHT="48" CONTENT="dem" WC="1.00" CC="000"/>
						<SP ID="P7_SP00492" HPOS="3145" VPOS="1367" WIDTH="28"/>
						<String ID="P7_ST00560" HPOS="3173" VPOS="1309" WIDTH="126" HEIGHT="45" CONTENT="Feste" WC="0.98" CC="40580"/>
					</TextLine>
					<TextLine ID="P7_TL00067" HPOS="1786" VPOS="1375" WIDTH="432" HEIGHT="52">
						<String ID="P7_ST00561" HPOS="1786" VPOS="1375" WIDTH="178" HEIGHT="51" CONTENT="lieblich" WC="0.99" CC="75005000"/>
						<SP ID="P7_SP00493" HPOS="1964" VPOS="1426" WIDTH="29"/>
						<String ID="P7_ST00562" HPOS="1993" VPOS="1379" WIDTH="225" HEIGHT="48" CONTENT="strahlen!" WC="0.99" CC="050036504"/>
					</TextLine>
				</TextBlock>
				<TextBlock ID="P7_TB00004" HPOS="2019" VPOS="1608" WIDTH="1054" HEIGHT="73" STYLEREFS="TXT_1 PAR_RIGHT">
					<TextLine ID="P7_TL00068" HPOS="2020" VPOS="1608" WIDTH="1053" HEIGHT="73">
						<String ID="P7_ST00563" HPOS="2020" VPOS="1610" WIDTH="131" HEIGHT="67" CONTENT="„Das" WC="0.95" CC="0777"/>
						<SP ID="P7_SP00494" HPOS="2151" VPOS="1677" WIDTH="41"/>
						<String ID="P7_ST00564" HPOS="2192" VPOS="1608" WIDTH="123" HEIGHT="56" CONTENT="alles" WC="0.96" CC="56566"/>
						<SP ID="P7_SP00495" HPOS="2315" VPOS="1677" WIDTH="40"/>
						<String ID="P7_ST00565" HPOS="2355" VPOS="1627" WIDTH="99" HEIGHT="36" CONTENT="war" WC="0.95" CC="605"/>
						<SP ID="P7_SP00496" HPOS="2454" VPOS="1677" WIDTH="42"/>
						<String ID="P7_ST00566" HPOS="2496" VPOS="1611" WIDTH="150" HEIGHT="53" CONTENT="schon" WC="0.95" CC="67778"/>
						<SP ID="P7_SP00497" HPOS="2646" VPOS="1677" WIDTH="42"/>
						<String ID="P7_ST00567" HPOS="2688" VPOS="1611" WIDTH="177" HEIGHT="55" CONTENT="einmal" WC="0.96" CC="848795"/>
						<SP ID="P7_SP00498" HPOS="2865" VPOS="1677" WIDTH="40"/>
						<String ID="P7_ST00568" HPOS="2905" VPOS="1612" WIDTH="168" HEIGHT="69" CONTENT="da!“" WC="1.00" CC="7950"/>
					</TextLine>
				</TextBlock>
				<TextBlock ID="P7_TB00005" HPOS="1783" VPOS="1715" WIDTH="1522" HEIGHT="2079" STYLEREFS="TXT_0 PAR_BLOCK">
					<TextLine ID="P7_TL00069" HPOS="1900" VPOS="1717" WIDTH="1399" HEIGHT="66">
						<String ID="P7_ST00569" HPOS="1900" VPOS="1719" WIDTH="61" HEIGHT="47" CONTENT="So" WC="0.44" CC="64"/>
						<SP ID="P7_SP00499" HPOS="1961" VPOS="1766" WIDTH="30"/>
						<String ID="P7_ST00570" HPOS="1991" VPOS="1717" WIDTH="294" HEIGHT="66" CONTENT="nothwendig" WC="0.86" CC="0050007000"/>
						<SP ID="P7_SP00500" HPOS="2285" VPOS="1783" WIDTH="30"/>
						<String ID="P7_ST00571" HPOS="2315" VPOS="1717" WIDTH="71" HEIGHT="49" CONTENT="bei" WC="0.96" CC="703"/>
						<SP ID="P7_SP00501" HPOS="2386" VPOS="1783" WIDTH="31"/>
						<String ID="P7_ST00572" HPOS="2417" VPOS="1718" WIDTH="124" HEIGHT="48" CONTENT="einer" WC="0.98" CC="05804"/>
						<SP ID="P7_SP00502" HPOS="2541" VPOS="1783" WIDTH="22"/>
						<String ID="P7_ST00573" HPOS="2563" VPOS="1718" WIDTH="147" HEIGHT="47" CONTENT="Musik" WC="0.97" CC="26607"/>
						<SP ID="P7_SP00503" HPOS="2710" VPOS="1783" WIDTH="23"/>
						<String ID="P7_ST00574" HPOS="2733" VPOS="1718" WIDTH="180" HEIGHT="48" CONTENT="Einheit" WC="0.98" CC="0589406"/>
						<SP ID="P7_SP00504" HPOS="2913" VPOS="1783" WIDTH="29"/>
						<String ID="P7_ST00575" HPOS="2942" VPOS="1719" WIDTH="79" HEIGHT="47" CONTENT="der" WC="0.96" CC="614"/>
						<SP ID="P7_SP00505" HPOS="3021" VPOS="1783" WIDTH="31"/>
						<String ID="P7_ST00576" HPOS="3052" VPOS="1720" WIDTH="247" HEIGHT="49" CONTENT="Harmonie" WC="0.99" CC="85072040"/>
					</TextLine>
					<TextLine ID="P7_TL00070" HPOS="1785" VPOS="1795" WIDTH="1516" HEIGHT="65">
						<String ID="P7_ST00577" HPOS="1785" VPOS="1795" WIDTH="92" HEIGHT="49" CONTENT="und" WC="0.97" CC="070"/>
						<SP ID="P7_SP00506" HPOS="1877" VPOS="1844" WIDTH="24"/>
						<String ID="P7_ST00578" HPOS="1901" VPOS="1795" WIDTH="77" HEIGHT="50" CONTENT="des" WC="1.00" CC="000"/>
						<SP ID="P7_SP00507" HPOS="1978" VPOS="1845" WIDTH="37"/>
						<String ID="P7_ST00579" HPOS="2015" VPOS="1797" WIDTH="233" HEIGHT="63" CONTENT="Gesanges" WC="0.99" CC="00340236"/>
						<SP ID="P7_SP00508" HPOS="2248" VPOS="1860" WIDTH="35"/>
						<String ID="P7_ST00580" HPOS="2283" VPOS="1795" WIDTH="70" HEIGHT="58" CONTENT="ist," WC="0.97" CC="1562"/>
						<SP ID="P7_SP00509" HPOS="2353" VPOS="1860" WIDTH="41"/>
						<String ID="P7_ST00581" HPOS="2394" VPOS="1795" WIDTH="115" HEIGHT="49" CONTENT="eben" WC="0.99" CC="0600"/>
						<SP ID="P7_SP00510" HPOS="2509" VPOS="1860" WIDTH="37"/>
						<String ID="P7_ST00582" HPOS="2546" VPOS="1812" WIDTH="48" HEIGHT="32" CONTENT="so" WC="0.65" CC="33"/>
						<SP ID="P7_SP00511" HPOS="2594" VPOS="1860" WIDTH="33"/>
						<String ID="P7_ST00583" HPOS="2627" VPOS="1797" WIDTH="357" HEIGHT="47" CONTENT="unzertrennlich" WC="0.99" CC="58506520070078"/>
						<SP ID="P7_SP00512" HPOS="2984" VPOS="1860" WIDTH="31"/>
						<String ID="P7_ST00584" HPOS="3015" VPOS="1798" WIDTH="51" HEIGHT="46" CONTENT="ist" WC="0.94" CC="096"/>
						<SP ID="P7_SP00513" HPOS="3066" VPOS="1860" WIDTH="28"/>
						<String ID="P7_ST00585" HPOS="3094" VPOS="1813" WIDTH="82" HEIGHT="32" CONTENT="von" WC="0.96" CC="026"/>
						<SP ID="P7_SP00514" HPOS="3176" VPOS="1860" WIDTH="23"/>
						<String ID="P7_ST00586" HPOS="3199" VPOS="1798" WIDTH="77" HEIGHT="48" CONTENT="der" SUBS_TYPE="HypPart1" SUBS_CONTENT="derselben" WC="0.99" CC="003"/>
						<HYP HPOS="3276" VPOS="1798" WIDTH="25" CONTENT="-"/>
					</TextLine>
					<TextLine ID="P7_TL00071" HPOS="1784" VPOS="1873" WIDTH="1518" HEIGHT="66">
						<String ID="P7_ST00587" HPOS="1784" VPOS="1873" WIDTH="156" HEIGHT="49" CONTENT="selben" SUBS_TYPE="HypPart2" SUBS_CONTENT="derselben" WC="0.98" CC="052404"/>
						<SP ID="P7_SP00515" HPOS="1940" VPOS="1922" WIDTH="45"/>
						<String ID="P7_ST00588" HPOS="1985" VPOS="1873" WIDTH="72" HEIGHT="48" CONTENT="die" WC="1.00" CC="010"/>
						<SP ID="P7_SP00516" HPOS="2057" VPOS="1922" WIDTH="42"/>
						<String ID="P7_ST00589" HPOS="2099" VPOS="1873" WIDTH="436" HEIGHT="66" CONTENT="Nachahmung," WC="0.99" CC="40035700890"/>
						<SP ID="P7_SP00517" HPOS="2535" VPOS="1939" WIDTH="30"/>
						<String ID="P7_ST00590" HPOS="2565" VPOS="1873" WIDTH="112" HEIGHT="48" CONTENT="oder" WC="0.97" CC="3073"/>
						<SP ID="P7_SP00518" HPOS="2677" VPOS="1939" WIDTH="29"/>
						<String ID="P7_ST00591" HPOS="2706" VPOS="1873" WIDTH="114" HEIGHT="48" CONTENT="noch" WC="0.96" CC="8106"/>
						<SP ID="P7_SP00519" HPOS="2820" VPOS="1939" WIDTH="32"/>
						<String ID="P7_ST00592" HPOS="2852" VPOS="1873" WIDTH="172" HEIGHT="48" CONTENT="besser:" WC="0.98" CC="6303590"/>
						<SP ID="P7_SP00520" HPOS="3024" VPOS="1939" WIDTH="43"/>
						<String ID="P7_ST00593" HPOS="3067" VPOS="1875" WIDTH="202" HEIGHT="63" CONTENT="Anspie" SUBS_TYPE="HypPart1" SUBS_CONTENT="Anspielung" WC="0.98" CC="452730"/>
						<HYP HPOS="3269" VPOS="1875" WIDTH="33" CONTENT="-"/>
					</TextLine>
					<TextLine ID="P7_TL00072" HPOS="1785" VPOS="1949" WIDTH="1519" HEIGHT="66">
						<String ID="P7_ST00594" HPOS="1785" VPOS="1952" WIDTH="138" HEIGHT="63" CONTENT="lung" SUBS_TYPE="HypPart2" SUBS_CONTENT="Anspielung" WC="0.95" CC="5339"/>
						<SP ID="P7_SP00521" HPOS="1923" VPOS="2015" WIDTH="39"/>
						<String ID="P7_ST00595" HPOS="1962" VPOS="1952" WIDTH="99" HEIGHT="47" CONTENT="auf" WC="0.94" CC="627"/>
						<SP ID="P7_SP00522" HPOS="2061" VPOS="2015" WIDTH="32"/>
						<String ID="P7_ST00596" HPOS="2093" VPOS="1950" WIDTH="87" HEIGHT="49" CONTENT="die" WC="0.97" CC="060"/>
						<SP ID="P7_SP00523" HPOS="2180" VPOS="2015" WIDTH="36"/>
						<String ID="P7_ST00597" HPOS="2216" VPOS="1950" WIDTH="190" HEIGHT="49" CONTENT="Natur." WC="0.98" CC="544123"/>
						<SP ID="P7_SP00524" HPOS="2406" VPOS="2015" WIDTH="47"/>
						<String ID="P7_ST00598" HPOS="2453" VPOS="1950" WIDTH="115" HEIGHT="49" CONTENT="Jene" WC="0.97" CC="2080"/>
						<SP ID="P7_SP00525" HPOS="2568" VPOS="2015" WIDTH="30"/>
						<String ID="P7_ST00599" HPOS="2598" VPOS="1967" WIDTH="191" HEIGHT="48" CONTENT="erregen" WC="0.98" CC="3460906"/>
						<SP ID="P7_SP00526" HPOS="2789" VPOS="2015" WIDTH="29"/>
						<String ID="P7_ST00600" HPOS="2818" VPOS="1949" WIDTH="71" HEIGHT="50" CONTENT="die" WC="1.00" CC="000"/>
						<SP ID="P7_SP00527" HPOS="2889" VPOS="2015" WIDTH="28"/>
						<String ID="P7_ST00601" HPOS="2917" VPOS="1949" WIDTH="387" HEIGHT="66" CONTENT="Empfindungen," WC="0.99" CC="2092280370080"/>
					</TextLine>
					<TextLine ID="P7_TL00073" HPOS="1785" VPOS="2027" WIDTH="1517" HEIGHT="58">
						<String ID="P7_ST00602" HPOS="1785" VPOS="2028" WIDTH="121" HEIGHT="49" CONTENT="diese" WC="1.00" CC="00000"/>
						<SP ID="P7_SP00528" HPOS="1906" VPOS="2077" WIDTH="29"/>
						<String ID="P7_ST00603" HPOS="1935" VPOS="2028" WIDTH="237" HEIGHT="57" CONTENT="verstärkt," WC="0.99" CC="2024360560"/>
						<SP ID="P7_SP00529" HPOS="2172" VPOS="2085" WIDTH="31"/>
						<String ID="P7_ST00604" HPOS="2203" VPOS="2028" WIDTH="229" HEIGHT="48" CONTENT="bestimmt" WC="0.98" CC="70360096"/>
						<SP ID="P7_SP00530" HPOS="2432" VPOS="2085" WIDTH="27"/>
						<String ID="P7_ST00605" HPOS="2459" VPOS="2029" WIDTH="78" HEIGHT="55" CONTENT="sie," WC="0.98" CC="4021"/>
						<SP ID="P7_SP00531" HPOS="2537" VPOS="2085" WIDTH="32"/>
						<String ID="P7_ST00606" HPOS="2569" VPOS="2028" WIDTH="89" HEIGHT="48" CONTENT="und" WC="0.97" CC="080"/>
						<SP ID="P7_SP00532" HPOS="2658" VPOS="2085" WIDTH="29"/>
						<String ID="P7_ST00607" HPOS="2687" VPOS="2028" WIDTH="117" HEIGHT="49" CONTENT="zieht" WC="0.97" CC="51573"/>
						<SP ID="P7_SP00533" HPOS="2804" VPOS="2085" WIDTH="28"/>
						<String ID="P7_ST00608" HPOS="2832" VPOS="2027" WIDTH="70" HEIGHT="49" CONTENT="die" WC="0.99" CC="030"/>
						<SP ID="P7_SP00534" HPOS="2902" VPOS="2085" WIDTH="23"/>
						<String ID="P7_ST00609" HPOS="2925" VPOS="2029" WIDTH="129" HEIGHT="47" CONTENT="Seele" WC="0.99" CC="20070"/>
						<SP ID="P7_SP00535" HPOS="3054" VPOS="2085" WIDTH="24"/>
						<String ID="P7_ST00610" HPOS="3078" VPOS="2028" WIDTH="78" HEIGHT="48" CONTENT="mit" WC="0.95" CC="704"/>
						<SP ID="P7_SP00536" HPOS="3156" VPOS="2085" WIDTH="23"/>
						<String ID="P7_ST00611" HPOS="3179" VPOS="2029" WIDTH="123" HEIGHT="48" CONTENT="einer" WC="0.98" CC="13800"/>
					</TextLine>
					<TextLine ID="P7_TL00074" HPOS="1787" VPOS="2105" WIDTH="1512" HEIGHT="65">
						<String ID="P7_ST00612" HPOS="1787" VPOS="2105" WIDTH="349" HEIGHT="50" CONTENT="bezaubernden" WC="0.99" CC="601000040066"/>
						<SP ID="P7_SP00537" HPOS="2136" VPOS="2155" WIDTH="29"/>
						<String ID="P7_ST00613" HPOS="2165" VPOS="2107" WIDTH="135" HEIGHT="47" CONTENT="Kralt" WC="0.66" CC="32064"/>
						<SP ID="P7_SP00538" HPOS="2300" VPOS="2155" WIDTH="26"/>
						<String ID="P7_ST00614" HPOS="2326" VPOS="2122" WIDTH="56" HEIGHT="32" CONTENT="an" WC="0.64" CC="07"/>
						<SP ID="P7_SP00539" HPOS="2382" VPOS="2155" WIDTH="30"/>
						<String ID="P7_ST00615" HPOS="2412" VPOS="2105" WIDTH="109" HEIGHT="57" CONTENT="sich," WC="0.98" CC="60060"/>
						<SP ID="P7_SP00540" HPOS="2521" VPOS="2162" WIDTH="43"/>
						<String ID="P7_ST00616" HPOS="2564" VPOS="2105" WIDTH="88" HEIGHT="57" CONTENT="die," WC="0.98" CC="0044"/>
						<SP ID="P7_SP00541" HPOS="2652" VPOS="2162" WIDTH="22"/>
						<String ID="P7_ST00617" HPOS="2674" VPOS="2107" WIDTH="47" HEIGHT="63" CONTENT="je" WC="0.83" CC="30"/>
						<SP ID="P7_SP00542" HPOS="2721" VPOS="2170" WIDTH="30"/>
						<String ID="P7_ST00618" HPOS="2751" VPOS="2105" WIDTH="219" HEIGHT="49" CONTENT="nachdem" WC="0.99" CC="5170040"/>
						<SP ID="P7_SP00543" HPOS="2970" VPOS="2170" WIDTH="33"/>
						<String ID="P7_ST00619" HPOS="3003" VPOS="2122" WIDTH="160" HEIGHT="32" CONTENT="unsere" WC="0.98" CC="680030"/>
						<SP ID="P7_SP00544" HPOS="3163" VPOS="2170" WIDTH="30"/>
						<String ID="P7_ST00620" HPOS="3193" VPOS="2107" WIDTH="80" HEIGHT="48" CONTENT="Ein" SUBS_TYPE="HypPart1" SUBS_CONTENT="Einbildung" WC="0.98" CC="024"/>
						<HYP HPOS="3273" VPOS="2107" WIDTH="26" CONTENT="-"/>
					</TextLine>
					<TextLine ID="P7_TL00075" HPOS="1787" VPOS="2182" WIDTH="1512" HEIGHT="66">
						<String ID="P7_ST00621" HPOS="1787" VPOS="2183" WIDTH="189" HEIGHT="65" CONTENT="bildung" SUBS_TYPE="HypPart2" SUBS_CONTENT="Einbildung" WC="0.99" CC="7020070"/>
						<SP ID="P7_SP00545" HPOS="1976" VPOS="2248" WIDTH="27"/>
						<String ID="P7_ST00622" HPOS="2003" VPOS="2183" WIDTH="142" HEIGHT="48" CONTENT="durch" WC="0.98" CC="04504"/>
						<SP ID="P7_SP00546" HPOS="2145" VPOS="2248" WIDTH="29"/>
						<String ID="P7_ST00623" HPOS="2174" VPOS="2184" WIDTH="64" HEIGHT="47" CONTENT="sie" WC="0.95" CC="650"/>
						<SP ID="P7_SP00547" HPOS="2238" VPOS="2248" WIDTH="30"/>
						<String ID="P7_ST00624" HPOS="2268" VPOS="2182" WIDTH="267" HEIGHT="66" CONTENT="beschäftigt" WC="0.99" CC="30003667505"/>
						<SP ID="P7_SP00548" HPOS="2535" VPOS="2248" WIDTH="29"/>
						<String ID="P7_ST00625" HPOS="2564" VPOS="2184" WIDTH="129" HEIGHT="56" CONTENT="wird," WC="0.98" CC="41403"/>
						<SP ID="P7_SP00549" HPOS="2693" VPOS="2248" WIDTH="30"/>
						<String ID="P7_ST00626" HPOS="2723" VPOS="2184" WIDTH="161" HEIGHT="47" CONTENT="immer" WC="0.98" CC="09034"/>
						<SP ID="P7_SP00550" HPOS="2884" VPOS="2248" WIDTH="30"/>
						<String ID="P7_ST00627" HPOS="2914" VPOS="2183" WIDTH="129" HEIGHT="47" CONTENT="mehr" WC="0.98" CC="0601"/>
						<SP ID="P7_SP00551" HPOS="3043" VPOS="2248" WIDTH="26"/>
						<String ID="P7_ST00628" HPOS="3069" VPOS="2183" WIDTH="230" HEIGHT="48" CONTENT="zunimmt." WC="0.98" CC="62810644"/>
					</TextLine>
					<TextLine ID="P7_TL00076" HPOS="1784" VPOS="2259" WIDTH="1513" HEIGHT="66">
						<String ID="P7_ST00629" HPOS="1784" VPOS="2260" WIDTH="112" HEIGHT="50" CONTENT="Wie" WC="1.00" CC="000"/>
						<SP ID="P7_SP00552" HPOS="1896" VPOS="2310" WIDTH="42"/>
						<String ID="P7_ST00630" HPOS="1938" VPOS="2260" WIDTH="80" HEIGHT="49" CONTENT="viel" WC="0.99" CC="0005"/>
						<SP ID="P7_SP00553" HPOS="2018" VPOS="2310" WIDTH="34"/>
						<String ID="P7_ST00631" HPOS="2052" VPOS="2260" WIDTH="230" HEIGHT="47" CONTENT="Eindruck" WC="0.99" CC="00704500"/>
						<SP ID="P7_SP00554" HPOS="2282" VPOS="2310" WIDTH="44"/>
						<String ID="P7_ST00632" HPOS="2326" VPOS="2260" WIDTH="100" HEIGHT="47" CONTENT="eine" WC="0.99" CC="0060"/>
						<SP ID="P7_SP00555" HPOS="2426" VPOS="2310" WIDTH="40"/>
						<String ID="P7_ST00633" HPOS="2466" VPOS="2260" WIDTH="151" HEIGHT="49" CONTENT="solche" WC="0.98" CC="424904"/>
						<SP ID="P7_SP00556" HPOS="2617" VPOS="2310" WIDTH="38"/>
						<String ID="P7_ST00634" HPOS="2655" VPOS="2260" WIDTH="79" HEIGHT="47" CONTENT="auf" WC="0.99" CC="003"/>
						<SP ID="P7_SP00557" HPOS="2734" VPOS="2310" WIDTH="34"/>
						<String ID="P7_ST00635" HPOS="2768" VPOS="2259" WIDTH="159" HEIGHT="66" CONTENT="irgend" WC="0.99" CC="240070"/>
						<SP ID="P7_SP00558" HPOS="2927" VPOS="2325" WIDTH="29"/>
						<String ID="P7_ST00636" HPOS="2956" VPOS="2260" WIDTH="130" HEIGHT="47" CONTENT="einen" WC="0.97" CC="05608"/>
						<SP ID="P7_SP00559" HPOS="3086" VPOS="2325" WIDTH="32"/>
						<String ID="P7_ST00637" HPOS="3118" VPOS="2260" WIDTH="150" HEIGHT="64" CONTENT="Gegen" SUBS_TYPE="HypPart1" SUBS_CONTENT="Gegenstand" WC="0.97" CC="43917"/>
						<HYP HPOS="3268" VPOS="2260" WIDTH="29" CONTENT="-"/>
					</TextLine>
					<TextLine ID="P7_TL00077" HPOS="1784" VPOS="2335" WIDTH="1518" HEIGHT="65">
						<String ID="P7_ST00638" HPOS="1784" VPOS="2335" WIDTH="130" HEIGHT="50" CONTENT="stand" SUBS_TYPE="HypPart2" SUBS_CONTENT="Gegenstand" WC="0.98" CC="00680"/>
						<SP ID="P7_SP00560" HPOS="1914" VPOS="2385" WIDTH="30"/>
						<String ID="P7_ST00639" HPOS="1944" VPOS="2336" WIDTH="42" HEIGHT="47" CONTENT="in" WC="0.60" CC="07"/>
						<SP ID="P7_SP00561" HPOS="1986" VPOS="2385" WIDTH="31"/>
						<String ID="P7_ST00640" HPOS="2017" VPOS="2336" WIDTH="80" HEIGHT="49" CONTENT="der" WC="0.98" CC="030"/>
						<SP ID="P7_SP00562" HPOS="2097" VPOS="2385" WIDTH="28"/>
						<String ID="P7_ST00641" HPOS="2125" VPOS="2336" WIDTH="148" HEIGHT="49" CONTENT="Natur" WC="0.96" CC="09555"/>
						<SP ID="P7_SP00563" HPOS="2273" VPOS="2385" WIDTH="36"/>
						<String ID="P7_ST00642" HPOS="2309" VPOS="2335" WIDTH="288" HEIGHT="65" CONTENT="anspielende" WC="0.99" CC="86070000703"/>
						<SP ID="P7_SP00564" HPOS="2597" VPOS="2400" WIDTH="29"/>
						<String ID="P7_ST00643" HPOS="2626" VPOS="2336" WIDTH="149" HEIGHT="47" CONTENT="Musik" WC="0.99" CC="24010"/>
						<SP ID="P7_SP00565" HPOS="2775" VPOS="2400" WIDTH="39"/>
						<String ID="P7_ST00644" HPOS="2814" VPOS="2336" WIDTH="175" HEIGHT="55" CONTENT="mache," WC="0.99" CC="000403"/>
						<SP ID="P7_SP00566" HPOS="2989" VPOS="2400" WIDTH="45"/>
						<String ID="P7_ST00645" HPOS="3034" VPOS="2335" WIDTH="160" HEIGHT="48" CONTENT="erhellt" WC="0.99" CC="0007006"/>
						<SP ID="P7_SP00567" HPOS="3194" VPOS="2400" WIDTH="29"/>
						<String ID="P7_ST00646" HPOS="3223" VPOS="2352" WIDTH="79" HEIGHT="31" CONTENT="aus" WC="0.95" CC="533"/>
					</TextLine>
					<TextLine ID="P7_TL00078" HPOS="1785" VPOS="2413" WIDTH="1519" HEIGHT="66">
						<String ID="P7_ST00647" HPOS="1785" VPOS="2414" WIDTH="86" HEIGHT="48" CONTENT="den" WC="0.97" CC="007"/>
						<SP ID="P7_SP00568" HPOS="1871" VPOS="2462" WIDTH="31"/>
						<String ID="P7_ST00648" HPOS="1902" VPOS="2414" WIDTH="176" HEIGHT="65" CONTENT="Opern," WC="0.99" CC="090050"/>
						<SP ID="P7_SP00569" HPOS="2078" VPOS="2479" WIDTH="29"/>
						<String ID="P7_ST00649" HPOS="2107" VPOS="2414" WIDTH="405" HEIGHT="65" CONTENT="pantomimischen" WC="0.99" CC="06782000066024"/>
						<SP ID="P7_SP00570" HPOS="2512" VPOS="2479" WIDTH="33"/>
						<String ID="P7_ST00650" HPOS="2545" VPOS="2414" WIDTH="164" HEIGHT="47" CONTENT="Ballels" WC="0.54" CC="5506770"/>
						<SP ID="P7_SP00571" HPOS="2709" VPOS="2479" WIDTH="44"/>
						<String ID="P7_ST00651" HPOS="2753" VPOS="2413" WIDTH="90" HEIGHT="48" CONTENT="und" WC="0.96" CC="380"/>
						<SP ID="P7_SP00572" HPOS="2843" VPOS="2479" WIDTH="41"/>
						<String ID="P7_ST00652" HPOS="2884" VPOS="2413" WIDTH="177" HEIGHT="63" CONTENT="einigen" WC="0.98" CC="3470925"/>
						<SP ID="P7_SP00573" HPOS="3061" VPOS="2479" WIDTH="44"/>
						<String ID="P7_ST00653" HPOS="3105" VPOS="2413" WIDTH="199" HEIGHT="49" CONTENT="anderen" WC="0.98" CC="9604008"/>
					</TextLine>
					<TextLine ID="P7_TL00079" HPOS="1787" VPOS="2489" WIDTH="1517" HEIGHT="68">
						<String ID="P7_ST00654" HPOS="1787" VPOS="2493" WIDTH="207" HEIGHT="63" CONTENT="wenigen" WC="0.98" CC="5005057"/>
						<SP ID="P7_SP00574" HPOS="1994" VPOS="2556" WIDTH="30"/>
						<String ID="P7_ST00655" HPOS="2024" VPOS="2491" WIDTH="219" HEIGHT="56" CONTENT="Stücken," WC="0.99" CC="06470080"/>
						<SP ID="P7_SP00575" HPOS="2243" VPOS="2556" WIDTH="43"/>
						<String ID="P7_ST00656" HPOS="2286" VPOS="2508" WIDTH="70" HEIGHT="30" CONTENT="wo" WC="0.98" CC="00"/>
						<SP ID="P7_SP00576" HPOS="2356" VPOS="2556" WIDTH="45"/>
						<String ID="P7_ST00657" HPOS="2401" VPOS="2490" WIDTH="70" HEIGHT="48" CONTENT="die" WC="0.98" CC="006"/>
						<SP ID="P7_SP00577" HPOS="2471" VPOS="2556" WIDTH="31"/>
						<String ID="P7_ST00658" HPOS="2502" VPOS="2490" WIDTH="322" HEIGHT="67" CONTENT="Componisten" WC="0.70" CC="62305020730"/>
						<SP ID="P7_SP00578" HPOS="2824" VPOS="2557" WIDTH="42"/>
						<String ID="P7_ST00659" HPOS="2866" VPOS="2489" WIDTH="146" HEIGHT="49" CONTENT="dieser" WC="0.99" CC="040403"/>
						<SP ID="P7_SP00579" HPOS="3012" VPOS="2557" WIDTH="29"/>
						<String ID="P7_ST00660" HPOS="3041" VPOS="2490" WIDTH="141" HEIGHT="65" CONTENT="Kegel" WC="0.96" CC="77066"/>
						<SP ID="P7_SP00580" HPOS="3182" VPOS="2557" WIDTH="45"/>
						<String ID="P7_ST00661" HPOS="3227" VPOS="2507" WIDTH="52" HEIGHT="49" CONTENT="ge" SUBS_TYPE="HypPart1" SUBS_CONTENT="gemeiniglich" WC="0.98" CC="00"/>
						<HYP HPOS="3279" VPOS="2507" WIDTH="25" CONTENT="-"/>
					</TextLine>
					<TextLine ID="P7_TL00080" HPOS="1788" VPOS="2568" WIDTH="452" HEIGHT="64">
						<String ID="P7_ST00662" HPOS="1788" VPOS="2568" WIDTH="255" HEIGHT="64" CONTENT="meiniglich" SUBS_TYPE="HypPart2" SUBS_CONTENT="gemeiniglich" WC="0.99" CC="0028600041"/>
						<SP ID="P7_SP00581" HPOS="2043" VPOS="2632" WIDTH="33"/>
						<String ID="P7_ST00663" HPOS="2076" VPOS="2568" WIDTH="164" HEIGHT="64" CONTENT="folgen." WC="0.98" CC="0960764"/>
					</TextLine>
					<TextLine ID="P7_TL00081" HPOS="1902" VPOS="2644" WIDTH="1400" HEIGHT="67">
						<String ID="P7_ST00664" HPOS="1902" VPOS="2645" WIDTH="224" HEIGHT="66" CONTENT="Haydn," WC="0.46" CC="767081"/>
						<SP ID="P7_SP00582" HPOS="2126" VPOS="2711" WIDTH="30"/>
						<String ID="P7_ST00665" HPOS="2156" VPOS="2645" WIDTH="237" HEIGHT="57" CONTENT="Dillers," WC="0.99" CC="71000404"/>
						<SP ID="P7_SP00583" HPOS="2393" VPOS="2711" WIDTH="30"/>
						<String ID="P7_ST00666" HPOS="2423" VPOS="2644" WIDTH="253" HEIGHT="48" CONTENT="Philidor" WC="0.73" CC="70005061"/>
						<SP ID="P7_SP00584" HPOS="2676" VPOS="2711" WIDTH="37"/>
						<String ID="P7_ST00667" HPOS="2713" VPOS="2644" WIDTH="88" HEIGHT="48" CONTENT="und" WC="0.97" CC="070"/>
						<SP ID="P7_SP00585" HPOS="2801" VPOS="2711" WIDTH="32"/>
						<String ID="P7_ST00668" HPOS="2833" VPOS="2644" WIDTH="112" HEIGHT="47" CONTENT="noch" WC="0.95" CC="7419"/>
						<SP ID="P7_SP00586" HPOS="2945" VPOS="2711" WIDTH="34"/>
						<String ID="P7_ST00669" HPOS="2979" VPOS="2644" WIDTH="224" HEIGHT="57" CONTENT="mehrere," WC="0.99" CC="04002374"/>
						<SP ID="P7_SP00587" HPOS="3203" VPOS="2711" WIDTH="29"/>
						<String ID="P7_ST00670" HPOS="3232" VPOS="2644" WIDTH="70" HEIGHT="48" CONTENT="die" WC="0.98" CC="006"/>
					</TextLine>
					<TextLine ID="P7_TL00082" HPOS="1784" VPOS="2721" WIDTH="1515" HEIGHT="66">
						<String ID="P7_ST00671" HPOS="1784" VPOS="2723" WIDTH="70" HEIGHT="48" CONTENT="ich" WC="0.96" CC="037"/>
						<SP ID="P7_SP00588" HPOS="1854" VPOS="2771" WIDTH="31"/>
						<String ID="P7_ST00672" HPOS="1885" VPOS="2724" WIDTH="151" HEIGHT="47" CONTENT="Kürze" WC="0.99" CC="61010"/>
						<SP ID="P7_SP00589" HPOS="2036" VPOS="2771" WIDTH="31"/>
						<String ID="P7_ST00673" HPOS="2067" VPOS="2739" WIDTH="158" HEIGHT="48" CONTENT="wegen" WC="0.98" CC="02068"/>
						<SP ID="P7_SP00590" HPOS="2225" VPOS="2787" WIDTH="38"/>
						<String ID="P7_ST00674" HPOS="2263" VPOS="2723" WIDTH="251" HEIGHT="64" CONTENT="übergehe," WC="0.98" CC="841491760"/>
						<SP ID="P7_SP00591" HPOS="2514" VPOS="2787" WIDTH="44"/>
						<String ID="P7_ST00675" HPOS="2558" VPOS="2721" WIDTH="147" HEIGHT="49" CONTENT="haben" WC="0.97" CC="00768"/>
						<SP ID="P7_SP00592" HPOS="2705" VPOS="2787" WIDTH="33"/>
						<String ID="P7_ST00676" HPOS="2738" VPOS="2739" WIDTH="81" HEIGHT="31" CONTENT="uns" WC="0.94" CC="680"/>
						<SP ID="P7_SP00593" HPOS="2819" VPOS="2787" WIDTH="28"/>
						<String ID="P7_ST00677" HPOS="2847" VPOS="2721" WIDTH="333" HEIGHT="66" CONTENT="Symphonieen" WC="0.66" CC="19008440008"/>
						<SP ID="P7_SP00594" HPOS="3180" VPOS="2787" WIDTH="32"/>
						<String ID="P7_ST00678" HPOS="3212" VPOS="2721" WIDTH="87" HEIGHT="47" CONTENT="und" WC="0.94" CC="680"/>
					</TextLine>
					<TextLine ID="P7_TL00083" HPOS="1784" VPOS="2799" WIDTH="1517" HEIGHT="66">
						<String ID="P7_ST00679" HPOS="1784" VPOS="2817" WIDTH="141" HEIGHT="46" CONTENT="ganze" WC="0.97" CC="06717"/>
						<SP ID="P7_SP00595" HPOS="1925" VPOS="2863" WIDTH="22"/>
						<String ID="P7_ST00680" HPOS="1947" VPOS="2800" WIDTH="209" HEIGHT="48" CONTENT="Partieen" WC="0.87" CC="05030000"/>
						<SP ID="P7_SP00596" HPOS="2156" VPOS="2863" WIDTH="26"/>
						<String ID="P7_ST00681" HPOS="2182" VPOS="2800" WIDTH="218" HEIGHT="65" CONTENT="geliefert," WC="0.99" CC="0060601632"/>
						<SP ID="P7_SP00597" HPOS="2400" VPOS="2865" WIDTH="32"/>
						<String ID="P7_ST00682" HPOS="2432" VPOS="2800" WIDTH="143" HEIGHT="48" CONTENT="worin" WC="0.97" CC="02908"/>
						<SP ID="P7_SP00598" HPOS="2575" VPOS="2865" WIDTH="30"/>
						<String ID="P7_ST00683" HPOS="2605" VPOS="2800" WIDTH="62" HEIGHT="47" CONTENT="sie" WC="0.94" CC="906"/>
						<SP ID="P7_SP00599" HPOS="2667" VPOS="2865" WIDTH="29"/>
						<String ID="P7_ST00684" HPOS="2696" VPOS="2800" WIDTH="71" HEIGHT="47" CONTENT="die" WC="0.99" CC="003"/>
						<SP ID="P7_SP00600" HPOS="2767" VPOS="2865" WIDTH="31"/>
						<String ID="P7_ST00685" HPOS="2798" VPOS="2799" WIDTH="268" HEIGHT="63" CONTENT="Bedeutung" WC="0.98" CC="750786280"/>
						<SP ID="P7_SP00601" HPOS="3066" VPOS="2865" WIDTH="30"/>
						<String ID="P7_ST00686" HPOS="3096" VPOS="2799" WIDTH="88" HEIGHT="47" CONTENT="und" WC="0.95" CC="580"/>
						<SP ID="P7_SP00602" HPOS="3184" VPOS="2865" WIDTH="31"/>
						<String ID="P7_ST00687" HPOS="3215" VPOS="2799" WIDTH="86" HEIGHT="47" CONTENT="den" WC="0.93" CC="908"/>
					</TextLine>
					<TextLine ID="P7_TL00084" HPOS="1788" VPOS="2876" WIDTH="1511" HEIGHT="66">
						<String ID="P7_ST00688" HPOS="1788" VPOS="2877" WIDTH="307" HEIGHT="65" CONTENT="Hauptzweck" WC="0.98" CC="7389760050"/>
						<SP ID="P7_SP00603" HPOS="2095" VPOS="2942" WIDTH="45"/>
						<String ID="P7_ST00689" HPOS="2140" VPOS="2877" WIDTH="123" HEIGHT="49" CONTENT="ihrer" WC="0.98" CC="20135"/>
						<SP ID="P7_SP00604" HPOS="2263" VPOS="2942" WIDTH="28"/>
						<String ID="P7_ST00690" HPOS="2291" VPOS="2876" WIDTH="162" HEIGHT="50" CONTENT="Arbeit" WC="0.97" CC="607725"/>
						<SP ID="P7_SP00605" HPOS="2453" VPOS="2942" WIDTH="41"/>
						<String ID="P7_ST00691" HPOS="2494" VPOS="2877" WIDTH="227" HEIGHT="47" CONTENT="bestimmt" WC="0.98" CC="66900780"/>
						<SP ID="P7_SP00606" HPOS="2721" VPOS="2942" WIDTH="31"/>
						<String ID="P7_ST00692" HPOS="2752" VPOS="2876" WIDTH="165" HEIGHT="55" CONTENT="haben," WC="0.96" CC="597672"/>
						<SP ID="P7_SP00607" HPOS="2917" VPOS="2942" WIDTH="50"/>
						<String ID="P7_ST00693" HPOS="2967" VPOS="2876" WIDTH="87" HEIGHT="47" CONTENT="und" WC="0.97" CC="080"/>
						<SP ID="P7_SP00608" HPOS="3054" VPOS="2942" WIDTH="33"/>
						<String ID="P7_ST00694" HPOS="3087" VPOS="2876" WIDTH="84" HEIGHT="47" CONTENT="wie" WC="0.98" CC="006"/>
						<SP ID="P7_SP00609" HPOS="3171" VPOS="2942" WIDTH="29"/>
						<String ID="P7_ST00695" HPOS="3200" VPOS="2893" WIDTH="75" HEIGHT="30" CONTENT="vor" SUBS_TYPE="HypPart1" SUBS_CONTENT="vorzüglich" WC="0.98" CC="003"/>
						<HYP HPOS="3275" VPOS="2893" WIDTH="24" CONTENT="-"/>
					</TextLine>
					<TextLine ID="P7_TL00085" HPOS="1783" VPOS="2952" WIDTH="1519" HEIGHT="68">
						<String ID="P7_ST00696" HPOS="1783" VPOS="2955" WIDTH="176" HEIGHT="65" CONTENT="züglich" SUBS_TYPE="HypPart2" SUBS_CONTENT="vorzüglich" WC="0.99" CC="6002262"/>
						<SP ID="P7_SP00610" HPOS="1959" VPOS="3020" WIDTH="45"/>
						<String ID="P7_ST00697" HPOS="2004" VPOS="2955" WIDTH="194" HEIGHT="65" CONTENT="gefallen" WC="0.99" CC="00070405"/>
						<SP ID="P7_SP00611" HPOS="2198" VPOS="3020" WIDTH="29"/>
						<String ID="P7_ST00698" HPOS="2227" VPOS="2955" WIDTH="63" HEIGHT="47" CONTENT="sie" WC="0.97" CC="501"/>
						<SP ID="P7_SP00612" HPOS="2290" VPOS="3020" WIDTH="30"/>
						<String ID="P7_ST00699" HPOS="2320" VPOS="2955" WIDTH="123" HEIGHT="47" CONTENT="nicht" WC="0.97" CC="80405"/>
						<SP ID="P7_SP00613" HPOS="2443" VPOS="3020" WIDTH="28"/>
						<String ID="P7_ST00700" HPOS="2471" VPOS="2971" WIDTH="78" HEIGHT="31" CONTENT="vor" WC="0.97" CC="061"/>
						<SP ID="P7_SP00614" HPOS="2549" VPOS="3020" WIDTH="29"/>
						<String ID="P7_ST00701" HPOS="2578" VPOS="2955" WIDTH="114" HEIGHT="47" CONTENT="allen" WC="0.97" CC="03775"/>
						<SP ID="P7_SP00615" HPOS="2692" VPOS="3020" WIDTH="32"/>
						<String ID="P7_ST00702" HPOS="2724" VPOS="2952" WIDTH="216" HEIGHT="56" CONTENT="anderen," WC="0.99" CC="07033043"/>
						<SP ID="P7_SP00616" HPOS="2940" VPOS="3020" WIDTH="39"/>
						<String ID="P7_ST00703" HPOS="2979" VPOS="2952" WIDTH="70" HEIGHT="47" CONTENT="die" WC="1.00" CC="000"/>
						<SP ID="P7_SP00617" HPOS="3049" VPOS="3020" WIDTH="42"/>
						<String ID="P7_ST00704" HPOS="3091" VPOS="2952" WIDTH="79" HEIGHT="49" CONTENT="das" WC="0.95" CC="065"/>
						<SP ID="P7_SP00618" HPOS="3170" VPOS="3020" WIDTH="30"/>
						<String ID="P7_ST00705" HPOS="3200" VPOS="2954" WIDTH="102" HEIGHT="47" CONTENT="Ohr" WC="0.92" CC="776"/>
					</TextLine>
					<TextLine ID="P7_TL00086" HPOS="1785" VPOS="3027" WIDTH="1519" HEIGHT="70">
						<String ID="P7_ST00706" HPOS="1785" VPOS="3051" WIDTH="87" HEIGHT="31" CONTENT="nur" WC="0.93" CC="872"/>
						<SP ID="P7_SP00619" HPOS="1872" VPOS="3082" WIDTH="42"/>
						<String ID="P7_ST00707" HPOS="1914" VPOS="3034" WIDTH="78" HEIGHT="48" CONTENT="mit" WC="0.94" CC="905"/>
						<SP ID="P7_SP00620" HPOS="1992" VPOS="3082" WIDTH="42"/>
						<String ID="P7_ST00708" HPOS="2034" VPOS="3034" WIDTH="146" HEIGHT="48" CONTENT="einem" WC="0.99" CC="30200"/>
						<SP ID="P7_SP00621" HPOS="2180" VPOS="3082" WIDTH="46"/>
						<String ID="P7_ST00709" HPOS="2226" VPOS="3032" WIDTH="440" HEIGHT="49" CONTENT="harmonischen" WC="0.99" CC="235048087778"/>
						<SP ID="P7_SP00622" HPOS="2666" VPOS="3082" WIDTH="44"/>
						<String ID="P7_ST00710" HPOS="2710" VPOS="3027" WIDTH="359" HEIGHT="70" CONTENT="Geräusch**)" WC="0.55" CC="04364805537"/>
						<SP ID="P7_SP00623" HPOS="3069" VPOS="3097" WIDTH="21"/>
						<String ID="P7_ST00711" HPOS="3090" VPOS="3031" WIDTH="214" HEIGHT="55" CONTENT="erfüllen," WC="0.98" CC="048964052"/>
					</TextLine>
					<TextLine ID="P7_TL00087" HPOS="1787" VPOS="3109" WIDTH="1516" HEIGHT="55">
						<String ID="P7_ST00712" HPOS="1787" VPOS="3110" WIDTH="78" HEIGHT="48" CONTENT="das" WC="0.98" CC="050"/>
						<SP ID="P7_SP00624" HPOS="1865" VPOS="3158" WIDTH="42"/>
						<String ID="P7_ST00713" HPOS="1907" VPOS="3128" WIDTH="121" HEIGHT="30" CONTENT="zwar" WC="0.97" CC="7050"/>
						<SP ID="P7_SP00625" HPOS="2028" VPOS="3158" WIDTH="41"/>
						<String ID="P7_ST00714" HPOS="2069" VPOS="3110" WIDTH="71" HEIGHT="48" CONTENT="die" WC="0.98" CC="004"/>
						<SP ID="P7_SP00626" HPOS="2140" VPOS="3158" WIDTH="42"/>
						<String ID="P7_ST00715" HPOS="2182" VPOS="3111" WIDTH="138" HEIGHT="47" CONTENT="Sinne" WC="0.97" CC="50760"/>
						<SP ID="P7_SP00627" HPOS="2320" VPOS="3158" WIDTH="43"/>
						<String ID="P7_ST00716" HPOS="2363" VPOS="3109" WIDTH="202" HEIGHT="55" CONTENT="betäubt," WC="0.98" CC="50690750"/>
						<SP ID="P7_SP00628" HPOS="2565" VPOS="3164" WIDTH="43"/>
						<String ID="P7_ST00717" HPOS="2608" VPOS="3109" WIDTH="111" HEIGHT="47" CONTENT="aber" WC="0.97" CC="0660"/>
						<SP ID="P7_SP00629" HPOS="2719" VPOS="3164" WIDTH="41"/>
						<String ID="P7_ST00718" HPOS="2760" VPOS="3125" WIDTH="81" HEIGHT="31" CONTENT="uns" WC="0.94" CC="680"/>
						<SP ID="P7_SP00630" HPOS="2841" VPOS="3164" WIDTH="40"/>
						<String ID="P7_ST00719" HPOS="2881" VPOS="3109" WIDTH="143" HEIGHT="47" CONTENT="selten" WC="0.98" CC="603707"/>
						<SP ID="P7_SP00631" HPOS="3024" VPOS="3164" WIDTH="43"/>
						<String ID="P7_ST00720" HPOS="3067" VPOS="3124" WIDTH="79" HEIGHT="32" CONTENT="ans" WC="0.92" CC="685"/>
						<SP ID="P7_SP00632" HPOS="3146" VPOS="3164" WIDTH="40"/>
						<String ID="P7_ST00721" HPOS="3186" VPOS="3109" WIDTH="117" HEIGHT="45" CONTENT="Herz" WC="0.95" CC="8097"/>
					</TextLine>
					<TextLine ID="P7_TL00088" HPOS="1785" VPOS="3184" WIDTH="1517" HEIGHT="69">
						<String ID="P7_ST00722" HPOS="1785" VPOS="3189" WIDTH="157" HEIGHT="64" CONTENT="greift!" WC="0.98" CC="0052654"/>
						<SP ID="P7_SP00633" HPOS="1942" VPOS="3253" WIDTH="40"/>
						<String ID="P7_ST00723" HPOS="1982" VPOS="3187" WIDTH="87" HEIGHT="49" CONTENT="Ein" WC="0.96" CC="415"/>
						<SP ID="P7_SP00634" HPOS="2069" VPOS="3253" WIDTH="30"/>
						<String ID="P7_ST00724" HPOS="2099" VPOS="3186" WIDTH="139" HEIGHT="50" CONTENT="Stück" WC="0.98" CC="43060"/>
						<SP ID="P7_SP00635" HPOS="2238" VPOS="3253" WIDTH="31"/>
						<String ID="P7_ST00725" HPOS="2269" VPOS="3187" WIDTH="118" HEIGHT="47" CONTENT="ohne" WC="0.96" CC="6660"/>
						<SP ID="P7_SP00636" HPOS="2387" VPOS="3253" WIDTH="31"/>
						<String ID="P7_ST00726" HPOS="2418" VPOS="3186" WIDTH="270" HEIGHT="56" CONTENT="Charakter," WC="0.98" CC="6604793720"/>
						<SP ID="P7_SP00637" HPOS="2688" VPOS="3253" WIDTH="31"/>
						<String ID="P7_ST00727" HPOS="2719" VPOS="3186" WIDTH="119" HEIGHT="48" CONTENT="ohne" WC="0.95" CC="7680"/>
						<SP ID="P7_SP00638" HPOS="2838" VPOS="3253" WIDTH="32"/>
						<String ID="P7_ST00728" HPOS="2870" VPOS="3184" WIDTH="272" HEIGHT="55" CONTENT="Endzweck," WC="0.99" CC="660600092"/>
						<SP ID="P7_SP00639" HPOS="3142" VPOS="3253" WIDTH="30"/>
						<String ID="P7_ST00729" HPOS="3172" VPOS="3201" WIDTH="130" HEIGHT="32" CONTENT="wenn" WC="0.97" CC="0708"/>
					</TextLine>
					<TextLine ID="P7_TL00089" HPOS="1787" VPOS="3262" WIDTH="1518" HEIGHT="66">
						<String ID="P7_ST00730" HPOS="1787" VPOS="3281" WIDTH="45" HEIGHT="32" CONTENT="es" WC="1.00" CC="00"/>
						<SP ID="P7_SP00640" HPOS="1832" VPOS="3313" WIDTH="30"/>
						<String ID="P7_ST00731" HPOS="1862" VPOS="3266" WIDTH="114" HEIGHT="48" CONTENT="auch" WC="0.99" CC="0600"/>
						<SP ID="P7_SP00641" HPOS="1976" VPOS="3314" WIDTH="42"/>
						<String ID="P7_ST00732" HPOS="2018" VPOS="3265" WIDTH="118" HEIGHT="48" CONTENT="bloss" WC="0.97" CC="64406"/>
						<SP ID="P7_SP00642" HPOS="2136" VPOS="3314" WIDTH="42"/>
						<String ID="P7_ST00733" HPOS="2178" VPOS="3265" WIDTH="75" HEIGHT="47" CONTENT="für" WC="0.99" CC="001"/>
						<SP ID="P7_SP00643" HPOS="2253" VPOS="3314" WIDTH="29"/>
						<String ID="P7_ST00734" HPOS="2282" VPOS="3265" WIDTH="306" HEIGHT="48" CONTENT="Instrumente" WC="0.99" CC="57356084004"/>
						<SP ID="P7_SP00644" HPOS="2588" VPOS="3314" WIDTH="36"/>
						<String ID="P7_ST00735" HPOS="2624" VPOS="3262" WIDTH="299" HEIGHT="66" CONTENT="geschrieben" WC="0.99" CC="90080007700"/>
						<SP ID="P7_SP00645" HPOS="2923" VPOS="3328" WIDTH="42"/>
						<String ID="P7_ST00736" HPOS="2965" VPOS="3265" WIDTH="70" HEIGHT="52" CONTENT="ist," WC="0.98" CC="3250"/>
						<SP ID="P7_SP00646" HPOS="3035" VPOS="3328" WIDTH="45"/>
						<String ID="P7_ST00737" HPOS="3080" VPOS="3262" WIDTH="116" HEIGHT="49" CONTENT="kann" WC="0.96" CC="0668"/>
						<SP ID="P7_SP00647" HPOS="3196" VPOS="3328" WIDTH="42"/>
						<String ID="P7_ST00738" HPOS="3238" VPOS="3262" WIDTH="67" HEIGHT="47" CONTENT="nie" WC="0.95" CC="804"/>
					</TextLine>
					<TextLine ID="P7_TL00090" HPOS="1785" VPOS="3340" WIDTH="1519" HEIGHT="57">
						<String ID="P7_ST00739" HPOS="1785" VPOS="3344" WIDTH="72" HEIGHT="47" CONTENT="ein" WC="0.94" CC="608"/>
						<SP ID="P7_SP00648" HPOS="1857" VPOS="3391" WIDTH="29"/>
						<String ID="P7_ST00740" HPOS="1886" VPOS="3344" WIDTH="353" HEIGHT="47" CONTENT="vollkommenes" WC="0.99" CC="000663700706"/>
						<SP ID="P7_SP00649" HPOS="2239" VPOS="3391" WIDTH="32"/>
						<String ID="P7_ST00741" HPOS="2271" VPOS="3341" WIDTH="198" HEIGHT="48" CONTENT="Product" WC="0.80" CC="0300405"/>
						<SP ID="P7_SP00650" HPOS="2469" VPOS="3391" WIDTH="26"/>
						<String ID="P7_ST00742" HPOS="2495" VPOS="3341" WIDTH="111" HEIGHT="56" CONTENT="sein," WC="0.98" CC="40070"/>
						<SP ID="P7_SP00651" HPOS="2606" VPOS="3397" WIDTH="33"/>
						<String ID="P7_ST00743" HPOS="2639" VPOS="3341" WIDTH="98" HEIGHT="47" CONTENT="weil" WC="0.98" CC="0700"/>
						<SP ID="P7_SP00652" HPOS="2737" VPOS="3397" WIDTH="31"/>
						<String ID="P7_ST00744" HPOS="2768" VPOS="3340" WIDTH="80" HEIGHT="48" CONTENT="der" WC="0.95" CC="074"/>
						<SP ID="P7_SP00653" HPOS="2848" VPOS="3397" WIDTH="31"/>
						<String ID="P7_ST00745" HPOS="2879" VPOS="3341" WIDTH="154" HEIGHT="47" CONTENT="Setzer" WC="0.97" CC="568060"/>
						<SP ID="P7_SP00654" HPOS="3033" VPOS="3397" WIDTH="29"/>
						<String ID="P7_ST00746" HPOS="3062" VPOS="3340" WIDTH="70" HEIGHT="48" CONTENT="nie" WC="0.96" CC="820"/>
						<SP ID="P7_SP00655" HPOS="3132" VPOS="3397" WIDTH="31"/>
						<String ID="P7_ST00747" HPOS="3163" VPOS="3340" WIDTH="141" HEIGHT="54" CONTENT="weiss," WC="0.96" CC="973970"/>
					</TextLine>
					<TextLine ID="P7_TL00091" HPOS="1788" VPOS="3416" WIDTH="1514" HEIGHT="69">
						<String ID="P7_ST00748" HPOS="1788" VPOS="3436" WIDTH="93" HEIGHT="33" CONTENT="was" WC="1.00" CC="000"/>
						<SP ID="P7_SP00656" HPOS="1881" VPOS="3469" WIDTH="21"/>
						<String ID="P7_ST00749" HPOS="1902" VPOS="3438" WIDTH="50" HEIGHT="30" CONTENT="er" WC="0.85" CC="02"/>
						<SP ID="P7_SP00657" HPOS="1952" VPOS="3469" WIDTH="20"/>
						<String ID="P7_ST00750" HPOS="1972" VPOS="3422" WIDTH="159" HEIGHT="63" CONTENT="singen" WC="0.97" CC="238048"/>
						<SP ID="P7_SP00658" HPOS="2131" VPOS="3485" WIDTH="23"/>
						<String ID="P7_ST00751" HPOS="2154" VPOS="3420" WIDTH="95" HEIGHT="48" CONTENT="soll." WC="0.97" CC="45224"/>
						<SP ID="P7_SP00659" HPOS="2249" VPOS="3485" WIDTH="33"/>
						<String ID="P7_ST00752" HPOS="2282" VPOS="3420" WIDTH="72" HEIGHT="47" CONTENT="Ich" WC="0.94" CC="707"/>
						<SP ID="P7_SP00660" HPOS="2354" VPOS="3485" WIDTH="26"/>
						<String ID="P7_ST00753" HPOS="2380" VPOS="3418" WIDTH="87" HEIGHT="49" CONTENT="will" WC="0.98" CC="0054"/>
						<SP ID="P7_SP00661" HPOS="2467" VPOS="3485" WIDTH="26"/>
						<String ID="P7_ST00754" HPOS="2493" VPOS="3435" WIDTH="124" HEIGHT="32" CONTENT="zwar" WC="0.98" CC="0901"/>
						<SP ID="P7_SP00662" HPOS="2617" VPOS="3485" WIDTH="19"/>
						<String ID="P7_ST00755" HPOS="2636" VPOS="3418" WIDTH="223" HEIGHT="65" CONTENT="zugeben," WC="0.98" CC="47037681"/>
						<SP ID="P7_SP00663" HPOS="2859" VPOS="3485" WIDTH="30"/>
						<String ID="P7_ST00756" HPOS="2889" VPOS="3417" WIDTH="100" HEIGHT="47" CONTENT="dass" WC="0.65" CC="0742"/>
						<SP ID="P7_SP00664" HPOS="2989" VPOS="3485" WIDTH="30"/>
						<String ID="P7_ST00757" HPOS="3019" VPOS="3434" WIDTH="49" HEIGHT="29" CONTENT="er" WC="0.63" CC="70"/>
						<SP ID="P7_SP00665" HPOS="3068" VPOS="3485" WIDTH="29"/>
						<String ID="P7_ST00758" HPOS="3097" VPOS="3417" WIDTH="93" HEIGHT="47" CONTENT="hier" WC="0.97" CC="4620"/>
						<SP ID="P7_SP00666" HPOS="3190" VPOS="3485" WIDTH="25"/>
						<String ID="P7_ST00759" HPOS="3215" VPOS="3416" WIDTH="87" HEIGHT="47" CONTENT="und" WC="0.94" CC="880"/>
					</TextLine>
					<TextLine ID="P7_TL00092" HPOS="1787" VPOS="3495" WIDTH="1515" HEIGHT="52">
						<String ID="P7_ST00760" HPOS="1787" VPOS="3497" WIDTH="57" HEIGHT="50" CONTENT="da" WC="1.00" CC="00"/>
						<SP ID="P7_SP00667" HPOS="1844" VPOS="3547" WIDTH="30"/>
						<String ID="P7_ST00761" HPOS="1874" VPOS="3497" WIDTH="253" HEIGHT="50" CONTENT="Melodieen" WC="0.74" CC="053100048"/>
						<SP ID="P7_SP00668" HPOS="2127" VPOS="3547" WIDTH="32"/>
						<String ID="P7_ST00762" HPOS="2159" VPOS="3496" WIDTH="90" HEIGHT="48" CONTENT="und" WC="0.96" CC="280"/>
						<SP ID="P7_SP00669" HPOS="2249" VPOS="3547" WIDTH="32"/>
						<String ID="P7_ST00763" HPOS="2281" VPOS="3496" WIDTH="211" HEIGHT="49" CONTENT="meistens" WC="0.99" CC="70055005"/>
						<SP ID="P7_SP00670" HPOS="2492" VPOS="3547" WIDTH="29"/>
						<String ID="P7_ST00764" HPOS="2521" VPOS="3496" WIDTH="204" HEIGHT="48" CONTENT="dadurch" WC="0.98" CC="0005096"/>
						<SP ID="P7_SP00671" HPOS="2725" VPOS="3547" WIDTH="31"/>
						<String ID="P7_ST00765" HPOS="2756" VPOS="3496" WIDTH="82" HEIGHT="48" CONTENT="auf" WC="0.95" CC="805"/>
						<SP ID="P7_SP00672" HPOS="2838" VPOS="3547" WIDTH="22"/>
						<String ID="P7_ST00766" HPOS="2860" VPOS="3495" WIDTH="150" HEIGHT="48" CONTENT="solche" WC="0.98" CC="066740"/>
						<SP ID="P7_SP00673" HPOS="3010" VPOS="3547" WIDTH="23"/>
						<String ID="P7_ST00767" HPOS="3033" VPOS="3495" WIDTH="161" HEIGHT="47" CONTENT="Stellen" WC="0.97" CC="5885368"/>
						<SP ID="P7_SP00674" HPOS="3194" VPOS="3547" WIDTH="32"/>
						<String ID="P7_ST00768" HPOS="3226" VPOS="3510" WIDTH="51" HEIGHT="30" CONTENT="an" SUBS_TYPE="HypPart1" SUBS_CONTENT="anspielen" WC="0.93" CC="48"/>
						<HYP HPOS="3277" VPOS="3510" WIDTH="25" CONTENT="-"/>
					</TextLine>
					<TextLine ID="P7_TL00093" HPOS="1793" VPOS="3571" WIDTH="1510" HEIGHT="71">
						<String ID="P7_ST00769" HPOS="1793" VPOS="3577" WIDTH="166" HEIGHT="65" CONTENT="spielen" SUBS_TYPE="HypPart2" SUBS_CONTENT="anspielen" WC="0.99" CC="2006047"/>
						<SP ID="P7_SP00675" HPOS="1959" VPOS="3642" WIDTH="28"/>
						<String ID="P7_ST00770" HPOS="1987" VPOS="3576" WIDTH="168" HEIGHT="56" CONTENT="könne," WC="0.98" CC="060604"/>
						<SP ID="P7_SP00676" HPOS="2155" VPOS="3642" WIDTH="41"/>
						<String ID="P7_ST00771" HPOS="2196" VPOS="3575" WIDTH="72" HEIGHT="48" CONTENT="die" WC="0.99" CC="030"/>
						<SP ID="P7_SP00677" HPOS="2268" VPOS="3642" WIDTH="28"/>
						<String ID="P7_ST00772" HPOS="2296" VPOS="3575" WIDTH="91" HEIGHT="48" CONTENT="ihm" WC="0.97" CC="170"/>
						<SP ID="P7_SP00678" HPOS="2387" VPOS="3642" WIDTH="32"/>
						<String ID="P7_ST00773" HPOS="2419" VPOS="3591" WIDTH="84" HEIGHT="32" CONTENT="von" WC="0.97" CC="304"/>
						<SP ID="P7_SP00679" HPOS="2503" VPOS="3642" WIDTH="30"/>
						<String ID="P7_ST00774" HPOS="2533" VPOS="3575" WIDTH="202" HEIGHT="48" CONTENT="ehemals" WC="0.98" CC="3409750"/>
						<SP ID="P7_SP00680" HPOS="2735" VPOS="3642" WIDTH="39"/>
						<String ID="P7_ST00775" HPOS="2774" VPOS="3575" WIDTH="217" HEIGHT="62" CONTENT="gehörten" WC="0.97" CC="94783706"/>
						<SP ID="P7_SP00681" HPOS="2991" VPOS="3642" WIDTH="30"/>
						<String ID="P7_ST00776" HPOS="3021" VPOS="3572" WIDTH="153" HEIGHT="53" CONTENT="Arien," WC="0.98" CC="007781"/>
						<SP ID="P7_SP00682" HPOS="3174" VPOS="3642" WIDTH="30"/>
						<String ID="P7_ST00777" HPOS="3204" VPOS="3571" WIDTH="75" HEIGHT="47" CONTENT="Lie" SUBS_TYPE="HypPart1" SUBS_CONTENT="Liedern" WC="0.97" CC="740"/>
						<HYP HPOS="3279" VPOS="3571" WIDTH="24" CONTENT="-"/>
					</TextLine>
					<TextLine ID="P7_TL00094" HPOS="1787" VPOS="3648" WIDTH="1518" HEIGHT="69">
						<String ID="P7_ST00778" HPOS="1787" VPOS="3653" WIDTH="113" HEIGHT="49" CONTENT="dern" SUBS_TYPE="HypPart2" SUBS_CONTENT="Liedern" WC="0.97" CC="0267"/>
						<SP ID="P7_SP00683" HPOS="1900" VPOS="3702" WIDTH="23"/>
						<String ID="P7_ST00779" HPOS="1923" VPOS="3653" WIDTH="109" HEIGHT="49" CONTENT="oder" WC="0.98" CC="5030"/>
						<SP ID="P7_SP00684" HPOS="2032" VPOS="3702" WIDTH="24"/>
						<String ID="P7_ST00780" HPOS="2056" VPOS="3652" WIDTH="160" HEIGHT="65" CONTENT="irgend" WC="0.98" CC="009080"/>
						<SP ID="P7_SP00685" HPOS="2216" VPOS="3717" WIDTH="24"/>
						<String ID="P7_ST00781" HPOS="2240" VPOS="3653" WIDTH="146" HEIGHT="49" CONTENT="einem" WC="0.96" CC="02877"/>
						<SP ID="P7_SP00686" HPOS="2386" VPOS="3717" WIDTH="26"/>
						<String ID="P7_ST00782" HPOS="2412" VPOS="3652" WIDTH="378" HEIGHT="48" CONTENT="ausdrückenden" WC="0.99" CC="6200902977960"/>
						<SP ID="P7_SP00687" HPOS="2790" VPOS="3717" WIDTH="25"/>
						<String ID="P7_ST00783" HPOS="2815" VPOS="3652" WIDTH="221" HEIGHT="61" CONTENT="Gesänge," WC="0.98" CC="00948960"/>
						<SP ID="P7_SP00688" HPOS="3036" VPOS="3717" WIDTH="30"/>
						<String ID="P7_ST00784" HPOS="3066" VPOS="3650" WIDTH="116" HEIGHT="45" CONTENT="ohne" WC="0.97" CC="4704"/>
						<SP ID="P7_SP00689" HPOS="3182" VPOS="3717" WIDTH="23"/>
						<String ID="P7_ST00785" HPOS="3205" VPOS="3648" WIDTH="100" HEIGHT="46" CONTENT="dass" WC="0.43" CC="0768"/>
					</TextLine>
					<TextLine ID="P7_TL00095" HPOS="1789" VPOS="3725" WIDTH="1514" HEIGHT="69">
						<String ID="P7_ST00786" HPOS="1789" VPOS="3749" WIDTH="49" HEIGHT="30" CONTENT="er" WC="0.94" CC="01"/>
						<SP ID="P7_SP00690" HPOS="1838" VPOS="3779" WIDTH="30"/>
						<String ID="P7_ST00787" HPOS="1868" VPOS="3747" WIDTH="46" HEIGHT="32" CONTENT="es" WC="1.00" CC="00"/>
						<SP ID="P7_SP00691" HPOS="1914" VPOS="3779" WIDTH="29"/>
						<String ID="P7_ST00788" HPOS="1943" VPOS="3730" WIDTH="209" HEIGHT="64" CONTENT="gemerkt" WC="0.99" CC="0701000"/>
						<SP ID="P7_SP00692" HPOS="2152" VPOS="3794" WIDTH="30"/>
						<String ID="P7_ST00789" HPOS="2182" VPOS="3730" WIDTH="94" HEIGHT="57" CONTENT="hat," WC="0.97" CC="7062"/>
						<SP ID="P7_SP00693" HPOS="2276" VPOS="3794" WIDTH="30"/>
						<String ID="P7_ST00790" HPOS="2306" VPOS="3730" WIDTH="243" HEIGHT="64" CONTENT="geblieben" WC="0.99" CC="046023608"/>
						<SP ID="P7_SP00694" HPOS="2549" VPOS="3794" WIDTH="29"/>
						<String ID="P7_ST00791" HPOS="2578" VPOS="3728" WIDTH="124" HEIGHT="56" CONTENT="sind;" WC="0.99" CC="00700"/>
						<SP ID="P7_SP00695" HPOS="2702" VPOS="3794" WIDTH="41"/>
						<String ID="P7_ST00792" HPOS="2743" VPOS="3728" WIDTH="128" HEIGHT="49" CONTENT="allein" WC="0.99" CC="013116"/>
						<SP ID="P7_SP00696" HPOS="2871" VPOS="3794" WIDTH="31"/>
						<String ID="P7_ST00793" HPOS="2902" VPOS="3727" WIDTH="82" HEIGHT="47" CONTENT="wie" WC="0.99" CC="020"/>
						<SP ID="P7_SP00697" HPOS="2984" VPOS="3794" WIDTH="30"/>
						<String ID="P7_ST00794" HPOS="3014" VPOS="3726" WIDTH="168" HEIGHT="47" CONTENT="verhält" WC="0.98" CC="0587900"/>
						<SP ID="P7_SP00698" HPOS="3182" VPOS="3794" WIDTH="30"/>
						<String ID="P7_ST00795" HPOS="3212" VPOS="3725" WIDTH="91" HEIGHT="47" CONTENT="sich" WC="0.98" CC="0007"/>
					</TextLine>
				</TextBlock>
				<TextBlock ID="P7_TB00006" HPOS="1808" VPOS="3848" WIDTH="1498" HEIGHT="176" STYLEREFS="TXT_2 PAR_LEFT">
					<TextLine ID="P7_TL00096" HPOS="1855" VPOS="3852" WIDTH="1451" HEIGHT="53">
						<String ID="P7_ST00796" HPOS="1855" VPOS="3856" WIDTH="36" HEIGHT="49" CONTENT="*)" WC="0.59" CC="25"/>
						<SP ID="P7_SP00699" HPOS="1891" VPOS="3905" WIDTH="29"/>
						<String ID="P7_ST00797" HPOS="1920" VPOS="3856" WIDTH="176" HEIGHT="37" CONTENT="Nämlich" WC="0.98" CC="2764337"/>
						<SP ID="P7_SP00700" HPOS="2096" VPOS="3905" WIDTH="43"/>
						<String ID="P7_ST00798" HPOS="2139" VPOS="3857" WIDTH="50" HEIGHT="35" CONTENT="im" WC="0.23" CC="87"/>
						<SP ID="P7_SP00701" HPOS="2189" VPOS="3905" WIDTH="315"/>
						<String ID="P7_ST00799" HPOS="2504" VPOS="3856" WIDTH="153" HEIGHT="36" CONTENT="Mercuf" WC="0.65" CC="520057"/>
						<String ID="P7_ST00800" HPOS="2660" VPOS="3855" WIDTH="15" HEIGHT="18" CONTENT="u" STYLE="superscript" WC="1.00" CC="9"/>
						<SP ID="P7_SP00702" HPOS="2675" VPOS="3905" WIDTH="43"/>
						<String ID="P7_ST00801" HPOS="2718" VPOS="3866" WIDTH="98" HEIGHT="23" CONTENT="vom" WC="0.95" CC="353"/>
						<SP ID="P7_SP00703" HPOS="2816" VPOS="3905" WIDTH="41"/>
						<String ID="P7_ST00802" HPOS="2857" VPOS="3852" WIDTH="148" HEIGHT="35" CONTENT="Jahre" WC="0.97" CC="35640"/>
						<SP ID="P7_SP00704" HPOS="3005" VPOS="3905" WIDTH="45"/>
						<String ID="P7_ST00803" HPOS="3050" VPOS="3852" WIDTH="64" HEIGHT="36" CONTENT="177" WC="0.21" CC="987"/>
						<SP ID="P7_SP00705" HPOS="3114" VPOS="3905" WIDTH="0"/>
						<String ID="P7_ST00804" HPOS="3114" VPOS="3852" WIDTH="44" HEIGHT="36" CONTENT="C." WC="0.21" CC="40"/>
						<SP ID="P7_SP00706" HPOS="3158" VPOS="3905" WIDTH="57"/>
						<String ID="P7_ST00805" HPOS="3215" VPOS="3853" WIDTH="91" HEIGHT="34" CONTENT="Also" WC="0.96" CC="3236"/>
					</TextLine>
					<TextLine ID="P7_TL00097" HPOS="1918" VPOS="3913" WIDTH="1388" HEIGHT="48">
						<String ID="P7_ST00806" HPOS="1918" VPOS="3918" WIDTH="118" HEIGHT="36" CONTENT="schon" WC="0.98" CC="17070"/>
						<SP ID="P7_SP00707" HPOS="2036" VPOS="3954" WIDTH="30"/>
						<String ID="P7_ST00807" HPOS="2066" VPOS="3930" WIDTH="69" HEIGHT="24" CONTENT="vor" WC="0.95" CC="544"/>
						<SP ID="P7_SP00708" HPOS="2135" VPOS="3954" WIDTH="28"/>
						<String ID="P7_ST00808" HPOS="2163" VPOS="3918" WIDTH="160" HEIGHT="35" CONTENT="beinahe" WC="0.98" CC="3756174"/>
						<SP ID="P7_SP00709" HPOS="2323" VPOS="3954" WIDTH="28"/>
						<String ID="P7_ST00809" HPOS="2351" VPOS="3918" WIDTH="165" HEIGHT="35" CONTENT="hundert" WC="0.99" CC="9506000"/>
						<SP ID="P7_SP00710" HPOS="2516" VPOS="3954" WIDTH="26"/>
						<String ID="P7_ST00810" HPOS="2542" VPOS="3918" WIDTH="141" HEIGHT="34" CONTENT="Jahren" WC="0.96" CC="394918"/>
						<SP ID="P7_SP00711" HPOS="2683" VPOS="3954" WIDTH="40"/>
						<String ID="P7_ST00811" HPOS="2723" VPOS="3915" WIDTH="71" HEIGHT="46" CONTENT="gab" WC="0.97" CC="700"/>
						<SP ID="P7_SP00712" HPOS="2794" VPOS="3961" WIDTH="37"/>
						<String ID="P7_ST00812" HPOS="2831" VPOS="3925" WIDTH="38" HEIGHT="24" CONTENT="es" WC="0.71" CC="05"/>
						<SP ID="P7_SP00713" HPOS="2869" VPOS="3961" WIDTH="30"/>
						<String ID="P7_ST00813" HPOS="2899" VPOS="3913" WIDTH="131" HEIGHT="44" CONTENT="Leute," WC="0.98" CC="403404"/>
						<SP ID="P7_SP00714" HPOS="3030" VPOS="3961" WIDTH="48"/>
						<String ID="P7_ST00814" HPOS="3078" VPOS="3913" WIDTH="141" HEIGHT="36" CONTENT="welche" WC="0.97" CC="514474"/>
						<SP ID="P7_SP00715" HPOS="3219" VPOS="3961" WIDTH="29"/>
						<String ID="P7_ST00815" HPOS="3248" VPOS="3914" WIDTH="58" HEIGHT="34" CONTENT="bei" WC="0.94" CC="664"/>
					</TextLine>
					<TextLine ID="P7_TL00098" HPOS="1918" VPOS="3973" WIDTH="1214" HEIGHT="51">
						<String ID="P7_ST00816" HPOS="1918" VPOS="3978" WIDTH="65" HEIGHT="35" CONTENT="der" WC="0.95" CC="705"/>
						<SP ID="P7_SP00716" HPOS="1983" VPOS="4013" WIDTH="28"/>
						<String ID="P7_ST00817" HPOS="2011" VPOS="3979" WIDTH="131" HEIGHT="34" CONTENT="Musik" WC="0.97" CC="56036"/>
						<SP ID="P7_SP00717" HPOS="2142" VPOS="4013" WIDTH="29"/>
						<String ID="P7_ST00818" HPOS="2171" VPOS="3978" WIDTH="270" HEIGHT="46" CONTENT="Gegenstände" WC="0.99" CC="70616507107"/>
						<SP ID="P7_SP00718" HPOS="2441" VPOS="4024" WIDTH="26"/>
						<String ID="P7_ST00819" HPOS="2467" VPOS="3978" WIDTH="77" HEIGHT="34" CONTENT="und" WC="0.93" CC="557"/>
						<SP ID="P7_SP00719" HPOS="2544" VPOS="4024" WIDTH="30"/>
						<String ID="P7_ST00820" HPOS="2574" VPOS="3975" WIDTH="300" HEIGHT="37" CONTENT="Ueberschriften" WC="0.55" CC="18630706375607"/>
						<SP ID="P7_SP00720" HPOS="2874" VPOS="4024" WIDTH="31"/>
						<String ID="P7_ST00821" HPOS="2905" VPOS="3973" WIDTH="227" HEIGHT="48" CONTENT="verlangten." WC="0.99" CC="64067740081"/>
					</TextLine>
				</TextBlock>
				<TextBlock ID="P7_TB00007" HPOS="1831" VPOS="4031" WIDTH="1124" HEIGHT="54" STYLEREFS="TXT_2 PAR_RIGHT">
					<TextLine ID="P7_TL00099" HPOS="1832" VPOS="4034" WIDTH="1123" HEIGHT="51">
						<String ID="P7_ST00822" HPOS="1832" VPOS="4037" WIDTH="67" HEIGHT="48" CONTENT="**)" WC="0.57" CC="048"/>
						<SP ID="P7_SP00721" HPOS="1899" VPOS="4085" WIDTH="30"/>
						<String ID="P7_ST00823" HPOS="1929" VPOS="4039" WIDTH="84" HEIGHT="46" CONTENT="Vgl." WC="0.96" CC="6913"/>
						<SP ID="P7_SP00722" HPOS="2013" VPOS="4085" WIDTH="31"/>
						<String ID="P7_ST00824" HPOS="2044" VPOS="4040" WIDTH="44" HEIGHT="37" CONTENT="R." WC="0.44" CC="64"/>
						<SP ID="P7_SP00723" HPOS="2088" VPOS="4085" WIDTH="29"/>
						<String ID="P7_ST00825" HPOS="2117" VPOS="4039" WIDTH="256" HEIGHT="46" CONTENT="Wagner'B" WC="0.98" CC="47931607"/>
						<SP ID="P7_SP00724" HPOS="2373" VPOS="4085" WIDTH="32"/>
						<String ID="P7_ST00826" HPOS="2405" VPOS="4039" WIDTH="131" HEIGHT="43" CONTENT="»Brief" WC="0.97" CC="729610"/>
						<SP ID="P7_SP00725" HPOS="2536" VPOS="4085" WIDTH="22"/>
						<String ID="P7_ST00827" HPOS="2558" VPOS="4050" WIDTH="44" HEIGHT="22" CONTENT="an" WC="0.79" CC="04"/>
						<SP ID="P7_SP00726" HPOS="2602" VPOS="4085" WIDTH="30"/>
						<String ID="P7_ST00828" HPOS="2632" VPOS="4037" WIDTH="106" HEIGHT="35" CONTENT="einen" WC="0.97" CC="18707"/>
						<SP ID="P7_SP00727" HPOS="2738" VPOS="4085" WIDTH="30"/>
						<String ID="P7_ST00829" HPOS="2768" VPOS="4034" WIDTH="149" HEIGHT="37" CONTENT="Freund" WC="0.97" CC="470445"/>
						<String ID="P7_ST00830" HPOS="2926" VPOS="4039" WIDTH="14" HEIGHT="14" CONTENT="3" STYLE="superscript" WC="0.24" CC="7"/>
						<String ID="P7_ST00831" HPOS="2948" VPOS="4061" WIDTH="7" HEIGHT="7" CONTENT="." WC="0.56" CC="4"/>
					</TextLine>
				</TextBlock>
			</PrintSpace>
		</Page>
	</Layout>
</alto>
