3274 4402
198 4030 58 38 56

1923 343 71 44 Fig.
2020 344 19 32 6
2065 345 37 31 et
2126 344 43 32 6a
2196 341 183 47 (Château
2404 342 47 36 de
2477 342 141 41 Crans).

1922 396 166 44 Vestiges
2114 395 46 35 de
2187 394 200 38 l'influence
2413 400 32 32 ei
2472 395 49 37 do
2546 395 28 36 !a
2604 407 136 35 pompe
2766 391 197 40 italiennes,
2991 404 91 21 avec

1922 451 103 34 écart
2050 450 185 46 prononcé
2258 463 78 22 vers
2361 449 29 36 le
2413 449 147 37 confort
2583 453 37 31 et
2644 447 237 37 raffinement
2903 443 47 37 du
2983 446 98 33 ÎBme

1923 502 120 38 siècle.
2079 503 43 35 Le
2157 502 105 36 motif
2296 503 172 48 principal
2578 498 296 40 vestibule-salon
2986 512 73 21 com-

1925 571 127 22 mence
2084 559 18 33 à
2136 561 131 43 perdre
2298 571 42 21 en
2372 559 227 45 importance
2619 571 7 27 ;
2660 570 64 33 par
2754 557 127 33 contre
2911 551 172 37 l'escalier

1924 613 148 35 connaît
2103 625 40 21 un
2176 610 113 46 grand
2321 611 328 48 développement.
2682 609 154 35 Réservé
2867 621 64 21 aux
2999 607 64 35 maî-

1923 670 72 31 tres
2063 669 37 31 et
2131 667 18 33 à
2182 663 88 37 leurs
2301 667 135 40 invités,
2469 664 172 37 l'escalier
2670 678 37 22 se
2737 667 128 31 trouve
2895 660 90 36 dans
3017 675 66 21 une

1923 734 95 31 cage
2041 719 81 36 bien
2144 717 156 37 éclairée
2321 719 163 36 donnant
2502 719 247 36 directement
2769 731 54 21 sur
2844 714 30 37 Se
2893 714 191 36 vestibule.

1924 775 43 35 Le
1996 773 179 36 bâtiment
2201 774 164 34 contient
2390 787 42 22 en
2459 778 103 31 outre
2589 773 65 36 des
2680 769 168 38 escaliers
2872 769 48 35 de
2947 770 136 34 service

1927 828 73 48 plus
2030 842 44 21 ou
2107 829 110 33 moins
2246 826 196 37 dissimulés
2470 827 87 48 (voir
2585 842 44 21 ce
2658 828 58 46 qui
2748 828 55 33 est
2832 823 53 37 dit
2916 821 74 49 plus
3021 821 64 37 bas

1924 884 17 34 à
1967 896 136 33 propos
2124 881 66 36 des
2211 880 64 46 fig.
2297 882 134 47 35-44).
2455 882 61 36 Les
2537 895 186 22 communs
2744 882 81 33 sont
2848 879 238 35 étroitement

1925 936 101 37 reliés
2048 950 43 22 au
2114 950 106 32 corps
2242 934 47 36 de
2313 934 98 46 logis,
2436 935 151 36 solution
2613 934 73 48 plus
2710 938 169 44 pratique
2902 945 71 33 que
2997 929 88 38 celle

1925 990 167 48 adoptée
2115 989 90 36 dans
2228 988 47 37 les
2299 988 110 48 palais
2432 988 137 37 italiens
2590 989 87 48 (voir
2700 987 74 48 plus
2797 986 65 36 bas
2884 1000 42 21 ce
2949 987 59 45 qui
3032 989 54 32 est

1925 1046 53 36 dit
2003 1048 224 32 concernant
2253 1042 214 37 l'utilisation
2491 1043 46 36 du
2563 1044 132 35 terrain
2721 1043 19 34 à
2769 1055 136 34 propos
2930 1038 66 37 des
3020 1039 66 45 fig.

1924 1098 136 48 27-34).
2081 1098 41 36 La
2143 1099 133 34 cuisine
2296 1101 54 32 est
2369 1112 134 21 encore
2522 1098 167 47 séparée,
2711 1097 86 34 mais
2817 1093 65 37 elle
2902 1108 36 21 se
2957 1098 129 31 trouve

1926 1156 18 33 à
1969 1153 187 47 proximité
2178 1150 47 37 de
2248 1150 27 37 Sa
2299 1150 83 37 salle
2404 1153 18 33 à
2447 1166 161 31 manger.
2632 1152 61 35 Les
2716 1148 193 37 chambres
2930 1148 135 47 d'appa-

1926 1211 53 32 rat
2005 1221 43 21 ne
2071 1210 81 32 sont
2178 1204 73 49 plus
2274 1206 24 34 si
2323 1204 234 37 nombreuses
2576 1220 6 26 ;
2608 1204 83 37 elles
2714 1203 82 36 font
2820 1204 91 35 suite
2935 1216 65 21 aux
3024 1216 42 32 ap-

1927 1264 226 45 partements
2176 1260 128 47 privés.
2328 1259 61 36 Les
2411 1263 169 32 contours
2602 1258 46 37 du
2673 1258 180 36 bâtiment
2876 1270 42 21 ne
2944 1257 124 46 présen-

1925 1319 80 32 tent
2033 1314 73 48 plus
2133 1313 28 36 la
2187 1313 118 36 forme
2331 1312 158 48 cubique
2515 1315 23 34 si
2566 1314 212 46 prononcée
2803 1310 90 37 dans
2920 1309 48 37 les
2992 1309 96 36 villas

1926 1369 198 37 italiennes.

1928 1467 71 45 Fig.
2036 1468 19 32 7
2092 1470 37 31 et
2164 1467 42 34 7a
2244 1465 155 47 (Maison
2436 1464 47 36 de
2519 1478 210 34 campagne
2764 1462 150 48 d'après
2949 1461 69 36 Ch.
3058 1462 30 34 E.

1929 1521 144 40 Briseux,
2097 1521 67 34 tiré
2187 1518 109 37 d'une
2320 1518 137 37 édition
2482 1518 46 36 de
2552 1517 66 37 l'an
2650 1517 113 48 1743).

1928 1574 157 36 Comme
2115 1573 91 36 dans
2237 1572 28 36 la
2297 1572 119 46 figure
2449 1572 239 48 précédente,
2721 1571 29 36 le
2780 1569 179 38 vestibule
2991 1574 37 32 et
3059 1569 29 36 le

1926 1627 97 38 salon
2049 1632 82 32 sont
2157 1642 68 33 peu
2250 1625 242 49 développés.
2517 1627 76 35 Une
2621 1625 104 49 place
2751 1624 253 37 relativement
3031 1626 39 33 im-

1929 1686 173 44 portante
2131 1686 55 31 est
2214 1680 184 37 attribuée
2427 1683 19 33 à
2477 1679 28 38 la
2535 1679 83 38 salle
2646 1682 19 34 à
2697 1694 161 31 manger,
2890 1680 132 34 cuisine
3052 1683 38 31 et

1928 1738 167 35 services.
2131 1735 141 46 Maigre
2307 1749 42 22 ce
2383 1734 256 46 changement,
2675 1733 28 37 la
2737 1732 76 38 villa
2849 1747 176 21 conserve
3060 1731 29 37 le

1927 1791 192 35 caractère
2139 1793 215 44 somptueux
2372 1803 71 33 que
2465 1804 85 21 nous
2569 1803 112 22 avons
2700 1803 42 21 vu
2762 1787 86 36 chez
2869 1786 47 36 les
2939 1785 151 37 Italiens.

1929 1843 186 38 L'escalier
2139 1844 149 47 disposé
2312 1858 55 21 sur
2392 1858 40 21 un
2457 1844 86 35 côté
2569 1847 106 43 porte
2701 1841 187 49 préjudice
2914 1843 19 33 à
2959 1840 28 36 la
3015 1844 57 32 net-

1926 1901 78 34 teté
2037 1898 47 36 de
2115 1898 119 36 forme
2266 1897 46 36 du
2343 1896 190 37 vestibule.
2566 1897 61 36 Les
2658 1899 282 45 appartements
2973 1895 117 47 privés

1928 1958 81 31 sont
2038 1953 244 36 entièrement
2310 1953 149 46 séparés
2487 1951 65 36 des
2581 1952 123 47 pièces
2733 1950 48 36 de
2810 1951 205 46 réception.
3047 1949 44 35 Le

1930 2009 170 46 portique
2121 2021 42 21 en
2186 2004 107 38 saillie
2315 2005 87 36 rond
2426 2010 37 31 et
2484 2019 171 27 convexe,
2677 2018 145 22 comme
2844 2018 44 21 on
2911 2003 29 36 le
2961 2008 129 31 trouve

1929 2060 278 48 généralement
2235 2062 19 34 à
2285 2064 102 31 cette
2416 2060 160 47 époque,
2606 2063 56 32 est
2692 2073 68 33 peu
2790 2062 227 42 engageant,
3048 2071 42 22 ce

1928 2118 58 46 qui
2013 2120 55 31 est
2091 2117 72 34 vrai
2189 2116 90 34 aussi
2308 2128 88 33 pour
2422 2112 171 37 l'escalier
2616 2114 195 44 aménagé,
2837 2112 91 36 dans
2954 2111 29 36 le
3011 2126 60 33 por-

1924 2172 115 45 tique.

1931 2267 71 45 Fig.
2037 2268 18 33 8
2091 2270 37 32 et
2162 2268 44 33 8a
2241 2265 156 47 (Maison
2433 2264 47 36 de
2514 2278 209 33 campagne
2758 2263 149 48 d'après
2944 2264 144 40 Briseux,

1929 2321 117 35 même
2069 2319 153 48 source).

1930 2375 43 35 Le
2005 2373 63 37 but
2098 2374 109 47 qu'on
2239 2373 86 36 s'est
2357 2374 171 46 proposé,
2561 2372 168 36 modeste
2761 2376 38 31 et
2829 2370 210 49 compliqué
3070 2372 18 34 à

1929 2428 28 36 la
1985 2427 80 43 fois,
2093 2427 29 37 le
2148 2432 82 32 tout
2256 2427 233 36 subordonné
2516 2428 19 34 à
2562 2426 65 36 des
2651 2426 206 36 tendances
2883 2424 206 48 classiques,

1928 2497 18 21 a
1973 2497 43 21 eu
2043 2497 67 21 une
2135 2483 163 35 certaine
2324 2481 188 36 confusion
2541 2495 88 33 pour
2655 2479 160 37 résultat.
2843 2480 43 36 Le
2911 2479 179 36 vestibule

1927 2538 90 35 situé
2037 2551 43 21 en
2100 2535 132 37 dehors
2251 2535 48 37 de
2320 2535 97 42 l'axe,
2438 2549 91 22 avec
2549 2533 172 37 l'escalier
2741 2549 42 21 en
2805 2535 137 40 retrait,
2963 2532 127 38 annule

1929 2590 119 36 l'effet
2073 2591 109 47 qu'on
2209 2591 183 46 comptait
2417 2589 144 36 obtenir
2589 2603 63 33 par
2678 2587 28 37 la
2734 2587 216 49 disposition
2978 2586 112 37 axiale

1928 2645 64 35 des
2017 2646 135 46 pièces.
2176 2645 31 35 Si
2231 2659 44 21 on
2302 2648 87 43 peut
2411 2657 134 22 encore
2570 2641 115 49 parler
2707 2642 83 36 d'un
2814 2657 64 21 axe
2904 2640 184 49 principal,

1928 2698 87 37 l'axe
2039 2697 316 49 perpendiculaire
2379 2702 55 31 est
2458 2699 198 34 inexistant.
2681 2697 85 35 D'un
2791 2697 86 35 côté
2901 2711 37 21 se
2961 2700 129 32 trouve

1929 2767 66 21 une
2018 2753 141 46 grande
2182 2751 174 37 chambre
2380 2766 19 21 a
2423 2751 167 41 coucher,
2614 2751 48 35 de
2686 2749 136 42 l'autre,
2848 2765 80 33 cinq
2956 2752 135 46 petites

1931 2808 135 47 pièces.
2097 2807 77 36 Une
2206 2808 116 46 partie
2351 2806 46 35 du
2427 2804 177 37 vestibule
2634 2820 17 21 a
2683 2806 60 34 été
2775 2803 195 49 employée
3002 2819 89 33 pour

1928 2876 20 32 y
1978 2862 202 45 aménager
2210 2875 67 21 une
2308 2859 173 37 chambre
2511 2859 47 36 de
2588 2863 168 32 servante
2787 2863 37 31 et
2855 2873 41 22 un
2928 2858 162 36 corridor

1928 2914 60 49 (cf.
2013 2914 29 37 le
2070 2917 171 46 portique
2267 2913 118 37 italien
2411 2913 66 36 des
2501 2913 65 46 fig.
2599 2913 78 48 1-4).
2702 2913 57 35 Ce
2785 2914 186 46 specimen
2997 2913 75 35 d'ar-

1928 2969 202 36 chitecture
2158 2968 194 37 démontre
2381 2967 210 37 clairement
2618 2981 71 33 que
2718 2965 28 37 la
2775 2967 139 47 façade
2942 2981 43 22 ne
3013 2981 58 21 cor-

1929 3024 157 47 respond
2119 3022 73 49 plus
2222 3038 43 21 au
2298 3022 79 48 plan
2409 3023 193 34 intérieur:
2639 3023 35 33 12
2708 3026 124 43 portes
2861 3026 38 31 et
2926 3020 164 37 fenêtres

1927 3093 54 21 sur
2006 3080 45 33 29
2076 3082 81 31 sont
2180 3077 169 36 factices.

1929 3169 71 45 Fig.
2020 3172 21 32 9
2060 3174 38 30 et
2117 3172 44 32 9a
2183 3168 65 48 (M.
2270 3167 166 48 Céligny,
2459 3167 140 47 Suisse).

1930 3222 177 37 L'axialité
2140 3238 36 21 se
2209 3222 119 36 réduit
2360 3224 40 33 ici
2433 3222 18 35 à
2484 3236 42 21 un
2559 3222 110 34 étroit
2700 3221 164 35 corridor
2896 3223 44 34 où
2975 3221 112 47 prend

1929 3279 186 34 naissance
2145 3275 172 37 l'escalier
2346 3275 216 36 conduisant
2589 3276 19 34 à
2639 3273 150 47 l'étage.
2818 3274 17 36 Il
2864 3277 109 34 serait
3002 3276 71 35 inté-

1928 3335 138 32 ressant
2096 3330 48 37 de
2176 3344 193 33 comparer
2401 3334 101 31 cette
2534 3327 140 38 axialité
2707 3328 258 37 rudimentaire
2997 3344 93 21 avec

1928 3384 160 37 d'autres
2123 3389 107 42 types
2265 3382 284 38 d'architecture
2585 3381 229 43 semblables,
2850 3382 67 37 tels
2951 3398 73 33 que
3058 3381 30 38 le

1927 3438 88 49 style
2038 3438 152 37 colonial
2212 3440 206 38 américain,
2443 3452 34 33 p.
2498 3451 51 21 ex,
2571 3436 77 48 (fig.
2677 3439 37 33 15
2736 3442 38 31 et
2802 3438 88 47 15a).

1929 3530 71 45 Fig.
2032 3532 36 34 10
2093 3534 38 31 et
2162 3532 60 34 10a
2248 3530 64 47 (M.
2339 3529 116 48 Reijot
2477 3527 193 42 Varembé,
2696 3528 183 48 Genève).

1926 3584 210 36 Tendances
2199 3583 238 46 bourgeoises
2496 3582 47 35 de
2569 3581 74 48 plus
2666 3596 42 21 en
2734 3581 74 48 plus
2832 3584 229 45 prononcées
3081 3596 7 21 :

1927 3639 209 46 séparation
2164 3637 73 48 plus
2263 3638 174 45 marquée
2462 3640 102 31 entre
2590 3635 49 36 les
2663 3641 282 42 appartements
2973 3638 115 46 privés

1927 3696 37 31 et
1983 3692 30 35 le
2032 3692 111 48 jardin
2164 3692 107 35 d'une
2294 3694 90 44 part,
2406 3689 149 36 l'entrée
2574 3689 144 37 d'autre
2740 3695 93 41 part.
2855 3690 72 37 Plus
2947 3690 140 46 grande

1928 3748 150 33 intimité
2100 3745 60 48 (cf.
2182 3748 31 38 6,
2237 3748 18 31 7
2277 3749 38 31 et
2336 3744 44 47 8).
2404 3744 42 35 Le
2467 3742 178 37 vestibule
2667 3749 55 31 est
2743 3742 127 38 latéral
2891 3749 37 31 et
2949 3746 116 46 asymé-

1926 3802 132 45 trique.
2089 3800 99 34 L'axe
2218 3812 37 22 se
2283 3796 158 49 déplace
2471 3802 38 31 et
2536 3798 105 35 mène
2671 3797 29 37 le
2729 3800 145 34 visiteur
2902 3800 19 34 à
2949 3803 139 31 travers

1927 3853 28 36 la
1981 3852 82 37 salle
2088 3855 18 33 à
2133 3866 149 31 manger
2305 3851 167 36 devenue
2497 3850 173 37 chambre
2695 3852 47 36 de
2767 3854 318 40 communication,

1926 3922 43 21 au
1992 3906 97 37 salon
2112 3910 38 31 et
2172 3920 43 21 au
2238 3905 125 50 jardin.
