3274 4402
246 4112 59 43 68

205 400 2888 134 INFORMATIONS

201 805 65 44 La
305 805 385 42 construction

200 896 60 39 et
298 886 83 47 les
421 879 352 52 immeubles
807 894 73 32 en
916 873 182 51 Italie.

200 1016 42 35 La
270 1013 214 37 Fédération
511 1008 181 39 nationale
714 1007 149 37 fasciste
887 1005 47 37 de
960 1004 28 37 la
1017 1019 60 33 pro-

203 1071 114 47 priété
346 1065 233 38 immobilière
606 1079 19 20 a
654 1062 119 49 publié
802 1076 66 22 une
894 1059 113 37 étude
1034 1061 48 33 sui-

200 1128 86 32 vant
314 1120 151 50 laquelle
494 1119 193 36 l'industrie
716 1117 47 36 du
794 1116 179 36 bâtiment
1001 1129 18 20 a
1053 1127 43 33 pu

202 1179 186 35 maintenir
409 1190 61 22 son
494 1175 148 35 activité
665 1174 19 34 à
708 1186 40 21 un
773 1170 137 48 rythme
933 1172 165 32 soutenu.

203 1234 61 35 Sur
291 1232 28 36 la
350 1232 87 35 base
463 1230 47 36 de
538 1228 140 36 l'indice
712 1228 61 33 100
801 1240 42 21 en
879 1225 98 39 1928,
1006 1237 43 21 on
1078 1236 18 21 a

202 1287 29 37 le
255 1285 129 38 chiffre
414 1286 124 39 154,65
564 1298 41 21 en
630 1280 106 50 juillet
767 1281 100 34 1934.

206 1353 42 35 Le
281 1352 184 34 maximum
497 1348 47 35 de
584 1348 123 39 167,28
741 1360 18 21 a
792 1345 61 34 été
886 1342 136 36 obtenu
1056 1355 42 21 en

211 1409 97 38 1928,
339 1404 30 37 le
399 1405 176 35 minimum
604 1400 48 37 de
680 1401 105 39 70,52
816 1402 110 44 ayant
952 1398 61 34 été
1041 1410 40 22 en-

204 1461 151 45 registré
386 1473 41 21 en
459 1456 201 38 décembre
697 1456 100 34 1932.
829 1454 60 35 Les
919 1455 180 44 capitaux,

206 1514 134 47 malgré
373 1513 27 36 ia
435 1512 189 36 réduction
657 1507 154 38 actuelle
842 1507 66 36 des
940 1519 160 27 revenus,

207 1570 185 49 préfèrent
433 1567 173 36 s'investir
646 1579 42 21 en
731 1560 220 42 immeubles,
994 1560 107 47 qu'en

204 1624 137 37 valeurs
393 1620 213 41 mobilières,
660 1618 73 48 plus
783 1616 207 37 aléatoires.
1042 1614 61 35 Les

206 1680 113 47 loyers
343 1682 62 31 ont
427 1674 255 39 sensiblement
706 1673 156 35 diminué
888 1675 37 31 et
948 1668 156 37 tendent

207 1737 19 34 à
263 1733 188 47 s'adapter
486 1745 43 21 au
567 1744 70 33 prix
672 1727 47 36 de
755 1738 28 24 la
820 1740 68 22 vie.
923 1723 97 37 Seuls
1056 1722 47 37 les

208 1790 194 35 matériaux
433 1786 47 35 de
514 1784 243 36 construction
792 1783 216 33 conservent
1039 1778 66 35 des

208 1858 102 21 cours
336 1840 145 41 stables,
508 1840 284 35 contrairement
817 1837 18 34 à
865 1833 28 37 la
919 1833 186 36 tendance

208 1896 184 48 générale.

212 1964 60 34 Les
299 1976 70 33 prix
391 1960 65 36 des
478 1964 150 31 terrains
653 1961 37 32 et
714 1955 29 37 le
769 1956 86 35 coût
878 1954 48 36 de
951 1952 29 36 la
1006 1966 81 22 cons-

209 2021 154 32 truction
392 2019 61 32 ont
479 2014 168 35 diminué.

210 2084 32 34 A
263 2081 28 37 la
315 2081 188 36 réduction
525 2078 65 36 des
611 2091 149 22 revenus
783 2072 228 39 immobiliers
1032 2086 57 21 cor-

212 2135 155 49 respond
402 2150 40 21 un
475 2135 283 34 accroissement
787 2129 48 36 de
865 2132 127 32 ventes
1022 2126 70 48 judi-

212 2194 138 33 ciaires.
381 2191 60 34 Les
469 2188 287 47 expropriations
783 2184 146 36 forcées
957 2182 65 36 des
1051 2183 40 33 im-

214 2245 159 37 meubles
409 2244 141 36 urbains
585 2246 62 31 ont
683 2239 198 47 augmenté
917 2237 90 36 dans
1044 2249 66 22 une

216 2315 136 22 mesure
383 2300 194 45 beaucoup
607 2295 73 48 plus
708 2293 126 37 élevée
861 2307 72 33 que
961 2290 48 37 les
1035 2289 62 37 fail-

215 2356 76 36 lites
319 2359 38 31 et
385 2353 48 36 les
463 2353 152 48 protêts.

1204 1470 67 45 La
1312 1463 377 66 géographie
1730 1458 295 66 physique

1204 1561 61 39 et
1310 1551 56 47 la
1417 1547 282 65 géologie
1746 1545 359 64 appliquées

1205 1639 34 47 à
1281 1633 402 54 l'urbanisme.

1206 1768 51 35 Un
1293 1771 124 31 centre
1453 1764 170 37 d'études
1658 1768 37 31 et
1729 1763 47 37 de
1811 1760 214 38 recherches
2058 1759 48 37 de

1204 1820 232 48 géographie
1462 1819 175 48 physique
1662 1823 37 31 et
1722 1817 48 36 de
1794 1816 174 47 géologie
1994 1814 95 49 appli-

1206 1878 113 46 quées
1345 1890 19 22 a
1393 1874 226 37 l'urbanisme
1646 1875 98 33 vient
1771 1872 119 35 d'être
1918 1872 84 34 créé
2031 1872 17 34 à
2078 1868 29 37 la

1206 1930 137 37 faculté
1380 1929 64 37 des
1479 1931 162 34 sciences
1675 1926 47 37 de
1760 1927 100 40 Paris,
1898 1926 43 35 où
1978 1924 16 36 il
2030 1938 76 22 sera

1206 1985 167 36 rattaché
1394 1999 43 21 au
1459 1983 223 37 laboratoire
1702 1981 48 36 de
1770 1979 233 49 géographie
2025 1978 64 49 phy-

1207 2043 100 45 sique
1335 2044 38 31 et
1399 2039 48 36 de
1475 2037 174 47 géologie
1677 2035 235 49 dynamique.

1209 2106 314 44 L'enseignement
1543 2100 243 49 comprendra
1807 2100 66 36 des
1893 2100 151 35 séances
2064 2097 47 36 de

1207 2164 147 31 travaux
1380 2159 186 47 pratiques
1591 2155 205 49 précédées
1818 2154 164 36 chacune
2004 2153 108 36 d'une

1211 2214 223 37 conférence
1466 2216 37 32 et
1535 2226 76 21 sera
1646 2208 186 50 complété
1867 2223 64 33 par
1961 2208 66 35 des
2058 2221 37 21 ex-

1210 2271 168 34 cursions.

1212 2335 42 34 Le
1275 2347 234 35 programme
1530 2346 89 34 pour
1637 2329 140 37 l'année
1804 2331 87 33 5935
1911 2326 201 49 comprend

1213 2392 226 33 notamment
1463 2386 135 36 l'étude
1622 2385 65 36 des
1710 2385 187 47 questions
1920 2384 194 34 suivantes:

1214 2444 28 36 la
1279 2443 263 45 désagréation
1578 2445 37 31 et
1650 2439 29 36 la
1717 2439 296 46 décomposition
2050 2435 66 37 des

1218 2498 127 36 roches
1383 2511 81 22 sous
1503 2494 202 37 l'influence
1745 2493 65 36 des
1849 2506 128 22 causes
2016 2495 80 31 natu-

1215 2552 99 37 relles
1334 2557 37 31 et
1391 2549 219 38 artificielles
1629 2549 66 36 des
1713 2547 214 36 fondations
1947 2561 6 27 ;
1976 2545 47 37 les
2045 2560 48 20 mo-

1216 2608 209 36 difications
1462 2620 19 21 a
1521 2602 198 49 l'équilibre
1757 2601 136 37 nature!
1931 2615 80 22 sous
2049 2599 56 36 l'in-

1215 2662 144 36 fluence
1396 2660 64 36 des
1494 2664 148 31 travaux
1661 2673 6 27 ;
1704 2656 48 37 les
1787 2655 206 37 conditions
2029 2669 68 20 mor-

1218 2716 242 49 phologiques
1488 2712 210 38 favorables
1728 2716 36 32 et
1791 2708 262 39 défavorables
2083 2712 36 32 et

1217 2771 29 37 le
1269 2771 100 36 choix
1392 2768 226 48 géologique
1639 2767 66 36 des
1724 2780 108 22 zones
1851 2780 7 27 ;
1881 2763 238 49 l'hydrologie

1218 2831 37 32 et
1283 2823 295 50 l'hydrographie
1606 2822 148 36 urbaine
1775 2835 7 27 ;
1811 2820 29 35 le
1870 2832 164 35 paysage
2062 2832 39 21 na-

1216 2879 89 38 turel
1328 2884 37 32 et
1386 2894 55 22 ses
1461 2877 317 37 transformations
1797 2890 7 27 ;
1827 2874 30 36 le
1879 2873 73 37 rôle
1974 2873 47 36 de
2044 2872 62 36 l'ex-

1221 2940 80 43 pert
1335 2950 41 20 en
1414 2933 213 40 urbanisme,
1663 2931 244 36 architecture
1943 2933 37 31 et
2013 2928 108 45 génie

1220 2989 75 37 civil
1324 2987 266 50 (déontologie,
1622 2985 190 37 rédaction
1843 2983 66 37 des
1940 2985 180 45 rapports,

1220 3046 198 45 expertises
1442 3041 215 50 judiciaires)

2212 1951 287 51 L'activité
2539 1951 77 50 de
2657 1950 54 48 la

2212 2036 389 52 construction
2640 2053 75 31 en
2754 2032 210 51 suisse.

2213 2169 186 37 L'activité
2419 2168 48 36 de
2487 2166 29 37 la
2538 2167 246 35 construction
2805 2165 85 36 s'est
2911 2165 207 34 maintenue

2213 2239 43 21 en
2285 2224 114 36 Suisse
2426 2223 132 35 durant
2584 2220 140 37 l'année
2758 2221 101 34 1934.
2886 2219 87 35 Pour
3000 2216 47 37 les
3074 2218 44 33 30

2214 2278 95 37 villes
2338 2278 47 36 de
2417 2276 74 49 plus
2520 2277 47 35 de
2605 2277 125 34 SO.OOO
2761 2273 185 37 habitants
2975 2287 54 21 sur
3057 2270 48 37 les-

2215 2332 136 50 quelles
2388 2336 105 44 porte
2530 2330 28 37 la
2596 2331 219 45 statistique,
2859 2329 75 34 M.O
2947 2329 30 33 M
3021 2325 80 46 loge-

2217 2392 114 32 ments
2354 2392 63 31 ont
2441 2388 61 34 été
2525 2386 172 35 terminés
2721 2398 42 22 en
2796 2384 99 39 1934,
2921 2386 68 32 soit
3020 2383 93 33 I.SOI

2217 2443 47 36 de
2292 2442 73 48 plus
2390 2442 107 47 qu'en
2533 2441 100 34 1933.
2660 2439 56 35 Ce
2742 2442 81 32 sont
2848 2436 48 36 les
2920 2438 80 44 cinq
3027 2434 94 37 villes

2217 2499 47 36 de
2297 2496 89 42 Baie,
2420 2497 120 39 Berne,
2572 2495 167 39 Genève,
2772 2493 194 39 Lausanne,
2996 2489 124 37 Zurich

2218 2568 58 32 qui
2309 2556 62 32 ont
2401 2550 30 37 le
2464 2549 73 48 plus
2568 2547 190 38 contribue
2789 2561 19 22 a
2839 2550 103 32 cette
2972 2549 150 31 activité

2218 2623 43 21 en
2287 2606 189 36 totalisant
2504 2604 73 48 plus
2602 2603 48 36 de
2676 2604 44 34 80
2748 2616 69 33 p.c.
2841 2601 48 35 de
2914 2598 4 54 I
2937 2598 185 38 ensemble

2218 2662 65 36 des
2309 2661 205 46 logements
2536 2659 184 36 terminés.

2222 2719 231 37 Néanmoins,
2480 2714 139 36 l'année
2652 2714 87 33 1935
2761 2726 44 21 va
2829 2707 275 39 vraisemblable-

2222 2776 98 32 ment
2348 2773 76 33 voir
2455 2769 134 36 baisser
2619 2771 101 32 cette
2750 2766 150 35 activité
2929 2766 24 33 si
2984 2762 66 36 l'on
3082 2776 42 21 en

2223 2829 83 45 juge
2344 2840 63 33 par
2441 2823 28 36 le
2506 2822 151 36 nombre
2692 2822 47 34 de
2777 2820 130 47 permis
2942 2818 47 35 de
3026 2831 81 21 cons-

2221 2883 108 33 truire
2357 2880 104 47 passé
2486 2877 47 36 de
2565 2878 125 34 13.600
2716 2890 42 21 en
2792 2875 85 34 §933
2905 2888 18 21 a
2950 2873 105 35 8.743
3083 2886 42 21 en

2229 2937 101 34 1934.

2228 3095 286 50 L'activité
2554 3093 75 49 du
2671 3092 295 48 bâtiment

2228 3184 150 47 dans
2419 3181 53 48 le
2514 3178 239 50 monde»

2230 3312 42 36 Le
2309 3310 141 37 Bulletin
2488 3311 207 45 statistique
2731 3306 47 36 de
2815 3304 28 37 la
2882 3305 148 36 Société
3066 3302 66 36 des

2231 3369 140 34 nations
2410 3364 130 49 publie,
2579 3365 18 34 à
2634 3363 49 35 fin
2721 3359 200 38 novembre
2965 3359 99 40 1934,
3103 3356 28 36 la

2229 3423 169 35 situation
2426 3420 48 36 de
2502 3418 172 37 l'activité
2702 3416 46 35 du
2779 3415 180 36 bâtiment
2985 3413 90 35 dans
3103 3411 29 36 le

2231 3476 146 36 monde.
2412 3474 155 36 L'indice
2601 3472 46 37 de
2683 3471 87 36 base
2810 3471 63 34 100
2906 3466 225 48 correspond

2231 3533 18 34 à
2278 3530 140 36 l'année
2452 3530 100 35 1928.
2582 3526 16 37 Il
2626 3530 55 32 est
2707 3526 140 34 curieux
2873 3523 48 36 de
2947 3526 188 32 constater

2231 3600 83 33 que,
2346 3584 130 48 depuis
2509 3585 101 33 cette
2642 3579 100 41 date,
2777 3593 42 21 en
2855 3577 182 47 Belgique,
3071 3590 64 21 aux

2234 3639 209 40 Etats-Unis,
2474 3652 42 21 en
2547 3634 228 45 Allemagne,
2805 3632 80 36 sauf
2916 3646 88 33 pour
3034 3634 101 31 cette

2232 3695 168 36 dernière
2439 3692 140 36 l'année
2625 3691 98 39 5929,
2764 3686 143 37 l'indice
2946 3685 189 36 d'activité

2233 3751 50 34 ait
2307 3750 61 34 été
2393 3762 42 21 en
2462 3744 128 49 rapide
2614 3743 225 36 diminution.
2867 3742 40 34 En
2935 3741 143 39 France,
3107 3737 28 36 la

2236 3804 117 36 baisse
2384 3817 17 21 a
2433 3799 215 37 commencé
2679 3812 42 20 en
2759 3798 100 39 1933,
2890 3810 43 21 en
2966 3792 97 38 Italie
3093 3807 42 21 en

2241 3860 99 38 1931,
2366 3871 42 21 en
2431 3855 115 35 Suisse
2571 3867 42 21 en
2645 3853 89 34 1934
2756 3849 210 41 seulement,
2992 3846 79 37 sauf
3095 3861 41 21 un

2235 3912 100 46 léger
2359 3909 254 37 affaissement
2638 3921 42 21 en
2713 3907 100 34 1932.
2839 3902 115 42 Seule,
2982 3900 138 47 l'Angle-

2234 3971 96 31 terre
2354 3980 17 20 a
2397 3964 174 35 conservé
2596 3976 66 21 une
2686 3960 149 37 activité
2859 3959 211 35 croissante.
