3274 4402
3014 4050 57 40 59

207 348 70 44 Fig.
318 350 37 33 19
388 353 39 30 et
466 352 60 33 19a
562 351 106 47 (Villa,
703 356 66 34 tiré
802 355 47 36 de
884 356 207 37 Ostendorf
1162 359 30 35 H
1199 373 62 21 aus
1295 359 68 36 und

204 401 143 36 Garten

206 454 50 35 Un
291 455 135 36 couloir
456 471 43 22 en
534 457 120 50 boyau
688 475 18 21 a
738 462 204 37 tendances
974 463 129 38 axiales
1133 467 73 34 très
1236 466 126 42 fortes,

204 523 86 22 nous
320 524 104 21 mene
454 526 68 21 non
554 527 64 32 pas
647 529 43 21 au
721 515 108 43 salon,
861 519 85 35 mais
977 533 63 33 par
1070 534 65 21 une
1166 524 106 43 porte
1301 521 42 36 dé-

203 562 114 37 robée
350 564 19 35 à
406 579 66 21 une
506 565 83 37 salle
623 569 19 34 à
678 583 150 33 manger
862 571 315 48 perpendiculaire
1210 576 19 33 à
1264 573 99 38 l'axe.

203 616 152 37 Celui-ci
390 617 146 38 aboutit
568 622 19 34 à
621 636 41 21 un
698 637 73 22 mur
802 639 79 21 sans
911 625 156 43 fenêtre,
1103 629 85 34 mais
1221 627 28 36 la
1286 643 58 33 per-

200 684 112 23 sonne
336 674 57 44 qui
418 672 170 37 voudrait
610 677 114 35 suivre
749 676 29 36 le
804 684 242 37 mouvement,
1070 695 101 22 verra
1197 696 35 21 sa
1259 687 104 32 route

204 724 128 37 barrée
361 740 64 33 par
452 741 67 21 une
545 727 134 38 cloison
708 735 37 31 et
771 746 61 22 son
860 735 181 34 attention
1070 736 131 35 attirée
1227 750 78 22 vers
1333 735 29 37 le

202 778 162 37 mobilier
396 780 149 47 disposé
579 797 43 21 au
654 788 125 32 centre
812 785 48 37 de
893 785 28 37 la
955 787 81 36 salle
1070 790 18 33 à
1124 802 160 33 manger.
1320 790 41 35 En

199 832 210 45 changeant
429 834 47 36 de
498 834 179 38 direction
700 837 64 37 elle
784 844 168 33 trouvera
976 844 138 33 ensuite
1136 842 28 36 la
1187 848 106 42 porte
1315 844 45 37 du

199 886 123 48 jardin,
346 889 107 46 après
474 891 84 45 quoi
581 889 65 37 elle
669 893 198 47 reprendra
891 893 28 37 la
943 893 93 48 ligne
1058 895 123 38 axiale.
1202 897 75 36 Ces
1298 897 43 37 dé-

199 945 98 31 tours
326 955 42 22 ne
397 948 123 30 seront
549 958 64 33 pas
641 947 114 35 évités
784 949 23 34 si
835 962 44 22 au
908 947 65 38 lieu
1002 950 249 47 d'emprunter
1280 950 65 38 l'en-

198 995 79 35 trée
301 995 209 48 principale,
533 1012 45 21 on
602 1001 153 45 pénètre
777 1001 90 36 dans
888 1001 28 36 la
940 1005 134 34 maison
1099 1019 63 32 par
1184 1004 29 37 le
1236 1006 124 47 jardin.

198 1115 44 34 20
268 1118 37 31 et
328 1116 68 34 20a
423 1114 107 49 (Villa,
555 1119 68 33 tiré
647 1117 47 37 du
721 1120 118 36 même
863 1122 188 47 ouvrage).

199 1167 43 36 Le
273 1166 63 37 but
367 1182 72 33 que
470 1184 36 21 se
539 1184 161 34 propose
733 1171 225 40 l'architecte
989 1180 55 32 est
1073 1176 48 37 de
1151 1176 130 38 diviser
1312 1177 47 38 les

199 1220 196 38 bâtiments
423 1237 42 22 en
493 1223 92 37 deux
614 1230 135 43 parties
776 1230 239 46 symétriques
1041 1230 90 36 dont
1159 1230 89 37 l'une
1276 1246 63 22 con-

196 1276 142 36 tiendra
369 1279 19 33 2
421 1291 124 33 pièces
574 1284 37 30 et
641 1276 3 55 I
663 1285 103 32 autre
803 1284 50 33 14.
884 1283 42 36 La
955 1283 138 48 façade
1121 1284 110 37 devra
1262 1286 97 36 donc

195 1330 79 35 être
304 1330 279 48 indépendante
611 1334 48 36 de
689 1333 309 49 l'aménagement
1027 1340 167 35 intérieur
1221 1339 46 36 du
1298 1340 41 36 bâ-

195 1385 141 35 timent.
365 1385 42 35 Le
436 1400 130 32 perron
592 1392 38 31 et
657 1387 29 36 le
712 1389 177 37 vestibule
916 1394 202 44 esquissent
1144 1408 41 21 un
1214 1408 120 22 mouve-

197 1443 97 30 ment
320 1438 87 36 axial
436 1442 58 45 qui
524 1455 43 21 ne
596 1446 88 43 peut
711 1444 214 47 cependant
952 1446 78 35 être
1059 1448 180 35 maintenu
1267 1448 90 36 dans

195 1491 28 36 le
253 1497 95 31 reste
376 1493 49 36 de
454 1493 28 37 la
513 1498 258 45 composition.

195 1610 71 46 Fig.
288 1613 38 33 21
355 1616 39 31 et
415 1614 68 34 21a
508 1613 94 47 (Villa
625 1614 326 51 d'avant-guerre).

195 1664 42 36 La
260 1664 139 48 façade
420 1666 47 36 du
491 1667 113 48 jardin
627 1683 92 21 avec
741 1684 61 21 son
827 1671 113 45 grand
964 1671 316 50 développement
1302 1679 55 32 est

194 1717 78 37 hors
295 1718 48 37 de
368 1725 215 43 proportion
609 1737 91 21 avec
724 1722 179 50 l'objectif
924 1728 85 34 visé.
1035 1727 41 34 En
1101 1730 254 45 comparaison

193 1771 47 37 de
272 1787 43 22 ce
345 1774 116 45 grand
494 1775 254 48 déploiement
779 1777 295 45 d'architecture,
1108 1780 28 37 le
1169 1780 63 38 hall
1265 1798 91 21 avec

192 1841 61 21 son
279 1827 165 37 encoche
471 1831 120 45 paraît
614 1844 99 22 assez
738 1834 173 45 mesquin.
936 1833 42 36 La
1003 1834 215 47 disposition
1243 1836 111 37 axiale

193 1880 47 36 de
279 1880 28 37 la
347 1881 191 38 cheminée
576 1888 55 31 est
669 1899 66 22 une
774 1888 258 35 réminiscence
1070 1888 47 37 de
1156 1888 198 39 l'ancienne

194 1937 135 34 maison
354 1951 187 33 paysanne
565 1939 44 34 où
634 1937 29 37 le
685 1938 106 48 foyer
813 1941 92 35 était
928 1940 28 37 le
980 1940 64 38 lieu
1069 1942 47 36 de
1139 1945 145 35 réunion
1307 1944 47 37 de

193 1988 27 36 la
247 1989 134 37 famille
408 1995 38 31 et
472 1990 30 37 le
529 1991 106 36 motif
662 1992 172 48 principal
862 1994 296 38 d'architecture.

192 2302 71 45 Fig.
287 2302 140 37 22-22b
452 2302 107 49 (Villa,
585 2305 66 34 tiré
677 2304 47 36 de
749 2304 218 44 Ostendorf,
993 2322 61 32 op.
1079 2308 84 48 cit.).

192 2356 41 35 La
269 2358 170 46 symétrie
474 2356 48 36 de
557 2356 28 37 la
620 2357 138 48 façade
794 2359 90 36 n'est
917 2374 71 33 que
1024 2376 63 32 pur
1118 2362 232 39 formalisme.

190 2409 104 37 C'est
329 2425 67 21 une
431 2413 183 34 tentative
649 2412 235 47 d'équilibrer
920 2429 41 21 un
997 2417 125 35 retrait
1157 2431 91 22 avec
1284 2433 66 21 une

188 2463 120 37 saillie.
333 2465 41 35 La
397 2464 21 36 d
427 2467 186 46 isposition
637 2466 65 36 des
727 2467 123 46 p:èces
873 2482 42 21 ne
938 2474 194 42 comporte
1156 2472 29 34 ni
1209 2471 141 37 axialité

186 2519 30 34 ni
240 2520 183 46 symétrie.

186 2831 71 47 Fig.
289 2832 139 36 23-23b
460 2831 94 49 (Villa
587 2832 18 48 d
214 2832 9 48 1
224 2833 672 47 après-guerre,
931 2833 177 38 influence
1140 2836 47 36 de
1220 2835 126 39 l'école

182 2885 274 49 d'Ostendorf).

185 2939 42 36 La
258 2942 170 45 symétrie
457 2940 48 36 de
536 2940 28 36 la
595 2940 139 47 façade
764 2945 55 31 est
847 2941 162 37 obtenue
1041 2958 64 33 par
1133 2942 47 39 les
1209 2946 134 36 mêmes

183 2994 183 46 procédés
394 2994 83 47 qu'à
505 2993 29 37 la
561 2993 66 47 fig.
655 2996 57 33 22.
741 2994 42 35 Le
811 2996 96 35 souci
936 2995 47 37 de
1010 2996 198 49 l'équilibre
1235 3014 18 21 a
1281 3001 61 35 été

183 3050 130 44 poussé
344 3063 43 21 au
420 3050 101 45 point
550 3048 196 35 d'annexer
774 3050 18 33 à
823 3047 28 37 la
881 3048 138 48 façade
1050 3052 196 49 principale
1276 3069 66 22 une

183 3101 200 37 buanderie
413 3107 38 31 et
482 3117 67 21 une
580 3101 137 36 étable.

179 3381 71 45 Fig,
272 3381 139 37 24-24b
435 3381 94 48 (Villa
554 3381 323 48 d'après-guerre).

179 3435 178 47 Disparité
385 3435 186 36 éclatante
597 3440 103 31 entre
726 3434 28 37 la
780 3435 138 47 façade
942 3438 107 46 qu'on
1076 3442 146 34 croirait
1246 3441 74 37 abri-

176 3493 56 32 ter
260 3504 41 21 un
331 3490 137 35 édifice
500 3488 120 49 public
649 3504 44 20 ou
724 3487 64 38 lieu
818 3489 47 36 de
895 3492 156 42 réunion,
1081 3497 38 32 et
1147 3492 190 40 l'intérieur

176 3545 200 34 consistant
407 3558 42 21 en
484 3558 40 21 un
557 3547 264 43 appartement
853 3544 167 37 modeste
1051 3546 112 37 divisé
1195 3563 42 21 en
1269 3564 67 22 une

175 3598 90 35 série
292 3597 48 36 de
369 3600 134 45 petites
532 3598 136 47 pièces.
696 3597 61 35 Les
785 3598 303 46 portes-fenêtres
1114 3607 80 30 sont
1222 3604 96 47 préju-

176 3650 176 37 diciables
389 3666 44 21 au
473 3654 102 45 point
611 3650 47 36 de
694 3665 68 21 vue
799 3650 144 37 chaleur
979 3657 37 32 et
1051 3655 284 38 ameublement.

177 3704 220 47 L'éclairage
430 3706 47 36 du
512 3704 150 37 cabinet
695 3704 48 36 de
775 3705 125 36 travail
935 3711 54 32 est
1021 3708 222 38 défectueux
1263 3725 7 21 :
1305 3710 28 37 la

175 3757 144 38 lumière
347 3764 135 31 venant
508 3759 83 36 d'en
623 3758 63 36 bas
714 3763 54 31 est
795 3759 232 46 aveuglante.
1056 3762 41 36 La
1124 3762 139 48 façade
1291 3779 42 22 ne

174 3813 223 47 correspond
424 3828 64 33 pas
510 3828 44 21 au
578 3812 191 36 caractère
794 3812 186 38 moderne.
