5204 7127
542 6686 149 68 120

548 358 164 110 Er
810 360 154 108 ist
1056 394 406 106 mager
1555 360 252 110 und
1897 358 310 112 wird
2297 358 193 110 nie

546 532 474 109 sterben

544 719 273 84 Tibor
878 720 232 109 Déry

541 927 293 74 Nachts
920 927 198 73 blies
1203 927 303 71 starker
1589 924 262 94 Wind,
1931 927 210 93 jagte
2226 946 267 74 grosse

542 1040 466 77 Schwärme
1035 1039 515 76 summender
1579 1040 486 94 Goldfliegen
2095 1061 239 74 gegen
2363 1040 129 75 die

542 1154 239 76 Stadt.
885 1156 157 72 Der
1078 1156 372 94 Fotograf
1492 1156 407 72 beachtete
1934 1156 112 72 sie
2083 1154 237 93 nicht,
2375 1157 115 71 als

544 1291 87 49 er
715 1269 139 73 das
934 1269 394 75 Glasdach
1406 1271 308 73 öffnete.
1850 1269 106 73 Er
2038 1272 201 90 legte
2320 1271 170 73 sich

542 1384 376 73 schlafen.
1025 1386 152 71 Um
1223 1384 495 75 Mitternacht
1767 1391 254 68 tanzte
2075 1386 140 73 der
2248 1386 244 95 Vogel

544 1498 252 74 durch
851 1499 128 73 die
1032 1484 342 108 Öffnung
1450 1501 124 71 ins
1628 1499 310 93 Atelier,
2017 1501 261 75 schrie
2327 1503 166 71 laut

541 1613 167 76 und
817 1616 305 71 weckte
1222 1614 149 73 den
1465 1614 356 75 Schläfer
1895 1618 155 71 auf.
2158 1657 93 10 —
2365 1616 127 75 Ich

541 1731 316 73 möchte
896 1730 207 72 noch
1140 1730 354 74 schlafen
1547 1770 84 10 —
1680 1736 212 87 sagte
1929 1730 141 72 der
2104 1731 386 93 Fotograf,

542 1846 209 72 denn
827 1867 86 49 er
988 1843 193 73 hielt
1257 1843 127 73 die
1460 1843 268 93 Augen
1809 1845 137 73 des
2009 1845 279 93 Vogels
2366 1846 127 72 für

537 1962 497 89 Morgenröte
1069 1958 163 73 und
1269 1960 334 91 glaubte,
1643 1958 180 75 dass
1860 1967 239 66 unten
2138 1962 140 71 auf
2307 1958 183 75 dem

539 2075 249 73 Asfalt
883 2073 129 73 die
1096 2075 454 93 Mistwagen
1648 2075 468 75 kreischten.
2261 2077 229 73 Dann

539 2189 202 74 warf
790 2212 86 49 er
927 2189 164 72 sich
1140 2187 132 74 auf
1308 2189 127 72 die
1474 2190 215 92 Knie,
1743 2190 288 73 weinte
2068 2189 163 74 und
2256 2190 236 73 flehte

539 2329 137 49 um
730 2304 293 74 Gnade.
1128 2302 158 74 Der
1321 2304 241 93 Vogel
1614 2305 192 71 aber
1857 2326 165 52 sass
2075 2305 232 93 ruhig
2358 2307 142 73 auf

539 2422 183 73 dem
812 2420 215 73 Dach
1122 2419 135 73 des
1343 2420 605 94 fotografischen
2033 2420 457 95 Apparates.

537 2537 109 71 Er
697 2542 240 88 sagte:

541 2691 84 12 —
681 2652 214 92 Lüge
971 2651 235 91 nicht,
1288 2656 216 68 sonst
1555 2651 256 73 beisse
1862 2651 127 74 ich
2046 2651 125 73 dir
2221 2652 77 72 in
2356 2651 129 74 die

537 2766 276 74 Kehle!
871 2808 86 9 —

537 2920 88 12 —
681 2881 127 73 Ich
863 2883 204 71 habe
1120 2881 179 73 kein
1342 2881 186 71 Brot
1580 2879 166 73 und
1797 2881 286 73 keinen
2139 2884 351 94 einzigen

539 2996 222 75 Stern
844 3039 88 8 —
1010 3003 208 85 sagte
1298 2995 140 74 der
1518 2996 376 93 Fotograf
1960 2998 166 71 und
2202 3018 291 73 sprang

527 3110 459 95 jammernd
1023 3111 82 73 in
1144 3110 127 72 die
1301 3111 698 73 Dunkelkammer.
2088 3113 226 73 Doch
2351 3113 141 73 der

534 3225 240 95 Vogel
859 3227 242 71 nahm
1184 3225 141 73 ihn
1401 3227 215 71 beim
1669 3227 210 71 Haar
1943 3227 166 72 und
2158 3247 144 74 zog
2349 3227 139 74 ihn

532 3342 322 72 zurück.
986 3342 144 71 Die
1208 3342 266 71 Mäuse
1552 3342 357 93 piepsten
1987 3340 262 74 scharf
2324 3343 166 73 und

532 3455 551 73 beleuchteten
1137 3457 144 69 mit
1333 3455 639 93 gespenstischen
2007 3457 291 74 blauen
2337 3460 101 71 La-

532 3577 275 66 ternen
886 3570 151 73 den
1115 3570 489 73 Fussboden.
1689 3611 96 10 —
1868 3574 136 72 Ich
2055 3574 254 76 hab's!
2395 3618 93 10 —

534 3685 256 75 schrie
868 3685 140 73 der
1057 3687 242 93 Vogel
1379 3684 164 73 und
1621 3706 141 76 zog
1814 3709 139 51 aus
2009 3685 152 75 den
2214 3690 271 73 Ritzen

534 3801 137 72 des
751 3802 349 73 Parketts
1181 3801 130 72 die
1394 3801 446 94 Fotografie
1916 3802 142 73 der
2134 3804 352 76 blonden

531 3916 379 95 Jungfrau
961 3914 316 75 heraus.

536 4031 155 73 Der
736 4033 733 89 Zeitungszusteller
1518 4034 201 92 legte
1772 4033 206 72 kalte
2016 4034 470 95 Umschläge

532 4148 141 71 auf
715 4144 127 73 die
879 4146 261 73 Stirne
1186 4146 135 73 des
1360 4148 490 93 Fotografen,
1906 4148 127 73 die
2068 4149 417 75 Milchfrau

532 4278 192 75 rang
802 4259 128 73 die
984 4259 300 73 Hände.
1362 4302 91 10 —
1533 4261 134 73 Ich
1745 4263 132 71 bin
1956 4285 99 51 zu
2131 4270 173 88 spät
2354 4285 88 73 ge-

532 4376 378 73 kommen
991 4415 88 9 —
1159 4381 210 88 sagte
1421 4375 141 74 der
1614 4378 590 93 Bäckergehilfe
2254 4420 92 12 —
2400 4405 86 49 er

531 4490 154 93 flog
759 4490 285 93 gerade
1122 4515 179 49 zum
1387 4491 326 73 Fenster
1782 4493 303 73 hinaus.
2170 4535 88 11 —
2337 4497 146 72 Die

531 4625 238 73 ganze
796 4608 608 93 Versammlung
1420 4610 426 93 jammerte
1873 4612 185 91 laut,
2099 4610 381 76 draussen

531 4720 381 75 donnerte
934 4720 140 73 der
1091 4722 349 73 Himmel
1465 4723 163 73 und
1652 4730 166 66 rote
1846 4725 239 75 Blitze
2111 4727 370 73 kreuzten

532 4839 195 71 über
763 4835 184 75 dem
983 4837 415 74 Glasdach.
1501 4842 157 71 Der
1685 4842 260 91 Regen
1975 4847 327 69 strömte
2329 4844 154 72 wie

529 4976 139 51 aus
707 4954 321 73 Eimern
1084 4952 163 75 und
1288 4954 127 74 die
1453 4954 451 95 gedunsene
1939 4957 292 73 Leiche
2266 4957 215 75 eines

531 5067 406 97 Säuglings
1020 5069 445 74 schwamm
1542 5071 142 71 auf
1750 5064 152 79 den
1956 5071 310 74 Wellen
2346 5071 137 74 des

529 5184 289 75 Kanals
856 5209 147 50 vor
1042 5186 183 73 dem
1255 5187 325 73 Fenster
1613 5187 372 75 vorüber.
2065 5187 159 73 Der
2251 5187 234 75 Vater

529 5297 140 73 der
707 5301 425 93 geraubten
1167 5303 380 91 Jungfrau
1601 5301 360 74 erschien
2016 5303 79 71 in
2139 5303 294 72 Trauer-

527 5414 359 73 kleidern
964 5416 114 71 im
1130 5413 295 76 Atelier
1477 5416 166 73 und
1706 5416 149 75 riss
1907 5416 171 75 sich
2133 5419 143 72 mit
2327 5418 153 74 den

527 5533 300 91 Nägeln
881 5529 127 75 die
1062 5533 229 73 Brust
1345 5533 268 93 blutig.

527 5646 158 71 Der
719 5645 242 94 Vogel
1015 5646 188 73 aber
1252 5651 256 68 tanzte
1558 5646 470 75 unsichtbar
2078 5648 198 73 über
2329 5646 151 76 den

526 5760 340 74 Wolken
918 5760 166 74 und
1137 5761 271 75 wohin
1464 5785 84 51 er
1597 5770 171 86 trat,
1840 5763 279 75 wuchs
2173 5783 308 75 grosses

529 5875 378 93 Unglück.

529 6032 86 9 —
673 5992 120 71 Du
849 5993 220 72 wirst
1122 5992 309 73 sterben
1472 6032 88 11 —
1603 5999 208 88 sagte
1858 5992 127 79 die
2022 5993 287 75 Mutter
2344 5993 137 75 des

529 6107 488 95 Fotografen,
1056 6110 113 70 als
1208 6109 112 72 sie
1357 6107 205 74 nach
1596 6109 367 74 Monaten
1999 6109 228 72 ihren
2266 6109 215 76 Sohn

529 6220 469 75 wiedersah.
1125 6220 105 75 Er
1282 6244 165 51 sass
1503 6229 227 68 unter
1782 6222 183 73 dem
2019 6224 257 91 Tisch,
2351 6227 141 71 auf

529 6335 183 72 dem
732 6334 457 76 Fussboden
1210 6339 123 91 lag
1347 6342 372 70 zerstreut
1733 6339 164 73 sein
1916 6341 565 93 ausgefallenes

526 6449 335 76 blondes
915 6452 230 73 Haar.
1213 6493 91 8 —
1359 6452 157 75 Seit
1569 6452 169 77 drei
1789 6454 364 76 Monaten
2210 6454 138 75 hat
2398 6478 87 52 er

2723 351 282 75 keinen
3059 350 271 74 Bissen
3386 368 369 76 gegessen
3824 390 90 12 —
3978 355 212 89 sagte
4241 350 130 74 die
4420 350 207 76 Haus-

2722 465 406 74 meisterin
3165 463 168 73 und
3382 465 146 73 lief
3546 463 461 97 jammernd
4036 466 140 73 auf
4195 465 129 74 die
4352 465 322 76 Strasse.

2723 582 148 74 Ein
2923 578 512 78 leuchtendes
3487 582 275 74 blaues
3799 582 156 74 Mal
4007 582 361 74 erschien
4419 582 81 72 in
4539 580 140 74 der

2725 697 254 74 Stirne
3016 695 141 74 der
3182 695 303 74 Mutter.
3552 695 128 74 Sie
3707 697 303 74 löschte
4041 695 139 74 das
4210 697 468 74 elektrische

2723 810 229 75 Licht
2984 832 143 51 aus
3162 808 166 75 und
3367 808 147 94 gab
3553 808 185 73 dem
3765 810 466 95 Fotografen
4270 832 142 53 aus
4446 808 230 75 ihren

2723 927 331 73 Brüsten
3106 947 98 51 zu
3255 925 337 73 trinken.
3695 925 229 73 Dann
3978 929 210 71 starb
4236 927 135 74 sie.
4474 927 202 73 Dem

2722 1039 467 95 Fotografen
3221 1039 381 73 wuchsen
3624 1037 129 73 die
3772 1039 257 74 Haare
4046 1040 300 77 wieder
4363 1040 313 92 heraus,

2723 1179 87 49 er
2884 1154 231 74 stand
3189 1156 142 72 auf
3401 1154 166 74 und
3628 1152 333 76 zündete
4016 1156 140 74 das
4209 1156 294 74 Atelier
4552 1179 124 51 an.

2723 1271 112 73 Im
2852 1269 259 93 Wald,
3128 1269 400 76 zwischen
3552 1267 154 77 den
3726 1271 450 91 glühenden
4198 1271 478 91 Erdbeeren,

2722 1386 301 73 lauerte
3072 1408 85 49 er
3208 1382 186 75 dem
3443 1384 241 95 Vogel
3736 1386 154 73 auf.

2725 1499 146 73 Gib
2925 1499 113 73 sie
3089 1501 158 71 mir
3299 1523 151 49 nur
3484 1501 144 73 auf
3655 1501 173 73 eine
3865 1499 298 75 Stunde
4197 1503 332 74 zurück!
4583 1543 93 12 —

2725 1618 210 90 sagte
2998 1636 84 50 er
3133 1653 90 11 —
3279 1611 210 75 dann
3541 1614 287 73 kannst
3880 1614 107 73 du
4039 1616 156 71 mir
4247 1616 127 75 die
4430 1618 249 73 Kehle

2725 1726 573 76 durchbeissen
3350 1770 90 9 —

2725 1843 208 73 Aber
2983 1843 140 73 der
3159 1845 242 93 Vogel
3453 1846 248 73 nahm
3753 1845 129 74 die
3917 1846 439 95 Fotografie
4405 1848 80 73 in
4525 1848 154 75 den

2725 1958 395 76 Schnabel
3172 1960 166 73 und
3386 1962 157 91 flog
3592 1962 295 71 weiter.
3990 1962 202 71 Laut
4217 1962 464 93 jammernd

2722 2077 289 93 folgten
3060 2073 171 75 ihm
3267 2077 142 69 auf
3436 2073 141 75 der
3612 2075 515 76 Landstrasse
4166 2077 129 73 die
4327 2078 352 85 Männer,

2725 2189 127 74 die
2927 2190 176 73 ihre
3154 2190 308 73 Frauen
3531 2192 400 71 verlassen
3985 2192 269 73 hatten
4307 2192 167 73 und
4525 2194 154 72 wie

2725 2304 129 74 die
2906 2304 287 74 Hunde
3257 2307 142 71 mit
3450 2324 401 74 magerem
3905 2307 241 73 Leibe
4198 2309 244 71 litten.
4559 2309 117 73 An

2725 2419 142 74 der
2920 2420 254 95 Spitze
3248 2427 276 68 rannte
3604 2422 141 73 der
3797 2422 376 95 Fotograf
4225 2424 166 74 und
4441 2424 238 74 bellte

2722 2558 147 50 vor
2920 2534 394 74 Schmerz.
3441 2536 398 74 Bienchen
3917 2537 254 95 flogen
4249 2537 430 75 summend

2718 2651 197 73 über
2945 2649 227 75 ihren
3211 2651 305 93 Köpfen
3570 2651 166 73 und
3785 2654 286 73 Hessen
4110 2661 273 66 süssen
4422 2656 257 95 Honig

2718 2766 144 73 auf
2930 2766 129 73 die
3132 2766 299 74 müden
3485 2768 243 72 Füsse
3804 2769 266 73 fallen.
4198 2769 151 73 Am
4403 2769 276 75 Rande

2725 2879 144 75 der
2915 2879 513 77 Landstrasse
3479 2883 216 73 barst
3746 2883 124 73 ein
3909 2883 547 74 Baumstamm
4508 2890 126 67 ent-

2723 2996 219 92 zwei,
2957 2996 496 75 schleuderte
3469 2998 387 73 Laternen
3870 3020 140 52 aus
4027 3000 298 72 seinem
4339 3000 335 74 Inneren

2725 3110 164 74 und
2942 3113 491 73 beleuchtete
3485 3113 129 75 die
3667 3115 274 74 Nacht.

2727 3227 156 72 Der
2957 3233 170 66 rote
3176 3227 240 74 Mond
3496 3230 125 93 lag
3672 3228 140 73 auf
3855 3230 186 73 dem
4095 3230 351 74 Himmel
4522 3233 156 73 wie

2725 3342 125 71 ein
2913 3342 417 94 trächtiges
3367 3343 185 73 Tier
3602 3343 166 73 und
3817 3343 420 75 murmelte
4288 3345 386 76 drohend.

2727 3455 107 73 Er
2867 3457 231 73 trank
3132 3459 176 71 eine
3335 3457 284 74 Wolke
3653 3482 144 49 aus
3834 3459 166 72 und
4038 3459 127 74 die
4192 3462 486 93 Roggensaat

2723 3596 133 49 am
2906 3572 246 74 Fusse
3204 3574 141 72 der
3397 3575 243 92 Berge
3689 3575 406 75 trocknete
4146 3577 149 73 ein.

2723 3685 1237 100 DerFotografbegegneteeinem
3975 3694 210 71 alten
4202 3690 471 99 Kaufmann,

2722 3801 142 74 der
2939 3826 140 51 aus
3152 3804 184 74 dem
3387 3802 205 78 Auto
3645 3807 360 95 ausstieg,
4060 3806 128 76 die
4239 3809 244 75 Füsse
4534 3809 139 76 des

2720 3916 466 95 Fotografen
3238 3919 266 75 küsste
3555 3921 168 73 und
3763 3921 139 73 ihn
3943 3922 728 95 folgendermassen

2718 4034 427 93 ansprach:
3169 4034 171 75 Von
3362 4034 273 75 deiner
3650 4038 257 72 Stirne
3924 4039 349 73 strahlen
4288 4039 331 75 Radium-

2720 4154 256 68 sterne
3052 4149 168 73 und
3296 4149 110 75 du
3479 4151 156 75 bist
3695 4154 212 73 stark
3983 4154 154 73 wie
4214 4156 125 71 ein
4397 4156 276 76 Büffel.

2718 4261 127 73 Ich
2896 4263 269 73 werde
3203 4263 184 74 dich
3421 4265 81 72 in
3540 4268 349 73 meinem
3927 4270 288 72 Garten
4253 4270 144 72 mit
4432 4271 241 73 Milch

2715 4376 166 73 und
2901 4378 78 71 in
3000 4378 169 74 Fett
3186 4381 525 94 gebackenem
3729 4383 188 93 Teig
3934 4383 332 95 speisen,
4283 4390 390 68 erwärme

2715 4493 158 73 mir
2925 4495 210 73 mein
3187 4495 244 74 Alter!

2717 4610 159 71 Der
2895 4610 375 93 Fotograf
3287 4612 280 72 wurde
3592 4613 80 73 in
3702 4613 283 75 weisse
4004 4613 230 75 Seide
4259 4615 410 93 gekleidet.

2715 4722 224 76 Doch
3018 4723 127 75 die
3198 4725 369 75 Trauben
3621 4730 110 71 im
3787 4729 371 72 Geschirr
4209 4732 458 73 trockneten

2717 4839 123 71 ein
2918 4839 166 74 und
3135 4839 142 76 der
3328 4844 445 89 gebackene
3826 4844 190 91 Teig
4066 4845 163 93 fing
4280 4845 259 75 Feuer
4586 4847 83 73 in

2717 4954 140 74 der
2911 4957 287 75 Sonne.
3298 4959 115 71 Im
3469 4959 286 73 Garten
3811 4960 127 92 lag
3990 4981 105 71 er,
4149 4979 195 76 ganz
4395 4983 278 76 mager

2715 5071 273 91 schon,
3069 5071 274 74 nachts
3416 5072 515 75 beobachtete
4002 5096 85 51 er
4139 5074 129 76 die
4320 5077 349 93 Männer,

2717 5184 127 75 die
2896 5186 330 95 singend
3279 5209 147 53 vor
3463 5186 185 76 dem
3684 5189 215 73 Zaun
3936 5191 528 96 vorbeizogen
4503 5194 168 75 und

2717 5299 154 75 den
2949 5301 242 95 Vogel
3267 5301 356 76 suchten.
3753 5306 146 73 Die
3951 5306 208 74 Frau
4237 5306 136 76 des
4427 5309 196 73 Kauf-

2715 5440 332 51 mannes
3099 5419 344 94 verjagte
3497 5419 114 73 sie
3663 5423 144 71 mit
3858 5421 257 75 ihrem
4165 5423 274 74 Besen.
4544 5424 129 75 Sie

2715 5533 237 93 gebar
3001 5535 198 74 zwei
3250 5535 347 94 gesunde
3636 5535 285 96 Söhne,
3975 5545 256 67 tanzte
4266 5540 400 94 glücklich

2715 5648 112 73 im
2881 5648 604 76 Schlafzimmer
3557 5651 167 75 und
3789 5651 140 77 der
3980 5655 227 73 Stern
4261 5653 137 76 des
4449 5662 176 67 trau-

2713 5763 219 93 rigen
2964 5763 467 95 Fotografen
3460 5767 413 77 leuchtete.
3914 5809 88 8 —
4043 5768 127 75 Ich
4198 5770 134 73 bin
4364 5770 303 95 gesund

2715 5880 425 93 geworden
3218 5922 90 10 —
3387 5888 214 88 sagte
3677 5883 140 75 der
3882 5883 448 75 Kaufmann
4408 5887 261 73 seiner

2715 5995 283 75 Gattin.
3077 6037 90 11 —
3247 5997 178 74 Und
3497 5999 131 74 ich
3706 5999 205 74 habe
3975 6000 125 73 dir
4148 6002 201 73 zwei
4403 6000 264 75 Söhne

2715 6112 340 91 geboren
3138 6153 92 11 —
3306 6119 210 88 sagte
3582 6114 130 72 die
3787 6115 230 75 Frau.
4143 6097 211 91 Über
4403 6115 263 75 ihrem

2715 6224 516 98 Handgelenk
3282 6227 292 75 schnitt
3618 6230 113 72 sie
3767 6230 169 73 sich
3973 6227 129 75 die
4137 6229 212 74 Ader
4386 6229 276 95 durch,

2715 6342 337 75 mischte
3103 6342 181 75 Blut
3335 6346 81 71 in
3455 6342 129 75 die
3621 6344 349 95 Speisen,
4024 6346 191 72 aber
4251 6344 142 76 der
4427 6347 190 73 Foto-

2715 6457 173 90 graf
2959 6456 223 76 hörte
3259 6459 213 75 eines
3552 6459 291 76 Nachts
3922 6457 129 75 die
4114 6459 335 76 Stimme
4525 6459 137 76 des
