2839 5075
899 72 424 71 BRUNO'S
1456 78 454 68 WEEKLY.

2635 88 76 58 73

1145 1978 330 78 Milligan
1524 1979 210 64 Place

78 2175 58 66 is
198 2197 41 44 a
300 2177 210 79 piano
572 2175 248 66 soloist
879 2173 79 66 of
1023 2182 200 69 great
1282 2168 327 81 promise.
1712 2167 240 69 While
2012 2168 537 81 interpretation
2611 2168 81 68 of

76 2261 117 66 the
259 2273 200 68 great
523 2271 298 56 masters
886 2260 59 66 is
1011 2260 118 64 the
1194 2278 132 44 one
1392 2256 235 78 object
1692 2255 81 67 of
1842 2255 180 67 Miss
2088 2256 257 80 James'
2413 2266 283 70 present

78 2348 284 78 studies,
420 2348 122 66 she
594 2346 60 66 is
706 2346 239 80 trying
977 2349 95 65 Ito
1128 2344 144 65 find
1326 2365 41 42 a
1419 2341 259 69 chance
1731 2351 72 56 to
1856 2341 208 81 bring
2113 2343 127 64 her
2291 2365 158 44 own
2503 2363 142 44 com-

76 2434 344 80 positions
476 2434 252 64 before
782 2454 43 43 a
879 2432 195 78 large
1128 2429 249 81 public.
1478 2429 141 66 She
1675 2427 144 68 will
1871 2427 161 82 play
2086 2429 395 78 Thursday,
2540 2427 116 66 Fri-

76 2520 137 78 day
259 2519 137 64 and
450 2519 353 78 Saturday
848 2515 236 82 nights
1133 2537 41 43 a
1223 2514 330 67 selection
1605 2514 192 66 from
1846 2514 127 64 her
2018 2536 161 44 own
2228 2514 217 66 work.
2538 2514 154 64 Her

80 2605 653 80 ''improvisations"
799 2603 280 66 contain
1145 2625 40 43 a
1253 2603 141 65 few
1461 2612 246 68 strong
1771 2600 298 66 motives
2135 2598 231 68 which
2430 2598 222 70 unmis-

75 2691 284 80 takably
412 2712 184 45 were
652 2690 376 66 conceived
1084 2698 123 56 out
1262 2688 196 66 there
1514 2686 71 65 in
1641 2688 152 64 that
1847 2688 148 64 real
2051 2685 330 67 America
2435 2686 83 68 of
2574 2686 117 66 the

78 2779 223 65 West
408 2776 154 64 Her
1167 2774 137 65 and
1367 2774 116 65 the
1996 2771 139 66 and
2494 2773 70 64 in
2628 2771 66 64 D

437 2864 91 78 by
583 2862 208 80 Bach,
850 2884 119 43 are
1025 2861 203 66 other
1282 2861 330 66 numbers
1670 2859 79 66 of
1812 2857 127 66 her
1995 2879 350 60 program.

75 3008 707 115 Greenwich
838 3008 473 132 Village
1372 3008 387 112 Street
1815 3006 440 110 Names

74 3167 339 77 Waverly
462 3167 219 63 Place

163 3252 340 78 Waverly
562 3252 209 64 Place
830 3270 142 46 was
1031 3248 163 66 thus
1253 3248 412 76 designated
1722 3247 71 66 in
1856 3257 159 56 1833
2074 3270 92 44 on
2223 3247 119 67 the
2403 3245 294 83 petition

75 3338 81 66 of
217 3340 118 64 the
395 3360 276 44 owners
733 3336 82 66 of
875 3336 119 65 the
1053 3336 271 78 private
1385 3335 396 66 residences
1844 3336 278 65 erected
2181 3345 73 56 at
2311 3336 153 63 that
2523 3335 168 66 time

74 3446 89 44 on
205 3424 118 66 the
359 3424 213 66 north
613 3423 147 66 side
801 3421 81 68 of
921 3421 474 80 Washington
1444 3419 270 80 Square
1753 3419 71 66 in
1864 3419 229 68 honor
2134 3421 83 66 of
2262 3419 114 68 Sir
2416 3419 276 68 Walter

81 3509 217 68 Scott.

164 3597 153 64 The
379 3594 495 83 appreciation,
943 3594 119 66 for
1124 3592 212 81 being
1397 3592 412 81 gratifying,
1873 3592 208 68 could
2144 3602 127 56 not
2330 3594 86 64 be
2479 3594 215 64 taxed

80 3682 169 66 with
330 3683 236 66 undue
649 3682 237 76 haste;
974 3680 255 66 almost
1311 3690 264 68 twenty
1653 3700 203 58 years
1946 3678 139 68 had
2169 3680 253 78 passed
2508 3678 188 66 since

500 3790 81 44 or
625 3766 144 68 Tis
818 3766 207 80 Sixty
1063 3766 226 66 Years
1629 3765 137 66 had
1812 3765 156 66 first
2007 3765 174 66 been
2223 3765 388 81 published.

80 3854 205 65 Bank
334 3854 238 65 Street

168 3941 199 64 Bank
430 3939 234 66 Street
721 3939 195 66 dates
980 3937 192 68 from
1228 3937 118 66 the
1409 3936 168 69 time
1634 3937 81 66 of
1776 3937 117 66 the
1956 3937 198 66 fever
2215 3936 352 81 epedemic
2626 3936 70 64 in

83 4034 178 69 1822,
318 4025 202 67 when
572 4046 383 46 numerous
1011 4024 296 66 wooden
1358 4022 354 80 buildings
1770 4046 182 44 were
2007 4024 277 66 erected
2337 4024 167 64 here
2560 4024 138 64 and

78 4112 379 66 elsewhere
494 4134 78 44 as
613 4122 405 69 temporary
1052 4110 221 68 banks
1316 4112 137 64 and
1494 4112 230 66 offices
1771 4110 115 66 for
1929 4110 118 70 the
2086 4132 126 44 use
2252 4110 80 66 of
2376 4108 318 66 business

81 4219 180 44 men.

168 4283 188 66 Such
406 4305 144 44 was
599 4281 119 68 the
769 4279 550 83 panic-inspired
1370 4279 305 82 rapidity
1726 4281 167 66 with
1946 4279 228 68 which
2223 4281 197 66 these
2474 4291 187 56 struc-

78 4381 195 56 tures
325 4391 186 48 were
561 4369 233 66 raised
843 4369 154 66 that
1047 4391 88 44 an
1189 4369 443 80 eye-witness
1685 4369 149 65 told
1888 4368 373 66 Historian
2317 4371 240 64 Devoe
2611 4369 85 63 he

85 4478 144 44 saw
296 4476 170 44 corn
533 4454 326 81 growing
925 4476 89 44 on
1082 4454 117 66 the
1267 4476 249 44 corner
1588 4456 82 64 of
1739 4454 410 66 Hammond
2230 4454 198 78 (now
2494 4456 205 64 West

88 4540 379 82 Eleventh)
532 4542 137 64 and
721 4540 117 66 the
892 4539 271 67 Fourth
1219 4540 268 66 Streets
1539 4562 92 44 on
1683 4562 41 43 a
1780 4539 354 79 Saturday
2183 4540 328 78 morning
2564 4542 135 64 and

76 4627 90 78 by
203 4627 119 66 the
364 4625 374 81 following
777 4627 317 79 Monday
1133 4627 330 79 morning
1505 4625 221 80 Sykes
1770 4627 137 66 and
1952 4625 212 68 Niblo
2206 4625 141 68 had
2389 4649 43 44 a
2474 4627 222 67 hous*

80 4713 277 64 erected
410 4735 90 44 on
555 4711 117 66 the
728 4723 158 68 spot
938 4713 283 81 capable
1275 4713 83 68 of
1414 4711 608 82 accommodating
2078 4721 120 58 300
2252 4713 359 68 boarders,

91 4799 112 80 (to
251 4801 86 66 be
388 4799 415 83 continued)
