3650 4427
1741 123 58 55 93

144 272 166 53 falsche
341 271 302 67 Vorstellung
672 265 292 57 bekommen.
1011 271 64 51 So
1117 287 83 50 arg
1238 268 59 50 ist
1345 283 48 34 es
1435 266 122 51 denn
1599 266 117 51 doch

142 360 125 50 nicht
408 357 112 51 aber
550 355 182 59 freilich,
763 374 106 31 man
898 355 121 50 lacht
1047 353 117 51 über
1195 352 121 50 diese
1349 350 241 68 geistreich
1619 350 73 49 hin-

144 444 297 67 geworfenen
487 441 191 49 Skizzen
728 441 161 49 immer
929 438 186 59 wieder,
1166 454 137 31 wenn
1345 452 106 32 man
1495 435 62 49 sie
1602 435 114 49 auch

145 527 142 51 schon
318 526 202 51 hundert
549 525 91 52 Mal
672 526 201 66 gesehen
917 525 94 48 hat.
1077 524 94 47 Das
1213 518 244 51 Publicum
1501 517 143 51 bleibt
1674 518 45 49 in

144 611 174 67 ewiger
348 612 268 66 Spannung,
647 610 58 49 ist
737 609 161 57 sicher,
937 605 119 51 auch
1100 604 70 59 da,
1221 620 76 33 wo
1336 601 134 69 jeder
1510 601 211 67 Ausweg

144 696 64 50 als
240 696 73 50 ein
338 695 165 52 höchst
534 692 341 70 gewöhnlicher
898 690 95 49 und
1023 687 311 68 langweiliger
1349 692 221 45 erwartet
1600 704 90 33 wer-

145 779 89 51 den
263 798 142 42 muss,
437 779 210 51 dennoch
686 774 272 52 überrascht
1000 790 57 31 zu
1101 771 203 56 werden,
1349 770 95 51 und
1484 770 121 49 lacht
1646 788 73 31 am

141 865 131 51 Ende
304 865 95 50 drei
440 864 66 49 bis
548 863 94 49 vier
686 859 210 51 Stunden
936 858 107 67 lang
1081 855 116 51 über
1240 856 165 66 Dinge,
1449 855 176 51 welche
1668 871 48 34 es

142 949 223 51 ernsthaft
394 946 95 50 und
518 944 205 52 wirklich
755 959 276 51 genommen
1061 939 343 51 verabscheuen
1444 939 177 51 würde.

267 1032 156 49 Ueber
464 1030 155 50 diesen
658 1029 123 48 Text
823 1026 78 50 hat
940 1025 226 69 Halevy
1211 1024 99 49 eine
1355 1023 149 50 seiner
1555 1023 165 49 besten

142 1117 265 49 Partituren
440 1110 313 71 geschrieben,
783 1128 97 34 was
927 1110 79 51 das
1037 1109 240 50 Publicum
1321 1108 95 49 und
1458 1106 70 50 die
1567 1104 152 52 Kritik

142 1200 117 52 nach
290 1199 169 51 bereits
485 1199 103 51 fünf
611 1197 357 67 Aufführungen
998 1195 87 50 fast
1108 1192 274 67 einstimmig
1411 1192 308 49 anerkennen.

144 1287 80 49 Ich
252 1284 92 52 will
375 1286 120 49 denn
526 1283 116 51 auch
672 1283 130 50 keine
835 1278 274 70 Opposition
1141 1277 191 50 machen
1363 1275 95 50 und
1496 1275 121 50 halte
1650 1274 70 50 die

142 1369 154 52 Musik
328 1369 146 51 dieses
499 1366 167 53 Nabob
704 1367 61 49 im
796 1366 187 49 Ganzen
1021 1362 74 51 für
1125 1360 106 51 sehr
1263 1360 254 68 gelungen;
1557 1359 64 51 sie
1663 1358 57 51 ist

145 1454 83 52 der
257 1453 197 51 leichten
484 1453 207 66 Gattung
722 1451 81 49 der
835 1447 262 53 komischen
1115 1447 130 67 Oper
1275 1461 318 52 angemessen,
1622 1461 65 33 me-

144 1538 200 51 lodiöser
370 1537 96 51 und
497 1536 278 57 fiiessender,
807 1533 64 51 als
903 1532 79 51 das
1014 1538 129 43 sonst
1183 1529 71 50 bei
1283 1529 179 68 Halevy
1500 1528 83 51 der
1621 1527 96 51 Fall

144 1623 71 60 ist,
247 1623 82 50 der
361 1622 94 51 sich
484 1621 125 51 nicht
633 1622 163 48 immer
823 1618 89 50 den
939 1617 158 51 steifen
1115 1614 177 51 Armen
1322 1613 82 51 der
1425 1613 168 50 Schule
1618 1620 75 43 ent-

142 1706 186 52 winden
358 1706 135 58 kann,
523 1703 126 69 neigt
680 1703 94 51 sich
804 1702 97 48 hier
930 1700 95 50 und
1057 1700 54 49 da
1158 1716 105 32 zum
1306 1698 176 49 älteren
1527 1696 168 49 italiäni-

145 1791 140 51 schen
315 1790 84 51 Stil
432 1790 80 49 der
963 1790 151 66 Opera
1324 1788 139 70 buffa,
901 1802 95 33 was
1025 1783 147 52 nichts
1190 1781 205 68 weniger
1424 1782 63 48 als
1514 1781 71 49 ein
1597 1782 90 48 Vor-

144 1876 127 52 wurf
294 1893 90 33 von
414 1872 175 51 meiner
621 1872 125 51 Seite
777 1870 96 51 sein
904 1868 99 60 soll,
1035 1867 120 67 zeigt
1185 1867 64 50 oft
1302 1866 99 49 eine
1440 1865 280 68 sprudelnde

144 1959 260 52 Heiterkeit
432 1957 97 51 und
559 1957 98 50 eine
687 1954 240 67 lebendige
957 1952 203 51 Frische.
1209 1952 64 49 Es
1304 1950 59 51 ist
1401 1950 204 67 weniger
1630 1950 60 48 Ge-

144 2045 205 50 machtes
381 2042 142 60 darin,
556 2042 64 49 als
659 2041 45 48 in
744 2039 144 50 vielen
932 2037 202 50 anderen
1175 2035 264 49 Partituren
1478 2034 242 50 desselben

144 2129 228 58 Meisters,
422 2145 89 32 von
553 2126 147 50 denen
756 2122 162 68 einige,
964 2121 86 51 wie
1092 2139 37 32 z.
1170 2121 53 50 B.
1277 2119 115 58 „Die
1431 2119 289 58 Rosenfee-,

155 2214 130 58 „Der
314 2213 159 49 Sturm
488 2219 44 51 %
551 2209 146 51 nichts
729 2208 62 49 als
822 2208 173 49 Factur
1025 2205 121 50 ohne
1175 2204 88 51 den
1284 2201 283 51 belebenden
1595 2202 93 50 Fun-

144 2298 91 49 ken
267 2296 80 51 des
380 2294 291 52 schaffenden
703 2291 170 50 Genius
906 2289 111 52 sind.
1059 2290 124 48 Ganz
1216 2286 80 51 frei
1326 2305 89 32 von
1445 2286 247 50 Gekünstel-

144 2388 95 44 tem
269 2382 58 49 ist
357 2379 169 51 freilich
558 2378 115 51 auch
705 2376 123 51 diese
860 2375 131 66 Oper
1020 2373 149 58 nicht;
1202 2371 115 51 auch
1358 2370 98 51 hier
1487 2369 116 51 wird
1645 2370 81 48 auf

145 2467 90 49 den
278 2465 149 50 Effect
471 2462 230 69 speculirt,
733 2459 94 51 und
878 2456 142 53 selbst
1063 2474 88 33 nur
1194 2454 250 52 äusserlich
1487 2453 233 50 komische

144 2550 165 59 Mittel,
349 2548 91 51 wie
469 2547 167 50 Niesen
680 2544 92 51 und
804 2542 175 52 Blaffen
1009 2542 96 49 und
1134 2540 143 50 deren
1299 2538 334 67 Nachahmung
1660 2538 59 49 im

146 2634 269 57 Orchester,
446 2630 189 51 werden
676 2629 124 50 nicht
851 2625 307 59 verschmäht,
1211 2641 96 33 was
1348 2623 68 49 die
1456 2622 155 50 Musik
1649 2622 67 49 ins

144 2717 247 52 Kindische
422 2714 94 51 und
546 2712 299 52 Possenhafte
885 2708 266 52 herabzieht
1190 2707 94 50 und
1332 2707 82 49 der
1453 2705 267 51 komischen

146 2804 145 68 Oper,
322 2801 175 50 welche
527 2799 116 50 auch
694 2798 69 48 ihr
803 2796 140 50 Edles
983 2793 149 51 haben
1169 2810 141 40 muss,
1360 2808 136 35 wenn
1542 2790 61 50 sie
1649 2790 71 50 ein

146 2887 195 51 schönes
371 2882 288 52 Kunstwerk
690 2881 94 50 sein
816 2879 106 60 will,
953 2877 246 66 unwürdig
1240 2877 72 48 ist.
1369 2874 129 50 Aber
1538 2892 56 32 an
1626 2873 69 50 die-

146 2990 97 33 sem
272 2971 184 66 Mangel
488 2986 54 32 an
577 2964 334 70 gemüthlicher
940 2962 151 49 Farbe
1123 2961 98 50 sind
1254 2961 70 49 die
1354 2976 204 33 neueren
1575 2959 116 49 Text-

145 3056 187 49 macher
362 3052 174 60 schuld,
588 3050 174 53 welche
805 3048 70 51 die
922 3048 207 65 Gattung
1167 3044 164 51 immer
1374 3043 132 50 mehr
1548 3042 46 51 in
1625 3042 88 49 den

145 3137 147 52 Staub
324 3154 175 33 zerren.

273 3222 127 50 Nach
432 3221 81 50 der
554 3220 282 57 Ouvertüre,
878 3215 176 52 welche
1095 3215 70 49 ein
1204 3211 178 52 hübsch
1433 3227 255 33 zusammen-

148 3306 234 69 gestellter
422 3304 250 68 Potpourri
711 3320 82 32 aus
833 3298 258 53 Melodieen
1133 3298 83 50 der
1247 3298 130 67 Oper
1416 3296 59 49 ist
1638 3311 82 32 zur

148 3391 267 69 Schöpfung
455 3389 122 49 eines
617 3384 388 67 selbstständigen
1043 3381 338 51 Musikstückes
1415 3378 161 51 nimmt
1625 3376 95 51 sich

141 3476 47 68 ja
219 3475 103 52 kein
353 3471 269 70 Componist
652 3470 131 49 mehr
813 3469 122 49 Zeit!
1081 3466 112 66 folgt
1221 3465 99 51 eine
1334 3464 110 49 Arie
1475 3464 81 48 der
1578 3461 141 67 Lady,

146 3560 216 51 Andante
394 3556 93 51 und
516 3555 189 66 Allegro
736 3551 80 51 mit
850 3552 140 58 Chor,
1030 3550 175 49 welche
1251 3547 117 50 eben
1420 3546 125 51 nicht
1584 3545 133 49 frisch

148 3643 275 69 geschaffen,
465 3640 198 52 sondern
708 3636 209 51 mühsam
958 3634 275 51 entstanden
1285 3650 58 32 zu
1386 3631 95 50 sein
1529 3629 188 50 scheint.

145 3728 241 52 Vielleicht
415 3726 78 50 hat
520 3723 176 68 Halevy
725 3719 144 51 durch
901 3719 69 49 die
1002 3718 259 68 disparaten
1307 3715 95 51 und
1440 3712 277 70 capriciösen

145 3813 208 49 Phrasen
410 3810 94 51 und
551 3810 212 68 Sprünge
814 3804 89 49 den
959 3801 254 50 Charakter
1263 3800 146 51 dieses
1451 3798 265 50 Eheteufels

148 3895 226 51 schildern
403 3894 193 59 wollen;
647 3892 120 49 kann
798 3886 108 60 sein,
949 3885 118 50 kann
1097 3884 112 49 aber
1238 3884 73 51 die
1341 3881 256 52 Schwäche
1637 3880 80 51 des

146 3980 197 53 Stückes
374 3979 124 51 nicht
526 3974 361 67 entschuldigen.
931 3969 86 52 Ein
1049 3968 259 68 Spielduett
1344 3968 127 49 führt
1500 3983 86 33 uns
1617 3965 100 50 eine

145 4064 401 52 Ehestandsscene
576 4078 110 41 vor;
718 4077 48 32 es
798 4058 57 49 ist
884 4057 88 48 fast
1000 4071 89 34 nur
1118 4050 250 52 declamirt.
1411 4053 99 48 Der
1538 4052 179 48 Doctor

148 4148 100 51 tritt
277 4147 80 51 mit
385 4146 146 50 einem
560 4151 245 44 munteren
835 4139 139 51 Liede
1003 4135 89 60 auf,
1124 4135 163 50 dessen
1325 4134 136 50 leicht
1499 4133 95 51 und
1625 4133 69 49 ein-

1814 267 98 50 fach
1943 267 240 67 gehaltene
2213 263 198 54 Melodie
2444 264 86 51 fast
2559 282 88 33 nur
2691 283 103 34 vom
2826 266 226 52 Pizzicato
3098 266 82 51 der
3212 264 179 53 Saiten-

1812 351 312 49 Instrumente
2174 350 220 68 begleitet
2439 348 130 50 wird.
2634 348 88 50 Die
2762 350 111 49 Arie
2935 351 80 49 der
3070 352 128 48 Dora
3259 350 136 67 (Dlle.

1812 433 247 69 Miolan)
2091 436 44 48 in
2527 437 161 48 B-dur
2356 433 58 51 ist
2455 433 71 50 ein
2568 432 144 51 schön
2759 435 311 50 entwickeltes
3103 435 291 50 Musikstück

1815 534 89 31 von
1936 517 104 48 sehr
2070 518 235 66 eleganter
2334 518 158 50 Form.
2536 517 96 50 Das
2663 516 218 51 Andante
2921 517 174 50 enthält
3136 518 99 50 eine
3265 517 106 51 treff-

1818 600 113 49 liche
1962 600 347 59 Oboe-Phrase,
2355 602 79 50 das
2467 601 191 67 Allegro
2703 601 57 50 ist
2803 600 135 51 frisch
2968 601 94 48 und
3091 602 196 57 reizend,
3321 602 73 50 die

1815 684 338 66 Rückführung
2182 685 80 48 auf
2286 685 79 49 das
2397 685 301 70 Hauptmotiv
2731 685 190 67 originel
2963 684 95 49 und
3091 685 157 49 schön.
3305 686 87 51 Die

1816 767 170 50 Miolan
2018 767 134 50 sucht
2182 785 55 32 an
2267 767 207 51 Feinheit
2502 770 95 49 und
2628 788 56 31 an
2715 767 289 52 Geschmack
3034 769 80 49 des
3137 769 255 67 Vortrages

1815 851 123 51 ihres
1970 851 230 56 Gleichen,
2233 851 131 50 allein
2404 852 78 50 das
2524 852 282 53 Stimmchen
2848 854 59 51 ist
2949 871 83 50 gar
3076 871 59 32 zu
3180 852 214 53 schwach

1816 935 96 51 und
1943 935 304 67 gebrechlich.
2293 936 96 49 Das
2421 935 155 50 Finale
2602 935 58 50 ist
2682 938 342 67 hauptsächlich
3043 938 83 49 auf
3143 936 72 51 ein
3230 935 135 51 Trink-

1816 1019 89 53 lied
1936 1020 78 50 des
2045 1021 202 49 Doctors
2277 1018 83 50 mit
2392 1018 124 50 Chor
2549 1019 196 67 gebaut;
2794 1038 48 32 es
2874 1020 153 67 glänzt
3055 1021 125 50 nicht
3218 1020 172 69 gerade

1818 1104 144 51 durch
1995 1104 306 67 Originalität,
2333 1103 98 67 gibt
2460 1103 111 49 aber
2600 1103 60 49 im
2693 1105 185 48 Ganzen
2920 1105 128 50 einen
3088 1105 276 69 befriedigen-

1818 1188 88 52 den
1936 1188 94 51 und
2061 1188 313 66 keinesweges
2406 1186 317 68 langweiligen
2765 1186 288 61 Actschluss,
3095 1189 80 48 der
3222 1189 138 51 beson-

1816 1273 104 51 ders
1974 1273 143 51 durch
2168 1273 88 49 den
2746 1272 77 68 a-parte-Gesang
2824 1273 106 49 des
2931 1273 247 49 Doctors
3179 1273 28 49 und
3246 1273 144 51 seines

1815 1358 254 57 Freundes,
2101 1357 174 50 welche
2305 1357 43 49 in
2380 1357 83 50 der
2493 1355 128 51 Stille
2651 1357 97 49 ihre
2781 1357 139 49 Plane
2952 1373 104 33 zum
3077 1355 313 68 Durchgehen

1815 1442 204 58 machen,
2051 1440 214 69 lebendig
2296 1440 206 51 erhalten
2531 1440 131 51 wird.

1939 1528 98 48 Der
2069 1526 160 50 zweite
2260 1527 90 48 Act
2380 1524 189 69 beginnt
2600 1526 80 49 mit
2704 1526 146 49 einem
2891 1533 246 42 munteren
3179 1524 126 52 Chor
3349 1526 45 50 in

1815 1608 83 50 der
1929 1608 430 69 Cigarren-Fabrik,
2390 1608 103 51 dem
2525 1608 69 50 ein
2628 1608 193 51 Loblied
2850 1609 81 50 auf
2957 1608 87 51 den
3074 1608 160 51 Tabak
3262 1609 128 68 folgt,

1812 1692 272 52 allerliebste
2112 1693 236 69 Couplets,
2380 1700 95 43 erst
2491 1711 104 32 vom
2609 1691 142 50 Vater
2780 1692 132 68 Toby
2942 1692 308 68 (Bussine),
3274 1693 121 50 dann

1812 1795 89 32 von
1933 1777 103 51 dem
2069 1777 424 50 Pseudo-Gesellen
2524 1776 318 68 (Couderc)
2873 1776 95 49 und
2996 1778 128 50 Dora
3140 1776 252 68 (Miolan)

1814 1877 239 52 gesungen
2195 1861 72 49 ein
2296 1861 171 49 kleines
2496 1860 340 50 Meisterstück.
2897 1861 64 49 Es
3002 1860 163 50 wurde

1814 1947 225 67 verlangt.
2083 1946 86 51 Ein
2188 1947 150 50 Duett
2367 1945 229 50 zwischen
2620 1946 127 49 Dora
2779 1945 94 50 und
2893 1945 235 49 Evandale
3160 1945 119 66 zeigt
3295 1945 99 50 eine

1812 2030 346 51 lobenswerthe
2183 2030 178 51 Arbeit.
2408 2030 114 49 Eine
2549 2030 273 67 schlagende
2849 2028 237 68 Wirkung
3116 2028 152 51 macht
3284 2028 111 51 aber

1814 2114 70 50 die
1913 2115 112 49 Arie
2073 2115 80 49 des
2200 2114 131 68 Toby
2381 2114 45 49 in
2455 2114 192 50 E-dur:
2691 2115 158 57 „Pour
2895 2115 60 48 toi
2996 2131 106 32 mon
3141 2114 150 50 eslime
3331 2124 60 39 est

1810 2202 174 63 grande
1997 2208 17 19 u
2027 2239 13 19 ,
2072 2199 43 49 in
2145 2199 201 50 welcher
2376 2214 51 33 er
2458 2197 171 50 seinem
2660 2214 152 33 neuen
2842 2197 228 59 Gesellen,
3102 2196 102 50 weil
3237 2215 50 31 er
3319 2196 70 51 die

1810 2282 215 68 Neigung
2065 2282 149 51 seiner
2257 2282 201 50 Tochter
2498 2282 129 50 Dora
2668 2300 58 31 zu
2769 2281 90 50 ihm
2907 2280 212 67 gemerkt
3161 2281 93 59 hat,
3300 2281 90 50 den

1811 2368 131 66 Weg
1971 2368 160 49 weis't.
2180 2369 50 47 In
2262 2366 149 50 dieser
2453 2366 109 49 Arie
2604 2365 58 50 ist
2713 2365 98 48 eine
2845 2365 372 66 Violin-Passage
3250 2383 110 48 ange-

1814 2450 178 60 bracht,
2007 2451 175 50 welche
2195 2450 194 51 Bussine
2421 2449 81 51 mit
2534 2449 124 49 einer
2689 2449 184 49 solchen
2897 2448 225 58 Reinheit,
3141 2448 251 50 Sicherheit

1816 2534 97 49 lind
1931 2534 266 52 Weichheit
2228 2534 81 49 mit
2338 2533 106 49 halb
2463 2531 369 69 geschlossenem
2850 2531 174 50 Munde
3060 2538 204 61 vortrug,
3288 2531 103 51 dass

1814 2618 62 51 sie
1906 2618 72 51 ein
2008 2619 295 50 stürmisches
2332 2620 66 49 bis
2428 2616 265 53 hervorrief.
2726 2616 132 50 Auch
2891 2616 80 50 der
2995 2615 212 51 Schluss:
3241 2656 17 19 „
3274 2619 116 50 Avec

1812 2722 106 32 mon
1946 2704 155 50 amilie
2153 2713 176 41 va-t-en
2543 2700 109 60 „lch
2682 2699 149 51 bleibe
2873 2699 100 51 dein
3018 2699 202 60 Freund,
3265 2699 117 51 doch

1816 2788 103 67 geh'
1964 2806 105 31 zum
2385 2785 57 50 ist
2487 2784 284 51 musicalisch
2822 2784 107 50 sehr
2985 2783 242 67 gelungen.
3287 2785 95 49 Das

1815 2872 210 66 folgende
2056 2888 160 51 grosse
2247 2870 147 50 Duett
2425 2869 226 51 zwischen
2681 2869 145 50 Vater
2868 2867 93 49 und
2992 2867 201 49 Tochter
3223 2867 163 49 hascht

1814 2956 59 48 im
1904 2956 215 49 Andante
2141 2954 117 51 nach
2298 2954 280 50 komischem
2608 2952 148 49 Effect
2801 2950 144 51 durch
2990 2950 371 50 Aeusserlichkei-

1812 3046 93 52 ten,
1938 3058 36 31 z.
2004 3041 52 49 B.
2089 3038 286 51 Schluchzen
2416 3037 90 52 und
2548 3036 333 66 Nachahmung
2922 3034 242 51 desselben
3203 3034 60 50 im
3296 3036 63 49 Or-

1814 3124 180 50 chester
2135 3123 79 48 das
2247 3122 188 66 Allegro
2477 3121 58 49 ist
2576 3137 114 50 ganz
2742 3119 252 51 italiänisch
3023 3119 95 51 und
3164 3118 101 69 gibt
3309 3119 81 50 der

1814 3208 222 66 Sängerin
2068 3208 44 49 in
2141 3207 82 51 der
2745 3207 119 50 Coda
2435 3203 301 69 Gelegenheit
2778 3222 105 32 zum
2912 3203 336 51 Brillantfeuer.
3295 3204 94 49 Das

1812 3310 82 32 vor
1926 3292 269 50 demThore
2224 3288 345 68 umgeworfene
2595 3290 132 57 Paar,
2751 3287 71 51 die
2835 3287 129 69 Lady
2987 3287 94 50 und
3105 3287 69 48 ihr
3192 3287 167 67 gecken-

1812 3376 148 49 hafter
1989 3375 208 49 Anbeter
2228 3373 72 50 Sir
2329 3372 192 59 Arthur,
2553 3377 151 43 treten
2737 3371 81 49 mit
2848 3371 148 49 einem
3025 3370 240 50 Niesduett
3298 3370 87 57 auf,

1811 3461 97 50 und
1957 3458 71 51 bei
2072 3460 81 48 der
2190 3456 416 67 Liebeserklärung
2648 3456 79 49 des
2778 3456 185 48 Gecken
3005 3455 131 67 spielt
3184 3453 78 50 das
3293 3453 62 49 Or-

1811 3545 182 49 chester
2023 3542 70 51 die
2110 3544 87 48 alte
2223 3541 303 50 französische
2539 3540 463 51 Chanson-Melodie:
3043 3540 125 57 „J'ai
3203 3538 65 49 du
3300 3538 85 50 bon

1820 3630 127 48 labac
2130 3630 114 47 dans
2614 3643 70 30 zu
2685 3624 74 67 lang
2780 3624 93 49 und
2901 3640 52 31 zu
2983 3620 277 68 possenhaft.
3291 3621 96 50 Das

1811 3712 155 50 Finale
1997 3710 115 51 aber
2141 3710 59 51 ist
2230 3710 73 49 die
2332 3711 160 48 Krone
2535 3709 81 49 der
2660 3725 172 51 ganzen
2873 3707 143 66 Oper.
3089 3705 65 49 Es
3197 3705 190 67 beginnt

1811 3796 80 50 mit
1922 3795 147 50 einem
2101 3794 126 51 Chor
2258 3794 82 51 der
2370 3792 240 51 Arbeiter:
2662 3791 136 66 „Hip,
2849 3789 108 67 Hip,
3298 3806 89 32 von

1812 3879 149 58 freier,
1992 3878 177 50 hübsch
2199 3876 335 69 rhythmisirter
2563 3873 208 52 Melodie.
2831 3874 93 48 Das
2959 3871 430 51 Terzett-Andante

1812 3963 228 50 zwischen
2073 3963 81 49 der
2182 3961 142 68 Lady,
2356 3961 142 49 ihrem
2529 3959 165 48 Manne
2726 3955 95 50 und
2855 3956 106 51 dem
2985 3956 73 50 Sir
3088 3956 195 57 Arthur,
3315 3973 48 32 ca-

1812 4048 205 58 nonisch,
2047 4046 58 50 ist
2130 4044 288 57 vortrefflich,
2450 4041 93 51 und
2574 4040 79 50 das
2696 4039 421 67 Schluss-Allegro,
3161 4039 71 51 bei
3278 4039 81 51 wel-

1814 4132 131 49 chem
1975 4149 72 32 am
2077 4130 132 52 Ende
2240 4129 80 51 der
2351 4127 123 49 Chor
2505 4124 171 52 wieder
2704 4124 189 60 eintritt,
2926 4123 233 52 ebenfalls.
