<?xml version="1.0" encoding="UTF-8"?>
<alto xmlns:xsi="http://www.w3.org/2001/XMLSchema-instance" xmlns="http://www.loc.gov/standards/alto/ns-v2#" xsi:schemaLocation="http://www.loc.gov/standards/alto/ns-v2# http://www.loc.gov/standards/alto/alto-v2.0.xsd" xmlns:xlink="http://www.w3.org/1999/xlink">
	<Description>
		<MeasurementUnit>mm10</MeasurementUnit>
		<sourceImageInformation>
			<fileName>//fileserver7/IN2/Princeton/Batch5/bmtnabi/1853/08/27_01/00000086.tif</fileName>
		</sourceImageInformation>
		<OCRProcessing ID="OCRPROCESSING_1">
			<preProcessingStep>
				<processingSoftware>
					<softwareCreator>CCS Content Conversion Specialists GmbH, Germany</softwareCreator>
					<softwareName>CCS docWORKS</softwareName>
					<softwareVersion>6.6-1.18</softwareVersion>
				</processingSoftware>
			</preProcessingStep>
			<ocrProcessingStep>
				<processingSoftware>
					<softwareCreator>ABBYY (BIT Software), Russia</softwareCreator>
					<softwareName>FineReader</softwareName>
					<softwareVersion>10.0</softwareVersion>
				</processingSoftware>
			</ocrProcessingStep>
		</OCRProcessing>
		<OCRProcessing ID="OCRPROCESSING_2">
			<preProcessingStep>
				<processingSoftware>
					<softwareCreator>CCS Content Conversion Specialists GmbH, Germany</softwareCreator>
					<softwareName>CCS docWORKS</softwareName>
					<softwareVersion>6.6-1.18</softwareVersion>
				</processingSoftware>
			</preProcessingStep>
			<ocrProcessingStep>
				<processingSoftware>
					<softwareCreator>ABBYY (BIT Software), Russia</softwareCreator>
					<softwareName>NA</softwareName>
				</processingSoftware>
			</ocrProcessingStep>
		</OCRProcessing>
	</Description>
	<Styles>
		<TextStyle ID="TXT_0" FONTSIZE="15" FONTFAMILY="Unknown"/>
		<TextStyle ID="TXT_1" FONTSIZE="13" FONTFAMILY="Times New Roman" FONTSTYLE="bold"/>
		<TextStyle ID="TXT_2" FONTSIZE="13" FONTFAMILY="Times New Roman" FONTSTYLE="italics"/>
		<TextStyle ID="TXT_3" FONTSIZE="14" FONTFAMILY="Times New Roman"/>
		<TextStyle ID="TXT_4" FONTSIZE="15" FONTFAMILY="Courier New" FONTSTYLE="bold"/>
		<TextStyle ID="TXT_5" FONTSIZE="15" FONTFAMILY="Times New Roman"/>
		<TextStyle ID="TXT_6" FONTSIZE="12" FONTFAMILY="Times New Roman" FONTSTYLE="bold italics"/>
		<TextStyle ID="TXT_7" FONTSIZE="18" FONTFAMILY="Times New Roman" FONTSTYLE="bold"/>
		<TextStyle ID="TXT_8" FONTSIZE="12" FONTFAMILY="Times New Roman" FONTSTYLE="bold"/>
		<ParagraphStyle ID="PAR_CENTER" ALIGN="Center"/>
		<ParagraphStyle ID="PAR_BLOCK" ALIGN="Block"/>
		<ParagraphStyle ID="PAR_LEFT" ALIGN="Left"/>
		<ParagraphStyle ID="PAR_RIGHT" ALIGN="Right"/>
	</Styles>
	<Layout>
		<Page ID="P8" PHYSICAL_IMG_NR="8" HEIGHT="4391" WIDTH="3556" PRINTED_IMG_NR="72" PC="0.899">
			<TopMargin ID="P8_TM00001" HPOS="0" VPOS="0" WIDTH="3556" HEIGHT="214">
				<TextBlock ID="P8_TB00001" HPOS="1745" VPOS="157" WIDTH="60" HEIGHT="54" STYLEREFS="TXT_0 PAR_CENTER">
					<TextLine ID="P8_TL00001" HPOS="1746" VPOS="158" WIDTH="59" HEIGHT="53">
						<String ID="P8_ST00001" HPOS="1746" VPOS="158" WIDTH="59" HEIGHT="53" CONTENT="72" WC="0.20" CC="87"/>
					</TextLine>
				</TextBlock>
			</TopMargin>
			<LeftMargin ID="P8_LM00001" HPOS="0" VPOS="214" WIDTH="131" HEIGHT="4016"/>
			<RightMargin ID="P8_RM00001" HPOS="3407" VPOS="214" WIDTH="149" HEIGHT="4016"/>
			<BottomMargin ID="P8_BM00001" HPOS="0" VPOS="4230" WIDTH="3556" HEIGHT="161"/>
			<PrintSpace ID="P8_PS00001" HPOS="131" VPOS="214" WIDTH="3276" HEIGHT="4016">
				<TextBlock ID="P8_TB00002" HPOS="135" VPOS="291" WIDTH="1593" HEIGHT="1500" STYLEREFS="TXT_1 PAR_BLOCK">
					<TextLine ID="P8_TL00002" HPOS="141" VPOS="292" WIDTH="1587" HEIGHT="55">
						<String ID="P8_ST00002" HPOS="141" VPOS="298" WIDTH="78" HEIGHT="41" CONTENT="lieh" SUBS_TYPE="HypPart2" SUBS_CONTENT="vorzuglieh" WC="0.96" CC="4046"/>
						<SP ID="P8_SP00001" HPOS="219" VPOS="339" WIDTH="32"/>
						<String ID="P8_ST00003" HPOS="251" VPOS="297" WIDTH="123" HEIGHT="41" CONTENT="schön" WC="0.96" CC="04797"/>
						<SP ID="P8_SP00002" HPOS="374" VPOS="339" WIDTH="29"/>
						<String ID="P8_ST00004" HPOS="403" VPOS="296" WIDTH="71" HEIGHT="47" CONTENT="ist;" WC="0.96" CC="5660"/>
						<SP ID="P8_SP00003" HPOS="474" VPOS="343" WIDTH="31"/>
						<String ID="P8_ST00005" HPOS="505" VPOS="306" WIDTH="41" HEIGHT="29" CONTENT="es" WC="0.79" CC="04"/>
						<SP ID="P8_SP00004" HPOS="546" VPOS="343" WIDTH="29"/>
						<String ID="P8_ST00006" HPOS="575" VPOS="294" WIDTH="50" HEIGHT="40" CONTENT="ist" WC="0.97" CC="403"/>
						<SP ID="P8_SP00005" HPOS="625" VPOS="343" WIDTH="29"/>
						<String ID="P8_ST00007" HPOS="654" VPOS="293" WIDTH="193" HEIGHT="54" CONTENT="übrigens" WC="0.98" CC="07609500"/>
						<SP ID="P8_SP00006" HPOS="847" VPOS="347" WIDTH="30"/>
						<String ID="P8_ST00008" HPOS="877" VPOS="307" WIDTH="78" HEIGHT="29" CONTENT="nur" WC="0.97" CC="520"/>
						<SP ID="P8_SP00007" HPOS="955" VPOS="347" WIDTH="30"/>
						<String ID="P8_ST00009" HPOS="985" VPOS="294" WIDTH="65" HEIGHT="42" CONTENT="ein" WC="0.96" CC="046"/>
						<SP ID="P8_SP00008" HPOS="1050" VPOS="347" WIDTH="29"/>
						<String ID="P8_ST00010" HPOS="1079" VPOS="293" WIDTH="252" HEIGHT="43" CONTENT="Bruchstück" WC="0.99" CC="6064302050"/>
						<SP ID="P8_SP00009" HPOS="1331" VPOS="347" WIDTH="31"/>
						<String ID="P8_ST00011" HPOS="1362" VPOS="304" WIDTH="70" HEIGHT="29" CONTENT="aus" WC="0.96" CC="055"/>
						<SP ID="P8_SP00010" HPOS="1432" VPOS="347" WIDTH="31"/>
						<String ID="P8_ST00012" HPOS="1463" VPOS="292" WIDTH="132" HEIGHT="41" CONTENT="einem" WC="0.99" CC="00520"/>
						<SP ID="P8_SP00011" HPOS="1595" VPOS="347" WIDTH="23"/>
						<String ID="P8_ST00013" HPOS="1618" VPOS="294" WIDTH="88" HEIGHT="51" CONTENT="grös" SUBS_TYPE="HypPart1" SUBS_CONTENT="grösseren" WC="0.96" CC="9770"/>
						<HYP HPOS="1706" VPOS="294" WIDTH="22" CONTENT="-"/>
					</TextLine>
					<TextLine ID="P8_TL00003" HPOS="143" VPOS="357" WIDTH="1583" HEIGHT="54">
						<String ID="P8_ST00014" HPOS="143" VPOS="374" WIDTH="116" HEIGHT="28" CONTENT="seren" SUBS_TYPE="HypPart2" SUBS_CONTENT="grösseren" WC="0.98" CC="15440"/>
						<SP ID="P8_SP00012" HPOS="259" VPOS="402" WIDTH="28"/>
						<String ID="P8_ST00015" HPOS="287" VPOS="358" WIDTH="246" HEIGHT="43" CONTENT="kirchlichen" WC="0.99" CC="00370704606"/>
						<SP ID="P8_SP00013" HPOS="533" VPOS="402" WIDTH="29"/>
						<String ID="P8_ST00016" HPOS="562" VPOS="357" WIDTH="167" HEIGHT="49" CONTENT="Werke," WC="0.98" CC="906002"/>
						<SP ID="P8_SP00014" HPOS="729" VPOS="406" WIDTH="42"/>
						<String ID="P8_ST00017" HPOS="771" VPOS="358" WIDTH="99" HEIGHT="49" CONTENT="„Die" WC="0.95" CC="3754"/>
						<SP ID="P8_SP00015" HPOS="870" VPOS="407" WIDTH="29"/>
						<String ID="P8_ST00018" HPOS="899" VPOS="358" WIDTH="147" HEIGHT="53" CONTENT="heilige" WC="0.98" CC="5024093"/>
						<SP ID="P8_SP00016" HPOS="1046" VPOS="411" WIDTH="31"/>
						<String ID="P8_ST00019" HPOS="1077" VPOS="358" WIDTH="158" HEIGHT="40" CONTENT="Woche" WC="0.99" CC="02110"/>
						<String ID="P8_ST00020" HPOS="1238" VPOS="360" WIDTH="22" HEIGHT="18" CONTENT="44" STYLE="superscript" WC="0.26" CC="77"/>
						<SP ID="P8_SP00017" HPOS="1260" VPOS="411" WIDTH="31"/>
						<String ID="P8_ST00021" HPOS="1291" VPOS="357" WIDTH="162" HEIGHT="40" CONTENT="betitelt." WC="0.99" CC="212000544"/>
						<SP ID="P8_SP00018" HPOS="1453" VPOS="411" WIDTH="40"/>
						<String ID="P8_ST00022" HPOS="1493" VPOS="357" WIDTH="127" HEIGHT="40" CONTENT="Unter" WC="0.97" CC="75712"/>
						<SP ID="P8_SP00019" HPOS="1620" VPOS="411" WIDTH="28"/>
						<String ID="P8_ST00023" HPOS="1648" VPOS="357" WIDTH="78" HEIGHT="40" CONTENT="den" WC="0.99" CC="002"/>
					</TextLine>
					<TextLine ID="P8_TL00004" HPOS="142" VPOS="419" WIDTH="1585" HEIGHT="55">
						<String ID="P8_ST00024" HPOS="142" VPOS="424" WIDTH="170" HEIGHT="50" CONTENT="übrigen" WC="0.98" CC="0660036"/>
						<SP ID="P8_SP00020" HPOS="312" VPOS="474" WIDTH="29"/>
						<String ID="P8_ST00025" HPOS="341" VPOS="421" WIDTH="245" HEIGHT="51" CONTENT="Leistungen" WC="0.99" CC="0030033900"/>
						<SP ID="P8_SP00021" HPOS="586" VPOS="474" WIDTH="31"/>
						<String ID="P8_ST00026" HPOS="617" VPOS="426" WIDTH="185" HEIGHT="47" CONTENT="erregten" WC="0.99" CC="00569200"/>
						<SP ID="P8_SP00022" HPOS="802" VPOS="474" WIDTH="28"/>
						<String ID="P8_ST00027" HPOS="830" VPOS="421" WIDTH="64" HEIGHT="40" CONTENT="die" WC="0.98" CC="004"/>
						<SP ID="P8_SP00023" HPOS="894" VPOS="474" WIDTH="29"/>
						<String ID="P8_ST00028" HPOS="923" VPOS="421" WIDTH="99" HEIGHT="40" CONTENT="zwei" WC="0.95" CC="6932"/>
						<SP ID="P8_SP00024" HPOS="1022" VPOS="474" WIDTH="18"/>
						<String ID="P8_ST00029" HPOS="1040" VPOS="421" WIDTH="198" HEIGHT="50" CONTENT="Vorträge" WC="0.98" CC="04163093"/>
						<SP ID="P8_SP00025" HPOS="1238" VPOS="474" WIDTH="15"/>
						<String ID="P8_ST00030" HPOS="1253" VPOS="419" WIDTH="69" HEIGHT="40" CONTENT="des" WC="1.00" CC="000"/>
						<SP ID="P8_SP00026" HPOS="1322" VPOS="474" WIDTH="25"/>
						<String ID="P8_ST00031" HPOS="1347" VPOS="419" WIDTH="104" HEIGHT="39" CONTENT="Hrn." WC="0.97" CC="8004"/>
						<SP ID="P8_SP00027" HPOS="1451" VPOS="474" WIDTH="28"/>
						<String ID="P8_ST00032" HPOS="1479" VPOS="419" WIDTH="248" HEIGHT="40" CONTENT="DuMont-" WC="0.63" CC="0505364"/>
					</TextLine>
					<TextLine ID="P8_TL00005" HPOS="143" VPOS="479" WIDTH="1584" HEIGHT="57">
						<String ID="P8_ST00033" HPOS="143" VPOS="487" WIDTH="118" HEIGHT="40" CONTENT="Fier" WC="0.74" CC="0306"/>
						<SP ID="P8_SP00028" HPOS="261" VPOS="527" WIDTH="30"/>
						<String ID="P8_ST00034" HPOS="291" VPOS="484" WIDTH="81" HEIGHT="52" CONTENT="(das" WC="0.98" CC="2050"/>
						<SP ID="P8_SP00029" HPOS="372" VPOS="536" WIDTH="25"/>
						<String ID="P8_ST00035" HPOS="397" VPOS="484" WIDTH="94" HEIGHT="39" CONTENT="Solo" WC="0.96" CC="4344"/>
						<SP ID="P8_SP00030" HPOS="491" VPOS="536" WIDTH="43"/>
						<String ID="P8_ST00036" HPOS="534" VPOS="482" WIDTH="42" HEIGHT="40" CONTENT="in" WC="0.78" CC="04"/>
						<SP ID="P8_SP00031" HPOS="576" VPOS="536" WIDTH="30"/>
						<String ID="P8_ST00037" HPOS="606" VPOS="483" WIDTH="219" HEIGHT="41" CONTENT="Kücken" WC="0.99" CC="301025"/>
						<SP ID="P8_SP00032" HPOS="825" VPOS="536" WIDTH="31"/>
						<String ID="P8_ST00038" HPOS="856" VPOS="495" WIDTH="16" HEIGHT="27" CONTENT="s" WC="1.00" CC="0"/>
						<SP ID="P8_SP00033" HPOS="872" VPOS="536" WIDTH="44"/>
						<String ID="P8_ST00039" HPOS="916" VPOS="483" WIDTH="85" HEIGHT="48" CONTENT="„Im" WC="0.96" CC="550"/>
						<SP ID="P8_SP00034" HPOS="1001" VPOS="536" WIDTH="48"/>
						<String ID="P8_ST00040" HPOS="1049" VPOS="482" WIDTH="144" HEIGHT="39" CONTENT="Walde" WC="0.99" CC="00601"/>
						<String ID="P8_ST00041" HPOS="1197" VPOS="485" WIDTH="9" HEIGHT="15" CONTENT="4" STYLE="superscript" WC="0.29" CC="7"/>
						<String ID="P8_ST00042" HPOS="1209" VPOS="492" WIDTH="23" HEIGHT="37" CONTENT="'," WC="0.68" CC="42"/>
						<SP ID="P8_SP00035" HPOS="1232" VPOS="536" WIDTH="42"/>
						<String ID="P8_ST00043" HPOS="1274" VPOS="480" WIDTH="84" HEIGHT="40" CONTENT="und" WC="0.95" CC="760"/>
						<SP ID="P8_SP00036" HPOS="1358" VPOS="536" WIDTH="43"/>
						<String ID="P8_ST00044" HPOS="1401" VPOS="479" WIDTH="64" HEIGHT="41" CONTENT="die" WC="0.98" CC="060"/>
						<SP ID="P8_SP00037" HPOS="1465" VPOS="536" WIDTH="52"/>
						<String ID="P8_ST00045" HPOS="1517" VPOS="480" WIDTH="210" HEIGHT="52" CONTENT="spanische" WC="0.99" CC="106136551"/>
					</TextLine>
					<TextLine ID="P8_TL00006" HPOS="143" VPOS="543" WIDTH="1583" HEIGHT="54">
						<String ID="P8_ST00046" HPOS="143" VPOS="548" WIDTH="241" HEIGHT="42" CONTENT="Canzonetta" WC="0.72" CC="3060011551"/>
						<SP ID="P8_SP00038" HPOS="384" VPOS="590" WIDTH="29"/>
						<String ID="P8_ST00047" HPOS="413" VPOS="558" WIDTH="79" HEIGHT="28" CONTENT="von" WC="0.95" CC="057"/>
						<SP ID="P8_SP00039" HPOS="492" VPOS="590" WIDTH="30"/>
						<String ID="P8_ST00048" HPOS="522" VPOS="546" WIDTH="49" HEIGHT="40" CONTENT="G." WC="0.78" CC="04"/>
						<SP ID="P8_SP00040" HPOS="571" VPOS="590" WIDTH="29"/>
						<String ID="P8_ST00049" HPOS="600" VPOS="546" WIDTH="303" HEIGHT="51" CONTENT="Reichardt)" WC="0.99" CC="6003203004"/>
						<SP ID="P8_SP00041" HPOS="903" VPOS="597" WIDTH="31"/>
						<String ID="P8_ST00050" HPOS="934" VPOS="546" WIDTH="79" HEIGHT="39" CONTENT="den" WC="0.97" CC="025"/>
						<SP ID="P8_SP00042" HPOS="1013" VPOS="597" WIDTH="29"/>
						<String ID="P8_ST00051" HPOS="1042" VPOS="546" WIDTH="192" HEIGHT="39" CONTENT="lautesten" WC="0.99" CC="505007030"/>
						<SP ID="P8_SP00043" HPOS="1234" VPOS="597" WIDTH="30"/>
						<String ID="P8_ST00052" HPOS="1264" VPOS="543" WIDTH="140" HEIGHT="40" CONTENT="Beifall" WC="0.99" CC="0550043"/>
						<SP ID="P8_SP00044" HPOS="1404" VPOS="597" WIDTH="30"/>
						<String ID="P8_ST00053" HPOS="1434" VPOS="543" WIDTH="84" HEIGHT="40" CONTENT="und" WC="0.95" CC="760"/>
						<SP ID="P8_SP00045" HPOS="1518" VPOS="597" WIDTH="28"/>
						<String ID="P8_ST00054" HPOS="1546" VPOS="545" WIDTH="180" HEIGHT="50" CONTENT="Dacapo-" WC="0.98" CC="0447044"/>
					</TextLine>
					<TextLine ID="P8_TL00007" HPOS="141" VPOS="605" WIDTH="1585" HEIGHT="53">
						<String ID="P8_ST00055" HPOS="141" VPOS="612" WIDTH="99" HEIGHT="46" CONTENT="Ruf;" WC="0.97" CC="6600"/>
						<SP ID="P8_SP00046" HPOS="240" VPOS="658" WIDTH="30"/>
						<String ID="P8_ST00056" HPOS="270" VPOS="621" WIDTH="75" HEIGHT="28" CONTENT="uns" WC="0.98" CC="600"/>
						<SP ID="P8_SP00047" HPOS="345" VPOS="658" WIDTH="29"/>
						<String ID="P8_ST00057" HPOS="374" VPOS="622" WIDTH="98" HEIGHT="36" CONTENT="war," WC="0.97" CC="9040"/>
						<SP ID="P8_SP00048" HPOS="472" VPOS="658" WIDTH="31"/>
						<String ID="P8_ST00058" HPOS="503" VPOS="622" WIDTH="137" HEIGHT="27" CONTENT="ausser" WC="0.99" CC="050004"/>
						<SP ID="P8_SP00049" HPOS="640" VPOS="658" WIDTH="28"/>
						<String ID="P8_ST00059" HPOS="668" VPOS="609" WIDTH="93" HEIGHT="40" CONTENT="dem" WC="0.98" CC="006"/>
						<SP ID="P8_SP00050" HPOS="761" VPOS="658" WIDTH="31"/>
						<String ID="P8_ST00060" HPOS="792" VPOS="607" WIDTH="158" HEIGHT="42" CONTENT="Genuss" WC="0.87" CC="004200"/>
						<SP ID="P8_SP00051" HPOS="950" VPOS="658" WIDTH="30"/>
						<String ID="P8_ST00061" HPOS="980" VPOS="619" WIDTH="49" HEIGHT="26" CONTENT="an" WC="0.75" CC="05"/>
						<SP ID="P8_SP00052" HPOS="1029" VPOS="658" WIDTH="30"/>
						<String ID="P8_ST00062" HPOS="1059" VPOS="607" WIDTH="92" HEIGHT="38" CONTENT="dem" WC="0.99" CC="020"/>
						<SP ID="P8_SP00053" HPOS="1151" VPOS="658" WIDTH="43"/>
						<String ID="P8_ST00063" HPOS="1194" VPOS="605" WIDTH="62" HEIGHT="40" CONTENT="bis" WC="0.97" CC="430"/>
						<SP ID="P8_SP00054" HPOS="1256" VPOS="658" WIDTH="48"/>
						<String ID="P8_ST00064" HPOS="1304" VPOS="606" WIDTH="71" HEIGHT="39" CONTENT="auf" WC="0.97" CC="530"/>
						<SP ID="P8_SP00055" HPOS="1375" VPOS="658" WIDTH="41"/>
						<String ID="P8_ST00065" HPOS="1416" VPOS="605" WIDTH="131" HEIGHT="53" CONTENT="einige" WC="0.98" CC="126091"/>
						<SP ID="P8_SP00056" HPOS="1547" VPOS="658" WIDTH="31"/>
						<String ID="P8_ST00066" HPOS="1578" VPOS="607" WIDTH="124" HEIGHT="40" CONTENT="Ueber" SUBS_TYPE="HypPart1" SUBS_CONTENT="Ueberverzierung" WC="0.71" CC="00065"/>
						<HYP HPOS="1702" VPOS="607" WIDTH="24" CONTENT="-"/>
					</TextLine>
					<TextLine ID="P8_TL00008" HPOS="141" VPOS="668" WIDTH="1584" HEIGHT="56">
						<String ID="P8_ST00067" HPOS="141" VPOS="673" WIDTH="239" HEIGHT="51" CONTENT="verzierung" SUBS_TYPE="HypPart2" SUBS_CONTENT="Ueberverzierung" WC="0.75" CC="0030600409"/>
						<SP ID="P8_SP00057" HPOS="380" VPOS="724" WIDTH="31"/>
						<String ID="P8_ST00068" HPOS="411" VPOS="673" WIDTH="71" HEIGHT="39" CONTENT="der" WC="0.94" CC="942"/>
						<SP ID="P8_SP00058" HPOS="482" VPOS="724" WIDTH="28"/>
						<String ID="P8_ST00069" HPOS="510" VPOS="673" WIDTH="214" HEIGHT="39" CONTENT="Fermaten" WC="0.99" CC="10511420"/>
						<SP ID="P8_SP00059" HPOS="724" VPOS="724" WIDTH="29"/>
						<String ID="P8_ST00070" HPOS="753" VPOS="671" WIDTH="91" HEIGHT="39" CONTENT="sehr" WC="0.96" CC="0565"/>
						<SP ID="P8_SP00060" HPOS="844" VPOS="724" WIDTH="42"/>
						<String ID="P8_ST00071" HPOS="886" VPOS="669" WIDTH="175" HEIGHT="39" CONTENT="schönen" WC="0.98" CC="5510256"/>
						<SP ID="P8_SP00061" HPOS="1061" VPOS="724" WIDTH="32"/>
						<String ID="P8_ST00072" HPOS="1093" VPOS="668" WIDTH="214" HEIGHT="52" CONTENT="Vortrage," WC="0.98" CC="044046933"/>
						<SP ID="P8_SP00062" HPOS="1307" VPOS="724" WIDTH="47"/>
						<String ID="P8_ST00073" HPOS="1354" VPOS="668" WIDTH="105" HEIGHT="40" CONTENT="noch" WC="0.96" CC="4652"/>
						<SP ID="P8_SP00063" HPOS="1459" VPOS="724" WIDTH="46"/>
						<String ID="P8_ST00074" HPOS="1505" VPOS="668" WIDTH="220" HEIGHT="40" CONTENT="besonders" WC="0.99" CC="170330152"/>
					</TextLine>
					<TextLine ID="P8_TL00009" HPOS="141" VPOS="730" WIDTH="1583" HEIGHT="57">
						<String ID="P8_ST00075" HPOS="141" VPOS="736" WIDTH="64" HEIGHT="40" CONTENT="die" WC="0.96" CC="414"/>
						<SP ID="P8_SP00064" HPOS="205" VPOS="776" WIDTH="31"/>
						<String ID="P8_ST00076" HPOS="236" VPOS="736" WIDTH="342" HEIGHT="51" CONTENT="Wahrnehmung" WC="0.99" CC="00600050679"/>
						<SP ID="P8_SP00065" HPOS="578" VPOS="787" WIDTH="28"/>
						<String ID="P8_ST00077" HPOS="606" VPOS="732" WIDTH="283" HEIGHT="51" CONTENT="merkwürdig," WC="0.99" CC="03400050494"/>
						<SP ID="P8_SP00066" HPOS="889" VPOS="787" WIDTH="45"/>
						<String ID="P8_ST00078" HPOS="934" VPOS="731" WIDTH="76" HEIGHT="39" CONTENT="wie" WC="0.99" CC="003"/>
						<SP ID="P8_SP00067" HPOS="1010" VPOS="787" WIDTH="30"/>
						<String ID="P8_ST00079" HPOS="1040" VPOS="730" WIDTH="104" HEIGHT="41" CONTENT="doch" WC="0.98" CC="0350"/>
						<SP ID="P8_SP00068" HPOS="1144" VPOS="787" WIDTH="50"/>
						<String ID="P8_ST00080" HPOS="1194" VPOS="731" WIDTH="90" HEIGHT="40" CONTENT="eine" WC="0.98" CC="4200"/>
						<SP ID="P8_SP00069" HPOS="1284" VPOS="787" WIDTH="44"/>
						<String ID="P8_ST00081" HPOS="1328" VPOS="731" WIDTH="153" HEIGHT="52" CONTENT="einzige" WC="0.99" CC="0100090"/>
						<SP ID="P8_SP00070" HPOS="1481" VPOS="787" WIDTH="38"/>
						<String ID="P8_ST00082" HPOS="1519" VPOS="731" WIDTH="205" HEIGHT="39" CONTENT="wirkliche" WC="0.99" CC="900040262"/>
					</TextLine>
					<TextLine ID="P8_TL00010" HPOS="138" VPOS="793" WIDTH="1587" HEIGHT="53">
						<String ID="P8_ST00083" HPOS="138" VPOS="799" WIDTH="302" HEIGHT="41" CONTENT="Metallstimme" WC="0.99" CC="045042400050"/>
						<SP ID="P8_SP00071" HPOS="440" VPOS="840" WIDTH="31"/>
						<String ID="P8_ST00084" HPOS="471" VPOS="799" WIDTH="101" HEIGHT="39" CONTENT="auch" WC="0.98" CC="0340"/>
						<SP ID="P8_SP00072" HPOS="572" VPOS="840" WIDTH="30"/>
						<String ID="P8_ST00085" HPOS="602" VPOS="798" WIDTH="69" HEIGHT="38" CONTENT="das" WC="0.97" CC="033"/>
						<SP ID="P8_SP00073" HPOS="671" VPOS="840" WIDTH="30"/>
						<String ID="P8_ST00086" HPOS="701" VPOS="796" WIDTH="150" HEIGHT="50" CONTENT="grösste" WC="0.69" CC="9000065"/>
						<SP ID="P8_SP00074" HPOS="851" VPOS="846" WIDTH="29"/>
						<String ID="P8_ST00087" HPOS="880" VPOS="793" WIDTH="82" HEIGHT="40" CONTENT="und" WC="1.00" CC="100"/>
						<SP ID="P8_SP00075" HPOS="962" VPOS="846" WIDTH="40"/>
						<String ID="P8_ST00088" HPOS="1002" VPOS="793" WIDTH="123" HEIGHT="40" CONTENT="selbst" WC="0.98" CC="023234"/>
						<SP ID="P8_SP00076" HPOS="1125" VPOS="846" WIDTH="37"/>
						<String ID="P8_ST00089" HPOS="1162" VPOS="793" WIDTH="281" HEIGHT="53" CONTENT="ungünstigste" WC="0.99" CC="659040709061"/>
						<SP ID="P8_SP00077" HPOS="1443" VPOS="846" WIDTH="36"/>
						<String ID="P8_ST00090" HPOS="1479" VPOS="794" WIDTH="119" HEIGHT="39" CONTENT="Local" WC="0.76" CC="03403"/>
						<SP ID="P8_SP00078" HPOS="1598" VPOS="846" WIDTH="29"/>
						<String ID="P8_ST00091" HPOS="1627" VPOS="793" WIDTH="98" HEIGHT="46" CONTENT="füllt," WC="0.97" CC="791064"/>
					</TextLine>
					<TextLine ID="P8_TL00011" HPOS="140" VPOS="854" WIDTH="1584" HEIGHT="57">
						<String ID="P8_ST00092" HPOS="140" VPOS="863" WIDTH="198" HEIGHT="40" CONTENT="während" WC="0.98" CC="7964103"/>
						<SP ID="P8_SP00079" HPOS="338" VPOS="903" WIDTH="29"/>
						<String ID="P8_ST00093" HPOS="367" VPOS="862" WIDTH="90" HEIGHT="41" CONTENT="eine" WC="0.96" CC="4274"/>
						<SP ID="P8_SP00080" HPOS="457" VPOS="903" WIDTH="28"/>
						<String ID="P8_ST00094" HPOS="485" VPOS="862" WIDTH="147" HEIGHT="49" CONTENT="Menge" WC="0.98" CC="01804"/>
						<SP ID="P8_SP00081" HPOS="632" VPOS="911" WIDTH="29"/>
						<String ID="P8_ST00095" HPOS="661" VPOS="870" WIDTH="77" HEIGHT="27" CONTENT="von" WC="0.99" CC="030"/>
						<SP ID="P8_SP00082" HPOS="738" VPOS="911" WIDTH="29"/>
						<String ID="P8_ST00096" HPOS="767" VPOS="856" WIDTH="211" HEIGHT="48" CONTENT="Stimmen," WC="0.98" CC="46650184"/>
						<SP ID="P8_SP00083" HPOS="978" VPOS="911" WIDTH="29"/>
						<String ID="P8_ST00097" HPOS="1007" VPOS="857" WIDTH="86" HEIGHT="39" CONTENT="und" WC="0.97" CC="450"/>
						<SP ID="P8_SP00084" HPOS="1093" VPOS="911" WIDTH="29"/>
						<String ID="P8_ST00098" HPOS="1122" VPOS="857" WIDTH="191" HEIGHT="39" CONTENT="darunter" WC="0.99" CC="00566005"/>
						<SP ID="P8_SP00085" HPOS="1313" VPOS="911" WIDTH="29"/>
						<String ID="P8_ST00099" HPOS="1342" VPOS="856" WIDTH="93" HEIGHT="40" CONTENT="sehr" WC="0.98" CC="1341"/>
						<SP ID="P8_SP00086" HPOS="1435" VPOS="911" WIDTH="30"/>
						<String ID="P8_ST00100" HPOS="1465" VPOS="856" WIDTH="148" HEIGHT="39" CONTENT="schöne" WC="0.98" CC="334040"/>
						<SP ID="P8_SP00087" HPOS="1613" VPOS="911" WIDTH="28"/>
						<String ID="P8_ST00101" HPOS="1641" VPOS="854" WIDTH="83" HEIGHT="39" CONTENT="und" WC="0.95" CC="740"/>
					</TextLine>
					<TextLine ID="P8_TL00012" HPOS="141" VPOS="915" WIDTH="1583" HEIGHT="58">
						<String ID="P8_ST00102" HPOS="141" VPOS="926" WIDTH="198" HEIGHT="47" CONTENT="liebliche," WC="0.99" CC="0700602204"/>
						<SP ID="P8_SP00088" HPOS="339" VPOS="973" WIDTH="28"/>
						<String ID="P8_ST00103" HPOS="367" VPOS="929" WIDTH="478" HEIGHT="44" CONTENT="zusammengenommen" WC="1.00" CC="0100000696730020"/>
						<SP ID="P8_SP00089" HPOS="845" VPOS="973" WIDTH="29"/>
						<String ID="P8_ST00104" HPOS="874" VPOS="920" WIDTH="184" HEIGHT="40" CONTENT="dasselbe" WC="1.00" CC="00000100"/>
						<SP ID="P8_SP00090" HPOS="1058" VPOS="973" WIDTH="29"/>
						<String ID="P8_ST00105" HPOS="1087" VPOS="920" WIDTH="183" HEIGHT="39" CONTENT="Resultat" WC="1.00" CC="00062000"/>
						<SP ID="P8_SP00091" HPOS="1270" VPOS="973" WIDTH="28"/>
						<String ID="P8_ST00106" HPOS="1298" VPOS="919" WIDTH="110" HEIGHT="39" CONTENT="nicht" WC="0.98" CC="05530"/>
						<SP ID="P8_SP00092" HPOS="1408" VPOS="973" WIDTH="29"/>
						<String ID="P8_ST00107" HPOS="1437" VPOS="917" WIDTH="183" HEIGHT="40" CONTENT="erzielen." WC="0.99" CC="000406164"/>
						<SP ID="P8_SP00093" HPOS="1620" VPOS="973" WIDTH="29"/>
						<String ID="P8_ST00108" HPOS="1649" VPOS="915" WIDTH="75" HEIGHT="43" CONTENT="Die" WC="0.94" CC="743"/>
					</TextLine>
					<TextLine ID="P8_TL00013" HPOS="141" VPOS="978" WIDTH="1585" HEIGHT="63">
						<String ID="P8_ST00109" HPOS="141" VPOS="988" WIDTH="237" HEIGHT="53" CONTENT="Begleitung" WC="0.99" CC="4305155560"/>
						<SP ID="P8_SP00094" HPOS="378" VPOS="1041" WIDTH="20"/>
						<String ID="P8_ST00110" HPOS="398" VPOS="985" WIDTH="71" HEIGHT="41" CONTENT="mit" WC="0.95" CC="913"/>
						<SP ID="P8_SP00095" HPOS="469" VPOS="1041" WIDTH="27"/>
						<String ID="P8_ST00111" HPOS="496" VPOS="983" WIDTH="362" HEIGHT="41" CONTENT="Brummstimmen" WC="1.00" CC="461000029000"/>
						<SP ID="P8_SP00096" HPOS="858" VPOS="1041" WIDTH="31"/>
						<String ID="P8_ST00112" HPOS="889" VPOS="996" WIDTH="47" HEIGHT="26" CONTENT="zu" WC="0.67" CC="06"/>
						<SP ID="P8_SP00097" HPOS="936" VPOS="1041" WIDTH="31"/>
						<String ID="P8_ST00113" HPOS="967" VPOS="983" WIDTH="138" HEIGHT="39" CONTENT="diesen" WC="0.99" CC="001055"/>
						<SP ID="P8_SP00098" HPOS="1105" VPOS="1041" WIDTH="29"/>
						<String ID="P8_ST00114" HPOS="1134" VPOS="982" WIDTH="244" HEIGHT="39" CONTENT="Solosachen" WC="0.99" CC="5441000550"/>
						<SP ID="P8_SP00099" HPOS="1378" VPOS="1041" WIDTH="38"/>
						<String ID="P8_ST00115" HPOS="1416" VPOS="980" WIDTH="139" HEIGHT="40" CONTENT="wurde" WC="0.99" CC="02200"/>
						<SP ID="P8_SP00100" HPOS="1555" VPOS="1041" WIDTH="29"/>
						<String ID="P8_ST00116" HPOS="1584" VPOS="978" WIDTH="41" HEIGHT="39" CONTENT="in" WC="0.63" CC="06"/>
						<SP ID="P8_SP00101" HPOS="1625" VPOS="1041" WIDTH="30"/>
						<String ID="P8_ST00117" HPOS="1655" VPOS="978" WIDTH="71" HEIGHT="40" CONTENT="der" WC="0.97" CC="007"/>
					</TextLine>
					<TextLine ID="P8_TL00014" HPOS="141" VPOS="1040" WIDTH="1584" HEIGHT="56">
						<String ID="P8_ST00118" HPOS="141" VPOS="1053" WIDTH="104" HEIGHT="39" CONTENT="That" WC="0.86" CC="0500"/>
						<SP ID="P8_SP00102" HPOS="245" VPOS="1092" WIDTH="28"/>
						<String ID="P8_ST00119" HPOS="273" VPOS="1050" WIDTH="54" HEIGHT="39" CONTENT="im" WC="0.65" CC="60"/>
						<SP ID="P8_SP00103" HPOS="327" VPOS="1092" WIDTH="29"/>
						<String ID="P8_ST00120" HPOS="356" VPOS="1047" WIDTH="194" HEIGHT="40" CONTENT="höchsten" WC="0.98" CC="50466810"/>
						<SP ID="P8_SP00104" HPOS="550" VPOS="1092" WIDTH="31"/>
						<String ID="P8_ST00121" HPOS="581" VPOS="1046" WIDTH="136" HEIGHT="40" CONTENT="Grade" WC="0.99" CC="06000"/>
						<SP ID="P8_SP00105" HPOS="717" VPOS="1092" WIDTH="29"/>
						<String ID="P8_ST00122" HPOS="746" VPOS="1045" WIDTH="268" HEIGHT="41" CONTENT="künstlerisch" WC="0.99" CC="006074203024"/>
						<SP ID="P8_SP00106" HPOS="1014" VPOS="1092" WIDTH="30"/>
						<String ID="P8_ST00123" HPOS="1044" VPOS="1044" WIDTH="232" HEIGHT="52" CONTENT="ausgeführt" WC="0.99" CC="0600401061"/>
						<SP ID="P8_SP00107" HPOS="1276" VPOS="1096" WIDTH="29"/>
						<String ID="P8_ST00124" HPOS="1305" VPOS="1043" WIDTH="83" HEIGHT="39" CONTENT="und" WC="0.95" CC="650"/>
						<SP ID="P8_SP00108" HPOS="1388" VPOS="1096" WIDTH="28"/>
						<String ID="P8_ST00125" HPOS="1416" VPOS="1041" WIDTH="212" HEIGHT="41" CONTENT="versöhnte" WC="0.99" CC="005004600"/>
						<SP ID="P8_SP00109" HPOS="1628" VPOS="1096" WIDTH="30"/>
						<String ID="P8_ST00126" HPOS="1658" VPOS="1040" WIDTH="45" HEIGHT="40" CONTENT="da" SUBS_TYPE="HypPart1" SUBS_CONTENT="dadurch" WC="0.98" CC="00"/>
						<HYP HPOS="1703" VPOS="1040" WIDTH="22" CONTENT="-"/>
					</TextLine>
					<TextLine ID="P8_TL00015" HPOS="138" VPOS="1105" WIDTH="1586" HEIGHT="57">
						<String ID="P8_ST00127" HPOS="138" VPOS="1112" WIDTH="125" HEIGHT="41" CONTENT="durch" SUBS_TYPE="HypPart2" SUBS_CONTENT="dadurch" WC="0.97" CC="87053"/>
						<SP ID="P8_SP00110" HPOS="263" VPOS="1153" WIDTH="29"/>
						<String ID="P8_ST00128" HPOS="292" VPOS="1112" WIDTH="75" HEIGHT="39" CONTENT="mit" WC="0.95" CC="552"/>
						<SP ID="P8_SP00111" HPOS="367" VPOS="1153" WIDTH="28"/>
						<String ID="P8_ST00129" HPOS="395" VPOS="1111" WIDTH="94" HEIGHT="39" CONTENT="dem" WC="0.98" CC="004"/>
						<SP ID="P8_SP00112" HPOS="489" VPOS="1153" WIDTH="28"/>
						<String ID="P8_ST00130" HPOS="517" VPOS="1109" WIDTH="520" HEIGHT="53" CONTENT="Bänkelsängermässigen," WC="0.65" CC="100006597945003140264"/>
						<SP ID="P8_SP00113" HPOS="1037" VPOS="1162" WIDTH="30"/>
						<String ID="P8_ST00131" HPOS="1067" VPOS="1120" WIDTH="81" HEIGHT="27" CONTENT="was" WC="0.96" CC="900"/>
						<SP ID="P8_SP00114" HPOS="1148" VPOS="1162" WIDTH="40"/>
						<String ID="P8_ST00132" HPOS="1188" VPOS="1107" WIDTH="108" HEIGHT="40" CONTENT="diese" WC="0.99" CC="02300"/>
						<SP ID="P8_SP00115" HPOS="1296" VPOS="1162" WIDTH="37"/>
						<String ID="P8_ST00133" HPOS="1333" VPOS="1105" WIDTH="157" HEIGHT="42" CONTENT="Manier" WC="0.99" CC="000144"/>
						<SP ID="P8_SP00116" HPOS="1490" VPOS="1162" WIDTH="38"/>
						<String ID="P8_ST00134" HPOS="1528" VPOS="1108" WIDTH="108" HEIGHT="35" CONTENT="sonst" WC="0.99" CC="05030"/>
						<SP ID="P8_SP00117" HPOS="1636" VPOS="1162" WIDTH="38"/>
						<String ID="P8_ST00135" HPOS="1674" VPOS="1115" WIDTH="50" HEIGHT="28" CONTENT="an" WC="1.00" CC="00"/>
					</TextLine>
					<TextLine ID="P8_TL00016" HPOS="137" VPOS="1167" WIDTH="1589" HEIGHT="56">
						<String ID="P8_ST00136" HPOS="137" VPOS="1174" WIDTH="85" HEIGHT="41" CONTENT="sich" WC="0.98" CC="5110"/>
						<SP ID="P8_SP00118" HPOS="222" VPOS="1215" WIDTH="29"/>
						<String ID="P8_ST00137" HPOS="251" VPOS="1174" WIDTH="80" HEIGHT="40" CONTENT="hat." WC="0.98" CC="5004"/>
						<SP ID="P8_SP00119" HPOS="331" VPOS="1215" WIDTH="29"/>
						<String ID="P8_ST00138" HPOS="360" VPOS="1174" WIDTH="47" HEIGHT="39" CONTENT="In" WC="0.97" CC="00"/>
						<SP ID="P8_SP00120" HPOS="407" VPOS="1215" WIDTH="30"/>
						<String ID="P8_ST00139" HPOS="437" VPOS="1174" WIDTH="80" HEIGHT="40" CONTENT="den" WC="1.00" CC="010"/>
						<SP ID="P8_SP00121" HPOS="517" VPOS="1215" WIDTH="29"/>
						<String ID="P8_ST00140" HPOS="546" VPOS="1173" WIDTH="148" HEIGHT="40" CONTENT="beiden" WC="0.99" CC="700000"/>
						<SP ID="P8_SP00122" HPOS="694" VPOS="1215" WIDTH="22"/>
						<String ID="P8_ST00141" HPOS="716" VPOS="1173" WIDTH="143" HEIGHT="39" CONTENT="letzten" WC="0.98" CC="4070036"/>
						<SP ID="P8_SP00123" HPOS="859" VPOS="1215" WIDTH="18"/>
						<String ID="P8_ST00142" HPOS="877" VPOS="1171" WIDTH="214" HEIGHT="52" CONTENT="Gesängen" WC="0.99" CC="04007006"/>
						<SP ID="P8_SP00124" HPOS="1091" VPOS="1223" WIDTH="29"/>
						<String ID="P8_ST00143" HPOS="1120" VPOS="1170" WIDTH="51" HEIGHT="53" CONTENT="(A" WC="0.89" CC="20"/>
						<SP ID="P8_SP00125" HPOS="1171" VPOS="1223" WIDTH="13"/>
						<String ID="P8_ST00144" HPOS="1184" VPOS="1170" WIDTH="72" HEIGHT="39" CONTENT="bt'" WC="0.52" CC="414"/>
						<SP ID="P8_SP00126" HPOS="1256" VPOS="1223" WIDTH="18"/>
						<String ID="P8_ST00145" HPOS="1274" VPOS="1181" WIDTH="18" HEIGHT="28" CONTENT="s" WC="1.00" CC="0"/>
						<SP ID="P8_SP00127" HPOS="1292" VPOS="1223" WIDTH="27"/>
						<String ID="P8_ST00146" HPOS="1319" VPOS="1167" WIDTH="228" HEIGHT="41" CONTENT="Ständchen" WC="0.99" CC="040604626"/>
						<SP ID="P8_SP00128" HPOS="1547" VPOS="1223" WIDTH="15"/>
						<String ID="P8_ST00147" HPOS="1562" VPOS="1167" WIDTH="164" HEIGHT="47" CONTENT="„Wenn" WC="0.99" CC="00018"/>
					</TextLine>
					<TextLine ID="P8_TL00017" HPOS="138" VPOS="1228" WIDTH="1586" HEIGHT="49">
						<String ID="P8_ST00148" HPOS="138" VPOS="1238" WIDTH="66" HEIGHT="39" CONTENT="Du" WC="0.70" CC="05"/>
						<SP ID="P8_SP00129" HPOS="204" VPOS="1277" WIDTH="28"/>
						<String ID="P8_ST00149" HPOS="232" VPOS="1236" WIDTH="56" HEIGHT="41" CONTENT="im" WC="0.46" CC="28"/>
						<SP ID="P8_SP00130" HPOS="288" VPOS="1277" WIDTH="30"/>
						<String ID="P8_ST00150" HPOS="318" VPOS="1237" WIDTH="202" HEIGHT="38" CONTENT='Traume"' WC="0.99" CC="0706014"/>
						<SP ID="P8_SP00131" HPOS="520" VPOS="1277" WIDTH="30"/>
						<String ID="P8_ST00151" HPOS="550" VPOS="1235" WIDTH="85" HEIGHT="39" CONTENT="und" WC="0.95" CC="660"/>
						<SP ID="P8_SP00132" HPOS="635" VPOS="1277" WIDTH="30"/>
						<String ID="P8_ST00152" HPOS="665" VPOS="1234" WIDTH="433" HEIGHT="41" CONTENT="Mendelssohn's" WC="0.85" CC="0100074100040"/>
						<SP ID="P8_SP00133" HPOS="1098" VPOS="1277" WIDTH="28"/>
						<String ID="P8_ST00153" HPOS="1126" VPOS="1230" WIDTH="322" HEIGHT="41" CONTENT="Rheinweinlied" WC="0.99" CC="4134300573020"/>
						<SP ID="P8_SP00134" HPOS="1448" VPOS="1277" WIDTH="29"/>
						<String ID="P8_ST00154" HPOS="1477" VPOS="1229" WIDTH="107" HEIGHT="48" CONTENT="„Wo" WC="0.99" CC="003"/>
						<SP ID="P8_SP00135" HPOS="1584" VPOS="1277" WIDTH="31"/>
						<String ID="P8_ST00155" HPOS="1615" VPOS="1228" WIDTH="109" HEIGHT="39" CONTENT="solch" WC="0.98" CC="00546"/>
					</TextLine>
					<TextLine ID="P8_TL00018" HPOS="141" VPOS="1290" WIDTH="1585" HEIGHT="60">
						<String ID="P8_ST00156" HPOS="141" VPOS="1300" WIDTH="69" HEIGHT="40" CONTENT="ein" WC="1.00" CC="000"/>
						<SP ID="P8_SP00136" HPOS="210" VPOS="1340" WIDTH="28"/>
						<String ID="P8_ST00157" HPOS="238" VPOS="1300" WIDTH="133" HEIGHT="40" CONTENT="Feuer" WC="0.99" CC="00005"/>
						<String ID="P8_ST00158" HPOS="374" VPOS="1303" WIDTH="21" HEIGHT="16" CONTENT="44" STYLE="superscript" WC="0.44" CC="64"/>
						<String ID="P8_ST00159" HPOS="398" VPOS="1297" WIDTH="12" HEIGHT="53" CONTENT=")" WC="0.96" CC="0"/>
						<SP ID="P8_SP00137" HPOS="410" VPOS="1350" WIDTH="29"/>
						<String ID="P8_ST00160" HPOS="439" VPOS="1298" WIDTH="237" HEIGHT="40" CONTENT="vermissten" WC="0.72" CC="9000000656"/>
						<SP ID="P8_SP00138" HPOS="676" VPOS="1350" WIDTH="28"/>
						<String ID="P8_ST00161" HPOS="704" VPOS="1296" WIDTH="75" HEIGHT="40" CONTENT="wir" WC="0.96" CC="900"/>
						<SP ID="P8_SP00139" HPOS="779" VPOS="1350" WIDTH="27"/>
						<String ID="P8_ST00162" HPOS="806" VPOS="1296" WIDTH="88" HEIGHT="40" CONTENT="hier" WC="0.96" CC="6044"/>
						<SP ID="P8_SP00140" HPOS="894" VPOS="1350" WIDTH="28"/>
						<String ID="P8_ST00163" HPOS="922" VPOS="1296" WIDTH="84" HEIGHT="40" CONTENT="und" WC="0.97" CC="610"/>
						<SP ID="P8_SP00141" HPOS="1006" VPOS="1350" WIDTH="29"/>
						<String ID="P8_ST00164" HPOS="1035" VPOS="1296" WIDTH="50" HEIGHT="39" CONTENT="da" WC="1.00" CC="00"/>
						<SP ID="P8_SP00142" HPOS="1085" VPOS="1350" WIDTH="44"/>
						<String ID="P8_ST00165" HPOS="1129" VPOS="1295" WIDTH="63" HEIGHT="39" CONTENT="die" WC="0.99" CC="002"/>
						<SP ID="P8_SP00143" HPOS="1192" VPOS="1350" WIDTH="29"/>
						<String ID="P8_ST00166" HPOS="1221" VPOS="1293" WIDTH="219" HEIGHT="47" CONTENT="Präcision," WC="0.59" CC="6605015374"/>
						<SP ID="P8_SP00144" HPOS="1440" VPOS="1350" WIDTH="42"/>
						<String ID="P8_ST00167" HPOS="1482" VPOS="1304" WIDTH="51" HEIGHT="27" CONTENT="an" WC="0.69" CC="06"/>
						<SP ID="P8_SP00145" HPOS="1533" VPOS="1350" WIDTH="40"/>
						<String ID="P8_ST00168" HPOS="1573" VPOS="1290" WIDTH="153" HEIGHT="40" CONTENT="welche" WC="0.97" CC="944340"/>
					</TextLine>
					<TextLine ID="P8_TL00019" HPOS="137" VPOS="1354" WIDTH="1587" HEIGHT="55">
						<String ID="P8_ST00169" HPOS="137" VPOS="1374" WIDTH="77" HEIGHT="28" CONTENT="uns" WC="0.95" CC="650"/>
						<SP ID="P8_SP00146" HPOS="214" VPOS="1402" WIDTH="31"/>
						<String ID="P8_ST00170" HPOS="245" VPOS="1362" WIDTH="72" HEIGHT="40" CONTENT="der" WC="0.98" CC="005"/>
						<SP ID="P8_SP00147" HPOS="317" VPOS="1402" WIDTH="28"/>
						<String ID="P8_ST00171" HPOS="345" VPOS="1361" WIDTH="196" HEIGHT="41" CONTENT="treffliche" WC="0.99" CC="0400003602"/>
						<SP ID="P8_SP00148" HPOS="541" VPOS="1402" WIDTH="19"/>
						<String ID="P8_ST00172" HPOS="560" VPOS="1361" WIDTH="152" HEIGHT="41" CONTENT="Verein" WC="0.99" CC="000045"/>
						<SP ID="P8_SP00149" HPOS="712" VPOS="1402" WIDTH="30"/>
						<String ID="P8_ST00173" HPOS="742" VPOS="1359" WIDTH="65" HEIGHT="41" CONTENT="bei" WC="0.96" CC="711"/>
						<SP ID="P8_SP00150" HPOS="807" VPOS="1402" WIDTH="30"/>
						<String ID="P8_ST00174" HPOS="837" VPOS="1359" WIDTH="138" HEIGHT="40" CONTENT="seinen" WC="0.99" CC="050600"/>
						<SP ID="P8_SP00151" HPOS="975" VPOS="1402" WIDTH="20"/>
						<String ID="P8_ST00175" HPOS="995" VPOS="1359" WIDTH="225" HEIGHT="50" CONTENT="Vorträgen" WC="0.99" CC="040340940"/>
						<SP ID="P8_SP00152" HPOS="1220" VPOS="1409" WIDTH="30"/>
						<String ID="P8_ST00176" HPOS="1250" VPOS="1356" WIDTH="187" HEIGHT="52" CONTENT="gewöhnt" WC="1.00" CC="0500100"/>
						<SP ID="P8_SP00153" HPOS="1437" VPOS="1409" WIDTH="30"/>
						<String ID="P8_ST00177" HPOS="1467" VPOS="1355" WIDTH="78" HEIGHT="39" CONTENT="hat." WC="0.98" CC="0064"/>
						<SP ID="P8_SP00154" HPOS="1545" VPOS="1409" WIDTH="110"/>
						<String ID="P8_ST00178" HPOS="1655" VPOS="1354" WIDTH="69" HEIGHT="38" CONTENT="An" WC="1.00" CC="00"/>
					</TextLine>
					<TextLine ID="P8_TL00020" HPOS="138" VPOS="1414" WIDTH="1584" HEIGHT="56">
						<String ID="P8_ST00179" HPOS="138" VPOS="1426" WIDTH="422" HEIGHT="39" CONTENT="Instrumentalsätzen" WC="1.00" CC="060020024405000350"/>
						<SP ID="P8_SP00155" HPOS="560" VPOS="1465" WIDTH="28"/>
						<String ID="P8_ST00180" HPOS="588" VPOS="1423" WIDTH="143" HEIGHT="40" CONTENT="hörten" WC="0.99" CC="406020"/>
						<SP ID="P8_SP00156" HPOS="731" VPOS="1465" WIDTH="38"/>
						<String ID="P8_ST00181" HPOS="769" VPOS="1421" WIDTH="73" HEIGHT="40" CONTENT="wir" WC="0.96" CC="054"/>
						<SP ID="P8_SP00157" HPOS="842" VPOS="1465" WIDTH="37"/>
						<String ID="P8_ST00182" HPOS="879" VPOS="1421" WIDTH="69" HEIGHT="39" CONTENT="das" WC="1.00" CC="000"/>
						<SP ID="P8_SP00158" HPOS="948" VPOS="1465" WIDTH="46"/>
						<String ID="P8_ST00183" HPOS="994" VPOS="1425" WIDTH="101" HEIGHT="35" CONTENT="erste" WC="1.00" CC="00002"/>
						<SP ID="P8_SP00159" HPOS="1095" VPOS="1465" WIDTH="41"/>
						<String ID="P8_ST00184" HPOS="1136" VPOS="1419" WIDTH="166" HEIGHT="51" CONTENT="Allegro" WC="0.71" CC="0651033"/>
						<SP ID="P8_SP00160" HPOS="1302" VPOS="1470" WIDTH="48"/>
						<String ID="P8_ST00185" HPOS="1350" VPOS="1417" WIDTH="70" HEIGHT="39" CONTENT="des" WC="1.00" CC="010"/>
						<SP ID="P8_SP00161" HPOS="1420" VPOS="1470" WIDTH="29"/>
						<String ID="P8_ST00186" HPOS="1449" VPOS="1416" WIDTH="202" HEIGHT="49" CONTENT="Quintetts" WC="0.99" CC="471530050"/>
						<SP ID="P8_SP00162" HPOS="1651" VPOS="1470" WIDTH="30"/>
						<String ID="P8_ST00187" HPOS="1681" VPOS="1414" WIDTH="41" HEIGHT="40" CONTENT="in" WC="0.94" CC="10"/>
					</TextLine>
					<TextLine ID="P8_TL00021" HPOS="139" VPOS="1477" WIDTH="1582" HEIGHT="52">
						<String ID="P8_ST00188" HPOS="139" VPOS="1489" WIDTH="152" HEIGHT="37" CONTENT="D-moll" WC="0.68" CC="838000" STYLEREFS="TXT_2"/>
						<SP ID="P8_SP00163" HPOS="291" VPOS="1526" WIDTH="27"/>
						<String ID="P8_ST00189" HPOS="318" VPOS="1500" WIDTH="79" HEIGHT="26" CONTENT="von" WC="1.00" CC="000"/>
						<SP ID="P8_SP00164" HPOS="397" VPOS="1526" WIDTH="28"/>
						<String ID="P8_ST00190" HPOS="425" VPOS="1486" WIDTH="236" HEIGHT="40" CONTENT="Hummel" WC="0.98" CC="454032"/>
						<SP ID="P8_SP00165" HPOS="661" VPOS="1526" WIDTH="47"/>
						<String ID="P8_ST00191" HPOS="708" VPOS="1484" WIDTH="64" HEIGHT="40" CONTENT="für" WC="0.97" CC="006"/>
						<SP ID="P8_SP00166" HPOS="772" VPOS="1526" WIDTH="28"/>
						<String ID="P8_ST00192" HPOS="800" VPOS="1483" WIDTH="228" HEIGHT="39" CONTENT="Pianoforte" WC="0.64" CC="0500066664"/>
						<SP ID="P8_SP00167" HPOS="1028" VPOS="1526" WIDTH="39"/>
						<String ID="P8_ST00193" HPOS="1067" VPOS="1494" WIDTH="39" HEIGHT="27" CONTENT="u." WC="0.44" CC="64"/>
						<SP ID="P8_SP00168" HPOS="1106" VPOS="1526" WIDTH="30"/>
						<String ID="P8_ST00194" HPOS="1136" VPOS="1493" WIDTH="30" HEIGHT="28" CONTENT="s." WC="0.78" CC="04"/>
						<SP ID="P8_SP00169" HPOS="1166" VPOS="1526" WIDTH="29"/>
						<String ID="P8_ST00195" HPOS="1195" VPOS="1493" WIDTH="63" HEIGHT="35" CONTENT="w.," WC="0.52" CC="940"/>
						<SP ID="P8_SP00170" HPOS="1258" VPOS="1528" WIDTH="41"/>
						<String ID="P8_ST00196" HPOS="1299" VPOS="1479" WIDTH="89" HEIGHT="40" CONTENT="eine" WC="0.97" CC="3550"/>
						<SP ID="P8_SP00171" HPOS="1388" VPOS="1528" WIDTH="45"/>
						<String ID="P8_ST00197" HPOS="1433" VPOS="1477" WIDTH="288" HEIGHT="52" CONTENT="Composition," WC="0.64" CC="640060563073"/>
					</TextLine>
					<TextLine ID="P8_TL00022" HPOS="141" VPOS="1540" WIDTH="1580" HEIGHT="58">
						<String ID="P8_ST00198" HPOS="141" VPOS="1550" WIDTH="64" HEIGHT="40" CONTENT="die" WC="0.98" CC="041"/>
						<SP ID="P8_SP00172" HPOS="205" VPOS="1590" WIDTH="29"/>
						<String ID="P8_ST00199" HPOS="234" VPOS="1549" WIDTH="110" HEIGHT="40" CONTENT="nicht" WC="0.98" CC="04550"/>
						<SP ID="P8_SP00173" HPOS="344" VPOS="1590" WIDTH="28"/>
						<String ID="P8_ST00200" HPOS="372" VPOS="1548" WIDTH="94" HEIGHT="47" CONTENT="hält," WC="0.98" CC="60204"/>
						<SP ID="P8_SP00174" HPOS="466" VPOS="1595" WIDTH="28"/>
						<String ID="P8_ST00201" HPOS="494" VPOS="1560" WIDTH="82" HEIGHT="27" CONTENT="was" WC="1.00" CC="940"/>
						<SP ID="P8_SP00175" HPOS="576" VPOS="1595" WIDTH="33"/>
						<String ID="P8_ST00202" HPOS="609" VPOS="1547" WIDTH="57" HEIGHT="40" CONTENT="sie" WC="0.97" CC="340"/>
						<SP ID="P8_SP00176" HPOS="666" VPOS="1595" WIDTH="30"/>
						<String ID="P8_ST00203" HPOS="696" VPOS="1546" WIDTH="41" HEIGHT="41" CONTENT="in" WC="0.74" CC="05"/>
						<SP ID="P8_SP00177" HPOS="737" VPOS="1595" WIDTH="29"/>
						<String ID="P8_ST00204" HPOS="766" VPOS="1547" WIDTH="78" HEIGHT="39" CONTENT="den" WC="0.97" CC="007"/>
						<SP ID="P8_SP00178" HPOS="844" VPOS="1595" WIDTH="16"/>
						<String ID="P8_ST00205" HPOS="860" VPOS="1545" WIDTH="268" HEIGHT="53" CONTENT="grossartigen" WC="0.99" CC="046000600908"/>
						<SP ID="P8_SP00179" HPOS="1128" VPOS="1598" WIDTH="28"/>
						<String ID="P8_ST00206" HPOS="1156" VPOS="1548" WIDTH="134" HEIGHT="35" CONTENT="ersten" WC="0.98" CC="640500"/>
						<SP ID="P8_SP00180" HPOS="1290" VPOS="1598" WIDTH="20"/>
						<String ID="P8_ST00207" HPOS="1310" VPOS="1543" WIDTH="150" HEIGHT="38" CONTENT="Tacten" WC="0.71" CC="005046"/>
						<SP ID="P8_SP00181" HPOS="1460" VPOS="1598" WIDTH="27"/>
						<String ID="P8_ST00208" HPOS="1487" VPOS="1540" WIDTH="234" HEIGHT="52" CONTENT="verspricht," WC="0.99" CC="90200504554"/>
					</TextLine>
					<TextLine ID="P8_TL00023" HPOS="138" VPOS="1604" WIDTH="1583" HEIGHT="52">
						<String ID="P8_ST00209" HPOS="138" VPOS="1613" WIDTH="83" HEIGHT="40" CONTENT="und" WC="0.98" CC="500"/>
						<SP ID="P8_SP00182" HPOS="221" VPOS="1653" WIDTH="29"/>
						<String ID="P8_ST00210" HPOS="250" VPOS="1611" WIDTH="65" HEIGHT="40" CONTENT="die" WC="0.97" CC="035"/>
						<SP ID="P8_SP00183" HPOS="315" VPOS="1653" WIDTH="37"/>
						<String ID="P8_ST00211" HPOS="352" VPOS="1609" WIDTH="473" HEIGHT="41" CONTENT="Andante-Variationen" WC="0.76" CC="0400602402000310636"/>
						<SP ID="P8_SP00184" HPOS="825" VPOS="1653" WIDTH="47"/>
						<String ID="P8_ST00212" HPOS="872" VPOS="1620" WIDTH="79" HEIGHT="27" CONTENT="von" WC="1.00" CC="000"/>
						<SP ID="P8_SP00185" HPOS="951" VPOS="1653" WIDTH="41"/>
						<String ID="P8_ST00213" HPOS="992" VPOS="1607" WIDTH="304" HEIGHT="40" CONTENT="Beethoven" WC="0.99" CC="404043007"/>
						<SP ID="P8_SP00186" HPOS="1296" VPOS="1653" WIDTH="29"/>
						<String ID="P8_ST00214" HPOS="1325" VPOS="1617" WIDTH="70" HEIGHT="28" CONTENT="aus" WC="0.98" CC="040"/>
						<SP ID="P8_SP00187" HPOS="1395" VPOS="1653" WIDTH="47"/>
						<String ID="P8_ST00215" HPOS="1442" VPOS="1604" WIDTH="72" HEIGHT="40" CONTENT="der" WC="0.97" CC="017"/>
						<SP ID="P8_SP00188" HPOS="1514" VPOS="1653" WIDTH="43"/>
						<String ID="P8_ST00216" HPOS="1557" VPOS="1615" WIDTH="164" HEIGHT="41" CONTENT="grossen" WC="0.99" CC="9500005"/>
					</TextLine>
					<TextLine ID="P8_TL00024" HPOS="137" VPOS="1666" WIDTH="1586" HEIGHT="60">
						<String ID="P8_ST00217" HPOS="137" VPOS="1675" WIDTH="146" HEIGHT="40" CONTENT="Sonate" WC="0.98" CC="336043"/>
						<SP ID="P8_SP00189" HPOS="283" VPOS="1715" WIDTH="31"/>
						<String ID="P8_ST00218" HPOS="314" VPOS="1674" WIDTH="78" HEIGHT="52" CONTENT="Op." WC="0.68" CC="504"/>
						<SP ID="P8_SP00190" HPOS="392" VPOS="1726" WIDTH="27"/>
						<String ID="P8_ST00219" HPOS="419" VPOS="1675" WIDTH="50" HEIGHT="39" CONTENT="47" WC="0.45" CC="19"/>
						<SP ID="P8_SP00191" HPOS="469" VPOS="1726" WIDTH="32"/>
						<String ID="P8_ST00220" HPOS="501" VPOS="1674" WIDTH="63" HEIGHT="39" CONTENT="für" WC="0.96" CC="036"/>
						<SP ID="P8_SP00192" HPOS="564" VPOS="1726" WIDTH="28"/>
						<String ID="P8_ST00221" HPOS="592" VPOS="1672" WIDTH="231" HEIGHT="40" CONTENT="Pianoforte" WC="0.78" CC="7000005502"/>
						<SP ID="P8_SP00193" HPOS="823" VPOS="1726" WIDTH="28"/>
						<String ID="P8_ST00222" HPOS="851" VPOS="1670" WIDTH="84" HEIGHT="40" CONTENT="und" WC="0.95" CC="670"/>
						<SP ID="P8_SP00194" HPOS="935" VPOS="1726" WIDTH="39"/>
						<String ID="P8_ST00223" HPOS="974" VPOS="1670" WIDTH="174" HEIGHT="47" CONTENT="Violine," WC="0.99" CC="04540330"/>
						<SP ID="P8_SP00195" HPOS="1148" VPOS="1726" WIDTH="46"/>
						<String ID="P8_ST00224" HPOS="1194" VPOS="1682" WIDTH="79" HEIGHT="27" CONTENT="von" WC="0.96" CC="036"/>
						<SP ID="P8_SP00196" HPOS="1273" VPOS="1726" WIDTH="42"/>
						<String ID="P8_ST00225" HPOS="1315" VPOS="1668" WIDTH="138" HEIGHT="40" CONTENT="Rein" WC="0.98" CC="6000"/>
						<SP ID="P8_SP00197" HPOS="1453" VPOS="1726" WIDTH="12"/>
						<String ID="P8_ST00226" HPOS="1465" VPOS="1667" WIDTH="123" HEIGHT="41" CONTENT="ecke" WC="0.99" CC="0500"/>
						<SP ID="P8_SP00198" HPOS="1588" VPOS="1726" WIDTH="50"/>
						<String ID="P8_ST00227" HPOS="1638" VPOS="1666" WIDTH="85" HEIGHT="41" CONTENT="und" WC="0.95" CC="670"/>
					</TextLine>
					<TextLine ID="P8_TL00025" HPOS="138" VPOS="1732" WIDTH="1208" HEIGHT="56">
						<String ID="P8_ST00228" HPOS="138" VPOS="1739" WIDTH="288" HEIGHT="40" CONTENT="Hartmann" WC="0.98" CC="55050467"/>
						<SP ID="P8_SP00199" HPOS="426" VPOS="1779" WIDTH="29"/>
						<String ID="P8_ST00229" HPOS="455" VPOS="1749" WIDTH="99" HEIGHT="39" CONTENT="ganz" WC="0.96" CC="9800"/>
						<SP ID="P8_SP00200" HPOS="554" VPOS="1788" WIDTH="31"/>
						<String ID="P8_ST00230" HPOS="585" VPOS="1734" WIDTH="304" HEIGHT="53" CONTENT="ausgezeichnet" WC="0.99" CC="1620302406620"/>
						<SP ID="P8_SP00201" HPOS="889" VPOS="1788" WIDTH="28"/>
						<String ID="P8_ST00231" HPOS="917" VPOS="1732" WIDTH="125" HEIGHT="40" CONTENT="schön" WC="0.98" CC="05006"/>
						<SP ID="P8_SP00202" HPOS="1042" VPOS="1788" WIDTH="30"/>
						<String ID="P8_ST00232" HPOS="1072" VPOS="1736" WIDTH="274" HEIGHT="49" CONTENT="vorgetragen." WC="0.99" CC="055926500174"/>
					</TextLine>
				</TextBlock>
				<TextBlock ID="P8_TB00003" HPOS="133" VPOS="1842" WIDTH="1594" HEIGHT="347" STYLEREFS="TXT_3 PAR_BLOCK">
					<TextLine ID="P8_TL00026" HPOS="220" VPOS="1868" WIDTH="1506" HEIGHT="48">
						<String ID="P8_ST00233" HPOS="220" VPOS="1877" WIDTH="48" HEIGHT="39" CONTENT="In" WC="0.54" CC="44"/>
						<SP ID="P8_SP00203" HPOS="268" VPOS="1916" WIDTH="29"/>
						<String ID="P8_ST00234" HPOS="297" VPOS="1875" WIDTH="175" HEIGHT="41" CONTENT="Berlin" WC="0.99" CC="003604"/>
						<SP ID="P8_SP00204" HPOS="472" VPOS="1916" WIDTH="29"/>
						<String ID="P8_ST00235" HPOS="501" VPOS="1872" WIDTH="101" HEIGHT="40" CONTENT="wird" WC="0.96" CC="4534"/>
						<SP ID="P8_SP00205" HPOS="602" VPOS="1916" WIDTH="28"/>
						<String ID="P8_ST00236" HPOS="630" VPOS="1870" WIDTH="136" HEIGHT="41" CONTENT="Erck" WC="0.52" CC="0557"/>
						<SP ID="P8_SP00206" HPOS="766" VPOS="1916" WIDTH="29"/>
						<String ID="P8_ST00237" HPOS="795" VPOS="1875" WIDTH="118" HEIGHT="34" CONTENT="unter" WC="0.97" CC="65422"/>
						<SP ID="P8_SP00207" HPOS="913" VPOS="1916" WIDTH="26"/>
						<String ID="P8_ST00238" HPOS="939" VPOS="1869" WIDTH="93" HEIGHT="40" CONTENT="dem" WC="0.97" CC="160"/>
						<SP ID="P8_SP00208" HPOS="1032" VPOS="1916" WIDTH="24"/>
						<String ID="P8_ST00239" HPOS="1056" VPOS="1869" WIDTH="104" HEIGHT="40" CONTENT="Titel" WC="0.98" CC="44016"/>
						<SP ID="P8_SP00209" HPOS="1160" VPOS="1916" WIDTH="29"/>
						<String ID="P8_ST00240" HPOS="1189" VPOS="1869" WIDTH="302" HEIGHT="42" CONTENT="Deutscher" WC="0.98" CC="748800550"/>
						<SP ID="P8_SP00210" HPOS="1491" VPOS="1916" WIDTH="27"/>
						<String ID="P8_ST00241" HPOS="1518" VPOS="1868" WIDTH="179" HEIGHT="41" CONTENT="Lieder" SUBS_TYPE="HypPart1" SUBS_CONTENT="Liederhort" WC="0.98" CC="634050"/>
						<HYP HPOS="1697" VPOS="1868" WIDTH="29" CONTENT="-"/>
					</TextLine>
					<TextLine ID="P8_TL00027" HPOS="137" VPOS="1931" WIDTH="1589" HEIGHT="55">
						<String ID="P8_ST00242" HPOS="137" VPOS="1937" WIDTH="122" HEIGHT="44" CONTENT="hort" SUBS_TYPE="HypPart2" SUBS_CONTENT="Liederhort" WC="0.94" CC="7575"/>
						<SP ID="P8_SP00211" HPOS="259" VPOS="1981" WIDTH="28"/>
						<String ID="P8_ST00243" HPOS="287" VPOS="1939" WIDTH="88" HEIGHT="40" CONTENT="eine" WC="0.98" CC="0504"/>
						<SP ID="P8_SP00212" HPOS="375" VPOS="1981" WIDTH="29"/>
						<String ID="P8_ST00244" HPOS="404" VPOS="1936" WIDTH="235" HEIGHT="50" CONTENT="Sammlung" WC="0.98" CC="66354805"/>
						<SP ID="P8_SP00213" HPOS="639" VPOS="1986" WIDTH="29"/>
						<String ID="P8_ST00245" HPOS="668" VPOS="1935" WIDTH="72" HEIGHT="39" CONTENT="der" WC="0.97" CC="053"/>
						<SP ID="P8_SP00214" HPOS="740" VPOS="1986" WIDTH="26"/>
						<String ID="P8_ST00246" HPOS="766" VPOS="1932" WIDTH="322" HEIGHT="52" CONTENT="vorzüglichsten" WC="1.00" CC="74600460300000"/>
						<SP ID="P8_SP00215" HPOS="1088" VPOS="1986" WIDTH="30"/>
						<String ID="P8_ST00247" HPOS="1118" VPOS="1933" WIDTH="222" HEIGHT="40" CONTENT="deutschen" WC="0.99" CC="047003405"/>
						<SP ID="P8_SP00216" HPOS="1340" VPOS="1986" WIDTH="29"/>
						<String ID="P8_ST00248" HPOS="1369" VPOS="1932" WIDTH="256" HEIGHT="40" CONTENT="Volkslieder" WC="0.99" CC="70061250105"/>
						<SP ID="P8_SP00217" HPOS="1625" VPOS="1986" WIDTH="28"/>
						<String ID="P8_ST00249" HPOS="1653" VPOS="1931" WIDTH="73" HEIGHT="40" CONTENT="mit" WC="0.94" CC="923"/>
					</TextLine>
					<TextLine ID="P8_TL00028" HPOS="139" VPOS="1995" WIDTH="1586" HEIGHT="57">
						<String ID="P8_ST00250" HPOS="139" VPOS="2002" WIDTH="119" HEIGHT="40" CONTENT="ihren" WC="0.99" CC="00600"/>
						<SP ID="P8_SP00218" HPOS="258" VPOS="2042" WIDTH="29"/>
						<String ID="P8_ST00251" HPOS="287" VPOS="1998" WIDTH="369" HEIGHT="54" CONTENT="eigenthümlichen" WC="0.85" CC="010047000600000"/>
						<SP ID="P8_SP00219" HPOS="656" VPOS="2052" WIDTH="28"/>
						<String ID="P8_ST00252" HPOS="684" VPOS="1995" WIDTH="231" HEIGHT="43" CONTENT="Melodieen" WC="0.77" CC="404200404"/>
						<SP ID="P8_SP00220" HPOS="915" VPOS="2052" WIDTH="28"/>
						<String ID="P8_ST00253" HPOS="943" VPOS="1996" WIDTH="293" HEIGHT="51" CONTENT="herausgeben." WC="0.99" CC="033360007064"/>
						<SP ID="P8_SP00221" HPOS="1236" VPOS="2052" WIDTH="55"/>
						<String ID="P8_ST00254" HPOS="1291" VPOS="1995" WIDTH="89" HEIGHT="40" CONTENT="Auf" WC="0.95" CC="750"/>
						<SP ID="P8_SP00222" HPOS="1380" VPOS="2052" WIDTH="35"/>
						<String ID="P8_ST00255" HPOS="1415" VPOS="1995" WIDTH="310" HEIGHT="51" CONTENT="Befürwortung" WC="0.99" CC="200065550759"/>
					</TextLine>
					<TextLine ID="P8_TL00029" HPOS="141" VPOS="2056" WIDTH="1584" HEIGHT="53">
						<String ID="P8_ST00256" HPOS="141" VPOS="2064" WIDTH="71" HEIGHT="40" CONTENT="der" WC="0.94" CC="905"/>
						<SP ID="P8_SP00223" HPOS="212" VPOS="2104" WIDTH="28"/>
						<String ID="P8_ST00257" HPOS="240" VPOS="2061" WIDTH="226" HEIGHT="41" CONTENT="Akademie" WC="1.00" CC="60003000"/>
						<SP ID="P8_SP00224" HPOS="466" VPOS="2104" WIDTH="30"/>
						<String ID="P8_ST00258" HPOS="496" VPOS="2061" WIDTH="71" HEIGHT="39" CONTENT="der" WC="0.98" CC="005"/>
						<SP ID="P8_SP00225" HPOS="567" VPOS="2104" WIDTH="28"/>
						<String ID="P8_ST00259" HPOS="595" VPOS="2061" WIDTH="156" HEIGHT="38" CONTENT="Künste" WC="0.99" CC="206002"/>
						<SP ID="P8_SP00226" HPOS="751" VPOS="2104" WIDTH="29"/>
						<String ID="P8_ST00260" HPOS="780" VPOS="2059" WIDTH="69" HEIGHT="40" CONTENT="hat" WC="1.00" CC="000"/>
						<SP ID="P8_SP00227" HPOS="849" VPOS="2104" WIDTH="28"/>
						<String ID="P8_ST00261" HPOS="877" VPOS="2058" WIDTH="64" HEIGHT="39" CONTENT="Se." WC="0.62" CC="523"/>
						<SP ID="P8_SP00228" HPOS="941" VPOS="2104" WIDTH="29"/>
						<String ID="P8_ST00262" HPOS="970" VPOS="2058" WIDTH="97" HEIGHT="51" CONTENT="Maj." WC="0.53" CC="5534"/>
						<SP ID="P8_SP00229" HPOS="1067" VPOS="2109" WIDTH="40"/>
						<String ID="P8_ST00263" HPOS="1107" VPOS="2058" WIDTH="71" HEIGHT="39" CONTENT="der" WC="0.97" CC="006"/>
						<SP ID="P8_SP00230" HPOS="1178" VPOS="2109" WIDTH="38"/>
						<String ID="P8_ST00264" HPOS="1216" VPOS="2057" WIDTH="136" HEIGHT="52" CONTENT="König" WC="0.97" CC="37650"/>
						<SP ID="P8_SP00231" HPOS="1352" VPOS="2109" WIDTH="38"/>
						<String ID="P8_ST00265" HPOS="1390" VPOS="2056" WIDTH="152" HEIGHT="41" CONTENT="diesem" WC="0.99" CC="070007"/>
						<SP ID="P8_SP00232" HPOS="1542" VPOS="2109" WIDTH="41"/>
						<String ID="P8_ST00266" HPOS="1583" VPOS="2056" WIDTH="119" HEIGHT="40" CONTENT="Unter" SUBS_TYPE="HypPart1" SUBS_CONTENT="Unternehmen" WC="0.98" CC="65024"/>
						<HYP HPOS="1702" VPOS="2056" WIDTH="23" CONTENT="-"/>
					</TextLine>
					<TextLine ID="P8_TL00030" HPOS="136" VPOS="2120" WIDTH="1108" HEIGHT="52">
						<String ID="P8_ST00267" HPOS="136" VPOS="2126" WIDTH="179" HEIGHT="41" CONTENT="nehmen" SUBS_TYPE="HypPart2" SUBS_CONTENT="Unternehmen" WC="0.98" CC="900107"/>
						<SP ID="P8_SP00233" HPOS="315" VPOS="2167" WIDTH="31"/>
						<String ID="P8_ST00268" HPOS="346" VPOS="2124" WIDTH="89" HEIGHT="39" CONTENT="eine" WC="0.98" CC="3060"/>
						<SP ID="P8_SP00234" HPOS="435" VPOS="2167" WIDTH="30"/>
						<String ID="P8_ST00269" HPOS="465" VPOS="2123" WIDTH="222" HEIGHT="40" CONTENT="besondere" WC="0.99" CC="630070403"/>
						<SP ID="P8_SP00235" HPOS="687" VPOS="2167" WIDTH="30"/>
						<String ID="P8_ST00270" HPOS="717" VPOS="2121" WIDTH="267" HEIGHT="40" CONTENT="Theilnahme" WC="0.78" CC="0205470200"/>
						<SP ID="P8_SP00236" HPOS="984" VPOS="2167" WIDTH="29"/>
						<String ID="P8_ST00271" HPOS="1013" VPOS="2120" WIDTH="231" HEIGHT="52" CONTENT="geschenkt." WC="0.99" CC="9300003544"/>
					</TextLine>
				</TextBlock>
				<TextBlock ID="P8_TB00004" HPOS="134" VPOS="2242" WIDTH="1589" HEIGHT="258" STYLEREFS="TXT_3 PAR_BLOCK">
					<TextLine ID="P8_TL00031" HPOS="216" VPOS="2244" WIDTH="1505" HEIGHT="53">
						<String ID="P8_ST00272" HPOS="216" VPOS="2254" WIDTH="109" HEIGHT="40" CONTENT="Herr" WC="0.96" CC="3076"/>
						<SP ID="P8_SP00237" HPOS="325" VPOS="2294" WIDTH="28"/>
						<String ID="P8_ST00273" HPOS="353" VPOS="2263" WIDTH="96" HEIGHT="28" CONTENT="von" WC="0.94" CC="736"/>
						<SP ID="P8_SP00238" HPOS="449" VPOS="2294" WIDTH="28"/>
						<String ID="P8_ST00274" HPOS="477" VPOS="2251" WIDTH="217" HEIGHT="45" CONTENT="Hülsen," WC="0.99" CC="0030074"/>
						<SP ID="P8_SP00239" HPOS="694" VPOS="2296" WIDTH="32"/>
						<String ID="P8_ST00275" HPOS="726" VPOS="2248" WIDTH="408" HEIGHT="40" CONTENT="General-Intendant" WC="0.99" CC="44320664650060060"/>
						<SP ID="P8_SP00240" HPOS="1134" VPOS="2296" WIDTH="49"/>
						<String ID="P8_ST00276" HPOS="1183" VPOS="2247" WIDTH="73" HEIGHT="39" CONTENT="der" WC="0.96" CC="306"/>
						<SP ID="P8_SP00241" HPOS="1256" VPOS="2296" WIDTH="27"/>
						<String ID="P8_ST00277" HPOS="1283" VPOS="2245" WIDTH="149" HEIGHT="52" CONTENT="königl." WC="0.54" CC="0846074"/>
						<SP ID="P8_SP00242" HPOS="1432" VPOS="2297" WIDTH="30"/>
						<String ID="P8_ST00278" HPOS="1462" VPOS="2244" WIDTH="259" HEIGHT="52" CONTENT="Schauspiele" WC="0.99" CC="02054005474"/>
					</TextLine>
					<TextLine ID="P8_TL00032" HPOS="136" VPOS="2306" WIDTH="1586" HEIGHT="56">
						<String ID="P8_ST00279" HPOS="136" VPOS="2317" WIDTH="41" HEIGHT="40" CONTENT="in" WC="0.34" CC="39"/>
						<SP ID="P8_SP00243" HPOS="177" VPOS="2357" WIDTH="27"/>
						<String ID="P8_ST00280" HPOS="204" VPOS="2315" WIDTH="151" HEIGHT="47" CONTENT="Berlin," WC="0.98" CC="2004393"/>
						<SP ID="P8_SP00244" HPOS="355" VPOS="2362" WIDTH="30"/>
						<String ID="P8_ST00281" HPOS="385" VPOS="2314" WIDTH="49" HEIGHT="39" CONTENT="ist" WC="0.98" CC="104"/>
						<SP ID="P8_SP00245" HPOS="434" VPOS="2362" WIDTH="25"/>
						<String ID="P8_ST00282" HPOS="459" VPOS="2312" WIDTH="76" HEIGHT="41" CONTENT="seit" WC="0.99" CC="1130"/>
						<SP ID="P8_SP00246" HPOS="535" VPOS="2362" WIDTH="42"/>
						<String ID="P8_ST00283" HPOS="577" VPOS="2312" WIDTH="89" HEIGHT="39" CONTENT="acht" WC="0.97" CC="5520"/>
						<SP ID="P8_SP00247" HPOS="666" VPOS="2362" WIDTH="43"/>
						<String ID="P8_ST00284" HPOS="709" VPOS="2310" WIDTH="140" HEIGHT="51" CONTENT="Tagen" WC="0.98" CC="01709"/>
						<SP ID="P8_SP00248" HPOS="849" VPOS="2362" WIDTH="43"/>
						<String ID="P8_ST00285" HPOS="892" VPOS="2309" WIDTH="42" HEIGHT="40" CONTENT="in" WC="0.36" CC="29"/>
						<SP ID="P8_SP00249" HPOS="934" VPOS="2362" WIDTH="44"/>
						<String ID="P8_ST00286" HPOS="978" VPOS="2308" WIDTH="152" HEIGHT="41" CONTENT="Paris" WC="0.98" CC="70400"/>
						<SP ID="P8_SP00250" HPOS="1130" VPOS="2362" WIDTH="43"/>
						<String ID="P8_ST00287" HPOS="1173" VPOS="2308" WIDTH="83" HEIGHT="39" CONTENT="und" WC="0.95" CC="760"/>
						<SP ID="P8_SP00251" HPOS="1256" VPOS="2362" WIDTH="30"/>
						<String ID="P8_ST00288" HPOS="1286" VPOS="2307" WIDTH="155" HEIGHT="40" CONTENT="scheint" WC="0.99" CC="1400060"/>
						<SP ID="P8_SP00252" HPOS="1441" VPOS="2362" WIDTH="42"/>
						<String ID="P8_ST00289" HPOS="1483" VPOS="2306" WIDTH="109" HEIGHT="39" CONTENT="seine" WC="0.98" CC="00054"/>
						<SP ID="P8_SP00253" HPOS="1592" VPOS="2362" WIDTH="30"/>
						<String ID="P8_ST00290" HPOS="1622" VPOS="2306" WIDTH="75" HEIGHT="39" CONTENT="Auf" SUBS_TYPE="HypPart1" SUBS_CONTENT="Aufmerksamkeit" WC="0.97" CC="470"/>
						<HYP HPOS="1697" VPOS="2306" WIDTH="25" CONTENT="-"/>
					</TextLine>
					<TextLine ID="P8_TL00033" HPOS="136" VPOS="2368" WIDTH="1585" HEIGHT="54">
						<String ID="P8_ST00291" HPOS="136" VPOS="2377" WIDTH="285" HEIGHT="43" CONTENT="merksamkeit" SUBS_TYPE="HypPart2" SUBS_CONTENT="Aufmerksamkeit" WC="0.99" CC="60770047045"/>
						<SP ID="P8_SP00254" HPOS="421" VPOS="2420" WIDTH="42"/>
						<String ID="P8_ST00292" HPOS="463" VPOS="2375" WIDTH="219" HEIGHT="40" CONTENT="besonders" WC="0.99" CC="400570544"/>
						<SP ID="P8_SP00255" HPOS="682" VPOS="2420" WIDTH="50"/>
						<String ID="P8_ST00293" HPOS="732" VPOS="2373" WIDTH="79" HEIGHT="38" CONTENT="den" WC="1.00" CC="000"/>
						<SP ID="P8_SP00256" HPOS="811" VPOS="2420" WIDTH="37"/>
						<String ID="P8_ST00294" HPOS="848" VPOS="2371" WIDTH="155" HEIGHT="51" CONTENT="jungen" WC="0.97" CC="657920"/>
						<SP ID="P8_SP00257" HPOS="1003" VPOS="2422" WIDTH="38"/>
						<String ID="P8_ST00295" HPOS="1041" VPOS="2370" WIDTH="358" HEIGHT="52" CONTENT="Gesangstalenten" WC="0.99" CC="500009003540209"/>
						<SP ID="P8_SP00258" HPOS="1399" VPOS="2422" WIDTH="42"/>
						<String ID="P8_ST00296" HPOS="1441" VPOS="2382" WIDTH="50" HEIGHT="26" CONTENT="zu" WC="0.76" CC="04"/>
						<SP ID="P8_SP00259" HPOS="1491" VPOS="2422" WIDTH="41"/>
						<String ID="P8_ST00297" HPOS="1532" VPOS="2368" WIDTH="189" HEIGHT="48" CONTENT="widmen," WC="0.99" CC="7006042"/>
					</TextLine>
					<TextLine ID="P8_TL00034" HPOS="138" VPOS="2432" WIDTH="1102" HEIGHT="55">
						<String ID="P8_ST00298" HPOS="138" VPOS="2440" WIDTH="152" HEIGHT="41" CONTENT="welche" WC="0.99" CC="701600"/>
						<SP ID="P8_SP00260" HPOS="290" VPOS="2481" WIDTH="30"/>
						<String ID="P8_ST00299" HPOS="320" VPOS="2439" WIDTH="89" HEIGHT="40" CONTENT="dort" WC="0.97" CC="0264"/>
						<SP ID="P8_SP00261" HPOS="409" VPOS="2481" WIDTH="28"/>
						<String ID="P8_ST00300" HPOS="437" VPOS="2437" WIDTH="86" HEIGHT="40" CONTENT="ihre" WC="0.98" CC="1052"/>
						<SP ID="P8_SP00262" HPOS="523" VPOS="2481" WIDTH="29"/>
						<String ID="P8_ST00301" HPOS="552" VPOS="2436" WIDTH="175" HEIGHT="51" CONTENT="Bildung" WC="0.97" CC="2059779"/>
						<SP ID="P8_SP00263" HPOS="727" VPOS="2487" WIDTH="30"/>
						<String ID="P8_ST00302" HPOS="757" VPOS="2447" WIDTH="49" HEIGHT="27" CONTENT="zu" WC="0.53" CC="09"/>
						<SP ID="P8_SP00264" HPOS="806" VPOS="2487" WIDTH="27"/>
						<String ID="P8_ST00303" HPOS="833" VPOS="2433" WIDTH="214" HEIGHT="40" CONTENT="vollenden" WC="0.99" CC="724710040"/>
						<SP ID="P8_SP00265" HPOS="1047" VPOS="2487" WIDTH="30"/>
						<String ID="P8_ST00304" HPOS="1077" VPOS="2432" WIDTH="163" HEIGHT="40" CONTENT="suchen." WC="0.99" CC="0400074"/>
					</TextLine>
				</TextBlock>
				<TextBlock ID="P8_TB00005" HPOS="131" VPOS="2565" WIDTH="1592" HEIGHT="308" STYLEREFS="TXT_1 PAR_BLOCK">
					<TextLine ID="P8_TL00035" HPOS="217" VPOS="2567" WIDTH="1502" HEIGHT="56">
						<String ID="P8_ST00305" HPOS="217" VPOS="2577" WIDTH="48" HEIGHT="39" CONTENT="In" WC="0.45" CC="28"/>
						<SP ID="P8_SP00266" HPOS="265" VPOS="2616" WIDTH="28"/>
						<String ID="P8_ST00306" HPOS="293" VPOS="2573" WIDTH="290" HEIGHT="42" CONTENT="Frankfurt" WC="1.00" CC="000400700"/>
						<SP ID="P8_SP00267" HPOS="583" VPOS="2616" WIDTH="29"/>
						<String ID="P8_ST00307" HPOS="612" VPOS="2585" WIDTH="33" HEIGHT="26" CONTENT="a." WC="0.78" CC="04"/>
						<SP ID="P8_SP00268" HPOS="645" VPOS="2616" WIDTH="29"/>
						<String ID="P8_ST00308" HPOS="674" VPOS="2572" WIDTH="55" HEIGHT="40" CONTENT="M." WC="0.82" CC="03"/>
						<SP ID="P8_SP00269" HPOS="729" VPOS="2616" WIDTH="31"/>
						<String ID="P8_ST00309" HPOS="760" VPOS="2571" WIDTH="138" HEIGHT="52" CONTENT="gastirt" WC="0.68" CC="9003205"/>
						<SP ID="P8_SP00270" HPOS="898" VPOS="2623" WIDTH="27"/>
						<String ID="P8_ST00310" HPOS="925" VPOS="2568" WIDTH="238" HEIGHT="42" CONTENT="Pischek." WC="0.76" CC="00045304"/>
						<SP ID="P8_SP00271" HPOS="1163" VPOS="2623" WIDTH="120"/>
						<String ID="P8_ST00311" HPOS="1283" VPOS="2568" WIDTH="53" HEIGHT="40" CONTENT="H." WC="0.61" CC="34"/>
						<SP ID="P8_SP00272" HPOS="1336" VPOS="2623" WIDTH="30"/>
						<String ID="P8_ST00312" HPOS="1366" VPOS="2567" WIDTH="210" HEIGHT="42" CONTENT="Berlioz" WC="0.74" CC="6004330"/>
						<SP ID="P8_SP00273" HPOS="1576" VPOS="2623" WIDTH="31"/>
						<String ID="P8_ST00313" HPOS="1607" VPOS="2569" WIDTH="112" HEIGHT="39" CONTENT="sollte" WC="0.99" CC="003500"/>
					</TextLine>
					<TextLine ID="P8_TL00036" HPOS="138" VPOS="2631" WIDTH="1583" HEIGHT="58">
						<String ID="P8_ST00314" HPOS="138" VPOS="2653" WIDTH="64" HEIGHT="28" CONTENT="am" WC="0.39" CC="38"/>
						<SP ID="P8_SP00274" HPOS="202" VPOS="2681" WIDTH="27"/>
						<String ID="P8_ST00315" HPOS="229" VPOS="2641" WIDTH="66" HEIGHT="38" CONTENT="24." WC="0.54" CC="904"/>
						<SP ID="P8_SP00275" HPOS="295" VPOS="2681" WIDTH="30"/>
						<String ID="P8_ST00316" HPOS="325" VPOS="2638" WIDTH="107" HEIGHT="51" CONTENT="Aug." WC="0.96" CC="0494"/>
						<SP ID="P8_SP00276" HPOS="432" VPOS="2689" WIDTH="30"/>
						<String ID="P8_ST00317" HPOS="462" VPOS="2636" WIDTH="175" HEIGHT="40" CONTENT="daselbst" WC="1.00" CC="00007000"/>
						<SP ID="P8_SP00277" HPOS="637" VPOS="2689" WIDTH="29"/>
						<String ID="P8_ST00318" HPOS="666" VPOS="2634" WIDTH="54" HEIGHT="40" CONTENT="im" WC="1.00" CC="00"/>
						<SP ID="P8_SP00278" HPOS="720" VPOS="2689" WIDTH="31"/>
						<String ID="P8_ST00319" HPOS="751" VPOS="2634" WIDTH="173" HEIGHT="40" CONTENT="Theater" WC="0.99" CC="0400041"/>
						<SP ID="P8_SP00279" HPOS="924" VPOS="2689" WIDTH="34"/>
						<String ID="P8_ST00320" HPOS="958" VPOS="2632" WIDTH="66" HEIGHT="41" CONTENT="bei" WC="0.97" CC="601"/>
						<SP ID="P8_SP00280" HPOS="1024" VPOS="2689" WIDTH="44"/>
						<String ID="P8_ST00321" HPOS="1068" VPOS="2632" WIDTH="320" HEIGHT="51" CONTENT="aufgehobenem" WC="0.99" CC="060905404020"/>
						<SP ID="P8_SP00281" HPOS="1388" VPOS="2689" WIDTH="46"/>
						<String ID="P8_ST00322" HPOS="1434" VPOS="2631" WIDTH="287" HEIGHT="40" CONTENT="Abonnement" WC="1.00" CC="2054000300"/>
					</TextLine>
					<TextLine ID="P8_TL00037" HPOS="137" VPOS="2691" WIDTH="1584" HEIGHT="62">
						<String ID="P8_ST00323" HPOS="137" VPOS="2704" WIDTH="172" HEIGHT="40" CONTENT="Concert" WC="0.75" CC="6020060"/>
						<SP ID="P8_SP00282" HPOS="309" VPOS="2744" WIDTH="29"/>
						<String ID="P8_ST00324" HPOS="338" VPOS="2702" WIDTH="131" HEIGHT="51" CONTENT="geben" WC="0.97" CC="92540"/>
						<SP ID="P8_SP00283" HPOS="469" VPOS="2753" WIDTH="27"/>
						<String ID="P8_ST00325" HPOS="496" VPOS="2699" WIDTH="85" HEIGHT="39" CONTENT="und" WC="0.96" CC="740"/>
						<SP ID="P8_SP00284" HPOS="581" VPOS="2753" WIDTH="31"/>
						<String ID="P8_ST00326" HPOS="612" VPOS="2711" WIDTH="76" HEIGHT="27" CONTENT="von" WC="0.97" CC="034"/>
						<SP ID="P8_SP00285" HPOS="688" VPOS="2753" WIDTH="29"/>
						<String ID="P8_ST00327" HPOS="717" VPOS="2697" WIDTH="139" HEIGHT="41" CONTENT="seinen" WC="0.98" CC="040757"/>
						<SP ID="P8_SP00286" HPOS="856" VPOS="2753" WIDTH="30"/>
						<String ID="P8_ST00328" HPOS="886" VPOS="2695" WIDTH="328" HEIGHT="52" CONTENT="Compositionen" WC="0.65" CC="7600204043547"/>
						<SP ID="P8_SP00287" HPOS="1214" VPOS="2753" WIDTH="26"/>
						<String ID="P8_ST00329" HPOS="1240" VPOS="2693" WIDTH="231" HEIGHT="42" CONTENT="aufführen:" WC="1.00" CC="0600003014"/>
						<SP ID="P8_SP00288" HPOS="1471" VPOS="2753" WIDTH="33"/>
						<String ID="P8_ST00330" HPOS="1504" VPOS="2691" WIDTH="34" HEIGHT="54" CONTENT="1)" WC="1.00" CC="00"/>
						<SP ID="P8_SP00289" HPOS="1538" VPOS="2753" WIDTH="30"/>
						<String ID="P8_ST00331" HPOS="1568" VPOS="2694" WIDTH="153" HEIGHT="39" CONTENT="Harold" WC="0.98" CC="706150"/>
					</TextLine>
					<TextLine ID="P8_TL00038" HPOS="132" VPOS="2755" WIDTH="1587" HEIGHT="57">
						<String ID="P8_ST00332" HPOS="132" VPOS="2765" WIDTH="42" HEIGHT="39" CONTENT="in" WC="0.47" CC="37"/>
						<SP ID="P8_SP00290" HPOS="174" VPOS="2804" WIDTH="30"/>
						<String ID="P8_ST00333" HPOS="204" VPOS="2763" WIDTH="154" HEIGHT="41" CONTENT="Italien." WC="0.98" CC="26546074"/>
						<SP ID="P8_SP00291" HPOS="358" VPOS="2804" WIDTH="56"/>
						<String ID="P8_ST00334" HPOS="414" VPOS="2761" WIDTH="40" HEIGHT="51" CONTENT="2)" WC="0.94" CC="01"/>
						<SP ID="P8_SP00292" HPOS="454" VPOS="2812" WIDTH="30"/>
						<String ID="P8_ST00335" HPOS="484" VPOS="2761" WIDTH="75" HEIGHT="40" CONTENT="Die" WC="0.98" CC="050"/>
						<SP ID="P8_SP00293" HPOS="559" VPOS="2812" WIDTH="29"/>
						<String ID="P8_ST00336" HPOS="588" VPOS="2761" WIDTH="119" HEIGHT="39" CONTENT="Ruhe" WC="0.98" CC="5040"/>
						<SP ID="P8_SP00294" HPOS="707" VPOS="2812" WIDTH="29"/>
						<String ID="P8_ST00337" HPOS="736" VPOS="2761" WIDTH="73" HEIGHT="38" CONTENT="der" WC="1.00" CC="000"/>
						<SP ID="P8_SP00295" HPOS="809" VPOS="2812" WIDTH="28"/>
						<String ID="P8_ST00338" HPOS="837" VPOS="2759" WIDTH="177" HEIGHT="51" CONTENT="heiligen" WC="0.99" CC="50662020"/>
						<SP ID="P8_SP00296" HPOS="1014" VPOS="2812" WIDTH="39"/>
						<String ID="P8_ST00339" HPOS="1053" VPOS="2757" WIDTH="179" HEIGHT="42" CONTENT="Familie." WC="1.00" CC="10020004"/>
						<SP ID="P8_SP00297" HPOS="1232" VPOS="2812" WIDTH="45"/>
						<String ID="P8_ST00340" HPOS="1277" VPOS="2755" WIDTH="37" HEIGHT="52" CONTENT="3)" WC="0.59" CC="80"/>
						<SP ID="P8_SP00298" HPOS="1314" VPOS="2812" WIDTH="38"/>
						<String ID="P8_ST00341" HPOS="1352" VPOS="2756" WIDTH="76" HEIGHT="40" CONTENT="Die" WC="0.95" CC="713"/>
						<SP ID="P8_SP00299" HPOS="1428" VPOS="2812" WIDTH="30"/>
						<String ID="P8_ST00342" HPOS="1458" VPOS="2756" WIDTH="99" HEIGHT="40" CONTENT="zwei" WC="0.99" CC="0041"/>
						<SP ID="P8_SP00300" HPOS="1557" VPOS="2812" WIDTH="31"/>
						<String ID="P8_ST00343" HPOS="1588" VPOS="2761" WIDTH="131" HEIGHT="35" CONTENT="ersten" WC="1.00" CC="040000"/>
					</TextLine>
					<TextLine ID="P8_TL00039" HPOS="134" VPOS="2821" WIDTH="979" HEIGHT="51">
						<String ID="P8_ST00344" HPOS="134" VPOS="2828" WIDTH="101" HEIGHT="40" CONTENT="Acte" WC="0.99" CC="0230"/>
						<SP ID="P8_SP00301" HPOS="235" VPOS="2868" WIDTH="30"/>
						<String ID="P8_ST00345" HPOS="265" VPOS="2838" WIDTH="92" HEIGHT="28" CONTENT="aus:" WC="0.97" CC="0624"/>
						<SP ID="P8_SP00302" HPOS="357" VPOS="2868" WIDTH="29"/>
						<String ID="P8_ST00346" HPOS="386" VPOS="2824" WIDTH="101" HEIGHT="48" CONTENT="„Die" WC="0.99" CC="0030"/>
						<SP ID="P8_SP00303" HPOS="487" VPOS="2872" WIDTH="31"/>
						<String ID="P8_ST00347" HPOS="518" VPOS="2822" WIDTH="308" HEIGHT="42" CONTENT="Verdammniss" WC="0.77" CC="00600167100"/>
						<SP ID="P8_SP00304" HPOS="826" VPOS="2872" WIDTH="30"/>
						<String ID="P8_ST00348" HPOS="856" VPOS="2822" WIDTH="70" HEIGHT="39" CONTENT="des" WC="1.00" CC="000"/>
						<SP ID="P8_SP00305" HPOS="926" VPOS="2872" WIDTH="29"/>
						<String ID="P8_ST00349" HPOS="955" VPOS="2821" WIDTH="133" HEIGHT="39" CONTENT="Faust." WC="0.99" CC="305014"/>
						<String ID="P8_ST00350" HPOS="1092" VPOS="2823" WIDTH="21" HEIGHT="16" CONTENT="44" STYLE="superscript" WC="0.38" CC="57"/>
					</TextLine>
				</TextBlock>
				<TextBlock ID="P8_TB00006" HPOS="131" VPOS="2933" WIDTH="1591" HEIGHT="304" STYLEREFS="TXT_3 PAR_BLOCK">
					<TextLine ID="P8_TL00040" HPOS="214" VPOS="2966" WIDTH="1497" HEIGHT="55">
						<String ID="P8_ST00351" HPOS="214" VPOS="2973" WIDTH="186" HEIGHT="42" CONTENT="Fräulein" WC="0.98" CC="23440645"/>
						<SP ID="P8_SP00306" HPOS="400" VPOS="3015" WIDTH="28"/>
						<String ID="P8_ST00352" HPOS="428" VPOS="2972" WIDTH="240" HEIGHT="40" CONTENT="Johanna" WC="0.99" CC="0530042"/>
						<SP ID="P8_SP00307" HPOS="668" VPOS="3015" WIDTH="31"/>
						<String ID="P8_ST00353" HPOS="699" VPOS="2970" WIDTH="233" HEIGHT="51" CONTENT="Wagner" WC="0.97" CC="649930"/>
						<SP ID="P8_SP00308" HPOS="932" VPOS="3021" WIDTH="39"/>
						<String ID="P8_ST00354" HPOS="971" VPOS="2968" WIDTH="67" HEIGHT="40" CONTENT="hat" WC="0.98" CC="500"/>
						<SP ID="P8_SP00309" HPOS="1038" VPOS="3021" WIDTH="30"/>
						<String ID="P8_ST00355" HPOS="1068" VPOS="2980" WIDTH="65" HEIGHT="28" CONTENT="am" WC="0.63" CC="07"/>
						<SP ID="P8_SP00310" HPOS="1133" VPOS="3021" WIDTH="39"/>
						<String ID="P8_ST00356" HPOS="1172" VPOS="2967" WIDTH="117" HEIGHT="40" CONTENT="Ende" WC="0.98" CC="0403"/>
						<SP ID="P8_SP00311" HPOS="1289" VPOS="3021" WIDTH="40"/>
						<String ID="P8_ST00357" HPOS="1329" VPOS="2967" WIDTH="108" HEIGHT="41" CONTENT="ihres" WC="1.00" CC="00300"/>
						<SP ID="P8_SP00312" HPOS="1437" VPOS="3021" WIDTH="37"/>
						<String ID="P8_ST00358" HPOS="1474" VPOS="2966" WIDTH="214" HEIGHT="40" CONTENT="Aufenthal" SUBS_TYPE="HypPart1" SUBS_CONTENT="Aufenthaltes" WC="0.99" CC="703400010"/>
						<HYP HPOS="1688" VPOS="2966" WIDTH="23" CONTENT="-"/>
					</TextLine>
					<TextLine ID="P8_TL00041" HPOS="138" VPOS="3029" WIDTH="1582" HEIGHT="56">
						<String ID="P8_ST00359" HPOS="138" VPOS="3042" WIDTH="56" HEIGHT="34" CONTENT="tes" SUBS_TYPE="HypPart2" SUBS_CONTENT="Aufenthaltes" WC="1.00" CC="000"/>
						<SP ID="P8_SP00313" HPOS="194" VPOS="3076" WIDTH="30"/>
						<String ID="P8_ST00360" HPOS="224" VPOS="3048" WIDTH="47" HEIGHT="27" CONTENT="zu" WC="0.73" CC="05"/>
						<SP ID="P8_SP00314" HPOS="271" VPOS="3076" WIDTH="29"/>
						<String ID="P8_ST00361" HPOS="300" VPOS="3035" WIDTH="168" HEIGHT="39" CONTENT="Soden" WC="0.99" CC="70000"/>
						<SP ID="P8_SP00315" HPOS="468" VPOS="3076" WIDTH="28"/>
						<String ID="P8_ST00362" HPOS="496" VPOS="3034" WIDTH="226" HEIGHT="51" CONTENT="Anregung" WC="0.99" CC="00700730"/>
						<SP ID="P8_SP00316" HPOS="722" VPOS="3085" WIDTH="29"/>
						<String ID="P8_ST00363" HPOS="751" VPOS="3045" WIDTH="50" HEIGHT="26" CONTENT="zu" WC="0.46" CC="45"/>
						<SP ID="P8_SP00317" HPOS="801" VPOS="3085" WIDTH="31"/>
						<String ID="P8_ST00364" HPOS="832" VPOS="3032" WIDTH="133" HEIGHT="40" CONTENT="einem" WC="0.99" CC="00530"/>
						<SP ID="P8_SP00318" HPOS="965" VPOS="3085" WIDTH="34"/>
						<String ID="P8_ST00365" HPOS="999" VPOS="3031" WIDTH="195" HEIGHT="40" CONTENT="Concerte" WC="0.86" CC="60040000"/>
						<SP ID="P8_SP00319" HPOS="1194" VPOS="3085" WIDTH="29"/>
						<String ID="P8_ST00366" HPOS="1223" VPOS="3042" WIDTH="92" HEIGHT="27" CONTENT="zum" WC="0.99" CC="002"/>
						<SP ID="P8_SP00320" HPOS="1315" VPOS="3085" WIDTH="30"/>
						<String ID="P8_ST00367" HPOS="1345" VPOS="3029" WIDTH="147" HEIGHT="40" CONTENT="Besten" WC="0.98" CC="770004"/>
						<SP ID="P8_SP00321" HPOS="1492" VPOS="3085" WIDTH="37"/>
						<String ID="P8_ST00368" HPOS="1529" VPOS="3029" WIDTH="69" HEIGHT="39" CONTENT="des" WC="0.99" CC="020"/>
						<SP ID="P8_SP00322" HPOS="1598" VPOS="3085" WIDTH="31"/>
						<String ID="P8_ST00369" HPOS="1629" VPOS="3029" WIDTH="69" HEIGHT="40" CONTENT="dor" SUBS_TYPE="HypPart1" SUBS_CONTENT="dortigen" WC="0.97" CC="902"/>
						<HYP HPOS="1698" VPOS="3029" WIDTH="22" CONTENT="-"/>
					</TextLine>
					<TextLine ID="P8_TL00042" HPOS="132" VPOS="3092" WIDTH="1583" HEIGHT="57">
						<String ID="P8_ST00370" HPOS="132" VPOS="3098" WIDTH="110" HEIGHT="51" CONTENT="tigen" SUBS_TYPE="HypPart2" SUBS_CONTENT="dortigen" WC="0.97" CC="03906"/>
						<SP ID="P8_SP00323" HPOS="242" VPOS="3149" WIDTH="28"/>
						<String ID="P8_ST00371" HPOS="270" VPOS="3095" WIDTH="446" HEIGHT="41" CONTENT="Krankenhauses" WC="0.99" CC="4006046405010"/>
						<SP ID="P8_SP00324" HPOS="716" VPOS="3149" WIDTH="30"/>
						<String ID="P8_ST00372" HPOS="746" VPOS="3095" WIDTH="63" HEIGHT="39" CONTENT="für" WC="1.00" CC="000"/>
						<SP ID="P8_SP00325" HPOS="809" VPOS="3149" WIDTH="15"/>
						<String ID="P8_ST00373" HPOS="824" VPOS="3095" WIDTH="128" HEIGHT="39" CONTENT="Arme" WC="0.99" CC="0400"/>
						<SP ID="P8_SP00326" HPOS="952" VPOS="3149" WIDTH="30"/>
						<String ID="P8_ST00374" HPOS="982" VPOS="3095" WIDTH="97" HEIGHT="38" CONTENT="aller" WC="0.98" CC="03350"/>
						<SP ID="P8_SP00327" HPOS="1079" VPOS="3149" WIDTH="18"/>
						<String ID="P8_ST00375" HPOS="1097" VPOS="3092" WIDTH="289" HEIGHT="41" CONTENT="Confessionen" WC="0.74" CC="734000044400"/>
						<SP ID="P8_SP00328" HPOS="1386" VPOS="3149" WIDTH="29"/>
						<String ID="P8_ST00376" HPOS="1415" VPOS="3092" WIDTH="194" HEIGHT="51" CONTENT="gegeben," WC="0.99" CC="90025050"/>
						<SP ID="P8_SP00329" HPOS="1609" VPOS="3149" WIDTH="21"/>
						<String ID="P8_ST00377" HPOS="1630" VPOS="3092" WIDTH="85" HEIGHT="39" CONTENT="und" WC="0.97" CC="700"/>
					</TextLine>
					<TextLine ID="P8_TL00043" HPOS="135" VPOS="3154" WIDTH="1402" HEIGHT="51">
						<String ID="P8_ST00378" HPOS="135" VPOS="3160" WIDTH="57" HEIGHT="41" CONTENT="sie" WC="0.98" CC="040"/>
						<SP ID="P8_SP00330" HPOS="192" VPOS="3201" WIDTH="29"/>
						<String ID="P8_ST00379" HPOS="221" VPOS="3159" WIDTH="84" HEIGHT="40" CONTENT="und" WC="0.96" CC="370"/>
						<SP ID="P8_SP00331" HPOS="305" VPOS="3201" WIDTH="29"/>
						<String ID="P8_ST00380" HPOS="334" VPOS="3158" WIDTH="85" HEIGHT="39" CONTENT="ihre" WC="0.98" CC="3320"/>
						<SP ID="P8_SP00332" HPOS="419" VPOS="3201" WIDTH="30"/>
						<String ID="P8_ST00381" HPOS="449" VPOS="3158" WIDTH="222" HEIGHT="39" CONTENT="Schwester" WC="0.99" CC="423700036"/>
						<SP ID="P8_SP00333" HPOS="671" VPOS="3201" WIDTH="28"/>
						<String ID="P8_ST00382" HPOS="699" VPOS="3156" WIDTH="286" HEIGHT="40" CONTENT="Francisca" WC="0.70" CC="060710055"/>
						<SP ID="P8_SP00334" HPOS="985" VPOS="3201" WIDTH="28"/>
						<String ID="P8_ST00383" HPOS="1013" VPOS="3155" WIDTH="90" HEIGHT="40" CONTENT="sind" WC="0.99" CC="0300"/>
						<SP ID="P8_SP00335" HPOS="1103" VPOS="3201" WIDTH="30"/>
						<String ID="P8_ST00384" HPOS="1133" VPOS="3154" WIDTH="116" HEIGHT="40" CONTENT="darin" WC="0.97" CC="00549"/>
						<SP ID="P8_SP00336" HPOS="1249" VPOS="3201" WIDTH="29"/>
						<String ID="P8_ST00385" HPOS="1278" VPOS="3154" WIDTH="259" HEIGHT="51" CONTENT="aufgetreten." WC="0.99" CC="053005000063"/>
					</TextLine>
				</TextBlock>
				<TextBlock ID="P8_TB00007" HPOS="131" VPOS="3288" WIDTH="1590" HEIGHT="519" STYLEREFS="TXT_3 PAR_BLOCK">
					<TextLine ID="P8_TL00044" HPOS="218" VPOS="3290" WIDTH="1500" HEIGHT="55">
						<String ID="P8_ST00386" HPOS="218" VPOS="3299" WIDTH="82" HEIGHT="38" CONTENT="Der" WC="0.95" CC="616"/>
						<SP ID="P8_SP00337" HPOS="300" VPOS="3337" WIDTH="29"/>
						<String ID="P8_ST00387" HPOS="329" VPOS="3309" WIDTH="65" HEIGHT="26" CONTENT="am" WC="1.00" CC="00"/>
						<SP ID="P8_SP00338" HPOS="394" VPOS="3337" WIDTH="28"/>
						<String ID="P8_ST00388" HPOS="422" VPOS="3295" WIDTH="157" HEIGHT="41" CONTENT="Rheine" WC="1.00" CC="003000"/>
						<SP ID="P8_SP00339" HPOS="579" VPOS="3337" WIDTH="28"/>
						<String ID="P8_ST00389" HPOS="607" VPOS="3295" WIDTH="198" HEIGHT="40" CONTENT="bekannte" WC="0.99" CC="01005507"/>
						<SP ID="P8_SP00340" HPOS="805" VPOS="3337" WIDTH="30"/>
						<String ID="P8_ST00390" HPOS="835" VPOS="3294" WIDTH="84" HEIGHT="39" CONTENT="und" WC="0.97" CC="600"/>
						<SP ID="P8_SP00341" HPOS="919" VPOS="3337" WIDTH="29"/>
						<String ID="P8_ST00391" HPOS="948" VPOS="3292" WIDTH="205" HEIGHT="53" CONTENT="geachtete" WC="1.00" CC="030040000"/>
						<SP ID="P8_SP00342" HPOS="1153" VPOS="3345" WIDTH="20"/>
						<String ID="P8_ST00392" HPOS="1173" VPOS="3290" WIDTH="377" HEIGHT="42" CONTENT="Theater-Director" WC="0.66" CC="0420000476563056"/>
						<SP ID="P8_SP00343" HPOS="1550" VPOS="3345" WIDTH="16"/>
						<String ID="P8_ST00393" HPOS="1566" VPOS="3291" WIDTH="152" HEIGHT="39" CONTENT="Löwe" WC="0.97" CC="4740"/>
					</TextLine>
					<TextLine ID="P8_TL00045" HPOS="133" VPOS="3353" WIDTH="1586" HEIGHT="57">
						<String ID="P8_ST00394" HPOS="133" VPOS="3362" WIDTH="109" HEIGHT="39" CONTENT="hatte" WC="0.99" CC="40002"/>
						<SP ID="P8_SP00344" HPOS="242" VPOS="3401" WIDTH="29"/>
						<String ID="P8_ST00395" HPOS="271" VPOS="3372" WIDTH="66" HEIGHT="27" CONTENT="am" WC="1.00" CC="00"/>
						<SP ID="P8_SP00345" HPOS="337" VPOS="3401" WIDTH="29"/>
						<String ID="P8_ST00396" HPOS="366" VPOS="3359" WIDTH="37" HEIGHT="39" CONTENT="6." WC="0.45" CC="64"/>
						<SP ID="P8_SP00346" HPOS="403" VPOS="3401" WIDTH="29"/>
						<String ID="P8_ST00397" HPOS="432" VPOS="3357" WIDTH="109" HEIGHT="53" CONTENT="Aug," WC="0.97" CC="0507"/>
						<SP ID="P8_SP00347" HPOS="541" VPOS="3410" WIDTH="28"/>
						<String ID="P8_ST00398" HPOS="569" VPOS="3357" WIDTH="102" HEIGHT="39" CONTENT="nach" WC="0.97" CC="0345"/>
						<SP ID="P8_SP00348" HPOS="671" VPOS="3410" WIDTH="30"/>
						<String ID="P8_ST00399" HPOS="701" VPOS="3358" WIDTH="70" HEIGHT="38" CONTENT="der" WC="0.97" CC="007"/>
						<SP ID="P8_SP00349" HPOS="771" VPOS="3410" WIDTH="29"/>
						<String ID="P8_ST00400" HPOS="800" VPOS="3357" WIDTH="262" HEIGHT="50" CONTENT="Vorstellung" WC="0.99" CC="74000246040"/>
						<SP ID="P8_SP00350" HPOS="1062" VPOS="3410" WIDTH="38"/>
						<String ID="P8_ST00401" HPOS="1100" VPOS="3355" WIDTH="73" HEIGHT="39" CONTENT="auf" WC="0.95" CC="840"/>
						<SP ID="P8_SP00351" HPOS="1173" VPOS="3410" WIDTH="41"/>
						<String ID="P8_ST00402" HPOS="1214" VPOS="3354" WIDTH="93" HEIGHT="39" CONTENT="dem" WC="0.99" CC="030"/>
						<SP ID="P8_SP00352" HPOS="1307" VPOS="3410" WIDTH="31"/>
						<String ID="P8_ST00403" HPOS="1338" VPOS="3353" WIDTH="172" HEIGHT="40" CONTENT="Theater" WC="1.00" CC="0000005"/>
						<SP ID="P8_SP00353" HPOS="1510" VPOS="3410" WIDTH="46"/>
						<String ID="P8_ST00404" HPOS="1556" VPOS="3365" WIDTH="49" HEIGHT="27" CONTENT="zu" WC="1.00" CC="00"/>
						<SP ID="P8_SP00354" HPOS="1605" VPOS="3410" WIDTH="29"/>
						<String ID="P8_ST00405" HPOS="1634" VPOS="3353" WIDTH="57" HEIGHT="40" CONTENT="Ba" SUBS_TYPE="HypPart1" SUBS_CONTENT="Baden" WC="0.96" CC="50"/>
						<HYP HPOS="1691" VPOS="3353" WIDTH="28" CONTENT="-"/>
					</TextLine>
					<TextLine ID="P8_TL00046" HPOS="133" VPOS="3415" WIDTH="1585" HEIGHT="56">
						<String ID="P8_ST00406" HPOS="133" VPOS="3424" WIDTH="101" HEIGHT="40" CONTENT="den" SUBS_TYPE="HypPart2" SUBS_CONTENT="Baden" WC="0.97" CC="008"/>
						<SP ID="P8_SP00355" HPOS="234" VPOS="3464" WIDTH="31"/>
						<String ID="P8_ST00407" HPOS="265" VPOS="3422" WIDTH="41" HEIGHT="40" CONTENT="in" WC="0.51" CC="54"/>
						<SP ID="P8_SP00356" HPOS="306" VPOS="3464" WIDTH="46"/>
						<String ID="P8_ST00408" HPOS="352" VPOS="3421" WIDTH="73" HEIGHT="39" CONTENT="der" WC="0.98" CC="015"/>
						<SP ID="P8_SP00357" HPOS="425" VPOS="3464" WIDTH="28"/>
						<String ID="P8_ST00409" HPOS="453" VPOS="3420" WIDTH="180" HEIGHT="40" CONTENT="Schweiz" WC="0.99" CC="2200220"/>
						<SP ID="P8_SP00358" HPOS="633" VPOS="3464" WIDTH="46"/>
						<String ID="P8_ST00410" HPOS="679" VPOS="3420" WIDTH="68" HEIGHT="39" CONTENT="das" WC="1.00" CC="000"/>
						<SP ID="P8_SP00359" HPOS="747" VPOS="3464" WIDTH="29"/>
						<String ID="P8_ST00411" HPOS="776" VPOS="3419" WIDTH="196" HEIGHT="52" CONTENT="Unglück," WC="0.99" CC="46060204"/>
						<SP ID="P8_SP00360" HPOS="972" VPOS="3471" WIDTH="46"/>
						<String ID="P8_ST00412" HPOS="1018" VPOS="3419" WIDTH="129" HEIGHT="39" CONTENT="durch" WC="0.98" CC="05420"/>
						<SP ID="P8_SP00361" HPOS="1147" VPOS="3471" WIDTH="39"/>
						<String ID="P8_ST00413" HPOS="1186" VPOS="3417" WIDTH="79" HEIGHT="40" CONTENT="den" WC="0.98" CC="022"/>
						<SP ID="P8_SP00362" HPOS="1265" VPOS="3471" WIDTH="49"/>
						<String ID="P8_ST00414" HPOS="1314" VPOS="3416" WIDTH="148" HEIGHT="39" CONTENT="Schuss" WC="0.71" CC="424600"/>
						<SP ID="P8_SP00363" HPOS="1462" VPOS="3471" WIDTH="46"/>
						<String ID="P8_ST00415" HPOS="1508" VPOS="3415" WIDTH="108" HEIGHT="40" CONTENT="eines" WC="0.98" CC="04600"/>
						<SP ID="P8_SP00364" HPOS="1616" VPOS="3471" WIDTH="30"/>
						<String ID="P8_ST00416" HPOS="1646" VPOS="3415" WIDTH="72" HEIGHT="39" CONTENT="mit" WC="0.99" CC="020"/>
					</TextLine>
					<TextLine ID="P8_TL00047" HPOS="132" VPOS="3478" WIDTH="1586" HEIGHT="57">
						<String ID="P8_ST00417" HPOS="132" VPOS="3484" WIDTH="144" HEIGHT="40" CONTENT="Schrot" WC="0.99" CC="213140"/>
						<SP ID="P8_SP00365" HPOS="276" VPOS="3524" WIDTH="29"/>
						<String ID="P8_ST00418" HPOS="305" VPOS="3482" WIDTH="225" HEIGHT="53" CONTENT="geladenen" WC="0.99" CC="947000014"/>
						<SP ID="P8_SP00366" HPOS="530" VPOS="3535" WIDTH="30"/>
						<String ID="P8_ST00419" HPOS="560" VPOS="3481" WIDTH="207" HEIGHT="40" CONTENT="Gewehrs," WC="0.99" CC="00015307"/>
						<SP ID="P8_SP00367" HPOS="767" VPOS="3535" WIDTH="27"/>
						<String ID="P8_ST00420" HPOS="794" VPOS="3481" WIDTH="170" HEIGHT="39" CONTENT="welches" WC="0.99" CC="0465200"/>
						<SP ID="P8_SP00368" HPOS="964" VPOS="3535" WIDTH="40"/>
						<String ID="P8_ST00421" HPOS="1004" VPOS="3480" WIDTH="40" HEIGHT="40" CONTENT="in" WC="0.78" CC="04"/>
						<SP ID="P8_SP00369" HPOS="1044" VPOS="3535" WIDTH="46"/>
						<String ID="P8_ST00422" HPOS="1090" VPOS="3480" WIDTH="79" HEIGHT="39" CONTENT="den" WC="0.98" CC="005"/>
						<SP ID="P8_SP00370" HPOS="1169" VPOS="3535" WIDTH="42"/>
						<String ID="P8_ST00423" HPOS="1211" VPOS="3478" WIDTH="177" HEIGHT="40" CONTENT="Händen" WC="0.98" CC="036007"/>
						<SP ID="P8_SP00371" HPOS="1388" VPOS="3535" WIDTH="40"/>
						<String ID="P8_ST00424" HPOS="1428" VPOS="3478" WIDTH="69" HEIGHT="39" CONTENT="des" WC="1.00" CC="000"/>
						<SP ID="P8_SP00372" HPOS="1497" VPOS="3535" WIDTH="31"/>
						<String ID="P8_ST00425" HPOS="1528" VPOS="3478" WIDTH="167" HEIGHT="39" CONTENT="Theater" SUBS_TYPE="HypPart1" SUBS_CONTENT="Theaterdieners" WC="1.00" CC="0000002"/>
						<HYP HPOS="1695" VPOS="3478" WIDTH="23" CONTENT="-"/>
					</TextLine>
					<TextLine ID="P8_TL00048" HPOS="136" VPOS="3540" WIDTH="1583" HEIGHT="58">
						<String ID="P8_ST00426" HPOS="136" VPOS="3547" WIDTH="155" HEIGHT="40" CONTENT="dieners" SUBS_TYPE="HypPart2" SUBS_CONTENT="Theaterdieners" WC="1.00" CC="0200500"/>
						<SP ID="P8_SP00373" HPOS="291" VPOS="3587" WIDTH="29"/>
						<String ID="P8_ST00427" HPOS="320" VPOS="3545" WIDTH="173" HEIGHT="53" CONTENT="losging," WC="0.99" CC="60004704"/>
						<SP ID="P8_SP00374" HPOS="493" VPOS="3598" WIDTH="30"/>
						<String ID="P8_ST00428" HPOS="523" VPOS="3544" WIDTH="41" HEIGHT="40" CONTENT="in" WC="0.63" CC="34"/>
						<SP ID="P8_SP00375" HPOS="564" VPOS="3598" WIDTH="29"/>
						<String ID="P8_ST00429" HPOS="593" VPOS="3544" WIDTH="79" HEIGHT="40" CONTENT="den" WC="0.98" CC="014"/>
						<SP ID="P8_SP00376" HPOS="672" VPOS="3598" WIDTH="29"/>
						<String ID="P8_ST00430" HPOS="701" VPOS="3544" WIDTH="165" HEIGHT="39" CONTENT="rechten" WC="0.99" CC="1344000"/>
						<SP ID="P8_SP00377" HPOS="866" VPOS="3598" WIDTH="28"/>
						<String ID="P8_ST00431" HPOS="894" VPOS="3543" WIDTH="101" HEIGHT="39" CONTENT="Arm" WC="0.98" CC="060"/>
						<SP ID="P8_SP00378" HPOS="995" VPOS="3598" WIDTH="30"/>
						<String ID="P8_ST00432" HPOS="1025" VPOS="3541" WIDTH="234" HEIGHT="41" CONTENT="verwundet" WC="0.99" CC="500880100"/>
						<SP ID="P8_SP00379" HPOS="1259" VPOS="3598" WIDTH="30"/>
						<String ID="P8_ST00433" HPOS="1289" VPOS="3554" WIDTH="49" HEIGHT="26" CONTENT="zu" WC="1.00" CC="00"/>
						<SP ID="P8_SP00380" HPOS="1338" VPOS="3598" WIDTH="29"/>
						<String ID="P8_ST00434" HPOS="1367" VPOS="3540" WIDTH="176" HEIGHT="40" CONTENT="werden." WC="0.99" CC="0050474"/>
						<SP ID="P8_SP00381" HPOS="1543" VPOS="3598" WIDTH="29"/>
						<String ID="P8_ST00435" HPOS="1572" VPOS="3540" WIDTH="147" HEIGHT="39" CONTENT="Leider" WC="0.98" CC="305019"/>
					</TextLine>
					<TextLine ID="P8_TL00049" HPOS="136" VPOS="3603" WIDTH="1582" HEIGHT="55">
						<String ID="P8_ST00436" HPOS="136" VPOS="3608" WIDTH="47" HEIGHT="39" CONTENT="ist" WC="0.98" CC="050"/>
						<SP ID="P8_SP00382" HPOS="183" VPOS="3647" WIDTH="28"/>
						<String ID="P8_ST00437" HPOS="211" VPOS="3609" WIDTH="195" HEIGHT="46" CONTENT="derselbe," WC="0.99" CC="006002712"/>
						<SP ID="P8_SP00383" HPOS="406" VPOS="3655" WIDTH="30"/>
						<String ID="P8_ST00438" HPOS="436" VPOS="3607" WIDTH="106" HEIGHT="40" CONTENT="nach" WC="0.97" CC="7005"/>
						<SP ID="P8_SP00384" HPOS="542" VPOS="3655" WIDTH="30"/>
						<String ID="P8_ST00439" HPOS="572" VPOS="3607" WIDTH="322" HEIGHT="51" CONTENT="eingegangener" WC="0.99" CC="0070385700060"/>
						<SP ID="P8_SP00385" HPOS="894" VPOS="3658" WIDTH="28"/>
						<String ID="P8_ST00440" HPOS="922" VPOS="3604" WIDTH="353" HEIGHT="48" CONTENT="Privatnachricht," WC="0.99" CC="7508900000563102"/>
						<SP ID="P8_SP00386" HPOS="1275" VPOS="3658" WIDTH="39"/>
						<String ID="P8_ST00441" HPOS="1314" VPOS="3608" WIDTH="98" HEIGHT="35" CONTENT="trotz" WC="0.99" CC="00400"/>
						<SP ID="P8_SP00387" HPOS="1412" VPOS="3658" WIDTH="45"/>
						<String ID="P8_ST00442" HPOS="1457" VPOS="3603" WIDTH="97" HEIGHT="38" CONTENT="aller" WC="0.97" CC="50526"/>
						<SP ID="P8_SP00388" HPOS="1554" VPOS="3658" WIDTH="45"/>
						<String ID="P8_ST00443" HPOS="1599" VPOS="3614" WIDTH="96" HEIGHT="39" CONTENT="ange" SUBS_TYPE="HypPart1" SUBS_CONTENT="angewandten" WC="0.99" CC="0006"/>
						<HYP HPOS="1695" VPOS="3614" WIDTH="23" CONTENT="-"/>
					</TextLine>
					<TextLine ID="P8_TL00050" HPOS="136" VPOS="3665" WIDTH="1582" HEIGHT="53">
						<String ID="P8_ST00444" HPOS="136" VPOS="3671" WIDTH="184" HEIGHT="39" CONTENT="wandten" SUBS_TYPE="HypPart2" SUBS_CONTENT="angewandten" WC="0.98" CC="9079014"/>
						<SP ID="P8_SP00389" HPOS="320" VPOS="3710" WIDTH="27"/>
						<String ID="P8_ST00445" HPOS="347" VPOS="3669" WIDTH="219" HEIGHT="42" CONTENT="ärztlichen" WC="0.99" CC="0600307240"/>
						<SP ID="P8_SP00390" HPOS="566" VPOS="3711" WIDTH="29"/>
						<String ID="P8_ST00446" HPOS="595" VPOS="3669" WIDTH="84" HEIGHT="39" CONTENT="und" WC="0.98" CC="050"/>
						<SP ID="P8_SP00391" HPOS="679" VPOS="3711" WIDTH="29"/>
						<String ID="P8_ST00447" HPOS="708" VPOS="3666" WIDTH="306" HEIGHT="52" CONTENT="chirurgischen" WC="1.00" CC="6405630000000"/>
						<SP ID="P8_SP00392" HPOS="1014" VPOS="3718" WIDTH="28"/>
						<String ID="P8_ST00448" HPOS="1042" VPOS="3666" WIDTH="124" HEIGHT="40" CONTENT="Hülfe" WC="0.98" CC="50602"/>
						<SP ID="P8_SP00393" HPOS="1166" VPOS="3718" WIDTH="29"/>
						<String ID="P8_ST00449" HPOS="1195" VPOS="3678" WIDTH="70" HEIGHT="28" CONTENT="vor" WC="0.96" CC="036"/>
						<SP ID="P8_SP00394" HPOS="1265" VPOS="3718" WIDTH="30"/>
						<String ID="P8_ST00450" HPOS="1295" VPOS="3665" WIDTH="160" HEIGHT="53" CONTENT="einigen" WC="0.99" CC="1005900"/>
						<SP ID="P8_SP00395" HPOS="1455" VPOS="3718" WIDTH="43"/>
						<String ID="P8_ST00451" HPOS="1498" VPOS="3665" WIDTH="139" HEIGHT="51" CONTENT="Tagen" WC="1.00" CC="00001"/>
						<SP ID="P8_SP00396" HPOS="1637" VPOS="3718" WIDTH="30"/>
						<String ID="P8_ST00452" HPOS="1667" VPOS="3676" WIDTH="51" HEIGHT="28" CONTENT="an" WC="0.79" CC="04"/>
					</TextLine>
					<TextLine ID="P8_TL00051" HPOS="138" VPOS="3728" WIDTH="993" HEIGHT="55">
						<String ID="P8_ST00453" HPOS="138" VPOS="3730" WIDTH="78" HEIGHT="40" CONTENT="den" WC="0.97" CC="008"/>
						<SP ID="P8_SP00397" HPOS="216" VPOS="3770" WIDTH="27"/>
						<String ID="P8_ST00454" HPOS="243" VPOS="3732" WIDTH="149" HEIGHT="51" CONTENT="Folgen" WC="0.98" CC="030906"/>
						<SP ID="P8_SP00398" HPOS="392" VPOS="3783" WIDTH="29"/>
						<String ID="P8_ST00455" HPOS="421" VPOS="3732" WIDTH="131" HEIGHT="40" CONTENT="dieser" WC="1.00" CC="000004"/>
						<SP ID="P8_SP00399" HPOS="552" VPOS="3783" WIDTH="28"/>
						<String ID="P8_ST00456" HPOS="580" VPOS="3730" WIDTH="297" HEIGHT="51" CONTENT="Verwundung" WC="0.99" CC="7050630650"/>
						<SP ID="P8_SP00400" HPOS="877" VPOS="3783" WIDTH="30"/>
						<String ID="P8_ST00457" HPOS="907" VPOS="3728" WIDTH="224" HEIGHT="53" CONTENT="gestorben." WC="0.99" CC="0000025344"/>
					</TextLine>
				</TextBlock>
				<TextBlock ID="P8_TB00008" HPOS="138" VPOS="3861" WIDTH="1582" HEIGHT="120" STYLEREFS="TXT_1 PAR_LEFT">
					<TextLine ID="P8_TL00052" HPOS="216" VPOS="3862" WIDTH="1501" HEIGHT="56">
						<String ID="P8_ST00458" HPOS="216" VPOS="3866" WIDTH="75" HEIGHT="41" CONTENT="Die" WC="0.97" CC="700"/>
						<SP ID="P8_SP00401" HPOS="291" VPOS="3907" WIDTH="43"/>
						<String ID="P8_ST00459" HPOS="334" VPOS="3866" WIDTH="194" HEIGHT="51" CONTENT="Säogerin" WC="0.48" CC="60890726"/>
						<SP ID="P8_SP00402" HPOS="528" VPOS="3917" WIDTH="44"/>
						<String ID="P8_ST00460" HPOS="572" VPOS="3867" WIDTH="274" HEIGHT="51" CONTENT="Lagrange" WC="1.00" CC="00000004"/>
						<SP ID="P8_SP00403" HPOS="846" VPOS="3918" WIDTH="47"/>
						<String ID="P8_ST00461" HPOS="893" VPOS="3862" WIDTH="212" HEIGHT="41" CONTENT="verschafft" WC="1.00" CC="0000300007"/>
						<SP ID="P8_SP00404" HPOS="1105" VPOS="3918" WIDTH="38"/>
						<String ID="P8_ST00462" HPOS="1143" VPOS="3863" WIDTH="71" HEIGHT="41" CONTENT="der" WC="0.95" CC="705"/>
						<SP ID="P8_SP00405" HPOS="1214" VPOS="3918" WIDTH="42"/>
						<String ID="P8_ST00463" HPOS="1256" VPOS="3863" WIDTH="275" HEIGHT="41" CONTENT="italiänischen" WC="0.75" CC="1500507003062"/>
						<SP ID="P8_SP00406" HPOS="1531" VPOS="3918" WIDTH="30"/>
						<String ID="P8_ST00464" HPOS="1561" VPOS="3863" WIDTH="156" HEIGHT="53" CONTENT="Opern-" WC="0.98" CC="300572"/>
					</TextLine>
					<TextLine ID="P8_TL00053" HPOS="139" VPOS="3928" WIDTH="827" HEIGHT="53">
						<String ID="P8_ST00465" HPOS="139" VPOS="3930" WIDTH="261" HEIGHT="42" CONTENT="Gesellschaft" WC="0.99" CC="050024036007"/>
						<SP ID="P8_SP00407" HPOS="400" VPOS="3972" WIDTH="27"/>
						<String ID="P8_ST00466" HPOS="427" VPOS="3930" WIDTH="43" HEIGHT="39" CONTENT="in" WC="0.56" CC="16"/>
						<SP ID="P8_SP00408" HPOS="470" VPOS="3972" WIDTH="26"/>
						<String ID="P8_ST00467" HPOS="496" VPOS="3930" WIDTH="137" HEIGHT="51" CONTENT="Lyon" WC="0.99" CC="0103"/>
						<SP ID="P8_SP00409" HPOS="633" VPOS="3981" WIDTH="27"/>
						<String ID="P8_ST00468" HPOS="660" VPOS="3929" WIDTH="102" HEIGHT="39" CONTENT="volle" WC="0.98" CC="05702"/>
						<SP ID="P8_SP00410" HPOS="762" VPOS="3981" WIDTH="29"/>
						<String ID="P8_ST00469" HPOS="791" VPOS="3928" WIDTH="175" HEIGHT="39" CONTENT="Häuser." WC="0.99" CC="4050024"/>
					</TextLine>
				</TextBlock>
				<TextBlock ID="P8_TB00009" HPOS="140" VPOS="4011" WIDTH="1578" HEIGHT="158" STYLEREFS="TXT_1 PAR_LEFT">
					<TextLine ID="P8_TL00054" HPOS="218" VPOS="4051" WIDTH="1498" HEIGHT="54">
						<String ID="P8_ST00470" HPOS="218" VPOS="4055" WIDTH="48" HEIGHT="39" CONTENT="In" WC="0.40" CC="46"/>
						<SP ID="P8_SP00411" HPOS="266" VPOS="4094" WIDTH="27"/>
						<String ID="P8_ST00471" HPOS="293" VPOS="4055" WIDTH="121" HEIGHT="39" CONTENT="Rom" WC="0.98" CC="400"/>
						<SP ID="P8_SP00412" HPOS="414" VPOS="4094" WIDTH="30"/>
						<String ID="P8_ST00472" HPOS="444" VPOS="4054" WIDTH="49" HEIGHT="39" CONTENT="ist" WC="1.00" CC="000"/>
						<SP ID="P8_SP00413" HPOS="493" VPOS="4094" WIDTH="29"/>
						<String ID="P8_ST00473" HPOS="522" VPOS="4053" WIDTH="64" HEIGHT="40" CONTENT="die" WC="0.99" CC="030"/>
						<SP ID="P8_SP00414" HPOS="586" VPOS="4094" WIDTH="29"/>
						<String ID="P8_ST00474" HPOS="615" VPOS="4052" WIDTH="109" HEIGHT="52" CONTENT="Oper" WC="0.95" CC="3927"/>
						<SP ID="P8_SP00415" HPOS="724" VPOS="4104" WIDTH="30"/>
						<String ID="P8_ST00475" HPOS="754" VPOS="4055" WIDTH="32" HEIGHT="36" CONTENT="11" WC="1.00" CC="00" STYLEREFS="TXT_2"/>
						<SP ID="P8_SP00416" HPOS="786" VPOS="4104" WIDTH="28"/>
						<String ID="P8_ST00476" HPOS="814" VPOS="4055" WIDTH="182" HEIGHT="37" CONTENT="Solitario" WC="0.76" CC="400350042" STYLEREFS="TXT_2"/>
						<SP ID="P8_SP00417" HPOS="996" VPOS="4104" WIDTH="31"/>
						<String ID="P8_ST00477" HPOS="1027" VPOS="4053" WIDTH="70" HEIGHT="40" CONTENT="das" WC="1.00" CC="000"/>
						<SP ID="P8_SP00418" HPOS="1097" VPOS="4104" WIDTH="30"/>
						<String ID="P8_ST00478" HPOS="1127" VPOS="4052" WIDTH="206" HEIGHT="53" CONTENT="Ereigniss" WC="0.83" CC="002705000"/>
						<SP ID="P8_SP00419" HPOS="1333" VPOS="4105" WIDTH="28"/>
						<String ID="P8_ST00479" HPOS="1361" VPOS="4052" WIDTH="72" HEIGHT="40" CONTENT="des" WC="0.99" CC="001"/>
						<SP ID="P8_SP00420" HPOS="1433" VPOS="4105" WIDTH="30"/>
						<String ID="P8_ST00480" HPOS="1463" VPOS="4052" WIDTH="142" HEIGHT="52" CONTENT="Tages." WC="0.99" CC="000204"/>
						<SP ID="P8_SP00421" HPOS="1605" VPOS="4105" WIDTH="29"/>
						<String ID="P8_ST00481" HPOS="1634" VPOS="4051" WIDTH="82" HEIGHT="40" CONTENT="Der" WC="0.94" CC="745"/>
					</TextLine>
					<TextLine ID="P8_TL00055" HPOS="141" VPOS="4114" WIDTH="1444" HEIGHT="55">
						<String ID="P8_ST00482" HPOS="141" VPOS="4116" WIDTH="233" HEIGHT="53" CONTENT="Componist" WC="0.76" CC="550016002"/>
						<SP ID="P8_SP00422" HPOS="374" VPOS="4169" WIDTH="28"/>
						<String ID="P8_ST00483" HPOS="402" VPOS="4117" WIDTH="49" HEIGHT="40" CONTENT="ist" WC="0.99" CC="200"/>
						<SP ID="P8_SP00423" HPOS="451" VPOS="4169" WIDTH="28"/>
						<String ID="P8_ST00484" HPOS="479" VPOS="4129" WIDTH="78" HEIGHT="28" CONTENT="nur" WC="0.95" CC="607"/>
						<SP ID="P8_SP00424" HPOS="557" VPOS="4169" WIDTH="108"/>
						<String ID="P8_ST00485" HPOS="665" VPOS="4115" WIDTH="395" HEIGHT="53" CONTENT="siebenundneunzig" WC="0.99" CC="7004640606364069"/>
						<SP ID="P8_SP00425" HPOS="1060" VPOS="4169" WIDTH="28"/>
						<String ID="P8_ST00486" HPOS="1088" VPOS="4116" WIDTH="83" HEIGHT="41" CONTENT="Mal" WC="0.96" CC="054"/>
						<SP ID="P8_SP00426" HPOS="1171" VPOS="4169" WIDTH="29"/>
						<String ID="P8_ST00487" HPOS="1200" VPOS="4116" WIDTH="168" HEIGHT="51" CONTENT="gerufen" WC="0.98" CC="9060057"/>
						<SP ID="P8_SP00427" HPOS="1368" VPOS="4169" WIDTH="29"/>
						<String ID="P8_ST00488" HPOS="1397" VPOS="4114" WIDTH="188" HEIGHT="42" CONTENT="worden!" WC="0.98" CC="0460067"/>
					</TextLine>
				</TextBlock>
				<TextBlock ID="P8_TB00010" HPOS="1818" VPOS="293" WIDTH="1589" HEIGHT="546" STYLEREFS="TXT_1 PAR_BLOCK">
					<TextLine ID="P8_TL00056" HPOS="1909" VPOS="294" WIDTH="1495" HEIGHT="61">
						<String ID="P8_ST00489" HPOS="1909" VPOS="299" WIDTH="255" HEIGHT="36" CONTENT="London«" WC="0.97" CC="7788770" STYLEREFS="TXT_4"/>
						<SP ID="P8_SP00428" HPOS="2164" VPOS="335" WIDTH="58"/>
						<String ID="P8_ST00490" HPOS="2222" VPOS="294" WIDTH="75" HEIGHT="42" CONTENT="Die" WC="0.96" CC="730"/>
						<SP ID="P8_SP00429" HPOS="2297" VPOS="336" WIDTH="23"/>
						<String ID="P8_ST00491" HPOS="2320" VPOS="294" WIDTH="246" HEIGHT="43" CONTENT="ilaliänische" WC="0.68" CC="200608070551"/>
						<SP ID="P8_SP00430" HPOS="2566" VPOS="337" WIDTH="30"/>
						<String ID="P8_ST00492" HPOS="2596" VPOS="296" WIDTH="111" HEIGHT="53" CONTENT="Oper" WC="0.95" CC="7572"/>
						<SP ID="P8_SP00431" HPOS="2707" VPOS="349" WIDTH="28"/>
						<String ID="P8_ST00493" HPOS="2735" VPOS="298" WIDTH="68" HEIGHT="41" CONTENT="hat" WC="0.95" CC="706"/>
						<SP ID="P8_SP00432" HPOS="2803" VPOS="349" WIDTH="29"/>
						<String ID="P8_ST00494" HPOS="2832" VPOS="312" WIDTH="63" HEIGHT="28" CONTENT="am" WC="0.48" CC="54"/>
						<SP ID="P8_SP00433" HPOS="2895" VPOS="349" WIDTH="30"/>
						<String ID="P8_ST00495" HPOS="2925" VPOS="299" WIDTH="64" HEIGHT="43" CONTENT="20." WC="0.41" CC="980"/>
						<SP ID="P8_SP00434" HPOS="2989" VPOS="349" WIDTH="28"/>
						<String ID="P8_ST00496" HPOS="3017" VPOS="301" WIDTH="106" HEIGHT="54" CONTENT="Aug." WC="0.94" CC="5794"/>
						<SP ID="P8_SP00435" HPOS="3123" VPOS="355" WIDTH="43"/>
						<String ID="P8_ST00497" HPOS="3166" VPOS="301" WIDTH="72" HEIGHT="41" CONTENT="mit" WC="0.95" CC="470"/>
						<SP ID="P8_SP00436" HPOS="3238" VPOS="355" WIDTH="38"/>
						<String ID="P8_ST00498" HPOS="3276" VPOS="304" WIDTH="103" HEIGHT="48" CONTENT="„Wil" SUBS_TYPE="HypPart1" SUBS_CONTENT="„Wilhelm" WC="0.98" CC="0408"/>
						<HYP HPOS="3379" VPOS="304" WIDTH="25" CONTENT="-"/>
					</TextLine>
					<TextLine ID="P8_TL00057" HPOS="1823" VPOS="357" WIDTH="1582" HEIGHT="62">
						<String ID="P8_ST00499" HPOS="1823" VPOS="357" WIDTH="108" HEIGHT="41" CONTENT="helm" SUBS_TYPE="HypPart2" SUBS_CONTENT="„Wilhelm" WC="0.95" CC="0569"/>
						<SP ID="P8_SP00437" HPOS="1931" VPOS="398" WIDTH="32"/>
						<String ID="P8_ST00500" HPOS="1963" VPOS="360" WIDTH="111" HEIGHT="39" CONTENT='Teil"' WC="0.98" CC="54104"/>
						<SP ID="P8_SP00438" HPOS="2074" VPOS="399" WIDTH="29"/>
						<String ID="P8_ST00501" HPOS="2103" VPOS="359" WIDTH="266" HEIGHT="53" CONTENT="geschlossen." WC="0.99" CC="960600440684"/>
						<SP ID="P8_SP00439" HPOS="2369" VPOS="412" WIDTH="29"/>
						<String ID="P8_ST00502" HPOS="2398" VPOS="358" WIDTH="75" HEIGHT="42" CONTENT="Die" WC="0.94" CC="726"/>
						<SP ID="P8_SP00440" HPOS="2473" VPOS="412" WIDTH="30"/>
						<String ID="P8_ST00503" HPOS="2503" VPOS="360" WIDTH="186" HEIGHT="41" CONTENT="vorletzte" WC="0.98" CC="436066325"/>
						<SP ID="P8_SP00441" HPOS="2689" VPOS="412" WIDTH="30"/>
						<String ID="P8_ST00504" HPOS="2719" VPOS="362" WIDTH="260" HEIGHT="54" CONTENT="Vorstellung" WC="0.99" CC="04206321579"/>
						<SP ID="P8_SP00442" HPOS="2979" VPOS="416" WIDTH="36"/>
						<String ID="P8_ST00505" HPOS="3015" VPOS="378" WIDTH="84" HEIGHT="27" CONTENT="war" WC="0.98" CC="103"/>
						<SP ID="P8_SP00443" HPOS="3099" VPOS="416" WIDTH="33"/>
						<String ID="P8_ST00506" HPOS="3132" VPOS="366" WIDTH="273" HEIGHT="53" CONTENT="Meyerbeers" WC="0.40" CC="0704986688"/>
					</TextLine>
					<TextLine ID="P8_TL00058" HPOS="1822" VPOS="421" WIDTH="1583" HEIGHT="61">
						<String ID="P8_ST00507" HPOS="1822" VPOS="421" WIDTH="198" HEIGHT="51" CONTENT="Prophet;" WC="0.98" CC="96510552"/>
						<SP ID="P8_SP00444" HPOS="2020" VPOS="472" WIDTH="31"/>
						<String ID="P8_ST00508" HPOS="2051" VPOS="435" WIDTH="63" HEIGHT="28" CONTENT="am" WC="0.76" CC="04"/>
						<SP ID="P8_SP00445" HPOS="2114" VPOS="472" WIDTH="29"/>
						<String ID="P8_ST00509" HPOS="2143" VPOS="424" WIDTH="165" HEIGHT="51" CONTENT="Montag" WC="0.97" CC="149675"/>
						<SP ID="P8_SP00446" HPOS="2308" VPOS="475" WIDTH="27"/>
						<String ID="P8_ST00510" HPOS="2335" VPOS="422" WIDTH="146" HEIGHT="41" CONTENT="vorher" WC="0.97" CC="740636"/>
						<SP ID="P8_SP00447" HPOS="2481" VPOS="475" WIDTH="29"/>
						<String ID="P8_ST00511" HPOS="2510" VPOS="423" WIDTH="92" HEIGHT="40" CONTENT="fand" WC="0.98" CC="1007"/>
						<SP ID="P8_SP00448" HPOS="2602" VPOS="475" WIDTH="30"/>
						<String ID="P8_ST00512" HPOS="2632" VPOS="423" WIDTH="65" HEIGHT="40" CONTENT="die" WC="0.99" CC="001"/>
						<SP ID="P8_SP00449" HPOS="2697" VPOS="475" WIDTH="29"/>
						<String ID="P8_ST00513" HPOS="2726" VPOS="426" WIDTH="470" HEIGHT="56" CONTENT="Abschiedsvorstellung" WC="0.99" CC="47930040096007577879"/>
						<SP ID="P8_SP00450" HPOS="3196" VPOS="482" WIDTH="29"/>
						<String ID="P8_ST00514" HPOS="3225" VPOS="442" WIDTH="77" HEIGHT="28" CONTENT="von" WC="0.96" CC="065"/>
						<SP ID="P8_SP00451" HPOS="3302" VPOS="482" WIDTH="29"/>
						<String ID="P8_ST00515" HPOS="3331" VPOS="431" WIDTH="74" HEIGHT="40" CONTENT="der" WC="0.96" CC="027"/>
					</TextLine>
					<TextLine ID="P8_TL00059" HPOS="1824" VPOS="482" WIDTH="1579" HEIGHT="63">
						<String ID="P8_ST00516" HPOS="1824" VPOS="482" WIDTH="144" HEIGHT="41" CONTENT="Grisi" WC="0.67" CC="61305"/>
						<SP ID="P8_SP00452" HPOS="1968" VPOS="523" WIDTH="29"/>
						<String ID="P8_ST00517" HPOS="1997" VPOS="485" WIDTH="83" HEIGHT="39" CONTENT="und" WC="0.96" CC="803"/>
						<SP ID="P8_SP00453" HPOS="2080" VPOS="524" WIDTH="48"/>
						<String ID="P8_ST00518" HPOS="2128" VPOS="486" WIDTH="168" HEIGHT="40" CONTENT="Mario" WC="0.99" CC="00125"/>
						<SP ID="P8_SP00454" HPOS="2296" VPOS="526" WIDTH="30"/>
						<String ID="P8_ST00519" HPOS="2326" VPOS="486" WIDTH="98" HEIGHT="40" CONTENT="Statt" WC="0.98" CC="60033"/>
						<SP ID="P8_SP00455" HPOS="2424" VPOS="526" WIDTH="46"/>
						<String ID="P8_ST00520" HPOS="2470" VPOS="485" WIDTH="288" HEIGHT="53" CONTENT="(Bruchstücke" WC="0.99" CC="053654075252"/>
						<SP ID="P8_SP00456" HPOS="2758" VPOS="538" WIDTH="45"/>
						<String ID="P8_ST00521" HPOS="2803" VPOS="501" WIDTH="69" HEIGHT="27" CONTENT="aus" WC="0.97" CC="060"/>
						<SP ID="P8_SP00457" HPOS="2872" VPOS="538" WIDTH="39"/>
						<String ID="P8_ST00522" HPOS="2911" VPOS="491" WIDTH="190" HEIGHT="41" CONTENT="Lucrezia" WC="0.60" CC="07304654"/>
						<SP ID="P8_SP00458" HPOS="3101" VPOS="538" WIDTH="43"/>
						<String ID="P8_ST00523" HPOS="3144" VPOS="492" WIDTH="146" HEIGHT="53" CONTENT="Borgia" WC="0.33" CC="948970"/>
						<SP ID="P8_SP00459" HPOS="3290" VPOS="545" WIDTH="29"/>
						<String ID="P8_ST00524" HPOS="3319" VPOS="495" WIDTH="84" HEIGHT="39" CONTENT="und" WC="0.92" CC="856"/>
					</TextLine>
					<TextLine ID="P8_TL00060" HPOS="1822" VPOS="547" WIDTH="1580" HEIGHT="50">
						<String ID="P8_ST00525" HPOS="1822" VPOS="547" WIDTH="140" HEIGHT="36" CONTENT="Elisire" WC="0.91" CC="0000401" STYLEREFS="TXT_2"/>
						<SP ID="P8_SP00460" HPOS="1962" VPOS="583" WIDTH="29"/>
						<String ID="P8_ST00526" HPOS="1991" VPOS="548" WIDTH="203" HEIGHT="48" CONTENT="d'amore)." WC="0.80" CC="040100065" STYLEREFS="TXT_2"/>
						<SP ID="P8_SP00461" HPOS="2194" VPOS="596" WIDTH="27"/>
						<String ID="P8_ST00527" HPOS="2221" VPOS="548" WIDTH="79" HEIGHT="40" CONTENT="Das" WC="0.92" CC="694"/>
						<SP ID="P8_SP00462" HPOS="2300" VPOS="596" WIDTH="30"/>
						<String ID="P8_ST00528" HPOS="2330" VPOS="548" WIDTH="114" HEIGHT="40" CONTENT="Ilaus" WC="0.43" CC="65880"/>
						<SP ID="P8_SP00463" HPOS="2444" VPOS="596" WIDTH="29"/>
						<String ID="P8_ST00529" HPOS="2473" VPOS="560" WIDTH="84" HEIGHT="28" CONTENT="war" WC="0.99" CC="100"/>
						<SP ID="P8_SP00464" HPOS="2557" VPOS="596" WIDTH="30"/>
						<String ID="P8_ST00530" HPOS="2587" VPOS="548" WIDTH="207" HEIGHT="47" CONTENT="überfüllt;" WC="0.98" CC="2562733542"/>
						<SP ID="P8_SP00465" HPOS="2794" VPOS="596" WIDTH="38"/>
						<String ID="P8_ST00531" HPOS="2832" VPOS="562" WIDTH="64" HEIGHT="28" CONTENT="am" WC="1.00" CC="00"/>
						<SP ID="P8_SP00466" HPOS="2896" VPOS="596" WIDTH="40"/>
						<String ID="P8_ST00532" HPOS="2936" VPOS="553" WIDTH="186" HEIGHT="42" CONTENT="Schlüsse" WC="0.98" CC="66075300"/>
						<SP ID="P8_SP00467" HPOS="3122" VPOS="596" WIDTH="31"/>
						<String ID="P8_ST00533" HPOS="3153" VPOS="555" WIDTH="125" HEIGHT="41" CONTENT="erhob" WC="0.98" CC="40067"/>
						<SP ID="P8_SP00468" HPOS="3278" VPOS="596" WIDTH="40"/>
						<String ID="P8_ST00534" HPOS="3318" VPOS="557" WIDTH="84" HEIGHT="40" CONTENT="sich" WC="0.96" CC="0547"/>
					</TextLine>
					<TextLine ID="P8_TL00061" HPOS="1821" VPOS="609" WIDTH="1582" HEIGHT="63">
						<String ID="P8_ST00535" HPOS="1821" VPOS="609" WIDTH="65" HEIGHT="39" CONTENT="die" WC="0.98" CC="004"/>
						<SP ID="P8_SP00469" HPOS="1886" VPOS="648" WIDTH="30"/>
						<String ID="P8_ST00536" HPOS="1916" VPOS="609" WIDTH="313" HEIGHT="53" CONTENT="Versammlung" WC="0.99" CC="00130906589"/>
						<SP ID="P8_SP00470" HPOS="2229" VPOS="662" WIDTH="30"/>
						<String ID="P8_ST00537" HPOS="2259" VPOS="624" WIDTH="48" HEIGHT="26" CONTENT="zu" WC="0.76" CC="22"/>
						<SP ID="P8_SP00471" HPOS="2307" VPOS="662" WIDTH="28"/>
						<String ID="P8_ST00538" HPOS="2335" VPOS="611" WIDTH="330" HEIGHT="53" CONTENT="minutenlangen" WC="0.99" CC="0263037700920"/>
						<SP ID="P8_SP00472" HPOS="2665" VPOS="664" WIDTH="30"/>
						<String ID="P8_ST00539" HPOS="2695" VPOS="612" WIDTH="145" HEIGHT="37" CONTENT="Cheers." WC="0.93" CC="0000013" STYLEREFS="TXT_2"/>
						<SP ID="P8_SP00473" HPOS="2840" VPOS="664" WIDTH="42"/>
						<String ID="P8_ST00540" HPOS="2882" VPOS="614" WIDTH="79" HEIGHT="40" CONTENT="Das" WC="1.00" CC="000"/>
						<SP ID="P8_SP00474" HPOS="2961" VPOS="664" WIDTH="30"/>
						<String ID="P8_ST00541" HPOS="2991" VPOS="616" WIDTH="290" HEIGHT="54" CONTENT="Künstlerpaar" WC="0.99" CC="406072469045"/>
						<SP ID="P8_SP00475" HPOS="3281" VPOS="670" WIDTH="28"/>
						<String ID="P8_ST00542" HPOS="3309" VPOS="620" WIDTH="94" HEIGHT="52" CONTENT="geht" WC="0.96" CC="9234"/>
					</TextLine>
					<TextLine ID="P8_TL00062" HPOS="1820" VPOS="672" WIDTH="1583" HEIGHT="54">
						<String ID="P8_ST00543" HPOS="1820" VPOS="672" WIDTH="102" HEIGHT="38" CONTENT="nach" WC="0.96" CC="6046"/>
						<SP ID="P8_SP00476" HPOS="1922" VPOS="710" WIDTH="30"/>
						<String ID="P8_ST00544" HPOS="1952" VPOS="673" WIDTH="153" HEIGHT="47" CONTENT="Italien," WC="0.99" CC="00070504"/>
						<SP ID="P8_SP00477" HPOS="2105" VPOS="720" WIDTH="29"/>
						<String ID="P8_ST00545" HPOS="2134" VPOS="673" WIDTH="117" HEIGHT="40" CONTENT="kehrt" WC="0.98" CC="07630"/>
						<SP ID="P8_SP00478" HPOS="2251" VPOS="720" WIDTH="29"/>
						<String ID="P8_ST00546" HPOS="2280" VPOS="675" WIDTH="107" HEIGHT="38" CONTENT="dann" WC="0.98" CC="0260"/>
						<SP ID="P8_SP00479" HPOS="2387" VPOS="720" WIDTH="29"/>
						<String ID="P8_ST00547" HPOS="2416" VPOS="674" WIDTH="101" HEIGHT="40" CONTENT="nach" WC="0.96" CC="7044"/>
						<SP ID="P8_SP00480" HPOS="2517" VPOS="720" WIDTH="29"/>
						<String ID="P8_ST00548" HPOS="2546" VPOS="675" WIDTH="186" HEIGHT="51" CONTENT="England" WC="0.98" CC="0696070"/>
						<SP ID="P8_SP00481" HPOS="2732" VPOS="726" WIDTH="29"/>
						<String ID="P8_ST00549" HPOS="2761" VPOS="675" WIDTH="161" HEIGHT="47" CONTENT="zurück," WC="0.99" CC="0740500"/>
						<SP ID="P8_SP00482" HPOS="2922" VPOS="726" WIDTH="29"/>
						<String ID="P8_ST00550" HPOS="2951" VPOS="689" WIDTH="69" HEIGHT="28" CONTENT="um" WC="0.60" CC="80"/>
						<SP ID="P8_SP00483" HPOS="3020" VPOS="726" WIDTH="29"/>
						<String ID="P8_ST00551" HPOS="3049" VPOS="679" WIDTH="72" HEIGHT="40" CONTENT="mit" WC="0.93" CC="963"/>
						<SP ID="P8_SP00484" HPOS="3121" VPOS="726" WIDTH="30"/>
						<String ID="P8_ST00552" HPOS="3151" VPOS="680" WIDTH="90" HEIGHT="40" CONTENT="dem" WC="0.91" CC="879"/>
						<SP ID="P8_SP00485" HPOS="3241" VPOS="726" WIDTH="23"/>
						<String ID="P8_ST00553" HPOS="3264" VPOS="682" WIDTH="116" HEIGHT="40" CONTENT="Unter" SUBS_TYPE="HypPart1" SUBS_CONTENT="Unternehmer" WC="0.99" CC="50004"/>
						<HYP HPOS="3380" VPOS="682" WIDTH="23" CONTENT="-"/>
					</TextLine>
					<TextLine ID="P8_TL00063" HPOS="1820" VPOS="733" WIDTH="1582" HEIGHT="60">
						<String ID="P8_ST00554" HPOS="1820" VPOS="733" WIDTH="169" HEIGHT="40" CONTENT="nehmer" SUBS_TYPE="HypPart2" SUBS_CONTENT="Unternehmer" WC="0.98" CC="066005"/>
						<SP ID="P8_SP00486" HPOS="1989" VPOS="773" WIDTH="29"/>
						<String ID="P8_ST00555" HPOS="2018" VPOS="734" WIDTH="120" HEIGHT="40" CONTENT="Beale" WC="0.53" CC="64074"/>
						<SP ID="P8_SP00487" HPOS="2138" VPOS="774" WIDTH="31"/>
						<String ID="P8_ST00556" HPOS="2169" VPOS="734" WIDTH="63" HEIGHT="40" CONTENT="die" WC="0.99" CC="002"/>
						<SP ID="P8_SP00488" HPOS="2232" VPOS="774" WIDTH="18"/>
						<String ID="P8_ST00557" HPOS="2250" VPOS="735" WIDTH="170" HEIGHT="41" CONTENT="Provinz" WC="0.98" CC="9230093"/>
						<SP ID="P8_SP00489" HPOS="2420" VPOS="776" WIDTH="31"/>
						<String ID="P8_ST00558" HPOS="2451" VPOS="737" WIDTH="283" HEIGHT="48" CONTENT="auszubeuten," WC="0.99" CC="720555567064"/>
						<SP ID="P8_SP00490" HPOS="2734" VPOS="785" WIDTH="28"/>
						<String ID="P8_ST00559" HPOS="2762" VPOS="738" WIDTH="83" HEIGHT="40" CONTENT="und" WC="0.94" CC="609"/>
						<SP ID="P8_SP00491" HPOS="2845" VPOS="785" WIDTH="29"/>
						<String ID="P8_ST00560" HPOS="2874" VPOS="738" WIDTH="131" HEIGHT="41" CONTENT="schifft" WC="0.98" CC="0755440"/>
						<SP ID="P8_SP00492" HPOS="3005" VPOS="785" WIDTH="15"/>
						<String ID="P8_ST00561" HPOS="3020" VPOS="740" WIDTH="181" HEIGHT="53" CONTENT="Anfangs" WC="0.97" CC="4896781"/>
						<SP ID="P8_SP00493" HPOS="3201" VPOS="793" WIDTH="29"/>
						<String ID="P8_ST00562" HPOS="3230" VPOS="745" WIDTH="144" HEIGHT="39" CONTENT="Novem" SUBS_TYPE="HypPart1" SUBS_CONTENT="November" WC="0.97" CC="64840"/>
						<HYP HPOS="3374" VPOS="745" WIDTH="28" CONTENT="-"/>
					</TextLine>
					<TextLine ID="P8_TL00064" HPOS="1822" VPOS="795" WIDTH="528" HEIGHT="42">
						<String ID="P8_ST00563" HPOS="1822" VPOS="795" WIDTH="71" HEIGHT="39" CONTENT="ber" SUBS_TYPE="HypPart2" SUBS_CONTENT="November" WC="0.95" CC="706"/>
						<SP ID="P8_SP00494" HPOS="1893" VPOS="834" WIDTH="28"/>
						<String ID="P8_ST00564" HPOS="1921" VPOS="797" WIDTH="103" HEIGHT="38" CONTENT="nach" WC="0.98" CC="0604"/>
						<SP ID="P8_SP00495" HPOS="2024" VPOS="835" WIDTH="29"/>
						<String ID="P8_ST00565" HPOS="2053" VPOS="797" WIDTH="297" HEIGHT="40" CONTENT="Nordamerica." WC="0.59" CC="649000550654"/>
					</TextLine>
				</TextBlock>
				<TextBlock ID="P8_TB00011" HPOS="1815" VPOS="912" WIDTH="1591" HEIGHT="752" STYLEREFS="TXT_3 PAR_BLOCK">
					<TextLine ID="P8_TL00065" HPOS="1902" VPOS="942" WIDTH="1498" HEIGHT="60">
						<String ID="P8_ST00566" HPOS="1902" VPOS="943" WIDTH="256" HEIGHT="44" CONTENT="Loiulou," WC="0.26" CC="96786784"/>
						<SP ID="P8_SP00496" HPOS="2158" VPOS="987" WIDTH="32"/>
						<String ID="P8_ST00567" HPOS="2190" VPOS="942" WIDTH="63" HEIGHT="39" CONTENT="23." WC="0.32" CC="775"/>
						<SP ID="P8_SP00497" HPOS="2253" VPOS="987" WIDTH="30"/>
						<String ID="P8_ST00568" HPOS="2283" VPOS="943" WIDTH="106" HEIGHT="53" CONTENT="Aug." WC="0.95" CC="6755"/>
						<SP ID="P8_SP00498" HPOS="2389" VPOS="996" WIDTH="56"/>
						<String ID="P8_ST00569" HPOS="2445" VPOS="945" WIDTH="76" HEIGHT="40" CONTENT="Die" WC="0.93" CC="773"/>
						<SP ID="P8_SP00499" HPOS="2521" VPOS="996" WIDTH="40"/>
						<String ID="P8_ST00570" HPOS="2561" VPOS="948" WIDTH="278" HEIGHT="51" CONTENT="englische" WC="0.98" CC="565253326"/>
						<SP ID="P8_SP00500" HPOS="2839" VPOS="999" WIDTH="45"/>
						<String ID="P8_ST00571" HPOS="2884" VPOS="949" WIDTH="137" HEIGHT="53" CONTENT="Oper" WC="0.97" CC="7062"/>
						<SP ID="P8_SP00501" HPOS="3021" VPOS="1002" WIDTH="42"/>
						<String ID="P8_ST00572" HPOS="3063" VPOS="951" WIDTH="48" HEIGHT="41" CONTENT="ist" WC="0.92" CC="776"/>
						<SP ID="P8_SP00502" HPOS="3111" VPOS="1002" WIDTH="28"/>
						<String ID="P8_ST00573" HPOS="3139" VPOS="952" WIDTH="184" HEIGHT="41" CONTENT="wirklich" WC="0.98" CC="74767703"/>
						<SP ID="P8_SP00503" HPOS="3323" VPOS="1002" WIDTH="29"/>
						<String ID="P8_ST00574" HPOS="3352" VPOS="967" WIDTH="48" HEIGHT="26" CONTENT="zu" WC="0.60" CC="08"/>
					</TextLine>
					<TextLine ID="P8_TL00066" HPOS="1818" VPOS="1002" WIDTH="1583" HEIGHT="66">
						<String ID="P8_ST00575" HPOS="1818" VPOS="1002" WIDTH="149" HEIGHT="41" CONTENT="Stande" WC="0.97" CC="467745"/>
						<SP ID="P8_SP00504" HPOS="1967" VPOS="1043" WIDTH="31"/>
						<String ID="P8_ST00576" HPOS="1998" VPOS="1004" WIDTH="252" HEIGHT="51" CONTENT="gekommen," WC="0.97" CC="769547774"/>
						<SP ID="P8_SP00505" HPOS="2250" VPOS="1055" WIDTH="29"/>
						<String ID="P8_ST00577" HPOS="2279" VPOS="1007" WIDTH="245" HEIGHT="40" CONTENT="namentlich" WC="0.99" CC="7207705540"/>
						<SP ID="P8_SP00506" HPOS="2524" VPOS="1055" WIDTH="29"/>
						<String ID="P8_ST00578" HPOS="2553" VPOS="1009" WIDTH="127" HEIGHT="40" CONTENT="durch" WC="0.97" CC="18630"/>
						<SP ID="P8_SP00507" HPOS="2680" VPOS="1055" WIDTH="30"/>
						<String ID="P8_ST00579" HPOS="2710" VPOS="1011" WIDTH="65" HEIGHT="40" CONTENT="die" WC="0.92" CC="965"/>
						<SP ID="P8_SP00508" HPOS="2775" VPOS="1055" WIDTH="25"/>
						<String ID="P8_ST00580" HPOS="2800" VPOS="1013" WIDTH="232" HEIGHT="52" CONTENT="energische" WC="0.98" CC="7967904409"/>
						<SP ID="P8_SP00509" HPOS="3032" VPOS="1065" WIDTH="13"/>
						<String ID="P8_ST00581" HPOS="3045" VPOS="1014" WIDTH="263" HEIGHT="54" CONTENT="Mitwirkung" WC="0.98" CC="3766067679"/>
						<SP ID="P8_SP00510" HPOS="3308" VPOS="1068" WIDTH="17"/>
						<String ID="P8_ST00582" HPOS="3325" VPOS="1029" WIDTH="76" HEIGHT="27" CONTENT="von" WC="0.93" CC="638"/>
					</TextLine>
					<TextLine ID="P8_TL00067" HPOS="1820" VPOS="1065" WIDTH="1582" HEIGHT="56">
						<String ID="P8_ST00583" HPOS="1820" VPOS="1065" WIDTH="151" HEIGHT="39" CONTENT="Form" WC="0.98" CC="0350"/>
						<SP ID="P8_SP00511" HPOS="1971" VPOS="1104" WIDTH="14"/>
						<String ID="P8_ST00584" HPOS="1985" VPOS="1078" WIDTH="50" HEIGHT="27" CONTENT="es" WC="0.73" CC="50"/>
						<SP ID="P8_SP00512" HPOS="2035" VPOS="1105" WIDTH="29"/>
						<String ID="P8_ST00585" HPOS="2064" VPOS="1079" WIDTH="51" HEIGHT="26" CONTENT="an" WC="0.23" CC="68"/>
						<SP ID="P8_SP00513" HPOS="2115" VPOS="1105" WIDTH="29"/>
						<String ID="P8_ST00586" HPOS="2144" VPOS="1067" WIDTH="277" HEIGHT="54" CONTENT="Begründung" WC="0.99" CC="6007060079"/>
						<SP ID="P8_SP00514" HPOS="2421" VPOS="1121" WIDTH="30"/>
						<String ID="P8_ST00587" HPOS="2451" VPOS="1070" WIDTH="223" HEIGHT="42" CONTENT="derselben." WC="0.99" CC="0350046563"/>
						<SP ID="P8_SP00515" HPOS="2674" VPOS="1121" WIDTH="40"/>
						<String ID="P8_ST00588" HPOS="2714" VPOS="1074" WIDTH="80" HEIGHT="39" CONTENT="Am" WC="0.28" CC="77"/>
						<SP ID="P8_SP00516" HPOS="2794" VPOS="1121" WIDTH="30"/>
						<String ID="P8_ST00589" HPOS="2824" VPOS="1075" WIDTH="64" HEIGHT="40" CONTENT="22." WC="0.85" CC="004"/>
						<SP ID="P8_SP00517" HPOS="2888" VPOS="1121" WIDTH="30"/>
						<String ID="P8_ST00590" HPOS="2918" VPOS="1077" WIDTH="37" HEIGHT="38" CONTENT="d." WC="0.78" CC="04"/>
						<SP ID="P8_SP00518" HPOS="2955" VPOS="1121" WIDTH="29"/>
						<String ID="P8_ST00591" HPOS="2984" VPOS="1077" WIDTH="57" HEIGHT="40" CONTENT="M." WC="0.67" CC="24"/>
						<SP ID="P8_SP00519" HPOS="3041" VPOS="1121" WIDTH="29"/>
						<String ID="P8_ST00592" HPOS="3070" VPOS="1079" WIDTH="138" HEIGHT="39" CONTENT="wurde" WC="0.98" CC="49002"/>
						<SP ID="P8_SP00520" HPOS="3208" VPOS="1121" WIDTH="43"/>
						<String ID="P8_ST00593" HPOS="3251" VPOS="1079" WIDTH="56" HEIGHT="40" CONTENT="sie" WC="0.99" CC="030"/>
						<SP ID="P8_SP00521" HPOS="3307" VPOS="1121" WIDTH="39"/>
						<String ID="P8_ST00594" HPOS="3346" VPOS="1079" WIDTH="56" HEIGHT="40" CONTENT="im" WC="0.36" CC="65"/>
					</TextLine>
					<TextLine ID="P8_TL00068" HPOS="1819" VPOS="1127" WIDTH="1580" HEIGHT="66">
						<String ID="P8_ST00595" HPOS="1819" VPOS="1127" WIDTH="420" HEIGHT="52" CONTENT="Drurylane-Theater" WC="0.60" CC="64567600637043032"/>
						<SP ID="P8_SP00522" HPOS="2239" VPOS="1179" WIDTH="28"/>
						<String ID="P8_ST00596" HPOS="2267" VPOS="1131" WIDTH="72" HEIGHT="39" CONTENT="mit" WC="0.98" CC="006"/>
						<SP ID="P8_SP00523" HPOS="2339" VPOS="1179" WIDTH="29"/>
						<String ID="P8_ST00597" HPOS="2368" VPOS="1133" WIDTH="184" HEIGHT="40" CONTENT="Webers" WC="0.98" CC="750052"/>
						<SP ID="P8_SP00524" HPOS="2552" VPOS="1179" WIDTH="38"/>
						<String ID="P8_ST00598" HPOS="2590" VPOS="1134" WIDTH="311" HEIGHT="43" CONTENT="Freischütz" WC="0.99" CC="0564340000"/>
						<SP ID="P8_SP00525" HPOS="2901" VPOS="1179" WIDTH="44"/>
						<String ID="P8_ST00599" HPOS="2945" VPOS="1139" WIDTH="180" HEIGHT="41" CONTENT="eröffnet." WC="0.99" CC="047006404"/>
						<SP ID="P8_SP00526" HPOS="3125" VPOS="1180" WIDTH="44"/>
						<String ID="P8_ST00600" HPOS="3169" VPOS="1141" WIDTH="151" HEIGHT="52" CONTENT="Caspar" WC="0.98" CC="630304"/>
						<SP ID="P8_SP00527" HPOS="3320" VPOS="1193" WIDTH="32"/>
						<String ID="P8_ST00601" HPOS="3352" VPOS="1164" WIDTH="47" HEIGHT="5" CONTENT="—" WC="0.20" CC="8"/>
					</TextLine>
					<TextLine ID="P8_TL00069" HPOS="1819" VPOS="1190" WIDTH="1582" HEIGHT="59">
						<String ID="P8_ST00602" HPOS="1819" VPOS="1190" WIDTH="177" HEIGHT="47" CONTENT="Formes," WC="0.73" CC="0700604"/>
						<SP ID="P8_SP00528" HPOS="1996" VPOS="1237" WIDTH="28"/>
						<String ID="P8_ST00603" HPOS="2024" VPOS="1191" WIDTH="96" HEIGHT="40" CONTENT="Max" WC="0.95" CC="705"/>
						<SP ID="P8_SP00529" HPOS="2120" VPOS="1237" WIDTH="109"/>
						<String ID="P8_ST00604" HPOS="2229" VPOS="1192" WIDTH="228" HEIGHT="49" CONTENT="Reichardt," WC="0.98" CC="7145079054"/>
						<SP ID="P8_SP00530" HPOS="2457" VPOS="1241" WIDTH="28"/>
						<String ID="P8_ST00605" HPOS="2485" VPOS="1195" WIDTH="160" HEIGHT="52" CONTENT="Agathe" WC="0.99" CC="000505"/>
						<SP ID="P8_SP00531" HPOS="2645" VPOS="1247" WIDTH="40"/>
						<String ID="P8_ST00606" HPOS="2685" VPOS="1218" WIDTH="48" HEIGHT="6" CONTENT="—" WC="0.20" CC="8"/>
						<SP ID="P8_SP00532" HPOS="2733" VPOS="1247" WIDTH="46"/>
						<String ID="P8_ST00607" HPOS="2779" VPOS="1199" WIDTH="132" HEIGHT="40" CONTENT="Fräul." WC="0.54" CC="054674"/>
						<SP ID="P8_SP00533" HPOS="2911" VPOS="1247" WIDTH="32"/>
						<String ID="P8_ST00608" HPOS="2943" VPOS="1201" WIDTH="202" HEIGHT="48" CONTENT="Caradori," WC="0.45" CC="799406054"/>
						<SP ID="P8_SP00534" HPOS="3145" VPOS="1249" WIDTH="30"/>
						<String ID="P8_ST00609" HPOS="3175" VPOS="1205" WIDTH="226" HEIGHT="40" CONTENT="Aennchen" WC="0.69" CC="00560046"/>
					</TextLine>
					<TextLine ID="P8_TL00070" HPOS="1899" VPOS="1253" WIDTH="1504" HEIGHT="60">
						<String ID="P8_ST00610" HPOS="1899" VPOS="1253" WIDTH="109" HEIGHT="40" CONTENT="Mad." WC="0.65" CC="0904"/>
						<SP ID="P8_SP00535" HPOS="2008" VPOS="1293" WIDTH="29"/>
						<String ID="P8_ST00611" HPOS="2037" VPOS="1254" WIDTH="219" HEIGHT="41" CONTENT="Anschütz." WC="0.65" CC="070259023"/>
						<SP ID="P8_SP00536" HPOS="2256" VPOS="1295" WIDTH="56"/>
						<String ID="P8_ST00612" HPOS="2312" VPOS="1257" WIDTH="80" HEIGHT="39" CONTENT="Das" WC="0.93" CC="773"/>
						<SP ID="P8_SP00537" HPOS="2392" VPOS="1296" WIDTH="29"/>
						<String ID="P8_ST00613" HPOS="2421" VPOS="1258" WIDTH="114" HEIGHT="40" CONTENT="Haus" WC="0.97" CC="7080"/>
						<SP ID="P8_SP00538" HPOS="2535" VPOS="1298" WIDTH="29"/>
						<String ID="P8_ST00614" HPOS="2564" VPOS="1272" WIDTH="84" HEIGHT="27" CONTENT="war" WC="0.94" CC="077"/>
						<SP ID="P8_SP00539" HPOS="2648" VPOS="1299" WIDTH="35"/>
						<String ID="P8_ST00615" HPOS="2683" VPOS="1261" WIDTH="194" HEIGHT="52" CONTENT="gedrängt" WC="0.98" CC="97003093"/>
						<SP ID="P8_SP00540" HPOS="2877" VPOS="1313" WIDTH="39"/>
						<String ID="P8_ST00616" HPOS="2916" VPOS="1264" WIDTH="90" HEIGHT="47" CONTENT="voll," WC="0.97" CC="23774"/>
						<SP ID="P8_SP00541" HPOS="3006" VPOS="1313" WIDTH="48"/>
						<String ID="P8_ST00617" HPOS="3054" VPOS="1266" WIDTH="165" HEIGHT="40" CONTENT="Formes" WC="0.54" CC="027970"/>
						<SP ID="P8_SP00542" HPOS="3219" VPOS="1313" WIDTH="42"/>
						<String ID="P8_ST00618" HPOS="3261" VPOS="1269" WIDTH="142" HEIGHT="39" CONTENT="wurde" WC="0.97" CC="06707"/>
					</TextLine>
					<TextLine ID="P8_TL00071" HPOS="1818" VPOS="1315" WIDTH="1586" HEIGHT="67">
						<String ID="P8_ST00619" HPOS="1818" VPOS="1315" WIDTH="224" HEIGHT="39" CONTENT="rauschend" WC="0.98" CC="006049680"/>
						<SP ID="P8_SP00543" HPOS="2042" VPOS="1354" WIDTH="32"/>
						<String ID="P8_ST00620" HPOS="2074" VPOS="1318" WIDTH="238" HEIGHT="53" CONTENT="empfangen" WC="0.99" CC="700600070"/>
						<SP ID="P8_SP00544" HPOS="2312" VPOS="1371" WIDTH="29"/>
						<String ID="P8_ST00621" HPOS="2341" VPOS="1320" WIDTH="82" HEIGHT="39" CONTENT="und" WC="0.94" CC="770"/>
						<SP ID="P8_SP00545" HPOS="2423" VPOS="1371" WIDTH="32"/>
						<String ID="P8_ST00622" HPOS="2455" VPOS="1321" WIDTH="84" HEIGHT="40" CONTENT="drei" WC="0.96" CC="0674"/>
						<SP ID="P8_SP00546" HPOS="2539" VPOS="1371" WIDTH="29"/>
						<String ID="P8_ST00623" HPOS="2568" VPOS="1323" WIDTH="82" HEIGHT="39" CONTENT="Mal" WC="0.99" CC="003"/>
						<SP ID="P8_SP00547" HPOS="2650" VPOS="1371" WIDTH="31"/>
						<String ID="P8_ST00624" HPOS="2681" VPOS="1325" WIDTH="177" HEIGHT="51" CONTENT="gerufen." WC="0.98" CC="07742677"/>
						<SP ID="P8_SP00548" HPOS="2858" VPOS="1376" WIDTH="62"/>
						<String ID="P8_ST00625" HPOS="2920" VPOS="1327" WIDTH="71" HEIGHT="39" CONTENT="Die" WC="0.95" CC="724"/>
						<SP ID="P8_SP00549" HPOS="2991" VPOS="1376" WIDTH="39"/>
						<String ID="P8_ST00626" HPOS="3030" VPOS="1328" WIDTH="259" HEIGHT="54" CONTENT="Vorstellung" WC="0.98" CC="74010627779"/>
						<SP ID="P8_SP00550" HPOS="3289" VPOS="1382" WIDTH="29"/>
						<String ID="P8_ST00627" HPOS="3318" VPOS="1343" WIDTH="86" HEIGHT="28" CONTENT="war" WC="0.91" CC="967"/>
					</TextLine>
					<TextLine ID="P8_TL00072" HPOS="1818" VPOS="1374" WIDTH="1581" HEIGHT="62">
						<String ID="P8_ST00628" HPOS="1818" VPOS="1374" WIDTH="42" HEIGHT="40" CONTENT="in" WC="0.62" CC="25"/>
						<SP ID="P8_SP00551" HPOS="1860" VPOS="1414" WIDTH="29"/>
						<String ID="P8_ST00629" HPOS="1889" VPOS="1376" WIDTH="79" HEIGHT="40" CONTENT="den" WC="1.00" CC="000"/>
						<SP ID="P8_SP00552" HPOS="1968" VPOS="1416" WIDTH="29"/>
						<String ID="P8_ST00630" HPOS="1997" VPOS="1378" WIDTH="319" HEIGHT="52" CONTENT="Hauptpartieen" WC="0.67" CC="2050084202447"/>
						<SP ID="P8_SP00553" HPOS="2316" VPOS="1430" WIDTH="29"/>
						<String ID="P8_ST00631" HPOS="2345" VPOS="1388" WIDTH="80" HEIGHT="45" CONTENT="gut," WC="0.94" CC="9694"/>
						<SP ID="P8_SP00554" HPOS="2425" VPOS="1433" WIDTH="31"/>
						<String ID="P8_ST00632" HPOS="2456" VPOS="1383" WIDTH="71" HEIGHT="39" CONTENT="der" WC="0.96" CC="055"/>
						<SP ID="P8_SP00555" HPOS="2527" VPOS="1433" WIDTH="29"/>
						<String ID="P8_ST00633" HPOS="2556" VPOS="1384" WIDTH="109" HEIGHT="40" CONTENT="Chor" WC="0.98" CC="6040"/>
						<SP ID="P8_SP00556" HPOS="2665" VPOS="1433" WIDTH="28"/>
						<String ID="P8_ST00634" HPOS="2693" VPOS="1399" WIDTH="105" HEIGHT="26" CONTENT="zwar" WC="0.99" CC="6000"/>
						<SP ID="P8_SP00557" HPOS="2798" VPOS="1433" WIDTH="29"/>
						<String ID="P8_ST00635" HPOS="2827" VPOS="1387" WIDTH="212" HEIGHT="49" CONTENT="zahlreich," WC="0.99" CC="0053005204"/>
						<SP ID="P8_SP00558" HPOS="3039" VPOS="1436" WIDTH="41"/>
						<String ID="P8_ST00636" HPOS="3080" VPOS="1392" WIDTH="97" HEIGHT="38" CONTENT="aber" WC="0.98" CC="1610"/>
						<SP ID="P8_SP00559" HPOS="3177" VPOS="1436" WIDTH="33"/>
						<String ID="P8_ST00637" HPOS="3210" VPOS="1393" WIDTH="189" HEIGHT="40" CONTENT="schlecht." WC="0.98" CC="046460554"/>
					</TextLine>
					<TextLine ID="P8_TL00073" HPOS="1816" VPOS="1437" WIDTH="1585" HEIGHT="59">
						<String ID="P8_ST00638" HPOS="1816" VPOS="1437" WIDTH="68" HEIGHT="39" CONTENT="An" WC="1.00" CC="00"/>
						<SP ID="P8_SP00560" HPOS="1884" VPOS="1476" WIDTH="29"/>
						<String ID="P8_ST00639" HPOS="1913" VPOS="1439" WIDTH="72" HEIGHT="39" CONTENT="der" WC="0.99" CC="010"/>
						<SP ID="P8_SP00561" HPOS="1985" VPOS="1478" WIDTH="28"/>
						<String ID="P8_ST00640" HPOS="2013" VPOS="1440" WIDTH="132" HEIGHT="51" CONTENT="Spitze" WC="1.00" CC="500000"/>
						<SP ID="P8_SP00562" HPOS="2145" VPOS="1491" WIDTH="28"/>
						<String ID="P8_ST00641" HPOS="2173" VPOS="1441" WIDTH="70" HEIGHT="40" CONTENT="des" WC="0.99" CC="010"/>
						<SP ID="P8_SP00563" HPOS="2243" VPOS="1491" WIDTH="29"/>
						<String ID="P8_ST00642" HPOS="2272" VPOS="1443" WIDTH="322" HEIGHT="43" CONTENT="Unternehmens" WC="1.00" CC="300400140100"/>
						<SP ID="P8_SP00564" HPOS="2594" VPOS="1491" WIDTH="30"/>
						<String ID="P8_ST00643" HPOS="2624" VPOS="1447" WIDTH="104" HEIGHT="39" CONTENT="steht" WC="0.98" CC="03206"/>
						<SP ID="P8_SP00565" HPOS="2728" VPOS="1491" WIDTH="28"/>
						<String ID="P8_ST00644" HPOS="2756" VPOS="1448" WIDTH="27" HEIGHT="39" CONTENT="S" WC="0.57" CC="4"/>
						<SP ID="P8_SP00566" HPOS="2783" VPOS="1491" WIDTH="11"/>
						<String ID="P8_ST00645" HPOS="2794" VPOS="1447" WIDTH="88" HEIGHT="41" CONTENT="her" WC="0.99" CC="002"/>
						<SP ID="P8_SP00567" HPOS="2882" VPOS="1491" WIDTH="12"/>
						<String ID="P8_ST00646" HPOS="2894" VPOS="1454" WIDTH="58" HEIGHT="42" CONTENT="et," WC="0.98" CC="014"/>
						<SP ID="P8_SP00568" HPOS="2952" VPOS="1496" WIDTH="30"/>
						<String ID="P8_ST00647" HPOS="2982" VPOS="1451" WIDTH="341" HEIGHT="42" CONTENT="Musik-Director" WC="0.64" CC="07020391046615"/>
						<SP ID="P8_SP00569" HPOS="3323" VPOS="1496" WIDTH="28"/>
						<String ID="P8_ST00648" HPOS="3351" VPOS="1454" WIDTH="50" HEIGHT="40" CONTENT="ist" WC="0.94" CC="347"/>
					</TextLine>
					<TextLine ID="P8_TL00074" HPOS="1818" VPOS="1501" WIDTH="1586" HEIGHT="55">
						<String ID="P8_ST00649" HPOS="1818" VPOS="1501" WIDTH="283" HEIGHT="41" CONTENT="Anschütz." WC="0.86" CC="030400004"/>
						<SP ID="P8_SP00570" HPOS="2101" VPOS="1542" WIDTH="33"/>
						<String ID="P8_ST00650" HPOS="2134" VPOS="1527" WIDTH="46" HEIGHT="4" CONTENT="—" WC="0.20" CC="8"/>
						<SP ID="P8_SP00571" HPOS="2180" VPOS="1542" WIDTH="31"/>
						<String ID="P8_ST00651" HPOS="2211" VPOS="1505" WIDTH="75" HEIGHT="39" CONTENT="Die" WC="0.99" CC="002"/>
						<SP ID="P8_SP00572" HPOS="2286" VPOS="1544" WIDTH="29"/>
						<String ID="P8_ST00652" HPOS="2315" VPOS="1506" WIDTH="233" HEIGHT="41" CONTENT="Musikfeste" WC="0.99" CC="9006920004"/>
						<SP ID="P8_SP00573" HPOS="2548" VPOS="1547" WIDTH="41"/>
						<String ID="P8_ST00653" HPOS="2589" VPOS="1508" WIDTH="41" HEIGHT="40" CONTENT="in" WC="0.80" CC="30"/>
						<SP ID="P8_SP00574" HPOS="2630" VPOS="1548" WIDTH="42"/>
						<String ID="P8_ST00654" HPOS="2672" VPOS="1509" WIDTH="252" HEIGHT="43" CONTENT="Bredfort" WC="0.53" CC="84600657"/>
						<SP ID="P8_SP00575" HPOS="2924" VPOS="1552" WIDTH="37"/>
						<String ID="P8_ST00655" HPOS="2961" VPOS="1514" WIDTH="82" HEIGHT="38" CONTENT="und" WC="0.95" CC="770"/>
						<SP ID="P8_SP00576" HPOS="3043" VPOS="1552" WIDTH="46"/>
						<String ID="P8_ST00656" HPOS="3089" VPOS="1513" WIDTH="315" HEIGHT="43" CONTENT="Gloucester" WC="0.56" CC="8647350008"/>
					</TextLine>
					<TextLine ID="P8_TL00075" HPOS="1818" VPOS="1563" WIDTH="872" HEIGHT="56">
						<String ID="P8_ST00657" HPOS="1818" VPOS="1563" WIDTH="164" HEIGHT="40" CONTENT="werden" WC="0.99" CC="000018"/>
						<SP ID="P8_SP00577" HPOS="1982" VPOS="1603" WIDTH="28"/>
						<String ID="P8_ST00658" HPOS="2010" VPOS="1564" WIDTH="41" HEIGHT="40" CONTENT="in" WC="0.41" CC="47"/>
						<SP ID="P8_SP00578" HPOS="2051" VPOS="1604" WIDTH="30"/>
						<String ID="P8_ST00659" HPOS="2081" VPOS="1565" WIDTH="137" HEIGHT="41" CONTENT="diesen" WC="0.99" CC="000530"/>
						<SP ID="P8_SP00579" HPOS="2218" VPOS="1606" WIDTH="30"/>
						<String ID="P8_ST00660" HPOS="2248" VPOS="1567" WIDTH="136" HEIGHT="52" CONTENT="Tagen" WC="0.99" CC="40000"/>
						<SP ID="P8_SP00580" HPOS="2384" VPOS="1619" WIDTH="29"/>
						<String ID="P8_ST00661" HPOS="2413" VPOS="1568" WIDTH="100" HEIGHT="40" CONTENT="Statt" WC="0.99" CC="40000"/>
						<SP ID="P8_SP00581" HPOS="2513" VPOS="1619" WIDTH="27"/>
						<String ID="P8_ST00662" HPOS="2540" VPOS="1570" WIDTH="150" HEIGHT="40" CONTENT="finden." WC="0.98" CC="6280663"/>
					</TextLine>
				</TextBlock>
				<TextBlock ID="P8_TB00012" HPOS="1817" VPOS="1741" WIDTH="1587" HEIGHT="220" STYLEREFS="TXT_3 PAR_LEFT">
					<TextLine ID="P8_TL00076" HPOS="1898" VPOS="1743" WIDTH="1503" HEIGHT="60">
						<String ID="P8_ST00663" HPOS="1898" VPOS="1743" WIDTH="82" HEIGHT="42" CONTENT="Der" WC="0.95" CC="750"/>
						<SP ID="P8_SP00582" HPOS="1980" VPOS="1785" WIDTH="28"/>
						<String ID="P8_ST00664" HPOS="2008" VPOS="1745" WIDTH="214" HEIGHT="40" CONTENT="berühmte" WC="0.99" CC="51006000"/>
						<SP ID="P8_SP00583" HPOS="2222" VPOS="1785" WIDTH="29"/>
						<String ID="P8_ST00665" HPOS="2251" VPOS="1746" WIDTH="278" HEIGHT="43" CONTENT="Violoncellist" WC="0.99" CC="7050430274031"/>
						<SP ID="P8_SP00584" HPOS="2529" VPOS="1789" WIDTH="27"/>
						<String ID="P8_ST00666" HPOS="2556" VPOS="1750" WIDTH="161" HEIGHT="42" CONTENT="Piatti" WC="0.71" CC="654000"/>
						<SP ID="P8_SP00585" HPOS="2717" VPOS="1792" WIDTH="29"/>
						<String ID="P8_ST00667" HPOS="2746" VPOS="1752" WIDTH="51" HEIGHT="40" CONTENT="ist" WC="0.96" CC="306"/>
						<SP ID="P8_SP00586" HPOS="2797" VPOS="1792" WIDTH="37"/>
						<String ID="P8_ST00668" HPOS="2834" VPOS="1765" WIDTH="78" HEIGHT="29" CONTENT="von" WC="0.97" CC="420"/>
						<SP ID="P8_SP00587" HPOS="2912" VPOS="1794" WIDTH="28"/>
						<String ID="P8_ST00669" HPOS="2940" VPOS="1755" WIDTH="172" HEIGHT="42" CONTENT="London" WC="0.97" CC="692471"/>
						<SP ID="P8_SP00588" HPOS="3112" VPOS="1797" WIDTH="43"/>
						<String ID="P8_ST00670" HPOS="3155" VPOS="1759" WIDTH="103" HEIGHT="42" CONTENT="über" WC="0.99" CC="0500"/>
						<SP ID="P8_SP00589" HPOS="3258" VPOS="1801" WIDTH="27"/>
						<String ID="P8_ST00671" HPOS="3285" VPOS="1761" WIDTH="116" HEIGHT="42" CONTENT="Paris" WC="0.97" CC="43336"/>
					</TextLine>
					<TextLine ID="P8_TL00077" HPOS="1819" VPOS="1806" WIDTH="1581" HEIGHT="64">
						<String ID="P8_ST00672" HPOS="1819" VPOS="1806" WIDTH="103" HEIGHT="40" CONTENT="nach" WC="0.97" CC="6034"/>
						<SP ID="P8_SP00590" HPOS="1922" VPOS="1846" WIDTH="30"/>
						<String ID="P8_ST00673" HPOS="1952" VPOS="1806" WIDTH="181" HEIGHT="43" CONTENT="Genua" WC="0.97" CC="25456"/>
						<SP ID="P8_SP00591" HPOS="2133" VPOS="1849" WIDTH="28"/>
						<String ID="P8_ST00674" HPOS="2161" VPOS="1808" WIDTH="170" HEIGHT="52" CONTENT="gereis't," WC="0.80" CC="340305000"/>
						<SP ID="P8_SP00592" HPOS="2331" VPOS="1860" WIDTH="30"/>
						<String ID="P8_ST00675" HPOS="2361" VPOS="1823" WIDTH="68" HEIGHT="28" CONTENT="um" WC="0.92" CC="10"/>
						<SP ID="P8_SP00593" HPOS="2429" VPOS="1860" WIDTH="29"/>
						<String ID="P8_ST00676" HPOS="2458" VPOS="1825" WIDTH="77" HEIGHT="29" CONTENT="von" WC="0.96" CC="630"/>
						<SP ID="P8_SP00594" HPOS="2535" VPOS="1860" WIDTH="31"/>
						<String ID="P8_ST00677" HPOS="2566" VPOS="1815" WIDTH="51" HEIGHT="39" CONTENT="da" WC="0.47" CC="54"/>
						<SP ID="P8_SP00595" HPOS="2617" VPOS="1860" WIDTH="29"/>
						<String ID="P8_ST00678" HPOS="2646" VPOS="1815" WIDTH="101" HEIGHT="40" CONTENT="nach" WC="0.98" CC="1104"/>
						<SP ID="P8_SP00596" HPOS="2747" VPOS="1860" WIDTH="17"/>
						<String ID="P8_ST00679" HPOS="2764" VPOS="1816" WIDTH="152" HEIGHT="53" CONTENT="Neapel" WC="0.98" CC="520268"/>
						<SP ID="P8_SP00597" HPOS="2916" VPOS="1869" WIDTH="31"/>
						<String ID="P8_ST00680" HPOS="2947" VPOS="1831" WIDTH="48" HEIGHT="27" CONTENT="zu" WC="0.78" CC="40"/>
						<SP ID="P8_SP00598" HPOS="2995" VPOS="1869" WIDTH="28"/>
						<String ID="P8_ST00681" HPOS="3023" VPOS="1820" WIDTH="131" HEIGHT="50" CONTENT="gehen" WC="0.98" CC="50005"/>
						<SP ID="P8_SP00599" HPOS="3154" VPOS="1870" WIDTH="28"/>
						<String ID="P8_ST00682" HPOS="3182" VPOS="1823" WIDTH="84" HEIGHT="40" CONTENT="und" WC="0.94" CC="626"/>
						<SP ID="P8_SP00600" HPOS="3266" VPOS="1870" WIDTH="30"/>
						<String ID="P8_ST00683" HPOS="3296" VPOS="1826" WIDTH="104" HEIGHT="41" CONTENT="über" WC="0.97" CC="0635"/>
					</TextLine>
					<TextLine ID="P8_TL00078" HPOS="1819" VPOS="1870" WIDTH="1032" HEIGHT="53">
						<String ID="P8_ST00684" HPOS="1819" VPOS="1870" WIDTH="118" HEIGHT="50" CONTENT="Rom," WC="0.99" CC="5100"/>
						<SP ID="P8_SP00601" HPOS="1937" VPOS="1920" WIDTH="28"/>
						<String ID="P8_ST00685" HPOS="1965" VPOS="1872" WIDTH="168" HEIGHT="40" CONTENT="Florenz" WC="0.99" CC="0050436"/>
						<SP ID="P8_SP00602" HPOS="2133" VPOS="1920" WIDTH="29"/>
						<String ID="P8_ST00686" HPOS="2162" VPOS="1874" WIDTH="85" HEIGHT="40" CONTENT="und" WC="0.99" CC="300"/>
						<SP ID="P8_SP00603" HPOS="2247" VPOS="1920" WIDTH="28"/>
						<String ID="P8_ST00687" HPOS="2275" VPOS="1876" WIDTH="178" HEIGHT="41" CONTENT="Mailand" WC="0.98" CC="4342069"/>
						<SP ID="P8_SP00604" HPOS="2453" VPOS="1920" WIDTH="29"/>
						<String ID="P8_ST00688" HPOS="2482" VPOS="1878" WIDTH="369" HEIGHT="45" CONTENT="zurückzukehren." WC="0.99" CC="000407322044064"/>
					</TextLine>
				</TextBlock>
				<TextBlock ID="P8_TB00013" HPOS="1815" VPOS="2035" WIDTH="1587" HEIGHT="1020" STYLEREFS="TXT_3 PAR_BLOCK">
					<TextLine ID="P8_TL00079" HPOS="1900" VPOS="2070" WIDTH="1500" HEIGHT="63">
						<String ID="P8_ST00689" HPOS="1900" VPOS="2074" WIDTH="264" HEIGHT="36" CONTENT="Breslau«" WC="0.98" CC="66684780"/>
						<SP ID="P8_SP00605" HPOS="2164" VPOS="2110" WIDTH="36"/>
						<String ID="P8_ST00690" HPOS="2200" VPOS="2070" WIDTH="211" HEIGHT="52" CONTENT="Adolph" WC="0.98" CC="302603"/>
						<SP ID="P8_SP00606" HPOS="2411" VPOS="2122" WIDTH="29"/>
						<String ID="P8_ST00691" HPOS="2440" VPOS="2071" WIDTH="239" HEIGHT="51" CONTENT="Henselt," WC="0.72" CC="02702360"/>
						<SP ID="P8_SP00607" HPOS="2679" VPOS="2122" WIDTH="29"/>
						<String ID="P8_ST00692" HPOS="2708" VPOS="2075" WIDTH="72" HEIGHT="39" CONTENT="der" WC="0.96" CC="046"/>
						<SP ID="P8_SP00608" HPOS="2780" VPOS="2122" WIDTH="28"/>
						<String ID="P8_ST00693" HPOS="2808" VPOS="2076" WIDTH="212" HEIGHT="43" CONTENT="berühmte" WC="0.97" CC="67706954"/>
						<SP ID="P8_SP00609" HPOS="3020" VPOS="2122" WIDTH="31"/>
						<String ID="P8_ST00694" HPOS="3051" VPOS="2079" WIDTH="235" HEIGHT="54" CONTENT="Componist" WC="0.62" CC="560063065"/>
						<SP ID="P8_SP00610" HPOS="3286" VPOS="2133" WIDTH="28"/>
						<String ID="P8_ST00695" HPOS="3314" VPOS="2086" WIDTH="86" HEIGHT="38" CONTENT="und" WC="0.93" CC="179"/>
					</TextLine>
					<TextLine ID="P8_TL00080" HPOS="1819" VPOS="2130" WIDTH="1580" HEIGHT="57">
						<String ID="P8_ST00696" HPOS="1819" VPOS="2130" WIDTH="376" HEIGHT="49" CONTENT="Ciavier-Virtuose," WC="1.00" CC="40263040404460003"/>
						<SP ID="P8_SP00611" HPOS="2195" VPOS="2179" WIDTH="28"/>
						<String ID="P8_ST00697" HPOS="2223" VPOS="2132" WIDTH="67" HEIGHT="39" CONTENT="hat" WC="0.96" CC="224"/>
						<SP ID="P8_SP00612" HPOS="2290" VPOS="2179" WIDTH="28"/>
						<String ID="P8_ST00698" HPOS="2318" VPOS="2133" WIDTH="194" HEIGHT="40" CONTENT="während" WC="0.99" CC="3400500"/>
						<SP ID="P8_SP00613" HPOS="2512" VPOS="2179" WIDTH="30"/>
						<String ID="P8_ST00699" HPOS="2542" VPOS="2135" WIDTH="129" HEIGHT="40" CONTENT="seines" WC="0.99" CC="035000"/>
						<SP ID="P8_SP00614" HPOS="2671" VPOS="2179" WIDTH="28"/>
						<String ID="P8_ST00700" HPOS="2699" VPOS="2136" WIDTH="151" HEIGHT="43" CONTENT="kurzen" WC="0.99" CC="000625"/>
						<SP ID="P8_SP00615" HPOS="2850" VPOS="2179" WIDTH="28"/>
						<String ID="P8_ST00701" HPOS="2878" VPOS="2138" WIDTH="280" HEIGHT="45" CONTENT="Aufenthaltes" WC="0.99" CC="220075725040"/>
						<SP ID="P8_SP00616" HPOS="3158" VPOS="2183" WIDTH="27"/>
						<String ID="P8_ST00702" HPOS="3185" VPOS="2143" WIDTH="214" HEIGHT="44" CONTENT="hiersclbst" WC="0.59" CC="5503472760"/>
					</TextLine>
					<TextLine ID="P8_TL00081" HPOS="1818" VPOS="2193" WIDTH="1582" HEIGHT="65">
						<String ID="P8_ST00703" HPOS="1818" VPOS="2193" WIDTH="54" HEIGHT="52" CONTENT="(in" WC="0.97" CC="305"/>
						<SP ID="P8_SP00617" HPOS="1872" VPOS="2245" WIDTH="45"/>
						<String ID="P8_ST00704" HPOS="1917" VPOS="2194" WIDTH="71" HEIGHT="40" CONTENT="der" WC="0.97" CC="070"/>
						<SP ID="P8_SP00618" HPOS="1988" VPOS="2245" WIDTH="43"/>
						<String ID="P8_ST00705" HPOS="2031" VPOS="2194" WIDTH="147" HEIGHT="41" CONTENT="Officin" WC="0.68" CC="3533005"/>
						<SP ID="P8_SP00619" HPOS="2178" VPOS="2245" WIDTH="42"/>
						<String ID="P8_ST00706" HPOS="2220" VPOS="2196" WIDTH="73" HEIGHT="39" CONTENT="der" WC="0.97" CC="035"/>
						<SP ID="P8_SP00620" HPOS="2293" VPOS="2245" WIDTH="37"/>
						<String ID="P8_ST00707" HPOS="2330" VPOS="2197" WIDTH="160" HEIGHT="39" CONTENT="Herren" WC="0.99" CC="400055"/>
						<SP ID="P8_SP00621" HPOS="2490" VPOS="2245" WIDTH="39"/>
						<String ID="P8_ST00708" HPOS="2529" VPOS="2198" WIDTH="441" HEIGHT="43" CONTENT="Brettschneider" WC="0.99" CC="65351300205054"/>
						<SP ID="P8_SP00622" HPOS="2970" VPOS="2245" WIDTH="28"/>
						<String ID="P8_ST00709" HPOS="2998" VPOS="2203" WIDTH="39" HEIGHT="40" CONTENT="&amp;" WC="0.90" CC="0"/>
						<SP ID="P8_SP00623" HPOS="3037" VPOS="2245" WIDTH="29"/>
						<String ID="P8_ST00710" HPOS="3066" VPOS="2206" WIDTH="182" HEIGHT="52" CONTENT="Begas)" WC="0.97" CC="810538"/>
						<SP ID="P8_SP00624" HPOS="3248" VPOS="2258" WIDTH="33"/>
						<String ID="P8_ST00711" HPOS="3281" VPOS="2208" WIDTH="119" HEIGHT="41" CONTENT="einen" WC="0.96" CC="56368"/>
					</TextLine>
					<TextLine ID="P8_TL00082" HPOS="1816" VPOS="2257" WIDTH="1582" HEIGHT="54">
						<String ID="P8_ST00712" HPOS="1816" VPOS="2257" WIDTH="299" HEIGHT="52" CONTENT="ausgewählten" WC="0.99" CC="560006300704"/>
						<SP ID="P8_SP00625" HPOS="2115" VPOS="2309" WIDTH="30"/>
						<String ID="P8_ST00713" HPOS="2145" VPOS="2258" WIDTH="118" HEIGHT="39" CONTENT="Kreis" WC="1.00" CC="03000"/>
						<SP ID="P8_SP00626" HPOS="2263" VPOS="2309" WIDTH="41"/>
						<String ID="P8_ST00714" HPOS="2304" VPOS="2270" WIDTH="80" HEIGHT="27" CONTENT="von" WC="0.96" CC="560"/>
						<SP ID="P8_SP00627" HPOS="2384" VPOS="2309" WIDTH="29"/>
						<String ID="P8_ST00715" HPOS="2413" VPOS="2259" WIDTH="218" HEIGHT="41" CONTENT="Künstlern" WC="1.00" CC="002000312"/>
						<SP ID="P8_SP00628" HPOS="2631" VPOS="2309" WIDTH="41"/>
						<String ID="P8_ST00716" HPOS="2672" VPOS="2262" WIDTH="83" HEIGHT="38" CONTENT="und" WC="0.97" CC="240"/>
						<SP ID="P8_SP00629" HPOS="2755" VPOS="2309" WIDTH="29"/>
						<String ID="P8_ST00717" HPOS="2784" VPOS="2262" WIDTH="330" HEIGHT="44" CONTENT="Kunstfreunden" WC="1.00" CC="0080001006026"/>
						<SP ID="P8_SP00630" HPOS="3114" VPOS="2309" WIDTH="40"/>
						<String ID="P8_ST00718" HPOS="3154" VPOS="2269" WIDTH="127" HEIGHT="40" CONTENT="durch" WC="0.99" CC="06010"/>
						<SP ID="P8_SP00631" HPOS="3281" VPOS="2309" WIDTH="39"/>
						<String ID="P8_ST00719" HPOS="3320" VPOS="2270" WIDTH="78" HEIGHT="41" CONTENT="den" WC="0.99" CC="001"/>
					</TextLine>
					<TextLine ID="P8_TL00083" HPOS="1816" VPOS="2320" WIDTH="1583" HEIGHT="56">
						<String ID="P8_ST00720" HPOS="1816" VPOS="2320" WIDTH="158" HEIGHT="39" CONTENT="Zauber" WC="0.98" CC="140470"/>
						<SP ID="P8_SP00632" HPOS="1974" VPOS="2359" WIDTH="28"/>
						<String ID="P8_ST00721" HPOS="2002" VPOS="2320" WIDTH="129" HEIGHT="41" CONTENT="seines" WC="0.99" CC="006500"/>
						<SP ID="P8_SP00633" HPOS="2131" VPOS="2361" WIDTH="31"/>
						<String ID="P8_ST00722" HPOS="2162" VPOS="2320" WIDTH="129" HEIGHT="52" CONTENT="Spiels" WC="0.99" CC="500041"/>
						<SP ID="P8_SP00634" HPOS="2291" VPOS="2372" WIDTH="37"/>
						<String ID="P8_ST00723" HPOS="2328" VPOS="2321" WIDTH="198" HEIGHT="41" CONTENT="entzückt." WC="0.99" CC="606400200"/>
						<SP ID="P8_SP00635" HPOS="2526" VPOS="2372" WIDTH="50"/>
						<String ID="P8_ST00724" HPOS="2576" VPOS="2323" WIDTH="135" HEIGHT="53" CONTENT="(Siehe" WC="0.98" CC="606400"/>
						<SP ID="P8_SP00636" HPOS="2711" VPOS="2376" WIDTH="27"/>
						<String ID="P8_ST00725" HPOS="2738" VPOS="2325" WIDTH="72" HEIGHT="41" CONTENT="Nr." WC="0.97" CC="620"/>
						<SP ID="P8_SP00637" HPOS="2810" VPOS="2376" WIDTH="28"/>
						<String ID="P8_ST00726" HPOS="2838" VPOS="2326" WIDTH="24" HEIGHT="40" CONTENT="6" WC="0.88" CC="1"/>
						<SP ID="P8_SP00638" HPOS="2862" VPOS="2376" WIDTH="30"/>
						<String ID="P8_ST00727" HPOS="2892" VPOS="2328" WIDTH="71" HEIGHT="40" CONTENT="der" WC="0.99" CC="010"/>
						<SP ID="P8_SP00639" HPOS="2963" VPOS="2376" WIDTH="27"/>
						<String ID="P8_ST00728" HPOS="2990" VPOS="2328" WIDTH="409" HEIGHT="45" CONTENT="Niederrheinischen" WC="0.80" CC="06000070006300107"/>
					</TextLine>
					<TextLine ID="P8_TL00084" HPOS="1815" VPOS="2381" WIDTH="352" HEIGHT="53">
						<String ID="P8_ST00729" HPOS="1815" VPOS="2381" WIDTH="352" HEIGHT="53" CONTENT="Musik-Zeitung.)" WC="1.00" CC="200250000343000"/>
					</TextLine>
					<TextLine ID="P8_TL00085" HPOS="1895" VPOS="2444" WIDTH="1503" HEIGHT="64">
						<String ID="P8_ST00730" HPOS="1895" VPOS="2446" WIDTH="85" HEIGHT="40" CONTENT="Der" WC="0.97" CC="700"/>
						<SP ID="P8_SP00640" HPOS="1980" VPOS="2486" WIDTH="28"/>
						<String ID="P8_ST00731" HPOS="2008" VPOS="2444" WIDTH="163" HEIGHT="53" CONTENT="geehrte" WC="0.98" CC="9005247"/>
						<SP ID="P8_SP00641" HPOS="2171" VPOS="2497" WIDTH="29"/>
						<String ID="P8_ST00732" HPOS="2200" VPOS="2446" WIDTH="193" HEIGHT="39" CONTENT="Künstler" WC="1.00" CC="00004300"/>
						<SP ID="P8_SP00642" HPOS="2393" VPOS="2497" WIDTH="29"/>
						<String ID="P8_ST00733" HPOS="2422" VPOS="2447" WIDTH="187" HEIGHT="41" CONTENT="bediente" WC="1.00" CC="70000000"/>
						<SP ID="P8_SP00643" HPOS="2609" VPOS="2497" WIDTH="28"/>
						<String ID="P8_ST00734" HPOS="2637" VPOS="2448" WIDTH="84" HEIGHT="41" CONTENT="sich" WC="0.99" CC="0201"/>
						<SP ID="P8_SP00644" HPOS="2721" VPOS="2497" WIDTH="29"/>
						<String ID="P8_ST00735" HPOS="2750" VPOS="2450" WIDTH="65" HEIGHT="40" CONTENT="bei" WC="0.94" CC="256"/>
						<SP ID="P8_SP00645" HPOS="2815" VPOS="2497" WIDTH="29"/>
						<String ID="P8_ST00736" HPOS="2844" VPOS="2451" WIDTH="152" HEIGHT="42" CONTENT="seinem" WC="0.97" CC="406367"/>
						<SP ID="P8_SP00646" HPOS="2996" VPOS="2497" WIDTH="29"/>
						<String ID="P8_ST00737" HPOS="3025" VPOS="2453" WIDTH="201" HEIGHT="55" CONTENT="Vortrage" WC="0.99" CC="75200605"/>
						<SP ID="P8_SP00647" HPOS="3226" VPOS="2508" WIDTH="28"/>
						<String ID="P8_ST00738" HPOS="3254" VPOS="2456" WIDTH="72" HEIGHT="41" CONTENT="der" WC="0.97" CC="052"/>
						<SP ID="P8_SP00648" HPOS="3326" VPOS="2508" WIDTH="27"/>
						<String ID="P8_ST00739" HPOS="3353" VPOS="2457" WIDTH="45" HEIGHT="41" CONTENT="in" WC="0.41" CC="47"/>
					</TextLine>
					<TextLine ID="P8_TL00086" HPOS="1815" VPOS="2507" WIDTH="1584" HEIGHT="59">
						<String ID="P8_ST00740" HPOS="1815" VPOS="2512" WIDTH="224" HEIGHT="47" CONTENT="genannter" WC="0.99" CC="001343500"/>
						<SP ID="P8_SP00649" HPOS="2039" VPOS="2559" WIDTH="29"/>
						<String ID="P8_ST00741" HPOS="2068" VPOS="2507" WIDTH="146" HEIGHT="40" CONTENT="Officin" WC="0.53" CC="5322575"/>
						<SP ID="P8_SP00650" HPOS="2214" VPOS="2559" WIDTH="29"/>
						<String ID="P8_ST00742" HPOS="2243" VPOS="2508" WIDTH="274" HEIGHT="52" CONTENT="aufgestellten" WC="0.99" CC="0359435722326"/>
						<SP ID="P8_SP00651" HPOS="2517" VPOS="2560" WIDTH="30"/>
						<String ID="P8_ST00743" HPOS="2547" VPOS="2511" WIDTH="265" HEIGHT="41" CONTENT="Instrumente" WC="0.99" CC="44500760602"/>
						<SP ID="P8_SP00652" HPOS="2812" VPOS="2560" WIDTH="37"/>
						<String ID="P8_ST00744" HPOS="2849" VPOS="2516" WIDTH="84" HEIGHT="38" CONTENT="und" WC="0.98" CC="320"/>
						<SP ID="P8_SP00653" HPOS="2933" VPOS="2560" WIDTH="38"/>
						<String ID="P8_ST00745" HPOS="2971" VPOS="2516" WIDTH="150" HEIGHT="50" CONTENT="spricht" WC="0.99" CC="3140000"/>
						<SP ID="P8_SP00654" HPOS="3121" VPOS="2566" WIDTH="38"/>
						<String ID="P8_ST00746" HPOS="3159" VPOS="2518" WIDTH="126" HEIGHT="40" CONTENT="durch" WC="0.98" CC="07201"/>
						<SP ID="P8_SP00655" HPOS="3285" VPOS="2566" WIDTH="39"/>
						<String ID="P8_ST00747" HPOS="3324" VPOS="2518" WIDTH="57" HEIGHT="42" CONTENT="fol" SUBS_TYPE="HypPart1" SUBS_CONTENT="folgendes" WC="0.96" CC="156"/>
						<HYP HPOS="3381" VPOS="2518" WIDTH="18" CONTENT="-"/>
					</TextLine>
					<TextLine ID="P8_TL00087" HPOS="1815" VPOS="2569" WIDTH="1584" HEIGHT="55">
						<String ID="P8_ST00748" HPOS="1815" VPOS="2570" WIDTH="151" HEIGHT="51" CONTENT="gendes" SUBS_TYPE="HypPart2" SUBS_CONTENT="folgendes" WC="0.98" CC="934050"/>
						<SP ID="P8_SP00656" HPOS="1966" VPOS="2621" WIDTH="30"/>
						<String ID="P8_ST00749" HPOS="1996" VPOS="2569" WIDTH="312" HEIGHT="53" CONTENT="eigenhändiges" WC="1.00" CC="0100560005005"/>
						<SP ID="P8_SP00657" HPOS="2308" VPOS="2622" WIDTH="28"/>
						<String ID="P8_ST00750" HPOS="2336" VPOS="2571" WIDTH="193" HEIGHT="53" CONTENT="Zeugniss" WC="0.79" CC="00096000"/>
						<SP ID="P8_SP00658" HPOS="2529" VPOS="2624" WIDTH="25"/>
						<String ID="P8_ST00751" HPOS="2554" VPOS="2574" WIDTH="111" HEIGHT="39" CONTENT="seine" WC="0.98" CC="01063"/>
						<SP ID="P8_SP00659" HPOS="2665" VPOS="2624" WIDTH="29"/>
						<String ID="P8_ST00752" HPOS="2694" VPOS="2575" WIDTH="137" HEIGHT="41" CONTENT="vollste" WC="0.98" CC="0765050"/>
						<SP ID="P8_SP00660" HPOS="2831" VPOS="2624" WIDTH="28"/>
						<String ID="P8_ST00753" HPOS="2859" VPOS="2578" WIDTH="299" HEIGHT="42" CONTENT="Zufriedenheit" WC="0.99" CC="0039445060054"/>
						<SP ID="P8_SP00661" HPOS="3158" VPOS="2624" WIDTH="27"/>
						<String ID="P8_ST00754" HPOS="3185" VPOS="2582" WIDTH="102" HEIGHT="40" CONTENT="über" WC="0.98" CC="0602"/>
						<SP ID="P8_SP00662" HPOS="3287" VPOS="2624" WIDTH="28"/>
						<String ID="P8_ST00755" HPOS="3315" VPOS="2582" WIDTH="63" HEIGHT="42" CONTENT="die" SUBS_TYPE="HypPart1" SUBS_CONTENT="dieselben" WC="0.98" CC="020"/>
						<HYP HPOS="3378" VPOS="2582" WIDTH="21" CONTENT="-"/>
					</TextLine>
					<TextLine ID="P8_TL00088" HPOS="1816" VPOS="2631" WIDTH="260" HEIGHT="41">
						<String ID="P8_ST00756" HPOS="1816" VPOS="2631" WIDTH="140" HEIGHT="41" CONTENT="selben" SUBS_TYPE="HypPart2" SUBS_CONTENT="dieselben" WC="0.99" CC="000706"/>
						<SP ID="P8_SP00663" HPOS="1956" VPOS="2672" WIDTH="29"/>
						<String ID="P8_ST00757" HPOS="1985" VPOS="2645" WIDTH="91" HEIGHT="27" CONTENT="aus:" WC="1.00" CC="0100"/>
					</TextLine>
					<TextLine ID="P8_TL00089" HPOS="1896" VPOS="2692" WIDTH="1499" HEIGHT="56">
						<String ID="P8_ST00758" HPOS="1896" VPOS="2692" WIDTH="100" HEIGHT="50" CONTENT="„Mit" WC="0.98" CC="0052"/>
						<SP ID="P8_SP00664" HPOS="1996" VPOS="2742" WIDTH="27"/>
						<String ID="P8_ST00759" HPOS="2023" VPOS="2693" WIDTH="249" HEIGHT="54" CONTENT="Vergnügen" WC="0.99" CC="020960034"/>
						<SP ID="P8_SP00665" HPOS="2272" VPOS="2747" WIDTH="28"/>
						<String ID="P8_ST00760" HPOS="2300" VPOS="2695" WIDTH="167" HEIGHT="42" CONTENT="ertheile" WC="0.82" CC="10600050"/>
						<SP ID="P8_SP00666" HPOS="2467" VPOS="2747" WIDTH="30"/>
						<String ID="P8_ST00761" HPOS="2497" VPOS="2696" WIDTH="62" HEIGHT="41" CONTENT="ich" WC="0.97" CC="304"/>
						<SP ID="P8_SP00667" HPOS="2559" VPOS="2747" WIDTH="31"/>
						<String ID="P8_ST00762" HPOS="2590" VPOS="2698" WIDTH="77" HEIGHT="40" CONTENT="den" WC="0.99" CC="030"/>
						<SP ID="P8_SP00668" HPOS="2667" VPOS="2747" WIDTH="26"/>
						<String ID="P8_ST00763" HPOS="2693" VPOS="2698" WIDTH="161" HEIGHT="44" CONTENT="Herren" WC="0.99" CC="200005"/>
						<SP ID="P8_SP00669" HPOS="2854" VPOS="2747" WIDTH="29"/>
						<String ID="P8_ST00764" HPOS="2883" VPOS="2701" WIDTH="445" HEIGHT="46" CONTENT="Brettschneider" WC="0.99" CC="60660052165000"/>
						<SP ID="P8_SP00670" HPOS="3328" VPOS="2747" WIDTH="29"/>
						<String ID="P8_ST00765" HPOS="3357" VPOS="2706" WIDTH="38" HEIGHT="42" CONTENT="&amp;" WC="0.98" CC="0"/>
					</TextLine>
					<TextLine ID="P8_TL00090" HPOS="1815" VPOS="2754" WIDTH="1583" HEIGHT="64">
						<String ID="P8_ST00766" HPOS="1815" VPOS="2754" WIDTH="181" HEIGHT="54" CONTENT="Regas," WC="0.69" CC="450062"/>
						<SP ID="P8_SP00671" HPOS="1996" VPOS="2808" WIDTH="34"/>
						<String ID="P8_ST00767" HPOS="2030" VPOS="2756" WIDTH="508" HEIGHT="44" CONTENT="Pianoforte-Fabricanten" WC="0.59" CC="7745409640046504140605"/>
						<SP ID="P8_SP00672" HPOS="2538" VPOS="2808" WIDTH="29"/>
						<String ID="P8_ST00768" HPOS="2567" VPOS="2761" WIDTH="224" HEIGHT="49" CONTENT="hierselbst," WC="0.59" CC="31340577514"/>
						<SP ID="P8_SP00673" HPOS="2791" VPOS="2810" WIDTH="36"/>
						<String ID="P8_ST00769" HPOS="2827" VPOS="2765" WIDTH="71" HEIGHT="40" CONTENT="das" WC="1.00" CC="000"/>
						<SP ID="P8_SP00674" HPOS="2898" VPOS="2810" WIDTH="39"/>
						<String ID="P8_ST00770" HPOS="2937" VPOS="2766" WIDTH="207" HEIGHT="52" CONTENT="Zeugniss," WC="0.68" CC="005960060"/>
						<SP ID="P8_SP00675" HPOS="3144" VPOS="2818" WIDTH="44"/>
						<String ID="P8_ST00771" HPOS="3188" VPOS="2767" WIDTH="93" HEIGHT="41" CONTENT="dass" WC="0.78" CC="0107"/>
						<SP ID="P8_SP00676" HPOS="3281" VPOS="2818" WIDTH="28"/>
						<String ID="P8_ST00772" HPOS="3309" VPOS="2768" WIDTH="89" HEIGHT="41" CONTENT="ihre" WC="0.97" CC="5035"/>
					</TextLine>
					<TextLine ID="P8_TL00091" HPOS="1816" VPOS="2817" WIDTH="1578" HEIGHT="64">
						<String ID="P8_ST00773" HPOS="1816" VPOS="2817" WIDTH="280" HEIGHT="48" CONTENT="Instrumente," WC="0.99" CC="025624000610"/>
						<SP ID="P8_SP00677" HPOS="2096" VPOS="2865" WIDTH="43"/>
						<String ID="P8_ST00774" HPOS="2139" VPOS="2818" WIDTH="151" HEIGHT="40" CONTENT="welche" WC="0.99" CC="014040"/>
						<SP ID="P8_SP00678" HPOS="2290" VPOS="2865" WIDTH="46"/>
						<String ID="P8_ST00775" HPOS="2336" VPOS="2819" WIDTH="65" HEIGHT="41" CONTENT="ich" WC="0.98" CC="103"/>
						<SP ID="P8_SP00679" HPOS="2401" VPOS="2865" WIDTH="45"/>
						<String ID="P8_ST00776" HPOS="2446" VPOS="2820" WIDTH="120" HEIGHT="42" CONTENT="heute" WC="0.98" CC="52350"/>
						<SP ID="P8_SP00680" HPOS="2566" VPOS="2865" WIDTH="43"/>
						<String ID="P8_ST00777" HPOS="2609" VPOS="2824" WIDTH="185" HEIGHT="41" CONTENT="mehrere" WC="0.99" CC="5010100"/>
						<SP ID="P8_SP00681" HPOS="2794" VPOS="2865" WIDTH="47"/>
						<String ID="P8_ST00778" HPOS="2841" VPOS="2825" WIDTH="182" HEIGHT="42" CONTENT="Stunden" WC="0.99" CC="0523008"/>
						<SP ID="P8_SP00682" HPOS="3023" VPOS="2867" WIDTH="43"/>
						<String ID="P8_ST00779" HPOS="3066" VPOS="2828" WIDTH="169" HEIGHT="53" CONTENT="gespielt" WC="0.99" CC="90000060"/>
						<SP ID="P8_SP00683" HPOS="3235" VPOS="2881" WIDTH="42"/>
						<String ID="P8_ST00780" HPOS="3277" VPOS="2829" WIDTH="117" HEIGHT="49" CONTENT="habe," WC="0.98" CC="51600"/>
					</TextLine>
					<TextLine ID="P8_TL00092" HPOS="1815" VPOS="2880" WIDTH="1584" HEIGHT="61">
						<String ID="P8_ST00781" HPOS="1815" VPOS="2880" WIDTH="128" HEIGHT="39" CONTENT="durch" WC="0.99" CC="05000"/>
						<SP ID="P8_SP00684" HPOS="1943" VPOS="2919" WIDTH="28"/>
						<String ID="P8_ST00782" HPOS="1971" VPOS="2880" WIDTH="210" HEIGHT="52" CONTENT="kräftigen," WC="0.99" CC="0394309060"/>
						<SP ID="P8_SP00685" HPOS="2181" VPOS="2932" WIDTH="43"/>
						<String ID="P8_ST00783" HPOS="2224" VPOS="2884" WIDTH="387" HEIGHT="43" CONTENT="resonnanzreichen" WC="0.60" CC="3642631351150457"/>
						<SP ID="P8_SP00686" HPOS="2611" VPOS="2932" WIDTH="30"/>
						<String ID="P8_ST00784" HPOS="2641" VPOS="2886" WIDTH="100" HEIGHT="50" CONTENT="Ton," WC="0.97" CC="0760"/>
						<SP ID="P8_SP00687" HPOS="2741" VPOS="2936" WIDTH="38"/>
						<String ID="P8_ST00785" HPOS="2779" VPOS="2893" WIDTH="94" HEIGHT="47" CONTENT="gute" WC="0.96" CC="9333"/>
						<SP ID="P8_SP00688" HPOS="2873" VPOS="2940" WIDTH="39"/>
						<String ID="P8_ST00786" HPOS="2912" VPOS="2889" WIDTH="171" HEIGHT="52" CONTENT="Spielart" WC="0.99" CC="29000005"/>
						<SP ID="P8_SP00689" HPOS="3083" VPOS="2941" WIDTH="40"/>
						<String ID="P8_ST00787" HPOS="3123" VPOS="2893" WIDTH="85" HEIGHT="39" CONTENT="und" WC="0.95" CC="560"/>
						<SP ID="P8_SP00690" HPOS="3208" VPOS="2941" WIDTH="38"/>
						<String ID="P8_ST00788" HPOS="3246" VPOS="2892" WIDTH="153" HEIGHT="40" CONTENT="schöne" WC="0.97" CC="005767"/>
					</TextLine>
					<TextLine ID="P8_TL00093" HPOS="1815" VPOS="2942" WIDTH="790" HEIGHT="47">
						<String ID="P8_ST00789" HPOS="1815" VPOS="2942" WIDTH="121" HEIGHT="41" CONTENT="Form" WC="0.98" CC="2600"/>
						<SP ID="P8_SP00691" HPOS="1936" VPOS="2983" WIDTH="29"/>
						<String ID="P8_ST00790" HPOS="1965" VPOS="2942" WIDTH="84" HEIGHT="41" CONTENT="sich" WC="0.98" CC="0502"/>
						<SP ID="P8_SP00692" HPOS="2049" VPOS="2983" WIDTH="29"/>
						<String ID="P8_ST00791" HPOS="2078" VPOS="2945" WIDTH="218" HEIGHT="39" CONTENT="besonders" WC="0.99" CC="600640300"/>
						<SP ID="P8_SP00693" HPOS="2296" VPOS="2984" WIDTH="30"/>
						<String ID="P8_ST00792" HPOS="2326" VPOS="2947" WIDTH="279" HEIGHT="42" CONTENT="auszeichnen." WC="0.99" CC="340006000703"/>
					</TextLine>
					<TextLine ID="P8_TL00094" HPOS="1895" VPOS="3005" WIDTH="662" HEIGHT="49">
						<String ID="P8_ST00793" HPOS="1895" VPOS="3005" WIDTH="205" HEIGHT="49" CONTENT="„Breslau," WC="0.99" CC="050005040"/>
						<SP ID="P8_SP00694" HPOS="2100" VPOS="3054" WIDTH="28"/>
						<String ID="P8_ST00794" HPOS="2128" VPOS="3006" WIDTH="78" HEIGHT="39" CONTENT="den" WC="0.98" CC="004"/>
						<SP ID="P8_SP00695" HPOS="2206" VPOS="3054" WIDTH="28"/>
						<String ID="P8_ST00795" HPOS="2234" VPOS="3007" WIDTH="65" HEIGHT="39" CONTENT="24." WC="0.72" CC="403"/>
						<SP ID="P8_SP00696" HPOS="2299" VPOS="3054" WIDTH="29"/>
						<String ID="P8_ST00796" HPOS="2328" VPOS="3008" WIDTH="80" HEIGHT="40" CONTENT="Juli" WC="0.99" CC="5000"/>
						<SP ID="P8_SP00697" HPOS="2408" VPOS="3054" WIDTH="35"/>
						<String ID="P8_ST00797" HPOS="2443" VPOS="3008" WIDTH="114" HEIGHT="42" CONTENT="1853." WC="0.56" CC="24652"/>
					</TextLine>
				</TextBlock>
				<TextBlock ID="P8_TB00014" HPOS="2774" VPOS="3063" WIDTH="544" HEIGHT="56" STYLEREFS="TXT_5 PAR_RIGHT">
					<TextLine ID="P8_TL00095" HPOS="2776" VPOS="3066" WIDTH="540" HEIGHT="52">
						<String ID="P8_ST00798" HPOS="2776" VPOS="3066" WIDTH="237" HEIGHT="52" CONTENT="„Adolph" WC="0.98" CC="5646116"/>
						<SP ID="P8_SP00698" HPOS="3013" VPOS="3118" WIDTH="44"/>
						<String ID="P8_ST00799" HPOS="3057" VPOS="3069" WIDTH="259" HEIGHT="41" CONTENT="Henselt.“" WC="0.96" CC="747110600"/>
					</TextLine>
				</TextBlock>
				<TextBlock ID="P8_TB00015" HPOS="1808" VPOS="3599" WIDTH="1584" HEIGHT="631" STYLEREFS="TXT_3 PAR_BLOCK">
					<TextLine ID="P8_TL00096" HPOS="2011" VPOS="3600" WIDTH="1171" HEIGHT="47">
						<String ID="P8_ST00800" HPOS="2011" VPOS="3600" WIDTH="111" HEIGHT="35" CONTENT="Die" WC="0.25" CC="761" STYLEREFS="TXT_4"/>
						<SP ID="P8_SP00699" HPOS="2122" VPOS="3635" WIDTH="30"/>
						<String ID="P8_ST00801" HPOS="2152" VPOS="3601" WIDTH="536" HEIGHT="37" CONTENT="Hiederrlieinisclie" WC="0.48" CC="880057858650787220" STYLEREFS="TXT_4"/>
						<SP ID="P8_SP00700" HPOS="2688" VPOS="3638" WIDTH="30"/>
						<String ID="P8_ST00802" HPOS="2718" VPOS="3605" WIDTH="434" HEIGHT="42" CONTENT="lHusik-Zeitung" SUBS_TYPE="HypPart1" SUBS_CONTENT="lHusik-Zeitungerscheint" WC="0.38" CC="88575728048376" STYLEREFS="TXT_4"/>
						<HYP HPOS="3152" VPOS="3605" WIDTH="30" CONTENT="-"/>
					</TextLine>
					<TextLine ID="P8_TL00097" HPOS="1812" VPOS="3651" WIDTH="1578" HEIGHT="53">
						<String ID="P8_ST00803" HPOS="1812" VPOS="3651" WIDTH="199" HEIGHT="37" CONTENT="erscheint" SUBS_TYPE="HypPart2" SUBS_CONTENT="lHusik-Zeitungerscheint" WC="0.98" CC="336094456"/>
						<SP ID="P8_SP00701" HPOS="2011" VPOS="3688" WIDTH="21"/>
						<String ID="P8_ST00804" HPOS="2032" VPOS="3652" WIDTH="121" HEIGHT="47" CONTENT="jeden" WC="0.98" CC="02603"/>
						<SP ID="P8_SP00702" HPOS="2153" VPOS="3699" WIDTH="30"/>
						<String ID="P8_ST00805" HPOS="2183" VPOS="3652" WIDTH="185" HEIGHT="49" CONTENT="Samstag" WC="0.98" CC="7300067"/>
						<SP ID="P8_SP00703" HPOS="2368" VPOS="3701" WIDTH="28"/>
						<String ID="P8_ST00806" HPOS="2396" VPOS="3655" WIDTH="41" HEIGHT="34" CONTENT="in" WC="0.76" CC="40"/>
						<SP ID="P8_SP00704" HPOS="2437" VPOS="3701" WIDTH="39"/>
						<String ID="P8_ST00807" HPOS="2476" VPOS="3655" WIDTH="240" HEIGHT="37" CONTENT="mindestens" WC="0.99" CC="5406030105"/>
						<SP ID="P8_SP00705" HPOS="2716" VPOS="3701" WIDTH="40"/>
						<String ID="P8_ST00808" HPOS="2756" VPOS="3657" WIDTH="127" HEIGHT="35" CONTENT="einem" WC="1.00" CC="00000"/>
						<SP ID="P8_SP00706" HPOS="2883" VPOS="3701" WIDTH="37"/>
						<String ID="P8_ST00809" HPOS="2920" VPOS="3667" WIDTH="154" HEIGHT="37" CONTENT="ganzen" WC="0.98" CC="500039"/>
						<SP ID="P8_SP00707" HPOS="3074" VPOS="3704" WIDTH="38"/>
						<String ID="P8_ST00810" HPOS="3112" VPOS="3655" WIDTH="157" HEIGHT="47" CONTENT="Bogen;" WC="0.97" CC="759005"/>
						<SP ID="P8_SP00708" HPOS="3269" VPOS="3704" WIDTH="49"/>
						<String ID="P8_ST00811" HPOS="3318" VPOS="3653" WIDTH="54" HEIGHT="37" CONTENT="all" SUBS_TYPE="HypPart1" SUBS_CONTENT="allmonatlich" WC="0.96" CC="057"/>
						<HYP HPOS="3372" VPOS="3653" WIDTH="18" CONTENT="-"/>
					</TextLine>
					<TextLine ID="P8_TL00098" HPOS="1811" VPOS="3704" WIDTH="1578" HEIGHT="54">
						<String ID="P8_ST00812" HPOS="1811" VPOS="3704" WIDTH="220" HEIGHT="36" CONTENT="monatlich" SUBS_TYPE="HypPart2" SUBS_CONTENT="allmonatlich" WC="0.99" CC="030002036"/>
						<SP ID="P8_SP00709" HPOS="2031" VPOS="3740" WIDTH="29"/>
						<String ID="P8_ST00813" HPOS="2060" VPOS="3706" WIDTH="98" HEIGHT="34" CONTENT="wird" WC="0.97" CC="6050"/>
						<SP ID="P8_SP00710" HPOS="2158" VPOS="3740" WIDTH="29"/>
						<String ID="P8_ST00814" HPOS="2187" VPOS="3706" WIDTH="63" HEIGHT="35" CONTENT="ihr" WC="1.00" CC="000"/>
						<SP ID="P8_SP00711" HPOS="2250" VPOS="3741" WIDTH="29"/>
						<String ID="P8_ST00815" HPOS="2279" VPOS="3707" WIDTH="63" HEIGHT="35" CONTENT="ein" WC="1.00" CC="000"/>
						<SP ID="P8_SP00712" HPOS="2342" VPOS="3742" WIDTH="27"/>
						<String ID="P8_ST00816" HPOS="2369" VPOS="3707" WIDTH="332" HEIGHT="38" CONTENT="Literatur-Blatt" WC="1.00" CC="000200075254000"/>
						<SP ID="P8_SP00713" HPOS="2701" VPOS="3745" WIDTH="28"/>
						<String ID="P8_ST00817" HPOS="2729" VPOS="3709" WIDTH="256" HEIGHT="49" CONTENT="beigegeben." WC="0.99" CC="80005927506"/>
						<SP ID="P8_SP00714" HPOS="2985" VPOS="3758" WIDTH="109"/>
						<String ID="P8_ST00818" HPOS="3094" VPOS="3707" WIDTH="81" HEIGHT="35" CONTENT="Der" WC="0.98" CC="600"/>
						<SP ID="P8_SP00715" HPOS="3175" VPOS="3758" WIDTH="28"/>
						<String ID="P8_ST00819" HPOS="3203" VPOS="3707" WIDTH="160" HEIGHT="37" CONTENT="Abonne" SUBS_TYPE="HypPart1" SUBS_CONTENT="Abonnementspreis" WC="0.99" CC="600000"/>
						<HYP HPOS="3363" VPOS="3707" WIDTH="26" CONTENT="-"/>
					</TextLine>
					<TextLine ID="P8_TL00099" HPOS="1811" VPOS="3758" WIDTH="1578" HEIGHT="50">
						<String ID="P8_ST00820" HPOS="1811" VPOS="3760" WIDTH="234" HEIGHT="46" CONTENT="mentspreis" SUBS_TYPE="HypPart2" SUBS_CONTENT="Abonnementspreis" WC="0.99" CC="0400650200"/>
						<SP ID="P8_SP00716" HPOS="2045" VPOS="3806" WIDTH="30"/>
						<String ID="P8_ST00821" HPOS="2075" VPOS="3758" WIDTH="161" HEIGHT="48" CONTENT="beträgt" WC="0.99" CC="7400400"/>
						<SP ID="P8_SP00717" HPOS="2236" VPOS="3806" WIDTH="17"/>
						<String ID="P8_ST00822" HPOS="2253" VPOS="3760" WIDTH="62" HEIGHT="34" CONTENT="für" WC="1.00" CC="000"/>
						<SP ID="P8_SP00718" HPOS="2315" VPOS="3806" WIDTH="24"/>
						<String ID="P8_ST00823" HPOS="2339" VPOS="3761" WIDTH="70" HEIGHT="35" CONTENT="das" WC="0.94" CC="906"/>
						<SP ID="P8_SP00719" HPOS="2409" VPOS="3806" WIDTH="15"/>
						<String ID="P8_ST00824" HPOS="2424" VPOS="3761" WIDTH="199" HEIGHT="47" CONTENT="Halbjahr" WC="0.99" CC="60174060"/>
						<SP ID="P8_SP00720" HPOS="2623" VPOS="3808" WIDTH="31"/>
						<String ID="P8_ST00825" HPOS="2654" VPOS="3765" WIDTH="20" HEIGHT="32" CONTENT="2" WC="0.84" CC="1"/>
						<SP ID="P8_SP00721" HPOS="2674" VPOS="3808" WIDTH="19"/>
						<String ID="P8_ST00826" HPOS="2693" VPOS="3763" WIDTH="122" HEIGHT="44" CONTENT="Thlr.," WC="0.88" CC="140000"/>
						<SP ID="P8_SP00722" HPOS="2815" VPOS="3808" WIDTH="30"/>
						<String ID="P8_ST00827" HPOS="2845" VPOS="3763" WIDTH="63" HEIGHT="35" CONTENT="bei" WC="0.97" CC="700"/>
						<SP ID="P8_SP00723" HPOS="2908" VPOS="3808" WIDTH="25"/>
						<String ID="P8_ST00828" HPOS="2933" VPOS="3761" WIDTH="75" HEIGHT="35" CONTENT="den" WC="0.99" CC="020"/>
						<SP ID="P8_SP00724" HPOS="3008" VPOS="3808" WIDTH="27"/>
						<String ID="P8_ST00829" HPOS="3035" VPOS="3761" WIDTH="50" HEIGHT="34" CONTENT="K." WC="0.71" CC="14"/>
						<SP ID="P8_SP00725" HPOS="3085" VPOS="3808" WIDTH="20"/>
						<String ID="P8_ST00830" HPOS="3105" VPOS="3772" WIDTH="150" HEIGHT="35" CONTENT="preuss." WC="0.56" CC="6037551"/>
						<SP ID="P8_SP00726" HPOS="3255" VPOS="3808" WIDTH="20"/>
						<String ID="P8_ST00831" HPOS="3275" VPOS="3761" WIDTH="114" HEIGHT="35" CONTENT="Post-" WC="0.97" CC="64506"/>
					</TextLine>
					<TextLine ID="P8_TL00100" HPOS="1810" VPOS="3812" WIDTH="1579" HEIGHT="50">
						<String ID="P8_ST00832" HPOS="1810" VPOS="3812" WIDTH="215" HEIGHT="36" CONTENT="Anstalten" WC="1.00" CC="700001000"/>
						<SP ID="P8_SP00727" HPOS="2025" VPOS="3848" WIDTH="31"/>
						<String ID="P8_ST00833" HPOS="2056" VPOS="3815" WIDTH="20" HEIGHT="33" CONTENT="2" WC="0.82" CC="1"/>
						<SP ID="P8_SP00728" HPOS="2076" VPOS="3848" WIDTH="20"/>
						<String ID="P8_ST00834" HPOS="2096" VPOS="3812" WIDTH="108" HEIGHT="35" CONTENT="Thlr." WC="0.41" CC="06597"/>
						<SP ID="P8_SP00729" HPOS="2204" VPOS="3848" WIDTH="30"/>
						<String ID="P8_ST00835" HPOS="2234" VPOS="3814" WIDTH="23" HEIGHT="34" CONTENT="5" WC="0.73" CC="2"/>
						<SP ID="P8_SP00730" HPOS="2257" VPOS="3848" WIDTH="26"/>
						<String ID="P8_ST00836" HPOS="2283" VPOS="3813" WIDTH="85" HEIGHT="47" CONTENT="Sgr." WC="0.68" CC="8004"/>
						<SP ID="P8_SP00731" HPOS="2368" VPOS="3860" WIDTH="29"/>
						<String ID="P8_ST00837" HPOS="2397" VPOS="3815" WIDTH="98" HEIGHT="35" CONTENT="Eine" WC="0.97" CC="3306"/>
						<SP ID="P8_SP00732" HPOS="2495" VPOS="3860" WIDTH="29"/>
						<String ID="P8_ST00838" HPOS="2524" VPOS="3815" WIDTH="177" HEIGHT="37" CONTENT="einzelne" WC="0.98" CC="41025554"/>
						<SP ID="P8_SP00733" HPOS="2701" VPOS="3860" WIDTH="17"/>
						<String ID="P8_ST00839" HPOS="2718" VPOS="3816" WIDTH="189" HEIGHT="36" CONTENT="Nummer" WC="0.98" CC="570060"/>
						<SP ID="P8_SP00734" HPOS="2907" VPOS="3860" WIDTH="22"/>
						<String ID="P8_ST00840" HPOS="2929" VPOS="3817" WIDTH="24" HEIGHT="33" CONTENT="4" WC="0.38" CC="6"/>
						<SP ID="P8_SP00735" HPOS="2953" VPOS="3860" WIDTH="20"/>
						<String ID="P8_ST00841" HPOS="2973" VPOS="3814" WIDTH="85" HEIGHT="48" CONTENT="Sgr." WC="0.23" CC="9964"/>
						<SP ID="P8_SP00736" HPOS="3058" VPOS="3862" WIDTH="30"/>
						<String ID="P8_ST00842" HPOS="3088" VPOS="3814" WIDTH="301" HEIGHT="48" CONTENT="Einrückungs-" WC="0.50" CC="955006077474"/>
					</TextLine>
					<TextLine ID="P8_TL00101" HPOS="1815" VPOS="3864" WIDTH="718" HEIGHT="52">
						<String ID="P8_ST00843" HPOS="1815" VPOS="3864" WIDTH="215" HEIGHT="38" CONTENT="Gebühren" WC="0.66" CC="70705006"/>
						<SP ID="P8_SP00737" HPOS="2030" VPOS="3902" WIDTH="31"/>
						<String ID="P8_ST00844" HPOS="2061" VPOS="3876" WIDTH="70" HEIGHT="37" CONTENT="per" WC="0.96" CC="730"/>
						<SP ID="P8_SP00738" HPOS="2131" VPOS="3913" WIDTH="28"/>
						<String ID="P8_ST00845" HPOS="2159" VPOS="3866" WIDTH="206" HEIGHT="37" CONTENT="Petitzeile" WC="0.99" CC="6002002444"/>
						<SP ID="P8_SP00739" HPOS="2365" VPOS="3913" WIDTH="31"/>
						<String ID="P8_ST00846" HPOS="2396" VPOS="3871" WIDTH="19" HEIGHT="33" CONTENT="2" WC="1.00" CC="0"/>
						<SP ID="P8_SP00740" HPOS="2415" VPOS="3913" WIDTH="33"/>
						<String ID="P8_ST00847" HPOS="2448" VPOS="3867" WIDTH="85" HEIGHT="49" CONTENT="Sgr." WC="0.42" CC="9804"/>
					</TextLine>
					<TextLine ID="P8_TL00102" HPOS="1863" VPOS="3918" WIDTH="1528" HEIGHT="51">
						<String ID="P8_ST00848" HPOS="1863" VPOS="3919" WIDTH="130" HEIGHT="35" CONTENT="Briefe" WC="0.99" CC="600025"/>
						<SP ID="P8_SP00741" HPOS="1993" VPOS="3954" WIDTH="28"/>
						<String ID="P8_ST00849" HPOS="2021" VPOS="3918" WIDTH="82" HEIGHT="36" CONTENT="und" WC="0.97" CC="700"/>
						<SP ID="P8_SP00742" HPOS="2103" VPOS="3954" WIDTH="29"/>
						<String ID="P8_ST00850" HPOS="2132" VPOS="3920" WIDTH="292" HEIGHT="49" CONTENT="Zusendungen" WC="0.99" CC="27300070006"/>
						<SP ID="P8_SP00743" HPOS="2424" VPOS="3969" WIDTH="30"/>
						<String ID="P8_ST00851" HPOS="2454" VPOS="3921" WIDTH="99" HEIGHT="37" CONTENT="aller" WC="0.98" CC="03306"/>
						<SP ID="P8_SP00744" HPOS="2553" VPOS="3969" WIDTH="36"/>
						<String ID="P8_ST00852" HPOS="2589" VPOS="3921" WIDTH="74" HEIGHT="37" CONTENT="Art" WC="1.00" CC="000"/>
						<SP ID="P8_SP00745" HPOS="2663" VPOS="3969" WIDTH="29"/>
						<String ID="P8_ST00853" HPOS="2692" VPOS="3920" WIDTH="158" HEIGHT="37" CONTENT="werden" WC="0.99" CC="920002"/>
						<SP ID="P8_SP00746" HPOS="2850" VPOS="3969" WIDTH="25"/>
						<String ID="P8_ST00854" HPOS="2875" VPOS="3924" WIDTH="116" HEIGHT="32" CONTENT="unter" WC="0.98" CC="55040"/>
						<SP ID="P8_SP00747" HPOS="2991" VPOS="3969" WIDTH="35"/>
						<String ID="P8_ST00855" HPOS="3026" VPOS="3919" WIDTH="70" HEIGHT="37" CONTENT="der" WC="0.98" CC="005"/>
						<SP ID="P8_SP00748" HPOS="3096" VPOS="3969" WIDTH="27"/>
						<String ID="P8_ST00856" HPOS="3123" VPOS="3920" WIDTH="170" HEIGHT="38" CONTENT="Adresse" WC="0.99" CC="0002753"/>
						<SP ID="P8_SP00749" HPOS="3293" VPOS="3969" WIDTH="28"/>
						<String ID="P8_ST00857" HPOS="3321" VPOS="3920" WIDTH="70" HEIGHT="38" CONTENT="der" WC="0.93" CC="936"/>
					</TextLine>
					<TextLine ID="P8_TL00103" HPOS="1809" VPOS="3972" WIDTH="1419" HEIGHT="50">
						<String ID="P8_ST00858" HPOS="1809" VPOS="3973" WIDTH="54" HEIGHT="37" CONTENT="M." WC="0.78" CC="04"/>
						<SP ID="P8_SP00750" HPOS="1863" VPOS="4010" WIDTH="30"/>
						<String ID="P8_ST00859" HPOS="1893" VPOS="3972" WIDTH="570" HEIGHT="50" CONTENT="DuMont-Sehauberg'schen" WC="0.58" CC="1604404967468008306601"/>
						<SP ID="P8_SP00751" HPOS="2463" VPOS="4022" WIDTH="29"/>
						<String ID="P8_ST00860" HPOS="2492" VPOS="3975" WIDTH="324" HEIGHT="46" CONTENT="Buchhandlung" WC="0.99" CC="765760005609"/>
						<SP ID="P8_SP00752" HPOS="2816" VPOS="4022" WIDTH="36"/>
						<String ID="P8_ST00861" HPOS="2852" VPOS="3974" WIDTH="41" HEIGHT="34" CONTENT="in" WC="0.75" CC="04"/>
						<SP ID="P8_SP00753" HPOS="2893" VPOS="4022" WIDTH="28"/>
						<String ID="P8_ST00862" HPOS="2921" VPOS="3972" WIDTH="105" HEIGHT="36" CONTENT="Köln" WC="0.98" CC="1620"/>
						<SP ID="P8_SP00754" HPOS="3026" VPOS="4022" WIDTH="30"/>
						<String ID="P8_ST00863" HPOS="3056" VPOS="3973" WIDTH="172" HEIGHT="37" CONTENT="erbeten." WC="0.99" CC="00720254"/>
					</TextLine>
					<TextLine ID="P8_TL00104" HPOS="1921" VPOS="4070" WIDTH="1360" HEIGHT="53">
						<String ID="P8_ST00864" HPOS="1921" VPOS="4070" WIDTH="379" HEIGHT="41" CONTENT="Verantwortlicher" WC="0.99" CC="7030546044450154" STYLEREFS="TXT_1"/>
						<SP ID="P8_SP00755" HPOS="2300" VPOS="4111" WIDTH="28"/>
						<String ID="P8_ST00865" HPOS="2328" VPOS="4073" WIDTH="306" HEIGHT="50" CONTENT="Heraasgeber:" WC="0.99" CC="030771924300" STYLEREFS="TXT_1"/>
						<SP ID="P8_SP00756" HPOS="2634" VPOS="4123" WIDTH="38"/>
						<String ID="P8_ST00866" HPOS="2672" VPOS="4070" WIDTH="108" HEIGHT="40" CONTENT="Prof." WC="0.97" CC="60434" STYLEREFS="TXT_1"/>
						<SP ID="P8_SP00757" HPOS="2780" VPOS="4123" WIDTH="29"/>
						<String ID="P8_ST00867" HPOS="2809" VPOS="4071" WIDTH="44" HEIGHT="39" CONTENT="L." WC="0.52" CC="54" STYLEREFS="TXT_1"/>
						<SP ID="P8_SP00758" HPOS="2853" VPOS="4123" WIDTH="29"/>
						<String ID="P8_ST00868" HPOS="2882" VPOS="4070" WIDTH="183" HEIGHT="41" CONTENT="Bischoff" WC="0.99" CC="53046300" STYLEREFS="TXT_1"/>
						<SP ID="P8_SP00759" HPOS="3065" VPOS="4123" WIDTH="24"/>
						<String ID="P8_ST00869" HPOS="3089" VPOS="4071" WIDTH="41" HEIGHT="39" CONTENT="in" WC="0.64" CC="06" STYLEREFS="TXT_1"/>
						<SP ID="P8_SP00760" HPOS="3130" VPOS="4123" WIDTH="29"/>
						<String ID="P8_ST00870" HPOS="3159" VPOS="4072" WIDTH="122" HEIGHT="39" CONTENT="Köln." WC="0.97" CC="26364" STYLEREFS="TXT_1"/>
					</TextLine>
					<TextLine ID="P8_TL00105" HPOS="1874" VPOS="4123" WIDTH="1444" HEIGHT="53">
						<String ID="P8_ST00871" HPOS="1874" VPOS="4123" WIDTH="217" HEIGHT="52" CONTENT="Verleger:" WC="0.99" CC="700576500" STYLEREFS="TXT_1"/>
						<SP ID="P8_SP00761" HPOS="2091" VPOS="4175" WIDTH="28"/>
						<String ID="P8_ST00872" HPOS="2119" VPOS="4124" WIDTH="55" HEIGHT="41" CONTENT="M." WC="0.54" CC="44" STYLEREFS="TXT_1"/>
						<SP ID="P8_SP00762" HPOS="2174" VPOS="4175" WIDTH="29"/>
						<String ID="P8_ST00873" HPOS="2203" VPOS="4123" WIDTH="542" HEIGHT="52" CONTENT="DuMont-Schauberg'sche" WC="0.66" CC="970550146303630031401" STYLEREFS="TXT_1"/>
						<SP ID="P8_SP00763" HPOS="2745" VPOS="4175" WIDTH="28"/>
						<String ID="P8_ST00874" HPOS="2773" VPOS="4124" WIDTH="324" HEIGHT="52" CONTENT="Buchhandlung" WC="0.99" CC="040240036294" STYLEREFS="TXT_1"/>
						<SP ID="P8_SP00764" HPOS="3097" VPOS="4176" WIDTH="29"/>
						<String ID="P8_ST00875" HPOS="3126" VPOS="4124" WIDTH="42" HEIGHT="40" CONTENT="in" WC="0.83" CC="30" STYLEREFS="TXT_1"/>
						<SP ID="P8_SP00765" HPOS="3168" VPOS="4176" WIDTH="29"/>
						<String ID="P8_ST00876" HPOS="3197" VPOS="4126" WIDTH="121" HEIGHT="39" CONTENT="Köln." WC="0.96" CC="47374" STYLEREFS="TXT_1"/>
					</TextLine>
					<TextLine ID="P8_TL00106" HPOS="1855" VPOS="4176" WIDTH="1498" HEIGHT="53">
						<String ID="P8_ST00877" HPOS="1855" VPOS="4176" WIDTH="203" HEIGHT="41" CONTENT="Drucker:" WC="0.99" CC="63023063" STYLEREFS="TXT_1"/>
						<SP ID="P8_SP00766" HPOS="2058" VPOS="4217" WIDTH="28"/>
						<String ID="P8_ST00878" HPOS="2086" VPOS="4177" WIDTH="55" HEIGHT="42" CONTENT="M." WC="0.50" CC="54" STYLEREFS="TXT_1"/>
						<SP ID="P8_SP00767" HPOS="2141" VPOS="4219" WIDTH="30"/>
						<String ID="P8_ST00879" HPOS="2171" VPOS="4178" WIDTH="435" HEIGHT="51" CONTENT="DuMont-Schauberg" WC="0.62" CC="7403743127040039" STYLEREFS="TXT_1"/>
						<SP ID="P8_SP00768" HPOS="2606" VPOS="4229" WIDTH="29"/>
						<String ID="P8_ST00880" HPOS="2635" VPOS="4177" WIDTH="42" HEIGHT="41" CONTENT="in" WC="0.52" CC="09" STYLEREFS="TXT_1"/>
						<SP ID="P8_SP00769" HPOS="2677" VPOS="4229" WIDTH="29"/>
						<String ID="P8_ST00881" HPOS="2706" VPOS="4177" WIDTH="121" HEIGHT="49" CONTENT="Köln," WC="0.96" CC="89164" STYLEREFS="TXT_1"/>
						<SP ID="P8_SP00770" HPOS="2827" VPOS="4229" WIDTH="30"/>
						<String ID="P8_ST00882" HPOS="2857" VPOS="4176" WIDTH="255" HEIGHT="42" CONTENT="Breitstrasse" WC="0.99" CC="660024468122" STYLEREFS="TXT_1"/>
						<SP ID="P8_SP00771" HPOS="3112" VPOS="4229" WIDTH="31"/>
						<String ID="P8_ST00883" HPOS="3143" VPOS="4179" WIDTH="49" HEIGHT="40" CONTENT="76" WC="0.40" CC="74" STYLEREFS="TXT_1"/>
						<SP ID="P8_SP00772" HPOS="3192" VPOS="4229" WIDTH="30"/>
						<String ID="P8_ST00884" HPOS="3222" VPOS="4191" WIDTH="37" HEIGHT="28" CONTENT="u." WC="0.64" CC="34" STYLEREFS="TXT_1"/>
						<SP ID="P8_SP00773" HPOS="3259" VPOS="4229" WIDTH="32"/>
						<String ID="P8_ST00885" HPOS="3291" VPOS="4177" WIDTH="62" HEIGHT="41" CONTENT="78." WC="0.35" CC="774" STYLEREFS="TXT_1"/>
					</TextLine>
				</TextBlock>
				<ComposedBlock ID="P8_CB00001" HPOS="1811" VPOS="3228" WIDTH="1582" HEIGHT="324" TYPE="Advertisement">
					<TextBlock ID="P8_TB00016" HPOS="1811" VPOS="3228" WIDTH="1582" HEIGHT="324" STYLEREFS="TXT_6 PAR_RIGHT">
						<TextLine ID="P8_TL00107" HPOS="2298" VPOS="3230" WIDTH="592" HEIGHT="59">
							<String ID="P8_ST00886" HPOS="2298" VPOS="3230" WIDTH="592" HEIGHT="59" CONTENT="AiiKiiiicllguiig^eii" WC="0.46" CC="73775706658643708046" STYLEREFS="TXT_7"/>
						</TextLine>
						<TextLine ID="P8_TL00108" HPOS="1866" VPOS="3346" WIDTH="1527" HEIGHT="53">
							<String ID="P8_ST00887" HPOS="1866" VPOS="3346" WIDTH="84" HEIGHT="37" CONTENT="Alle" WC="1.00" CC="0000"/>
							<SP ID="P8_SP00774" HPOS="1950" VPOS="3383" WIDTH="26"/>
							<String ID="P8_ST00888" HPOS="1976" VPOS="3347" WIDTH="43" HEIGHT="36" CONTENT="in" WC="0.63" CC="07"/>
							<SP ID="P8_SP00775" HPOS="2019" VPOS="3383" WIDTH="29"/>
							<String ID="P8_ST00889" HPOS="2048" VPOS="3347" WIDTH="119" HEIGHT="37" CONTENT="dieser" WC="0.98" CC="050255"/>
							<SP ID="P8_SP00776" HPOS="2167" VPOS="3384" WIDTH="27"/>
							<String ID="P8_ST00890" HPOS="2194" VPOS="3347" WIDTH="312" HEIGHT="49" CONTENT="Musik-Zeitung" WC="0.99" CC="6801334056556"/>
							<SP ID="P8_SP00777" HPOS="2506" VPOS="3396" WIDTH="46"/>
							<String ID="P8_ST00891" HPOS="2552" VPOS="3350" WIDTH="271" HEIGHT="49" CONTENT="besprochenen" WC="0.99" CC="703732344007"/>
							<SP ID="P8_SP00778" HPOS="2823" VPOS="3399" WIDTH="38"/>
							<String ID="P8_ST00892" HPOS="2861" VPOS="3350" WIDTH="80" HEIGHT="35" CONTENT="nncl" WC="0.62" CC="8070"/>
							<SP ID="P8_SP00779" HPOS="2941" VPOS="3399" WIDTH="35"/>
							<String ID="P8_ST00893" HPOS="2976" VPOS="3349" WIDTH="298" HEIGHT="50" CONTENT="angekündigten" WC="0.99" CC="4664697046660"/>
							<SP ID="P8_SP00780" HPOS="3274" VPOS="3399" WIDTH="27"/>
							<String ID="P8_ST00894" HPOS="3301" VPOS="3351" WIDTH="92" HEIGHT="36" CONTENT="Mn-" WC="0.28" CC="786"/>
						</TextLine>
						<TextLine ID="P8_TL00109" HPOS="1812" VPOS="3401" WIDTH="1580" HEIGHT="50">
							<String ID="P8_ST00895" HPOS="1812" VPOS="3401" WIDTH="158" HEIGHT="36" CONTENT="sicalien" WC="0.85" CC="04150000"/>
							<SP ID="P8_SP00781" HPOS="1970" VPOS="3437" WIDTH="30"/>
							<String ID="P8_ST00896" HPOS="2000" VPOS="3407" WIDTH="66" HEIGHT="30" CONTENT="etc." WC="0.97" CC="0066"/>
							<SP ID="P8_SP00782" HPOS="2066" VPOS="3437" WIDTH="30"/>
							<String ID="P8_ST00897" HPOS="2096" VPOS="3401" WIDTH="88" HEIGHT="35" CONTENT="sind" WC="0.99" CC="0400"/>
							<SP ID="P8_SP00783" HPOS="2184" VPOS="3437" WIDTH="27"/>
							<String ID="P8_ST00898" HPOS="2211" VPOS="3414" WIDTH="46" HEIGHT="22" CONTENT="zu" WC="0.30" CC="58"/>
							<SP ID="P8_SP00784" HPOS="2257" VPOS="3437" WIDTH="30"/>
							<String ID="P8_ST00899" HPOS="2287" VPOS="3402" WIDTH="165" HEIGHT="35" CONTENT="erhallen" WC="1.00" CC="00071000"/>
							<SP ID="P8_SP00785" HPOS="2452" VPOS="3437" WIDTH="28"/>
							<String ID="P8_ST00900" HPOS="2480" VPOS="3404" WIDTH="41" HEIGHT="34" CONTENT="in" WC="1.00" CC="00"/>
							<SP ID="P8_SP00786" HPOS="2521" VPOS="3438" WIDTH="30"/>
							<String ID="P8_ST00901" HPOS="2551" VPOS="3403" WIDTH="64" HEIGHT="36" CONTENT="der" WC="1.00" CC="000"/>
							<SP ID="P8_SP00787" HPOS="2615" VPOS="3439" WIDTH="28"/>
							<String ID="P8_ST00902" HPOS="2643" VPOS="3411" WIDTH="86" HEIGHT="28" CONTENT="stets" WC="0.98" CC="06050"/>
							<SP ID="P8_SP00788" HPOS="2729" VPOS="3439" WIDTH="26"/>
							<String ID="P8_ST00903" HPOS="2755" VPOS="3404" WIDTH="224" HEIGHT="47" CONTENT="vollständig" WC="0.99" CC="65009430008"/>
							<SP ID="P8_SP00789" HPOS="2979" VPOS="3451" WIDTH="38"/>
							<String ID="P8_ST00904" HPOS="3017" VPOS="3406" WIDTH="223" HEIGHT="36" CONTENT="assortirten" WC="0.66" CC="06000607708"/>
							<SP ID="P8_SP00790" HPOS="3240" VPOS="3451" WIDTH="27"/>
							<String ID="P8_ST00905" HPOS="3267" VPOS="3404" WIDTH="125" HEIGHT="36" CONTENT="Masi-" WC="0.53" CC="57027"/>
						</TextLine>
						<TextLine ID="P8_TL00110" HPOS="1812" VPOS="3455" WIDTH="1581" HEIGHT="47">
							<String ID="P8_ST00906" HPOS="1812" VPOS="3455" WIDTH="356" HEIGHT="47" CONTENT="calien-Handlung" WC="0.57" CC="690047230700769"/>
							<SP ID="P8_SP00791" HPOS="2168" VPOS="3502" WIDTH="38"/>
							<String ID="P8_ST00907" HPOS="2206" VPOS="3455" WIDTH="102" HEIGHT="36" CONTENT="nebst" WC="0.99" CC="00206"/>
							<SP ID="P8_SP00792" HPOS="2308" VPOS="3502" WIDTH="36"/>
							<String ID="P8_ST00908" HPOS="2344" VPOS="3457" WIDTH="235" HEIGHT="36" CONTENT="Leihanstalt" WC="0.99" CC="48000406107"/>
							<SP ID="P8_SP00793" HPOS="2579" VPOS="3502" WIDTH="41"/>
							<String ID="P8_ST00909" HPOS="2620" VPOS="3470" WIDTH="73" HEIGHT="23" CONTENT="von" WC="0.93" CC="890"/>
							<SP ID="P8_SP00794" HPOS="2693" VPOS="3502" WIDTH="43"/>
							<String ID="P8_ST00910" HPOS="2736" VPOS="3457" WIDTH="296" HEIGHT="37" CONTENT="BERNHARD" WC="0.99" CC="70204225"/>
							<SP ID="P8_SP00795" HPOS="3032" VPOS="3502" WIDTH="49"/>
							<String ID="P8_ST00911" HPOS="3081" VPOS="3457" WIDTH="222" HEIGHT="37" CONTENT="BREUER" WC="1.00" CC="102000"/>
							<SP ID="P8_SP00796" HPOS="3303" VPOS="3502" WIDTH="49"/>
							<String ID="P8_ST00912" HPOS="3352" VPOS="3458" WIDTH="41" HEIGHT="35" CONTENT="in" WC="0.54" CC="09"/>
						</TextLine>
						<TextLine ID="P8_TL00111" HPOS="1814" VPOS="3509" WIDTH="608" HEIGHT="37">
							<String ID="P8_ST00913" HPOS="1814" VPOS="3509" WIDTH="40" HEIGHT="35" CONTENT="IC" WC="0.57" CC="08"/>
							<SP ID="P8_SP00797" HPOS="1854" VPOS="3544" WIDTH="7"/>
							<String ID="P8_ST00914" HPOS="1861" VPOS="3509" WIDTH="95" HEIGHT="37" CONTENT="öln," WC="0.90" CC="0003"/>
							<SP ID="P8_SP00798" HPOS="1956" VPOS="3546" WIDTH="30"/>
							<String ID="P8_ST00915" HPOS="1986" VPOS="3509" WIDTH="247" HEIGHT="35" CONTENT="Hochstrasse" WC="1.00" CC="30070400000"/>
							<SP ID="P8_SP00799" HPOS="2233" VPOS="3546" WIDTH="28"/>
							<String ID="P8_ST00916" HPOS="2261" VPOS="3510" WIDTH="66" HEIGHT="35" CONTENT="Ar." WC="0.93" CC="980" STYLEREFS="TXT_8"/>
							<SP ID="P8_SP00800" HPOS="2327" VPOS="3546" WIDTH="31"/>
							<String ID="P8_ST00917" HPOS="2358" VPOS="3509" WIDTH="64" HEIGHT="37" CONTENT="97." WC="0.59" CC="047"/>
						</TextLine>
					</TextBlock>
				</ComposedBlock>
			</PrintSpace>
		</Page>
	</Layout>
</alto>
