3520 4381
1702 159 107 48 412

209 300 80 48 mit
310 299 297 49 Theilnahme
633 297 89 50 und
747 299 309 49 Wohlwollen
1086 296 285 51 behandelte.
1401 296 103 51 Und
1524 314 49 32 so
1596 313 123 33 muss

213 394 45 32 es
287 376 112 50 auch
431 375 255 49 Beethoven
727 375 137 49 selbst
902 374 255 66 angesehen
1198 374 166 56 haben,
1408 383 123 39 sonst
1559 374 160 48 würde

213 470 49 32 er
303 454 119 47 nicht
461 452 93 49 dies
592 469 83 32 von
707 452 246 49 Cherubini
982 451 233 50 erhaltene
1253 452 247 64 Exemplar
1540 450 94 57 „bis
1674 451 45 48 in

210 529 122 49 seine
361 530 158 47 letzten
548 529 286 63 Lebenstage
874 529 42 47 in
954 527 146 49 seiner
1129 527 176 47 kleinen
1336 527 256 49 Bibliothek
1621 527 74 49 auf-

489 605 164 49 haben.
684 605 118 63 (Sch.
832 606 32 46 I.
901 604 118 49 135.
1049 602 153 65 Anm.)

323 682 191 49 Endlich
544 682 77 49 hat
651 697 103 32 man
783 697 45 32 es
851 680 247 49 Cherubini
1129 681 116 48 auch
1270 680 256 49 Beethoven
1550 696 141 48 gegen-

211 758 113 49 über
351 776 100 31 zum
484 758 220 49 Vorwurf
726 757 226 65 gemacht,
994 757 100 48 dass
1132 774 50 31 er
1211 757 165 48 diesem
1419 757 83 47 auf
1524 756 84 48 den
1640 757 53 47 be-

211 836 197 47 kannten
439 836 135 56 Brief,
616 836 42 47 in
701 835 216 47 welchem
958 850 50 32 er
1048 832 92 48 ihm
1183 835 120 47 seine

209 912 198 65 empfahl
437 910 267 66 (Schindler,
733 912 73 55 11.,
835 911 46 47 S.
915 910 124 49 352.
1068 910 239 48 Niederrh.
1333 910 387 64 Musik-Zeitung,

215 987 156 56 1860,
399 990 80 47 Nr.
510 988 106 64 49),
658 987 122 50 nicht
820 993 303 58 geantwortet
1165 986 133 49 habe.
1352 987 250 48 Cherubini
1644 987 79 48 hat

207 1065 111 48 aber
346 1063 136 50 1841
505 1063 236 50 Schindler
764 1063 184 57 erklärt,
976 1062 100 48 dass
1105 1080 50 30 er
1176 1062 152 50 diesen
1350 1063 129 49 Brief
1495 1080 83 47 gar
1599 1062 124 48 nicht

206 1142 202 48 erhalten
446 1141 135 58 habe,
623 1139 92 50 und
757 1139 57 50 da
855 1139 114 50 auch
1001 1157 83 31 von
1115 1139 238 50 Schindler
1389 1139 71 49 die
1490 1139 231 50 wirkliche

207 1217 282 66 Absendung
512 1217 234 49 desselben
768 1217 121 48 nicht
911 1217 211 65 bestätigt
1146 1217 130 57 wird,
1305 1216 80 49 das
1409 1217 201 65 Concept
1637 1233 83 31 von

211 1294 292 50 Beethoven's
531 1293 137 50 Hand
709 1292 113 51 aber
861 1292 262 49 vorhanden
1165 1293 69 56 ist,
1282 1310 49 31 so
1375 1292 113 49 wird
1532 1308 46 32 es
1617 1292 107 48 sehr

211 1372 386 56 wahrscheinlich,
635 1371 101 48 dass
775 1371 259 48 Beethoven
1076 1369 86 50 den
1204 1371 129 48 Brief
1359 1369 139 50 selbst
1533 1371 190 48 niemals

209 1448 288 65 abgeschickt
526 1448 90 48 hat.

323 1524 155 50 Wenn
508 1524 84 49 wir
619 1523 80 50 das
727 1523 197 65 Gesagte
953 1523 135 65 ruhig
1115 1527 233 61 erwägen,
1376 1522 93 49 und
1494 1539 81 32 uns
1598 1522 121 49 dann

206 1602 229 57 erinnern,
472 1600 100 50 dass
601 1599 248 51 Cherubini
886 1604 151 61 später
1079 1600 62 49 als
1169 1600 213 49 Director
1418 1599 76 50 des
1526 1600 167 49 Conser-

207 1678 190 49 vatoires
433 1678 72 49 die
543 1679 362 64 Aufführungen
934 1678 82 48 der
1051 1678 258 48 Sinfonieen
1336 1678 301 47 Beethoven's
1677 1677 43 48 in

206 1755 84 49 den
322 1754 623 51 Conservatoire-Concerten
975 1753 203 65 gebilligt
1215 1753 90 48 und
1336 1753 262 65 begünstigt
1626 1754 94 56 hat,

207 1849 50 32 so
287 1832 111 49 wird
428 1849 46 32 es
502 1849 84 32 uns
613 1833 191 57 schwer,
832 1833 76 47 ihn
939 1833 76 46 für
1043 1832 130 48 einen
1204 1830 248 50 Verächter
1481 1832 80 47 der
1590 1832 105 48 Beet-

210 1909 298 50 hoveirschen
535 1909 147 50 Musik
712 1927 52 30 zu
793 1909 169 56 halten,
992 1909 87 48 wie
1107 1926 105 33 man
1242 1924 46 33 es
1316 1908 142 49 leider
1480 1924 84 32 von
1587 1908 49 49 C.
1659 1909 61 48 M.

209 2003 84 32 von
324 1985 179 50 Weber
531 1987 256 48 annehmen
816 2002 136 32 muss.

317 2063 87 48 Die
432 2063 127 66 Oper
887 2063 138 48 nahm
1057 2061 250 50 Cherubini
1336 2070 119 41 etwa
1488 2061 71 50 20
1579 2063 144 48 Jahre

206 2139 116 49 nach
351 2140 123 48 ihrer
494 2140 315 64 Erscheinung
839 2140 115 48 noch
986 2140 163 48 einmal
1174 2140 170 48 wieder
1372 2157 103 39 vor;
1504 2140 80 48 der
1615 2139 78 49 dra-

210 2215 213 50 matische
472 2216 188 49 Dichter
707 2216 210 50 Guilbert
957 2216 56 49 de
1047 2216 296 49 Pixerecourt
1391 2216 180 65 begann
1621 2216 99 49 eine

210 2293 339 66 Uebersetzung
572 2293 91 49 und
686 2294 308 65 Bearbeitung
1016 2293 78 49 des
1110 2295 167 47 Textes
1301 2295 75 46 für
1397 2293 73 49 die
1491 2294 232 48 komische

210 2370 130 65 Oper
367 2371 42 49 in
433 2371 140 49 Paris.
600 2371 147 49 Allein
778 2371 155 49 mitten
963 2373 42 47 in
1035 2370 80 50 der
1137 2371 163 49 Arbeit
1328 2371 171 50 besann
1527 2371 93 49 sich
1644 2371 81 50 der

209 2448 263 64 Componist
498 2448 181 58 anders,
709 2455 260 57 untersagte
999 2448 71 48 die
1099 2449 183 49 weitere
1303 2450 300 65 Fortsetzung
1632 2448 91 49 und

207 2524 91 62 gab
327 2524 85 48 den
442 2540 171 50 ganzen
643 2524 111 49 Plan
784 2525 89 48 auf.

755 2775 181 58 Holle’s
978 2777 190 71 Verlag.

321 2914 135 48 Holle
495 2914 77 48 hat
614 2913 248 48 wiederum
904 2930 80 31 zur
1016 2911 465 51 Weihnachtsfreude
1521 2913 73 49 ein
1635 2915 56 47 Er-

208 2989 267 49 kleckliches
515 3007 57 31 an
602 2990 241 63 Beiträgen
885 2990 218 65 geliefert.
1157 2991 94 47 Zur
1277 2990 201 65 Anzeige
1507 2989 213 49 kommen

207 3069 80 45 wir
330 3084 91 32 nun
465 3067 166 49 freilich
660 3069 112 65 post
796 3067 180 63 festum
1093 3085 51 29 zu
1176 3073 120 59 spät:
1326 3084 132 32 wenn
1488 3067 123 49 nicht
1639 3067 81 50 der

209 3144 203 47 Hasllose
442 3145 143 62 längst
611 3145 121 47 seine
754 3144 260 48 Sendboten
1046 3145 222 47 entlassen
1293 3145 119 48 hätte
1442 3145 42 47 in
1514 3144 181 66 europäi-

204 3221 136 47 schen
372 3221 90 47 und
500 3221 343 48 überseeischen
872 3221 391 50 Rundschreiben.
1313 3222 62 49 Es
1404 3239 107 48 mag
1539 3222 70 49 ein
1639 3222 54 49 be-

204 3296 259 50 denkliches
492 3297 111 49 oder
632 3297 314 49 bedeutsames
974 3297 194 50 Zeichen
1196 3299 81 48 der
1304 3299 99 48 Zeit
1436 3299 113 57 sein,
1588 3315 131 33 wenn

207 3375 40 47 in
278 3375 145 47 dieser
451 3375 191 47 theuren
670 3375 115 56 Zeit,
821 3390 70 32 wo
936 3375 217 48 mancher
1182 3377 258 47 Hausvater
1468 3376 80 48 mit
1574 3376 146 65 Sorge

208 3452 79 49 auf
310 3451 163 50 Leibes
501 3452 226 64 Nahrung
768 3451 89 48 und
899 3452 249 49 Nothdurft
1183 3454 135 57 sinnt,
1357 3454 262 64 urplötzlich
1649 3454 71 49 die

211 3527 245 50 deutschen
512 3528 496 64 Geistes-Erzeugnisse
1063 3546 48 31 so
1159 3530 197 48 wohlfeil
1406 3530 202 56 werden,
1656 3531 64 48 als

205 3606 127 48 sollte
355 3622 49 32 er
425 3606 201 48 darüber
646 3605 80 49 das
749 3606 163 47 theure
936 3606 119 48 Brod
1080 3622 237 49 vergessen
1347 3607 90 48 und
1461 3607 72 48 die
1557 3606 162 51 bittere

208 3683 145 64 Angst
387 3682 80 48 der
499 3682 390 65 Wohnungsnoth
932 3699 72 31 am
1035 3683 174 49 Ciavier
1242 3683 317 68 verklimpern.
1614 3686 104 47 Nun

207 3760 174 49 kommt
407 3761 115 48 noch
553 3761 149 57 hinzu,
730 3761 118 57 dass,
885 3760 143 48 durch
1059 3762 169 47 Holle's
1258 3762 189 65 Beispiel
1477 3771 237 57 angeregt,

204 3836 93 48 sich
327 3837 223 50 wohlfeile
580 3838 342 49 Concurrenten
951 3837 43 48 in
1025 3837 149 50 Nord-
1204 3838 90 49 und
1323 3838 395 51 Süddeutschland

204 3915 407 63 entgegenstellen;
656 3915 115 48 doch
815 3915 105 48 hört
957 3931 107 32 man
1105 3915 138 55 nicht,
1286 3915 101 49 dass
1425 3917 85 48 wie
1552 3917 44 48 in
1632 3916 85 49 den

207 3991 191 48 weiland
426 3991 362 66 dampffahrigen
818 3992 254 48 Societäten
1110 3991 66 49 bis
1206 3991 109 66 jetzt
1342 3993 139 49 Einer
1507 3993 89 50 den
1623 3995 63 49 An-

207 4066 137 50 deren
374 4067 97 49 todt
499 4068 206 66 gelaufen
738 4068 134 50 hätte.
918 4068 300 66 Gleichläufig
1246 4069 198 60 hiermit,
1470 4071 148 66 gehen
1647 4071 72 51 die

1787 295 209 71 [berliner
2026 296 387 50 Volks-Concerte
2455 311 84 36 von
2582 296 162 66 Liebig
2788 296 90 48 und
2921 297 72 50 die
3037 299 157 49 kölner
3247 299 69 49 bei

1791 372 212 66 Dickopf,
2045 372 71 49 die
2158 375 78 46 für
2279 374 29 48 5
2350 372 373 65 Silbergroschen
2765 383 108 55 gute
2923 376 236 48 classische
3197 377 90 47 Ton-

1791 450 159 48 stücke
1992 449 142 48 hören
2175 450 158 54 lassen,
2384 450 42 47 in
2469 449 204 49 besserer
2700 450 272 57 Execution,
3015 452 64 47 als
3120 452 191 49 manche

1796 526 508 56 Virtuosen-Concerte,
2344 525 72 48 die
2455 543 82 30 aus
2581 527 285 64 königlichen
2901 526 112 48 oder
3042 529 244 48 Staats-Do-

1794 604 179 48 mainen
2011 604 222 62 gefüttert
2271 602 197 48 werden.
2526 604 120 48 Wer
2673 604 156 48 deutet
2858 605 84 47 mir
2971 605 121 48 diese
3120 606 196 48 Zeichen

1794 680 80 48 der
1893 680 129 48 Zeit?
2053 680 96 48 Wo
2166 678 185 65 jenseits
2373 678 80 49 der
2477 680 152 48 Meere
2653 680 80 48 der
2755 681 192 48 Yankee
2970 681 101 48 dem
3097 682 222 56 Pflanzer,

1794 756 82 48 der
1905 772 75 31 um
2011 755 120 48 Brod
2161 756 181 55 schreit,
2380 756 342 63 entgegenruft:
2763 758 181 54 „Fresst

1801 847 144 35 —wo
1968 833 42 47 in
2036 832 201 65 Europia
2264 833 247 64 Wagner's
2534 833 290 65 Nibelungen
2845 851 52 31 zu
2918 833 68 50 36
3007 835 124 48 Thlr.
3156 836 163 63 einige,

1797 910 295 48 Beethoven's
2134 908 155 66 Opera,
2322 907 155 51 omnia
2516 927 52 30 zu
2608 908 68 51 39
2708 911 126 47 Thlr.
2874 911 111 48 viele
3015 911 173 48 Käufer
3231 912 64 47 fin-

1799 985 138 66 den*)
1950 1004 82 30 —:
2062 986 53 48 ist
2143 986 80 48 das
2251 985 72 49 die
2349 986 100 48 Zeit
2476 986 77 49 des
2581 988 384 47 Materialismus?
2993 988 61 47 Ist
3081 990 136 47 Holle
3247 990 71 47 ein

1795 1062 281 56 Materialist,
2104 1062 81 48 der
2208 1063 80 47 mit
2314 1062 262 50 ziemlichen
2600 1065 175 63 Opfern
2801 1065 89 48 und
2915 1065 156 48 vielem
3098 1066 221 48 Geschick

1795 1138 71 50 die
1897 1138 309 65 Verbreitung
2247 1138 80 48 der
2358 1138 224 50 Classiker
2615 1139 192 59 fördert,
2849 1139 140 50 dafür
3017 1141 302 64 angegriffen,

1795 1216 221 64 verklagt,
2057 1216 63 48 als
2148 1214 330 50 Nachdrucker
2512 1216 267 48 verurtheilt
2820 1217 113 48 wird
2976 1217 93 48 und
3109 1217 207 49 dennoch

1797 1291 274 50 unermüdet
2114 1292 142 48 bleibt
2297 1292 91 48 und
2432 1293 86 47 alle
2544 1293 141 48 Jahre
2731 1310 118 31 neue
2878 1296 440 63 Unternehmungen

1796 1369 231 57 ausführt,
2057 1369 101 49 dass
2186 1369 102 49 dem
2317 1369 174 50 soliden
2502 1371 280 48 —Philister
2808 1371 73 48 die
2906 1372 158 48 Haare
3092 1390 54 30 zu
3170 1374 149 64 Berge

1796 1447 173 65 steigen
1984 1447 23 47 ?

1911 1522 86 49 Die
2032 1522 146 49 Sache
2219 1522 119 49 kann
2379 1522 255 49 scherzhaft
2678 1541 274 47 genommen
2994 1523 203 58 werden,
3241 1524 78 50 hat

1795 1599 113 51 aber
1927 1600 99 49 eine
2046 1607 150 42 ernste
2218 1600 137 58 Seite,
2384 1599 81 50 der
2495 1600 82 49 wir
2606 1600 124 49 nicht
2758 1618 81 32 aus
2867 1600 101 50 dem
2995 1600 154 65 Wege
3170 1603 148 63 gehen

1796 1678 178 48 wollen.
2029 1678 62 48 Ist
2118 1693 45 32 es
2192 1677 148 57 wahr,
2378 1677 101 48 dass
2521 1678 153 48 solche
2704 1678 440 65 Unternehmungen
3177 1696 113 48 unge-

1796 1754 127 48 recht
1950 1753 292 49 erworbenes
2271 1754 93 47 Gut
2391 1753 115 58 sind,
2542 1771 48 31 so
2622 1754 189 48 würden
2843 1755 82 49 wir
2952 1762 114 42 trotz
3094 1754 78 50 des
3202 1757 88 48 Vor-

1795 1830 147 56 theils,
1973 1830 86 50 den
2088 1832 84 47 wir
2200 1832 253 63 geniessen,
2497 1848 135 32 unser
2662 1832 233 48 Gewissen
2927 1832 255 49 beschwert
3211 1833 81 48 füh-

1795 1908 86 49 len.
1924 1908 174 49 Gewiss
2128 1908 53 48 ist
2210 1908 128 57 aber,
2368 1908 100 48 dass
2499 1908 121 49 Seb.
2648 1908 193 49 Bach's
2872 1909 179 48 Werke
3079 1910 146 64 längst
3254 1910 64 49 als

1796 1985 275 66 Gemeingut
2098 1987 214 63 gegolten
2355 1985 93 49 und
2487 1987 107 47 sehr
2631 1987 232 48 namhafte
2893 1987 220 64 Verleger
3153 1987 166 49 bereits

1792 2063 84 48 seit
1905 2061 226 51 30—50
2159 2063 173 48 Jahren
2370 2064 254 64 ungestraft
2665 2064 98 48 eine
2791 2063 199 66 Auflage
3027 2064 84 48 auf
3136 2064 72 48 die
3238 2082 52 32 an-

1794 2138 109 50 dere
1932 2140 227 65 gepfropft
2190 2139 176 56 haben;
2413 2140 218 48 Mozart
2674 2139 91 49 und
2802 2139 225 66 Haydn,
3069 2140 72 48 bei
3172 2140 147 48 denen

1795 2215 155 50 weder
2003 2216 267 65 Privilegien
2326 2215 117 50 noch
2491 2215 395 67 Erb-Ansprüche
2934 2216 384 66 widersprechen,

1791 2293 99 49 sind
1919 2294 200 65 gleicher
2147 2294 161 49 Weise
2349 2310 85 32 von
2464 2293 136 49 Hand
2645 2312 52 30 zu
2728 2293 136 49 Hand
2905 2310 256 49 gegangen.
3219 2295 100 48 Von

1796 2371 87 49 den
1912 2371 212 65 übrigen,
2152 2389 34 31 z.
2218 2373 48 47 B.
2295 2371 259 49 Beethoven
2587 2370 92 50 und
2712 2370 194 58 Weber,
2942 2371 259 66 schweigen
3233 2373 82 47 wir

1787 2448 126 64 jetzt,
1944 2448 57 49 da
2030 2465 82 32 uns
2140 2448 71 48 die
2242 2448 215 64 Verlags-
2487 2448 90 48 und
2608 2449 559 63 Vertrags-Verhältnisse
3196 2450 123 47 nicht

1795 2542 150 48 genau
1975 2524 202 49 bekannt
2210 2522 98 50 sind
2351 2524 93 49 und
2479 2524 103 49 dem
2614 2525 292 48 Vernehmen
2935 2525 116 48 nach
3083 2525 105 48 bald
3219 2526 99 49 eine

1794 2601 312 50 ausführliche
2135 2602 270 64 Darlegung
2445 2601 83 50 der
2565 2601 431 66 vielbesprochenen
3024 2602 263 67 Angelegen-

1794 2680 92 48 heit
1912 2698 53 30 zu
1994 2686 228 42 erwarten
2252 2680 67 48 ist.

1911 2756 157 50 Gehen
2091 2756 84 48 wir
2196 2756 144 48 lieber
2361 2755 82 49 auf
2460 2754 87 49 den
2576 2755 150 49 Inhalt
2754 2755 86 51 ein.
2871 2757 86 47 Die
2985 2756 306 65 letztgedruck-

1792 2840 74 42 ten
1891 2835 135 47 Hefte
2049 2834 256 48 enthalten:
2335 2835 84 47 Fr.
2446 2832 327 49 Schubert's
2801 2834 181 57 Lieder,
3013 2834 128 49 Band
3168 2834 29 48 5
3226 2834 90 48 und

1795 2910 47 49 6.
1874 2911 95 48 Der
1998 2911 147 48 fünfte
2173 2910 154 65 bringt
2355 2910 215 49 manches
2599 2911 148 64 wenig
2778 2911 251 57 Bekannte,
3057 2911 149 48 Vieles
3235 2928 81 31 aus

1794 2987 101 50 dem
1924 2989 237 57 Nachlass,
2204 2989 80 48 der
2323 2989 174 48 sechste
2537 2989 402 64 Transpositionen
2982 2990 78 47 für
3087 2989 80 48 Alt
3207 2989 112 48 oder

1796 3066 126 56 Bass,
1947 3065 116 48 doch
2093 3065 116 48 auch
2239 3065 154 48 sieben
2417 3063 183 58 Lieder,
2628 3065 282 63 originaliter
2935 3066 77 47 für
3033 3065 123 48 diese
3181 3066 108 48 Stim-

1794 3157 101 33 men
1938 3150 182 57 gesetzt.
2175 3144 176 46 Ferner
2393 3141 94 48 drei
2532 3142 135 47 Hefte
2706 3142 348 57 Beethoven,
3095 3142 221 48 nämlich:

1794 3220 125 48 Band
1952 3221 56 48 9:
2049 3220 166 48 Lieder
2246 3221 76 46 für
2350 3220 99 48 eine
2479 3220 192 47 Stimme
2700 3220 79 47 mit
2810 3220 198 56 Ciavier;
3061 3220 127 48 Band
3226 3220 89 48 10:

1791 3296 70 49 ein
1886 3297 267 48 Oratorium
2178 3297 93 48 und
2292 3297 109 48 zwei
2425 3297 176 47 Messen
2632 3297 60 47 im
2718 3297 440 65 Clavier-Auszuge;
3187 3297 129 48 Band

1797 3373 93 49 14:
1919 3375 72 48 die
2027 3375 60 48 17
2124 3375 462 63 Geigen-Quartette,
2623 3375 204 48 Partitur
2857 3373 30 50 3
2920 3375 144 57 Thlr.,
3093 3375 222 48 Stimmen

1794 3446 101 65 5%
1921 3452 110 48 Thr.
2060 3452 71 47 An
2162 3451 86 48 den
2278 3452 213 47 letzteren
2520 3451 55 47 ist
2601 3469 54 30 zu
2685 3450 154 58 loben,
2868 3450 103 49 dass
2999 3451 148 66 einige
3177 3451 112 48 wich-

1790 3528 90 65 tige
1903 3528 306 50 Druckfehler
2229 3528 212 64 corrigirt
2462 3527 115 57 sind,
2606 3527 73 48 die
2707 3528 43 49 in
2773 3527 81 50 der
2874 3535 126 42 sonst
3019 3528 107 49 sehr
3147 3528 147 49 schätz-

1791 3605 141 50 baren
1956 3606 316 49 mannheimer
2295 3605 446 64 Partitur-Ausgabe
2769 3605 158 49 stehen
2957 3605 241 64 geblieben
3222 3621 63 33 wa-

1790 3698 98 44 ren,
1928 3682 220 50 nämlich:
2194 3681 81 49 Bd.
2311 3682 85 56 14,
2434 3682 109 47 Heft
2579 3682 44 57 1,
2652 3683 46 47 S.
2736 3682 84 57 18,
2848 3683 49 47 Z.
2929 3682 52 57 4,
3010 3682 113 48 Tact
3154 3681 49 58 8,
3243 3698 73 32 wo

1789 3759 72 50 die
1891 3759 130 49 Viola
2051 3759 162 65 richtig
2295 3759 424 66 ghat,
2419 3758 123 50 nicht
2626 3759 182 49 —Heft
2839 3758 51 61 2,
2919 3759 47 49 S.
3003 3758 85 59 12,
3113 3761 51 47 Z.
3189 3757 51 60 3,
3263 3759 53 49 T.

1851 3911 38 49 *)
1919 3913 134 35 Bisher
2092 3911 84 35 sind
2213 3910 120 36 durch
2361 3911 113 37 Holle
2514 3910 264 48 ausgegeben:
2821 3910 277 37 Beethoven
3100 3911 9 15 1
3123 3923 18 24 »
3178 3911 139 36 Werke

1917 3973 61 34 für
2003 3971 63 46 39,
2098 3971 228 36 Mozart's
2355 3973 62 36 für
2447 3971 60 47 15,
2552 3970 291 37 Schubert's
2871 3973 63 34 für
2961 3970 50 38 14
3033 3972 119 44 Thlr.,
3191 3973 105 45 insge-

1921 4038 138 29 sammt
2099 4044 47 24 an
2189 4032 231 44 Classikern,
2462 4032 113 37 nebst
2614 4032 147 46 einigen
2785 4036 138 40 poetat
2952 4031 166 38 minores
3120 4059 8 21 ,
3172 4033 61 35 für
3269 4029 47 39 99

1922 4092 119 44 Thlr.,
2069 4104 80 24 was
2177 4096 106 33 sonst
2309 4092 75 38 300
2390 4113 45 5 —
2543 4091 107 39 Thlr.
2677 4090 162 37 kostete.
