2903 4084
292 175 99 71 62

1368 170 61 67 S.
1501 170 53 66 I.
1622 167 107 69 M.

284 333 47 36 et
368 319 204 60 durable,
612 320 167 61 (assure
818 319 246 47 l'éminent
1108 314 356 63 musicologue),
1503 313 169 62 qu'elle
1714 329 179 29 exerce.
1935 311 73 47 Ce
2047 313 137 45 docte
2222 324 48 34 et
2306 310 306 66 synthétique
2649 324 172 46 aperçu

283 390 273 47 commenté
594 407 78 43 par
705 389 242 47 l'audition
975 389 55 44 de
1058 388 255 62 fragments
1338 385 78 45 des
2655 381 166 49 Maître
2537 380 48 64 (3
2590 381 17 21 e
2632 390 103 36 acte
2764 379 56 45 de

283 460 225 62 Parsifal),
536 460 256 46 Schmerzen
797 497 12 23 ,
837 460 167 47 extrait
1039 457 77 46 des
1155 469 25 48 5
1211 454 187 63 poèmes
1425 477 11 35 ;
1469 452 81 47 Les
1574 455 112 44 deux
1714 452 272 47 Grenadiers
1988 489 14 24 ,
2029 452 193 47 chantés
2259 451 142 48 d'une
2438 454 108 44 voix
2584 451 236 61 puissante

284 544 47 34 et
359 549 93 29 non
478 548 103 30 sans
607 530 208 47 émotion
845 548 78 43 par
951 530 76 46 M.
1056 529 178 58 Simon,
1262 526 257 61 professeur
1544 543 60 28 au
1632 525 358 47 Conservatoire
2016 524 58 45 de
2100 524 358 63 Luxembourg.

513 602 81 45 Au
1014 602 183 45 Concert
1430 600 139 61 Bach,
1009 601 176 44 bonnes
1210 596 273 47 exécutions
1512 596 64 46 du
2276 596 55 44 de
2359 595 42 45 la
2429 595 207 47 Cantate

325 671 98 47 dein
600 670 272 63 Hungrigen
1230 671 98 46 dein
1503 671 130 58 Brot,
1036 670 56 44 de
1133 667 41 46 la
2208 666 120 47 Suite
2519 664 192 63 anglaise
1983 675 125 35 etc...
2147 682 113 29 avec
2289 664 41 47 la
2357 664 338 47 collaboration
2738 663 80 46 des

279 743 213 59 pianistes
538 741 75 47 M.
660 741 271 59 Dumesnil,
971 739 59 46 M
1036 741 50 20 me
1122 737 58 47 E.
1221 736 197 63 Ewings
1445 736 108 57 ;de
1592 736 60 45 M
1657 732 41 25 lle
1734 734 103 47 Eva
1875 733 280 61 Lessmann,
2192 752 214 45 soprano,
2448 736 95 47 M"'
2549 738 15 19 e
2603 734 210 60 Fischer,

277 811 261 64 Maretsky,
565 812 110 60 alto,
706 811 76 48 M.
811 811 268 62 Nicratsky,
1108 809 141 59 basse,
1276 823 105 31 sous
1407 805 223 61 l'experte
1658 807 228 45 direction
1916 804 55 46 de
2001 804 75 47 M.
2108 805 232 47 Zimmer.

416 882 70 47 Le
529 897 27 48 3
561 884 17 21 e
1002 894 160 35 concert
1399 880 211 63 classique,
1055 896 79 44 par
1174 878 78 47 M.
1285 879 164 45 Victor
1492 878 180 60 Buesst,
1700 877 42 45 le
1778 878 142 62 jeune
1963 877 196 59 pianiste
2196 878 77 61 qui
2309 878 166 60 s'était,
2504 877 92 45 l'an
2626 877 187 45 dernier

274 950 116 65 déjà,
418 953 173 61 signalé
618 953 26 46 à
669 953 280 46 l'attention.
981 951 282 61 Regrettons
1289 966 64 28 un
1382 964 294 47 programme
1712 960 103 47 trop
1910 948 202 45 virtuose
2210 946 78 49 M.
2317 948 166 46 Buesst
2518 948 189 61 possède
2744 965 67 28 un

270 1023 234 46 excellent
532 1023 280 46 mécanisme
840 1044 12 35 ;
893 1021 29 45 il
952 1022 85 44 sait
1076 1021 108 44 tirer
1223 1020 55 45 de
1308 1018 320 47 l'instrument
1656 1030 103 34 tous
1785 1017 64 46 les
1874 1016 133 47 effets
2033 1017 258 49 désirables.
2321 1018 92 48 Son
2441 1018 162 47 succès
2629 1019 73 46 fut
2728 1018 80 47 vif.

415 1092 68 47 La
525 1093 115 46 Salle
684 1092 214 46 Nouvelle
939 1091 152 46 séduit
1136 1091 195 45 nombre
1371 1089 227 46 d'artistes
1625 1111 12 35 ;
1677 1087 225 61 plusieurs
1990 1090 136 58 petits
2152 1101 213 35 concerts
2445 1102 46 33 et
2519 1089 183 46 récitals
2738 1087 70 65 s'y

267 1164 220 47 abritent.
517 1163 154 47 Parmi
699 1162 62 46 les
787 1162 217 59 derniers,
1033 1161 43 45 la
1100 1160 164 46 séance
1293 1160 55 45 de
1375 1160 144 46 début
1547 1160 77 45 des
1653 1160 200 44 Concerts
1879 1158 198 46 Anciens.

463 1233 80 46 Les
571 1234 197 45 Concerts
793 1230 184 47 Anciens
979 1268 12 22 ,
1020 1231 215 61 explique
1271 1248 91 27 une
1402 1232 155 43 notice
1591 1229 220 64 joliment
1850 1229 221 60 illustrée,
2215 1247 106 29 sous
2361 1230 40 46 la
2439 1230 271 61 présidence
2750 1231 56 45 de

268 1302 144 47 MM.
442 1303 113 47 Paul
585 1301 167 49 Gilson
780 1314 46 33 et
853 1302 92 46 Ch.
978 1303 102 43 Van
1112 1302 88 45 den
1230 1301 195 60 Borren,
1453 1317 105 29 sous
1584 1301 42 45 la
1653 1301 228 44 direction
1910 1301 54 44 de
1995 1299 76 46 M.
2115 1300 144 46 Louis
2298 1301 200 61 Baroen,
2526 1314 47 33 et
2611 1319 112 28 avec
2763 1301 44 46 la

266 1372 331 47 collaboration
627 1374 55 44 de
708 1372 77 46 M.
816 1371 191 49 Gabriel
1038 1371 176 60 Minet,
1246 1371 533 61 pianiste-claveciniste,
1809 1370 59 46 M
1874 1373 50 19 IIIC
1952 1370 219 60 Florival,
2199 1373 211 58 pianiste,
2441 1372 111 46 d'un
2601 1383 204 51 quatuor

266 1443 130 46 vocal
418 1442 217 61 composé
656 1443 75 46 de:
756 1441 60 46 M
821 1445 68 19 nies
910 1442 57 47 C.
990 1442 216 46 Cornelis
1226 1454 46 33 et
1294 1443 61 44 A.
1381 1442 136 46 Maas
1537 1441 97 57 ;L.
1660 1441 193 63 Fonsny
1880 1453 46 33 et
1951 1440 55 47 L.
2032 1440 245 64 Moyaerts
2295 1463 12 37 ;
2330 1441 143 48 MM.
2498 1443 60 46 R.
2582 1444 222 45 Thibaut

263 1524 47 34 et
332 1513 63 46 H.
420 1513 362 63 Vanderseypen
811 1512 97 58 ;A.
932 1512 201 47 Florival
1152 1525 45 32 et
1225 1513 60 44 A.
1316 1512 138 47 Maas
1479 1529 130 29 —se
1635 1523 107 34 sont
1769 1511 256 46 constitués
2050 1510 92 47 afin
2173 1513 54 44 de
2255 1513 180 46 donner
2462 1514 77 45 des
2565 1515 238 45 auditions

263 1583 56 45 de
360 1585 213 59 musique
616 1585 246 57 ancienne,
908 1582 158 47 vocale
1112 1595 46 33 et
1202 1583 374 58 instrumentale,
1617 1599 103 29 sans
1757 1583 236 59 toutefois,
2035 1582 189 46 exclure
2270 1583 298 47 absolument
2596 1585 55 45 de
2679 1585 123 46 leurs

261 1670 333 45 programmes,
635 1653 64 46 les
741 1670 182 29 œuvres
960 1654 247 45 modernes
1244 1670 90 44 que
1364 1653 64 45 les
1454 1654 343 45 circonstances
1823 1653 65 46 les
1912 1653 324 46 amèneraient
2262 1654 24 45 à
2313 1655 157 45 devoir
2498 1655 302 61 interprêter;

260 1723 164 46 faisant
471 1725 174 44 revivre
691 1724 63 45 les
799 1722 268 61 Palestrina,
1104 1723 63 46 les
1213 1724 219 59 Vittoria,
1479 1723 64 46 les
1587 1724 217 45 Antonio
1851 1723 147 60 Lotti,
2028 1723 63 46 les
2142 1724 144 60 Lulli,
2326 1724 64 47 les
2432 1724 260 63 Couperin,
2735 1725 64 48 les

261 1792 230 61 Rameau,
518 1794 65 45 les
609 1794 186 45 Roland
825 1794 54 45 de
908 1794 183 59 Lassus,
1120 1794 62 45 les
1210 1793 227 48 Clement
1462 1794 288 61 Jannequin,
1779 1794 64 46 les
1870 1794 463 63 Claude-Le-Jeune
2369 1808 46 33 et
2455 1809 101 32 tant
2595 1797 204 47 d'autres

258 1863 339 61 représentants
623 1864 77 46 des
727 1862 265 48 différentes
1018 1863 151 47 écoles
1195 1863 237 61 italienne,
1461 1865 240 59 française,
1731 1865 247 60 flamande,
2007 1877 89 34 etc.

398 1933 61 47 Ils
496 1934 212 60 espèrent
746 1935 209 60 pouvoir,
984 1934 135 63 grâce
1150 1934 25 46 à
1202 1933 190 47 l'attrait
1417 1934 168 60 spécial
1614 1935 55 45 de
1697 1935 100 45 leur
1824 1953 312 44 programme,
2167 1936 242 47 intéresser
2436 1937 41 46 le
2505 1937 157 61 public
2690 1938 25 46 à
2742 1957 53 28 ce

258 2003 82 46 but
384 2003 292 46 éminement
720 2006 238 59 artistique
996 2016 45 34 et
1079 2006 285 57 contribuer,
1403 2006 132 59 ainsi,
1578 2004 24 46 à
1641 2022 178 29 assurer
1858 2006 25 46 à
1922 2007 42 44 la
2002 2008 214 60 musique
2255 2009 231 44 ancienne
2527 2008 41 45 la
2607 2009 130 60 place
2768 2009 26 47 à

255 2072 197 63 laquelle
479 2074 86 45 elle
592 2093 25 26 a
643 2075 135 46 droit.

396 2143 140 47 Cette
574 2145 99 59 fois,
701 2162 53 28 ce
791 2156 105 34 sont
934 2146 78 45 des
1048 2144 199 47 chansons
1282 2145 238 61 françaises
1559 2146 61 46 du
1660 2146 121 46 XVI
1785 2150 15 19 e
1837 2147 153 59 siècle,
2031 2148 55 45 de
2126 2148 288 61 Jannequin,
2444 2148 237 65 Costeley,
2712 2149 80 48 De

254 2211 181 63 Lassus,
463 2214 41 46 la
532 2214 162 46 Sonata
720 2216 58 44 da
808 2216 193 45 Caméra
1029 2216 56 45 de
1113 2215 246 60 Locatelli,
1389 2216 122 45 deux
1540 2217 297 60 pastourelles
1863 2218 63 45 du
1961 2217 56 47 18
2023 2222 16 19 e
2065 2218 152 60 siècle,
2248 2220 77 45 des
2351 2221 166 44 chants
2545 2220 244 62 religieux,

252 2282 56 46 de
336 2282 268 61 Palestrina,
634 2284 146 61 Lotti,
811 2285 208 60 Mozart,
1049 2286 194 46 diverses
1282 2303 137 45 pages
1458 2287 54 45 de
1553 2286 161 64 Lully,
1740 2289 45 61 J.
1815 2288 44 47 S.
1889 2288 146 60 Bach,
2065 2288 260 63 Pergolèse,
2356 2289 258 62 Couperin,
2643 2304 145 36 etc....

249 2351 146 62 enfin,
440 2355 78 45 des
560 2356 230 45 chansons
828 2356 268 60 flamandes,
1124 2356 299 60 empruntées
1466 2374 59 28 au
1568 2358 172 45 recueil
1787 2359 55 45 de
1888 2359 54 47 F.
1990 2360 109 45 Van
2140 2359 175 60 Duize,
2356 2361 77 45 des
2479 2373 54 46 15
2541 2368 16 19 e
2560 2399 11 22 ,
2620 2361 57 47 16
2683 2364 16 20 e
2702 2400 12 22 ,
2744 2376 47 33 et

257 2436 56 50 17
320 2425 16 21 e
362 2423 170 48 siècles.
563 2425 69 47 Le
659 2437 120 48 tout,
808 2426 141 46 d'une
978 2427 353 60 interprétation
1360 2427 195 46 délicate
1583 2440 46 34 et
1655 2429 189 60 choisie,
1873 2429 142 47 d'une
2044 2432 113 44 mise
2183 2449 58 27 au
2269 2431 131 60 point
2427 2432 208 59 parfaite.

391 2493 86 48 On
505 2512 116 29 nous
645 2513 232 43 annonce,
906 2495 106 47 d'ici
1041 2495 63 47 fin
1134 2498 56 45 de
1217 2497 247 46 décembre
1484 2514 9 30 :

390 2564 79 45 Au
503 2576 75 48 15,
613 2581 17 29 lel1
640 2568 28 19 e1
698 2578 191 33 concert
917 2566 76 47 des
1022 2568 308 61 Compositeurs
1355 2568 130 61 belges
1488 2606 12 22 ,
1527 2568 107 47 salle
1663 2570 54 45 de
1746 2569 42 46 la
1815 2569 194 49 Grande
2039 2572 277 46 Harmonie.
2340 2575 81 42 Au
2449 2590 299 45 programme
2775 2593 9 30 :

247 2630 201 63 Dubois,
477 2634 250 61 Frémolle,
757 2636 209 61 Léopold
994 2637 202 60 Samuel,
1226 2637 202 61 Dupuis,
1456 2639 157 61 Jadin,
1643 2639 309 64 Duysburgh.
1983 2642 81 45 Au
2098 2653 55 47 15
2185 2643 141 57 idem,
2355 2643 235 47 troisième
2624 2658 163 34 concert

245 2702 238 62 Populaire
486 2743 12 22 ,
525 2722 104 29 sous
655 2705 41 45 la
723 2706 228 46 direction
979 2708 55 44 de
1063 2707 75 47 M.
1169 2707 346 64 Schnéevoight
1542 2721 45 34 et
1613 2728 111 28 avec
1762 2711 41 45 le
1841 2728 230 29 concours
2112 2712 55 45 de
2206 2712 44 61 J.
2291 2712 245 48 Thibaud.
2578 2715 82 46 Au
2706 2731 78 49 17,

245 2772 183 48 Récital
466 2775 266 62 Friedbergh
737 2813 12 22 ,
778 2776 117 47 Salle
924 2777 166 46 Patria.
1120 2777 68 47 Le
1225 2778 73 60 18,
1330 2778 183 47 Récital
1541 2781 55 44 de
1624 2782 144 45 chant
1795 2799 78 42 par
1900 2782 59 46 M
1965 2778 41 26 lle
2034 2782 207 62 Fonsny,
2268 2782 109 47 salle
2416 2783 254 49 Nouvelle.
2712 2787 72 47 Le

243 2843 155 46 même
443 2845 121 63 jour,
624 2860 56 33 12
734 2863 80 28 rue
861 2847 217 61 Verwée,
1124 2866 228 29 concours
1396 2867 116 43 pour
1557 2850 40 45 le
1641 2853 99 59 prix
1785 2853 235 61 Huberty,
2067 2852 24 46 à
2131 2851 181 47 l'Ecole
2353 2853 55 45 de
2456 2853 228 65 Musique
2726 2860 58 45 de

240 2913 66 47 St.
344 2914 449 62 Josse-ten-Noode,
835 2916 304 61 Schaarbeek,
1178 2935 104 29 sous
1319 2919 42 45 la
1399 2920 228 46 direction
1666 2921 56 46 de
1761 2920 76 47 M.
1879 2921 54 46 F.
1976 2921 156 47 Rasse.
2174 2921 70 47 Le
2273 2937 81 45 21,
2390 2939 16 29 l
2416 2925 36 22 er
2479 2924 212 49 Concert
2717 2929 65 47 du

242 2981 356 50 Conservatoire
637 2997 46 35 et
716 2985 25 47 à
779 2986 162 64 Liège,
970 2989 223 59 première
1221 2990 56 44 de
1304 2989 42 45 la
1373 2989 268 48 Hiercheuse
1643 3028 11 23 ,
1682 2992 159 45 drame
1868 2991 180 64 lyrique
2074 2992 55 46 de
2159 2992 76 47 M.
2264 2992 56 46 de
2348 2994 220 48 Béhault.
2598 2996 71 48 Le
2697 3014 83 48 30,

237 3052 177 62 récital,
440 3055 26 47 à
491 3055 42 47 la
560 3055 194 48 Grande
783 3057 276 61 Harmonie,
1088 3060 62 45 du
1174 3060 246 45 violoniste
1450 3061 60 46 V.
1541 3061 193 48 Rauter.

2469 3163 61 48 R.
2573 3164 57 48 L.
