2903 4084
2621 3745 35 47 4

649 1817 248 94 Les
960 1814 501 97 Grands
1524 1814 605 97 Concerts

999 1968 383 48 CONCERTS
1437 1967 351 48 COLONNE

271 2080 170 61 (Notre
477 2079 212 46 éminent
715 2079 337 46 collaborateur
1080 2077 181 46 Claude
1297 2076 218 63 Debussy
1555 2089 141 50 ayant
1723 2077 73 45 été
1821 2077 160 60 appelé
2007 2077 24 45 à
2059 2078 166 61 diriger
2252 2095 57 27 en
2340 2077 164 45 Russie
2530 2075 121 46 deux

129 2149 199 46 festivals
355 2151 54 44 de
436 2167 68 28 ses
528 2167 182 28 œuvres
735 2150 77 60 qui
841 2149 239 44 obtinrent
1106 2165 63 27 un
1203 2146 217 46 véritable
1460 2148 248 59 triomphe,
1735 2148 176 45 adresse
1949 2147 25 45 à
2012 2164 82 28 nos
2132 2147 196 45 lecteurs
2366 2146 41 45 le
2445 2144 204 61 spirituel

132 2219 128 46 billet
300 2237 91 44 que
428 2221 135 45 voici.
593 2220 236 62 Ajoutons
868 2235 89 45 que
1000 2217 327 46 l'Association
1370 2217 77 45 des
1488 2216 230 47 Concerts
1760 2217 217 45 Colonne
2020 2235 26 27 a
2086 2235 57 27 eu
2183 2216 42 45 le
2253 2218 90 44 bon
2371 2217 113 60 goût
2510 2216 55 44 de
2593 2232 58 28 ne

130 2290 181 45 donner
348 2307 184 28 aucune
568 2306 163 28 œuvre
763 2287 218 47 nouvelle
1009 2289 207 59 pendant
1242 2286 230 46 l'absence
1499 2288 54 44 de
1580 2299 134 33 notre
1741 2287 334 45 collaborateur
2102 2299 45 33 et
2173 2287 105 45 s'est
2305 2284 259 59 consacrée,
2592 2302 57 27 en

128 2360 248 45 attendant
419 2376 83 29 son
546 2370 172 49 retour,
753 2358 25 46 à
822 2357 375 46 d'intéressantes
1235 2358 189 59 reprises
1465 2358 145 59 parmi
1653 2356 240 63 lesquelles
1932 2356 29 46 il
2006 2358 220 44 convient
2265 2356 55 45 de
2355 2355 196 62 signaler
2588 2355 63 45 les

131 2445 29 47 3
164 2435 52 20 me
241 2442 46 33 et
317 2441 24 48 sme5
348 2434 52 20 me
424 2429 299 63 symphonies
750 2428 55 45 de
833 2428 290 59 Beethoven,
1150 2445 65 28 un
1243 2428 256 59 important
1525 2427 233 61 fragment
1785 2428 55 44 de
1868 2426 205 63 Parsifal
2073 2464 12 23 ,
2108 2426 62 46 les
2196 2428 109 43 trois
2331 2425 238 45 Nocturnes
2595 2424 55 45 de

131 2500 234 62 Debussy,
393 2499 43 46 la
462 2498 249 63 Symphonie
736 2516 73 28 sur
836 2516 55 27 un
920 2497 136 46 thème
1083 2498 293 59 montagnard
1399 2497 55 44 de
1483 2497 210 45 Vincent
1720 2496 169 64 d'lndy
1917 2508 61 47 et,
2005 2496 364 61 accompagnées
2402 2512 58 29 au
2498 2496 153 59 piano,

128 2570 65 46 les
219 2569 187 45 Amours
430 2570 57 44 du
515 2569 128 45 Poète
669 2570 58 44 de
753 2569 273 47 Schumann
1054 2569 79 60 qui
1161 2566 451 46 enthousiasmèrent
1639 2567 41 44 le
1706 2567 157 59 public
1891 2569 114 43 mais
2031 2567 114 45 dont
2172 2565 333 61 l'opportunité
2540 2565 111 44 dans

129 2659 65 27 un
222 2650 193 35 concert
440 2640 344 63 symphonique
806 2639 71 44 fut
898 2639 113 44 mise
1034 2656 58 27 en
1115 2638 141 44 doute
1276 2654 78 43 par
1374 2636 64 46 les
1457 2654 256 28 amoureux
1736 2638 54 44 de
1812 2636 268 46 l'orchestre
2101 2649 45 32 et
2167 2635 89 46 très
2277 2634 374 62 passionnément

128 2709 206 47 discutée
362 2727 78 42 par
468 2710 43 45 la
537 2710 232 59 critique.)

325 2886 78 48 M.
432 2886 43 47 S.
506 2886 337 55 Kussewitzky
884 2901 116 29 nous
1040 2886 145 43 invita
1210 2884 25 45 à
1261 2885 130 44 venir
1419 2884 166 62 diriger
1612 2884 122 44 deux
1760 2895 214 33 concerts
2000 2882 295 57 d'orchestre,
2323 2881 98 46 l'un
2450 2880 24 45 à
2500 2881 152 46 Saint-

131 2957 325 62 Pétersbourg,
484 2957 165 46 l'autre
676 2957 25 46 à
729 2956 220 47 Moscou.
979 2953 131 49 C'est
1137 2955 42 45 la
1204 2955 150 45 raison
1384 2971 113 42 pour
1524 2953 197 61 laquelle
1757 2971 59 27 on
1857 2953 174 46 voudra
2070 2953 104 45 bien
2214 2969 117 28 nous
2367 2967 191 30 excuser
2596 2951 55 44 de

132 3046 59 28 ne
211 3028 194 60 pouvoir
427 3026 147 61 parler
595 3027 76 44 des
692 3026 231 47 Concerts
944 3024 219 47 Colonne
1183 3041 58 28 en
1263 3022 279 62 particulier,
1567 3024 45 44 ni
1636 3023 53 45 de
1717 3022 42 46 la
1786 3023 71 45 vie
1884 3021 218 47 musicale
2130 3022 55 44 de
2213 3021 124 45 Paris
2362 3037 58 28 en
2449 3018 200 64 général.

274 3097 93 48 Ces
407 3108 213 36 concerts
659 3097 174 46 étaient
873 3094 242 49 consacrés
1153 3093 369 47 exclusivement
1561 3111 91 28 aux
1692 3110 183 29 œuvres
1914 3093 53 45 de
2011 3092 180 47 Claude
2219 3091 232 63 Debussy.
2478 3091 175 60 Jamais

132 3184 120 30 nous
288 3165 112 49 n'en
438 3167 295 45 entendîmes
769 3178 163 34 autant
969 3165 26 46 à
1033 3167 40 43 la
1111 3165 99 45 fois.
1241 3163 85 48 On
1363 3176 104 34 sent
1505 3164 106 45 bien
1650 3163 226 61 pourquoi
1915 3178 117 29 nous
2070 3178 56 28 ne
2164 3177 212 44 pouvons
2413 3177 57 28 en
2507 3159 145 61 parler

134 3240 271 60 davantage.
436 3237 134 54 Qu'il
600 3254 116 28 nous
741 3239 87 43 soit
854 3238 171 58 permis
1050 3235 220 46 toutefois
1297 3235 54 45 de
1378 3234 95 46 dire
1500 3235 274 43 hautement
1802 3233 41 45 la
1868 3231 158 47 valeur
2051 3233 238 59 artistique
2309 3230 55 46 de
2384 3230 269 46 l'orchestre

132 3306 248 49 rassemblé
407 3324 78 45 par
512 3305 41 47 le
579 3306 97 46 seul
705 3306 354 63 Kussewitzky,
1087 3305 76 61 qui
1190 3322 47 29 se
1264 3305 231 60 distingue
1522 3314 261 34 nettement
1810 3319 79 43 par
1914 3319 93 28 une
2033 3311 160 36 exacte
2229 3300 241 60 discipline
2505 3310 45 35 et
2587 3315 65 28 un

132 3379 316 47 dévouement
485 3376 26 46 à
548 3376 43 46 la
628 3378 213 60 musique
874 3393 126 29 assez
1038 3393 98 28 rare
1162 3375 112 46 dans
1299 3374 65 47 les
1388 3372 221 63 quelques
1633 3372 129 46 villes
1786 3371 217 47 lumières
2030 3371 54 46 de
2113 3381 131 35 notre
2270 3369 152 47 vieille
2449 3367 202 61 Europe.

276 3447 85 50 On
388 3465 47 29 se
460 3446 203 62 rappelle
689 3465 91 43 que
808 3445 76 48 M.
913 3446 43 47 S.
988 3446 337 62 Kussewitzky
1353 3445 68 44 fut
1471 3461 65 28 un
1575 3445 199 44 virtuose
1809 3441 343 61 incomparable
2191 3441 55 46 de
2284 3440 44 47 la
2364 3440 290 45 contrebasse

132 3521 285 44 instrument
442 3519 78 60 qui
549 3517 220 61 n'inspire
796 3516 352 63 généralement
1175 3532 77 44 pas
1278 3512 258 50 confiance.
1560 3513 122 46 Pour
1702 3525 121 34 cette
1847 3513 164 59 raison,
2032 3529 54 29 ce
2106 3529 174 44 groupe
2301 3508 353 49 d'instruments

131 3590 146 61 prend
316 3588 113 47 dans
465 3605 83 29 son
587 3588 235 45 orchestre
859 3604 94 29 une
992 3586 158 46 valeur
1185 3601 165 29 sonore
1390 3583 271 47 inattendue
1788 3582 37 46 I!
1866 3593 66 35 est
1969 3582 228 46 vraiment
2233 3596 52 29 ce
2364 3579 110 45 tond
2550 3591 104 32 tour
