2903 4084
1299 198 61 66 S.
1434 198 53 66 I.
1564 195 103 69 M.

232 221 97 66 54

362 341 153 47 Parmi
544 341 63 47 les
631 343 179 45 artistes
831 342 258 62 justement
1114 342 116 47 fêtés
1266 360 91 28 aux
1396 342 226 46 matinées
1659 342 250 58 suivantes,
1950 356 255 29 nommons
2237 338 77 48 M.
2345 338 222 47 Maurice
2595 337 158 46 Vieux

221 413 79 59 qui
342 412 235 60 triompha
616 411 41 45 le
705 426 50 30 11
804 411 245 47 décembre
1091 412 112 46 dans
1241 412 288 46 l'admirable
1575 427 18 31 lERI
1603 423 34 19 ER
1668 411 205 64 Quatuor
1908 411 56 47 de
2003 408 194 51 Gabriel
2240 408 168 61 Fauré,
2451 419 46 35 et
2525 408 77 46 M.
2633 407 118 47 Ant.

221 482 288 59 Sistermans,
549 482 253 61 interprète
837 482 283 63 magnifique
1148 484 56 45 de
1235 483 106 48 Fier
1367 494 137 35 ernste
1544 483 192 61 Gesànge
1762 483 56 46 de
1857 483 212 46 Brahms.
2102 482 67 45 Le
2204 480 109 47 Trio
2339 497 59 29 en
2423 480 50 59 fa
2501 479 171 61 majenr
2698 479 55 46 de

221 552 295 47 Saint-Saëns
555 563 46 33 et
640 552 41 45 la
1236 552 121 45 Suite
875 569 59 30 en
1740 559 53 40 ré
1906 553 169 46 mineur
1250 571 114 44 pour
1392 553 156 46 violon
1589 554 55 46 de
1687 552 176 48 Corelli
1905 552 337 62 complétaient
2281 552 43 45 le
2366 567 296 47 programme
2690 549 63 46 du

227 621 58 46 18
314 621 259 46 décembre.
605 621 92 47 Ces
723 623 122 45 deux
871 640 185 30 œuvres
1075 624 213 46 valurent
1308 642 59 28 au
1387 624 123 47 Trio
1533 623 274 63 Chaigneau
1834 635 47 33 et
1906 640 59 30 en
1994 623 267 61 particulier
2287 623 25 45 à
2338 621 144 47 Mme
2507 621 245 63 Joachim-

222 692 276 63 Chaigneau
523 710 65 28 un
615 692 159 47 succès
798 695 115 44 aussi
942 695 72 44 vif
1031 713 88 43 que
1147 695 222 62 légitime.
2290 694 46 63 J.
2370 692 237 47 RENARD.

391 823 212 45 Société
626 827 258 42 moderne
906 827 414 42 d'instruments
1341 827 33 43 à
1386 831 147 39 vent.

366 916 135 47 Voici
528 935 92 28 une
648 920 278 61 compagnie
953 921 241 43 restreinte
1221 920 61 44 où
1308 919 43 45 la
1377 921 246 45 courtoisie
1651 920 42 46 la
1720 919 100 61 plus
1847 920 221 60 plaisante
2096 920 158 62 règne.
2289 919 131 48 C'est
2458 936 94 30 une
2581 921 87 55 joie
2695 920 57 44 de

222 988 96 45 voir
343 1005 112 28 avec
481 988 153 61 quelle
662 990 153 44 bonne
842 990 150 62 grâce,
1021 990 97 45 loin
1156 991 57 44 de
1252 988 179 47 vouloir
1464 1007 243 45 accaparer
1745 1007 65 28 un
1849 992 201 60 pupitre,
2092 991 174 62 Fleury
2306 991 130 46 laisse
2473 1009 49 28 sa
2558 990 131 62 place
2728 990 25 45 à

221 1057 273 63 Blanquart,
522 1061 174 43 certain
727 1058 231 47 d'ailleurs
1001 1060 170 60 qu'elle
1210 1060 64 45 lui
1316 1077 98 28 sera
1439 1061 175 46 rendue
1642 1061 377 47 incessamment.
2059 1062 136 46 Ainsi
2238 1062 81 45 fait
2364 1060 226 49 Gaudard
2635 1079 117 44 pour

225 1127 209 61 Leclerc,
476 1128 167 65 Guyot
683 1147 116 43 pour
841 1129 240 60 Cahuzac,
1134 1129 299 61 Capdevielle
1482 1147 117 43 pour
1649 1129 261 64 Entraigue
1958 1143 46 33 et
2055 1131 221 45 Flament
2327 1148 117 44 pour
2496 1132 254 47 Hermans.

224 1198 73 46 M.
330 1198 154 47 Pierre
511 1199 53 46 de
593 1199 201 46 Bréville
819 1202 75 58 qui
926 1200 165 60 prêtait
1116 1217 84 29 son
1228 1217 229 29 concours
1482 1218 60 28 au
1567 1212 195 34 concert
1788 1200 159 46 donné
1974 1218 77 43 par
2078 1213 123 34 cette
2233 1200 173 47 société
2432 1202 42 45 le
2506 1214 24 47 5
2562 1203 159 46 décem-

224 1268 91 58 bre,
362 1286 57 28 ne
464 1281 73 34 sut
582 1269 176 46 résister
795 1268 27 47 à
859 1287 62 28 un
967 1269 61 46 tel
1067 1269 213 61 exemple
1326 1281 46 33 et
1415 1270 131 60 après
1581 1272 126 43 avoir
1751 1270 180 60 occupé
1967 1270 200 63 quelque
2206 1289 90 42 peu
2342 1272 41 45 le
2427 1274 140 59 piano
2606 1273 146 46 invita

224 1338 57 44 M
290 1341 17 18 ::
354 1338 131 47 Selva
511 1339 25 44 à
561 1338 64 63 l'y
654 1339 253 60 remplacer
930 1339 70 57 ;il
1028 1353 66 32 est
1116 1340 91 43 vrai
1228 1355 94 45 que
1348 1338 490 64 l'accompagnement
1865 1340 77 46 des
2021 1341 249 47 variations
2287 1358 77 29 sur
2389 1341 102 47 l'air
2510 1361 99 29 :au
2639 1341 112 49 clair

219 1408 104 45 de...
405 1408 117 46 n'est
550 1425 75 43 pas
653 1408 306 60 précisément
984 1409 266 59 commode,
1279 1410 113 44 mais
1419 1410 225 61 pourquoi
1671 1411 98 43 voir
1796 1410 63 46 les
1885 1411 160 46 choses
2069 1428 105 29 sous
2200 1429 52 28 ce
2282 1413 101 57 jour
2407 1411 14 47 ?

362 1480 76 44 Au
466 1479 291 59 demeurant,
785 1494 192 30 concert
1016 1479 90 47 très
1133 1479 288 48 intéressant.
1450 1480 45 47 Si
1524 1480 194 46 l'œuvre
1748 1481 53 45 de
1831 1480 77 47 M.
1941 1482 167 45 Vadon
2138 1500 204 43 manque
2367 1500 66 28 un
2463 1501 89 44 peu
2578 1482 172 61 d'élan,

219 1548 54 44 de
300 1560 121 33 sorte
446 1547 143 62 qu'on
619 1561 66 33 est
713 1548 128 46 tenté
868 1548 54 45 de
950 1548 178 61 répéter
1156 1548 40 46 le
1223 1565 114 28 nom
1365 1550 55 45 de
1458 1566 84 29 son
1580 1551 333 60 compositeur,
1941 1550 89 47 elle
2069 1550 108 47 n'en
2218 1565 67 33 est
2324 1570 76 43 pas
2427 1555 155 44 moins
2607 1554 145 47 d'une

220 1617 268 61 inspiration
528 1617 134 47 facile
700 1632 46 32 et
784 1618 236 61 plaisante.
1058 1618 64 47 Et
1161 1621 34 43 si
1237 1618 41 45 la
1322 1621 211 44 notation
1574 1620 222 47 musicale
1834 1621 248 46 consacrée
2125 1639 77 44 par
2239 1622 76 46 M.
2346 1623 57 46 de
2431 1623 201 47 Bréville
2658 1642 93 28 aux

219 1687 166 60 prières
410 1689 325 59 quotidiennes
761 1688 288 62 catholiques
1077 1688 74 46 n'a
1179 1691 96 44 rien
1303 1689 262 46 d'enfantin
1604 1689 88 46 elle
1732 1691 238 62 témoigne
2011 1692 266 61 cependant
2315 1693 144 46 d'une
2498 1695 254 45 sensibilité

216 1757 212 63 élégante
462 1772 46 32 et
548 1758 140 47 d'une
728 1761 250 45 recherche
1024 1761 89 45 très
1151 1761 193 45 adroite.
1386 1761 254 47 D'ailleurs
1680 1762 42 44 le
1763 1762 235 62 magistral
2285 1764 56 45 de
2380 1763 239 65 Magnard
2660 1783 91 30 aux

216 1829 291 59 proportions
532 1829 226 60 parfaites,
788 1829 39 45 le
873 1843 101 47 trop
1002 1843 135 32 court
1162 1829 346 48 divertissement
1534 1832 55 45 de
1619 1832 196 45 Roussel
1843 1844 46 33 et
1928 1832 62 45 les
2027 1832 180 47 chanson
2234 1844 41 35 et
2299 1835 148 45 danses
2484 1835 56 46 de
2580 1834 171 66 d'lndy

214 1899 59 44 où
304 1899 61 44 les
391 1899 262 46 trouvailles
680 1900 54 45 de
763 1902 168 44 timbre
959 1902 253 58 abondent,
1241 1916 184 31 eussent
1452 1903 101 44 suffi
1580 1903 24 46 à
1632 1919 118 30 nous
1777 1903 208 46 combler
2013 1904 55 45 de
2098 1922 113 43 pure
2242 1905 100 55 joie.

2268 1975 216 43 MAURICE
2524 1976 96 44 BEX.

388 2081 212 43 Société
624 2083 489 52 Philharmonique.

356 2167 90 47 Les
471 2168 110 46 soirs
606 2168 62 46 où
709 2168 75 47 M.
814 2168 182 47 Lucien
1028 2170 151 60 Capet
1205 2172 338 61 communique
1570 2189 91 29 aux
1699 2172 148 47 foules
1885 2173 101 64 déjà
2016 2176 245 60 conquises
2285 2192 47 30 sa
2357 2177 394 60 compréhension

214 2237 77 46 des
325 2255 135 44 pages
499 2238 441 61 beethovéniennes,
970 2239 28 46 il
1029 2241 140 62 règne
1195 2258 76 28 sur
1299 2258 84 30 nos
1409 2242 115 46 têtes
1551 2258 188 30 comme
1774 2243 41 46 le
1854 2244 202 63 mystère
2084 2246 62 44 du
2174 2244 233 63 Sacrifice,
2435 2246 26 47 à
2487 2246 180 48 l'heure
2694 2248 56 46 de

214 2307 297 48 l'Elévation.
542 2308 100 47 Des
667 2314 147 42 fronts
838 2327 47 29 se
913 2312 212 58 tendent,
1155 2313 77 44 des
1259 2330 123 45 yeux
1409 2330 45 29 se
1482 2313 221 61 ferment,
1732 2314 78 46 des
1838 2316 183 61 regards
2055 2333 46 28 se
2139 2317 197 60 perdent
2362 2318 115 46 dans
2501 2317 249 48 l'invisible

211 2390 47 32 et
287 2377 319 62 i'insondable,
634 2380 150 45 tandis
809 2397 108 44 que,
945 2380 196 46 l'archet
1165 2383 284 58 autoritaire,
1478 2383 41 46 la
1547 2384 138 45 barbe
1711 2385 199 60 sombre,
1950 2383 114 48 l'œil
2106 2385 355 64 impénétrable,
2489 2387 78 47 M.
2597 2388 153 62 Capet

211 2449 164 46 officie.
404 2449 93 47 Son
525 2450 199 45 attitude
753 2450 186 46 devient
967 2451 274 63 ésotérique.
1273 2451 279 47 Infiniment
1580 2454 170 46 distant
1777 2455 56 45 de
1861 2472 119 29 ceux
2002 2458 78 59 qui
2110 2455 276 62 l'écoutent,
2409 2458 30 46 il
2466 2476 47 29 se
2540 2460 208 46 confond

211 2519 112 44 dans
348 2535 83 28 son
460 2517 142 49 Dieu.
631 2519 80 45 Au
739 2533 215 33 moment
981 2523 156 44 même
1163 2521 116 63 qu'il
1306 2524 128 44 vient
1462 2523 198 45 incliner
1685 2540 49 30 sa
1773 2525 135 46 barbe
1936 2538 45 33 et
2008 2543 69 29 ses
2102 2526 204 47 lunettes
2339 2544 77 29 sur
2454 2528 66 47 les
2555 2529 168 61 applau-

210 2589 274 45 dissements
525 2590 360 60 innombrables,
916 2591 26 45 il
976 2609 54 28 ne
1061 2610 54 28 va
1142 2594 132 59 point
1310 2594 182 63 jusqu'à
1533 2611 218 30 ramasser
1778 2595 64 46 les
1868 2596 137 46 fleurs
2028 2614 91 43 que
2146 2597 56 46 de
2230 2599 231 45 ferventes
2487 2603 151 43 mains
2663 2614 85 33 ont

212 2658 80 44 fait
314 2658 129 45 choir
464 2657 24 46 à
507 2675 68 29 ses
595 2660 139 59 pieds.
766 2660 75 47 M.
873 2660 151 62 Capet
1049 2676 66 32 est
1143 2680 65 28 un
1236 2662 143 64 grand
1404 2665 151 59 prêtre
1583 2665 334 59 incorruptible
1945 2678 45 34 et
2012 2679 331 49 contempteur
2364 2669 80 45 des
2463 2670 287 61 gentillesses

211 2728 62 45 du
301 2728 188 47 monde.
518 2727 63 48 Et
608 2730 40 44 le
677 2731 172 44 monde
876 2731 61 44 lui
978 2749 57 28 en
1077 2732 239 64 témoigne
1357 2752 92 27 une
1484 2735 191 44 ardente
1718 2738 397 59 reconnaissance,
2143 2740 76 59 qui
2259 2738 243 47 l'acclame
2530 2752 46 35 et
2602 2740 121 48 l'ova-

214 2798 161 45 tionne
401 2815 111 29 avec
540 2811 129 33 toute
697 2798 42 46 la
763 2802 294 57 spontanéité
1082 2802 55 46 de
1163 2801 394 48 l'enthousiasme.

349 2869 59 61 Je
434 2868 313 61 m'empresse,
788 2869 245 63 d'ailleurs,
1066 2873 56 45 de
1161 2872 221 61 l'avouer,
1421 2874 42 45 le
1503 2876 172 44 monde
1716 2893 25 27 a
1783 2878 164 45 raison.
1989 2877 72 47 La
2098 2881 277 44 conscience
2412 2882 242 62 artistique
2691 2885 56 44 de

214 2938 73 46 M.
319 2939 149 59 Capet
495 2951 66 34 est
588 2951 102 49 trop
716 2942 205 44 certaine
962 2959 115 44 pour
1103 2961 90 43 que
1213 2944 46 62 je
1289 2943 233 47 l'encense
1557 2945 26 45 à
1627 2962 113 28 mon
1777 2958 104 34 tour
1909 2947 55 45 de
1994 2949 128 45 vains
2166 2949 168 63 éloges.
2364 2949 63 49 Et
2472 2951 276 49 l'ensemble

210 3008 282 63 homogène,
535 3009 237 61 équilibré,
802 3009 160 62 unifié,
991 3013 113 61 qu'il
1144 3015 171 44 atteint
1357 3015 54 45 de
1450 3027 192 34 concert
1679 3033 113 29 avec
1834 3017 142 47 MM.
2007 3017 218 48 Maurice
2271 3020 202 61 liewitt,
2519 3023 151 47 Henri
2700 3038 47 33 et

211 3078 182 47 Marcel
424 3078 268 61 Casadesus,
722 3092 163 34 atteste
912 3099 93 28 une
1033 3083 174 59 qualité
1251 3095 103 33 tout
1395 3084 25 46 à
1457 3084 81 46 fait
1564 3084 280 61 supérieure.
1875 3085 83 48 On
1992 3088 210 47 n'attend
2244 3107 76 43 pas
2345 3108 91 44 que
2456 3093 49 62 je
2531 3093 125 59 parle
2684 3095 63 46 du

211 3147 116 47 VIL
352 3163 47 31 et
426 3150 63 44 du
515 3149 120 47 XIV
644 3158 15 19 e
686 3163 220 48 quatuors
930 3152 218 47 exécutés
1175 3172 58 26 au
1255 3154 183 45 dernier
1458 3169 193 32 concert
1671 3156 55 45 de
1754 3155 42 47 la
1823 3156 398 65 Philarmonique.
2253 3160 70 47 Ce
2343 3174 107 34 sont
2477 3163 58 59 là,
2562 3177 185 35 surtout

207 3236 57 27 en
294 3235 52 29 ce
372 3221 76 60 qui
478 3236 233 31 concerne
755 3220 43 46 le
836 3221 120 46 XIV
965 3229 17 19 e
984 3259 12 22 ,
1044 3222 305 61 d'imposants
1387 3225 367 47 chefs-d'œuvre
1791 3245 58 28 au
1886 3230 119 55 sujet
2033 3230 55 44 de
2115 3232 108 60 quoi
2259 3231 67 47 les
2367 3234 381 61 interprétations

211 3288 320 47 individuelles
555 3305 106 30 sont
686 3291 211 61 capables
923 3292 55 46 de
1006 3295 248 45 variations
1282 3293 196 49 infinies.
1509 3295 127 47 Mais
1663 3314 52 28 ce
1741 3311 106 32 sont
1875 3297 40 47 là
1943 3300 266 62 également
2235 3302 56 46 de
2320 3304 173 47 vieilles
2530 3309 191 45 connais-

207 3375 159 29 sances
391 3376 77 29 sur
494 3359 243 63 lesquelles
763 3359 63 47 les
851 3361 146 62 gloses
1025 3362 338 60 individuelles,
1392 3382 60 28 ne
1478 3379 207 48 pouvant
1712 3366 102 61 plus
1839 3367 246 62 prétendre
2112 3371 26 46 à
2164 3384 103 49 trop
2295 3373 55 46 de
2379 3377 286 61 nouveauté,
2687 3396 61 28 ne

207 3431 233 45 sauraient
484 3429 244 61 prétendre
770 3448 94 30 non
893 3432 103 58 plus
1020 3433 27 46 à
1082 3451 158 29 aucun
1269 3434 184 49 intérêt.
1484 3436 154 61 Alors,
1683 3438 349 48 bornons-nous
2069 3441 24 45 à
2136 3443 202 47 admirer
2378 3445 102 47 l'art
2507 3447 156 48 sévère
2691 3451 56 46 de

211 3498 76 47 M.
318 3498 150 62 Capet
492 3500 34 46 si
548 3500 259 64 justement
831 3503 307 46 accommodé
1163 3504 26 45 à
1216 3521 74 30 ces
1313 3506 202 45 austères
1541 3507 374 49 chefs-d'œuvre.
2072 3511 257 49 EDOUARD
2367 3514 307 53 SCHNEIDER.
