2903 4084
876 174 168 69 LES
1108 174 866 70 POST-ELGARIENS

2672 248 0 0 21

162 325 386 80 proportions
583 339 58 42 et
675 322 31 59 à
741 324 320 59 tendances
1096 326 483 71 conservatrices,
1618 326 90 59 Sir
1755 324 259 59 Edward
2062 325 182 79 Elgar
2293 321 179 74 enfin,
2508 339 175 66 ayant

162 416 116 56 mis
329 435 73 36 au
456 413 224 58 monde
729 434 85 37 ses
863 414 159 57 deux
1073 414 410 82 symphonies,
1519 416 336 79 composait
1900 435 102 37 son
2037 414 311 57 laborieux
2382 415 302 56 Concerto

165 523 155 61 pour
368 504 227 69 violon,
630 523 86 38 ses
1378 502 502 59 Musick-Makers
1315 518 56 43 et
1423 527 115 35 une
1588 503 419 59 élucubration
2061 503 397 79 pratriotique
2508 502 176 58 d'une

165 593 438 58 orchestration
655 590 286 61 faiblarde
981 608 210 45 autant
1226 616 117 58 que
1379 594 311 80 bruyante,
1727 592 278 59 intitulée

163 697 59 45 et
257 683 106 80 qui
402 684 258 78 plongea
693 682 142 58 dans
868 683 54 57 le
958 684 385 58 ravissement
1378 686 81 56 les
1492 686 214 78 petites
1741 686 195 77 places
1972 682 77 57 du
2087 682 327 56 Coliseum.

345 771 358 80 Cependant
737 772 55 57 la
817 772 185 79 jeune
1035 771 165 59 école
1234 794 58 36 se
1325 775 290 55 montrait
1649 771 117 59 très
1798 772 218 69 active,
2044 791 244 37 comme
2321 790 76 35 on
2433 769 52 58 le
2518 790 166 38 verra

165 863 134 79 plus
349 862 147 59 loin.
552 862 80 57 Et
684 861 287 58 l'activité
1044 884 72 37 en
1181 861 106 60 fait
1355 863 72 58 de
1482 865 297 77 musique,
1860 861 142 58 dans
2074 881 80 36 un
2227 880 144 58 pays
2443 880 241 37 comme

163 951 407 80 l'Angleterre
618 951 81 59 du
749 954 121 56 XX
873 956 18 20 e
929 951 200 71 siècle,
1162 974 59 37 se
1270 951 316 60 manifeste
1634 973 119 37 non
1803 951 333 59 seulement
2185 969 106 58 par
2334 950 53 56 la
2420 946 263 60 création

165 1040 318 71 d'oeuvres,
520 1043 149 55 mais
721 1041 151 59 aussi
927 1063 105 58 par
1082 1043 130 57 leur
1262 1039 405 82 présentation
1718 1062 75 35 au
1842 1039 186 80 pubic
2063 1060 13 36 :
2113 1058 99 38 car
2246 1058 74 35 on
2359 1035 325 80 n'imagine

163 1152 105 59 pas
323 1152 68 38 ce
449 1153 118 58 que
624 1133 455 77 l'organisation
1136 1133 71 56 de
1266 1133 288 78 quelques
1610 1145 273 44 concerts
1945 1129 73 57 de
2082 1129 281 77 musique
2428 1128 256 77 anglaise

165 1220 292 59 moderne
505 1218 287 62 nécessité
843 1222 71 57 de
964 1220 370 70 démarches,
1370 1219 289 80 d'argent,
1696 1218 71 58 de
1817 1218 210 58 travail
2061 1232 57 43 et
2154 1214 529 60 d'enthousiasme.

346 1310 88 59 Le
490 1310 208 80 public
755 1312 247 78 anglais,
1038 1332 78 36 on
1172 1312 53 56 le
1282 1310 131 69 sait,
1447 1309 218 56 n'aime
1720 1308 173 80 point
1949 1309 80 55 les
2081 1324 233 40 œuvres
2363 1304 321 70 nouvelles,

164 1414 238 44 surtout
454 1401 45 56 si
559 1420 95 38 ces
686 1420 235 38 œuvres
971 1414 133 44 sont
1139 1398 295 79 d'origine
1468 1397 299 57 insulaire.

164 1490 138 63 Que
337 1505 143 42 veut
516 1489 156 58 donc
713 1490 54 57 le
821 1489 205 81 public
1062 1490 18 56 ?
1118 1486 311 83 problème
1463 1485 247 58 difficile
1744 1484 30 57 à

165 1578 303 71 résoudre,
504 1599 101 38 car
630 1581 80 56 les
744 1580 441 79 compositeurs
1218 1578 281 76 ignorent
1537 1574 204 58 absolu-

165 1683 171 43 ment
386 1669 143 80 quel
581 1689 181 60 genre
816 1668 72 58 de
941 1668 280 77 musique
1271 1665 54 56 le
1376 1663 207 81 public
1631 1677 143 43 veut

165 1758 289 58 entendre
488 1779 80 37 ou
601 1759 221 79 plutôt,
859 1758 68 56 ils
960 1778 74 36 ne
1072 1754 376 60 connaissent
1484 1773 116 59 que
1636 1765 136 65 trop

163 1868 105 38 son
324 1847 149 82 goût
509 1870 12 35 :
569 1848 54 57 le
672 1847 229 80 public,
955 1843 234 82 préfère
1240 1863 117 37 aux
1409 1861 233 38 œuvres
1692 1840 81 56 les

164 1938 252 69 artistes,
440 1957 118 37 aux
586 1934 406 83 Symphonies
1025 1936 81 54 les
1139 1932 246 70 solistes,
1412 1950 121 36 aux
1566 1925 208 83 opéras

164 2027 83 59 les
280 2025 227 59 étoiles.
545 2027 118 57 Car
714 2026 39 56 il
804 2023 272 80 n'ignore
1125 2041 122 61 pas,
1283 2041 66 37 ce
1385 2018 115 57 bon
1543 2016 229 82 public,

165 2115 150 81 qu'il
385 2138 72 35 ne
520 2129 146 66 peut
730 2135 58 37 se
856 2127 273 65 tromper
1200 2130 98 38 sur
1371 2110 54 56 la
1492 2110 145 54 voix
1701 2106 71 58 de

168 2206 183 57 Mme
370 2204 213 58 Melba
607 2225 76 36 ou
706 2204 82 57 les
803 2202 287 58 vocalises
1111 2200 73 57 de
1203 2196 565 60 MmeTetrazzini.

1926 2147 654 36 Sir
2580 2147 1 36 Alexander
2580 2147 1 36 Mackenzie

167 2295 102 58 Du
294 2308 276 44 moment
595 2314 116 59 que
738 2294 53 56 le
821 2293 136 78 prix
982 2290 100 58 des
1110 2290 195 80 places
1330 2301 86 45 est
1442 2284 325 82 augmenté
1797 2304 153 60 pour
1971 2282 358 79 Chaliapine
2357 2303 77 35 ou
2458 2282 228 56 Caruso

163 2383 139 59 c'est
357 2404 117 60 que
509 2403 69 58 ça
611 2397 144 43 vaut
789 2381 53 58 la
877 2381 176 79 peine
1086 2379 72 58 de
1191 2398 59 38 se
1284 2375 290 80 déranger
1604 2398 14 47 ;
1654 2374 148 58 mais
1835 2374 44 56 il
1914 2393 71 35 ne
2018 2370 132 58 s'est
2187 2392 98 57 pas
2318 2389 215 37 encore
2576 2367 109 59 fait

165 2494 117 37 une
316 2473 256 80 opinion
625 2470 102 80 (ou
774 2470 200 80 plutôt
1025 2488 292 61 personne
1352 2487 73 37 ne
1458 2465 84 57 lui
1576 2486 32 35 a
1641 2483 215 38 encore
1890 2459 107 58 fait
2032 2480 117 37 une
2183 2458 275 80 opinion)
2500 2478 97 37 sur
2630 2459 55 56 la

163 2564 207 57 valeur
403 2562 146 58 d'un
587 2560 220 58 nouvel
841 2557 179 82 opéra
1059 2555 254 80 français
1349 2555 140 58 d'un
1547 2553 178 58 ballet
1759 2571 158 38 russe
1952 2548 189 58 inédit
2177 2569 76 36 ou
2290 2548 36 57 d
2356 2568 76 36 un
2469 2567 216 60 poeme

164 2652 452 81 symphonique
643 2651 227 78 anglais
903 2668 219 39 encore
1153 2646 351 58 manuscrit.
1529 2641 384 59 C'est-a-dire
1937 2661 80 57 qu
2042 2660 70 35 en
2143 2658 230 37 somme
2399 2637 52 56 le
2481 2635 203 80 public

163 2742 303 59 s'abstient
520 2754 321 67 purement
894 2752 59 43 et
1005 2737 388 79 simplement
1428 2732 71 58 de
1532 2732 171 57 venir
1735 2728 286 59 entendre
2069 2728 81 56 les
2202 2746 233 37 œuvres
2469 2726 104 77 qui
2614 2745 71 36 ne

165 2846 134 43 sont
322 2828 318 83 précédées
662 2830 61 57 ni
748 2827 178 59 d'une
954 2825 347 81 réputation
1329 2820 476 71 internationale,
1834 2818 61 56 ni
1923 2817 175 57 d'une
2124 2813 257 60 réclame
2403 2812 279 60 effrénée.

349 2922 93 56 De
476 2935 159 43 sorte
670 2915 275 84 qu'après
977 2917 167 56 avoir
1178 2935 74 36 eu
1287 2912 31 59 à
1350 2914 186 55 lutter
1569 2922 207 46 contre
1828 2908 80 56 les
1957 2905 323 58 influences
2327 2901 357 80 étrangères,

164 3014 83 56 les
280 3010 433 80 mesquineries
747 3005 519 84 professionnelles
1299 3018 59 43 et
1390 3016 195 44 autres
1618 2997 377 82 oppositions
2046 2995 525 77 décourageantes,
2605 2992 80 57 les

165 3102 204 69 jeunes
403 3100 325 57 musiciens
761 3096 227 80 anglais
1024 3109 105 43 ont
1164 3114 95 50 eu,
1293 3107 59 43 et
1387 3104 105 43 ont
1525 3108 216 38 encore
1777 3088 395 66 maintenant,
2200 3104 30 36 a
2262 3082 183 56 lutter
2478 3095 206 42 contre

167 3189 287 83 l'apathie
480 3204 59 44 et
564 3190 55 56 la
644 3184 342 62 musicalité
1012 3184 82 58 du
1124 3183 206 80 public
1357 3179 405 79 britannique.
1793 3176 183 56 Deux
2002 3174 279 57 hommes
2307 3173 80 56 les
2420 3169 265 60 aidèrent

168 3279 143 59 dans
343 3281 130 55 leur
507 3277 175 59 tâche
717 3276 204 69 ardue,
958 3274 99 59 M.
1098 3270 299 60 Beecham
1433 3283 61 43 et
1529 3268 97 57 M.
1666 3262 244 60 Balfour
1946 3262 317 59 Gardiner.

351 3369 95 58 M.
484 3367 276 58 Thomas
797 3363 304 60 Beecham
1150 3375 101 44 eut
1302 3359 434 59 certainement
1769 3354 54 56 le
1867 3349 191 84 grand
2105 3364 119 44 tort
2275 3348 71 58 de
2397 3367 292 60 manquer

168 3457 245 80 d'esprit
463 3457 72 57 de
583 3457 154 57 suite
774 3477 11 36 :
838 3455 42 57 il
930 3471 380 59 commença,
1344 3449 42 58 il
1434 3470 38 58 y
1505 3467 32 37 a
1572 3444 293 82 quelques
1898 3461 216 38 années
2147 3461 105 58 par
2286 3460 116 35 une
2435 3438 147 56 serie
2615 3434 73 59 de

169 3563 274 44 concerts
475 3569 76 37 au
586 3545 265 66 Queen's
888 3543 168 69 Hall,
1092 3541 290 58 continua
1416 3559 104 59 par
1555 3556 115 37 une
1705 3535 190 58 saison
1931 3532 35 57 d
1994 3551 180 60 opéra
2223 3530 285 77 comique
2557 3526 133 80 puis
