3589 4455
1782 190 111 49 402

215 338 95 51 sich
344 338 73 50 bei
449 338 81 50 der
559 337 254 50 tadellosen
846 334 309 68 Ausführung
1208 334 93 50 und
1334 334 104 50 dem
1473 334 191 50 Beifalle
1699 334 82 50 des

217 418 271 50 Publicums
537 417 120 50 auch
709 417 288 53 herbeilässt,
1048 414 81 50 das
1179 431 175 48 grosse,
1407 414 183 50 besteht
1630 413 151 60 darin,

217 498 103 50 dass
349 497 96 50 ihm
493 496 100 59 „die
624 496 108 49 Idee
761 494 230 68 glücklich
1334 493 87 48 den
1454 493 144 59 Chor,
1636 493 114 50 nach-

219 577 105 50 dem
376 576 83 49 der
502 576 189 49 Redner
741 576 72 48 die
852 574 280 65 Schöpfung
1175 573 94 48 und
1311 572 72 49 die
1424 572 356 67 heilbringende

221 657 244 66 Wirkung
496 656 78 49 des
606 657 151 48 Tones
790 654 374 67 ausgesprochen
1197 653 95 57 hat,
1343 653 43 48 in
1419 652 80 51 das
1529 653 102 50 Lob
1677 652 75 49 des-

221 736 159 51 selben
413 736 291 49 ausbrechen
734 754 54 30 zu
821 736 163 48 lassen.

338 814 163 49 Dieses
539 814 98 49 sind
690 813 72 50 die
793 814 188 64 Belege,
1023 811 174 49 welche
1236 811 85 48 wir
1350 809 267 51 auffanden.
1683 812 98 47 Aus

215 895 138 48 ihnen
385 895 112 66 geht
515 895 181 55 hervor,
727 893 104 50 dass
857 892 182 49 Weber
1071 891 72 49 die
1161 891 302 66 Anonymität
1491 889 127 51 nicht
1640 897 140 51 etwa,

216 975 103 49 weil
370 991 51 33 er
479 991 47 33 es
556 973 277 66 ungestraft,
868 972 64 66 ja,
976 971 283 49 unbemerkt
1296 971 208 64 gekonnt
1533 971 142 59 hätte,
1707 969 75 50 für

215 1053 95 49 sich
342 1053 292 57 ausbeutete,
692 1051 200 51 sondern
937 1051 103 49 dass
1091 1067 51 32 er
1171 1049 118 50 nach
1330 1048 82 50 der
1442 1051 151 48 Natur
1632 1049 149 50 hoher

216 1133 197 57 Geister,
443 1132 74 50 die
549 1150 76 32 um
657 1149 49 33 so
737 1140 212 55 strenger
981 1147 151 48 gegen
1172 1129 94 49 sich
1317 1128 118 59 sind,
1487 1145 136 33 wenn
1674 1129 104 49 kein

216 1213 192 49 Gericht
437 1212 119 50 über
584 1212 141 48 ihnen
756 1209 227 59 schwebt,
1014 1209 61 49 im
1110 1208 277 65 Gegentheil
1419 1208 94 50 sich
1556 1208 75 48 für
1680 1225 75 33 ver-

215 1292 212 67 pflichtet
455 1292 129 58 hielt,
612 1292 155 48 seinen
793 1291 250 65 Egoismus
1072 1307 52 31 zu
1145 1288 364 59 unterdrücken,
1539 1288 94 50 und
1656 1288 126 50 nicht

214 1372 170 48 anders
414 1372 188 56 konnte,
633 1371 66 49 als
730 1369 299 68 missgünstig
1059 1368 94 50 und
1186 1368 258 68 ungerecht
1482 1385 150 48 gegen
1684 1368 94 48 sieb

219 1451 303 49 aufzutreten.

324 1530 178 50 Gewiss
522 1528 117 50 wird
659 1546 47 32 es
727 1533 200 46 äusserst
939 1528 145 50 selten
1098 1528 193 65 geistige
1303 1527 314 66 Organismen
1630 1542 86 33 von
1731 1542 50 33 so

216 1610 252 67 objectiver
497 1606 481 53 Zwei-Theilbarkeit
1019 1607 171 67 geben,
1223 1607 104 50 dass
1362 1607 63 48 sie
1459 1607 67 48 als
1556 1607 221 48 Künstler

212 1688 207 51 schaffen
436 1688 93 50 und
548 1691 66 48 als
630 1690 205 48 Kritiker
852 1688 82 50 das
958 1687 305 51 Geschaffene
1277 1686 190 66 gerecht
1484 1690 165 62 wägen
1664 1686 86 49 kön-

214 1786 105 33 nen.
347 1768 81 50 Bei
450 1770 189 48 solchen
661 1770 157 48 hätten
844 1768 83 49 wir
950 1767 149 50 nichts
1134 1766 234 67 dagegen,
1404 1766 105 49 dass
1537 1766 65 48 sie
1630 1766 44 48 in
1697 1764 83 50 der

217 1848 243 51 Maschine
490 1848 80 50 des
588 1847 319 51 Kunstlebens
936 1846 137 51 beide
1096 1847 164 50 Rollen
1293 1846 338 49 übernähmen.
1663 1846 119 48 Dass

211 1928 254 50 Reclamen
494 1928 129 49 nicht
650 1946 54 31 zu
737 1928 188 66 billigen
955 1927 118 60 sind,
1105 1926 203 51 versteht
1335 1926 95 49 sich
1481 1942 88 32 von
1619 1924 157 50 selbst.

209 2008 71 49 Im
310 2008 328 65 vorliegenden
682 2008 131 50 Falle
863 2007 218 50 möchten
1132 2007 86 48 wir
1260 2022 47 32 es
1357 2004 251 67 beklagen,
1670 2004 106 50 dass

214 2087 188 51 Weber
433 2087 168 51 keinen
631 2088 205 49 anderen
852 2088 185 49 Homer
1066 2087 127 55 fand,
1225 2087 64 48 als
1318 2086 93 49 sich
1437 2086 170 57 selbst;
1639 2084 139 60 denn,

212 2184 137 31 wenn
381 2184 52 31 er
461 2168 46 47 in
537 2167 153 48 seiner
719 2167 74 48 für
828 2166 179 51 Wendt
1035 2166 366 66 geschriebenen
1439 2165 335 49 Lebensskizze

211 2264 107 33 zum
349 2246 190 49 Schluss
569 2247 65 48 als
667 2246 364 49 Leichenschrift
1061 2246 75 48 für
1164 2246 94 48 sich
1289 2252 156 59 sagte:
1487 2246 145 57 „Hier
1664 2245 112 66 liegt

212 2327 148 60 einer,
389 2326 84 49 der
502 2344 47 31 es
578 2326 236 51 wahrhaft
840 2326 171 49 redlich
1044 2326 94 49 und
1169 2326 97 49 rein
1299 2326 83 49 mit
1404 2326 254 51 Menschen
1683 2323 94 51 und

211 2407 155 48 Kunst
653 2424 51 31 so
730 2410 174 45 müsste
932 2411 191 62 ergänzt
1158 2405 216 50 werden:
1409 2422 119 41 „nur
1559 2406 81 48 mit
1682 2406 92 48 sich

212 2486 141 49 selbst

332 2566 141 49 Diese
502 2565 334 50 Lebensskizze
866 2584 101 31 war
996 2566 222 65 übrigens
1260 2565 127 50 nicht
1435 2572 121 42 etwa
1599 2565 45 49 in
1696 2565 84 49 der

210 2645 169 49 dritten
413 2647 193 56 Person,
637 2653 121 42 etwa
789 2645 344 66 druckgerecht
1161 2662 80 32 zur
1273 2645 362 49 unmittelbaren
1659 2643 88 50 Ver-

210 2723 340 68 öffentlichung
579 2726 331 66 geschrieben;
940 2725 202 49 sondern
1188 2726 57 48 ist
1282 2726 132 48 mehr
1463 2725 103 49 eine
1617 2740 163 51 grosse

210 2805 133 49 Notiz
372 2822 55 32 zu
459 2806 129 48 einer
615 2806 207 56 solchen,
852 2806 45 48 in
929 2805 83 49 der
1042 2806 87 48 alle
1160 2805 222 64 anderen,
1411 2821 89 32 nur
1543 2821 51 32 er
1636 2803 144 49 selbst

214 2885 128 49 nicht
403 2885 175 66 gerade
637 2892 86 60 gut
786 2886 333 48 fortkommen.
1200 2886 98 48 Der
1363 2883 202 51 Einfluss
1630 2885 148 48 seines

210 2963 169 50 Vaters
431 2963 115 50 wird
597 2982 108 32 nur
755 2966 176 65 gelobt,
982 2965 95 49 sein
1113 2963 378 52 Waldmädchen
1538 2971 144 43 nennt
1727 2980 51 33 er

211 3043 164 51 höchst
426 3043 167 51 unreif.
652 3045 213 66 Vogler's
915 3045 241 67 geschieht
1205 3045 230 50 natürlich
1470 3043 175 50 wieder
1696 3043 82 51 mit

209 3141 367 48 ungemessener
603 3125 260 50 Ehrfurcht
891 3126 323 65 Erwähnung.
1265 3126 170 66 „Möge
1466 3141 47 33 es
1543 3123 88 50 mir
1663 3125 117 48 einst

207 3205 236 66 gelingen,
474 3203 126 52 diese
642 3207 175 48 seltene
847 3206 380 68 psychologische
1272 3205 506 67 Kunst-Erscheinung

210 3285 84 49 der
327 3285 134 50 Welt
493 3285 102 50 klar
624 3302 81 33 vor
734 3286 74 49 die
819 3287 172 66 Augen
1020 3305 55 30 zu
1345 3286 95 49 ruft
1468 3302 51 33 er
1550 3286 106 49 dort
1679 3302 99 33 aus.

207 3365 99 48 Das
336 3363 209 68 Uebrige
591 3365 58 49 ist
697 3382 51 33 so
777 3366 195 49 schlicht
1021 3366 94 49 und
1174 3366 180 49 einfach
1386 3366 236 66 gehalten,
1674 3365 104 50 dass

207 3461 111 33 man
349 3443 73 50 die
451 3445 474 68 Uneigennützigkeit
954 3446 80 51 des
1063 3446 346 51 vortrefflichen
1428 3447 194 50 Mannes
1653 3446 127 51 nicht

207 3541 160 50 genug
399 3523 292 52 bewundern
723 3526 137 51 kann.

327 3605 63 48 Es
422 3603 173 51 bedarf
617 3606 125 49 wohl
772 3606 127 51 nicht
929 3606 82 51 der
1042 3607 325 65 Erwähnung,
1397 3606 106 51 dass
1533 3624 51 33 er
1613 3606 45 49 in
1688 3606 90 51 den

206 3683 394 52 vorbereitenden
650 3687 233 61 Artikeln,
936 3687 177 50 welche
1164 3705 50 32 er
1263 3687 44 50 in
1359 3687 216 51 Dresden
1623 3704 154 33 neuen

206 3763 59 53 W
266 3763 11 16 T
282 3763 144 51 erken
456 3766 327 66 vorausgehen
813 3767 121 59 liess,
963 3767 94 49 sich
1089 3766 143 51 selbst
1259 3774 109 43 stets
1411 3767 211 66 umging.

327 3843 163 51 Sicher
518 3846 121 50 zieht
668 3846 189 51 hieraus
889 3846 82 50 mit
1000 3864 85 33 uns
1115 3847 73 50 ein
1218 3847 144 50 Jeder
1396 3847 72 50 die
1499 3846 278 51 erfreuliche

205 3923 397 72 Ueberzeugung,
633 3926 104 51 dass
755 3927 186 51 Weber
971 3927 44 50 in
1047 3927 105 51 dem
1184 3927 316 68 gefährlichen
1533 3927 244 60 Conflicte,

203 4003 86 51 der
319 4005 90 49 den
440 4006 120 51 über
588 4007 95 50 sich
713 4007 143 51 selbst
887 4006 350 53 Schreibenden
1270 4009 209 67 ergreift,
1509 4009 128 50 nicht
1684 4025 93 33 nur

202 4082 304 61 fleckenrein,
555 4086 203 51 sondern
790 4105 140 51 sogar
959 4087 307 68 geschmückt
1296 4089 83 49 mit
1429 4087 89 52 den
1545 4087 200 52 Verdien-

202 4170 102 44 sten
355 4165 83 51 der
488 4165 483 72 Selbstverläugnung
1042 4169 94 50 und
1194 4169 582 68 Selbsthintenansetzung

202 4242 423 73 hervorgegangen
654 4247 70 52 ist.

2003 333 170 48 Prüfen
2207 333 84 48 wir
2321 351 111 39 nun,
2472 334 87 49 wie
2591 350 50 31 er
2669 333 92 48 sich
2794 351 55 32 zu
2878 333 89 50 den
2997 333 253 50 Menschen
3281 334 167 56 stellte,

1882 413 177 48 welche
2089 412 82 49 das
2201 412 235 49 Schicksal
2469 413 81 48 mit
2580 413 94 47 ihm
2724 412 45 48 in
2801 413 285 65 Berührung
3136 412 212 56 brachte,
3396 428 51 33 so

1881 492 186 49 können
2101 492 85 48 wir
2215 492 95 48 ihm
2341 492 60 48 im
2428 492 188 49 Ganzen
2647 492 124 48 nicht
2796 492 73 48 die
2895 493 356 64 Anerkennung
3282 492 164 58 zollen,

1881 571 104 49 dass
2035 588 49 32 er
2135 572 81 48 mit
2246 571 368 66 unparteiischer
2644 572 225 49 Auswahl
2910 571 114 49 oder
3066 572 83 48 mit
3178 571 272 66 überlegter

1885 651 307 64 Würdigung
2223 649 146 50 daran
2394 651 128 64 ging,
2554 649 122 50 diese
2708 649 94 50 und
2831 651 102 48 ihre
2963 649 285 66 Leistungen
3277 667 54 31 zu
3364 649 55 50 be-

1880 731 240 66 sprechen.
2185 732 130 47 Dazu
2347 746 99 33 war
2496 747 49 32 er
2582 747 53 31 zu
2667 731 155 64 wenig
2853 731 344 56 Schriftsteller,
3249 746 98 33 war
3396 746 48 33 es

1880 809 96 49 ihm
2008 827 52 31 zu
2093 809 154 65 wenig
2277 808 167 50 darum
2475 826 54 30 zu
2573 808 135 59 thun,
2738 811 74 47 ein
2842 809 187 66 Spiegel
3072 808 153 50 seiner
3253 808 100 48 Zeit
3403 808 45 50 in

1881 888 173 50 diesem
2086 889 142 49 Sinne
2257 906 53 32 zu
2343 887 188 51 werden
2564 887 94 49 und
2709 887 144 49 deren
2883 887 352 68 Schwerpunkt
3282 888 138 50 aufzu-

1880 968 190 48 suchen.
2127 969 98 47 Aus
2275 967 82 49 der
2390 969 87 47 Art
2528 966 92 49 und
2656 967 179 57 Weise,
2886 967 89 49 wie
3013 983 52 33 er
3094 967 119 49 über
3241 966 74 50 die
3361 968 57 47 Be-

1881 1047 260 49 treffenden
2172 1046 221 57 schreibt,
2444 1046 111 66 geht
2585 1063 90 32 nur
2704 1062 86 50 gar
2818 1063 54 31 zu
2903 1046 108 49 sehr
3041 1046 185 58 hervor,
3278 1046 88 49 wie
3397 1063 51 32 er

1881 1145 53 30 zu
1979 1127 138 49 ihnen
2149 1127 135 48 steht.
2343 1127 150 48 Allein
2524 1124 128 51 nicht
2676 1124 45 50 in
2751 1124 107 50 dem
2887 1126 241 64 niedrigen
3160 1126 161 57 Sinne,
3367 1126 83 49 mit

1882 1207 106 49 dem
2021 1225 106 31 man
2161 1207 100 49 eine
2289 1207 157 49 solche
2467 1206 265 49 Thatsache
2764 1206 73 49 bei
2868 1204 105 51 dem
3006 1206 337 49 Durchschnitt
3367 1204 83 51 der

1881 1286 306 66 egoistischen
2239 1286 170 64 Menge
2459 1286 278 64 auszulegen
2789 1286 144 57 hätte,
2982 1283 201 51 sondern
3234 1284 45 49 in
3319 1284 127 50 einer

1882 1366 149 49 davon
2060 1364 184 51 weitab
2276 1364 320 59 weichenden,
2639 1381 69 42 so,
2737 1363 105 51 dass
2873 1381 108 33 man
3011 1363 91 51 den
3152 1381 146 32 warm
3352 1381 66 32 em-

1881 1446 301 67 pfindenden,
2199 1446 44 49 in
2268 1444 305 68 begeisterter
2586 1444 145 50 Liebe
2755 1444 87 50 wie
2864 1444 132 50 tiefer
3019 1444 263 65 Kränkung
3305 1443 114 50 über-

1880 1526 319 59 strömenden,
2228 1524 345 51 vortrefflichen
2605 1524 269 59 Menschen,
2906 1523 104 50 weil
3048 1541 51 33 er
3149 1524 80 49 des
3259 1523 158 50 Mathe-

1884 1606 255 48 matikers
2168 1603 175 66 gerade
2371 1604 132 49 Linie
2533 1603 181 50 schwer
2752 1603 327 50 innezuhalten
3118 1620 208 49 vermag,
3367 1618 83 33 aus

1882 1684 89 50 den
2003 1684 492 65 Ueberschreitungen
2525 1701 90 32 nur
2646 1691 94 42 erst
2768 1701 77 30 um
2877 1700 51 33 so
2958 1682 147 49 lieber
3135 1683 219 65 gewinnt.

2002 1766 96 48 Das
2129 1764 312 58 Schlimmste,
2470 1781 132 33 wozu
2632 1763 80 50 ihn
2751 1763 127 50 seine
2909 1763 152 50 Natur
3102 1763 210 57 brachte,
3350 1778 101 33 war

1882 1844 125 50 wohl
2051 1844 74 50 die
2176 1846 200 66 Analyse
2439 1842 67 51 12
2561 1842 370 67 Vogler'scher
2989 1842 217 57 Choräle,
3272 1842 179 48 welche

1881 1924 161 50 lehren
2093 1924 150 58 sollte,
2295 1923 90 50 wie
2436 1922 118 51 hoch
2609 1922 211 66 Vogler's
2874 1923 182 66 System
3117 1921 119 49 über
3286 1921 166 49 Bach's

1881 2004 133 50 Muse
2042 2003 150 50 stand.
2262 2004 116 49 Hier
2408 2003 167 48 nimmt
2604 2018 108 33 man
2752 2003 82 47 mit
2863 2001 274 50 Betrübniss
3169 2001 147 57 wahr,
3378 2001 73 49 ein

1881 2084 88 49 wie
1998 2083 344 50 verderbliches
2371 2083 125 65 Spiel
2526 2081 74 50 die
2629 2083 154 48 Natur
2811 2082 223 48 zuweilen
3084 2081 157 58 treibt,
3291 2079 157 50 indem

1877 2165 65 48 sie
1992 2165 203 48 einzelne
2265 2162 288 57 Individuen,
2602 2162 74 48 die
2737 2161 64 49 sie
2851 2161 149 66 gleich
3067 2161 234 49 Kometen
3349 2161 103 49 ihre

1877 2243 237 51 schwerer
2141 2261 53 32 zu
2216 2242 357 51 berechnenden
2605 2242 194 50 Bahnen
2815 2258 74 34 am
2915 2241 347 49 Kunsthimmel
3291 2239 160 50 ziehen

1879 2325 123 57 lässt,
2035 2325 86 49 wie
2148 2323 174 64 Vogler
2352 2341 45 32 u.
2442 2340 65 42 a.,
2538 2322 84 50 mit
2651 2322 129 50 einer
2809 2319 510 68 Beeinflussungskraft
3343 2336 81 33 aus-

1879 2412 193 50 statttet,
2130 2405 175 48 welche
2356 2403 150 49 zumal
2548 2403 82 47 der
2661 2402 249 65 aufrichtig
2949 2401 282 49 strebenden
3260 2399 188 66 Jugend

1880 2485 275 66 gegenüber
2186 2485 132 48 ihren
2348 2483 190 50 Zauber
2568 2500 73 32 am
2675 2483 306 65 mächtigsten
3011 2481 101 49 übt.

2000 2566 97 48 Das
2127 2562 216 51 Prädicat
2385 2562 84 51 der
2510 2562 222 50 höchsten
2783 2561 300 67 Objectivität
3124 2559 207 65 gebührt
3359 2558 91 50 den

1880 2645 249 48 Berichten
2173 2645 120 48 über
2348 2643 127 50 seine
2533 2642 218 50 Freunde
2789 2641 296 67 Meyerbeer,
3138 2639 58 50 G.
3249 2638 201 59 Weber,

1881 2723 323 57 Gänsbacher,
2235 2722 258 51 Hoffmann
2525 2740 44 30 u.
2601 2739 66 41 a.;
2699 2721 121 49 denn
2853 2722 99 48 hier
3001 2719 149 50 fühlte
3201 2736 50 32 er
3304 2718 143 51 deren

1877 2803 231 50 Interesse
2159 2805 83 48 mit
2290 2802 104 50 dem
2446 2802 207 64 seinigen
2682 2801 243 58 identisch,
2983 2801 93 48 und
3117 2798 118 50 doch
3268 2816 100 33 war
3399 2816 52 33 er

1877 2885 129 48 nicht
2034 2883 224 66 gelähmt,
2290 2883 88 49 wie
2408 2883 75 49 bei
2512 2882 96 48 sich
2638 2881 158 58 selbst,
2829 2899 72 31 wo
2930 2880 74 49 die
3037 2881 176 48 Furcht
3243 2880 80 48 des
3356 2881 62 48 Re-

1877 2963 376 51 clamemachens
2280 2962 95 50 ihm
2409 2963 74 49 die
2511 2962 141 50 Dinte
2695 2961 343 51 austrocknete.
3081 2960 234 49 Manchen
3340 2976 108 51 mag

1877 3062 50 33 es
1956 3046 137 49 dabei
2122 3045 221 52 Wunder
2388 3045 220 57 nehmen,
2657 3045 151 49 zumal
2859 3043 103 51 eine
3005 3042 175 58 Partei;
3235 3042 74 50 die
3359 3059 91 33 nur

1877 3127 294 48 schwärmen
2201 3125 95 49 und
2328 3125 202 49 anbeten
2561 3125 114 49 oder
2704 3125 302 49 verdammen
3038 3140 126 48 mag,
3197 3121 104 51 dass
3326 3122 80 50 We-

1879 3206 86 49 ber
1995 3206 280 68 Meyerbeer
2304 3206 117 49 nach
2444 3206 158 49 seinen
2627 3212 153 42 ersten
2809 3203 214 51 Werken
3053 3220 51 33 so
3136 3202 121 50 hoch
3282 3203 166 50 stellte.

1880 3286 126 52 Wer
2030 3286 170 67 jedoch
2233 3286 132 48 einen
2393 3285 131 50 Blick
2553 3286 46 48 in
2630 3283 126 51 diese
2788 3283 222 50 früheren
3042 3282 185 52 Werke
3258 3281 193 66 gethan,

1880 3367 84 50 der
1994 3366 118 51 wird
2141 3367 94 50 sich
2267 3366 104 51 dem
2397 3365 270 50 Eindrucke
2691 3365 126 50 nicht
2841 3363 249 54 entziehen
3105 3363 206 58 können,
3342 3361 104 51 dass

1881 3464 51 33 er
1981 3464 49 31 es
2080 3447 83 50 mit
2192 3447 165 50 höchst
2401 3446 293 67 originellen,
2743 3443 83 51 das
2855 3445 139 48 Beste
3041 3442 405 67 versprechenden

1882 3527 380 68 Compositionen
2294 3544 54 33 zu
2379 3526 116 51 thun
2526 3526 96 49 hat.
2679 3525 123 58 Und,
2832 3523 164 51 sobald
3028 3522 84 51 der
3155 3522 164 67 jüngst
3348 3539 75 33 ver-

1880 3607 239 60 storbene,
2158 3606 392 67 lorbergekrönte
2582 3606 112 51 Gott
2737 3603 84 51 der
2860 3621 192 50 grossen
3085 3603 133 66 Oper
3262 3602 95 50 sich
3405 3602 46 48 in

1880 3687 73 51 die
1969 3689 181 50 Geleise
2166 3687 175 68 begab,
2371 3687 151 51 denen
2554 3704 51 33 er
2703 3704 53 31 zu
2787 3685 174 50 seinem
2992 3683 235 58 Schaden,
3260 3699 191 34 unseres

1879 3769 261 50 Erachtens
2299 3769 157 49 seinen
2498 3766 346 66 Glückswagen
2893 3766 169 48 immer
3109 3763 343 50 rückhaltloser

1880 3856 316 51 anvertraute,
2235 3847 60 51 da
2326 3847 146 51 fühlte
2501 3847 119 51 auch
2655 3845 185 53 Weber
2888 3845 95 49 sich
3015 3843 236 68 gehalten,
3282 3841 144 52 öffent-

1877 3929 88 50 lich
1997 3929 127 49 seine
2168 3926 338 53 abweichende
2535 3926 229 66 Meinung
2803 3925 208 51 darüber
3061 3922 389 69 auszusprechen.

1997 4011 82 48 Bei
2129 4010 157 51 seinen
2317 4007 273 60 Freunden,
2642 4006 91 51 und
2782 4005 142 52 deren
2963 4005 130 51 hatte
3131 4003 84 51 der
3255 4003 197 59 heitere,

1877 4089 154 52 offene
2064 4090 93 49 und
2187 4090 376 67 anspruchslose,
2602 4087 60 50 im
2707 4087 193 50 wahren
2930 4085 145 51 Sinne
3123 4083 80 51 des
3254 4083 198 51 Wortes

1875 4169 420 67 Liebenswürdige
2343 4169 110 50 sehr
2519 4167 132 63 viele,
2700 4166 129 51 hätte
2878 4183 52 33 er
2968 4181 193 35 unseres
3190 4162 262 52 Erachtens

1875 4250 127 51 wohl
2031 4251 225 51 zuweilen
2285 4249 74 52 die
2381 4249 188 52 Farben
2628 4247 72 52 ein
2746 4247 154 67 wenig
2930 4245 234 52 lebhafter
3202 4245 250 67 auftragen
