2565 4275
1396 3947 47 40 16

424 427 192 58 Franz
696 429 272 56 Werte«
1052 432 331 48 Einander.

424 494 136 57 Oben,
598 496 160 56 Lieder,
795 497 227 55 Gestalten.
1086 500 113 47 Kurt
1235 500 147 55 Wolsf

424 560 184 59 Verlag,
670 564 159 56 Leipzig
897 570 118 42 Ists.
1090 566 99 47 Aus
1252 568 128 47 einem

425 626 157 57 Brief:
610 662 12 11 .
651 662 11 11 .
693 662 9 11 .
735 663 10 11 .
777 630 144 53 ,,Auch
951 631 69 54 fiir
1044 632 100 53 mich
1177 633 47 53 ist
1245 634 141 52 »Ein«-

423 695 159 47 ander«
617 697 78 47 das
730 700 100 52 erste
864 698 122 55 Vuch
1020 714 82 33 von
1137 702 76 45 den
1247 702 133 47 vielen

422 762 57 49 iim
528 764 155 56 Kriege
732 766 291 56 erschienenen,
1071 768 80 47 das
1200 768 57 54 ich
1305 770 75 47 mit

422 829 243 56 zitterndem
711 832 159 56 Herzen
917 834 206 57 aufschlug
1170 836 81 46 und
1298 837 61 55 zit-

420 898 124 46 ternd
602 899 80 46 las.
766 899 78 47 Sie
900 900 151 56 fragen
1107 902 100 55 nach
1266 903 113 48 einer

420 964 158 49 Kritik.
650 965 119 55 Doch
816 967 109 54 wohl
970 968 107 54 nicht
1122 969 54 48 im
1221 970 158 60 Ernst?

418 1030 240 57 Schönheit,
690 1034 134 55 Liebe,
855 1034 216 57 Inbrunst,
1099 1064 58 9 -—
1184 1037 83 55 sind
1298 1039 80 46 das

418 1097 156 57 Dinge,
604 1100 65 46 die
700 1113 95 33 man
829 1100 230 57 kritisiert?
1118 1102 121 58 Auch
1269 1118 82 34 vor-

420 1165 105 56 lesen
574 1166 155 47 könnte
777 1167 56 55 ich
882 1170 142 53 Ihnen
1071 1170 134 48 dies
1253 1171 124 55 Buch

418 1232 120 55 nicht.
601 1233 68 54 Zu
703 1234 65 56 ost
803 1235 143 48 wiirde
982 1237 79 47 mir
1095 1237 66 48 die
1196 1238 181 49 Stimme

420 1299 214 57 verjagen.
789 1299 2 61 ,
930 1299 2 61 r

419 1365 105 49 Wie
580 1369 296 57 mannigfaltig
931 1371 83 55 sind
1071 1373 65 46 die
1189 1372 186 58 Tränen,

419 1433 65 47 die
532 1434 102 49 iiber
683 1436 146 56 diesem
864 1437 122 56 Vuch
1034 1440 178 55 geweint
1261 1454 85 33 wer-

418 1501 100 46 den!
617 1504 90 46 Und
774 1505 79 46 das
919 1520 124 38 arme,
1097 1506 107 57 Herz
1268 1508 106 56 weiss

412 1567 220 57 srhlieszlich
701 1570 114 58 selbst
882 1572 119 56 nicht,
1069 1575 188 53 weshalb
1327 1589 45 33 es

412 1634 220 58 schluchzen
704 1639 82 46 und
856 1639 148 55 zittern
1075 1642 110 55 musz.
1269 1641 104 48 Vor

412 1701 193 55 Freude?
663 1703 103 48 Vor
794 1706 259 55 Schönheit?
1109 1708 103 48 Vor
1241 1709 129 47 Leid?

411 1767 103 49 Vor
551 1771 151 46 Liebe?

412 1836 165 56 ,,Sinke
626 1838 93 54 hin!
802 1840 132 47 Kniee
982 1841 92 54 hin!
1158 1842 212 48 Weines«

411 1902 84 48 Ein
537 1904 137 49 Wort
716 1920 79 33 nur
838 1922 79 33 aus
962 1908 145 56 diesem
1150 1908 124 55 Vuch
1313 1936 59 8 -—

413 1972 121 54 ,,Und
578 1972 40 46 in
662 1974 73 46 der
777 1973 134 55 serne
953 1976 155 47 meiner
1147 1977 114 56 selbst
1304 1977 65 48 die

410 2037 301 57 Einsamkeit«

413 2103 122 54 »Und
592 2105 89 46 eine
735 2106 159 47 Stimm
954 2109 178 54 aprilen,
1187 2111 186 54 regnend

410 2170 151 56 Musik
586 2173 72 46 der
683 2172 156 48 Güte«

410 2263 56 9 —-
500 2240 82 45 und
619 2254 95 33 man
749 2242 110 55 siihlt
894 2242 152 54 endlich
1083 2243 153 47 wieder
1273 2244 70 47 ein-

410 2306 96 55 mal,
544 2307 76 46 wie
654 2308 102 47 iiber
790 2309 79 46 alle
903 2309 171 57 Maszen
1107 2311 175 56 herrlich
1318 2325 47 34 es

410 2372 59 57 ist,
505 2374 116 49 einen
656 2375 174 55 Dichte:
865 2390 44 42 zu
945 2377 115 56 lesen.

404 2478 93 47 Und
540 2479 80 48 das
662 2480 83 56 sind
787 2494 81 35 nur
910 2482 279 56 Schönheiten
1233 2485 130 56 dieses

403 2544 186 55 Buches.
651 2548 112 49 Wer
794 2548 111 47 kann
940 2551 63 46 die
1036 2551 231 55 Inbrunst,
1299 2553 64 45 die

403 2612 136 57 Liebe,
573 2614 65 47 die
670 2614 373 59 Barmherzigkeit
1075 2619 285 55 beschreiben?

403 2679 120 48 Man
584 2681 141 56 miifzte
782 2684 81 46 das
922 2698 125 43 ganze
1106 2687 256 57 grenzenlose

400 2745 125 58 Vuch
566 2748 181 56 zitieren.

402 2814 69 47 Ob
535 2815 40 46 in
638 2816 278 56 irgendeinem
977 2819 183 47 anderen
1221 2820 140 48 Lande

401 2882 200 53 während
645 2885 74 46 des
763 2885 180 56 Krieges
986 2886 102 57 solch
1131 2887 63 47 ein
1236 2887 124 56 Vuch

400 2949 226 55 erscheint?

398 3014 224 57 Vielleicht
667 3018 112 47 kann
825 3033 45 32 es
916 3019 107 55 nicht
1067 3021 96 55 zwei
1208 3021 151 55 solcher

398 3082 174 56 Dichter
605 3086 140 55 geben.
822 3085 119 49 Aber
973 3088 127 55 solche
1131 3089 227 55 Menschen

1505 440 83 43 uni>
1637 439 127 54 Jolcbe
1815 439 183 55 Oefüble
2046 442 150 55 muffen
2247 442 98 54 ourf)
2396 458 66 33 roo

1504 506 156 46 anbers
1703 507 187 51 rcobnen.
1961 507 104 55 §ier
2109 511 81 43 unb
2233 511 65 46 ba.
2370 511 93 47 Unb

1504 572 74 55 auf
1604 572 207 55 berfelben
1841 573 127 56 Srbe,
1997 576 73 54 auf
2097 577 73 46 ber
2195 576 49 56 fie
2275 577 187 55 roobnen,

1509 639 43 55 ift
1781 676 10 10 .
1823 676 11 12 .

1768 746 56 51 icf>
1865 747 104 56 biefe
2008 747 145 55 3cHcn
2190 764 87 42 jum

1508 812 98 53 gab,
1662 812 151 53 febrieb
1870 813 127 55 §ugo
2044 816 174 53 Werften
2275 817 88 46 eine
2413 841 54 9 —

1508 879 86 46 eine
1632 881 144 45 Kritik
1815 881 52 45 im
1907 882 228 56 Sageblatt
2176 884 100 47 über

1738 947 169 52 'öeeber
1975 949 84 43 unb
2129 950 9 19 <
2138 949 176 55 233crfel.
2397 952 68 45 So

1507 1013 76 44 roie
1636 1027 46 33 es
1723 1014 53 46 ba
1815 1015 115 55 ftebt.
1998 1016 61 46 <3n
2101 1018 185 47 einem
2327 1018 132 57 3uflß-

1500 1080 121 46 Oben
1656 1081 122 56 fängt
1815 1096 43 32 er
1894 1096 66 41 an,
1997 1089 126 42 unten
2157 1085 98 53 bört
2290 1099 45 34 er
2369 1088 89 54 auf.

1623 1149 285 55 Unterfcbiebe
1949 1152 134 46 merkt
2123 1165 44 33 er
2206 1152 120 54 niebt.
2393 1154 66 47 €r

1499 1216 136 46 merkt
1681 1216 49 53 fie
1776 1217 119 53 niebt.
1969 1217 198 48 5onbern
2213 1222 117 45 rebet
2374 1221 84 53 (bei

1753 1293 81 33 oon
2209 1286 82 43 unb
2302 1286 134 53 „Spie-

1816 1349 108 52 niebt
1978 1350 105 51 obne
2126 1356 129 49 „troij
2300 1353 159 53 einiger

1495 1414 240 56 teebnifeber
2091 1419 65 46 bie
2203 1420 252 56 neuerbings

1500 1484 242 44 erroorbene
1785 1485 198 55 „etbifebe
2256 1489 80 44 unb
2382 1490 75 45 ben

1975 1552 75 46 mit
2096 1554 113 45 einer
2256 1555 199 47 lobenben

1496 1615 159 55 3enfur
1696 1630 43 42 ju
1782 1620 208 53 oerfeben.

1503 1683 169 55 Werften
1701 1686 80 44 unb
2069 1686 81 47 Sin
2195 1688 260 56 befonberes,

1502 1751 62 44 ein
1603 1752 217 54 liebliches,
1872 1753 63 46 ein
1985 1754 72 54 fieb
2093 1754 144 47 immer
2274 1756 158 47 roieber-

1499 1814 201 52 bolenbes
1735 1817 173 54 Kapitel
1952 1818 75 46 ber
2070 1843 53 7 —
2166 1822 73 43 ber
2277 1820 156 47 Statur-

1493 1884 227 56 gefebiebte.

2153 1888 54 55 H.
2250 1889 202 57 Siemfem

1492 2016 130 48 Das
1675 2018 213 55 sornm
1941 2019 335 58 (Herausgeber:
2329 2022 93 65 Wil-

1494 2084 106 53 helm
1645 2085 177 56 Her3og)
1870 2087 43 54 ilt
1958 2087 70 55 fijr
2072 2089 65 45 die
2181 2089 151 47 Dauer
2377 2091 75 46 des

1491 2151 180 56 Krieges
1705 2154 216 46 verboten.
1950 2181 57 7 —
2035 2181 58 8 —-
2124 2155 185 54 schadel
2376 2158 75 47 öm

1492 2218 205 57 Interesse
1738 2221 73 45 des
1852 2221 296 48 Vaterlandes
2188 2225 144 45 wollen
2373 2225 78 46 wir

1494 2283 167 55 hoffen:
1706 2297 45 33 es
1789 2285 120 56 möge
1946 2287 66 45 nie
2048 2288 43 54 lo
2122 2289 95 45 weit
2248 2290 206 53 kommen,

1489 2352 82 56 dafz
1615 2366 46 32 es
1706 2353 149 47 einmal
1900 2355 70 55 fiir
2015 2356 210 53 ehrenvoll
2271 2358 87 55 gilt.
2405 2358 42 47 in

1487 2419 76 45 den
1594 2420 167 53 Jahren
1795 2425 218 43 l914—-—16
2042 2424 202 46 verboten
2276 2425 170 46 worden

1485 2499 45 42 ZU
1558 2486 96 57 fein.

2324 2491 53 56 H.
2402 2491 48 48 S.

1488 2617 454 56 Kriegslleder
2002 2621 78 47 des
2134 2623 98 45 XV-
2285 2623 165 55 Kett-s.

1481 2684 65 55 P.
1587 2686 200 56 Sollst-er,
1827 2687 171 47 Berlin.
2066 2689 118 47 Was
2222 2691 70 54 fiir
2330 2696 112 43 nette

1483 2753 147 47 Leute!
1703 2755 91 45 Und
1846 2769 91 33 was
1988 2756 71 55 fiir
2109 2758 187 54 Ichlechte
2346 2758 64 47 Ge-

1483 2820 150 53 dichtel
1669 2847 58 8 -
1756 2821 121 47 Aber
1908 2822 217 57 schließlich
2160 2825 42 53 ilt
2236 2839 44 32 es
2315 2826 100 54 wich-

1481 2887 123 55 tiger,
1640 2889 81 54 dafz
1759 2889 63 46 die
1857 2889 124 47 Leute
2015 2897 73 49 gut
2123 2891 97 54 lind,
2256 2894 66 45 als
2358 2893 81 57 dass

1481 2955 66 45 die
1574 2955 198 53 Gedichte
1799 2961 72 50 gut
1899 2957 96 54 lind.
2050 2957 108 47 liber
2187 2959 63 45 die
2278 2959 135 54 Bedec-

1483 3022 266 55 zeichnungen
1799 3037 81 31 von
1931 3023 119 47 Max
2100 3024 243 49 Beclcmann
2395 3027 62 52 ilti

1480 3090 97 53 auch
1610 3090 105 53 nicht
1746 3091 115 53 mehr
1891 3105 44 41 zu
1967 3092 135 55 lagen.

2299 3093 54 56 H.
2385 3094 51 47 S.

704 3203 322 56 Herausgeber:
1056 3205 112 46 Otto
1196 3205 291 56 Hans-Hexe,
1516 3207 216 53 Berlin,
1761 3207 185 56 Pariser
1974 3209 124 56 Platz
2129 3213 25 41 7

601 3298 3 57 -
1041 3298 417 54 Verantwortlicher
1488 3301 308 54 5chriftleiter:

841 3364 127 54 Hatt;
998 3365 209 54 Siemjety
1243 3366 362 55 Lichterfelde,
1643 3368 273 55 Sternjtrafze
1945 3373 51 41 25

869 3437 87 54 siir
986 3439 279 54 unverlangte
1297 3440 320 55 Cinlendungen
1648 3442 117 45 keine
1796 3442 188 54 Gewähr

401 3526 63 47 ·Jn
482 3527 229 55 Olterreirh
739 3530 70 55 fiir
833 3531 65 44 die
915 3531 252 46 Reduktion
1184 3534 342 53 verantwortlich
1543 3534 127 55 Hugo
1688 3536 154 54 Heller,
1860 3536 145 54 Wien,
2019 3540 28 51 l,
2064 3539 329 46 Bauernmarlct
2410 3543 25 42 Z

401 3599 2034 22 —..

974 3631 126 35 Druck
1126 3640 77 26 von
1233 3632 45 42 H.
1305 3633 51 37 S.
1382 3633 249 42 Hermann
1662 3636 37 33 in
1728 3636 138 36 Berlin
