2565 4275
1124 3941 26 40 3

1302 430 112 51 Viel
1451 431 194 60 ;lkhönex,
1707 433 84 46 vie!
1835 434 264 55 graulametz
2142 434 82 45 viel

1253 498 241 54 weltlikhettz
1539 498 69 53 als
1652 499 59 55 ich
1757 512 47 34 es
1847 500 40 56 je
1930 500 175 56 könnte,
2149 501 75 46 be«-

1250 565 175 55 lchreibt
1450 567 140 56 Frau;
1614 566 181 58 «Werfel
1825 568 67 47 die
1913 568 311 57 Daleinsangit

1249 657 51 10 i—-
1329 633 69 48 tdie
1420 634 110 54 mich
1561 634 148 50 immer
1738 635 147 55 treibt,
1915 636 157 47 wieder
2095 636 102 56 fröh-

1249 700 74 54 lich
1353 714 45 42 zu
1427 701 84 56 fein
1557 727 48 6 —-
1643 703 50 55 zin
1732 703 153 56 feinem
1921 703 128 56 Buch
2077 704 116 55 »Ein-

1248 768 161 47 ander«
1452 769 42 46 in
1539 770 91 47 dem
1662 770 181 55 Gedicht
1873 783 100 34 vom
2002 770 218 54 ,,Adam««

1247 834 81 45 das
1356 835 91 53 hier
1476 836 125 56 folgt·

368 1255 150 112 An
547 1300 181 70 diesem
761 1303 301 74 Kreuzweg,
1095 1306 263 76 adendlich
1393 1313 275 72 nmlauerh

368 1391 240 68 Gewahr
639 1393 70 68 ich
740 1394 237 74 plötzlich,
1009 1399 97 58 wie
1136 1401 133 61 mein
1301 1403 166 62 Leben
1495 1406 206 63 dauert.

370 1482 97 68 Ich
495 1483 97 67 hör
621 1487 50 57 in
698 1488 98 58 mir
823 1490 81 57 die
930 1492 138 69 Zeit,
1096 1493 81 59 die
1202 1495 184 71 Ichafft
1412 1499 104 57 und
1542 1509 219 62 mauert,

373 1577 344 73 Gleichgültig
747 1581 150 63 innen
914 1584 206 73 2Sszchlag
1140 1603 78 51 san
1247 1589 194 77 Schlag
1471 1595 285 68 erlchallen

370 1668 127 59 Das
525 1671 125 58 Tier
671 1673 102 61 .des
801 1674 232 70 DaIeins
1051 1678 103 68 hat
1184 1681 123 69 mich
1337 1683 303 75 überfallen,

367 1761 102 57 Gin
506 1761 159 60 Atem
702 1765 137 72 geht,
878 1770 90 59 der
1008 1773 131 78 grofz
1177 1776 124 67 mich
1335 1777 343 77 iiberweichn

364 1852 116 72 Auf
516 1856 193 59 meiner
743 1858 258 75 Schulter,
1034 1864 287 73 riefenhaft
1349 1871 108 63 »und
1488 1871 165 73 leicht,

365 1945 128 70 Sitzt
523 1965 59 41 es
613 1949 98 58 mir
742 1953 270 70 vogelfern
1045 1960 102 57 und
1173 1960 190 61 endlos
1395 1963 352 77 eingelcauert

362 2104 114 57 Und
512 2123 83 41 um
627 2108 123 69 mich
784 2111 358 76 Sternenkturz
1173 2120 102 57 und
1298 2121 133 68 Fels
1464 2125 101 58 und
1588 2126 198 61 Baum

362 2196 153 67 Gehn
554 2199 144 66 ihres
726 2202 186 73 TBZegs
950 2208 102 57 und
1092 2211 236 60 wandeln
1367 2215 200 60 Traum
1603 2220 51 58 in
1692 2221 216 61 Traum.

359 2288 98 67 Ich
487 2289 412 80 Ubertriiumtey
931 2300 95 58 wie
1059 2301 70 68 ich
1160 2304 102 68 Iteh
1293 2308 103 58 und
1427 2309 149 73 stehe,

359 2381 131 68 siihl
526 2384 70 68 ich
634 2388 122 68 mich
792 2406 85 55 an,
914 2393 101 57 und
1052 2396 148 71 weiß,
1238 2398 102 71 dasz
1380 2400 70 68 ich
1485 2404 124 67 mich
1642 2406 175 68 drohe.

359 2475 237 68 Gedreht
625 2479 91 59 mit
744 2483 198 59 andern
971 2486 123 68 fahr
1122 2489 71 69 ich
1222 2490 104 72 hin,

356 2567 115 58 Und
504 2571 130 69 weifz
665 2590 99 42 nur
798 2576 132 60 eins:
986 2580 80 58 Gs
1100 2582 54 68 ilt
1189 2584 116 59 lcein
1339 2587 136 58 Sinn

356 2661 76 58 In
466 2662 112 60 dem
612 2665 207 69 Ichbinl

353 2819 185 68 Ichbin
571 2824 54 69 iIt
653 2842 84 42 um
763 2827 140 69 mich.
970 2832 96 68 Ich
1096 2833 84 60 bin
1212 2838 394 77 eingejchlollem

352 2912 114 61 Und
495 2917 461 68 ,,Unentrinnbar«
989 2927 55 68 iIt
1074 2927 90 59 der
1193 2932 173 68 zweite
1398 2934 180 61 Name
1610 2938 92 61 der
1735 2942 172 60 Welt!

347 3005 263 72 Zerbräch
648 3011 70 69 ich
756 3016 139 69 mich,
934 3019 112 58 wär
1085 3021 69 67 ich
1194 3025 131 66 nicht
1361 3031 354 70 ausgegoljem

347 3098 127 59 Nur
506 3118 96 42 neu
636 3105 50 57 in
717 3106 95 59 den
845 3113 301 66 verruchten
1180 3115 140 73 Tanz
1353 3121 210 68 geltelltl

346 3191 155 60 Denn
536 3195 90 58 All
660 3198 54 68 ilt
749 3201 148 72 alles,

344 3284 133 60 Kein
511 3288 126 69 Loch
671 3292 50 58 in
756 3294 90 59 der
879 3296 136 73 Zeit,

342 3376 132 61 Kein
511 3380 181 61 Raum
730 3385 169 66 hinter
937 3391 90 59 der
1064 3394 398 72 Unendlichkeit.
