2291 3454
164 249 82 45 460

711 256 50 24 LE
794 253 233 27 CONCOURS
1061 255 55 25 DE
1150 256 50 24 LA
1232 254 145 26 REVUE
1407 254 221 27 MUSICALE

167 354 119 39 idées
307 365 216 38 grecques
544 361 41 31 et
605 355 144 37 même
769 352 278 40 chrétiennes
1069 351 74 52 (1).
1173 351 30 40 Il
1230 366 21 25 a
1273 366 58 25 un
1352 365 101 26 sens
1471 352 210 51 profond.
1713 351 95 41 Une
1830 354 97 38 voix
1949 353 216 49 d'artiste,

169 434 112 27 nous
308 421 187 39 n'avons
520 434 171 26 aucune
713 423 129 49 peine
867 424 21 35 à
911 421 38 39 le
972 428 238 38 constater,
1246 420 191 51 possède
1460 420 257 40 réellement
1740 435 59 24 un
1823 423 189 48 pouvoir
2045 426 96 35 créa-

168 497 118 39 teur;
313 490 112 38 mais
459 503 54 26 au
538 489 84 39 lieu
647 489 53 40 de
734 493 120 36 créer
876 504 59 25 un
956 489 163 40 monde
1144 488 216 48 matériel,
1385 487 159 40 visible
1566 497 40 31 et
1642 487 216 51 tangible,
1885 489 37 40 le
1948 491 212 38 musicien

167 570 54 27 ne
254 561 94 35 crée
477 570 53 26 en
560 570 129 35 nous,
726 566 40 31 et
799 570 88 27 non
926 557 105 40 hors
1067 557 53 39 de
1153 569 113 28 nous
1385 555 137 52 qu'un
1545 557 161 40 monde
1745 557 52 38 de
1830 558 260 39 sentiments
2125 567 39 32 et

167 624 216 50 d'images
411 636 5 27 :
438 624 103 40 c'est
560 625 38 39 le
621 625 100 39 dieu
745 638 19 23 «
790 627 74 50 qui
882 638 53 26 ne
956 626 91 38 voit
1071 638 85 38 que
1174 624 62 39 les
1256 637 144 27 cœurs
1420 637 36 24 ».
1480 623 77 47 Or,
1580 638 113 38 pour
1715 624 39 40 le
1776 624 191 52 primitif
1980 624 61 53 (et
2061 625 102 43 c'est

169 692 101 39 bien
303 692 40 39 là
381 692 294 52 l'explication
711 693 53 39 de
795 694 40 38 la
879 694 147 49 magie
1063 692 216 40 musicale
1315 705 86 38 que
1436 692 37 51 je
1509 696 145 47 répète
1687 705 112 39 pour
1842 692 242 53 conclure),
2127 694 38 40 le

167 762 164 39 monde
353 762 141 39 moral
518 770 40 31 et
582 762 38 39 le
652 761 162 41 monde
835 761 199 39 matériel
1059 769 101 31 sont
1179 774 86 26 une
1286 760 120 40 seule
1428 769 40 31 et
1488 764 143 38 même
1655 762 156 47 chose;
1837 775 54 27 en
1914 764 251 50 exprimant

168 830 39 38 le
229 831 205 50 premier,
461 830 38 39 la
524 831 205 50 musique
750 844 21 25 a
796 830 114 39 donc
932 831 117 49 prise
1073 842 78 27 sur
1173 828 40 40 le
1234 829 161 39 second
1414 838 7 39 ;
1447 837 41 32 et
1512 829 38 39 le
1573 838 92 32 mot
1684 830 53 40 de
1759 829 52 41 R.
1837 830 219 50 Wagner,
2080 845 81 38 par

173 897 144 52 lequel
343 897 70 52 j'ai
438 902 256 36 commencé
712 906 109 32 cette
846 897 139 49 leçon,
1013 910 45 27 se
1082 906 157 31 trouve
1264 898 110 38 ainsi
1401 895 215 53 justifié...

1482 1002 136 54 JULES
1653 1002 283 44 COMBARIEU.

207 1153 52 42 (1)
281 1155 41 30 R.
355 1153 237 39 Reitzenstin,
621 1152 186 41 Religions
840 1150 267 43 geschichiliche
1130 1150 142 42 Fragen
1280 1176 7 14 ,
1312 1150 237 42 Strasbourg,
1578 1162 103 30 1901.
1710 1150 96 31 Dans
1829 1151 32 29 le
1896 1150 106 37 chap.
2029 1147 110 43 Schôp-

164 1203 261 41 fungsmythen
449 1202 219 42 Logoslehre
673 1225 6 15 ,
701 1203 32 40 je
752 1202 116 31 relève
886 1207 92 26 cette
1004 1199 150 33 citation
1178 1199 98 40 :*Eîç
1300 1200 81 40 osoç
1401 1212 96 22 srutv
1522 1199 18 34 ô
1562 1210 217 38 cpaviptotraç
1802 1210 129 22 saoTOV
1957 1194 61 38 Btà
2051 1200 113 42 Ir,crou

169 1264 163 44 Xptarou
354 1272 65 22 TOU
440 1258 98 44 olob,
564 1272 39 27 oç
621 1270 99 27 SÇTTIV
741 1257 113 36 aôxou
874 1254 113 52 Xoyoç
1003 1268 6 25 !
1033 1275 11 13 «
1077 1257 88 33 Dieu
1199 1264 52 25 est
1282 1268 47 19 un
1359 1263 32 24 et
1413 1256 82 31 s'est
1533 1255 186 33 manifesté
1743 1265 63 30 par
1835 1252 245 40 Jésus-Christ
2103 1252 64 41 qui

171 1323 53 24 est
245 1316 30 30 le
291 1315 100 31 verbe
414 1315 87 31 sorti
522 1315 40 30 de
583 1325 53 21 ses
652 1314 107 32 lèvres
778 1324 28 22 ».
827 1313 182 41 (Ignatius
1029 1313 43 32 ad
1091 1313 123 41 Magn.
1235 1312 119 40 8,2)

590 1613 75 40 Le
703 1612 295 44 Concours
1040 1611 67 42 de
1134 1611 54 41 la
1222 1611 196 41 Revue
1451 1610 278 42 musicale

644 1760 158 41 NOTRE
835 1766 288 35 SUPPLÉMENT
1158 1776 7 25 :

1202 1760 60 41 M.
1300 1759 214 42 GEORGES
1548 1761 142 40 LOTH.

229 1879 34 42 A
264 1879 13 28 T
278 1894 75 25 ons
386 1880 202 53 publions
639 1879 275 53 aujourd'hui
955 1895 82 24 une
1072 1881 70 38 des
1183 1881 111 39 deux
1331 1881 304 54 compositions
1677 1880 72 53 qui
1785 1886 74 34 ont
1901 1883 59 36 été
1995 1881 177 39 classées

175 1948 227 53 premières
453 1963 52 24 au
548 1947 220 41 Concours
801 1949 50 38 de
886 1948 280 53 composition
1205 1955 144 34 ouvert
1381 1956 82 46 par
1505 1949 40 38 la
1582 1948 153 41 Revue
1768 1949 214 40 musicale
2005 1956 36 32 et
2063 1950 103 39 dont

176 2030 108 25 nous
305 2030 130 27 avons
458 2017 141 38 donné
635 2016 36 39 le
702 2022 160 48 compte
895 2017 134 38 rendu
1055 2015 245 54 analytique
1338 2016 106 39 dans
1480 2022 121 33 notre
1632 2016 171 39 dernier
1824 2019 194 37 numéro.
2053 2015 115 41 Cette

180 2098 137 25 œuvre
338 2084 49 39 de
409 2083 122 40 haute
572 2084 144 40 valeur
735 2090 57 33 est
813 2084 50 39 de
893 2083 59 40 M.
1004 2083 214 41 GEORGES
1243 2083 143 47 LOTH,
1409 2088 156 35 maître
1601 2084 52 40 de
1677 2084 202 51 chapelle
1904 2085 55 39 de
1978 2085 39 39 la
2042 2084 100 41 Basi-

174 2152 119 51 lique
316 2152 53 39 de
406 2151 308 41 Montmartre.
754 2151 124 41 Nous
908 2152 284 40 renouvelons
1230 2158 91 33 tous
1361 2166 78 25 nos
1460 2152 290 54 compliments
1770 2167 50 24 au
1849 2152 124 51 jeune
1998 2161 144 45 compo-

173 2218 133 47 siteur,
325 2220 105 38 dont
449 2234 106 25 nous
585 2220 179 54 parlons
803 2218 275 54 aujourd'hui
1109 2227 114 45 pour
1265 2220 40 38 la
1333 2219 207 54 première
1559 2220 89 51 fois
1766 2228 79 46 pas
1863 2229 111 45 pour
2005 2221 39 39 la
2081 2222 67 38 der-

178 2286 129 40 nière.

227 2355 59 39 Le
310 2354 143 41 chœur
487 2356 73 53 qui
597 2357 113 40 avait
740 2364 111 47 pour
892 2356 137 41 devise
1056 2371 11 23 :
1089 2354 115 54 Ai-je
1244 2358 146 38 mieux
1430 2358 140 39 réussi
1587 2356 19 38 ?
1630 2363 37 32 et
1707 2356 75 54 qui
1820 2356 113 41 avait
1953 2357 152 40 obtenu
2126 2358 42 39 la

174 2424 209 54 première
418 2424 205 49 mention,
680 2432 56 33 est
772 2423 173 42 Vœuvre
976 2424 101 40 d'un
1115 2424 201 40 musicien
1356 2427 81 37 très
1486 2425 220 53 distingué
1757 2431 37 33 et
1836 2428 80 36 très
1958 2425 210 54 apprécié,

178 2491 61 40 M.
259 2491 211 50 Watelle,
507 2492 104 50 chef
621 2493 49 39 de
691 2493 190 54 musique
903 2508 53 24 au
982 2493 82 40 io8
1067 2500 13 15 t
1102 2493 213 53 régiment
1334 2493 276 54 d'infanterie
1633 2495 22 37 à
1679 2492 233 54 Bergerac.

230 2560 122 41 Nous
375 2575 50 24 ne
438 2561 250 54 publierons
703 2561 58 40 les
783 2568 138 33 autres
940 2576 120 25 noms
1082 2559 213 42 d'auteurs
1318 2576 77 39 que
1417 2563 144 52 quand
1583 2575 107 26 nous
1719 2576 23 37 y
1775 2576 157 25 aurons
1964 2565 60 37 été
2046 2568 102 33 auto-

180 2628 103 40 risés
309 2638 81 45 par
413 2629 57 40 les
494 2629 234 41 intéressés.
