2289 3649
2082 295 79 49 467

843 302 327 27 PUBLICATIONS
1205 302 264 28 NOUVELLES

149 398 54 41 de
224 397 130 41 Faust
391 407 66 32 est
480 399 292 52 incomplète;
805 401 29 40 il
870 400 198 42 faudrait
1101 417 27 36 y
1148 401 173 52 joindre
1345 402 63 39 les
1432 414 130 28 noms
1600 402 53 41 de
1681 401 203 43 Galliard
1917 401 242 51 (Londres,

153 467 137 52 1715),
316 468 53 39 de
402 467 180 54 Phanty
618 466 208 55 (Vienne,
864 468 141 54 1790),
1034 469 159 41 Hanke
1218 468 289 53 (Flensburg,
1536 468 140 56 1794),
1700 471 177 42 Walter
1915 471 245 53 (Hanovre,

317 535 205 43 Wenzen
544 536 164 42 Mûller
731 536 208 54 (Vienne,
969 536 138 55 1818),
1207 538 117 40 voilà
1348 552 115 38 pour
1485 539 62 40 les
1568 553 177 27 œuvres
1780 543 248 50 comiques,
2055 556 106 27 sans

148 604 146 52 parler
332 605 53 40 de
409 605 39 40 la
475 605 312 42 bouffonnerie
826 605 192 42 d'Hervé
1043 604 161 55 (1869),
1232 608 91 50 qui,
1366 608 34 39 si
1426 606 88 42 l'on
1547 609 81 39 cite
1651 606 183 43 Strauss
1858 618 41 31 et
1934 609 145 52 Lickl,
2107 625 54 26 ne

148 675 168 39 saurait
339 677 91 38 être
468 675 194 40 oubliée.
692 674 122 41 Pour
834 675 64 40 les
918 679 161 48 opéras
1117 676 190 48 sérieux,
1332 675 39 40 la
1397 675 99 42 liste
1519 685 66 32 est
1609 680 21 36 à
1668 675 171 43 refaire.
1868 678 31 40 Il
1923 694 28 36 y
1990 693 21 25 a
2034 678 107 42 d'ail-

148 741 120 42 leurs
311 757 77 26 sur
417 757 47 27 ce
488 745 113 51 sujet
623 743 79 40 des
725 745 267 50 répertoires
1030 745 209 52 spéciaux
1261 743 73 51 (cf.
1362 744 41 40 la
1427 743 271 42 Bibliotheca
1734 746 239 40 Faustiana
1979 779 9 15 ,
2037 760 126 38 1510-

152 813 117 48 1873,
294 812 54 39 de
380 811 162 52 Engel,
563 811 315 52 Oldenbourg,
906 810 138 55 1874).

202 909 216 43 GEORGES
461 911 228 42 HOUDARD

1145 812 38 54 J.
1220 812 50 40 C.

713 925 8 26 :
746 912 61 40 La
852 912 211 40 cantilène
1100 912 215 48 romaine,
1350 913 122 40 étude
1495 912 232 55 historique
1767 913 34 47 (1
1823 915 88 40 vol.
1934 930 67 36 gr.
2023 917 138 50 in-B°,

150 983 74 37 118
249 995 61 37 p.,
337 980 148 48 Paris,
530 981 103 41 chez
670 980 338 52 Fischbacher).
1047 981 147 40 —Ce
1224 982 110 39 livre
1351 983 245 50 important
1616 981 54 41 de
1692 981 61 40 M.
1776 982 214 42 Houdard
2017 993 65 32 est
2106 986 56 39 de

145 1063 106 26 ceux
276 1049 107 52 qu'il
404 1063 55 27 ne
483 1049 94 42 faut
597 1064 79 39 pas
702 1052 228 51 apprécier
949 1051 290 50 légèrement,
1266 1051 114 40 mais
1405 1053 226 38 examiner
1647 1059 44 33 et
1710 1051 195 41 discuter
1927 1066 53 26 en
2004 1054 153 39 détail.

144 1116 125 43 Nous
292 1131 138 28 avons
454 1124 68 36 été
544 1120 101 52 plus
668 1120 132 40 d'une
828 1119 86 41 fois
934 1133 54 27 en
1002 1120 241 40 désaccord
1270 1134 104 26 avec
1398 1120 39 40 le
1458 1129 156 31 savant
1638 1120 246 42 théoricien
1910 1135 8 34 ;
1942 1123 115 39 mais
2080 1136 81 27 sur

144 1186 228 52 plusieurs
397 1190 151 49 points
570 1202 115 27 nous
710 1202 139 28 avons
871 1193 21 35 à
917 1202 114 28 nous
1055 1190 214 40 instruire
1294 1202 54 28 en
1366 1189 40 40 le
1428 1189 150 41 lisant.
1611 1188 69 42 En
1701 1198 95 32 tout
1813 1203 88 37 cas,
1934 1190 29 40 il
1989 1204 53 27 ne
2061 1190 99 42 faut

142 1268 81 39 pas
271 1255 176 41 oublier
480 1258 137 52 qu'un
665 1258 102 52 juge
800 1259 212 49 autorisé,
1056 1257 63 41 M.
1167 1257 132 51 Hugo
1345 1257 241 52 Riemann,
1621 1273 21 25 a
1687 1259 143 40 classé
1868 1273 104 26 avec
2007 1261 150 40 raison

141 1322 64 41 M.
248 1324 216 42 Houdard
485 1327 144 51 parmi
663 1326 62 41 les
750 1327 63 39 six
837 1340 57 27 ou
918 1336 94 43 sept
1033 1328 218 39 écrivains
1286 1329 179 38 sérieux
1491 1329 94 51 qui,
1611 1340 54 27 en
1691 1327 188 49 France,
1907 1338 76 31 ont
2006 1329 152 40 étudié

141 1393 37 40 le
202 1393 301 52 plain-chant.
520 1393 125 42 Nous
670 1408 114 27 nous
807 1409 254 38 proposons
1084 1395 54 40 de
1156 1397 173 38 revenir
1349 1395 100 52 plus
1468 1395 113 51 tard,
1606 1401 128 46 après
1759 1398 170 39 sérieux
1949 1411 204 35 examen,

142 1474 76 27 sur
234 1462 220 52 quelques
471 1464 167 49 parties
661 1463 53 40 de
738 1477 46 26 sa
819 1463 216 41 doctrine.

1054 1461 74 56 J.
1165 1461 74 56 C.

194 1567 51 40 A.
271 1567 239 41 SCHERING
535 1579 7 27 :
573 1567 245 42 Geschichte
841 1569 72 38 des
948 1568 502 41 Instrumentalkonzerts
1488 1569 217 49 (Histoire
1729 1571 58 40 du
1813 1580 203 32 concerto
2061 1574 71 38 ins-

138 1636 285 51 trumental),
453 1651 12 25 i
494 1637 90 40 vol.
604 1637 129 48 in-8°,
757 1641 78 36 226
864 1651 61 38 p.,
948 1635 202 54 Leipzig,
1169 1637 103 40 chez
1287 1636 251 53 Breitkopf.
1579 1660 53 5 —
1654 1637 131 42 Edité
1821 1653 80 37 par
1923 1639 231 42 Hermann

142 1704 314 41 Kretzschmar
490 1706 112 39 dans
621 1705 38 40 la
695 1705 233 41 collection
952 1706 76 40 des
1053 1720 20 21 «
1106 1705 209 41 Manuels
1347 1719 114 39 pour
1484 1704 229 42 l'Histoire
1747 1706 53 39 de
1824 1706 39 39 la
1886 1708 208 51 musique
2113 1721 39 34 »,

139 1774 104 40 c'est
265 1788 60 26 un
361 1773 158 41 travail
552 1775 261 50 important,
841 1771 79 42 fait
964 1787 103 26 avec
1105 1787 60 26 un
1207 1774 138 51 esprit
1381 1774 205 52 critique,
1612 1783 41 31 et
1693 1780 57 34 où
1775 1774 64 40 les
1879 1788 181 27 sources
2100 1776 54 40 de

139 1840 226 42 l'Histoire
389 1842 217 40 musicale
642 1851 100 31 sont
777 1842 199 40 étudiées
1001 1842 306 40 directement.

193 1947 258 41 NIETZSCHE
492 1961 332 28 COMPOSITEUR.
849 1970 54 4 —
938 1947 60 41 M.
1039 1947 132 41 Peter
1205 1946 111 42 Gast
1338 1949 121 39 vient
1491 1948 54 40 de
1583 1947 177 53 publier
1783 1953 21 35 à
1846 1948 151 41 Berlin
2032 1950 118 47 (chez

139 2014 215 43 Schuster
376 2025 42 32 et
455 2015 181 53 Lôffler)
676 2017 39 39 la
754 2030 20 26 2
781 2023 12 15 e
831 2018 141 50 partie
1011 2016 58 40 du
1100 2016 88 40 vol.
1216 2015 56 41 III
1303 2016 52 40 de
1380 2017 40 39 la
1441 2017 387 52 correspondance
1861 2018 213 50 générale
2096 2019 54 39 de

136 2084 250 42 Nietzsche.
412 2084 65 42 La
513 2087 122 50 pièce
671 2085 39 39 la
735 2085 101 52 plus
870 2086 296 39 intéressante
1186 2084 53 41 de
1267 2098 47 27 ce
1348 2086 162 40 recueil
1534 2094 65 32 est
1633 2086 39 40 la
1706 2086 127 40 lettre
1866 2093 56 33 où
1948 2086 124 42 Hans
2098 2087 54 40 de

134 2153 158 42 Bulow
316 2155 104 52 juge
455 2152 236 43 Nietzsche
724 2167 173 28 comme
936 2155 318 51 compositeur.
1280 2152 237 43 Nietzsche
1541 2156 118 38 avait
1680 2155 174 50 assisté,
1881 2168 53 26 en
1981 2159 117 47 1872.
2127 2160 21 34 à

134 2221 202 51 Munich,
362 2228 21 35 à
404 2237 87 26 une
529 2224 358 51 représentation
926 2223 53 40 de
1009 2222 170 40 Tristan
1211 2235 85 39 que
1331 2222 209 51 dirigeait
1573 2221 125 41 Hans
1720 2223 53 40 de
1808 2221 177 43 Bulow.
2010 2222 140 42 Notre

134 2291 426 52 philosophe-poète
584 2292 209 39 traduisit
822 2304 82 27 son
933 2290 339 41 enthousiasme
1296 2291 111 40 dans
1446 2304 86 27 une
1576 2300 119 31 sorte
1738 2291 53 40 de
1824 2291 268 52 symphonie
2127 2297 20 34 à

133 2360 171 49 grande
344 2360 155 48 allure,
534 2357 487 57 Manfred-Méditation
1029 2390 8 17 ,
1075 2359 153 40 dédiée
1263 2363 21 36 à
1320 2359 174 40 Bulow.
1522 2357 194 42 Celui-ci
1752 2360 60 39 lui
1838 2360 204 51 répondit
2063 2374 85 26 une

132 2427 125 40 lettre
275 2427 174 41 brutale
471 2436 42 32 et
534 2429 183 46 sincère,
744 2432 22 35 à
790 2428 153 40 moitié
962 2428 127 51 juste.
1117 2449 52 7 —
1194 2441 19 24 «
1232 2427 69 40 En
1322 2428 224 51 musique,
1574 2428 202 48 disait-il,
1797 2429 38 50 je
1859 2430 93 38 suis
1973 2441 174 27 comme

131 2510 104 26 ceux
260 2499 92 50 qui,
387 2510 55 27 en
482 2498 183 38 matière
695 2494 216 53 d'argent,
951 2496 185 39 laissent
1172 2495 53 41 de
1266 2498 97 38 côté
1400 2496 39 40 le
1482 2497 241 39 sentiment
1764 2494 379 54 [Gemûtlichheit).

133 2564 135 41 Votre
303 2563 261 43 Méditation
585 2580 73 24 sur
676 2563 209 52 Manfred
904 2573 65 32 est
1005 2564 40 40 la
1070 2564 134 41 chose
1227 2564 40 40 la
1301 2564 103 52 plus
1437 2573 319 42 extravagante
1780 2573 41 32 et
1839 2565 39 40 la
1902 2565 100 51 plus
2037 2568 88 37 anti-

133 2635 213 39 musicale
382 2648 86 37 que
490 2633 98 53 j'aie
609 2634 71 40 lue
700 2634 158 52 depuis
882 2632 103 41 bien
1006 2633 257 52 longtemps
1306 2632 94 49 [das
1430 2632 264 41 Extremster
1725 2648 82 26 von
1826 2632 322 57 phantasticher

130 2701 383 55 Extravagant)...
541 2716 18 24 »
592 2701 252 49 Nietzsche,
871 2703 75 51 qui
979 2703 105 39 était
1120 2716 59 26 un
1216 2707 87 35 très
1324 2702 144 50 grand
1506 2703 152 51 esprit,
1684 2716 55 27 ne
1782 2716 45 27 se
1850 2702 124 41 fâcha
2002 2705 141 49 point,

131 2780 172 31 montra
344 2771 40 40 la
410 2772 125 39 lettre
558 2785 54 26 en
645 2773 202 39 souriant
872 2775 22 35 à
918 2784 70 27 ses
1013 2773 129 45 amis,
1161 2778 41 32 et
1233 2771 218 39 remercia
1480 2769 176 42 Bulow.

186 2870 214 41 ALBERTO
442 2870 242 42 WILLIAMS
706 2881 7 29 :
755 2870 185 41 Œuvres
975 2877 113 47 pour
1121 2869 133 54 piano
1295 2867 39 55 (à
1375 2867 350 49 Buenos-Aires,
1767 2870 103 40 chez
1894 2869 169 41 Curina
2086 2882 7 33 ;
2122 2875 20 34 à

130 2938 143 51 Paris,
294 2940 102 40 chez
413 2939 180 41 Demets
610 2948 41 32 et
670 2940 103 40 chez
796 2938 204 41 Hamelle
1018 2950 6 30 ;
1054 2953 39 25 11
1122 2936 207 54 cahiers).
1359 2962 40 4 —
1423 2938 63 40 De
1502 2936 349 51 Buenos-Aires,
1874 2937 62 40 M.
1957 2937 184 41 Alberto

129 3007 243 52 Williams,
396 3011 304 50 compositeur
734 3017 40 31 et
797 3013 146 47 poète,
969 3021 115 27 nous
1104 3009 157 39 envoie
1284 3020 69 27 ses
1391 3020 176 27 œuvres
1587 3019 114 39 pour
1729 3008 155 50 piano.
1929 3005 125 41 Nous
2080 3006 61 40 les

130 3091 136 26 avons
289 3078 95 40 lues
407 3091 103 26 avec
533 3077 39 40 le
594 3077 101 52 plus
717 3076 66 41 vif
812 3077 172 52 plaisir.
1007 3076 32 40 Il
1055 3092 27 37 y
1106 3091 22 25 a
1158 3076 40 40 là
1223 3076 76 40 des
1325 3076 197 51 rythmes
1546 3074 147 50 neufs,
1719 3075 52 40 de
1806 3074 262 41 l'invention
2101 3084 40 31 et

129 3146 52 40 de
195 3145 300 52 l'ingéniosité
517 3159 54 27 en
591 3147 185 40 matière
798 3145 294 50 d'harmonie,
1115 3145 77 40 des
1214 3144 113 40 idées
1334 3177 7 16 )
1369 3152 40 33 et
1430 3157 85 27 une
1535 3145 299 49 imagination
1855 3149 87 35 très
1964 3144 174 52 souple.
