2243 4371
138 341 95 51 558

740 338 331 52 BRUNO'S
1162 338 346 52 WEEKLY

138 468 151 52 erick
326 468 252 52 William
618 469 76 59 11,
735 467 302 51 Frederick
1075 466 251 50 William
1369 466 109 58 111,
1520 464 302 51 Frederick
1859 463 250 52 William

142 533 96 58 IV,
274 533 252 51 William
562 533 44 55 I,
640 533 108 50 and
786 530 316 51 Fredericw
1139 532 89 48 III
1234 530 325 51 —summed
1595 546 71 44 up
1703 546 94 34 are
1834 528 163 62 again
2039 527 74 52 17.

204 596 128 50 Add
365 596 263 60 together
660 596 94 50 the
788 596 237 49 number
1056 594 60 52 of
1149 594 334 61 belligerent
1516 593 202 50 rulers:
1756 594 224 58 George
2015 593 98 59 IV,

142 661 269 52 Nicholas
447 661 76 59 11,
556 661 201 50 Albert
792 661 43 60 I,
868 660 200 51 Victor
1106 659 272 51 Emanuel
1416 660 109 58 111,
1561 660 166 50 Peter
1764 659 42 58 I,
1843 657 270 53 Nicholas

143 726 42 60 I,
221 726 250 51 William
509 726 76 57 11,
622 725 231 51 Francis
887 725 213 61 Joseph
1140 725 42 58 I,
1218 725 109 48 and
1366 722 318 51 Ferdinand
1724 722 42 59 I,
1802 723 109 49 and
1949 721 164 61 again

143 791 93 51 the
274 791 140 49 total
452 798 265 42 amounts
755 798 60 42 to
858 788 74 52 17.
1004 790 127 49 And
1172 788 190 61 finally
1402 788 156 50 there
1599 787 44 51 is
1682 788 93 51 the
1813 803 135 46 year
1992 786 123 52 1916

142 854 154 51 itself
343 856 50 58 (1
438 854 126 64 plus
603 857 32 47 9
675 854 126 60 plus
848 856 18 47 1
910 853 126 64 plus
1078 854 32 49 6
1150 853 193 61 equals
1390 852 108 61 17).

208 919 188 51 While
440 919 93 50 the
576 919 183 50 editor
801 918 61 51 of
904 919 93 48 the
1359 918 191 49 denies
1594 917 397 60 superstitious
2037 915 52 51 in-

143 983 316 59 clinations,
499 984 67 49 he
604 983 191 50 thinks
834 983 39 49 it
910 983 183 49 worth
1131 983 165 49 while
1335 990 58 42 to
1431 999 158 33 muse
1627 998 148 44 upon
1817 981 111 51 this
1967 998 111 44 mys-

143 1047 211 51 terious
396 1047 246 51 incident
680 1047 61 51 of
780 1049 93 48 the
913 1049 236 48 number
1190 1055 318 43 seventeen.

140 1161 188 59 Henry
359 1161 181 48 James

210 1240 198 60 Henry
461 1241 190 59 James
706 1240 127 49 died
887 1240 92 48 the
1033 1239 165 50 other
1252 1240 123 60 day,
1430 1254 61 34 as
1544 1237 70 51 he
1668 1239 110 49 had
1833 1237 163 59 lived,
2049 1254 69 34 an

143 1302 330 61 Anglicized
519 1302 317 50 American.
915 1303 122 49 The
1084 1319 126 33 man
1257 1302 107 50 had
1411 1319 30 33 a
1485 1301 171 51 mind.
1737 1302 89 48 He
1873 1302 108 50 had
2026 1302 93 48 the

143 1374 128 42 root
327 1366 61 50 of
443 1366 230 62 literary
727 1366 233 62 artistry
1018 1367 52 48 in
1129 1366 130 49 him.
1353 1366 106 49 His
1517 1381 116 34 was
1689 1382 30 33 a
1776 1366 200 59 genius
2034 1363 88 52 for

146 1430 293 51 subtleties
487 1432 108 48 and
643 1447 263 34 nuances.
991 1430 155 50 Even
1196 1430 67 50 he
1313 1429 164 51 loved
1525 1430 94 50 the
1666 1430 207 50 human
1922 1429 197 60 beings

143 1494 67 49 he
246 1503 178 40 wrote
461 1495 188 57 about,
685 1495 98 48 but
819 1494 134 51 with
990 1512 31 31 a
1057 1501 121 42 sort
1212 1493 61 50 of
1309 1493 241 50 Sadistic
1585 1493 97 61 joy
1720 1493 54 49 in
1813 1493 146 50 their
1993 1509 97 45 psy-

146 1557 259 61 chologic
449 1557 349 50 vivisection.
880 1559 109 48 But
1032 1559 67 48 he
1146 1574 113 33 was
1304 1574 29 33 a
1379 1556 192 51 victim
1615 1556 60 51 of
1718 1556 145 61 style
1910 1556 187 61 qualifi-

147 1621 178 51 cative
377 1630 59 42 to
488 1622 93 50 the
635 1622 106 50 last
793 1621 143 49 limit
985 1621 60 49 of
1094 1628 356 51 tenousness,
1502 1637 63 35 so
1619 1620 254 61 insanely
1926 1628 85 42 set
2065 1628 58 42 to

146 1687 160 48 catch
349 1687 91 48 the
482 1686 210 49 elusive
735 1702 60 33 as
836 1695 59 40 to
937 1686 136 49 miss
1115 1687 92 48 the
1250 1686 266 58 tangible.
1593 1686 106 49 His
1741 1686 227 59 writing
2009 1701 113 34 was

146 1766 155 34 more
341 1749 233 51 difficult
614 1750 134 50 than
792 1749 345 50 Meredith's.
1215 1749 89 50 No
1344 1749 190 50 writer
1573 1766 102 33 can
1718 1749 105 51 live
1865 1750 73 60 by
1978 1749 146 61 style

144 1813 179 58 alone,
353 1813 108 49 and
490 1814 92 48 the
613 1814 301 48 substance
943 1811 302 51 concealed
1276 1813 53 48 in
1357 1813 207 59 James'
1596 1813 143 61 style
1770 1829 114 33 was
1915 1813 208 61 mostly

146 1877 303 59 negligible
486 1877 161 50 when
688 1877 41 49 it
765 1877 165 50 could
969 1877 67 50 be
1075 1877 197 50 trailed
1313 1885 57 42 to
1411 1876 69 51 its
1518 1876 196 61 hiding
1750 1877 157 61 place
1946 1877 53 50 in
2039 1877 84 50 his

146 1941 189 49 verbal
375 1941 472 60 entanglements.

1198 2023 78 47 W.
1310 2023 78 47 M.
1422 2021 189 60 Reedy,
1648 2021 49 48 in
1736 2021 76 49 his
1847 2021 215 49 Mirror.

146 2147 96 87 In
288 2148 198 88 Our
529 2148 363 105 Village

143 2276 230 48 Bruno's
400 2276 199 48 Garret
624 2276 110 48 and
763 2277 67 47 its
857 2276 161 59 Story

162 2355 272 53 AGAIN
481 2355 22 50 I
546 2372 91 33 am
679 2355 202 60 sitting
922 2355 147 60 here,
1114 2357 50 48 in
1211 2357 158 48 these
1411 2357 94 48 old
1549 2354 319 52 time-worn
1915 2372 207 43 rooms,

312 2425 192 49 whose
553 2424 173 51 floors
774 2441 153 33 seem
975 2441 139 33 even
1162 2441 156 33 more
1368 2423 229 61 rickety,
1646 2424 193 50 whose
1888 2424 235 61 ceilings

146 2505 206 46 appear
378 2507 137 34 even
547 2490 173 50 lower
749 2490 133 50 than
913 2489 194 51 before
1138 2490 92 50 the
1262 2490 113 58 fire,
1404 2490 121 50 that
1554 2489 318 62 mercifully
1900 2490 221 51 wanted

147 2564 58 42 to
252 2554 169 50 assist
471 2555 208 49 Father
726 2555 178 58 Time,
951 2555 99 49 but
1097 2554 93 50 did
1238 2564 100 40 not
1387 2555 250 58 succeed,
1688 2554 52 50 in
1790 2555 333 62 destroying

146 2618 381 63 prematurely
565 2618 112 51 this
715 2620 185 49 oldest
941 2618 61 52 of
1040 2618 71 51 all
1154 2618 93 51 the
1288 2620 207 49 houses
1536 2618 54 51 in
1633 2620 330 50 Greenwich
2006 2620 87 50 Vil-

147 2684 138 59 lage.

209 2749 129 50 And
376 2766 127 33 now
539 2748 93 51 the
670 2748 257 51 landlord
966 2748 101 51 has
1102 2757 99 53 put
1237 2766 29 33 a
1305 2748 129 51 roof
1468 2764 134 35 over
1638 2764 94 46 my
1769 2749 159 60 head,
1966 2750 160 50 made

147 2811 183 52 minor
367 2811 212 64 repairs
619 2813 131 50 here
790 2813 108 49 and
937 2813 174 58 there,
1149 2813 109 49 and
1298 2811 39 50 if
1375 2813 94 50 the
1507 2813 178 49 winds
1726 2814 72 49 do
1837 2823 99 40 not
1975 2815 147 48 blow

147 2886 60 42 to
246 2877 191 61 wildly
475 2877 109 51 and
626 2879 94 49 the
762 2894 158 33 snow
961 2879 136 49 does
1139 2886 99 42 not
1279 2877 96 50 fall
1418 2886 98 42 too
1557 2877 236 63 heavily,
1836 2879 23 49 I
1902 2879 113 50 will
2057 2880 66 48 be

148 2941 117 52 safe
299 2942 140 50 until
476 2942 93 50 the
603 2941 133 51 mild
773 2941 197 62 spring
1003 2941 180 51 winds
1218 2943 169 49 usher
1422 2941 52 49 in
1511 2941 182 51 friend
1729 2959 265 35 summer.

216 3008 52 50 It
299 3007 45 51 is
376 3025 30 33 a
437 3007 111 51 real
581 3016 190 51 garret
801 3008 108 50 and
942 3008 66 50 be
1041 3008 41 50 it
1114 3016 99 42 not
1246 3008 92 50 the
1371 3007 285 60 quaintest
1688 3007 50 51 in
1776 3008 140 51 New
1949 3009 174 58 York,

148 3070 188 63 surely
374 3072 41 49 it
453 3072 46 49 is
536 3072 165 51 down
741 3072 132 49 here
913 3072 52 49 in
1009 3072 329 52 Greenwich
1379 3072 239 59 Village.

211 3138 121 49 The
367 3136 142 53 little
543 3138 174 49 shack
748 3136 180 51 which
965 3145 56 42 at
1053 3145 228 54 present
1317 3136 240 51 shelters
1595 3138 239 51 Bruno's
1868 3139 258 61 Weekly,

150 3203 191 49 Bruno
379 3203 157 62 Chap
575 3203 191 49 Books
802 3203 108 49 and
948 3201 221 62 myself,
1208 3201 44 51 is
1291 3201 195 61 nearly
1522 3219 108 33 one
1667 3203 254 50 hundred
1961 3218 163 44 years

145 3266 110 51 old.
322 3267 52 50 It
402 3283 116 34 was
548 3266 94 51 the
673 3266 325 51 tool-house
1030 3265 61 52 of
1117 3284 31 33 a
1180 3266 113 61 city
1323 3267 357 59 undertaker,
1712 3267 94 50 the
1839 3267 289 51 residence

145 3331 62 51 of
246 3331 297 52 Governor
585 3332 205 50 Lucius
835 3331 291 51 Robinson
1169 3332 108 50 and
1319 3349 31 33 a
1392 3332 367 58 stage-house
1801 3333 186 50 where
2030 3333 93 50 the

147 3397 431 60 stage-coaches
621 3397 240 61 stopped
904 3397 108 49 and
1054 3396 202 50 waited
1299 3396 141 50 until
1483 3397 94 49 the
1619 3397 131 49 mail
1794 3413 115 35 was
1953 3397 145 51 deliv-

146 3462 129 50 ered
305 3462 107 49 and
442 3478 124 33 new
593 3460 131 51 mail
752 3462 166 49 taken
948 3478 89 41 on,
1067 3460 39 51 it
1134 3478 114 33 was
1276 3478 29 33 a
1335 3462 344 50 road-house
1708 3462 187 50 where
1924 3462 199 62 people

145 3526 137 50 used
319 3534 58 42 to
412 3542 162 34 come
611 3534 58 42 to
706 3526 175 60 spend
919 3525 144 50 their
1101 3524 226 62 Sunday
1364 3525 349 61 afternoons,
1750 3526 108 51 and
1897 3528 133 49 then
2071 3526 51 51 in

146 3590 166 62 quick
344 3590 343 58 succession,
721 3591 45 50 is
800 3606 115 33 was
948 3608 28 31 a
1013 3590 195 51 saloon
1244 3591 107 50 and
1385 3606 68 33 an
1491 3590 110 51 inn.

214 3656 65 49 In
321 3656 94 51 the
456 3672 153 33 same
651 3671 193 33 rooms
884 3656 186 49 where
1111 3672 30 33 a
1182 3655 113 61 city
1335 3655 339 50 undertaker
1714 3656 276 61 prepared
2032 3657 92 50 the

146 3721 195 52 bodies
371 3721 62 50 of
461 3721 94 50 the
586 3719 160 61 city's
777 3736 142 46 poor
948 3719 89 51 for
1069 3718 145 51 their
1243 3719 109 51 last
1383 3719 401 63 resting-place
1816 3737 72 36 on
1921 3721 164 50 Wash-

147 3784 197 62 ington
387 3784 230 62 Square,
659 3785 133 51 then
839 3784 243 51 Potter's
1126 3784 173 61 Field,
1340 3784 188 51 where
1568 3802 31 33 a
1642 3785 296 53 Governor
1981 3785 143 51 lived
