2243 4371
122 355 93 48 562

721 351 335 52 BRUNO'S
1145 350 347 52 WEEKLY

123 466 175 51 Often
336 466 52 49 in
424 466 159 51 these
617 481 174 44 pages
827 465 139 49 have
1006 465 22 48 I
1067 463 170 51 dwelt
1271 478 149 45 upon
1460 459 409 61 Kreymborg's
1907 473 153 45 maga-

122 531 138 57 zine,
307 532 108 49 and
461 529 326 61 repeatedly
833 529 91 50 did
974 531 21 47 I
1044 528 160 62 point
1248 536 99 42 out
1393 528 122 50 that
1888 523 203 51 should

122 598 139 48 have
311 595 300 51 contained
663 594 179 61 solely
895 593 409 61 Kreymborg's
1355 608 127 34 own
1534 607 215 45 poems,
1799 590 85 49 his
1937 589 160 50 short

123 660 220 61 stories,
378 677 65 34 or
476 660 86 50 his
598 675 218 45 essays;
853 660 108 50 and
997 659 242 61 perhaps
1275 674 140 33 once
1451 656 52 50 in
1540 673 30 33 a
1605 655 164 50 while
1804 672 31 33 a
1870 660 227 43 one-act

122 726 146 61 play,
307 741 62 35 as
410 726 69 48 he
519 725 102 49 has
663 724 310 61 developed
1016 722 251 61 recently
1310 721 120 51 into
1472 738 30 33 a
1542 717 356 65 playwright.
1975 717 120 50 The

122 807 127 35 man
300 791 128 51 who
476 791 102 49 has
627 790 271 59 difficulty
947 787 52 51 in
1050 786 295 62 obtaining
1393 804 30 33 a
1470 785 290 62 publisher
1808 783 109 50 and
1967 782 130 51 who

122 856 191 50 thinks
362 854 86 51 his
496 871 259 44 message
808 853 308 61 important
1164 852 225 60 enough
1439 859 59 42 to
1548 849 204 63 impart
1802 848 42 51 it
1892 856 60 42 to
2001 847 93 51 the

122 922 178 49 world
335 929 56 41 at
424 937 109 44 any
567 928 140 51 cost,
743 919 99 51 has
877 936 31 33 a
941 918 152 60 right
1126 933 65 34 or
1223 918 200 53 better,
1459 917 94 48 the
1589 917 153 58 duty,
1777 922 60 42 to
1869 912 225 62 publish

123 1003 29 34 a
185 985 292 60 magazine
514 984 60 51 of
607 984 86 49 his
729 1000 143 33 own.
945 983 108 49 But
1088 983 121 49 also
1246 981 40 50 it
1322 981 46 50 is
1402 980 86 51 his
1524 981 137 59 duty
1697 988 59 40 to
1792 986 128 53 stop
1956 978 104 59 pub-

123 1050 207 60 lishing
378 1049 87 51 his
515 1047 293 60 magazine
858 1046 273 61 instantly
1183 1045 41 49 if
1272 1045 87 51 his
1411 1061 146 44 song
1608 1044 45 49 is
1705 1059 160 43 sung,
1919 1040 40 51 if
2011 1040 86 52 his

124 1115 202 51 stories
360 1130 93 34 are
489 1113 119 51 told
642 1113 108 50 and
786 1112 84 50 his
904 1127 260 44 message
1200 1119 124 41 sent
1359 1110 119 49 into
1514 1110 92 49 the
1642 1107 194 51 world.

190 1181 52 49 It
279 1196 116 34 was
433 1180 221 59 shortly
692 1178 145 51 after
874 1193 92 45 my
1006 1177 203 51 arrival
1248 1176 52 49 in
1342 1173 330 54 Greenwich
1713 1174 224 58 Village
1976 1171 121 50 that

126 1246 22 48 I
185 1254 116 41 met
339 1244 380 61 Kreymborg,
755 1244 122 50 that
915 1243 23 50 I
979 1242 131 51 read
1147 1242 163 49 those
1347 1256 198 45 poems
1583 1239 61 50 of
1680 1238 86 49 his
1803 1237 181 50 which
2024 1252 73 34 no

123 1326 107 35 one
264 1309 223 51 wanted
526 1317 58 42 to
621 1307 298 59 recognize
956 1323 61 34 as
1055 1305 153 51 such.
1280 1305 23 50 I
1342 1304 295 62 published
1676 1303 85 49 his
1799 1301 144 50 little
1980 1299 90 51 vol-

120 1392 126 33 ume
291 1374 62 51 of
877 1389 61 33 as
984 1388 107 34 one
1136 1370 60 51 of
1239 1370 94 51 the
1380 1370 154 60 early
1581 1369 179 49 issues
1804 1366 61 51 of
1911 1367 192 49 Bruno

124 1437 156 63 Chap
319 1439 208 49 Books.
600 1439 25 48 I
665 1445 125 42 sent
828 1436 40 50 it
905 1444 98 43 out
1041 1435 120 51 into
1199 1435 92 49 the
1328 1434 179 50 world
1545 1449 61 33 as
1643 1449 31 33 a
1710 1431 295 58 challenge
2043 1437 60 42 to

120 1520 105 34 our
272 1502 316 51 household
637 1510 164 54 poets
851 1501 109 49 and
1009 1508 59 42 to
1117 1516 102 34 our
1270 1497 452 51 manufacturers
1770 1494 62 53 of
1878 1494 224 61 jingles.

612 1582 115 34 was
781 1566 289 49 discussed
1124 1564 72 50 all
1249 1580 135 33 over
1436 1563 94 50 the
1585 1569 255 51 country.
1933 1561 132 48 Para-

124 1633 272 60 graphers
442 1630 176 51 found
664 1630 53 49 in
767 1630 70 50 its
884 1646 174 44 pages
1103 1646 31 33 a
1180 1628 269 49 welcome
1497 1634 191 52 repast
1732 1624 183 51 which
1964 1624 134 60 they

126 1698 195 49 served
366 1696 213 50 hashed
623 1695 108 50 and
777 1694 224 51 toasted
1046 1701 60 44 to
1150 1693 145 50 their
1340 1691 243 59 readers,
1629 1707 135 34 over
1808 1689 107 49 and
1963 1704 135 34 over

123 1760 179 61 again.

192 1826 363 61 Kreymborg
588 1826 100 48 has
722 1825 141 49 been
899 1841 29 33 a
964 1822 368 61 philosopher
1366 1821 90 51 for
1489 1836 181 45 years.
1742 1820 89 49 He
1867 1818 101 51 has
2005 1820 93 49 the

124 1891 106 59 gift
266 1898 60 42 to
363 1906 93 34 see
494 1891 93 49 the
626 1889 169 50 detail
834 1888 52 50 in
927 1888 112 51 life.
1111 1887 90 49 He
1239 1886 174 52 found
1453 1884 86 51 his
1577 1901 126 34 own
1745 1883 247 51 solution
2033 1881 61 52 of

123 1957 94 51 the
253 1964 149 42 most
435 1954 343 61 mysterious
815 1953 208 51 riddles
1058 1952 62 50 of
1153 1953 93 49 the
1281 1950 277 51 universe.
1629 1950 89 49 He
1755 1949 175 50 found
1968 1949 40 50 it
2046 1948 51 49 in

124 2022 93 50 the
255 2020 307 61 every-day
602 2019 94 50 life
734 2018 62 51 of
833 2036 146 33 man.
1054 2016 89 50 He
1183 2015 45 52 is
1267 2033 68 34 an
1375 2014 179 52 artist.
1627 2014 212 51 Words
1878 2029 95 33 are
2013 2011 85 51 his

123 2085 281 58 material;
451 2085 68 50 he
566 2100 297 47 expresses
910 2082 360 61 philosophy,
1317 2080 306 55 evolution,
1671 2085 429 53 temperament,

123 2150 201 51 moods
358 2150 244 61 through
639 2149 94 50 the
766 2149 229 59 rhythm
1027 2146 60 51 of
1117 2146 87 50 his
1237 2146 204 50 words.
1509 2145 121 49 The
1662 2143 189 50 words
1886 2157 92 35 are
2013 2141 86 51 his

126 2223 351 42 statements.
566 2215 123 50 The
747 2213 228 63 rhythm
1032 2212 45 51 is
1134 2211 86 51 his
1279 2211 172 58 color,
1509 2209 86 50 his
1653 2207 450 62 composition

126 2281 219 59 shortly
378 2279 112 51 life.

190 2344 111 50 But
331 2344 70 50 he
433 2343 274 51 ventured
741 2350 98 42 out
874 2340 61 52 of
966 2340 87 51 his
1086 2339 195 52 world.
1352 2339 89 51 He
1476 2336 101 53 left
1613 2338 94 51 the
1742 2335 153 62 quiet
1930 2335 148 52 seclu-

126 2408 120 52 sion
287 2409 109 49 and
433 2415 151 43 went
621 2415 99 42 out
757 2406 120 50 into
917 2406 92 50 the
1050 2404 351 59 community
1439 2403 61 50 of
1536 2419 145 33 men.
1755 2401 160 60 They
1954 2417 146 34 were

123 2474 234 59 waiting
401 2472 89 50 for
533 2472 131 51 him.
740 2472 179 60 They,
964 2480 114 44 too,
1124 2470 108 49 had
1277 2469 188 50 words
1511 2469 107 49 and
1665 2467 246 60 rhythm.
1992 2466 110 51 But

123 2537 243 61 nothing
397 2538 132 51 else.
597 2537 161 61 They
792 2552 146 35 were
975 2533 348 54 enthusiasts
1357 2550 65 35 or
1458 2532 241 52 faddists
1700 2532 205 60 they
1940 2531 163 51 knew

124 2612 101 42 not
261 2602 111 51 life.

194 2669 363 60 Kreymborg
592 2667 139 50 took
766 2667 152 48 them
956 2665 177 49 under
1167 2663 86 51 his
1290 2663 197 56 wings.
1558 2662 89 50 He
1685 2660 296 52 neerlected
2018 2659 85 51 his

124 2749 126 35 own
301 2740 85 42 art
435 2733 108 48 and
592 2747 115 34 was
758 2731 93 49 the
903 2729 298 58 champion
1253 2726 61 52 of
1361 2728 165 49 other
1575 2725 249 62 people's
1872 2724 235 51 fanciful

126 2798 429 49 machinations.
621 2796 89 51 He
740 2794 346 52 established
1116 2792 244 59 friendly
1390 2792 351 50 intercourse
1771 2790 135 51 with
1939 2791 164 50 those

127 2871 161 52 poets
331 2879 195 33 across
569 2861 94 50 the
705 2869 176 42 water
922 2860 129 49 who
1095 2875 92 33 are
1232 2857 174 60 doing
1448 2856 193 60 things
1685 2855 52 50 in
1783 2855 147 50 their
1973 2871 127 34 own

126 2927 294 60 waybut
470 2926 230 59 nobody
752 2925 113 50 else
917 2923 165 51 could
1134 2923 72 50 do
1257 2922 41 49 it
1349 2921 52 49 in
1453 2921 146 50 their
1648 2937 126 33 own
1825 2936 126 44 way
2000 2919 102 50 but

127 2993 133 57 they
316 2991 358 50 themselves.
767 2989 364 59 Kreymborg
1186 2985 248 53 founded
1491 3003 29 33 a
1575 2984 309 62 magazine.
1976 2984 126 48 And

127 3057 219 50 further
385 3057 109 49 and
538 3054 219 51 further
799 3054 92 50 did
933 3055 69 49 he
1044 3052 136 52 drift
1220 3069 159 42 away
1422 3050 148 51 from
1611 3050 86 50 his
1738 3067 127 34 own
1912 3048 120 50 self.

194 3121 132 54 Yes,
369 3121 159 49 there
573 3135 92 35 are
708 3119 152 60 good
904 3118 192 59 things
1139 3125 60 42 to
1241 3118 67 49 be
1354 3115 174 51 found
1572 3132 72 33 on
1690 3115 94 50 the
1827 3129 174 46 pages
2047 3111 60 51 of

480 3185 110 51 But
618 3185 150 51 what
795 3185 100 49 has
926 3184 364 59 Kreymborg
1317 3190 59 43 to
1404 3182 72 50 do
1502 3181 134 50 with
1666 3180 71 51 all
1769 3180 155 49 that?
1984 3179 121 49 The

126 3251 365 60 Kreymborg
523 3250 130 49 who
686 3257 179 42 wrote
1374 3246 107 49 and

194 3316 139 49 Last
362 3314 265 60 Tuesday
659 3314 68 50 he
761 3330 139 44 gave
933 3330 29 34 a
995 3312 234 62 reading
1260 3312 52 49 in
1347 3312 93 49 the
1473 3309 384 60 Washington
1893 3308 211 61 Square

129 3379 327 60 Bookshop.
532 3379 89 50 He
660 3378 93 49 did
792 3387 101 40 not
932 3378 131 48 read
1103 3375 86 51 his
1229 3392 126 34 own
1396 3391 214 45 poems,
1650 3375 68 50 he
1760 3372 345 62 interpreted

128 3445 94 51 the
272 3445 188 50 words
508 3443 62 52 of
617 3444 211 52 others,
876 3441 61 51 of
985 3443 164 49 those
1199 3441 194 51 others
1441 3440 193 52 whose
1685 3438 304 62 godfather
2037 3438 68 48 he

127 3511 106 50 had
273 3511 140 50 been
452 3507 204 56 during
693 3509 93 49 the
824 3516 127 52 past
987 3523 148 45 year.

194 3575 51 48 A
278 3581 203 55 poetry
515 3572 234 60 reading
782 3572 52 50 in
871 3589 29 33 a
936 3572 153 60 large
1125 3571 112 61 city
1272 3570 45 50 is
1352 3570 108 50 like
1496 3586 29 34 a
1562 3568 143 60 cool,
1740 3567 170 52 white
1947 3567 129 52 foun-

128 3640 112 50 tain
280 3641 53 48 in
369 3640 96 49 the
500 3640 100 49 hot
636 3640 102 59 dry
774 3638 204 50 desert.

192 3706 123 49 The
345 3706 173 49 doors
546 3703 143 51 wide
720 3720 161 44 open,
912 3720 29 33 a
973 3700 108 53 few
1112 3700 183 53 chairs
1326 3700 108 51 and
1465 3700 325 60 everybody
1820 3698 287 51 welcome.

128 3770 127 50 And
288 3769 94 51 the
414 3784 128 35 man
575 3784 72 35 on
682 3768 94 49 the
808 3765 270 64 platform
1111 3783 64 33 or
1208 3765 52 50 in
1294 3767 94 49 the
1422 3764 172 51 midst
1625 3763 61 51 of
1717 3765 95 49 the
1846 3761 262 51 listeners

128 3833 235 62 reading
392 3833 85 50 his
512 3849 125 34 own
670 3849 214 43 poems.
954 3831 256 60 Reading
1242 3831 86 51 his
1361 3848 126 34 own
1521 3831 205 51 works,
1760 3827 175 63 going
1968 3827 143 51 back

129 3910 59 41 to
223 3900 163 52 those
423 3897 165 52 times
623 3897 239 51 without
898 3896 330 62 printshops
1265 3896 108 50 and
1409 3894 241 52 without
1685 3895 199 54 books,
1923 3894 185 49 where
