2243 4371
480 378 637 120 BRUNO'S
1173 386 645 117 WEEKLY

146 531 188 49 Edited
364 534 69 58 by
458 536 179 47 Guido
662 538 184 47 Bruno
878 541 55 46 in
988 542 96 47 His
1117 543 198 48 Garret
1341 563 70 29 on
1438 546 361 59 Washington
1820 550 209 58 Square

150 642 105 51 No.
299 642 73 51 12.

708 649 281 52 MARCH
1031 652 140 60 18th,
1210 654 343 54 MCMXVI.

1886 661 129 52 Vol.
2055 663 76 51 11.

143 786 363 62 Washington
533 792 212 58 Square

432 919 248 51 Nineteen
716 934 302 50 youngsters
1058 926 106 49 and
1200 945 29 31 a
1268 927 236 63 squirrel,

429 1014 337 64 thirty-seven
796 1027 218 53 peanuts
1049 1021 48 49 in
1130 1040 32 33 a
1195 1023 115 63 bag,

438 1111 184 58 (Come
661 1121 317 52 to-morrow,
1027 1119 423 61 Tummy-ache!)

425 1209 103 47 Sun
561 1207 246 64 grinning
839 1211 141 60 gold,

424 1304 99 61 Sky
550 1304 245 63 grinning
825 1308 134 59 blue,

425 1403 161 47 Earth
617 1402 245 65 grinning
896 1422 220 45 green—

426 1497 105 50 and
565 1500 85 49 the
684 1500 121 50 old!

1069 1614 193 60 Alfred
1288 1617 324 59 Kreymborg

137 1734 195 89 The
378 1735 221 88 Last
640 1737 104 89 of
787 1740 158 89 the
990 1740 231 89 War
1265 1742 828 109 Correspondents.

138 1860 260 87 WITH
426 1879 32 36 a
489 1864 242 51 Russian
759 1865 178 52 bullet
965 1867 53 50 in
1049 1867 85 52 his
1164 1869 177 60 heart,
1373 1870 186 50 Baron
1590 1887 110 34 von
1735 1870 381 63 Kriegelstein

305 1930 100 52 lies
438 1934 350 51 somewhere
824 1935 52 50 in
910 1936 94 50 the
1039 1936 237 61 melting
1310 1954 190 35 snows
1533 1938 61 51 of
1630 1939 138 51 East
1804 1940 238 52 Prussia

204 1996 128 50 And
372 1997 159 51 there
570 2015 94 33 are
703 2015 75 34 no
816 2016 157 35 more
1014 2018 115 33 war
1168 2004 506 59 correspondents!

202 2061 120 51 The
354 2062 234 51 restless
618 2063 225 61 driving
873 2066 124 51 soul
1028 2066 61 51 of
1120 2066 115 51 him
1267 2067 45 51 is
1345 2067 188 52 stilled
1566 2069 247 60 forever;
1848 2070 95 51 the
1976 2070 138 52 dash

138 2123 86 52 for
270 2124 292 64 telegraph
611 2127 157 61 lines,
814 2129 94 51 the
952 2131 371 61 cat-yowling
1365 2131 61 52 of
1469 2149 31 34 a
1545 2133 256 51 hundred
1846 2135 165 50 kinds
2055 2133 61 54 of

137 2189 288 64 shrapnel;
470 2196 94 47 the
609 2202 158 42 tense
810 2196 194 49 dawns
1049 2196 195 50 before
1290 2197 314 51 thousands
1648 2198 126 51 died
1820 2198 53 50 in
1921 2198 193 62 China,

138 2254 347 62 Manchuria,
519 2256 180 51 South
734 2258 212 61 Africa,
981 2260 172 60 Cuba,
1190 2262 335 58 Venezuela,
1563 2263 282 61 Bulgaria,
1881 2264 233 62 Tripoli,

136 2319 250 62 Mexico;
420 2323 93 49 the
515 2324 408 61 —everything
953 2325 124 50 that
1107 2326 161 50 made
1300 2343 111 34 von
1446 2328 384 61 Kriegelstein
1863 2330 95 50 the
1991 2339 122 43 true

134 2401 112 35 war
288 2389 566 59 correspondent—is
898 2405 151 36 over.

200 2450 111 50 But
348 2451 67 49 he
452 2460 151 42 must
637 2461 101 42 not
772 2469 132 45 pass
940 2462 99 42 out
1074 2453 239 52 without
1348 2472 108 35 one
1493 2456 167 61 bugle
1696 2457 107 51 call
1841 2457 122 52 that
1999 2458 111 52 will

133 2516 164 49 reach
332 2532 136 34 over
505 2526 59 42 to
599 2517 131 60 him,
767 2519 288 51 wherever
1092 2521 67 49 he
1196 2519 46 51 is
1279 2521 53 49 in
1367 2521 178 62 spirit,
1583 2531 60 42 to
1680 2522 76 52 let
1792 2523 115 51 him
1944 2524 168 53 know

132 2579 120 52 that
279 2597 104 34 our
410 2582 174 50 heads
611 2598 94 34 are
734 2599 156 35 more
918 2592 154 43 erect
1098 2584 89 51 for
1214 2584 132 61 him,
1374 2602 103 34 our
1505 2588 205 49 hearts'
1741 2589 159 60 pulse
1928 2591 184 49 better

131 2645 104 50 and
268 2662 104 33 our
401 2662 135 44 eyes
566 2646 159 51 shine
758 2648 170 50 moist
960 2664 61 34 as
1051 2665 84 35 we
1167 2649 189 52 stiffen
1390 2650 54 51 in
1477 2651 180 51 salute
1690 2660 61 44 to
1783 2653 94 51 the
1910 2653 110 53 last
2051 2651 61 54 of

131 2709 85 50 his
256 2710 160 51 tribe.

197 2773 205 61 Baron,
430 2775 135 50 with
593 2792 145 45 your
767 2776 208 62 rolling
1002 2777 176 61 voice,
1206 2795 145 46 your
1379 2778 146 64 grim
1554 2781 217 61 mouth,
1798 2798 145 45 your
1972 2784 103 62 boy-

131 2838 82 52 ish
259 2839 294 63 eyes—for
598 2842 94 49 the
739 2842 133 49 Hell
918 2845 133 59 they
1097 2845 140 49 have
1284 2861 132 34 seen
1461 2862 73 33 on
1581 2848 341 50 earth—and
1966 2865 143 46 your

131 2903 158 51 heart
327 2919 61 35 as
429 2905 344 51 democratic
813 2923 60 33 as
913 2908 136 60 only
1088 2908 94 51 the
1223 2917 122 42 true
1385 2909 303 52 aristocrat
1727 2928 103 35 can
1872 2914 84 59 be,
1996 2914 112 50 this

128 2968 43 50 is
200 2969 93 49 the
322 2970 168 59 bugle
518 2970 159 50 shrill
706 2973 122 49 that
856 2972 44 50 is
929 2973 191 61 trying
1148 2982 57 42 to
1234 2975 165 50 reach
1427 2984 99 41 out
1555 2984 60 42 to
1642 2993 143 45 your
1812 2994 141 44 ears,
1981 2979 127 51 cold

129 3034 50 51 in
216 3032 92 53 the
344 3035 242 50 Russian
621 3052 207 44 snows,
861 3045 59 42 to
955 3038 98 49 tell
1084 3054 113 45 you
1230 3055 82 35 we
1348 3040 141 50 have
1524 3050 100 41 not
1657 3041 321 61 forgotten!

199 3097 50 50 If
287 3114 113 45 you
440 3115 94 34 are
578 3100 351 51 dead—even
974 3101 288 52 authentic
1307 3120 160 45 press
1510 3115 225 51 reports
1779 3107 328 55 sometimes

128 3163 173 61 speak
332 3165 373 59 wrongly—it
738 3165 44 50 is
816 3166 188 61 fitting
1037 3185 112 43 you
1183 3168 202 51 should
1422 3171 140 49 have
1596 3172 126 50 died
1757 3189 63 33 as
1853 3190 111 44 you
2000 3175 108 59 did,

127 3227 133 52 with
296 3245 143 44 your
473 3228 122 52 face
631 3238 60 42 to
726 3231 94 49 the
857 3231 132 50 Slav
1022 3248 112 44 you
1171 3233 138 50 have
1347 3234 186 59 hated,
1568 3236 150 49 amid
1755 3238 94 48 the
1887 3237 221 53 wildest

124 3292 262 62 passions
418 3293 60 49 of
508 3311 127 33 men
666 3295 110 49 and
805 3294 117 61 just
952 3297 163 49 when
1149 3298 93 49 the
1274 3298 165 61 glory
1470 3298 61 52 of
1559 3317 144 43 your
1735 3318 127 33 race
1895 3302 61 51 of
1985 3319 93 35 cor-

127 3358 376 59 respondents
536 3375 114 33 was
683 3359 211 60 fading.
965 3360 112 51 For
1110 3361 40 50 it
1183 3363 187 49 would
1406 3364 139 51 have
1580 3365 138 50 been
1752 3368 226 59 beyond
2014 3384 63 35 en-

125 3422 244 51 durance
406 3422 123 51 that
562 3440 112 43 you
710 3425 203 49 should
951 3425 72 52 sit
1058 3426 161 52 miles
1256 3427 207 51 behind
1500 3446 30 34 a
1567 3430 166 61 firing
1770 3431 109 51 line
1916 3433 191 64 acting

124 3502 60 35 as
214 3502 329 46 messenger
571 3490 109 59 boy
708 3490 91 49 for
826 3490 94 50 the
950 3491 368 52 information
1348 3510 159 34 some
1536 3497 366 50 commander
1933 3507 140 42 want-

125 3552 66 51 ed
232 3560 60 41 to
331 3552 140 51 have
512 3570 111 43 you
663 3554 152 59 print
856 3563 58 41 to
953 3556 237 51 mislead
1230 3560 331 59 somebody.

193 3615 90 52 On
318 3617 93 50 the
445 3634 100 33 eve
576 3619 61 50 of
670 3619 93 50 the
795 3628 252 51 greatest
1080 3638 131 43 war,
1244 3623 162 51 when
1441 3624 95 50 the
1571 3633 123 42 true
1728 3626 248 63 military
2008 3628 66 51 ob-

127 3697 203 43 server,
363 3681 133 51 with
529 3684 389 51 accumulated
951 3687 335 60 knowledge
1321 3688 60 51 of
1413 3690 330 61 twenty-six
1776 3693 328 61 campaigns

125 3746 44 50 is
207 3747 244 50 counted
489 3747 321 63 dangerous
847 3767 138 33 even
1023 3767 63 35 as
1122 3769 30 33 a
1192 3751 200 60 friend,
1430 3754 158 51 there
1627 3755 45 51 is
1709 3756 243 62 nothing
1989 3758 114 52 else

124 3854 282 64 Copyright
442 3862 118 45 1916
595 3859 64 61 by
693 3859 172 51 Guido
899 3863 172 50 Bruno
