3505 4386
1770 126 89 49 128

295 257 75 40 Die
398 259 141 37 Sociele
564 259 128 47 roycile
720 259 60 36 des
809 256 162 40 Choeurs
1013 269 46 27 zu
1101 257 127 40 Gent
1269 257 41 40 in
1346 257 161 51 Belgien
1551 257 100 39 wird
1690 257 69 40 bei

219 319 256 51 Gelegenheit
519 319 70 39 der
628 331 160 39 grossen
825 319 181 38 Kirmess
1051 319 171 39 daselbst
1263 319 61 39 ein
1363 318 274 40 Musikfest
1677 320 79 36 und

218 381 114 39 einen
362 379 536 52 Gesang-Wettstreit
926 381 271 38 veranstalten.
1229 381 78 38 Der
1329 382 155 37 letztere
1512 379 99 39 wird
1635 381 100 37 Sonn-

217 447 62 45 tag
308 442 77 39 den
415 443 37 39 6.
482 443 90 44 Juli,
609 443 67 37 das
705 446 144 34 erstere
878 442 163 50 Montag
1071 442 74 38 den
1176 443 33 38 7.
1238 442 97 38 Statt
1365 442 144 38 finden.
1550 442 80 38 Der
1658 446 101 36 erste

216 503 111 39 Preis
357 506 62 36 für
449 504 61 38 die
538 503 227 47 deutschen,
805 503 304 47 französischen,
1153 504 295 38 holländischen
1479 502 172 39 Vereine
1692 504 45 38 be-

216 565 103 39 steht
355 565 40 39 in
433 565 107 38 einer
567 564 194 50 goldenen
791 564 258 39 Denkmünze
1095 576 73 26 von
1199 564 75 38 300
1307 565 141 37 Francs
1478 564 163 45 Werth;
1691 564 69 40 der

216 625 136 39 zweite
380 625 65 38 hat
472 626 76 37 den
579 625 138 38 Werth
746 638 77 26 von
854 626 75 38 150
957 626 155 37 Francs.
1140 625 113 38 Eben
1283 636 42 27 so
1354 626 61 38 für
1443 626 62 37 die
1533 625 225 51 belgischen

215 685 172 39 Vereine
414 685 31 39 I.
467 684 146 40 Classe.
642 685 74 40 Die
736 687 287 50 Bedingungen
1048 686 197 38 enthalten
1275 685 128 51 einige
1433 698 100 27 neue
1561 687 78 37 und
1670 687 90 38 sehr

216 746 299 51 zweckmässige
557 747 166 45 Artikel,
765 761 30 26 z.
825 748 43 38 B.
912 750 85 36 Art.
1027 749 36 37 5.
1107 748 72 38 Die
1217 748 99 49 Jury
1360 748 98 38 wird
1496 748 70 38 auf
1597 749 163 49 etwaige

214 807 306 52 Solo-Vorträge
550 809 115 39 keine
694 809 214 39 Rücksicht
936 810 184 38 nehmen.
1203 811 86 37 Art.
1317 809 35 39 8.
1385 810 72 39 Um
1479 811 89 37 dem
1588 811 148 37 Zurück-

213 872 126 34 treten
367 870 290 50 vorzubeugen,
686 870 208 50 hinterlegt
917 870 112 50 jeder
1047 870 143 39 Verein
1227 870 63 40 bei
1321 871 69 37 der
1408 870 256 51 Anmeldung
1688 871 72 39 100

214 929 158 47 Francs,
403 931 149 38 welche
590 931 254 39 unmittelbar
873 931 101 39 nach
1004 932 89 39 dem
1124 932 209 40 Auftreten
1364 933 204 38 desselben
1599 932 138 39 zurück-

211 991 153 50 gezahlt
393 992 171 38 werden.
675 992 213 50 Gesungen
932 993 101 38 wird
1071 1005 75 27 von
1183 994 131 50 jedem
1347 993 170 39 Vereine
1547 994 61 38 ein
1641 993 118 38 Stück

214 1052 38 46 (8
282 1052 181 39 Minuten
494 1054 146 47 Dauer)
683 1054 101 38 nach
821 1054 159 51 eigener
1009 1054 141 47 Wahl;
1194 1054 259 50 Einsendung
1492 1055 69 38 der
1590 1056 170 38 Partitur

213 1124 68 28 vor
310 1113 90 39 dem
432 1115 33 37 1.
493 1114 113 39 Mai.
663 1115 78 38 Das
785 1115 137 38 zweite
950 1115 118 38 Stück
1110 1115 97 38 wird
1244 1127 75 26 von
1361 1115 70 39 der
1458 1117 140 35 Societe
1625 1128 112 37 vorge-

215 1173 210 39 schrieben
453 1176 82 36 und
564 1187 47 26 zu
640 1176 153 39 rechter
821 1176 82 38 Zeit
932 1176 192 38 versandt.

290 1338 116 38 Auch
435 1338 39 38 in
504 1336 253 51 Brighton
795 1337 40 39 in
864 1338 184 50 England
1076 1337 49 39 ist
1152 1339 233 39 Mozart's
1415 1338 190 40 Jubelfest
1634 1339 123 39 durch

214 1399 87 38 eine
330 1411 74 26 von
435 1398 131 38 Herrn
595 1399 44 38 F.
667 1399 54 39 M.
750 1399 254 51 d'Alquen
1049 1401 268 38 veranstaltete
1346 1399 270 39 musicalische
1645 1400 114 39 Feier

209 1460 205 50 begangen
445 1459 174 40 worden.
675 1461 108 38 Herr
811 1461 259 51 d'Alquen,
1115 1461 62 38 ein
1221 1461 228 47 Deutscher,
1489 1461 164 38 Schüler
1683 1474 74 26 von

209 1520 44 39 F.
281 1520 106 47 Ries,
427 1521 81 38 lebt
536 1521 72 38 seit
637 1520 107 40 einer
771 1522 143 50 langen
945 1521 124 40 Reihe
1097 1534 77 26 von
1202 1522 147 39 Jahren
1377 1523 40 38 in
1448 1523 202 50 Brighton,
1693 1536 43 37 ge-

209 1582 120 38 niesst
359 1582 87 38 dort
473 1581 70 38 mit
573 1581 126 39 Recht
727 1583 76 38 den
827 1583 81 38 Ruf
933 1583 106 40 eines
1068 1584 348 49 ausgezeichneten
1441 1584 315 47 Clavierlehrers,

211 1643 67 38 hat
305 1643 82 38 sich
416 1643 87 38 eine
532 1644 215 49 glänzende
776 1644 178 51 Stellung
983 1646 206 38 erworben
1231 1646 81 38 und
1341 1645 114 39 wirkt
1484 1646 68 38 mit
1580 1657 173 38 grossem

210 1704 110 39 Eifer
347 1705 80 37 und
458 1705 101 37 eben
597 1716 42 26 so
675 1717 155 37 grosser
860 1706 394 50 Uneigennützigkeit
1293 1707 62 38 für
1397 1707 63 38 die
1488 1707 267 50 Verbreitung

210 1766 82 38 und
321 1765 172 49 Bildung
523 1766 67 37 des
621 1765 264 40 Geschmacks
914 1779 48 26 an
992 1767 228 39 elastischer
1248 1768 143 39 Musik.
1437 1770 78 37 Das
1543 1768 190 39 F'est-Con-

210 1830 81 34 cert
329 1826 162 37 brachte
536 1837 134 27 ausser
706 1827 89 38 dem
825 1829 172 36 D-moll-
1002 1828 167 39 Concert
1207 1828 86 39 eine
1331 1828 194 39 treffliche
1563 1829 189 38 Auswahl

1618 1872 7 8 »

209 1899 75 27 von
312 1887 514 39 Kammermusik-Stücken
854 1889 181 38 Mozart's
1065 1901 70 26 zur
1162 1890 272 50 Ausführung,
1481 1896 110 33 unter
1620 1892 106 37 Ande-

206 1960 86 27 rem
332 1947 63 39 die
425 1946 197 47 Quartetts
661 1948 129 36 G-dur
830 1949 61 39 für
933 1949 434 39 Streich-Instrumente
1411 1952 78 37 und
1524 1954 143 34 G-moll
1691 1954 63 36 für

207 2009 126 38 Piano
362 2021 38 25 u.
432 2020 28 26 s.
490 2021 60 31 w.,
580 2009 67 38 das
677 2009 176 47 Quintett
881 2011 40 38 in
954 2012 137 44 C-dur,
1123 2011 67 38 das
1221 2011 92 38 Trio
1342 2011 38 38 in
1409 2014 145 43 E-dur,
1592 2014 63 37 die
1684 2014 46 38 So-

209 2075 89 34 nate
326 2070 40 38 in
397 2070 147 35 E-moll
571 2070 61 38 für
660 2070 223 40 Pianoforte
912 2072 80 38 und
1022 2072 171 46 Violine,
1222 2072 62 38 die
1316 2073 386 40 C->?io//-Phantasie.

287 2232 113 40 Beim
429 2234 248 39 Mozartfeste
707 2234 39 40 in
775 2235 325 53 Petersburg
1145 2250 80 27 war
1266 2239 98 38 auch
1408 2239 69 38 der
1521 2239 233 40 rühmlichst

207 2293 199 40 bekannte
435 2296 272 39 musicalische
734 2297 277 40 Schriftsteller
1042 2300 77 38 und
1154 2300 196 50 Biograph
1382 2301 182 39 Mozart's
1594 2302 133 39 Ulibi-

210 2355 194 39 tscheff
427 2359 222 37 anwesend.
679 2358 53 37 Es
761 2359 99 38 wird
969 2360 73 39 wie
1072 2373 73 26 uns
1174 2373 74 26 von
1278 2362 87 38 dort
1394 2362 235 50 mitgetheilt
1657 2363 99 38 wird

288 2416 209 39 nächstens
528 2418 64 37 ein
627 2430 121 26 neues
778 2419 124 39 Werk
940 2432 74 28 von
1055 2421 103 38 ihm:
1199 2449 25 17 „
1232 2423 197 35 Beethoven
1458 2431 32 27 et
1517 2437 55 22 ses
1603 2424 132 36 Glossa-

381 2478 64 39 bei
474 2478 207 51 Breitkopf
705 2479 40 39 &
773 2480 138 39 Härtel
940 2481 39 39 in
1008 2482 160 50 Leipzig
1197 2482 245 40 erscheinen.

285 2640 77 38 Ein
407 2639 216 40 bekannter
651 2640 277 39 Kunstrichter
968 2641 111 39 hörte
1124 2642 115 39 einen
1269 2644 244 46 Tenoristen,
1556 2645 69 39 der
1666 2658 88 26 zum

210 2705 126 34 ersten
367 2701 104 39 Male
500 2700 150 47 auftrat,
692 2702 81 37 und
802 2707 126 45 sagte:
975 2702 104 45 „Der
1105 2703 124 39 Mann
1260 2704 96 38 wird
1387 2705 123 38 durch
1542 2705 62 38 die
1633 2719 121 37 ganze

209 2761 45 38 W
255 2762 9 9 T
268 2762 51 37 elt
345 2761 200 39 kommen.
548 2764 8 15 4
560 2765 8 15 '
679 2762 116 46 „Wie
965 2763 123 50 fragte
1126 2764 67 38 ihn
1234 2764 83 39 sein
1347 2765 183 38 Nachbar
1559 2766 68 38 mit
1657 2767 73 38 Ver-

214 2822 256 49 wunderung.
577 2822 71 47 „Ei
677 2835 93 35 nun,
808 2823 197 40 Niemand
1034 2824 97 39 wird
1161 2825 68 39 ihn
1585 2840 78 26 war
1692 2829 64 38 die

207 2883 195 37 Antwort.

2029 3449 109 34 Isie
2168 3450 532 37 Äiederrlieinische
2727 3453 457 47 Musik-Keitung:

1836 3518 198 36 erscheint
2054 3517 118 47 jeden
2201 3518 181 48 Samstag
2419 3521 42 33 in
2499 3521 127 34 einem
2662 3533 153 34 ganzen
2853 3522 134 48 Bogen
3028 3526 72 35 mit
3140 3528 248 47 zwanglosen

1836 3571 200 47 Beilagen.
2121 3570 80 35 Der
2227 3571 399 47 Abonnementspreis
2644 3573 159 47 beträgt
2819 3576 64 33 für
2905 3577 70 33 das
2997 3577 198 46 Halbjahr
3224 3584 21 31 2
3266 3580 123 45 Thlr.,

1836 3624 64 34 bei
1924 3622 74 36 den
2027 3622 47 35 K.
2093 3634 151 35 preuss.
2261 3624 327 36 Post-Anstalten
2618 3629 19 31 2
2657 3625 106 34 Thlr.
2782 3627 23 33 5
2829 3627 85 45 Sgr.
2943 3629 97 35 Eine
3067 3631 183 37 einzelne
3267 3632 91 37 Num-

1837 3686 82 25 mer
1947 3679 24 32 4
2001 3674 88 48 Sgr.
2116 3675 513 49 Eiiirüekungs-Gebühren
2657 3688 68 36 per
2752 3678 208 37 Petitzeile
2988 3684 19 32 2
3040 3681 85 48 Sgr.

1886 3736 128 36 Briefe
2040 3735 81 35 und
2147 3735 288 49 Zusendungen
2465 3738 98 34 aller
2598 3739 75 34 Art
2699 3739 157 36 werden
2879 3747 116 30 unter
3027 3742 70 36 der
3124 3744 168 38 Adresse
3320 3745 68 38 de?

1835 3789 52 36 M.
1914 3788 563 48 DuMont-Schauberg'schen
2504 3789 321 49 Buchhandlung
2859 3793 40 34 in
2926 3794 103 36 Köln
3058 3796 171 36 erbeten.

2927 3862 166 10 iumtwiianannriTii
3101 3864 18 7 181

1954 3903 369 40 Verantwortlicher
2350 3906 301 49 Herausgeber:
2686 3906 104 40 Prof.
2818 3908 44 38 L.
2889 3908 181 39 Bischoff
3092 3909 39 38 in
3160 3911 120 39 Köln.

1904 3955 208 50 Verleger:
2139 3956 55 39 M.
2225 3957 528 51 DuMont-Sehauberg'sche
2782 3959 318 52 Buchhandlung
3127 3961 41 39 in
3196 3964 118 38 Köln.

1878 4006 198 40 Drucker:
2102 4008 54 40 M.
2191 4009 423 51 DuMont-Schauberg
2643 4010 40 40 in
2711 4012 119 48 Köln,
2860 4012 253 41 Breitstrasse
3144 4016 47 38 76
3223 4029 36 26 u.
3290 4016 60 40 78,

1855 258 90 35 Her
1957 270 155 34 mann,
2149 259 86 44 Fr.,
2282 259 147 36 Ziceiles
2459 258 193 50 Capriccio
2689 263 66 44 für
2782 263 24 35 3
2843 265 177 39 Violinen.
3065 265 63 49 Op.
3159 268 36 36 5.
3244 267 60 47 (J.
3344 268 54 39 W.

2168 312 212 36 Kalliwoda
2406 314 235 47 zugeeignet.)
2672 315 18 35 1
2727 316 84 36 Thlr

1855 362 118 36 Kall
1983 364 84 34 iwo
2079 364 71 45 da,
2180 365 35 35 J.
2253 364 66 44 W.,
2361 365 25 33 2
2415 365 203 35 Morceaux
2646 379 66 22 car
2714 375 101 28 acter
2818 370 148 46 istiques
2999 383 98 35 pour
3141 371 127 36 Violon
3310 385 88 24 avec

2169 419 355 47 Accompagnement
2562 419 41 33 de
2631 418 132 40 Piano.
2811 421 63 49 Op.
2902 421 90 39 209.
3035 423 66 36 Nr.
3133 425 35 44 1,
3205 425 24 33 2
3273 425 47 45 (ä
3347 426 52 34 20

2168 470 128 47 Ngr.).
2329 470 19 34 1
2384 470 97 35 Tklr.
2512 470 49 35 10
2590 471 87 46 Ngr.

2273 522 66 38 Nr.
2372 524 32 36 1.
2433 523 68 34 Les
2532 523 161 37 Adieux.

2272 574 66 37 Nr.
2367 576 34 35 2.
2432 575 49 36 Le
2510 576 147 37 Revoir.

1854 622 66 37 Kr
1929 636 113 23 omm
2055 637 60 32 er,
2147 626 57 43 F.,
2252 626 198 37 Colleclion
2479 628 41 35 de
2549 628 102 35 Duos
2678 635 218 30 concertans
2930 642 99 36 pour
3055 632 25 33 2
3117 632 159 40 Violons.
3318 635 80 37 Liv.

2168 679 101 34 2:3
2299 680 103 35 Duos
2431 687 227 28 concertans.
2692 681 63 48 Op.
2784 682 37 36 6.
2857 682 15 35 1
2909 682 97 38 Thlr,

1855 728 141 43 Rode,
2027 729 55 45 F.,
2111 730 57 37 2e.
2202 732 176 35 Concerlo
2412 746 98 35 pour
2547 733 127 36 Violon
2715 746 161 35 arrange
2918 747 86 23 avec
3043 734 356 51 Accompagnement

2171 783 42 35 de
2242 784 132 37 Piano.
2404 786 19 33 I
2460 786 97 35 Thlr.
2589 786 47 35 15
2665 786 89 47 Ngr.

1855 833 163 35 Rubin
2032 840 38 29 st
2083 835 45 33 ei
2143 847 37 32 n,
2208 835 122 45 Ant,
2363 837 53 38 le.
2439 838 136 36 Sonate
2601 852 94 35 pour
2722 839 119 34 Piano
2871 846 31 28 et
2937 840 139 37 Violon.
3109 841 63 48 Op.
3206 842 58 36 13.
3297 842 102 46 (De-

2171 889 76 34 diee
2276 901 49 22 au
2355 889 135 36 Prince
2519 891 151 35 Nicolas
2698 892 253 48 Jousoupoff\)
2981 894 25 33 2
3041 894 97 35 Thlr.
3171 894 49 33 10
3248 894 89 47 Ngr.

1855 937 239 49 Seletzky,
2124 939 185 46 Pierre,
2338 941 57 35 La
2416 942 96 36 Mort
2541 944 109 34 d'une
2677 943 141 38 Sainte.
2845 945 233 48 Symphonie,
3104 957 179 36 arrangee
3300 959 99 37 pour

2169 993 120 35 Piano
2319 1006 23 22 a
2367 995 25 33 4
2420 996 133 36 mains.
2585 997 18 33 1
2641 997 96 36 Thlr.
2766 997 47 33 15
2844 997 87 46 Ngr.

1854 1042 164 49 Spohr,
2049 1044 160 44 Louis,
2241 1046 181 35 Siebentes
2452 1046 157 43 Quintett
2639 1048 86 45 (für
2752 1050 24 32 2
2800 1049 178 45 Violinen,
3001 1051 24 34 2
3051 1051 124 35 Violen
3205 1051 78 35 und
3310 1051 88 36 Vio-

2166 1097 168 48 loncell).
2366 1099 51 48 Op
2437 1100 87 36 144.
2553 1100 248 47 Eingerichtet
2826 1103 65 44 für
2919 1103 214 46 Pianoforte
3161 1116 46 22 zu
3234 1104 24 33 4
3288 1104 110 35 Hän-

2170 1150 68 35 den
2265 1164 70 21 von
2364 1151 46 36 H.
2441 1152 117 36 Enlie.
2592 1152 18 35 1
2648 1153 97 37 Thlr.
2773 1154 50 33 25
2853 1154 89 37 Nor.

1855 1202 166 45 Spohr,
2064 1202 166 44 Louis,
2278 1202 3 51 r
2282 1203 395 48 Lweiunddreissigstes
2722 1204 164 43 Quartelt
2910 1208 66 44 für
3003 1208 24 33 2
3064 1207 179 46 Violinen,
3293 1209 104 36 Viola

2164 1256 80 33 und
2280 1255 207 38 VioloncelL
2521 1257 64 48 Op.
2616 1258 86 36 146.
2735 1259 16 34 1
2789 1258 97 37 Thlr.
2918 1260 45 33 15
2994 1260 89 46 Ngr.

1853 1305 170 49 Spohr,
2054 1306 28 35 L
2100 1308 106 33 ouis
2210 1336 8 18 )
2253 1307 158 43 Quintett
2436 1310 66 44 für
2530 1310 225 45 Pionoforte,
2784 1310 25 33 2
2845 1311 180 44 Violinen,
3064 1312 102 35 Viola
3197 1314 78 34 und
3309 1314 89 35 Vio-

2167 1359 142 45 loncell,
2353 1361 97 35 nach
2484 1362 80 35 dem
2601 1362 133 48 Septett
2771 1364 65 44 für
2865 1364 227 45 Pianoforte,
3123 1366 112 43 Flöte,
3269 1366 127 35 Clari-

2164 1419 105 37 netle,
2313 1413 117 43 Horn,
2474 1414 139 47 Fagott,
2666 1414 140 36 Violine
2846 1416 78 35 und
2960 1416 208 44 Violoncell,
3214 1418 64 48 Op.
3310 1420 86 41 147,

2167 1465 230 46 eingerichtet
2412 1479 70 21 von
2499 1467 40 38 F.
2558 1467 191 35 Hermann
2780 1470 84 45 (mit
2879 1468 261 49 Beibehaltung
3170 1470 62 35 der
3251 1470 143 35 Piano-

2164 1518 470 48 forte-Originalstimme).
2662 1519 24 35 3
2721 1520 96 35 Thlr.
2850 1521 49 34 10
2927 1521 88 47 Ngr.

2220 1570 155 37 Notiz.
2403 1570 69 35 Die
2503 1571 502 42 Quartett-Stimmen
3034 1575 124 35 hierzu
3187 1574 84 35 sind
3299 1575 97 36 auch

2324 1630 146 40 apart
2508 1625 86 43 für
2632 1625 25 33 2
2704 1625 126 35 Thlr.
2872 1638 47 22 zu
2947 1627 128 36 haben.

1861 1670 125 37 Viott
1999 1672 24 45 i,
2051 1673 36 37 J.
2117 1673 54 44 8.,
2201 1674 82 37 20e.
2314 1675 177 36 Concerto
2516 1689 97 35 pour
2650 1676 128 36 Violon
2806 1689 160 35 arrange
2996 1692 87 23 avec
3111 1680 282 51 Accompag?ie-

2164 1733 97 29 ment
2289 1727 41 35 de
2359 1728 120 35 Piano
2502 1741 75 36 par
2606 1729 40 37 F.
2674 1729 205 38 Hermann.
2912 1731 19 34 1
2969 1732 96 38 T-hlr.
3095 1733 50 35 10
3175 1735 87 47 Ngr.

2310 1846 615 104 VerUuuf.

2077 1971 90 49 Die
2310 1971 78 50 seit
2524 1973 119 48 einer
2820 1974 161 65 langen
3187 1974 137 49 Reihe

1851 2043 245 85 „Bureau
2129 2045 61 66 de
2219 2046 244 84 Musique
2492 2067 109 47 von
2633 2048 51 66 0.
2713 2048 53 66 F.
3067 2064 91 64 auf
3325 2063 74 48 hies

1851 2136 155 47 Platze
2032 2138 245 48 bestellende
2314 2140 99 47 und
2440 2139 83 48 mit
2550 2140 257 49 classischen
2845 2142 356 64 Verlagswerken
3229 2148 166 47 sowohl

1852 2218 67 48 als
1959 2218 113 48 auch
2111 2219 81 48 mit
2233 2230 130 54 guter
2403 2222 283 64 Kundschaft
2730 2223 224 49 versehene
2982 2225 410 52 Musicalienhand-

1853 2300 112 64 lung
1994 2302 97 55 soll,
2121 2303 81 47 mit
2223 2303 268 48 Ausschluss
2520 2304 76 47 der
2624 2304 310 50 vorhandenen
2953 2308 182 48 Activen
3163 2310 96 49 und
3285 2312 109 47 Pas-

1853 2382 136 57 siven,
2030 2384 112 47 nach
2177 2385 76 47 der
2294 2402 85 30 von
2417 2385 98 47 dem
2547 2387 157 48 letzten
2736 2388 198 48 Besitzer
2962 2390 234 58 derselben,
3241 2393 151 50 Herrn

1855 2465 120 47 Karl
2020 2465 202 68 Gotthelf
2249 2467 252 64 Siegmünd
2538 2469 184 57 Böhme,
2765 2471 263 68 getroffenen
3070 2477 320 48 testamentari-

1866 2547 126 48 schen
2194 2548 262 67 Verfügung
2796 2552 134 65 sofort
3147 2567 83 32 aus
3381 2553 18 65 f

1853 2629 95 49 Der
1982 2631 350 49 Unterzeichnete
2376 2633 58 47 ist
2465 2633 380 65 Kaufliebhabern
2882 2637 108 48 über
3029 2638 69 48 die
3132 2656 62 32 zu
3234 2641 158 49 diesem

1862 2712 170 67 Beliufe
2258 2717 360 63 aufgenommene
3036 2717 218 47 Inventur

1861 2796 328 66 Bedingungen
2571 2798 73 47 des
2793 2798 216 66 Verkaufs
3314 2798 71 50 die

1853 2878 134 64 geben
2181 2879 267 65 beauftragt.

2098 2961 204 64 Leipzig,
2564 2979 77 31 am
2316 2961 44 49 1.
2944 2962 137 63 April
2566 2959 170 51 lBs6.

2402 3052 141 56 Adv.
2581 3060 277 58 Franz
2906 3064 367 60 Werner.

672 3146 604 57 Ankündigungen.

581 3313 220 45 Mesie
847 3315 533 46 Musicalieu

777 3396 60 47 im
866 3398 195 66 Verlage
1089 3415 88 33 von

278 3484 48 57 C.
362 3485 45 57 F.
444 3484 240 75 PETERS,
740 3485 191 60 Bureau
969 3488 56 57 de
1061 3489 234 75 Musique,
1333 3490 50 57 in
1421 3490 246 60 LEIPZIG.

205 3579 106 35 Ban
324 3579 89 44 day
444 3578 217 46 Charles,
694 3581 200 36 Collection
925 3581 42 34 de
994 3581 104 35 Duos
1123 3583 132 43 faciles
1279 3596 97 35 pour
1393 3584 121 35 Piano
1543 3591 31 29 et
1604 3585 139 40 Violon,

517 3632 65 37 Nr.
610 3634 37 42 4,
677 3634 22 33 5
730 3634 48 46 (ä
810 3634 49 35 18
888 3634 125 47 Ngr.).
1047 3634 17 35 1
1098 3634 101 37 Thlr.
1227 3635 25 33 6
1282 3636 87 45 Ngr.

574 3683 65 38 Nr.
667 3687 35 33 4.
732 3687 51 34 Le
812 3687 91 34 Pere
933 3686 183 44 Gaillard,
1149 3687 119 47 Opera
1297 3688 42 34 de
1365 3688 44 35 LI.
1442 3688 129 38 Reber.

574 3736 65 35 Nr.
670 3738 36 36 5.
736 3739 48 34 Le
814 3739 114 35 Chien
956 3739 50 35 du
1033 3740 206 44 Jardinier,
1273 3740 118 48 Opera
1420 3741 81 36 d'A.
1533 3741 140 36 Grisar.

207 3787 58 37 Gr
278 3792 21 32 ü
310 3795 14 29 t
334 3789 164 39 zwack
509 3800 59 31 er,
599 3789 85 43 Fr.,
717 3789 193 37 Colleclion
939 3791 42 35 de
997 3792 210 35 Fantaisies
1235 3792 61 34 des
1320 3792 148 48 Operas.
1500 3793 122 36 Pieces
1646 3808 97 35 pour

517 3841 50 35 les
594 3840 199 36 Amateurs
818 3856 94 33 pour
947 3844 217 36 Violoncelle
1192 3852 32 27 et
1252 3845 120 35 Piano
1425 3845 62 48 Op.
1518 3846 58 37 16.
1607 3847 64 38 Nr.
1698 3849 45 34 4:

517 3894 136 34 Robert
680 3894 32 34 le
741 3894 140 43 Diable,
911 3896 41 34 de
981 3896 42 36 G.
1053 3897 219 47 Meyerbeer.
1303 3897 18 34 1
1353 3897 98 37 Thlr.

208 3942 361 48 Grützmacher,
600 3946 90 45 Fr.,
719 3946 25 35 3
773 3946 103 36 Duos
901 3949 63 43 für
990 3949 26 33 2
1051 3949 229 37 Violoncells.
1315 3949 65 49 Op.
1410 3949 62 37 22.
1503 3949 241 47 (Eingeführt

515 4010 59 24 am
594 3998 321 37 Conservatorium
945 4001 61 35 der
1026 4002 121 35 Musik
1173 4015 47 23 zu
1237 4003 183 48 Leipzig.)
1449 4002 67 38 Nr.
1539 4003 33 37 1.
1591 4003 50 35 20
1656 4006 85 47 Ngr.

1892 3181 84 35 Alle
2000 3183 41 34 in
2070 3182 119 34 dieser
2213 3182 150 35 Musik-
2560 3186 277 49 besprochenen
2870 3188 82 33 und
2985 3190 292 46 angekündigten
3303 3193 87 35 Mu-

1836 3234 157 35 sicalien
2019 3241 68 28 etc.
2114 3235 87 34 sind
2226 3248 47 23 z>u
2297 3236 170 35 erhalten
2492 3240 40 33 in
2561 3238 65 35 der
2650 3247 91 28 stets
2762 3240 230 46 vollständig
3023 3245 219 33 assorlirten
3269 3245 121 36 Musi-

1840 3287 350 47 calien-Handlung
2223 3289 103 34 nebst
2360 3289 237 37 Leihanstalt
2633 3303 74 24 von
2749 3292 293 36 BERNHARD
3087 3295 219 37 BREUER
3352 3301 38 33 in

1842 3340 138 38 Köln,
2011 3340 243 35 Hochslrasse
2280 3342 68 34 Ar.
2376 3342 63 36 97.
