2329 3777
705 175 76 26 LES
814 175 198 27 OEUVRES
1047 168 274 36 RÉCEMMENT
1353 168 259 36 EXÉCUTÉES

2093 180 68 36 143

195 268 61 41 La
282 269 142 52 partie
448 268 39 39 la
514 268 100 52 plus
635 266 116 42 belle
771 277 66 32 est
856 270 326 41 certainement
1202 271 41 40 la
1276 270 202 42 fameuse
1512 270 180 41 marche
1723 270 78 41 des
1844 270 220 41 Pèlerins.
2102 270 63 42 La

139 337 233 51 sérénade,
399 339 77 51 qui
501 338 223 40 constitue
743 337 39 40 le
808 352 18 36 3
832 343 16 17 e
865 351 230 38 morceau,
1130 348 67 33 est
1235 342 121 39 aussi
1382 346 88 36 très
1492 340 274 53 mélodique,
1792 347 42 34 et
1856 337 88 44 fort
1963 339 178 54 logique-

138 414 122 33 ment
292 407 293 53 développée.

193 481 63 41 M.
282 482 203 42 Maurice
510 482 142 43 Vieux
673 506 51 5 —
746 483 102 53 plus
868 484 227 53 classique
1116 499 85 39 que
1229 487 287 51 romantique
1538 509 46 5 —
1604 501 21 26 a
1645 486 140 41 rendu
1806 486 39 41 la
1871 486 143 53 partie
2031 484 136 43 d'alto

140 565 105 28 avec
262 565 88 28 une
381 554 252 40 correction
664 552 358 53 incomparable.
1044 552 88 43 Les
1167 553 204 42 abonnés
1395 555 54 40 de
1473 555 39 40 la
1540 553 178 44 Société
1741 556 77 41 des
1850 564 218 43 concerts,
2092 557 76 51 qui

138 631 313 34 commencent
468 627 22 37 à
512 637 55 27 ne
589 623 101 52 plus
715 619 317 45 s'effaroucher
1053 638 55 26 au
1128 637 105 28 nom
1251 623 54 41 de
1330 623 190 52 Berlioz,
1541 633 77 32 ont
1634 625 301 41 chaudement
1956 625 211 53 applaudi

138 690 62 41 M.
224 691 143 42 Vieux
391 701 43 32 et
456 701 101 33 tous
583 705 71 28 ses
677 692 263 41 camarades
964 692 55 40 de
1046 692 273 42 l'orchestre.

196 767 58 42 Ils
291 776 77 33 ont
392 772 69 37 été
484 767 235 54 beaucoup
759 768 101 53 plus
901 772 199 37 réservés
1142 772 21 37 à
1208 767 169 52 l'égard
1422 769 55 40 de
1519 769 41 40 la
1593 768 111 42 Nuit
1723 769 50 40 de
1812 769 278 55 Walpurgis,
2115 770 53 40 de

139 837 63 42 M.
225 838 181 49 Widor,
432 839 76 52 qui
531 846 66 33 est
619 838 251 53 cependant
894 852 88 27 une
1002 852 155 27 œuvre
1180 839 55 40 de
1258 839 145 52 grand
1424 839 153 41 talent.
1606 862 47 6 —

1683 837 55 42 H.
1764 838 177 42 BRODY.

199 958 335 48 «LAMENTO»,
562 974 56 25 DE
641 959 63 41 M.
724 957 94 43 LÉO
846 957 149 43 SACHS
1018 958 266 51 (CONCERTS
1311 957 249 55 SECHIARI).

1587 983 53 3 —
1662 958 63 42 Le
1746 959 170 41 théâtre
1938 959 227 54 Marigny,

141 1036 59 35 où
239 1028 61 42 M.
345 1027 203 43 Séchiari
592 1044 22 26 a
658 1029 314 41 vaillamment
1014 1030 236 52 poursuivi
1287 1030 39 40 le
1365 1030 120 52 cycle
1534 1029 53 40 de
1629 1042 70 27 ses
1742 1030 170 40 soirées
1958 1030 181 52 sympho-

143 1101 162 51 niques
348 1099 59 41 du
450 1099 136 53 jeudi,
634 1099 163 40 devant
840 1099 91 40 être
995 1112 20 25 «
1064 1101 135 39 remis
1251 1103 21 36 à
1315 1098 111 41 neuf
1464 1115 37 35 »,
1543 1096 254 43 l'heureuse
1845 1100 213 39 tentative
2109 1099 59 41 du

141 1170 131 51 jeune
322 1169 331 52 capellmeister
684 1183 108 26 aura
834 1171 268 39 néanmoins
1140 1174 168 47 prouvé
1354 1193 43 3 —
1439 1169 103 40 bien
1596 1169 132 52 qu'en
1766 1167 165 53 abrégé
1973 1192 45 5 —
2062 1167 104 54 qu'il

141 1247 65 32 est
227 1237 320 53 parfaitement
569 1237 200 52 possible
794 1236 280 53 d'organiser
1094 1253 54 25 en
1189 1240 198 39 semaine
1416 1243 21 35 à
1472 1238 127 40 Paris
1626 1239 78 39 des
1740 1239 247 40 solennités
2027 1241 112 38 musi-

141 1307 120 41 cales
304 1307 114 40 dans
461 1307 38 40 le
537 1320 140 37 genre
713 1307 54 39 de
801 1307 134 40 celles
978 1308 77 50 qui
1100 1321 45 26 se
1190 1316 237 43 partagent
1479 1307 300 52 l'après-midi
1816 1308 59 39 du
1911 1308 254 40 dimanche.

141 1376 59 41 M.
229 1374 203 43 Séchiari
451 1390 21 26 a
499 1376 253 40 l'intention
769 1376 54 39 de
847 1376 242 52 reprendre
1110 1390 70 26 ses
1205 1381 184 35 séances
1414 1390 55 26 en
1489 1375 245 41 novembre
1754 1376 215 52 prochain
1986 1392 9 33 ;
2012 1377 29 39 il
2060 1376 110 42 n'est

143 1460 79 40 pas
246 1446 194 40 douteux
480 1458 86 40 que
589 1444 38 40 le
652 1451 152 35 succès
846 1468 38 4 —
938 1458 87 38 que
1060 1455 99 31 tous
1199 1445 63 40 les
1300 1451 151 35 succès
1491 1449 397 48 récompenseront
1905 1458 70 27 ses
1999 1445 169 41 efforts.

143 1515 122 42 Pour
288 1529 45 26 sa
354 1517 220 50 première
597 1515 170 47 saison,
795 1514 29 40 il
846 1529 21 25 a
895 1523 104 32 tenu
1028 1519 19 35 à
1069 1527 53 27 ne
1145 1513 110 42 faire
1295 1515 215 40 entendre
1537 1522 175 33 surtout
1747 1527 87 39 que
1876 1515 78 39 des
1994 1528 178 27 œuvres

143 1590 261 36 consacrées
425 1599 9 34 ;
452 1586 113 38 mais
594 1584 62 40 les
682 1583 220 54 quelques
923 1601 15 19 «
972 1599 11 25 i
996 1591 26 16 re
1030 1581 2 56 '
1065 1584 228 41 auditions
1312 1599 18 20 »
1352 1581 105 56 qu'il
1476 1598 21 26 a
1520 1584 199 39 données
1744 1592 77 32 ont
1835 1588 68 36 été
1920 1584 252 41 accueillies

144 1669 104 26 avec
277 1668 124 27 assez
439 1654 52 40 de
521 1653 170 41 faveur.
736 1652 63 41 Le
836 1653 152 53 public
1021 1662 65 32 est
1118 1655 123 39 aussi
1275 1654 127 40 avide
1442 1653 262 41 d'entendre
1738 1653 63 40 les
1841 1667 177 27 œuvres
2065 1651 107 56 qu'il

143 1727 174 49 ignore,
333 1724 106 52 qu'il
465 1726 116 38 aime
609 1728 22 35 à
655 1728 180 36 écouter
858 1723 132 40 celles
1011 1722 107 53 qu'il
1139 1728 196 36 connaît.
1363 1722 63 41 Ce
1446 1721 112 42 n'est
1583 1722 228 41 d'ailleurs
1836 1722 132 53 qu'en
1993 1732 180 44 portant

144 1795 78 40 des
247 1798 277 37 nouveautés
548 1807 77 27 sur
648 1806 69 27 ses
738 1806 315 40 programmes
1075 1807 86 38 que
1191 1792 62 41 M.
1282 1792 202 42 Séchiari
1521 1806 163 39 pourra
1709 1792 179 42 décider
1920 1794 41 39 la
1984 1794 188 52 critique

148 1868 21 36 à
192 1877 46 27 se
261 1864 237 50 déranger.
522 1861 86 42 Les
631 1872 200 31 concerts
862 1872 100 31 sont
985 1865 36 38 si
1045 1862 272 41 nombreux!

204 1940 113 39 Lors
343 1939 54 40 de
431 1939 39 39 la
495 1938 204 40 dernière
719 1943 174 43 séance,
921 1944 129 46 après
1087 1939 39 40 le
1152 1936 209 42 Concerto
1385 1953 51 25 en
1470 1943 46 35 ré
1538 1938 167 39 mineur
1711 1970 9 16 ,
1760 1938 53 40 de
1839 1938 204 49 Hasndel,
2085 1953 87 38 que

148 2009 62 40 les
234 2010 297 39 instruments
557 2012 20 36 à
601 2008 154 40 cordes
796 2016 76 32 ont
896 2008 101 52 joué
1034 2022 104 26 avec
1170 2022 88 26 une
1296 2012 155 48 pureté
1480 2008 54 40 de
1569 2021 82 27 son
1676 2009 200 51 exquise,
1902 2016 41 33 et
1985 2009 113 39 dans
2132 2009 39 40 le

145 2077 94 39 vrai
265 2084 288 32 mouvement
567 2098 51 5 —
632 2075 202 40 solennel
851 2084 41 31 et
915 2088 223 40 pompeux
1164 2076 75 51 qui
1257 2077 208 38 convient
1490 2079 22 36 à
1530 2084 112 32 cette
1657 2077 207 52 musique
1886 2075 221 53 profonde
2124 2100 46 5 —

145 2159 115 27 nous
286 2159 139 26 avons
458 2145 197 40 entendu
679 2159 59 26 un
773 2143 208 40 Lamento
1005 2145 53 39 de
1100 2143 62 40 M.
1189 2143 92 42 Léo
1320 2142 159 43 Sachs.
1507 2143 121 42 C'est
1671 2158 88 27 une
1801 2159 154 27 œuvre
1997 2154 170 41 courte,

145 2216 183 39 extraite
348 2214 228 41 d'ailleurs
599 2213 134 41 d'une
769 2215 129 46 suite,
938 2223 42 31 et
1002 2215 73 51 qui
1116 2227 116 27 nous
1262 2229 21 24 a
1324 2214 77 52 plu
1435 2228 79 39 par
1550 2228 46 26 sa
1633 2215 208 40 sincérité
1863 2223 41 32 et
1927 2229 46 26 sa
1999 2216 147 52 simpli-

143 2286 98 39 cité.
269 2284 98 42 Une
390 2284 164 52 phrase
576 2283 320 48 douloureuse,
917 2285 225 50 exprimée
1159 2282 188 42 d'abord
1366 2297 80 39 par
1469 2283 63 41 les
1557 2285 217 51 premiers
1799 2284 179 41 violons
1999 2298 142 28 accom-

143 2358 172 48 pagnés
338 2357 22 36 à
381 2361 302 45 contretemps
713 2367 80 38 par
813 2352 64 40 les
912 2352 173 47 cordes,
1107 2361 66 32 est
1206 2354 169 51 reprise
1395 2354 175 40 ensuite
1593 2368 80 38 par
1692 2353 63 41 les
1780 2354 190 40 seconds
1991 2354 179 41 violons

143 2424 103 40 unis
267 2437 83 26 aux
371 2436 113 34 cors,
519 2430 41 32 et
592 2430 66 32 est
696 2420 122 42 enfin
842 2422 247 52 développé
1118 2422 113 40 dans
1256 2431 95 31 tout
1388 2421 274 42 l'orchestre.
1704 2422 109 41 Puis
1852 2437 56 26 au
1944 2423 102 53 plus
2084 2423 87 42 fort

142 2491 106 42 d'un
285 2492 225 39 crescendo
531 2491 113 41 dans
661 2491 147 52 lequel
831 2491 39 40 le
902 2491 262 53 pathétique
1201 2500 65 31 est
1290 2496 166 48 poussé
1486 2490 85 42 fort
1594 2492 108 48 loin,
1726 2500 147 33 toutes
1902 2492 64 41 les
1996 2494 101 40 voix
2118 2494 52 39 de

142 2559 259 43 l'orchestre
424 2575 47 26 se
496 2563 162 39 taisent
684 2559 340 54 brusquement.
1052 2560 70 42 Un
1154 2560 134 41 motif
1316 2561 267 53 épisodique
1603 2561 107 40 d'un
1734 2561 177 53 rythme
1936 2570 95 33 tout
2049 2566 22 36 à
2092 2561 79 42 fait

141 2630 206 42 différent
370 2640 66 31 est
458 2629 145 42 confié
627 2644 81 26 aux
732 2629 116 47 bois,
889 2639 41 31 et
954 2630 142 40 calme
1129 2631 54 39 de
1206 2644 81 26 son
1312 2632 173 39 sourire
1509 2631 163 41 discret
1692 2629 264 54 l'explosion
1979 2631 55 41 de
2056 2631 86 42 dou-

141 2701 96 41 leur
254 2700 195 42 violente
486 2705 21 35 à
532 2700 197 52 laquelle
752 2700 27 39 il
806 2700 202 40 succède.

199 2776 72 42 Un
294 2776 347 41 enchaînement
665 2780 89 35 très
786 2784 126 32 court
955 2773 145 42 confié
1124 2789 84 26 aux
1229 2776 174 39 cuivres
1433 2781 182 35 ramène
1659 2776 39 40 le
1730 2777 195 51 premier
1947 2776 145 49 motif,
2129 2785 41 32 et

143 2844 184 42 l'œuvre
350 2845 177 40 conclut
548 2858 77 26 sur
659 2858 88 26 une
768 2849 163 48 pensée
952 2844 53 40 de
1026 2846 202 39 tristesse
1251 2853 40 31 et
1312 2845 54 40 de
1387 2844 252 53 désespoir.

200 2919 63 42 Ce
288 2921 206 40 Lamento
517 2921 118 40 avait
660 2919 167 42 obtenu
844 2919 235 53 beaucoup
1100 2921 54 39 de
1175 2926 153 35 succès
1368 2924 21 37 à
1429 2919 329 51 Monte-Carlo,
1796 2926 151 36 succès
1985 2936 86 39 que
2107 2923 63 40 les

142 2990 211 42 habitués
376 2992 59 40 du
455 2999 179 32 concert
655 2989 204 42 Séchiari
886 2999 77 32 ont
995 2990 273 52 pleinement
1304 2988 160 43 ratifié.
1489 3014 50 3 —

1557 2989 55 40 H.
1638 2989 35 42 B
1682 3004 134 27 RODY.

199 3117 328 42 «SYMPHONIE
580 3123 346 36 LÉGENDAIRE»
969 3132 57 26 DE
1070 3117 227 49 BENJAMIN
1334 3116 195 42 GODARD
1582 3119 235 50 (CONCERT
1851 3117 217 43 COLONNE
2108 3135 60 26 DU

147 3202 48 27 10
228 3188 153 51 MARS).

411 3210 45 6 —
482 3187 60 40 M.
582 3186 207 43 Colonne
811 3203 20 25 a
857 3188 40 41 la
920 3194 87 35 très
1031 3187 181 42 louable
1235 3189 350 51 préoccupation
1618 3188 53 41 de
1705 3190 141 39 servir
1880 3189 38 40 la
1959 3191 210 51 musique

142 3257 221 51 française
399 3266 41 32 et
466 3257 53 41 de
555 3265 207 33 remettre
785 3271 55 27 en
865 3258 223 51 honneur,
1113 3258 37 40 si
1174 3256 216 54 possible,
1412 3257 78 41 des
1513 3272 178 26 œuvres
1724 3272 59 26 un
1825 3272 86 39 peu
1947 3258 219 42 oubliées.

142 3325 145 54 Après
308 3327 35 39 le
367 3326 150 41 Désert
539 3327 54 40 de
618 3327 194 41 Félicien
831 3326 162 47 David,
1021 3327 29 41 il
1090 3340 115 28 nous
1236 3341 21 26 a
1286 3327 150 41 donné
1460 3327 39 41 la
1531 3326 266 56 Symphonie
1825 3327 251 55 légendaire
2115 3328 54 39 de

142 3396 237 53 Benjamin
405 3394 184 44 Godard
614 3396 160 49 (1886).
811 3394 121 44 C'est
969 3410 87 28 une
1088 3410 154 28 œuvre
1280 3396 215 52 agréable
1533 3406 41 32 et
1608 3396 227 49 brillante,
1878 3398 114 40 mais
2034 3396 133 42 d'une

142 3466 253 52 esthétique
413 3472 87 35 très
518 3471 224 36 surannée
762 3479 55 27 en
837 3479 47 28 ce
905 3468 75 51 qui
999 3480 217 27 concerne
1240 3467 63 41 les
1327 3467 195 52 paroles,
1548 3474 41 33 et
1612 3465 132 42 d'une
1773 3464 166 43 facilité
1960 3466 180 52 déplora-

143 3535 199 42 blement
364 3535 298 54 superficielle
686 3544 140 45 quant
850 3540 22 36 à
906 3536 40 41 la
984 3538 225 51 musique.
1256 3535 184 43 Godard
1465 3537 112 41 n'est
1607 3537 160 53 jamais
1797 3537 149 40 concis
1969 3544 42 33 et
2034 3540 130 49 péné-
