2329 3777
420 172 222 36 CRÉATION
678 182 25 26 A
736 182 129 26 PARIS
901 167 105 42 D'UN
1042 182 209 26 THEATRE
1282 180 198 33 LYRIQUE
1515 178 361 29 INTERNATIONAL

2096 168 70 46 163

137 278 171 41 devrait
328 274 163 43 établir
513 275 78 42 des
609 274 127 43 tarifs
762 275 226 42 excessifs.
1023 275 56 43 Et
1112 276 174 41 d'autre
1305 284 100 45 part
1428 275 40 41 le
1509 275 133 42 cadre
1678 275 131 41 étroit
1851 272 216 53 empêche
2101 270 72 55 d'y

137 355 157 33 mettre
316 346 348 51 régulièrement
687 350 21 36 à
734 346 40 40 la
798 346 274 53 disposition
1093 346 59 41 du
1169 345 153 54 public
1338 346 78 40 des
1437 345 150 54 places
1608 343 305 43 confortables
1938 347 21 36 à
1978 343 78 40 des
2079 344 94 51 prix

136 416 207 41 modérés
385 414 119 43 Tout
537 416 173 41 théâtre
733 416 144 41 actuel
901 420 21 36 à
948 416 130 41 Paris
1101 440 53 4 —
1185 416 102 53 plus
1324 416 321 52 spécialement
1670 423 96 33 tout
1790 414 172 41 théâtre
1999 413 175 53 lyrique

136 510 54 4 —
212 484 78 54 qui
312 484 131 43 ferait
468 486 132 53 appel
625 490 22 37 à
671 485 79 41 des
775 487 180 40 artistes
992 491 205 43 coûteux,
1225 499 55 26 ne
1303 487 171 39 saurait
1511 487 178 39 couvrir
1713 498 71 27 ses
1807 483 109 41 frais
1940 496 114 40 pour
2096 482 78 40 des

139 558 386 52 représentations
551 557 247 50 régulières
821 572 7 25 :
853 557 88 40 ceci
967 565 82 38 est,
1070 554 294 49 semble-t-il,
1392 568 87 28 une
1502 554 302 42 indiscutable
1827 555 154 40 vérité.

196 626 99 42 Une
326 626 111 41 salle
459 627 56 41 de
551 626 220 54 spectacle
797 626 51 40 de
875 639 127 39 3.500
1024 630 20 36 à
1068 638 133 39 4.000
1235 625 167 53 places,
1437 624 252 51 commode,
1715 624 140 51 large,
1884 623 206 41 installée
2121 623 54 40 de

138 696 132 51 façon
293 696 232 49 moderne,
551 705 105 44 peut
677 696 123 41 seule
818 704 241 45 permettre
1082 695 64 41 les
1168 695 198 51 grandes
1390 693 364 42 manifestations
1775 693 114 41 d'art
1907 693 189 52 lyrique,
2116 701 58 36 et,

144 775 96 32 tout
261 770 22 36 à
307 766 41 41 la
372 765 101 44 fois,
503 774 211 45 apporter
738 781 55 26 au
816 765 153 54 public
992 765 78 41 des
1101 765 169 41 classes
1295 778 248 40 moyennes
1574 778 61 26 un
1657 763 171 41 théâtre
1851 762 190 42 musical
2067 761 108 54 qu'il

140 835 288 54 fréquentera
454 837 372 50 régulièrement;
853 835 84 41 elle
960 844 105 45 peut
1107 835 139 50 seule,
1273 849 54 26 en
1361 849 58 26 un
1456 843 107 41 mot,
1604 832 123 43 offrir
1759 847 83 27 aux
1879 840 295 46 spectateurs,

142 921 114 39 pour
279 922 60 26 un
361 908 95 52 prix
482 906 196 51 modéré,
705 906 53 40 de
782 905 141 42 belles
947 919 178 28 œuvres
1148 906 294 52 interprétées
1463 918 80 39 par
1566 904 54 41 de
1640 903 143 42 beaux
1811 905 194 39 artistes.

198 977 125 41 Telle
341 976 64 42 fut
430 976 128 42 l'idée
579 981 239 37 maîtresse
837 976 54 42 de
910 990 47 28 ce
980 977 165 52 projet.

941 1117 30 41 I.
997 1141 48 5 —
1075 1116 65 42 LE
1175 1117 232 42 THÉÂTRE.

207 1229 38 35 I°
270 1223 62 41 LA
359 1224 161 41 SALLE.
549 1250 51 4 —
633 1225 129 41 Nous
787 1239 140 27 avons
953 1225 143 41 choisi
1120 1234 42 32 et
1186 1228 156 51 acquis
1366 1226 113 40 dans
1508 1240 48 26 ce
1576 1225 79 41 but
1681 1224 126 53 (avec
1832 1224 91 42 bail
1952 1225 54 40 de
2030 1228 49 37 28
2105 1239 50 26 an-

143 1293 127 55 nées)
287 1295 40 41 la
353 1295 111 41 salle
487 1295 55 41 de
562 1294 361 54 FHippodrome,
950 1295 126 53 place
1096 1294 175 55 Clichy.

200 1364 64 42 Le
286 1367 202 51 quartier
510 1379 116 27 nous
643 1378 56 28 en
720 1364 173 41 semble
913 1368 326 38 extrêmement
1262 1364 251 42 favorable.
1553 1364 99 43 Une
1685 1369 186 37 énorme
1909 1364 270 53 population

145 1435 130 41 avide
290 1435 56 41 de
369 1435 243 53 spectacles
633 1449 47 27 se
703 1448 155 40 presse
879 1449 84 27 aux
976 1435 245 45 alentours,
1248 1435 159 52 depuis
1431 1434 301 41 Montmartre
1754 1442 41 33 et
1818 1434 64 41 les
1899 1432 282 52 Batignolles

146 1505 176 53 jusqu'à
348 1503 309 46 Saint-Ouen,
686 1506 76 52 qui
792 1519 114 28 nous
931 1519 208 27 assurera
1165 1505 54 40 de
1237 1504 233 41 fructueux
1496 1504 199 41 samedis
1719 1512 41 33 et
1800 1503 281 42 dimanches.
2119 1501 64 43 Le

147 1574 153 54 public
321 1576 215 52 parisien,
562 1590 80 38 par
666 1575 200 49 ailleurs,
887 1585 82 38 est,
992 1588 55 27 en
1068 1588 82 28 son
1174 1574 249 47 ensemble,
1451 1575 203 53 toujours
1678 1578 96 49 prêt
1800 1578 20 36 à
1850 1572 260 55 fréquenter
2142 1574 39 40 la

147 1645 126 53 place
297 1644 181 54 Clichy;
509 1645 28 40 il
567 1644 112 42 n'est
703 1659 80 39 pas
823 1645 223 41 d'endroit
1067 1644 101 54 plus
1203 1646 147 39 voisin
1382 1644 78 41 des
1495 1643 290 48 boulevards,
1812 1652 124 32 entre
1960 1643 40 41 la
2025 1642 159 42 Plaine

148 1714 224 42 Monceau
398 1724 40 33 et
457 1715 40 41 le
522 1716 202 52 quartier
746 1715 54 40 de
829 1714 227 54 l'Europe,
1079 1721 57 35 où
1160 1715 40 40 le
1225 1714 207 41 meilleur
1452 1715 185 40 homme
1657 1714 58 41 du
1744 1714 166 40 monde
1945 1713 103 41 aille
2081 1714 101 52 plus

149 1785 265 41 volontiers.
440 1784 64 41 Le
528 1784 359 54 Métropolitain,
915 1785 63 40 les
997 1793 257 45 tramways,
1284 1784 64 41 les
1366 1783 210 50 autobus,
1600 1784 63 41 les
1686 1785 217 47 voitures,
1918 1797 55 27 en
1997 1783 188 42 rendent

151 1855 157 40 l'accès
328 1856 92 39 aisé
434 1866 8 35 ;
464 1853 105 42 c'est
586 1869 87 26 une
693 1856 217 40 situation
924 1854 54 41 de
1000 1856 195 51 premier
1215 1854 145 41 ordre.

210 1923 64 41 La
296 1924 111 40 salle
431 1938 97 27 sera
554 1924 155 42 refaite
730 1938 55 27 en
824 1926 143 52 partie
1000 1933 40 32 et
1063 1923 407 42 confortablement
1507 1928 248 46 aménagée
1782 1935 7 27 :
1831 1923 19 39 3
1879 1927 83 37 800
1992 1928 21 35 à
2052 1936 135 39 4.000

153 1994 150 53 places
322 2009 26 37 y
372 2003 152 32 seront
547 1994 250 54 disposées,
823 2002 162 42 vastes,
1011 1994 276 47 commodes,
1324 2008 105 26 avec
1449 1994 150 50 larges
1623 1994 234 40 vestiaires
1879 1993 109 41 dont
2013 1993 174 53 chaque

153 2068 188 37 numéro
366 2065 325 52 correspondra
718 2079 54 26 au
798 2068 189 37 numéro
1011 2064 53 41 de
1086 2063 40 41 la
1148 2064 126 52 place
1298 2068 193 48 occupée
1511 2062 114 41 dans
1649 2062 38 41 la
1714 2062 127 50 salle,
1868 2076 105 27 avec
1994 2063 167 51 dégage-

153 2143 162 42 ments,
343 2133 150 54 foyers
517 2134 259 41 circulaires
797 2142 41 32 et
861 2132 181 42 fumoir.
1064 2132 337 42 L'installation
1420 2147 97 26 sera
1543 2133 168 52 unique
1736 2136 20 36 à
1776 2131 130 42 Paris
1928 2144 7 28 :
1961 2146 57 27 on
2037 2141 126 32 enten-

153 2204 96 47 dra,
276 2218 58 27 on
357 2218 128 26 verra
506 2203 54 41 de
587 2212 197 44 partout,
807 2212 42 32 et
873 2203 39 41 le
934 2202 151 54 public
1103 2218 28 38 y
1155 2211 208 33 trouvera
1392 2211 146 33 toutes
1563 2202 63 42 les
1651 2204 117 38 aises
1800 2201 137 54 qu'on
1967 2202 61 40 lui
2053 2216 21 26 a
2098 2202 68 53 jus-

154 2274 133 53 qu'ici
323 2273 213 41 refusées.

212 2359 21 25 2
240 2349 17 17 0
279 2343 65 40 LA
369 2342 31 42 S
407 2349 130 34 CÈNE.
568 2367 41 4 —
638 2342 64 41 La
728 2349 131 34 scène
880 2357 96 26 sera
1003 2344 295 39 entièrement
1319 2342 165 41 établie
1504 2357 81 39 par
1608 2357 82 27 nos
1724 2344 139 40 soins.
1890 2342 97 41 Elle
2011 2342 177 41 réunira

157 2414 64 40 les
244 2413 205 42 derniers
471 2412 459 54 perfectionnements
952 2410 258 56 (éclairage,
1232 2413 289 47 machinerie,
1540 2413 120 50 etc.),
1678 2422 41 31 et
1741 2413 63 40 les
1828 2412 157 41 études
2008 2425 156 39 person-

156 2483 142 41 nelles
332 2496 89 40 que
442 2497 115 27 nous
581 2496 141 28 avons
757 2482 130 42 faites
921 2497 55 27 en
1014 2482 271 52 Allemagne
1322 2496 115 28 nous
1475 2491 152 33 seront
1649 2486 20 37 à
1696 2491 66 32 cet
1800 2482 139 51 égard
1962 2487 88 36 très
2089 2486 77 49 pré-

155 2556 189 39 cieuses.
365 2552 70 43 Un
456 2555 199 40 éminent
680 2552 242 52 ingénieur
943 2554 60 41 du
1027 2553 172 41 théâtre
1235 2553 54 40 de
1313 2552 229 54 Bayreuth
1560 2550 187 56 (auquel
1772 2566 115 28 nous
1912 2550 130 42 fîmes
2060 2552 130 52 appel

156 2625 98 53 déjà
297 2624 185 53 lorsque
519 2637 116 28 nous
671 2627 218 43 créâmes,
941 2628 22 35 à
998 2622 126 48 Nice,
1159 2622 93 41 l'Or
1270 2623 56 40 du
1362 2622 120 41 Rhin
1490 2657 9 17 ,
1534 2636 91 28 non
1649 2636 160 27 encore
1845 2626 259 49 représenté
2136 2635 55 27 en

158 2695 171 40 France
351 2703 134 32 avant
509 2692 135 55 nous)
678 2707 96 28 sera
795 2694 142 40 choisi
961 2707 175 27 comme
1160 2693 167 41 conseil
1361 2707 114 39 pour
1499 2706 72 27 ces
1592 2695 275 50 importants
1893 2700 185 33 travaux
2105 2705 86 38 que

158 2766 199 49 dirigera
379 2779 61 25 un
462 2764 55 40 de
537 2777 83 27 nos
644 2764 219 53 premiers
882 2763 264 41 architectes

216 2833 122 41 C'est
357 2847 124 27 assez
506 2833 93 41 dire
631 2835 225 51 qu'aucun
889 2833 173 41 théâtre
1096 2832 194 52 français
1315 2846 54 28 ne
1393 2846 98 28 sera
1533 2834 121 39 aussi
1693 2829 332 56 parfaitement,
2070 2831 121 40 aussi

158 2904 348 52 complètement
529 2902 194 41 installé.

877 3036 51 40 II.
958 3060 49 3 —
1029 3034 90 42 LES
1156 3032 311 44 SPECTACLES.

215 3142 128 43 Nous
366 3155 116 28 nous
506 3153 256 41 proposons
780 3139 55 41 de
858 3138 175 42 donner
1056 3137 113 41 deux
1198 3150 162 39 genres
1381 3137 54 40 de
1460 3137 244 53 spectacles
1737 3137 220 52 réguliers
1985 3150 7 27 :

223 3218 39 34 i°
284 3212 82 40 Les
387 3210 229 55 spectacles
645 3209 252 56 populaires
903 3243 9 17 ,
940 3213 21 36 à
982 3206 107 43 tarif
1110 3211 323 38 extrêmement
1459 3208 143 40 réduit
1625 3223 9 34 ;

221 3298 19 25 2
247 3287 18 18 0
280 3282 81 41 Les
382 3280 230 57 spectacles
635 3279 127 48 d'art,
786 3283 21 37 à
830 3278 108 42 tarif
952 3279 102 52 plus
1074 3279 124 40 élevé
1218 3279 199 52 quoique
1438 3291 161 28 encore
1623 3278 85 41 fort
1726 3278 163 40 réduit,

228 3367 32 24 I.
288 3350 285 43 SPECTACLES
598 3363 296 29 POPULAIRES.
915 3372 52 5 —
991 3347 173 54 Quatre
1186 3346 88 43 fois
1291 3347 38 41 la
1356 3349 217 50 semaine,
1599 3356 41 32 et
1663 3356 282 32 notamment
1966 3347 38 39 le
2023 3345 171 41 samedi

163 3430 40 32 et
228 3422 38 39 le
290 3422 257 47 dimanche,
564 3434 116 28 nous
702 3424 368 48 représenterons
1088 3418 77 41 des
1186 3431 180 27 œuvres
1386 3417 98 54 déjà
1501 3431 199 27 connues
1723 3425 41 32 et
1785 3417 109 40 dont
1915 3415 180 41 Faction
2119 3427 76 27 sur

165 3492 40 40 le
223 3490 151 54 public
397 3499 65 32 est
486 3492 211 40 certaine.
721 3488 88 42 Ces
830 3502 178 27 œuvres
1032 3496 151 33 seront
1204 3489 294 51 interprétées
1522 3501 81 38 par
1628 3500 85 27 une
1731 3495 159 44 troupe
1920 3485 274 49 homogène,

165 3575 56 27 au
245 3561 149 40 moins
417 3561 128 51 égale
568 3565 21 36 à
614 3559 109 44 celle
744 3559 77 42 des
842 3558 195 52 grandes
1060 3558 128 41 villes
1212 3564 57 35 où
1299 3558 39 40 le
1363 3558 244 52 répertoire
1630 3565 66 32 est
1717 3556 39 40 le
1776 3555 101 53 plus
1901 3567 54 27 en
1990 3554 205 40 honneur
