2329 3777
229 237 0 0 154

998 202 50 24 LA
1081 201 223 28 NOTATION

342 342 72 41 III.
450 367 51 4 —
538 343 297 40 Gomment
868 353 70 30 on
972 342 145 42 écrit
1150 343 370 51 aujourdhui.
1564 344 75 40 La
1681 343 273 41 notation.

213 475 19 24 <(
268 461 235 41 NOTATION
536 474 219 29 MUSICALE
778 476 238 28 AUTONOME
1038 476 39 33 »,
1102 476 80 39 par
1208 462 108 55 Jean
1352 462 257 42 Hautstout,
1656 476 11 25 i
1710 462 89 40 vol.
1844 462 91 49 in-4
1940 465 15 18 0
1964 493 7 17 ,
2004 461 126 52 impri-

156 532 136 38 merie
313 530 54 40 de
401 529 164 42 l'Ecole
588 532 271 51 municipale
884 531 229 48 Estienne,
1164 535 61 44 18,
1258 531 242 41 boulevard
1526 530 436 52 Auguste-Blanqui.
2001 553 50 3 —
2089 528 63 40 La

156 600 206 50 musique
385 600 213 40 moderne
623 608 64 32 est
712 601 170 39 arrivée
919 604 20 36 à
966 615 59 25 un
1059 600 57 40 tel
1141 600 134 50 degré
1294 600 53 40 de
1370 601 264 51 complexité
1656 599 252 52 graphique
1925 607 39 31 et
1987 598 144 40 d'indé-

155 667 228 52 pendance
415 668 112 40 dans
550 668 62 40 les
635 668 211 41 relations
865 669 187 51 tonales,
1079 682 85 39 que
1187 678 125 31 notre
1352 675 191 47 système
1568 668 286 41 traditionnel
1876 668 53 40 de
1953 668 202 40 notation

154 735 190 51 devient,
380 749 88 28 non
511 750 78 38 pas
612 736 253 43 insuffisant
901 736 90 53 (car
1032 738 28 39 il
1103 747 170 43 permet
1311 738 52 40 de
1397 746 92 33 tout
1514 735 127 54 dire),
1670 739 128 48 mais,
1841 735 183 53 parfois,
2067 741 87 34 très

155 804 174 41 difficile
353 809 21 36 à
399 807 161 47 suivre,
588 814 174 33 surtout
778 821 111 38 pour
906 807 39 40 le
969 807 164 40 lecteur
1154 809 74 50 qui
1249 805 223 42 déchiffre.
1499 805 126 42 Voici
1646 821 58 25 un
1729 819 193 39 passage
1945 805 54 40 de
2022 804 104 41 Bala-

154 873 138 40 kirew
315 870 211 57 (Islamey,
553 889 41 38 p.
626 873 63 54 18)
714 876 74 51 qui
808 877 318 39 certainement
1150 877 226 39 arrêterait
1400 875 39 41 le
1463 876 188 51 pianiste
1675 875 39 40 le
1733 875 99 51 plus
1856 873 185 41 habitué
2072 888 82 25 aux

152 941 292 42 broussailles
466 943 53 41 de
543 942 26 41 1'
591 956 20 25 «
634 944 233 41 altération
889 957 19 25 »
927 955 7 29 :

207 1975 97 53 Que
340 1988 310 40 pensez-vous,
684 1979 21 35 à
745 1989 59 26 un
842 1981 122 33 autre
987 1974 123 51 point
1146 1972 53 40 de
1221 1985 99 34 vue,
1345 1972 54 39 de
1418 1985 70 26 ces
1509 1979 156 44 quatre
1705 1983 200 28 mesures
1946 1969 197 42 d'Alfred

151 2045 209 41 Bruneau
382 2044 53 53 [le
454 2044 129 48 Rêve)
621 2045 75 51 qui
738 2042 224 41 d'ailleurs
991 2055 103 27 avec
1115 2041 94 40 leur
1230 2042 254 39 succession
1505 2040 51 40 de
1580 2041 177 52 quintes
1780 2039 181 41 doivent
1981 2039 126 52 faire,
2132 2044 21 35 à

152 2113 269 48 l'orchestre,
458 2128 59 25 un
538 2112 212 41 excellent
772 2111 101 41 effet
893 2127 7 25 :

208 2858 98 52 Que
325 2872 294 38 pensez-vous
653 2872 158 28 encore
832 2858 51 40 de
903 2872 46 26 ce
972 2872 192 38 passage
1184 2859 58 40 du
1262 2858 182 42 Fervaal
1465 2865 55 34 où
1541 2858 61 40 M.
1627 2858 189 42 Vincent
1839 2856 153 54 dMndy
2016 2857 110 41 n'em-

153 2928 116 50 ploie
290 2941 79 38 pas
402 2941 86 27 une
512 2928 121 40 seule
671 2928 77 40 des
771 2935 127 33 notes
922 2928 51 40 de
999 2928 38 40 la
1059 2941 179 37 gamme
1258 2928 57 40 du
1340 2936 74 32 ton
1441 2926 106 53 qu'il
1569 2941 21 26 a
1616 2928 160 51 adopté
1795 2925 78 53 [mi
1931 2926 188 53 majeur)
2145 2937 7 27 :

788 3013 73 4 —
1046 3013 3 36 j
