3576 4462
1746 118 92 57 245

143 260 144 64 söhn;
336 261 45 53 in
428 261 87 53 den
547 261 188 51 Chören
777 261 178 54 kommt
988 263 81 52 der
1101 263 274 70 Componist
1406 261 172 51 seinem
1610 264 91 51 Vor-

142 345 121 54 bilde
296 348 106 51 sehr
432 348 143 58 nahe;
630 347 70 50 die
738 348 94 51 Soli
872 349 209 69 (Terzett
1112 349 70 50 für
1214 350 198 66 Sopran,
1445 348 155 51 Tenor
1637 350 94 51 und

140 433 208 58 Bariton,
380 433 94 49 und
494 432 255 69 Quartett),
780 452 88 32 von
894 435 122 50 Frau
1041 434 267 51 Offermans
1331 433 92 49 und
1449 433 109 51 Miss
1578 434 155 70 Dolby

140 517 96 49 und
279 517 89 49 den
413 518 185 50 Herren
639 519 160 66 Roger
843 519 95 50 und
980 518 196 51 Pischek
1216 518 145 50 schön
1408 526 324 61 vorgetragen,

140 601 167 50 liessen
338 620 86 31 uns
458 602 228 51 trotzdem
720 603 118 58 kalt;
876 603 64 50 sie
973 603 99 50 sind
1105 620 82 49 gar
1219 621 56 30 zu
1308 602 108 51 sehr
1446 602 159 70 Copie,
1637 604 95 51 und

140 702 127 34 zwar
296 686 44 49 in
371 686 268 68 derjenigen
672 688 223 66 Gattung,
936 687 179 49 welche
1147 687 116 49 auch
1295 686 71 52 bei
1397 687 145 52 ihrem
1576 689 129 68 Origi-

140 771 73 51 nal
245 771 160 70 häufig
449 773 232 50 zwischen
712 772 136 50 Fisch
888 772 96 50 und
1016 772 176 51 Fleisch
1236 772 44 51 in
1312 773 82 51 der
1423 775 135 50 Mitte
1590 776 138 51 steht.

138 856 65 51 Es
236 856 111 51 fehlt
378 857 129 51 darin
537 875 57 32 an
625 856 265 67 Erfindung
929 857 97 51 und
1070 858 334 68 ergreifendem
1439 860 166 50 Gehalt
1648 861 83 49 der

138 941 216 60 Melodie,
407 941 225 49 während
675 940 72 50 die
795 940 155 52 Chöre
1008 942 80 51 des
1149 942 297 55 erhebenden
1497 945 200 50 Schwun-

140 1044 81 49 ges
254 1025 289 67 keineswegs
575 1025 282 68 ermangeln.

265 1110 99 49 Der
395 1109 245 68 gewaltige
664 1110 144 61 Geist,
841 1111 81 52 der
950 1111 45 52 in
1026 1114 399 50 Beethoven's
1458 1121 273 43 neunter

140 1194 275 50 Sinfonie
461 1195 167 60 wehet,
681 1196 135 51 reisst
861 1204 115 44 stets
1018 1197 71 51 die
1120 1199 215 50 Zuhörer
1375 1200 83 49 mit
1500 1199 92 50 sich
1627 1200 103 60 fort,

138 1296 140 34 wenn
325 1279 71 51 die
441 1280 281 52 materiellen
768 1283 164 49 Kräfte
979 1300 84 32 zur
1110 1283 310 68 Ausführung
1463 1285 267 51 vorhanden

140 1364 113 52 sind.
314 1366 64 50 So
435 1383 98 33 war
588 1384 48 33 es
697 1366 117 51 auch
874 1368 97 50 hier
1027 1368 84 50 der
1156 1369 111 60 Fall,
1326 1370 232 50 wesshalb
1609 1370 122 51 denn

138 1450 83 51 der
251 1450 139 51 letzte
421 1451 107 50 Satz
560 1469 74 33 am
664 1451 194 51 meisten
890 1451 262 70 imponirte,
1194 1472 136 33 wozu
1363 1455 81 51 der
1476 1455 254 51 zahlreiche

138 1534 127 52 Chor
315 1535 95 50 und
462 1535 80 51 das
588 1537 311 50 vortreffliche
943 1538 362 59 Solo-Quartett
1468 1540 121 69 Ney
1633 1540 95 51 und

137 1619 206 70 Dolby,
373 1622 197 66 Roger
598 1622 97 50 und
724 1623 172 49 Form
913 1639 58 33 es
1096 1624 348 69 hauptsächlich
1467 1624 259 69 beitrugen.

138 1705 112 52 Wir
280 1704 152 52 haben
463 1707 71 49 die
566 1707 95 49 Soli
691 1707 84 49 mit
804 1707 129 50 ihren
965 1708 108 51 sehr
1102 1709 241 68 häkeligen
1371 1711 356 50 Instrumental-

136 1791 204 67 Figuren
372 1792 119 49 noch
522 1791 72 50 nie
626 1810 52 31 so
710 1792 310 52 vollkommen
1050 1794 114 59 rein,
1208 1793 69 51 bis
1309 1794 81 50 auf
1421 1794 131 68 jedes
1584 1796 119 49 Titel-

137 1874 117 52 chen
300 1874 201 51 deutlich
546 1876 95 50 und
687 1876 146 50 durch
879 1877 257 51 Orchester
1181 1878 95 50 und
1323 1878 126 51 Chor
1496 1879 231 68 klangvoll

137 1958 377 67 durchdringend
560 1959 183 66 gehört,
788 1959 65 51 als
893 1978 90 32 von
1025 1961 90 50 den
1161 1970 265 59 genannten
1455 1963 272 52 Künstlern.

249 2043 98 50 Der
387 2043 261 69 gewaltige,
706 2061 170 34 sonore
927 2046 115 51 Bass
1081 2064 90 33 von
1229 2046 114 51 Karl
1397 2047 195 55 Formes
1636 2047 88 70 gab

137 2128 105 51 dem
274 2128 224 61 Quartett
532 2130 80 50 das
654 2130 157 50 wahre
842 2131 320 60 Fundament;
1215 2150 107 33 man
1366 2133 159 60 fühlte,
1572 2135 65 49 als
1677 2152 53 32 er

134 2212 120 52 nach
284 2212 84 51 der
397 2221 155 42 ersten
584 2213 182 52 Cadenz
810 2213 60 51 im
903 2216 197 49 zweiten
1130 2217 142 50 Tacte
1304 2216 80 52 des
1416 2217 193 69 Allegro
1642 2219 80 50 das

439 2299 83 50 auf
543 2318 22 33 e
594 2301 33 48 d
663 2299 473 63 hinausschleuderte,
1183 2301 105 51 dass
1331 2301 95 52 dies
1468 2302 71 51 ein
1585 2302 105 52 Com-

136 2382 343 54 mando-Wort
508 2384 79 59 sei,
618 2403 83 33 vor
731 2385 106 49 dem
868 2385 220 51 Schmerz
1120 2386 95 51 und
1249 2387 345 69 Verzweiflung
1623 2406 76 33 ver-

136 2475 233 43 stummen
410 2471 253 57 müssen,
703 2469 94 49 und
829 2486 107 33 man
965 2470 217 69 empfand
1213 2489 96 32 nun
1341 2479 96 43 erst
1467 2473 130 49 recht
1628 2473 72 50 leb-

134 2553 112 59 haft,
292 2570 95 33 was
419 2553 268 52 Beethoven
731 2554 82 49 mit
855 2554 154 51 diesen
1056 2555 112 51 zwei
1199 2556 153 51 Noten
1399 2558 190 66 gewollt
1630 2558 93 59 hat,

134 2638 178 50 welche
359 2644 130 44 sonst
534 2655 51 33 so
627 2639 66 49 oft
724 2639 86 49 fast
842 2639 279 52 unbemerkt
1152 2640 368 69 vorübergehen.
1564 2644 162 66 Roger

133 2723 107 50 liess
280 2723 214 68 „freudig
532 2724 88 51 wie
659 2724 72 51 ein
772 2724 123 53 Held
936 2744 106 31 zum
1316 2727 94 50 sein
1441 2728 145 51 hohes
1675 2746 51 34 so

134 2808 210 52 kraftvoll
390 2808 146 51 durch
581 2809 72 50 die
700 2827 144 49 ganze
891 2810 257 51 Tonmasse
1191 2829 90 33 von
1328 2813 257 49 Orchester
1630 2813 96 51 und

137 2892 127 52 Chor
310 2893 269 60 erschallen,
632 2893 106 52 dass
782 2893 86 51 wir
928 2894 85 50 alle
1069 2894 93 51 ihm
1218 2895 71 51 ein
1335 2897 389 52 unwillkürliches

133 2978 153 51 Bravo
319 2978 215 51 zuriefen.
590 2979 88 50 Die
708 2978 266 51 Altstimme
1006 2998 99 32 war
1136 2987 115 44 stets
1284 2981 186 59 hörbar,
1516 2982 95 51 und
1644 2983 79 51 das

136 3062 150 51 erlebt
325 3081 107 33 man
480 3063 70 50 bei
597 3063 150 51 dieser
776 3064 152 50 Partie
969 3083 90 32 nur
1088 3066 163 59 selten,
1294 3067 96 51 und
1430 3067 82 49 der
1543 3068 184 69 Sopran

138 3146 162 69 spielte
330 3147 83 49 mit
437 3147 86 51 den
547 3147 154 52 hohen
720 3149 161 50 Tönen
907 3148 81 51 mit
1011 3148 125 51 einer
1164 3149 256 52 Sicherheit
1444 3151 94 50 und
1561 3152 138 49 Leich-

137 3231 163 68 tigkeit
341 3231 83 50 der
451 3233 280 60 Intonation,
778 3233 176 51 welche
994 3235 85 49 alle
1111 3236 248 49 Vorwürfe
1401 3235 82 50 der
1512 3235 182 71 Unsang-

137 3316 179 52 barkeit
347 3316 147 52 dieser
526 3317 294 51 Variationen
852 3318 222 68 siegreich
1107 3320 283 68 widerlegte.

265 3401 156 51 Sollen
454 3401 84 51 wir
568 3401 111 51 aber
710 3420 142 32 unser
891 3402 362 69 unparteiisches
1285 3403 177 52 Urtheil
1509 3405 114 50 über
1655 3406 72 52 die

137 3486 284 69 Auffassung
452 3487 80 50 des
564 3487 260 51 kolossalen
848 3487 205 52 Werkes
1086 3489 95 50 und
1213 3489 71 52 die
1316 3490 193 68 geistige
1535 3491 189 62 Weihe,

137 3571 177 52 welche
360 3571 70 51 die
471 3571 307 70 Ausführung
819 3572 344 69 durchdringen
1204 3591 142 44 muss,
1388 3593 52 33 so
1481 3576 87 50 wie
1610 3576 117 51 über

140 3656 80 52 das
251 3656 283 52 Technische
566 3656 82 51 der
678 3657 239 60 letzteren,
950 3659 327 68 aussprechen,
1319 3678 52 33 so
1412 3660 187 51 können
1643 3661 84 52 wir

136 3740 291 70 keineswegs
466 3741 314 69 unbedingten
804 3741 157 51 Beifall
993 3743 207 67 spenden
1232 3744 95 51 und
1357 3749 187 47 müssen
1576 3763 150 51 gegen

138 3825 71 51 die
241 3834 139 53 erste,
421 3828 94 49 und
547 3844 123 33 zwar
700 3826 123 51 nicht
855 3826 41 50 in
927 3826 349 69 Nebendingen,
1319 3830 280 69 protestiren
1632 3831 94 51 und

138 3927 57 33 an
227 3910 83 50 der
340 3913 211 59 zweiten,
583 3913 81 49 der
693 3911 320 69 Auslührung,
1059 3930 83 50 gar
1171 3914 222 52 Manches
1425 3915 63 51 als
1519 3916 175 68 mangel-

138 3993 94 50 haft
261 3993 294 54 bezeichnen.
607 3998 96 49 Das
734 3998 178 67 Tempo
954 3997 80 49 des
1067 4004 156 43 ersten
1246 3999 162 51 Satzes
1453 4017 96 34 war
1578 4000 146 68 gleich

137 4097 90 33 von
255 4097 114 33 vorn
400 4080 156 51 herein
589 4101 57 31 zu
677 4082 185 59 schnell,
893 4082 163 52 wurde
1087 4082 112 50 aber
1229 4083 146 52 schon
1404 4103 73 32 am
1505 4085 218 51 Schlüsse

140 4162 81 52 des
253 4170 156 47 ersten
439 4164 181 53 Theiles
651 4184 51 35 so
733 4167 228 68 überjagt,
1003 4167 104 52 dass
1149 4184 90 37 von
1285 4168 83 52 der
1398 4169 158 55 Breite
1599 4170 123 51 eines

1830 265 208 71 Allegro,
2080 269 105 52 dem
2219 269 72 52 die
2321 269 257 70 Warnung
2607 288 78 37 ma
2710 291 93 35 tum
2833 286 159 59 troppo
3022 278 94 52 und
3149 278 84 52 der
3262 278 131 52 Hand-

1830 354 165 51 weiser
2023 374 69 33 UH
2113 376 113 48 poco
2255 368 221 41 maestoso
2518 355 287 70 beigegeben
2848 362 115 59 sind,
3006 382 84 50 gar
3133 366 126 50 nicht
3289 364 136 51 mehr

1831 437 69 50 die
1928 439 130 51 Rede
2090 441 94 50 sein
2219 442 173 51 konnte
2438 442 95 51 und
2579 442 83 51 der
2706 446 282 67 grossartige
3021 447 255 54 Charakter
3323 449 97 51 und

1830 523 72 50 die
1943 526 240 68 Wirkung
2227 527 80 51 des
2352 528 345 51 Musikstückes
2744 529 212 51 verloren
3001 534 147 65 gehen
3193 543 227 44 mussten.

1829 609 132 50 Muss
1992 627 106 34 man
2128 630 47 31 es
2210 612 119 51 denn
2362 614 121 68 ewig
2506 613 330 61 wiederholen,
2869 614 105 51 dass
3002 617 71 50 die
3104 620 132 52 edeln
3265 621 155 51 hohen

1831 692 239 52 Gestalten
2092 696 320 62 Beethoven's,
2443 716 82 33 vor
2556 700 143 50 deren
2728 700 260 52 schwerem
3016 701 149 51 Tritte
3196 703 70 51 die
3295 706 126 51 Erde

1830 777 206 51 erbeben
2076 797 141 44 muss,
2262 781 124 52 nicht
2417 785 261 66 geschaffen
2707 785 115 61 sind,
2869 804 80 33 um
2983 804 58 33 zu
3074 786 131 52 Tode
3236 788 186 68 gehetzt

1829 882 57 31 zu
1933 863 222 51 werden?
2198 865 103 50 Dass
2333 867 401 70 Kanonenkugeln
2779 871 127 51 nicht
2949 889 236 51 gegossen
3217 874 204 59 werden,

1827 966 80 32 um
1938 949 223 68 Fangball
2194 950 140 51 damit
2366 970 54 32 zu
2453 952 205 69 spielen?
2801 956 133 51 Aber
2974 957 118 51 auch
3137 957 84 52 der
3261 966 136 60 entge-

1829 1041 301 61 gengesetzte
2160 1035 170 51 Fehler
2371 1036 75 51 fiel
2488 1056 95 42 vor,
2624 1039 152 52 indem
2823 1042 80 51 das
2936 1042 109 53 Trio
3087 1044 80 52 des
3199 1045 223 61 Scherzo,

1829 1119 82 49 der
1939 1119 414 52 Vierviertel-Tact
2954 1124 225 58 Presto,
2640 1124 260 68 langsamer
2932 1144 277 50 genommen
3238 1130 182 61 wurde,

1826 1204 65 51 als
1924 1204 79 51 das
2254 1208 145 49 Molto
2602 1208 152 50 vivace
2389 1208 78 50 des
2492 1209 480 62 Dreiviertel-Tactes,
3005 1214 94 51 und
3130 1215 80 51 das

1825 1291 175 58 assai,
2033 1290 83 51 mit
2146 1290 224 52 welchem
2403 1293 71 50 die
2498 1294 145 51 Bässe
2672 1294 80 52 das
2768 1296 365 69 Haupt-Thema
3161 1299 80 52 des
3260 1300 160 51 Finale

1829 1374 246 61 einsetzen,
2107 1375 44 51 in
2183 1376 147 51 einem
2363 1396 51 33 so
2445 1378 182 52 lahmen
2658 1380 283 52 Zeitmaasse
2972 1382 198 69 begann,
3201 1384 106 52 dass
3335 1384 87 52 wir

1825 1478 87 32 uns
1943 1460 301 51 verwundert
2274 1463 195 67 fragten,
2502 1464 59 51 ob
2594 1464 120 52 denn
2746 1467 71 50 die
2840 1468 186 52 Freude
3057 1488 57 33 zu
3147 1469 157 52 Grabe
3335 1488 54 51 ge-

1824 1550 163 63 tragen
2032 1545 190 51 werden
2268 1548 137 49 solle!

1824 1628 205 51 konnten
2071 1648 89 32 nur
2206 1630 71 51 die
2323 1630 228 69 kräftigen
2597 1634 96 51 und
2735 1634 207 70 feurigen
2975 1639 176 51 Stellen
3182 1643 232 65 genügen,

1821 1713 267 69 überhaupt
2131 1714 270 69 diejenigen,
2453 1735 74 33 wo
2575 1718 84 51 der
2699 1719 237 52 Eindruck
2977 1722 43 49 in
3062 1723 82 50 der
3175 1724 242 68 Wirkung

1822 1798 84 51 der
1935 1799 186 50 Massen
2152 1799 98 68 lag;
2283 1801 131 50 allein
2446 1820 57 33 an
2535 1803 143 50 feiner
2701 1804 300 70 Schattirung
3033 1807 81 51 des
3144 1810 276 67 Vortrages,

1824 1901 57 32 an
1928 1883 381 69 Hervorhebung
2359 1884 82 51 der
2494 1887 264 61 Contraste,
2805 1906 74 34 am
2926 1892 361 52 Verständnisse
3337 1893 82 52 des

1825 1966 180 51 Geistes
2028 1967 83 51 der
2133 1968 314 52 Notenschrift
2478 1970 139 52 fehlte
2644 1989 49 34 es
2728 1990 82 51 gar
2833 1973 175 70 häufig,
3041 1976 230 52 wesshalb
3297 1978 123 51 denn

1822 2051 117 52 auch
1965 2052 71 51 die
2052 2052 391 70 Sphären-Musik
2475 2056 81 51 des
2580 2056 182 70 Adagio
2787 2058 153 69 wenig
2960 2060 238 53 Eindruck
3223 2064 197 59 machte,

1820 2137 44 51 in
1896 2137 223 52 welchem
2152 2158 37 31 z.
2217 2140 51 49 B.
2301 2140 71 51 die
2400 2141 450 53 Blas-Instrumente
2880 2145 45 49 in
2955 2145 106 52 dem
3091 2147 325 52 Zwölfachtel-

1821 2222 142 50 Tacte
1980 2240 84 50 gar
2079 2222 124 51 nicht
2234 2241 57 32 zu
2323 2224 105 52 dem
2452 2226 318 52 Bewusstsein
2798 2227 124 51 ihrer
2944 2229 232 68 Aufgabe,
3209 2232 71 51 die
3312 2250 77 33 ver-

1818 2306 211 67 längerte
2058 2307 200 51 Melodie
2290 2307 80 52 des
2391 2310 404 69 Ilaupt-Thema's
2826 2312 325 64 darzustellen,
3184 2316 200 69 durchge-

1820 2391 213 69 drungen
2078 2410 172 42 waren,
2297 2403 131 42 sonst
2470 2395 163 52 hätten
2678 2398 64 49 sie
2780 2398 157 68 egaler
2967 2399 234 68 geblasen,
3251 2401 161 52 besser

1820 2476 255 51 accentuirt
2119 2478 96 50 und
2257 2497 81 33 vor
2368 2479 118 51 allen
2512 2480 185 69 Dingen
2727 2481 125 52 nicht
2883 2484 226 51 zuweilen
3141 2485 72 51 die
3243 2504 141 35 auszu-

1818 2561 248 51 haltenden
2092 2561 309 69 gebundenen
2428 2565 145 61 Töne,
2606 2565 140 52 deren
2773 2568 47 66 je
2854 2569 113 50 zwei
2997 2569 102 52 eine
3134 2570 136 51 halbe
3290 2572 124 52 Note

1820 2645 167 61 bilden,
2048 2646 44 51 in
2137 2649 112 50 zwei
2295 2649 175 51 Viertel
2517 2652 231 61 zerhackt,
2808 2653 225 52 wodurch
3078 2655 71 50 die
3194 2657 218 57 Melodie,

1822 2730 176 52 welche
2029 2732 264 68 dynamisch
2339 2734 126 51 nicht
2506 2754 104 33 zum
2640 2735 280 54 Ausdrucke
2960 2739 121 61 kam,
3128 2742 118 51 auch
3290 2743 122 51 noch

1821 2815 287 69 rhythmisch
2137 2818 257 51 vernichtet
2423 2820 178 51 wurde.

1948 2900 81 51 Bei
2062 2902 83 51 der
2177 2903 144 51 Wahl
2363 2903 83 51 der
2476 2906 348 68 Gesangstücke
2867 2907 83 51 der
2994 2909 196 52 zweiten
3218 2911 169 52 Abthei-

1821 2984 113 69 lung
1962 2986 79 49 des
2072 2987 479 67 Morgen-Concertes
2593 2991 178 50 scheint
2815 2992 92 51 den
2936 2993 281 52 Wünschen
3247 2996 145 51 einzel-

1820 3087 84 34 ner
1947 3072 225 49 Künstler
2216 3091 57 32 zu
2318 3073 83 51 viel
2447 3074 291 69 eingeräumt
2782 3078 196 51 worden
3020 3099 57 31 zu
3127 3081 111 61 sein,
3287 3090 130 43 sonst

1821 3154 163 51 würde
2024 3174 104 33 man
2158 3156 318 53 Musikstücke
2507 3158 87 52 wie
2630 3161 71 49 die
2732 3161 219 52 Alt-Arie
2982 3181 91 33 von
3114 3166 138 49 Rossi
3287 3166 128 69 (Miss

1820 3240 171 68 Dolby)
2023 3241 94 51 und
2147 3241 72 51 die
2701 3246 248 69 (Pischek),
2981 3248 66 51 als
3078 3268 116 49 ganz
3227 3255 156 47 unwür-

1822 3325 76 67 dig
1930 3325 125 50 eines
2084 3326 175 51 Musik-
2292 3328 95 51 und
2429 3346 83 51 gar
2553 3331 123 50 eines
2706 3331 301 62 Jubelfestes,
3049 3335 126 51 nicht
3205 3336 181 67 zugelas-

1822 3426 82 33 sen
1934 3408 165 53 haben.
2159 3412 100 50 Nur
2290 3412 124 51 Frau
2447 3414 367 62 Offermans,
2857 3417 102 51 eine
3000 3419 106 49 sehr
3147 3419 237 50 schätzens-

1822 3494 179 50 werthe
2023 3496 242 66 Sängerin,
2297 3496 79 51 hat
2405 3499 125 49 wohl
2558 3500 274 52 schwerlich
2856 3519 81 33 aus
2961 3502 205 68 eigenem
3185 3502 226 53 Antriebe

1822 3579 71 50 die
1925 3577 339 55 Concert-Arie
2311 3600 90 33 von
2432 3584 227 52 Verhülst
2704 3588 216 66 gewählt,
2967 3586 54 51 da
3067 3588 65 49 sie
3176 3586 45 51 in
3265 3588 146 53 Arien

1821 3662 194 51 anderer
2047 3665 211 69 Gattung
2288 3666 71 50 ihr
2389 3668 169 52 Talent
2587 3669 96 52 und
2718 3670 96 50 ihre
2845 3670 223 50 treffliche
3099 3670 170 52 Schule
3303 3674 109 51 weit

1821 3749 279 66 glänzender
2133 3750 130 52 hätte
2304 3753 161 68 zeigen
2507 3754 198 51 können.
2765 3754 214 51 Fräulein
3021 3756 120 69 Ney
3182 3774 116 51 sang
3339 3759 72 51 die

1821 3849 161 51 grosse
2014 3834 150 52 Scene
2194 3854 84 33 aus
2310 3838 192 68 Spohr's
2535 3839 142 50 Faust
2716 3838 94 51 und
2852 3838 71 49 die
2954 3840 155 50 Partie
3154 3840 84 50 der
3265 3843 145 51 Lucia

1820 3918 44 49 in
1907 3918 104 51 dem
2052 3922 160 50 Finale
2258 3923 150 51 dieser
2438 3924 130 67 Oper
2608 3923 80 51 mit
2723 3923 277 66 gewohnter
3043 3925 368 64 Meisterschaft;

1820 4003 252 52 Formes
2116 4007 86 58 „In
2234 4007 155 50 diesen
2418 4007 195 67 heiligen
2914 4009 202 68 Roger
3144 4009 71 51 die
3247 4028 165 50 grosse

1821 4088 113 51 Arie
1978 4107 83 34 aus
2104 4092 191 68 Joseph,
2338 4090 140 51 Beide
2521 4090 95 53 und
2660 4092 268 52 Pischek
2974 4093 80 52 das
3086 4096 192 50 Terzett
3330 4115 81 34 aus

1820 4173 223 53 Rossini's
2061 4176 222 53 Wilhelm
2302 4174 97 52 Teil
2431 4173 111 72 (und
2574 4193 125 36 zwar
2727 4177 196 53 Formes
2954 4178 84 52 mit
3067 4178 343 64 italiänischem,
