3576 4462
354 166 1488 214 Niedeirlieinische
1995 166 1214 280 Musik-Zeitung

738 453 190 89 für
984 453 886 89 Kunstfreunde
1924 458 244 84 und
2223 451 605 91 Künstler.

171 653 460 86 Herausgegeben
672 672 105 39 von
824 651 276 57 Professor
2119 653 60 53 L.
2305 649 250 77 Bischoff.
1660 649 203 89 Verlag
1906 649 95 58 der
2940 653 444 88 Buchhandlung.

483 1073 104 58 Das
628 1072 271 60 Musikfest
938 1090 63 43 zu
1042 1073 311 60 Rotterdam.

880 1208 81 50 III.

256 1310 106 51 Den
405 1308 196 52 zweiten
644 1309 102 67 Tag
788 1308 335 52 verherrlichte
1171 1308 73 53 die
1288 1308 302 68 Aufführung
1634 1327 90 33 von

129 1395 260 70 Haydn's
432 1394 452 61 Jahreszeiten,
935 1394 97 53 und
1073 1393 185 52 sowohl
1300 1393 72 52 die
1404 1393 320 70 Composition

129 1482 66 50 als
228 1480 70 51 die
338 1479 309 69 Auslührung
691 1487 186 61 erregte
920 1479 100 51 eine
1066 1478 228 52 wahrhaft
1350 1478 205 52 festliche
1584 1479 110 51 Stim-

129 1584 147 51 mung
306 1564 74 52 bei
412 1564 132 61 allen,
577 1564 71 51 die
679 1564 45 51 in
756 1564 81 51 der
868 1564 223 51 Tonhalle
1122 1563 296 52 versammelt
1448 1582 183 43 waren;
1673 1582 48 33 es

126 1652 108 52 fand
278 1668 59 33 an
383 1649 172 51 diesem
585 1648 199 52 Abende
825 1648 223 70 diejenige
1087 1649 265 51 erhebende
1385 1649 306 52 Wechselwir-

125 1736 132 68 kung
300 1734 231 52 zwischen
571 1734 364 51 Ausführenden
979 1734 97 51 und
1115 1734 331 60 Zuhörenden,
1491 1734 231 51 zwischen

126 1821 257 52 Gebenden
422 1821 94 51 und
548 1819 386 70 Empfangenden
974 1821 141 58 Statt,
1161 1819 72 51 bei
1279 1819 203 50 welcher
1524 1818 94 51 sich
1649 1819 72 51 die

124 1906 168 52 Rollen
323 1903 258 52 manchmal
614 1903 222 68 gewisser
865 1903 216 51 Maassen
1105 1903 275 59 umkehren,
1428 1920 51 33 so
1512 1902 104 51 dass
1650 1903 71 50 die

125 1991 218 51 Zuhörer
374 1988 82 51 mit
485 2007 56 32 zu
572 1988 162 68 singen
764 1988 279 59 vermeinen,
1085 1987 104 50 weil
1223 1987 85 51 alle
1339 1987 132 51 Töne
1500 1987 43 50 in
1574 1987 146 51 ihrem

122 2077 174 50 Innern
319 2072 377 69 wiederklingen,
727 2073 95 51 und
854 2073 71 51 die
949 2075 183 66 Sänger
1164 2073 81 51 mit
1263 2073 216 50 Freuden
1512 2073 208 68 zugleich

124 2161 209 51 zuhören
378 2159 92 50 und
512 2157 225 52 während
769 2159 81 50 des
880 2159 197 67 Singens
1110 2159 83 49 der
1223 2157 235 51 einzelnen
1491 2159 226 50 Stimmen

124 2246 90 51 den
243 2244 236 52 Eindruck
512 2242 80 52 des
624 2244 188 49 Ganzen
858 2242 43 51 in
933 2242 93 51 sich
1056 2242 292 51 aufnehmen.
1399 2242 118 50 Eine
1557 2242 158 51 solche

124 2331 265 65 Stimmung
421 2329 122 51 kann
572 2346 90 34 nur
691 2329 74 51 ein
794 2329 324 51 Meisterwerk
1150 2327 82 53 der
1263 2327 326 53 Tonkunst
1622 2329 93 51 für

121 2415 137 52 Alle
303 2430 247 51 erzeugen,
595 2415 72 48 ein
701 2413 169 59 Werk,
917 2413 80 50 das
1043 2413 159 50 keiner
1244 2413 329 50 Commentare
1618 2414 97 51 und

122 2500 160 52 keiner
311 2498 300 68 ergrübelten
653 2498 114 52 oder
798 2498 320 50 erleuchteten
1147 2498 344 67 Erklärungen,
1540 2515 52 33 so
1623 2498 89 50 wie

122 2585 159 51 keiner
310 2584 97 51 auf-
438 2583 115 52 oder
579 2581 384 69 untergehenden
986 2584 192 50 Sonnen
1207 2583 93 51 und
1334 2583 157 51 keiner
1512 2583 200 51 Thurm-

122 2670 281 68 Trompeter
433 2668 94 51 und
558 2668 338 51 Heer-Pauker
941 2668 176 59 bedarf,
1165 2668 71 49 ein
1279 2668 170 61 Werk,
1495 2668 80 51 das
1618 2668 96 51 sich

124 2753 144 52 selbst
298 2753 173 51 erklärt
502 2753 114 52 oder
645 2752 220 52 vielmehr
905 2753 203 51 verklärt
1148 2753 96 51 und
1286 2752 72 50 die
1397 2761 287 59 entgegenge-

122 2844 254 46 setztesten
418 2838 165 67 Dinge,
632 2838 72 51 die
745 2838 354 51 Schulweisheit
1140 2838 83 51 der
1253 2837 322 52 Fachmänner
1616 2838 98 51 und

124 2923 72 52 die
242 2922 254 52 natürliche
526 2924 118 50 Lust
687 2922 84 51 der
809 2923 254 50 Menschen
1108 2940 73 33 am
1223 2922 214 67 Gesänge
1484 2941 57 32 zu
1570 2922 144 51 Einer

121 3007 367 68 Bewunderung
531 3007 236 68 vereinigt.
814 3006 106 53 Und
963 3007 44 51 in
1054 3007 152 51 dieser
1249 3006 216 52 Hinsicht
1509 3006 203 68 gebührt

122 3093 107 51 dem
258 3093 147 51 Vater
433 3092 168 69 Haydn
632 3110 82 34 vor
743 3091 120 52 allen
893 3091 234 70 Uebrigen
1159 3092 82 51 der
1270 3091 145 62 Preis,
1446 3092 96 52 und
1573 3098 139 45 unter

121 3178 157 51 seinen
311 3178 214 52 Werken
571 3178 100 51 sind
703 3177 71 52 die
803 3177 319 51 Jahreszeiten
1153 3177 256 51 wiederum
1441 3177 80 51 das
1554 3177 131 69 Origi-

118 3263 181 61 nellste,
331 3262 99 51 eine
455 3262 314 51 musicalische
794 3262 159 69 Idylle,
986 3262 86 51 wie
1104 3262 65 51 sie
1192 3261 133 52 keine
1347 3262 170 52 andere
1540 3263 171 60 Kunst,

120 3346 157 53 weder
308 3346 71 51 die
408 3346 163 51 Poesie
611 3346 120 51 noch
762 3346 71 51 die
865 3346 205 60 Malerei,
1113 3346 311 51 aufzuweisen
1468 3346 94 61 hat,
1609 3354 77 44 ent-

120 3449 237 53 sprungen
388 3449 82 33 aus
502 3431 83 51 der
615 3430 367 52 künstlerischen
1013 3431 259 67 Erfassung
1302 3431 81 51 des
1415 3431 269 51 volksmässi-

118 3535 92 52 gen
239 3516 221 52 Denkens
491 3516 95 52 und
615 3516 305 70 Empfindens
964 3517 98 51 und
1100 3534 83 33 aus
1227 3516 84 52 der
1350 3516 211 69 genialen
1592 3519 89 49 Ver-

120 3601 264 70 geistigung
413 3600 93 52 und
525 3600 270 69 Veredlung
827 3600 257 51 desselben.
1115 3600 193 69 Predigt
1336 3601 97 51 und
1465 3601 162 60 docirt,
1659 3619 52 34 so

118 3688 86 49 viel
234 3686 70 51 ihr
334 3686 146 60 wollt,
496 3704 105 33 vom
625 3685 240 52 Katheder
882 3685 82 51 der
987 3693 226 44 neuesten
1235 3686 476 70 Musik-Philosophie

118 3771 162 61 herab,
323 3771 302 70 rhythmisirt,
666 3769 259 61 combinirt,
967 3770 240 53 declamirt
1249 3771 44 51 in
1325 3789 145 34 euren
1503 3771 173 70 Compo-

120 3855 195 52 sitionen
366 3874 52 33 so
463 3857 83 52 toll
591 3855 86 52 wie
722 3854 227 70 möglich!
1005 3857 80 49 Ich
1131 3855 91 52 will
1269 3857 118 50 euch
1433 3876 82 33 aus
1566 3858 146 51 Vater

117 3940 207 69 Haydn's
351 3942 175 50 Munde
559 3959 158 51 sagen,
750 3959 96 33 was
878 3940 119 51 euch
1029 3940 135 52 fehlt:
1204 3942 80 49 Ihr
1315 3942 141 50 hört
1485 3943 44 49 in
1560 3942 150 61 allem,

118 4042 98 35 was
247 4042 89 34 von
366 4043 169 34 aussen
565 4027 84 50 her
691 4044 59 33 an
779 4043 113 34 euer
920 4027 192 49 Inneres
1143 4025 196 69 schlägt,
1380 4027 133 50 keine
1541 4025 169 63 Musik,

117 4111 73 49 ihr
220 4108 188 52 denkt
437 4111 135 50 keine
600 4112 170 61 Musik,
800 4111 97 53 und
927 4128 52 35 so
1009 4111 58 50 ist
1098 4128 48 33 es
1179 4111 122 52 denn
1327 4112 119 51 auch
1468 4112 242 61 natürlich,

120 4194 104 55 dass
253 4193 71 53 ihr
352 4193 133 56 keine
513 4197 154 52 Musik
708 4197 188 53 reden
934 4197 160 54 könnt.
1165 4197 176 59 „Hatte
1371 4197 73 52 ich
1476 4197 99 53 eine
1604 4197 108 53 Idee

2178 1083 12 8 -
2230 1060 133 61 sagte
2395 1053 84 50 der
2511 1054 109 49 Alte
2659 1084 93 31 —,
2791 1074 85 41 „so
2922 1056 110 69 ging
3077 1056 122 51 mein
3245 1074 174 51 ganzes

1821 1136 263 53 Bestreben
2114 1136 151 63 dahin,
2312 1138 65 51 sie
2408 1139 90 51 den
2528 1139 181 69 Regeln
2740 1140 83 50 der
2853 1142 155 49 Kunst
3039 1145 181 63 gemäss
3248 1159 140 35 auszu-

1820 1222 166 50 führen
2018 1222 95 52 und
2145 1242 58 32 zu
2234 1224 397 60 souteniren;
2663 1242 52 33 so
2745 1223 166 52 suchte
2940 1224 73 51 ich
3044 1225 85 49 mir
3161 1244 57 31 zu
3248 1225 167 61 helfen,

1820 1307 95 52 und
1945 1308 82 51 das
2058 1308 59 51 ist
2146 1326 65 43 es,
2255 1326 98 34 was
2395 1326 52 35 so
2486 1309 146 52 vielen
2668 1327 201 33 unserer
2895 1327 154 33 neuen
3082 1309 335 69 Componisten

1820 1393 134 61 fehlt;
2003 1393 81 51 sie
2135 1394 213 51 reihen
2391 1396 93 49 ein
2516 1396 358 52 Stückchen
2921 1413 68 33 an
3038 1394 102 52 das
3172 1396 244 60 andere,

1820 1478 83 51 sie
1934 1478 264 52 brechen
2230 1479 84 61 ab,
2359 1497 178 34 wenn
2569 1481 88 52 sie
2692 1481 170 52 kaum
2894 1481 396 68 angefangen
3321 1481 64 50 ha-

1817 1562 142 61 ben;
2018 1563 147 51 aber
2222 1581 65 34 es
2339 1563 198 52 bleibt
2587 1566 153 51 auch
2794 1566 198 52 nichts
3045 1566 74 51 im
3170 1566 245 51 Herzen

1818 1647 215 61 sitzen,
2077 1666 173 33 wenn
2292 1666 127 34 man
2464 1667 59 33 es
2564 1651 305 67 angehört

1942 1733 71 50 Im
2043 1732 189 52 Ganzen
2283 1751 99 33 war
2434 1735 71 50 die
2556 1735 306 68 Aufführung
2913 1735 103 52 eine
3069 1736 82 49 des
3203 1735 210 53 Werkes

1816 1816 227 67 würdige,
2075 1817 232 50 durchaus
2339 1820 263 67 anregende
2634 1821 96 51 und
2762 1818 284 63 erhebende,
3081 1818 334 68 grossentheils

1816 1901 329 62 vortreffliche,
2176 1902 46 51 in
2253 1902 236 51 einzelnen
2521 1905 191 49 Theilen
2743 1904 232 53 vollendet
3005 1904 190 60 schöne,
3226 1921 50 35 so
3309 1904 106 52 dass

1816 1992 140 45 unter
1986 1986 89 51 den
2107 1986 96 51 drei
2236 1987 263 52 Concerten
2531 1989 80 52 des
2639 1990 164 51 Festes
2845 1990 80 51 das
2958 2008 73 31 am
3063 1989 197 52 zweiten
3288 1990 128 67 Tage

1815 2070 247 70 unstreitig
2091 2071 82 52 das
2211 2072 307 69 gelungenste
2551 2091 111 35 war.
2693 2074 163 53 Indem
2890 2074 84 51 wir
3005 2074 147 51 dieses
3184 2074 83 51 mit
3295 2074 90 51 Ver-

1813 2160 186 65 gnügen
2032 2158 312 59 anerkennen,
2391 2159 106 51 darf
2521 2177 48 34 es
2602 2178 86 33 uns
2721 2160 117 51 doch
2870 2159 127 52 nicht
3027 2159 211 59 hindern,
3285 2158 125 52 beim

1809 2241 317 68 Durchgehen
2157 2243 82 50 des
2268 2244 253 51 Einzelnen
2561 2245 275 67 denjenigen
2867 2244 248 51 kritischen
3144 2243 264 52 Maassstab

1809 2326 272 69 anzulegen,
2112 2328 211 51 welchen
2352 2329 71 51 die
2455 2329 282 69 Bedeutung
2767 2330 81 51 des
2879 2329 316 52 rotterdamer
3224 2329 151 51 Musik-

1809 2410 139 51 festes
1980 2412 96 50 und
2105 2412 73 50 die
2211 2413 150 51 Sache
2392 2413 84 51 der
2504 2415 158 50 Kunst
2692 2414 201 51 fordern.

1939 2495 157 52 Gleich
2142 2497 71 50 die
2243 2499 623 69 Instrumental-Einleitung
2909 2517 101 34 war
3048 2499 219 52 unsicher
3309 2500 98 51 und

1808 2580 125 51 nicht
1963 2580 158 53 scharf
2140 2599 156 51 genug
2326 2584 270 61 accentuirt,
2640 2584 97 51 und
2768 2584 80 51 das
2879 2584 147 61 Eilen,
3069 2588 125 65 mög'
3224 2602 50 34 es
3304 2603 101 35 nun

1807 2664 268 54 absichtlich
2108 2667 114 51 oder
2253 2668 332 52 unwillkürlich
2617 2687 219 50 gewesen
2866 2669 111 59 sein,
3020 2669 126 51 nicht
3187 2688 56 35 zu
3285 2669 99 51 billi-

1808 2767 104 51 gen.
1967 2751 303 71 Ueberhaupt
2315 2753 165 51 fanden
2526 2754 99 60 wir,
2671 2772 95 33 was
2813 2754 84 51 wir
2938 2754 143 51 schon
3124 2772 75 34 am
3242 2762 161 44 ersten

1808 2836 127 66 Tage
1966 2836 47 51 in
2042 2837 162 69 Bezug
2234 2837 82 51 auf
2340 2837 80 51 das
2458 2838 258 51 Orchester
2747 2838 227 61 vermisst,
3006 2840 117 49 auch
3156 2857 73 33 am
3261 2840 113 50 zwei-

1807 2926 77 44 ten
1914 2920 125 52 nicht
2070 2922 43 50 in
2143 2921 239 52 besserem
2414 2922 113 52 oder
2557 2923 224 51 höherem
2809 2923 154 51 Grade
2985 2923 285 52 vorhanden.
3302 2925 100 50 Das

1806 3005 447 62 Streich-Quartett,
2298 3008 279 51 namentlich
2606 3008 70 50 die
2709 3008 227 60 Violinen,
2968 3026 160 34 waren
3159 3008 129 51 nicht
3317 3008 58 51 im-

1807 3107 99 34 mer
1934 3091 60 51 im
2027 3092 207 68 gleichen
2265 3094 167 59 Strich,
2465 3094 95 50 und
2591 3094 123 50 nicht
2744 3094 85 52 alle
2861 3095 187 51 führten
3071 3095 72 51 die
3170 3094 209 52 verschie-

1808 3175 148 51 denen
2001 3176 289 51 Stricharten
2330 3177 15 69 (
2348 3179 183 66 Ligato,
2561 3179 207 52 Staccato
2800 3177 105 70 etc.)
2950 3179 328 68 gleichmässig
3304 3196 101 44 aus,

1806 3278 97 34 was
1934 3261 145 52 selbst
2109 3261 145 69 gleich
2284 3262 46 51 in
2362 3262 105 51 dem
2494 3264 182 50 kleinen
2692 3265 244 69 Vorspiele
2961 3264 82 52 des
3069 3273 159 43 ersten
3251 3265 150 49 Chors

1806 3364 83 33 aus
1935 3348 160 50 G-dur
2135 3346 172 52 hörbar
2352 3349 176 61 wurde,
2573 3349 122 51 noch
2738 3350 134 50 mehr
2917 3348 75 52 bei
3039 3349 90 52 den
3172 3351 228 50 Staccato-

1807 3430 185 52 Triolen
2024 3431 59 51 im
2486 3452 75 33 wo
2593 3452 48 33 es
2674 3434 122 51 dann
2829 3434 120 52 auch
2982 3435 186 60 wieder,
3212 3434 86 51 wie
3328 3433 47 52 öf-

1807 3522 94 44 ters
1933 3515 61 52 im
2023 3516 159 60 Israel,
2215 3535 57 32 an
2301 3518 136 50 Kraft
2469 3518 95 52 und
2593 3518 205 68 Energie
2831 3519 153 61 fehlte,
3030 3518 230 52 trotzdem
3293 3516 105 52 dass

1806 3599 104 71 (wie
1958 3618 105 33 man
2108 3619 86 33 uns
2240 3602 44 50 in
2328 3603 185 49 Betreff
2549 3603 85 52 der
2677 3603 181 52 Anzahl
2918 3604 81 50 der
3043 3602 359 52 Mitwirkenden

1807 3684 216 70 schreibt)
2079 3684 72 52 74
2187 3687 227 61 Violinen,
2470 3688 76 52 20
2580 3689 272 59 Bratschen,
2909 3688 75 51 24
3020 3688 110 49 Celli
3171 3688 96 51 und
3321 3687 73 50 16

1807 3769 311 52 Contrabässe
2149 3772 59 49 im
2240 3772 260 52 Orchester
2530 3773 223 69 waren*).
2814 3773 64 49 Es
2918 3770 101 69 gibt
3062 3770 111 52 aber
3205 3772 73 50 bei
3311 3772 91 50 den

1882 3903 30 52 *)
1940 3903 78 43 Die
2047 3904 387 42 Blas-Instrumente
2465 3905 253 51 verdoppelt:
2747 3904 25 39 4
2801 3903 144 40 Flöten
2973 3915 173 37 u.s.w,,
3175 3904 24 40 8
3228 3905 177 48 Hörner,

1938 3967 24 40 6
1992 3967 216 41 Posaunen
2320 3981 237 28 zusammen
2596 3967 55 40 im
2682 3966 220 41 Orchester
2933 3967 77 40 173
3040 3967 222 41 Personen.
3321 3967 85 42 Der

1939 4028 110 43 Chor
2090 4031 132 40 zählte
2268 4032 76 39 170
2384 4031 191 52 Soprane,
2621 4030 75 39 120
2735 4030 107 48 Alte,
2892 4031 76 39 140
2998 4031 159 39 Tenörc
3200 4031 85 39 und
3328 4032 80 41 160

1940 4093 125 41 Bässe
2176 4093 147 41 mithin
2349 4093 80 41 590
2460 4093 219 39 Personen.
2739 4092 99 40 Dass
2869 4092 66 40 die
2964 4093 367 42 Männerstimmen
3361 4107 46 28 so

1942 4155 203 41 zahlreich
2173 4168 200 41 gewesen,
2403 4155 137 41 hätten
2569 4154 76 41 wir
2672 4154 113 41 nicht
2814 4155 202 52 geglaubt.
3046 4155 63 41 Im
3125 4155 170 42 Ganzen
3325 4158 83 40 also

1948 4220 76 41 763
2055 4220 209 41 Personen
2293 4219 71 42 auf
2389 4219 72 42 der
2490 4219 247 42 Tonbühne.

2963 4278 66 53 31

2965 862 58 60 11.
3065 859 288 76 Jahrgang.

203 859 84 61 Nr.
324 861 73 59 31.

1433 857 178 76 KÖLN,
1654 859 47 60 5.
1743 859 207 74 August
1990 857 150 59 1854.
