2293 3873
746 281 321 27 PUBLICATIONS
1102 280 51 26 ET
1186 278 193 28 OEUVRES
1412 270 226 34 RÉCENTES

191 285 48 25 22

190 379 49 39 de
259 379 40 39 la
329 379 187 53 musique
536 384 35 33 et
592 377 40 39 la
653 376 145 53 magie
806 406 8 17 ,
837 374 59 40 M.
929 375 122 54 Jules
1074 372 273 42 Combarieu
1373 373 83 39 cite
1489 385 122 27 assez
1639 380 188 32 souvent
1848 371 117 40 leurs
1997 381 190 35 œuvres,

188 459 53 27 en
265 447 61 39 les
349 455 186 43 prenant
558 458 171 27 comme
749 442 220 52 exemples
994 447 21 35 à
1041 442 166 52 l'appui
1230 441 53 40 de
1307 454 45 26 sa
1372 440 215 47 doctrine,
1615 449 41 31 et
1679 441 29 39 il
1735 454 52 26 ne
1811 452 197 39 manque
2029 438 159 52 jamais

188 514 99 41 d'en
308 513 106 41 faire
433 513 342 52 publiquement
799 511 172 50 l'éloge.

245 581 68 42 Un
334 595 169 38 groupe
534 581 54 39 de
611 581 323 50 compositeurs
966 579 278 45 américains,
1270 578 185 40 voulant
1478 576 156 42 fonder
1672 590 87 27 une
1798 578 208 50 musique
2043 575 122 39 natio-

190 649 113 49 nale,
331 663 20 25 a
383 662 52 27 eu
472 646 267 41 l'excellente
774 646 97 40 idée
894 647 53 39 de
985 646 189 52 prendre
1209 645 63 40 les
1312 645 215 40 mélodies
1550 645 237 49 indigènes
1811 657 86 38 que
1940 644 40 39 la
2016 640 173 42 célèbre

188 716 111 40 Miss
322 716 201 40 Fletcher
543 731 22 24 a
590 715 244 40 recueillies
858 714 254 40 elle-même
1150 727 53 26 en
1247 714 258 50 séjournant
1536 713 223 52 plusieurs
1796 716 165 36 années
1999 710 103 40 chez
2127 709 62 41 les

189 783 176 41 Indiens
384 784 76 39 des
483 783 280 46 Etats-Unis,
790 795 106 28 sous
920 782 39 39 le
979 791 247 43 patronage
1250 781 58 40 du
1335 781 212 52 Peabody
1570 779 210 41 Muséum
1804 779 54 40 de
1881 778 308 50 Washington

185 851 221 53 (Peabody
416 882 7 14 ,
448 865 112 39 pour
583 852 38 39 le
647 851 92 40 dire
762 864 52 27 en
837 859 200 43 passant,
1061 863 69 27 me
1154 854 141 48 paraît
1318 853 89 36 être
1442 849 39 40 la
1519 850 317 50 transcription
1875 846 219 52 française
2130 846 58 40 du

186 933 105 27 nom
327 920 51 40 de
420 930 124 30 notre
576 921 288 51 compatriote
889 919 58 40 La
973 917 271 54 Pibaudière)
1256 952 5 6 .
1289 917 87 41 Ces
1406 918 216 40 mélodies
1663 916 260 51 originales,
1949 916 53 39 ils
2026 915 62 40 les
2113 922 75 33 ont

185 990 141 50 prises
349 1002 112 38 pour
482 988 106 40 base
611 988 53 40 de
684 989 320 50 compositions
1037 987 212 49 diverses,
1285 985 162 41 faisant
1479 985 178 41 tableau
1693 986 52 39 de
1776 995 149 42 genre.
1958 983 120 40 Elles
2112 992 76 31 ont

186 1056 166 52 parfois
376 1070 85 26 une
488 1070 95 26 rare
606 1069 177 27 saveur.
812 1054 121 41 Ceux
952 1056 74 51 qui
1044 1055 62 39 les
1127 1063 75 32 ont
1225 1056 134 38 mises
1383 1068 52 26 en
1460 1068 151 26 œuvre
1646 1062 102 32 sont
1771 1053 54 40 de
1851 1054 118 38 vrais
1993 1054 191 44 artistes,

185 1138 52 25 en
267 1126 258 49 possession
557 1124 54 40 de
641 1132 120 32 toute
790 1123 39 40 la
859 1124 234 50 technique
1127 1123 213 39 musicale
1366 1136 8 34 ;
1411 1123 53 39 ils
1499 1131 76 31 ont
1615 1121 78 41 fait
1724 1134 165 40 preuve
1924 1121 53 39 de
1999 1126 110 45 goût
2132 1133 53 26 en

185 1192 266 40 choisissant
473 1200 40 32 et
534 1205 54 27 en
613 1200 247 43 respectant
891 1191 62 40 les
990 1191 167 39 thèmes
1182 1204 74 27 sur
1292 1190 194 53 lesquels
1520 1190 53 40 ils
1617 1199 76 31 ont
1725 1193 152 37 exercé
1912 1190 94 39 leur
2030 1189 153 40 talent.

184 1258 86 42 Ces
289 1264 330 47 représentants
639 1260 52 39 de
712 1257 126 42 l'idée
858 1259 226 40 nationale
1107 1272 54 26 en
1189 1260 183 40 matière
1395 1258 110 40 d'art
1526 1267 75 31 ont
1633 1257 135 41 fondé
1791 1272 86 26 une
1898 1259 286 46 association,

183 1328 37 39 la
251 1326 102 41 Wa-
365 1327 115 40 Wan
505 1327 124 40 Press
649 1327 132 51 (ainsi
803 1327 181 52 appelée
1007 1327 57 39 du
1093 1340 104 27 nom
1230 1327 23 39 d
1275 1340 86 27 une
1380 1328 254 39 cérémonie
1657 1327 78 40 des
1761 1325 214 51 Indiens),
2000 1325 187 41 Newton

184 1394 168 52 Centery
374 1394 331 41 Massachusetts
710 1427 10 19 ,
745 1397 90 50 qui,
862 1404 99 31 tous
985 1395 62 40 les
1073 1397 128 48 mois,
1227 1395 152 52 publie
1409 1395 77 40 des
1524 1395 190 39 cahiers.
1743 1394 117 40 Mais
1884 1395 62 39 les
1969 1394 218 40 mélodies

181 1464 232 40 indiennes
447 1463 244 41 recueillies
714 1477 79 38 par
825 1463 38 40 le
894 1463 189 40 folklore
1126 1463 111 40 local
1274 1477 54 26 ne
1361 1472 100 31 sont
1485 1477 97 38 pas,
1613 1463 28 40 il
1679 1461 92 42 s'en
1812 1462 111 51 faut,
1954 1463 94 40 leur
2093 1463 93 40 seul

182 1530 191 53 objectif.

236 1599 188 40 Comme
444 1601 145 50 pièces
612 1601 402 49 caractéristiques,
1031 1600 38 51 je
1089 1600 149 39 citerai
1260 1599 38 39 la
1319 1599 143 39 Danse
1482 1600 49 38 de
1548 1613 157 38 guerre
1728 1599 179 52 navajo,
1940 1601 245 50 énergique

180 1675 41 31 et
243 1668 249 50 expressive
520 1681 8 33 ;
555 1666 186 39 Pawnee
773 1665 143 40 horses
924 1697 7 15 ,
963 1665 173 52 d'après
1170 1681 59 24 un
1254 1666 131 41 chant
1410 1668 318 51 communiqué
1752 1681 80 38 par
1852 1666 62 39 M.
1941 1665 63 41 La
2027 1667 160 40 F'ièche

180 1735 78 48 (un
284 1734 151 40 Indien
459 1734 185 39 assimilé
668 1748 80 37 par
776 1735 62 39 les
871 1733 300 50 Etats-Unis),
1195 1742 40 31 et
1272 1736 76 49 qui
1369 1733 164 41 débute
1556 1749 80 37 par
1653 1735 78 39 des
1755 1735 261 40 harmonies
2036 1740 126 36 étran-

180 1811 179 42 gement
385 1802 186 40 subtiles
597 1813 7 35 ;
646 1802 39 39 la
708 1801 174 40 Prairie
912 1801 226 40 miniature
1161 1816 12 30 ;
1214 1802 39 39 le
1284 1801 233 41 Wa-Wan
1557 1802 147 40 choral
1710 1834 9 10 .
1746 1806 76 49 qui
1861 1817 55 26 ne
1940 1805 134 39 serait
2105 1818 80 38 pas

179 1871 183 50 indigne
391 1868 102 42 d'un
534 1868 260 42 Schumann
823 1884 57 26 ou
912 1869 104 41 d'un
1041 1868 136 52 Grieg
1202 1880 7 39 ;
1243 1870 39 39 la
1316 1870 448 52 Plantation-melody
1773 1903 10 19 ,
1815 1871 106 41 d'un
1945 1874 242 38 sentiment

179 1941 173 37 intense
377 1950 9 37 ;
412 1939 38 39 la
475 1938 144 39 Danse
642 1939 51 38 de
696 1938 94 52 fête
813 1939 55 38 du
890 1937 123 40 soleil
1019 1969 9 16 ,
1054 1938 132 40 d'une
1209 1942 131 46 grâce
1378 1940 195 49 ingénue
1595 1947 42 33 et
1660 1939 133 41 d'une
1815 1950 151 30 exacte
2000 1942 159 39 authen-

180 2008 116 38 ticité
318 2020 9 34 ;
352 2007 36 39 la
416 2004 172 42 Grande
609 2006 144 39 Danse
779 2006 49 38 de
851 2006 41 38 la
915 2006 115 54 pluie
1053 2005 93 39 chez
1169 2006 59 38 les
1248 2006 170 54 Zugnis
1426 2037 8 18 ,
1461 2008 74 50 qui
1559 2016 64 32 est
1644 2022 87 26 une
1757 2011 135 49 petite
1916 2010 269 52 symphonie

180 2075 277 51 descriptive,
478 2075 212 39 terminée
710 2088 80 38 par
813 2089 57 25 un
896 2074 150 40 choral
1067 2075 240 49 grandiose
1326 2086 7 38 ;
1357 2083 100 32 tous
1482 2076 61 39 les
1571 2076 100 52 jolis
1701 2077 267 40 médaillons
1992 2076 166 53 (notam-

181 2151 118 31 ment
322 2143 38 39 le
386 2141 140 41 Chant
546 2140 211 54 d'amour)
776 2143 73 51 qui
874 2151 260 43 composent
1162 2142 38 40 le
1223 2143 148 39 cahier
1394 2143 52 40 de
1475 2157 96 37 1901
1602 2144 68 48 ;la
1703 2144 151 40 Prière
1883 2149 22 35 d
1952 2145 60 39 W
2013 2146 172 40 abonda

180 2210 120 50 (dieu
325 2211 56 39 du
407 2210 226 48 tonnerre)
653 2218 40 31 et
717 2210 39 39 la
781 2209 144 40 Danse
943 2211 55 38 du
1020 2210 114 54 scalp
1155 2220 16 40 ;
1192 2220 118 31 toute
1332 2211 39 40 la
1401 2213 112 38 série
1550 2212 77 39 des
1650 2214 147 50 pièces
1830 2213 72 52 (en
1924 2215 263 51 particulier

181 2279 38 39 le
260 2283 48 36 n°
349 2277 53 51 II)
440 2278 204 40 relatives
684 2283 21 34 à
740 2279 39 38 la
811 2277 236 41 Wa-Wan
1089 2293 218 38 ceremony
1328 2294 14 30 ;
1377 2279 39 40 la
1458 2282 113 38 série
1615 2281 78 40 des
1735 2280 162 41 Chants
1929 2283 190 53 zugnis;
2143 2284 39 40 la

180 2345 197 55 Musique
400 2347 55 38 du
488 2347 179 39 calumet
673 2378 9 15 ,
710 2360 103 27 avec
837 2347 38 39 la
901 2347 137 40 danse
1059 2352 86 35 très
1178 2349 202 39 curieuse
1405 2350 74 49 qui
1512 2349 38 39 la
1590 2352 188 38 termine
1805 2381 25 8 ..
1858 2350 121 41 Pour
2011 2352 172 40 donner

186 2429 86 25 une
308 2415 96 39 idée
445 2415 53 38 de
522 2423 64 31 cet
622 2423 65 30 art
723 2416 35 37 si
795 2416 265 38 intéressant
1085 2420 20 34 à
1142 2423 99 32 tous
1280 2416 179 50 égards,
1492 2418 38 50 je
1559 2419 150 39 citerai
1740 2416 212 54 l'exquise
1981 2418 204 42 Colombe

178 2481 208 55 plaintive
395 2513 7 15 ,
438 2483 75 50 qui
539 2490 65 31 est
637 2496 58 25 un
729 2483 65 38 air
833 2495 20 24 «
887 2495 137 36 negro
1051 2495 18 24 »
1112 2483 256 40 harmonisé
1407 2498 79 37 par
1522 2484 60 39 M.
1620 2486 231 40 Farewell.
1877 2486 115 41 D'un
2027 2487 109 42 bout
2162 2493 21 36 à

185 2548 167 51 l'autre,
373 2563 55 26 on
453 2563 53 26 ne
526 2558 153 31 trouve
700 2550 173 50 quedes
896 2551 179 39 accords
1098 2551 53 39 de
1176 2553 228 49 septième,
1424 2552 267 41 c'est-à-dire
1707 2554 78 40 des
1805 2554 293 42 dissonances
2116 2571 8 34 ;
2143 2566 41 31 et

184 2618 87 39 cela
294 2625 63 32 est
375 2617 131 40 d'une
528 2618 194 39 douceur
741 2618 251 39 délicieuse.
1018 2618 30 39 Il
1075 2633 26 37 y
1125 2632 22 25 a
1171 2618 76 40 des
1271 2620 267 40 théoriciens
1573 2622 74 50 qui
1673 2636 53 26 ne
1754 2634 322 40 comprennent
2102 2639 80 38 pas

183 2695 109 31 cette
315 2687 185 37 écriture
522 2697 9 36 ;
565 2686 52 38 ils
642 2694 156 43 posent
821 2698 171 27 comme
1012 2688 197 50 principe
1227 2700 85 38 que
1334 2698 21 27 «
1380 2688 38 38 la
1444 2688 268 42 dissonance
1743 2699 66 32 est
1832 2691 294 52 désagréable
2157 2698 21 35 à

185 2753 217 41 l'oreille»
432 2756 6 37 !
457 2752 149 40 L'idée
630 2767 53 26 ne
706 2754 95 39 leur
816 2756 119 38 vient
953 2768 78 38 pas
1053 2755 51 39 de
1129 2757 112 37 tenir
1263 2765 176 43 compte
1461 2757 59 39 du
1545 2757 176 47 timbre,
1757 2760 53 39 de
1842 2759 254 49 l'intensité,
2124 2763 58 40 du

183 2824 200 47 registre,
403 2834 53 26 en
480 2836 58 25 un
563 2830 90 31 mot
673 2822 52 40 de
746 2830 93 32 tout
872 2836 45 25 ce
955 2824 73 50 qui
1065 2822 226 51 distingue
1330 2824 38 39 la
1405 2827 209 50 musique
1652 2827 77 40 des
1770 2831 241 38 musiciens
2044 2831 54 40 de
2140 2831 39 40 la

183 2891 206 50 musique
411 2890 76 39 des
512 2890 266 51 physiciens.
805 2889 128 41 Lisez
955 2890 101 40 bien
1080 2893 102 45 ceci,
1205 2892 38 50 je
1265 2905 113 27 vous
1401 2894 93 49 prie
1522 2907 7 25 :
