<?xml version="1.0" encoding="UTF-8"?>
<alto xmlns:xsi="http://www.w3.org/2001/XMLSchema-instance" xmlns="http://www.loc.gov/standards/alto/ns-v2#" xsi:schemaLocation="http://www.loc.gov/standards/alto/ns-v2# http://www.loc.gov/standards/alto/alto-v2.0.xsd" xmlns:xlink="http://www.w3.org/1999/xlink">
	<Description>
		<MeasurementUnit>mm10</MeasurementUnit>
		<sourceImageInformation>
			<fileName>//fileserver7/IN2-2/Princeton/bmtnabj/1908/01/01_01/00000044.tif</fileName>
		</sourceImageInformation>
		<OCRProcessing ID="OCRPROCESSING_1">
			<preProcessingStep>
				<processingSoftware>
					<softwareCreator>CCS Content Conversion Specialists GmbH, Germany</softwareCreator>
					<softwareName>CCS docWorks</softwareName>
					<softwareVersion>6.7-1.20</softwareVersion>
				</processingSoftware>
			</preProcessingStep>
			<ocrProcessingStep>
				<processingSoftware>
					<softwareCreator>ABBYY (BIT Software), Russia</softwareCreator>
					<softwareName>FineReader</softwareName>
					<softwareVersion>10.0</softwareVersion>
				</processingSoftware>
			</ocrProcessingStep>
		</OCRProcessing>
		<OCRProcessing ID="OCRPROCESSING_2">
			<preProcessingStep>
				<processingSoftware>
					<softwareCreator>CCS Content Conversion Specialists GmbH, Germany</softwareCreator>
					<softwareName>CCS docWorks</softwareName>
					<softwareVersion>6.7-1.20</softwareVersion>
				</processingSoftware>
			</preProcessingStep>
			<ocrProcessingStep>
				<processingSoftware>
					<softwareCreator>ABBYY (BIT Software), Russia</softwareCreator>
					<softwareName>NA</softwareName>
				</processingSoftware>
			</ocrProcessingStep>
		</OCRProcessing>
	</Description>
	<Styles>
		<TextStyle ID="TXT_0" FONTSIZE="13" FONTFAMILY="Times New Roman"/>
		<TextStyle ID="TXT_1" FONTSIZE="17" FONTFAMILY="Times New Roman"/>
		<TextStyle ID="TXT_2" FONTSIZE="14" FONTFAMILY="Times New Roman"/>
		<TextStyle ID="TXT_3" FONTSIZE="14" FONTFAMILY="Times New Roman" FONTSTYLE="italics"/>
		<TextStyle ID="TXT_4" FONTSIZE="12" FONTFAMILY="Times New Roman"/>
		<TextStyle ID="TXT_5" FONTSIZE="15" FONTFAMILY="Times New Roman"/>
		<ParagraphStyle ID="PAR_CENTER" ALIGN="Center"/>
		<ParagraphStyle ID="PAR_LEFT" ALIGN="Left"/>
		<ParagraphStyle ID="PAR_RIGHT" ALIGN="Right"/>
		<ParagraphStyle ID="PAR_BLOCK" ALIGN="Block"/>
	</Styles>
	<Layout>
		<Page ID="P26" PHYSICAL_IMG_NR="26" HEIGHT="3873" WIDTH="2293" PRINTED_IMG_NR="26" PC="0.911">
			<TopMargin ID="P26_TM00001" HPOS="0" VPOS="0" WIDTH="2293" HEIGHT="309">
				<TextBlock ID="P26_TB00001" HPOS="707" VPOS="258" WIDTH="900" HEIGHT="43" STYLEREFS="TXT_0 PAR_CENTER">
					<TextLine ID="P26_TL00001" HPOS="708" VPOS="259" WIDTH="899" HEIGHT="42">
						<String ID="P26_ST00001" HPOS="708" VPOS="271" WIDTH="324" HEIGHT="30" CONTENT="PUBLICATIONS" WC="0.99" CC="750403326000"/>
						<SP ID="P26_SP00001" HPOS="1032" VPOS="301" WIDTH="36"/>
						<String ID="P26_ST00002" HPOS="1068" VPOS="270" WIDTH="51" HEIGHT="25" CONTENT="ET" WC="0.78" CC="04"/>
						<SP ID="P26_SP00002" HPOS="1119" VPOS="301" WIDTH="32"/>
						<String ID="P26_ST00003" HPOS="1151" VPOS="267" WIDTH="194" HEIGHT="28" CONTENT="OEUVRES" WC="0.99" CC="0032660"/>
						<SP ID="P26_SP00003" HPOS="1345" VPOS="301" WIDTH="34"/>
						<String ID="P26_ST00004" HPOS="1379" VPOS="259" WIDTH="228" HEIGHT="34" CONTENT="RÉCENTES" WC="0.99" CC="65601030"/>
					</TextLine>
				</TextBlock>
				<TextBlock ID="P26_TB00002" HPOS="159" VPOS="267" WIDTH="53" HEIGHT="40" STYLEREFS="TXT_1 PAR_LEFT">
					<TextLine ID="P26_TL00002" HPOS="159" VPOS="267" WIDTH="53" HEIGHT="40">
						<String ID="P26_ST00005" HPOS="159" VPOS="267" WIDTH="53" HEIGHT="40" CONTENT="26" WC="1.00" CC="00"/>
					</TextLine>
				</TextBlock>
			</TopMargin>
			<LeftMargin ID="P26_LM00001" HPOS="0" VPOS="309" WIDTH="156" HEIGHT="3304"/>
			<RightMargin ID="P26_RM00001" HPOS="2168" VPOS="309" WIDTH="125" HEIGHT="3304"/>
			<BottomMargin ID="P26_BM00001" HPOS="0" VPOS="3613" WIDTH="2293" HEIGHT="260"/>
			<PrintSpace ID="P26_PS00001" HPOS="156" VPOS="309" WIDTH="2012" HEIGHT="3304">
				<TextBlock ID="P26_TB00003" HPOS="156" VPOS="353" WIDTH="2006" HEIGHT="1158" STYLEREFS="TXT_2 PAR_LEFT">
					<TextLine ID="P26_TL00003" HPOS="157" VPOS="355" WIDTH="2000" HEIGHT="63">
						<String ID="P26_ST00006" HPOS="157" VPOS="373" WIDTH="120" HEIGHT="38" CONTENT="vient" WC="0.99" CC="03003"/>
						<SP ID="P26_SP00004" HPOS="277" VPOS="411" WIDTH="17"/>
						<String ID="P26_ST00007" HPOS="294" VPOS="371" WIDTH="51" HEIGHT="40" CONTENT="de" WC="1.00" CC="00"/>
						<SP ID="P26_SP00005" HPOS="345" VPOS="411" WIDTH="25"/>
						<String ID="P26_ST00008" HPOS="370" VPOS="370" WIDTH="190" HEIGHT="40" CONTENT="recevoir" WC="1.00" CC="00000280"/>
						<SP ID="P26_SP00006" HPOS="560" VPOS="411" WIDTH="19"/>
						<String ID="P26_ST00009" HPOS="579" VPOS="383" WIDTH="57" HEIGHT="25" CONTENT="un" WC="0.69" CC="60"/>
						<SP ID="P26_SP00007" HPOS="636" VPOS="411" WIDTH="19"/>
						<String ID="P26_ST00010" HPOS="655" VPOS="365" WIDTH="267" HEIGHT="53" CONTENT="exemplaire" WC="1.00" CC="0000020490"/>
						<SP ID="P26_SP00008" HPOS="922" VPOS="418" WIDTH="23"/>
						<String ID="P26_ST00011" HPOS="945" VPOS="364" WIDTH="53" HEIGHT="40" CONTENT="de" WC="1.00" CC="00"/>
						<SP ID="P26_SP00009" HPOS="998" VPOS="418" WIDTH="23"/>
						<String ID="P26_ST00012" HPOS="1021" VPOS="362" WIDTH="40" HEIGHT="40" CONTENT="la" WC="0.50" CC="09" STYLEREFS="TXT_3"/>
						<SP ID="P26_SP00010" HPOS="1061" VPOS="418" WIDTH="19"/>
						<String ID="P26_ST00013" HPOS="1080" VPOS="361" WIDTH="136" HEIGHT="40" CONTENT="Dame" WC="1.00" CC="1000" STYLEREFS="TXT_3"/>
						<SP ID="P26_SP00011" HPOS="1216" VPOS="418" WIDTH="15"/>
						<String ID="P26_ST00014" HPOS="1231" VPOS="359" WIDTH="191" HEIGHT="41" CONTENT="Blanche" WC="0.99" CC="0060700" STYLEREFS="TXT_3"/>
						<SP ID="P26_SP00012" HPOS="1422" VPOS="418" WIDTH="24"/>
						<String ID="P26_ST00015" HPOS="1446" VPOS="359" WIDTH="316" HEIGHT="52" CONTENT="superbement" WC="1.00" CC="05000000000"/>
						<SP ID="P26_SP00013" HPOS="1762" VPOS="418" WIDTH="25"/>
						<String ID="P26_ST00016" HPOS="1787" VPOS="356" WIDTH="119" HEIGHT="41" CONTENT="relié." WC="0.98" CC="005473"/>
						<SP ID="P26_SP00014" HPOS="1906" VPOS="418" WIDTH="32"/>
						<String ID="P26_ST00017" HPOS="1938" VPOS="355" WIDTH="30" HEIGHT="40" CONTENT="Il" WC="0.50" CC="54"/>
						<SP ID="P26_SP00015" HPOS="1968" VPOS="418" WIDTH="27"/>
						<String ID="P26_ST00018" HPOS="1995" VPOS="367" WIDTH="135" HEIGHT="28" CONTENT="remer" SUBS_TYPE="HypPart1" SUBS_CONTENT="remercie" WC="1.00" CC="00000"/>
						<HYP HPOS="2130" VPOS="367" WIDTH="27" CONTENT="-"/>
					</TextLine>
					<TextLine ID="P26_TL00004" HPOS="160" VPOS="430" WIDTH="1381" HEIGHT="59">
						<String ID="P26_ST00019" HPOS="160" VPOS="441" WIDTH="63" HEIGHT="39" CONTENT="cie" SUBS_TYPE="HypPart2" SUBS_CONTENT="remercie" WC="0.98" CC="014"/>
						<SP ID="P26_SP00016" HPOS="223" VPOS="480" WIDTH="26"/>
						<String ID="P26_ST00020" HPOS="249" VPOS="452" WIDTH="69" HEIGHT="27" CONTENT="ses" WC="0.99" CC="020"/>
						<SP ID="P26_SP00017" HPOS="318" VPOS="480" WIDTH="35"/>
						<String ID="P26_ST00021" HPOS="353" VPOS="439" WIDTH="313" HEIGHT="50" CONTENT="compatriotes" WC="1.00" CC="000016070600"/>
						<SP ID="P26_SP00018" HPOS="666" VPOS="489" WIDTH="25"/>
						<String ID="P26_ST00022" HPOS="691" VPOS="435" WIDTH="52" HEIGHT="39" CONTENT="de" WC="1.00" CC="00"/>
						<SP ID="P26_SP00019" HPOS="743" VPOS="489" WIDTH="24"/>
						<String ID="P26_ST00023" HPOS="767" VPOS="434" WIDTH="38" HEIGHT="40" CONTENT="la" WC="0.92" CC="10"/>
						<SP ID="P26_SP00020" HPOS="805" VPOS="489" WIDTH="25"/>
						<String ID="P26_ST00024" HPOS="830" VPOS="432" WIDTH="207" HEIGHT="40" CONTENT="médaille" WC="1.00" CC="00044000"/>
						<SP ID="P26_SP00021" HPOS="1037" VPOS="489" WIDTH="24"/>
						<String ID="P26_ST00025" HPOS="1061" VPOS="430" WIDTH="131" HEIGHT="53" CONTENT="qu'ils" WC="1.00" CC="002000"/>
						<SP ID="P26_SP00022" HPOS="1192" VPOS="489" WIDTH="25"/>
						<String ID="P26_ST00026" HPOS="1217" VPOS="430" WIDTH="60" HEIGHT="40" CONTENT="lui" WC="0.98" CC="400"/>
						<SP ID="P26_SP00023" HPOS="1277" VPOS="489" WIDTH="24"/>
						<String ID="P26_ST00027" HPOS="1301" VPOS="437" WIDTH="75" HEIGHT="33" CONTENT="ont" WC="0.97" CC="070"/>
						<SP ID="P26_SP00024" HPOS="1376" VPOS="489" WIDTH="23"/>
						<String ID="P26_ST00028" HPOS="1399" VPOS="432" WIDTH="142" HEIGHT="36" CONTENT="votée." WC="1.00" CC="003002"/>
					</TextLine>
					<TextLine ID="P26_TL00005" HPOS="217" VPOS="493" WIDTH="1941" HEIGHT="61">
						<String ID="P26_ST00029" HPOS="217" VPOS="507" WIDTH="68" HEIGHT="42" CONTENT="Un" WC="1.00" CC="00"/>
						<SP ID="P26_SP00025" HPOS="285" VPOS="549" WIDTH="34"/>
						<String ID="P26_ST00030" HPOS="319" VPOS="507" WIDTH="236" HEIGHT="40" CONTENT="document" WC="1.00" CC="00050005"/>
						<SP ID="P26_SP00026" HPOS="555" VPOS="549" WIDTH="23"/>
						<String ID="P26_ST00031" HPOS="578" VPOS="505" WIDTH="128" HEIGHT="49" CONTENT="signé" WC="1.00" CC="00000"/>
						<SP ID="P26_SP00027" HPOS="706" VPOS="554" WIDTH="23"/>
						<String ID="P26_ST00032" HPOS="729" VPOS="517" WIDTH="78" HEIGHT="37" CONTENT="par" WC="1.00" CC="000"/>
						<SP ID="P26_SP00028" HPOS="807" VPOS="554" WIDTH="23"/>
						<String ID="P26_ST00033" HPOS="830" VPOS="501" WIDTH="160" HEIGHT="46" CONTENT="Adam," WC="1.00" CC="00000"/>
						<SP ID="P26_SP00029" HPOS="990" VPOS="554" WIDTH="26"/>
						<String ID="P26_ST00034" HPOS="1016" VPOS="499" WIDTH="185" HEIGHT="53" CONTENT="Halévy," WC="0.76" CC="0417003"/>
						<SP ID="P26_SP00030" HPOS="1201" VPOS="554" WIDTH="26"/>
						<String ID="P26_ST00035" HPOS="1227" VPOS="496" WIDTH="167" HEIGHT="48" CONTENT="Auber," WC="0.94" CC="030000"/>
						<SP ID="P26_SP00031" HPOS="1394" VPOS="554" WIDTH="40"/>
						<String ID="P26_ST00036" HPOS="1434" VPOS="505" WIDTH="99" HEIGHT="40" CONTENT="etc.," WC="0.98" CC="06432"/>
						<SP ID="P26_SP00032" HPOS="1533" VPOS="554" WIDTH="26"/>
						<String ID="P26_ST00037" HPOS="1559" VPOS="510" WIDTH="55" HEIGHT="26" CONTENT="au" WC="0.83" CC="03"/>
						<SP ID="P26_SP00033" HPOS="1614" VPOS="554" WIDTH="23"/>
						<String ID="P26_ST00038" HPOS="1637" VPOS="494" WIDTH="226" HEIGHT="53" CONTENT="président" WC="0.99" CC="007010062"/>
						<SP ID="P26_SP00034" HPOS="1863" VPOS="554" WIDTH="25"/>
						<String ID="P26_ST00039" HPOS="1888" VPOS="493" WIDTH="52" HEIGHT="40" CONTENT="de" WC="0.83" CC="03"/>
						<SP ID="P26_SP00035" HPOS="1940" VPOS="554" WIDTH="26"/>
						<String ID="P26_ST00040" HPOS="1966" VPOS="493" WIDTH="38" HEIGHT="40" CONTENT="la" WC="0.89" CC="20"/>
						<SP ID="P26_SP00036" HPOS="2004" VPOS="554" WIDTH="29"/>
						<String ID="P26_ST00041" HPOS="2033" VPOS="505" WIDTH="94" HEIGHT="28" CONTENT="com" SUBS_TYPE="HypPart1" SUBS_CONTENT="commission" WC="0.99" CC="000"/>
						<HYP HPOS="2127" VPOS="505" WIDTH="31" CONTENT="-"/>
					</TextLine>
					<TextLine ID="P26_TL00006" HPOS="160" VPOS="560" WIDTH="2002" HEIGHT="64">
						<String ID="P26_ST00042" HPOS="160" VPOS="576" WIDTH="186" HEIGHT="39" CONTENT="mission" SUBS_TYPE="HypPart2" SUBS_CONTENT="commission" WC="1.00" CC="0400000"/>
						<SP ID="P26_SP00037" HPOS="346" VPOS="615" WIDTH="23"/>
						<String ID="P26_ST00043" HPOS="369" VPOS="572" WIDTH="269" HEIGHT="52" CONTENT="municipale" WC="0.99" CC="8503000000"/>
						<SP ID="P26_SP00038" HPOS="638" VPOS="624" WIDTH="42"/>
						<String ID="P26_ST00044" HPOS="680" VPOS="571" WIDTH="52" HEIGHT="40" CONTENT="de" WC="1.00" CC="00"/>
						<SP ID="P26_SP00039" HPOS="732" VPOS="624" WIDTH="43"/>
						<String ID="P26_ST00045" HPOS="775" VPOS="569" WIDTH="143" HEIGHT="47" CONTENT="Paris," WC="0.99" CC="200603"/>
						<SP ID="P26_SP00040" HPOS="918" VPOS="624" WIDTH="32"/>
						<String ID="P26_ST00046" HPOS="950" VPOS="568" WIDTH="272" HEIGHT="40" CONTENT="demandant" WC="1.00" CC="000000604"/>
						<SP ID="P26_SP00041" HPOS="1222" VPOS="624" WIDTH="39"/>
						<String ID="P26_ST00047" HPOS="1261" VPOS="580" WIDTH="86" HEIGHT="38" CONTENT="que" WC="0.95" CC="047"/>
						<SP ID="P26_SP00042" HPOS="1347" VPOS="624" WIDTH="23"/>
						<String ID="P26_ST00048" HPOS="1370" VPOS="566" WIDTH="38" HEIGHT="40" CONTENT="le" WC="0.81" CC="30"/>
						<SP ID="P26_SP00043" HPOS="1408" VPOS="624" WIDTH="25"/>
						<String ID="P26_ST00049" HPOS="1433" VPOS="578" WIDTH="103" HEIGHT="28" CONTENT="nom" WC="0.98" CC="600"/>
						<SP ID="P26_SP00044" HPOS="1536" VPOS="624" WIDTH="37"/>
						<String ID="P26_ST00050" HPOS="1573" VPOS="564" WIDTH="53" HEIGHT="40" CONTENT="de" WC="0.62" CC="07"/>
						<SP ID="P26_SP00045" HPOS="1626" VPOS="624" WIDTH="25"/>
						<String ID="P26_ST00051" HPOS="1651" VPOS="564" WIDTH="10" HEIGHT="39" CONTENT="1" WC="0.33" CC="6"/>
						<SP ID="P26_SP00046" HPOS="1661" VPOS="624" WIDTH="19"/>
						<String ID="P26_ST00052" HPOS="1680" VPOS="571" WIDTH="157" HEIGHT="31" CONTENT="auteur" WC="0.99" CC="005060"/>
						<SP ID="P26_SP00047" HPOS="1837" VPOS="624" WIDTH="21"/>
						<String ID="P26_ST00053" HPOS="1858" VPOS="562" WIDTH="54" HEIGHT="39" CONTENT="de" WC="1.00" CC="00"/>
						<SP ID="P26_SP00048" HPOS="1912" VPOS="624" WIDTH="36"/>
						<String ID="P26_ST00054" HPOS="1948" VPOS="561" WIDTH="40" HEIGHT="39" CONTENT="la" WC="0.50" CC="09" STYLEREFS="TXT_3"/>
						<SP ID="P26_SP00049" HPOS="1988" VPOS="624" WIDTH="37"/>
						<String ID="P26_ST00055" HPOS="2025" VPOS="560" WIDTH="137" HEIGHT="39" CONTENT="Dame" WC="0.95" CC="5990" STYLEREFS="TXT_3"/>
					</TextLine>
					<TextLine ID="P26_TL00007" HPOS="159" VPOS="629" WIDTH="2003" HEIGHT="62">
						<String ID="P26_ST00056" HPOS="159" VPOS="642" WIDTH="190" HEIGHT="41" CONTENT="Blanche" WC="1.00" CC="0000600" STYLEREFS="TXT_3"/>
						<SP ID="P26_SP00050" HPOS="349" VPOS="683" WIDTH="23"/>
						<String ID="P26_ST00057" HPOS="372" VPOS="642" WIDTH="84" HEIGHT="40" CONTENT="soit" WC="0.98" CC="0204"/>
						<SP ID="P26_SP00051" HPOS="456" VPOS="683" WIDTH="22"/>
						<String ID="P26_ST00058" HPOS="478" VPOS="641" WIDTH="147" HEIGHT="40" CONTENT="donné" WC="0.98" CC="03730"/>
						<SP ID="P26_SP00052" HPOS="625" VPOS="683" WIDTH="15"/>
						<String ID="P26_ST00059" HPOS="640" VPOS="644" WIDTH="21" HEIGHT="35" CONTENT="à" WC="0.71" CC="2"/>
						<SP ID="P26_SP00053" HPOS="661" VPOS="683" WIDTH="24"/>
						<String ID="P26_ST00060" HPOS="685" VPOS="639" WIDTH="39" HEIGHT="40" CONTENT="la" WC="0.84" CC="30"/>
						<SP ID="P26_SP00054" HPOS="724" VPOS="683" WIDTH="21"/>
						<String ID="P26_ST00061" HPOS="745" VPOS="639" WIDTH="125" HEIGHT="52" CONTENT="place" WC="1.00" CC="01000"/>
						<SP ID="P26_SP00055" HPOS="870" VPOS="691" WIDTH="19"/>
						<String ID="P26_ST00062" HPOS="889" VPOS="639" WIDTH="140" HEIGHT="38" CONTENT="située" WC="0.99" CC="030500"/>
						<SP ID="P26_SP00056" HPOS="1029" VPOS="691" WIDTH="19"/>
						<String ID="P26_ST00063" HPOS="1048" VPOS="636" WIDTH="161" HEIGHT="40" CONTENT="devant" WC="0.99" CC="030060"/>
						<SP ID="P26_SP00057" HPOS="1209" VPOS="691" WIDTH="23"/>
						<String ID="P26_ST00064" HPOS="1232" VPOS="632" WIDTH="445" HEIGHT="55" CONTENT="l'Opéra-Comique," WC="0.83" CC="5310000602040300"/>
						<SP ID="P26_SP00058" HPOS="1677" VPOS="691" WIDTH="28"/>
						<String ID="P26_ST00065" HPOS="1705" VPOS="646" WIDTH="21" HEIGHT="25" CONTENT="a" WC="1.00" CC="0"/>
						<SP ID="P26_SP00059" HPOS="1726" VPOS="691" WIDTH="22"/>
						<String ID="P26_ST00066" HPOS="1748" VPOS="634" WIDTH="67" HEIGHT="36" CONTENT="été" WC="0.97" CC="017"/>
						<SP ID="P26_SP00060" HPOS="1815" VPOS="691" WIDTH="23"/>
						<String ID="P26_ST00067" HPOS="1838" VPOS="629" WIDTH="195" HEIGHT="41" CONTENT="obtenue" WC="0.99" CC="0040050"/>
						<SP ID="P26_SP00061" HPOS="2033" VPOS="691" WIDTH="16"/>
						<String ID="P26_ST00068" HPOS="2049" VPOS="641" WIDTH="113" HEIGHT="40" CONTENT="pour" WC="0.98" CC="0052"/>
					</TextLine>
					<TextLine ID="P26_TL00008" HPOS="163" VPOS="710" WIDTH="204" HEIGHT="52">
						<String ID="P26_ST00069" HPOS="163" VPOS="726" WIDTH="18" HEIGHT="36" CONTENT="3" WC="1.00" CC="0" STYLEREFS="TXT_4"/>
						<SP ID="P26_SP00062" HPOS="181" VPOS="762" WIDTH="27"/>
						<String ID="P26_ST00070" HPOS="208" VPOS="710" WIDTH="159" HEIGHT="41" CONTENT="francs." WC="0.99" CC="0007003"/>
					</TextLine>
					<TextLine ID="P26_TL00009" HPOS="216" VPOS="765" WIDTH="1945" HEIGHT="59">
						<String ID="P26_ST00071" HPOS="216" VPOS="779" WIDTH="95" HEIGHT="42" CONTENT="Une" WC="1.00" CC="000"/>
						<SP ID="P26_SP00063" HPOS="311" VPOS="821" WIDTH="24"/>
						<String ID="P26_ST00072" HPOS="335" VPOS="783" WIDTH="86" HEIGHT="37" CONTENT="très" WC="0.98" CC="1080"/>
						<SP ID="P26_SP00064" HPOS="421" VPOS="821" WIDTH="17"/>
						<String ID="P26_ST00073" HPOS="438" VPOS="780" WIDTH="293" HEIGHT="38" CONTENT="intéressante" WC="1.00" CC="300600000060"/>
						<SP ID="P26_SP00065" HPOS="731" VPOS="821" WIDTH="18"/>
						<String ID="P26_ST00074" HPOS="749" VPOS="776" WIDTH="125" HEIGHT="40" CONTENT="lettre" WC="1.00" CC="200000"/>
						<SP ID="P26_SP00066" HPOS="874" VPOS="821" WIDTH="18"/>
						<String ID="P26_ST00075" HPOS="892" VPOS="775" WIDTH="53" HEIGHT="40" CONTENT="de" WC="1.00" CC="00"/>
						<SP ID="P26_SP00067" HPOS="945" VPOS="821" WIDTH="24"/>
						<String ID="P26_ST00076" HPOS="969" VPOS="774" WIDTH="135" HEIGHT="49" CONTENT="Fétis," WC="0.63" CC="760404"/>
						<SP ID="P26_SP00068" HPOS="1104" VPOS="823" WIDTH="23"/>
						<String ID="P26_ST00077" HPOS="1127" VPOS="773" WIDTH="302" HEIGHT="51" CONTENT="compositeur" WC="1.00" CC="00000000000"/>
						<SP ID="P26_SP00069" HPOS="1429" VPOS="824" WIDTH="20"/>
						<String ID="P26_ST00078" HPOS="1449" VPOS="770" WIDTH="54" HEIGHT="39" CONTENT="de" WC="1.00" CC="00"/>
						<SP ID="P26_SP00070" HPOS="1503" VPOS="824" WIDTH="24"/>
						<String ID="P26_ST00079" HPOS="1527" VPOS="770" WIDTH="207" HEIGHT="50" CONTENT="musique" WC="1.00" CC="0022000"/>
						<SP ID="P26_SP00071" HPOS="1734" VPOS="824" WIDTH="16"/>
						<String ID="P26_ST00080" HPOS="1750" VPOS="776" WIDTH="41" HEIGHT="31" CONTENT="et" WC="0.74" CC="05"/>
						<SP ID="P26_SP00072" HPOS="1791" VPOS="824" WIDTH="20"/>
						<String ID="P26_ST00081" HPOS="1811" VPOS="765" WIDTH="350" HEIGHT="53" CONTENT="musicographe" WC="1.00" CC="000100004010"/>
					</TextLine>
					<TextLine ID="P26_TL00010" HPOS="162" VPOS="834" WIDTH="1999" HEIGHT="64">
						<String ID="P26_ST00082" HPOS="162" VPOS="847" WIDTH="145" HEIGHT="51" CONTENT="belge," WC="0.98" CC="055043"/>
						<SP ID="P26_SP00073" HPOS="307" VPOS="898" WIDTH="27"/>
						<String ID="P26_ST00083" HPOS="334" VPOS="855" WIDTH="119" HEIGHT="33" CONTENT="toute" WC="0.99" CC="40000"/>
						<SP ID="P26_SP00074" HPOS="453" VPOS="898" WIDTH="22"/>
						<String ID="P26_ST00084" HPOS="475" VPOS="846" WIDTH="179" HEIGHT="40" CONTENT="relative" WC="0.99" CC="00506100"/>
						<SP ID="P26_SP00075" HPOS="654" VPOS="898" WIDTH="23"/>
						<String ID="P26_ST00085" HPOS="677" VPOS="859" WIDTH="54" HEIGHT="25" CONTENT="au" WC="1.00" CC="00"/>
						<SP ID="P26_SP00076" HPOS="731" VPOS="898" WIDTH="20"/>
						<String ID="P26_ST00086" HPOS="751" VPOS="843" WIDTH="274" HEIGHT="53" CONTENT="Micrologue" WC="0.87" CC="0400000080" STYLEREFS="TXT_3"/>
						<SP ID="P26_SP00077" HPOS="1025" VPOS="898" WIDTH="23"/>
						<String ID="P26_ST00087" HPOS="1048" VPOS="842" WIDTH="53" HEIGHT="40" CONTENT="de" WC="1.00" CC="00"/>
						<SP ID="P26_SP00078" HPOS="1101" VPOS="898" WIDTH="24"/>
						<String ID="P26_ST00088" HPOS="1125" VPOS="839" WIDTH="87" HEIGHT="43" CONTENT="Gui" WC="0.98" CC="004"/>
						<SP ID="P26_SP00079" HPOS="1212" VPOS="898" WIDTH="23"/>
						<String ID="P26_ST00089" HPOS="1235" VPOS="841" WIDTH="26" HEIGHT="40" CONTENT="d" WC="1.00" CC="0"/>
						<SP ID="P26_SP00080" HPOS="1261" VPOS="898" WIDTH="19"/>
						<String ID="P26_ST00090" HPOS="1280" VPOS="839" WIDTH="185" HEIGHT="47" CONTENT="Arezzo," WC="0.92" CC="0020101"/>
						<SP ID="P26_SP00081" HPOS="1465" VPOS="898" WIDTH="25"/>
						<String ID="P26_ST00091" HPOS="1490" VPOS="844" WIDTH="57" HEIGHT="35" CONTENT="où" WC="0.61" CC="07"/>
						<SP ID="P26_SP00082" HPOS="1547" VPOS="898" WIDTH="21"/>
						<String ID="P26_ST00092" HPOS="1568" VPOS="837" WIDTH="27" HEIGHT="40" CONTENT="il" WC="0.94" CC="10"/>
						<SP ID="P26_SP00083" HPOS="1595" VPOS="898" WIDTH="28"/>
						<String ID="P26_ST00093" HPOS="1623" VPOS="836" WIDTH="207" HEIGHT="53" CONTENT="explique" WC="1.00" CC="00044000"/>
						<SP ID="P26_SP00084" HPOS="1830" VPOS="898" WIDTH="25"/>
						<String ID="P26_ST00094" HPOS="1855" VPOS="848" WIDTH="84" HEIGHT="39" CONTENT="que" WC="0.98" CC="006"/>
						<SP ID="P26_SP00085" HPOS="1939" VPOS="898" WIDTH="27"/>
						<String ID="P26_ST00095" HPOS="1966" VPOS="834" WIDTH="10" HEIGHT="40" CONTENT="1" WC="0.56" CC="4"/>
						<SP ID="P26_SP00086" HPOS="1976" VPOS="898" WIDTH="18"/>
						<String ID="P26_ST00096" HPOS="1994" VPOS="834" WIDTH="167" HEIGHT="52" CONTENT="emploi" WC="0.98" CC="700314"/>
					</TextLine>
					<TextLine ID="P26_TL00011" HPOS="161" VPOS="901" WIDTH="2001" HEIGHT="67">
						<String ID="P26_ST00097" HPOS="161" VPOS="916" WIDTH="58" HEIGHT="40" CONTENT="du" WC="1.00" CC="00"/>
						<SP ID="P26_SP00087" HPOS="219" VPOS="956" WIDTH="25"/>
						<String ID="P26_ST00098" HPOS="244" VPOS="924" WIDTH="128" HEIGHT="44" CONTENT="quart" WC="0.99" CC="00006"/>
						<SP ID="P26_SP00088" HPOS="372" VPOS="968" WIDTH="21"/>
						<String ID="P26_ST00099" HPOS="393" VPOS="915" WIDTH="53" HEIGHT="40" CONTENT="de" WC="1.00" CC="00"/>
						<SP ID="P26_SP00089" HPOS="446" VPOS="968" WIDTH="24"/>
						<String ID="P26_ST00100" HPOS="470" VPOS="923" WIDTH="73" HEIGHT="32" CONTENT="ton" WC="0.97" CC="044"/>
						<SP ID="P26_SP00090" HPOS="543" VPOS="968" WIDTH="40"/>
						<String ID="P26_ST00101" HPOS="583" VPOS="912" WIDTH="68" HEIGHT="43" CONTENT="n'a" WC="1.00" CC="000"/>
						<SP ID="P26_SP00091" HPOS="651" VPOS="968" WIDTH="24"/>
						<String ID="P26_ST00102" HPOS="675" VPOS="914" WIDTH="157" HEIGHT="52" CONTENT="jamais" WC="1.00" CC="000030"/>
						<SP ID="P26_SP00092" HPOS="832" VPOS="968" WIDTH="38"/>
						<String ID="P26_ST00103" HPOS="870" VPOS="925" WIDTH="54" HEIGHT="27" CONTENT="eu" WC="0.84" CC="03"/>
						<SP ID="P26_SP00093" HPOS="924" VPOS="968" WIDTH="36"/>
						<String ID="P26_ST00104" HPOS="960" VPOS="911" WIDTH="87" HEIGHT="39" CONTENT="lieu" WC="1.00" CC="1000"/>
						<SP ID="P26_SP00094" HPOS="1047" VPOS="968" WIDTH="33"/>
						<String ID="P26_ST00105" HPOS="1080" VPOS="910" WIDTH="112" HEIGHT="40" CONTENT="dans" WC="0.99" CC="0040"/>
						<SP ID="P26_SP00095" HPOS="1192" VPOS="968" WIDTH="23"/>
						<String ID="P26_ST00106" HPOS="1215" VPOS="909" WIDTH="39" HEIGHT="40" CONTENT="le" WC="0.88" CC="20"/>
						<SP ID="P26_SP00096" HPOS="1254" VPOS="968" WIDTH="35"/>
						<String ID="P26_ST00107" HPOS="1289" VPOS="908" WIDTH="132" HEIGHT="41" CONTENT="chant" WC="1.00" CC="00000"/>
						<SP ID="P26_SP00097" HPOS="1421" VPOS="968" WIDTH="35"/>
						<String ID="P26_ST00108" HPOS="1456" VPOS="907" WIDTH="240" HEIGHT="50" CONTENT="grégorien" WC="1.00" CC="000000622"/>
						<SP ID="P26_SP00098" HPOS="1696" VPOS="968" WIDTH="23"/>
						<String ID="P26_ST00109" HPOS="1719" VPOS="913" WIDTH="41" HEIGHT="32" CONTENT="et" WC="1.00" CC="00"/>
						<SP ID="P26_SP00099" HPOS="1760" VPOS="968" WIDTH="32"/>
						<String ID="P26_ST00110" HPOS="1792" VPOS="916" WIDTH="87" HEIGHT="40" CONTENT="que" WC="0.98" CC="060"/>
						<SP ID="P26_SP00100" HPOS="1879" VPOS="968" WIDTH="33"/>
						<String ID="P26_ST00111" HPOS="1912" VPOS="901" WIDTH="87" HEIGHT="42" CONTENT="Gui" WC="1.00" CC="000"/>
						<SP ID="P26_SP00101" HPOS="1999" VPOS="968" WIDTH="36"/>
						<String ID="P26_ST00112" HPOS="2035" VPOS="910" WIDTH="65" HEIGHT="33" CONTENT="est" WC="0.99" CC="003"/>
						<SP ID="P26_SP00102" HPOS="2100" VPOS="968" WIDTH="23"/>
						<String ID="P26_ST00113" HPOS="2123" VPOS="902" WIDTH="39" HEIGHT="40" CONTENT="le" WC="0.89" CC="20"/>
					</TextLine>
					<TextLine ID="P26_TL00012" HPOS="162" VPOS="971" WIDTH="1998" HEIGHT="66">
						<String ID="P26_ST00114" HPOS="162" VPOS="986" WIDTH="191" HEIGHT="51" CONTENT="premier" WC="1.00" CC="0000300"/>
						<SP ID="P26_SP00103" HPOS="353" VPOS="1037" WIDTH="21"/>
						<String ID="P26_ST00115" HPOS="374" VPOS="985" WIDTH="192" HEIGHT="38" CONTENT="écrivain" WC="0.99" CC="00030016"/>
						<SP ID="P26_SP00104" HPOS="566" VPOS="1037" WIDTH="23"/>
						<String ID="P26_ST00116" HPOS="589" VPOS="982" WIDTH="58" HEIGHT="40" CONTENT="du" WC="0.78" CC="04"/>
						<SP ID="P26_SP00105" HPOS="647" VPOS="1037" WIDTH="23"/>
						<String ID="P26_ST00117" HPOS="670" VPOS="994" WIDTH="160" HEIGHT="40" CONTENT="moyen" WC="0.99" CC="00006"/>
						<SP ID="P26_SP00106" HPOS="830" VPOS="1037" WIDTH="25"/>
						<String ID="P26_ST00118" HPOS="855" VPOS="983" WIDTH="80" HEIGHT="47" CONTENT="âge" WC="0.99" CC="200"/>
						<SP ID="P26_SP00107" HPOS="935" VPOS="1037" WIDTH="34"/>
						<String ID="P26_ST00119" HPOS="969" VPOS="980" WIDTH="75" HEIGHT="51" CONTENT="qui" WC="0.96" CC="053"/>
						<SP ID="P26_SP00108" HPOS="1044" VPOS="1037" WIDTH="24"/>
						<String ID="P26_ST00120" HPOS="1068" VPOS="980" WIDTH="59" HEIGHT="38" CONTENT="ait" WC="0.99" CC="002"/>
						<SP ID="P26_SP00109" HPOS="1127" VPOS="1037" WIDTH="23"/>
						<String ID="P26_ST00121" HPOS="1150" VPOS="990" WIDTH="158" HEIGHT="39" CONTENT="rompu" WC="1.00" CC="00000"/>
						<SP ID="P26_SP00110" HPOS="1308" VPOS="1037" WIDTH="26"/>
						<String ID="P26_ST00122" HPOS="1334" VPOS="976" WIDTH="283" HEIGHT="41" CONTENT="absolument" WC="0.99" CC="3000500074"/>
						<SP ID="P26_SP00111" HPOS="1617" VPOS="1037" WIDTH="31"/>
						<String ID="P26_ST00123" HPOS="1648" VPOS="986" WIDTH="104" HEIGHT="29" CONTENT="avec" WC="1.00" CC="0000"/>
						<SP ID="P26_SP00112" HPOS="1752" VPOS="1037" WIDTH="23"/>
						<String ID="P26_ST00124" HPOS="1775" VPOS="973" WIDTH="39" HEIGHT="40" CONTENT="le" WC="0.70" CC="50"/>
						<SP ID="P26_SP00113" HPOS="1814" VPOS="1037" WIDTH="24"/>
						<String ID="P26_ST00125" HPOS="1838" VPOS="972" WIDTH="168" HEIGHT="40" CONTENT="théorie" WC="1.00" CC="5000000"/>
						<SP ID="P26_SP00114" HPOS="2006" VPOS="1037" WIDTH="36"/>
						<String ID="P26_ST00126" HPOS="2042" VPOS="971" WIDTH="53" HEIGHT="40" CONTENT="de" WC="1.00" CC="00"/>
						<SP ID="P26_SP00115" HPOS="2095" VPOS="1037" WIDTH="26"/>
						<String ID="P26_ST00127" HPOS="2121" VPOS="971" WIDTH="39" HEIGHT="40" CONTENT="la" WC="0.90" CC="10"/>
					</TextLine>
					<TextLine ID="P26_TL00013" HPOS="162" VPOS="1048" WIDTH="725" HEIGHT="55">
						<String ID="P26_ST00128" HPOS="162" VPOS="1053" WIDTH="205" HEIGHT="50" CONTENT="musique" WC="0.99" CC="0302030"/>
						<SP ID="P26_SP00116" HPOS="367" VPOS="1103" WIDTH="23"/>
						<String ID="P26_ST00129" HPOS="390" VPOS="1052" WIDTH="76" HEIGHT="39" CONTENT="des" WC="1.00" CC="000"/>
						<SP ID="P26_SP00117" HPOS="466" VPOS="1103" WIDTH="25"/>
						<String ID="P26_ST00130" HPOS="491" VPOS="1049" WIDTH="134" HEIGHT="43" CONTENT="Grecs" WC="1.00" CC="00000"/>
						<SP ID="P26_SP00118" HPOS="625" VPOS="1103" WIDTH="25"/>
						<String ID="P26_ST00131" HPOS="650" VPOS="1065" WIDTH="6" HEIGHT="24" CONTENT=":" WC="0.42" CC="5"/>
						<SP ID="P26_SP00119" HPOS="656" VPOS="1103" WIDTH="30"/>
						<String ID="P26_ST00132" HPOS="686" VPOS="1063" WIDTH="14" HEIGHT="38" CONTENT="5" WC="0.48" CC="5" STYLEREFS="TXT_4"/>
						<SP ID="P26_SP00120" HPOS="700" VPOS="1103" WIDTH="27"/>
						<String ID="P26_ST00133" HPOS="727" VPOS="1048" WIDTH="160" HEIGHT="41" CONTENT="francs." WC="0.99" CC="0036003"/>
					</TextLine>
					<TextLine ID="P26_TL00014" HPOS="218" VPOS="1107" WIDTH="1944" HEIGHT="63">
						<String ID="P26_ST00134" HPOS="218" VPOS="1119" WIDTH="71" HEIGHT="42" CONTENT="On" WC="1.00" CC="00"/>
						<SP ID="P26_SP00121" HPOS="289" VPOS="1161" WIDTH="23"/>
						<String ID="P26_ST00135" HPOS="312" VPOS="1134" WIDTH="22" HEIGHT="26" CONTENT="a" WC="1.00" CC="0"/>
						<SP ID="P26_SP00122" HPOS="334" VPOS="1161" WIDTH="35"/>
						<String ID="P26_ST00136" HPOS="369" VPOS="1133" WIDTH="53" HEIGHT="26" CONTENT="eu" WC="0.78" CC="04"/>
						<SP ID="P26_SP00123" HPOS="422" VPOS="1161" WIDTH="22"/>
						<String ID="P26_ST00137" HPOS="444" VPOS="1132" WIDTH="111" HEIGHT="38" CONTENT="pour" WC="1.00" CC="0000"/>
						<SP ID="P26_SP00124" HPOS="555" VPOS="1170" WIDTH="27"/>
						<String ID="P26_ST00138" HPOS="582" VPOS="1117" WIDTH="48" HEIGHT="40" CONTENT="16" WC="1.00" CC="00" STYLEREFS="TXT_4"/>
						<SP ID="P26_SP00125" HPOS="630" VPOS="1170" WIDTH="24"/>
						<String ID="P26_ST00139" HPOS="654" VPOS="1117" WIDTH="146" HEIGHT="40" CONTENT="francs" WC="1.00" CC="000200"/>
						<SP ID="P26_SP00126" HPOS="800" VPOS="1170" WIDTH="23"/>
						<String ID="P26_ST00140" HPOS="823" VPOS="1129" WIDTH="87" HEIGHT="27" CONTENT="une" WC="0.98" CC="400"/>
						<SP ID="P26_SP00127" HPOS="910" VPOS="1170" WIDTH="23"/>
						<String ID="P26_ST00141" HPOS="933" VPOS="1116" WIDTH="126" HEIGHT="40" CONTENT="lettre" WC="1.00" CC="000000"/>
						<SP ID="P26_SP00128" HPOS="1059" VPOS="1170" WIDTH="23"/>
						<String ID="P26_ST00142" HPOS="1082" VPOS="1115" WIDTH="52" HEIGHT="39" CONTENT="de" WC="1.00" CC="00"/>
						<SP ID="P26_SP00129" HPOS="1134" VPOS="1170" WIDTH="33"/>
						<String ID="P26_ST00143" HPOS="1167" VPOS="1112" WIDTH="192" HEIGHT="43" CONTENT="Gounod" WC="0.88" CC="007000"/>
						<SP ID="P26_SP00130" HPOS="1359" VPOS="1170" WIDTH="27"/>
						<String ID="P26_ST00144" HPOS="1386" VPOS="1128" WIDTH="8" HEIGHT="33" CONTENT=";" WC="1.00" CC="9"/>
						<SP ID="P26_SP00131" HPOS="1394" VPOS="1170" WIDTH="38"/>
						<String ID="P26_ST00145" HPOS="1432" VPOS="1125" WIDTH="113" HEIGHT="39" CONTENT="pour" WC="0.99" CC="0040"/>
						<SP ID="P26_SP00132" HPOS="1545" VPOS="1170" WIDTH="22"/>
						<String ID="P26_ST00146" HPOS="1567" VPOS="1124" WIDTH="46" HEIGHT="39" CONTENT="25" WC="0.85" CC="02" STYLEREFS="TXT_4"/>
						<SP ID="P26_SP00133" HPOS="1613" VPOS="1170" WIDTH="28"/>
						<String ID="P26_ST00147" HPOS="1641" VPOS="1110" WIDTH="146" HEIGHT="41" CONTENT="francs" WC="0.99" CC="000600"/>
						<SP ID="P26_SP00134" HPOS="1787" VPOS="1170" WIDTH="39"/>
						<String ID="P26_ST00148" HPOS="1826" VPOS="1122" WIDTH="87" HEIGHT="28" CONTENT="une" WC="0.96" CC="603"/>
						<SP ID="P26_SP00135" HPOS="1913" VPOS="1170" WIDTH="35"/>
						<String ID="P26_ST00149" HPOS="1948" VPOS="1109" WIDTH="127" HEIGHT="40" CONTENT="lettre" WC="0.99" CC="203403"/>
						<SP ID="P26_SP00136" HPOS="2075" VPOS="1170" WIDTH="34"/>
						<String ID="P26_ST00150" HPOS="2109" VPOS="1107" WIDTH="53" HEIGHT="41" CONTENT="de" WC="1.00" CC="00"/>
					</TextLine>
					<TextLine ID="P26_TL00015" HPOS="164" VPOS="1177" WIDTH="1998" HEIGHT="60">
						<String ID="P26_ST00151" HPOS="164" VPOS="1187" WIDTH="163" HEIGHT="40" CONTENT="Hérold" WC="0.84" CC="400040"/>
						<SP ID="P26_SP00137" HPOS="327" VPOS="1227" WIDTH="26"/>
						<String ID="P26_ST00152" HPOS="353" VPOS="1195" WIDTH="252" HEIGHT="42" CONTENT="annonçant" WC="1.00" CC="000000003"/>
						<SP ID="P26_SP00138" HPOS="605" VPOS="1237" WIDTH="33"/>
						<String ID="P26_ST00153" HPOS="638" VPOS="1199" WIDTH="81" HEIGHT="26" CONTENT="son" WC="1.00" CC="000"/>
						<SP ID="P26_SP00139" HPOS="719" VPOS="1237" WIDTH="24"/>
						<String ID="P26_ST00154" HPOS="743" VPOS="1186" WIDTH="200" HEIGHT="48" CONTENT="mariage" WC="1.00" CC="0002000"/>
						<SP ID="P26_SP00140" HPOS="943" VPOS="1237" WIDTH="23"/>
						<String ID="P26_ST00155" HPOS="966" VPOS="1196" WIDTH="104" HEIGHT="27" CONTENT="avec" WC="1.00" CC="0000"/>
						<SP ID="P26_SP00141" HPOS="1070" VPOS="1237" WIDTH="21"/>
						<String ID="P26_ST00156" HPOS="1091" VPOS="1196" WIDTH="87" HEIGHT="27" CONTENT="une" WC="0.97" CC="600"/>
						<SP ID="P26_SP00142" HPOS="1178" VPOS="1237" WIDTH="33"/>
						<String ID="P26_ST00157" HPOS="1211" VPOS="1180" WIDTH="258" HEIGHT="42" CONTENT="demoiselle" WC="1.00" CC="0000304030"/>
						<SP ID="P26_SP00143" HPOS="1469" VPOS="1237" WIDTH="25"/>
						<String ID="P26_ST00158" HPOS="1494" VPOS="1180" WIDTH="260" HEIGHT="40" CONTENT="charmante" WC="1.00" CC="000000050"/>
						<SP ID="P26_SP00144" HPOS="1754" VPOS="1237" WIDTH="31"/>
						<String ID="P26_ST00159" HPOS="1785" VPOS="1186" WIDTH="134" HEIGHT="44" CONTENT="ayant" WC="1.00" CC="00000"/>
						<SP ID="P26_SP00145" HPOS="1919" VPOS="1237" WIDTH="23"/>
						<String ID="P26_ST00160" HPOS="1942" VPOS="1177" WIDTH="63" HEIGHT="40" CONTENT="les" WC="0.97" CC="700"/>
						<SP ID="P26_SP00146" HPOS="2005" VPOS="1237" WIDTH="29"/>
						<String ID="P26_ST00161" HPOS="2034" VPOS="1180" WIDTH="103" HEIGHT="49" CONTENT="espé" SUBS_TYPE="HypPart1" SUBS_CONTENT="espérances" WC="1.00" CC="0000"/>
						<HYP HPOS="2137" VPOS="1180" WIDTH="25" CONTENT="-"/>
					</TextLine>
					<TextLine ID="P26_TL00016" HPOS="162" VPOS="1253" WIDTH="954" HEIGHT="54">
						<String ID="P26_ST00162" HPOS="162" VPOS="1269" WIDTH="153" HEIGHT="27" CONTENT="rances" SUBS_TYPE="HypPart2" SUBS_CONTENT="espérances" WC="1.00" CC="000000"/>
						<SP ID="P26_SP00147" HPOS="315" VPOS="1296" WIDTH="23"/>
						<String ID="P26_ST00163" HPOS="338" VPOS="1255" WIDTH="165" HEIGHT="40" CONTENT="solides" WC="1.00" CC="0010000"/>
						<SP ID="P26_SP00148" HPOS="503" VPOS="1296" WIDTH="21"/>
						<String ID="P26_ST00164" HPOS="524" VPOS="1256" WIDTH="73" HEIGHT="51" CONTENT="qui" WC="0.97" CC="052"/>
						<SP ID="P26_SP00149" HPOS="597" VPOS="1307" WIDTH="26"/>
						<String ID="P26_ST00165" HPOS="623" VPOS="1262" WIDTH="202" HEIGHT="32" CONTENT="assurent" WC="0.99" CC="00100046"/>
						<SP ID="P26_SP00150" HPOS="825" VPOS="1307" WIDTH="20"/>
						<String ID="P26_ST00166" HPOS="845" VPOS="1265" WIDTH="80" HEIGHT="28" CONTENT="son" WC="1.00" CC="000"/>
						<SP ID="P26_SP00151" HPOS="925" VPOS="1307" WIDTH="25"/>
						<String ID="P26_ST00167" HPOS="950" VPOS="1253" WIDTH="166" HEIGHT="39" CONTENT="avenir." WC="1.00" CC="0000003"/>
					</TextLine>
					<TextLine ID="P26_TL00017" HPOS="219" VPOS="1317" WIDTH="1943" HEIGHT="56">
						<String ID="P26_ST00168" HPOS="219" VPOS="1324" WIDTH="96" HEIGHT="41" CONTENT="Une" WC="1.00" CC="000"/>
						<SP ID="P26_SP00152" HPOS="315" VPOS="1365" WIDTH="24"/>
						<String ID="P26_ST00169" HPOS="339" VPOS="1324" WIDTH="125" HEIGHT="40" CONTENT="lettre" WC="1.00" CC="500000"/>
						<SP ID="P26_SP00153" HPOS="464" VPOS="1365" WIDTH="32"/>
						<String ID="P26_ST00170" HPOS="496" VPOS="1323" WIDTH="52" HEIGHT="40" CONTENT="de" WC="1.00" CC="00"/>
						<SP ID="P26_SP00154" HPOS="548" VPOS="1365" WIDTH="26"/>
						<String ID="P26_ST00171" HPOS="574" VPOS="1322" WIDTH="165" HEIGHT="51" CONTENT="Roger," WC="0.99" CC="400004"/>
						<SP ID="P26_SP00155" HPOS="739" VPOS="1373" WIDTH="23"/>
						<String ID="P26_ST00172" HPOS="762" VPOS="1322" WIDTH="39" HEIGHT="40" CONTENT="le" WC="0.69" CC="42"/>
						<SP ID="P26_SP00156" HPOS="801" VPOS="1373" WIDTH="24"/>
						<String ID="P26_ST00173" HPOS="825" VPOS="1320" WIDTH="171" HEIGHT="41" CONTENT="célèbre" WC="0.98" CC="7018403"/>
						<SP ID="P26_SP00157" HPOS="996" VPOS="1373" WIDTH="22"/>
						<String ID="P26_ST00174" HPOS="1018" VPOS="1321" WIDTH="229" HEIGHT="45" CONTENT="chanteur," WC="0.99" CC="002050402"/>
						<SP ID="P26_SP00158" HPOS="1247" VPOS="1373" WIDTH="25"/>
						<String ID="P26_ST00175" HPOS="1272" VPOS="1318" WIDTH="113" HEIGHT="39" CONTENT="dans" WC="0.99" CC="0005"/>
						<SP ID="P26_SP00159" HPOS="1385" VPOS="1373" WIDTH="24"/>
						<String ID="P26_ST00176" HPOS="1409" VPOS="1317" WIDTH="194" HEIGHT="52" CONTENT="laquelle" WC="0.99" CC="50021420"/>
						<SP ID="P26_SP00160" HPOS="1603" VPOS="1373" WIDTH="31"/>
						<String ID="P26_ST00177" HPOS="1634" VPOS="1317" WIDTH="29" HEIGHT="39" CONTENT="il" WC="0.94" CC="00"/>
						<SP ID="P26_SP00161" HPOS="1663" VPOS="1373" WIDTH="38"/>
						<String ID="P26_ST00178" HPOS="1701" VPOS="1324" WIDTH="180" HEIGHT="33" CONTENT="raconte" WC="1.00" CC="0200300"/>
						<SP ID="P26_SP00162" HPOS="1881" VPOS="1373" WIDTH="23"/>
						<String ID="P26_ST00179" HPOS="1904" VPOS="1328" WIDTH="46" HEIGHT="27" CONTENT="sa" WC="0.98" CC="00"/>
						<SP ID="P26_SP00163" HPOS="1950" VPOS="1373" WIDTH="27"/>
						<String ID="P26_ST00180" HPOS="1977" VPOS="1318" WIDTH="185" HEIGHT="36" CONTENT="tournée" WC="0.99" CC="4030070"/>
					</TextLine>
					<TextLine ID="P26_TL00018" HPOS="162" VPOS="1382" WIDTH="1998" HEIGHT="61">
						<String ID="P26_ST00181" HPOS="162" VPOS="1392" WIDTH="111" HEIGHT="41" CONTENT="dans" WC="1.00" CC="0001"/>
						<SP ID="P26_SP00164" HPOS="273" VPOS="1433" WIDTH="23"/>
						<String ID="P26_ST00182" HPOS="296" VPOS="1392" WIDTH="62" HEIGHT="40" CONTENT="les" WC="0.96" CC="550"/>
						<SP ID="P26_SP00165" HPOS="358" VPOS="1433" WIDTH="16"/>
						<String ID="P26_ST00183" HPOS="374" VPOS="1392" WIDTH="195" HEIGHT="51" CONTENT="grandes" WC="1.00" CC="0000000"/>
						<SP ID="P26_SP00166" HPOS="569" VPOS="1443" WIDTH="23"/>
						<String ID="P26_ST00184" HPOS="592" VPOS="1391" WIDTH="127" HEIGHT="39" CONTENT="villes" WC="0.99" CC="006400"/>
						<SP ID="P26_SP00167" HPOS="719" VPOS="1443" WIDTH="20"/>
						<String ID="P26_ST00185" HPOS="739" VPOS="1389" WIDTH="311" HEIGHT="50" CONTENT="d'Allemagne" WC="1.00" CC="00001000002"/>
						<SP ID="P26_SP00168" HPOS="1050" VPOS="1443" WIDTH="22"/>
						<String ID="P26_ST00186" HPOS="1072" VPOS="1388" WIDTH="47" HEIGHT="49" CONTENT="(il" WC="0.98" CC="300"/>
						<SP ID="P26_SP00169" HPOS="1119" VPOS="1443" WIDTH="23"/>
						<String ID="P26_ST00187" HPOS="1142" VPOS="1402" WIDTH="22" HEIGHT="25" CONTENT="a" WC="1.00" CC="0"/>
						<SP ID="P26_SP00170" HPOS="1164" VPOS="1443" WIDTH="20"/>
						<String ID="P26_ST00188" HPOS="1184" VPOS="1401" WIDTH="54" HEIGHT="26" CONTENT="eu" WC="0.84" CC="03"/>
						<SP ID="P26_SP00171" HPOS="1238" VPOS="1443" WIDTH="21"/>
						<String ID="P26_ST00189" HPOS="1259" VPOS="1399" WIDTH="86" HEIGHT="28" CONTENT="une" WC="0.98" CC="050"/>
						<SP ID="P26_SP00172" HPOS="1345" VPOS="1443" WIDTH="24"/>
						<String ID="P26_ST00190" HPOS="1369" VPOS="1387" WIDTH="225" HEIGHT="50" CONTENT="réception" WC="1.00" CC="000000200"/>
						<SP ID="P26_SP00173" HPOS="1594" VPOS="1443" WIDTH="17"/>
						<String ID="P26_ST00191" HPOS="1611" VPOS="1384" WIDTH="270" HEIGHT="52" CONTENT="triomphale" WC="1.00" CC="0030000000"/>
						<SP ID="P26_SP00174" HPOS="1881" VPOS="1443" WIDTH="22"/>
						<String ID="P26_ST00192" HPOS="1903" VPOS="1387" WIDTH="21" HEIGHT="36" CONTENT="à" WC="0.66" CC="3"/>
						<SP ID="P26_SP00175" HPOS="1924" VPOS="1443" WIDTH="23"/>
						<String ID="P26_ST00193" HPOS="1947" VPOS="1382" WIDTH="188" HEIGHT="41" CONTENT="Breslau" WC="0.86" CC="0000404"/>
						<SP ID="P26_SP00176" HPOS="2135" VPOS="1443" WIDTH="15"/>
						<String ID="P26_ST00194" HPOS="2150" VPOS="1395" WIDTH="10" HEIGHT="35" CONTENT=";" WC="0.43" CC="5"/>
					</TextLine>
					<TextLine ID="P26_TL00019" HPOS="163" VPOS="1450" WIDTH="1993" HEIGHT="61">
						<String ID="P26_ST00195" HPOS="163" VPOS="1461" WIDTH="107" HEIGHT="39" CONTENT="trois" WC="0.98" CC="50007"/>
						<SP ID="P26_SP00177" HPOS="270" VPOS="1500" WIDTH="22"/>
						<String ID="P26_ST00196" HPOS="292" VPOS="1461" WIDTH="229" HEIGHT="50" CONTENT="musiques" WC="0.99" CC="06020400"/>
						<SP ID="P26_SP00178" HPOS="521" VPOS="1511" WIDTH="22"/>
						<String ID="P26_ST00197" HPOS="543" VPOS="1459" WIDTH="229" HEIGHT="40" CONTENT="militaires" WC="0.99" CC="0403203008"/>
						<SP ID="P26_SP00179" HPOS="772" VPOS="1511" WIDTH="23"/>
						<String ID="P26_ST00198" HPOS="795" VPOS="1458" WIDTH="106" HEIGHT="40" CONTENT="l'ont" WC="0.99" CC="30060"/>
						<SP ID="P26_SP00180" HPOS="901" VPOS="1511" WIDTH="23"/>
						<String ID="P26_ST00199" HPOS="924" VPOS="1460" WIDTH="301" HEIGHT="49" CONTENT="accompagné" WC="1.00" CC="0000000007"/>
						<SP ID="P26_SP00181" HPOS="1225" VPOS="1511" WIDTH="25"/>
						<String ID="P26_ST00200" HPOS="1250" VPOS="1459" WIDTH="22" HEIGHT="36" CONTENT="à" WC="0.63" CC="3"/>
						<SP ID="P26_SP00182" HPOS="1272" VPOS="1511" WIDTH="22"/>
						<String ID="P26_ST00201" HPOS="1294" VPOS="1468" WIDTH="81" HEIGHT="27" CONTENT="son" WC="0.99" CC="030"/>
						<SP ID="P26_SP00183" HPOS="1375" VPOS="1511" WIDTH="21"/>
						<String ID="P26_ST00202" HPOS="1396" VPOS="1454" WIDTH="120" HEIGHT="41" CONTENT="hôtel" WC="0.99" CC="00042"/>
						<SP ID="P26_SP00184" HPOS="1516" VPOS="1511" WIDTH="13"/>
						<String ID="P26_ST00203" HPOS="1529" VPOS="1463" WIDTH="25" HEIGHT="38" CONTENT="q" WC="0.23" CC="7"/>
						<SP ID="P26_SP00185" HPOS="1554" VPOS="1511" WIDTH="20"/>
						<String ID="P26_ST00204" HPOS="1574" VPOS="1467" WIDTH="22" HEIGHT="27" CONTENT="a" WC="1.00" CC="0"/>
						<SP ID="P26_SP00186" HPOS="1596" VPOS="1511" WIDTH="25"/>
						<String ID="P26_ST00205" HPOS="1621" VPOS="1457" WIDTH="67" HEIGHT="37" CONTENT="été" WC="0.98" CC="050"/>
						<SP ID="P26_SP00187" HPOS="1688" VPOS="1511" WIDTH="24"/>
						<String ID="P26_ST00206" HPOS="1712" VPOS="1453" WIDTH="190" HEIGHT="52" CONTENT="adjugée" WC="1.00" CC="0006000"/>
						<SP ID="P26_SP00188" HPOS="1902" VPOS="1511" WIDTH="21"/>
						<String ID="P26_ST00207" HPOS="1923" VPOS="1465" WIDTH="48" HEIGHT="37" CONTENT="32" WC="1.00" CC="00" STYLEREFS="TXT_4"/>
						<SP ID="P26_SP00189" HPOS="1971" VPOS="1511" WIDTH="22"/>
						<String ID="P26_ST00208" HPOS="1993" VPOS="1450" WIDTH="163" HEIGHT="41" CONTENT="francs." WC="0.99" CC="0007003"/>
					</TextLine>
				</TextBlock>
				<TextBlock ID="P26_TB00004" HPOS="163" VPOS="1638" WIDTH="2000" HEIGHT="464" STYLEREFS="TXT_2 PAR_RIGHT">
					<TextLine ID="P26_TL00020" HPOS="219" VPOS="1640" WIDTH="1633" HEIGHT="53">
						<String ID="P26_ST00209" HPOS="219" VPOS="1641" WIDTH="71" HEIGHT="42" CONTENT="On" WC="0.80" CC="03"/>
						<SP ID="P26_SP00190" HPOS="290" VPOS="1683" WIDTH="23"/>
						<String ID="P26_ST00210" HPOS="313" VPOS="1657" WIDTH="21" HEIGHT="26" CONTENT="a" WC="1.00" CC="0"/>
						<SP ID="P26_SP00191" HPOS="334" VPOS="1683" WIDTH="24"/>
						<String ID="P26_ST00211" HPOS="358" VPOS="1643" WIDTH="146" HEIGHT="40" CONTENT="vendu" WC="1.00" CC="00100"/>
						<SP ID="P26_SP00192" HPOS="504" VPOS="1683" WIDTH="30"/>
						<String ID="P26_ST00212" HPOS="534" VPOS="1642" WIDTH="251" HEIGHT="51" CONTENT="également" WC="1.00" CC="500000060"/>
						<SP ID="P26_SP00193" HPOS="785" VPOS="1693" WIDTH="20"/>
						<String ID="P26_ST00213" HPOS="805" VPOS="1641" WIDTH="217" HEIGHT="52" CONTENT="quelques" WC="1.00" CC="02000500"/>
						<SP ID="P26_SP00194" HPOS="1022" VPOS="1693" WIDTH="22"/>
						<String ID="P26_ST00214" HPOS="1044" VPOS="1642" WIDTH="294" HEIGHT="39" CONTENT="instruments" WC="0.99" CC="06060001650"/>
						<SP ID="P26_SP00195" HPOS="1338" VPOS="1693" WIDTH="17"/>
						<String ID="P26_ST00215" HPOS="1355" VPOS="1640" WIDTH="54" HEIGHT="40" CONTENT="de" WC="1.00" CC="00"/>
						<SP ID="P26_SP00196" HPOS="1409" VPOS="1693" WIDTH="22"/>
						<String ID="P26_ST00216" HPOS="1431" VPOS="1641" WIDTH="207" HEIGHT="51" CONTENT="musique" WC="0.99" CC="0603040"/>
						<SP ID="P26_SP00197" HPOS="1638" VPOS="1693" WIDTH="18"/>
						<String ID="P26_ST00217" HPOS="1656" VPOS="1641" WIDTH="196" HEIGHT="38" CONTENT="anciens." WC="0.99" CC="06000224"/>
					</TextLine>
					<TextLine ID="P26_TL00021" HPOS="224" VPOS="1706" WIDTH="1937" HEIGHT="57">
						<String ID="P26_ST00218" HPOS="224" VPOS="1709" WIDTH="69" HEIGHT="43" CONTENT="Un" WC="1.00" CC="00"/>
						<SP ID="P26_SP00198" HPOS="293" VPOS="1752" WIDTH="29"/>
						<String ID="P26_ST00219" HPOS="322" VPOS="1711" WIDTH="151" HEIGHT="40" CONTENT="violon" WC="0.99" CC="030400"/>
						<SP ID="P26_SP00199" HPOS="473" VPOS="1752" WIDTH="37"/>
						<String ID="P26_ST00220" HPOS="510" VPOS="1711" WIDTH="187" HEIGHT="52" CONTENT="tyrolien" WC="0.99" CC="16005600"/>
						<SP ID="P26_SP00200" HPOS="697" VPOS="1763" WIDTH="36"/>
						<String ID="P26_ST00221" HPOS="733" VPOS="1711" WIDTH="154" HEIGHT="39" CONTENT="ancien" WC="1.00" CC="000030"/>
						<SP ID="P26_SP00201" HPOS="887" VPOS="1763" WIDTH="34"/>
						<String ID="P26_ST00222" HPOS="921" VPOS="1718" WIDTH="65" HEIGHT="31" CONTENT="est" WC="0.98" CC="004"/>
						<SP ID="P26_SP00202" HPOS="986" VPOS="1763" WIDTH="24"/>
						<String ID="P26_ST00223" HPOS="1010" VPOS="1709" WIDTH="84" HEIGHT="40" CONTENT="allé" WC="0.98" CC="0036"/>
						<SP ID="P26_SP00203" HPOS="1094" VPOS="1763" WIDTH="33"/>
						<String ID="P26_ST00224" HPOS="1127" VPOS="1713" WIDTH="21" HEIGHT="36" CONTENT="à" WC="0.78" CC="2"/>
						<SP ID="P26_SP00204" HPOS="1148" VPOS="1763" WIDTH="38"/>
						<String ID="P26_ST00225" HPOS="1186" VPOS="1722" WIDTH="81" HEIGHT="37" CONTENT="300" WC="0.73" CC="800" STYLEREFS="TXT_4"/>
						<SP ID="P26_SP00205" HPOS="1267" VPOS="1763" WIDTH="24"/>
						<String ID="P26_ST00226" HPOS="1291" VPOS="1707" WIDTH="146" HEIGHT="42" CONTENT="francs" WC="1.00" CC="000002"/>
						<SP ID="P26_SP00206" HPOS="1437" VPOS="1763" WIDTH="26"/>
						<String ID="P26_ST00227" HPOS="1463" VPOS="1721" WIDTH="9" HEIGHT="35" CONTENT=";" WC="0.99" CC="0"/>
						<SP ID="P26_SP00207" HPOS="1472" VPOS="1763" WIDTH="26"/>
						<String ID="P26_ST00228" HPOS="1498" VPOS="1723" WIDTH="59" HEIGHT="25" CONTENT="un" WC="0.67" CC="60"/>
						<SP ID="P26_SP00208" HPOS="1557" VPOS="1763" WIDTH="25"/>
						<String ID="P26_ST00229" HPOS="1582" VPOS="1707" WIDTH="152" HEIGHT="41" CONTENT="violon" WC="1.00" CC="000500"/>
						<SP ID="P26_SP00209" HPOS="1734" VPOS="1763" WIDTH="28"/>
						<String ID="P26_ST00230" HPOS="1762" VPOS="1709" WIDTH="155" HEIGHT="39" CONTENT="ancien" WC="1.00" CC="020000"/>
						<SP ID="P26_SP00210" HPOS="1917" VPOS="1763" WIDTH="36"/>
						<String ID="P26_ST00231" HPOS="1953" VPOS="1706" WIDTH="208" HEIGHT="51" CONTENT="français," WC="1.00" CC="000001204"/>
					</TextLine>
					<TextLine ID="P26_TL00022" HPOS="164" VPOS="1775" WIDTH="1999" HEIGHT="56">
						<String ID="P26_ST00232" HPOS="164" VPOS="1792" WIDTH="85" HEIGHT="39" CONTENT="que" WC="0.98" CC="060"/>
						<SP ID="P26_SP00211" HPOS="249" VPOS="1831" WIDTH="20"/>
						<String ID="P26_ST00233" HPOS="269" VPOS="1777" WIDTH="84" HEIGHT="42" CONTENT="l'on" WC="0.97" CC="6404"/>
						<SP ID="P26_SP00212" HPOS="353" VPOS="1831" WIDTH="38"/>
						<String ID="P26_ST00234" HPOS="391" VPOS="1778" WIDTH="227" HEIGHT="41" CONTENT="attribuait" WC="1.00" CC="0030500042"/>
						<SP ID="P26_SP00213" HPOS="618" VPOS="1831" WIDTH="23"/>
						<String ID="P26_ST00235" HPOS="641" VPOS="1783" WIDTH="20" HEIGHT="35" CONTENT="à" WC="0.68" CC="3"/>
						<SP ID="P26_SP00214" HPOS="661" VPOS="1831" WIDTH="26"/>
						<String ID="P26_ST00236" HPOS="687" VPOS="1777" WIDTH="147" HEIGHT="53" CONTENT="Lupot" WC="0.86" CC="30003"/>
						<SP ID="P26_SP00215" HPOS="834" VPOS="1831" WIDTH="29"/>
						<String ID="P26_ST00237" HPOS="863" VPOS="1787" WIDTH="40" HEIGHT="31" CONTENT="et" WC="0.80" CC="04"/>
						<SP ID="P26_SP00216" HPOS="903" VPOS="1831" WIDTH="35"/>
						<String ID="P26_ST00238" HPOS="938" VPOS="1791" WIDTH="75" HEIGHT="27" CONTENT="sur" WC="1.00" CC="000"/>
						<SP ID="P26_SP00217" HPOS="1013" VPOS="1831" WIDTH="37"/>
						<String ID="P26_ST00239" HPOS="1050" VPOS="1777" WIDTH="145" HEIGHT="52" CONTENT="lequel" WC="1.00" CC="000000"/>
						<SP ID="P26_SP00218" HPOS="1195" VPOS="1831" WIDTH="25"/>
						<String ID="P26_ST00240" HPOS="1220" VPOS="1790" WIDTH="57" HEIGHT="27" CONTENT="on" WC="0.63" CC="06"/>
						<SP ID="P26_SP00219" HPOS="1277" VPOS="1831" WIDTH="24"/>
						<String ID="P26_ST00241" HPOS="1301" VPOS="1791" WIDTH="21" HEIGHT="26" CONTENT="a" WC="1.00" CC="0"/>
						<SP ID="P26_SP00220" HPOS="1322" VPOS="1831" WIDTH="25"/>
						<String ID="P26_ST00242" HPOS="1347" VPOS="1791" WIDTH="53" HEIGHT="26" CONTENT="eu" WC="0.78" CC="04"/>
						<SP ID="P26_SP00221" HPOS="1400" VPOS="1831" WIDTH="36"/>
						<String ID="P26_ST00243" HPOS="1436" VPOS="1784" WIDTH="339" HEIGHT="45" CONTENT="apparemment" WC="1.00" CC="00000000425"/>
						<SP ID="P26_SP00222" HPOS="1775" VPOS="1831" WIDTH="23"/>
						<String ID="P26_ST00244" HPOS="1798" VPOS="1776" WIDTH="77" HEIGHT="39" CONTENT="des" WC="1.00" CC="000"/>
						<SP ID="P26_SP00223" HPOS="1875" VPOS="1831" WIDTH="23"/>
						<String ID="P26_ST00245" HPOS="1898" VPOS="1775" WIDTH="174" HEIGHT="47" CONTENT="doutes," WC="0.99" CC="0065013"/>
						<SP ID="P26_SP00224" HPOS="2072" VPOS="1831" WIDTH="26"/>
						<String ID="P26_ST00246" HPOS="2098" VPOS="1783" WIDTH="65" HEIGHT="32" CONTENT="est" WC="1.00" CC="000"/>
					</TextLine>
					<TextLine ID="P26_TL00023" HPOS="164" VPOS="1843" WIDTH="1999" HEIGHT="54">
						<String ID="P26_ST00247" HPOS="164" VPOS="1851" WIDTH="116" HEIGHT="36" CONTENT="resté" WC="0.99" CC="10006"/>
						<SP ID="P26_SP00225" HPOS="280" VPOS="1887" WIDTH="18"/>
						<String ID="P26_ST00248" HPOS="298" VPOS="1851" WIDTH="21" HEIGHT="35" CONTENT="à" WC="0.70" CC="2"/>
						<SP ID="P26_SP00226" HPOS="319" VPOS="1887" WIDTH="30"/>
						<String ID="P26_ST00249" HPOS="349" VPOS="1860" WIDTH="73" HEIGHT="28" CONTENT="100" WC="0.95" CC="010" STYLEREFS="TXT_4"/>
						<SP ID="P26_SP00227" HPOS="422" VPOS="1888" WIDTH="20"/>
						<String ID="P26_ST00250" HPOS="442" VPOS="1846" WIDTH="145" HEIGHT="40" CONTENT="francs" WC="0.99" CC="000600"/>
						<SP ID="P26_SP00228" HPOS="587" VPOS="1888" WIDTH="25"/>
						<String ID="P26_ST00251" HPOS="612" VPOS="1861" WIDTH="9" HEIGHT="34" CONTENT=";" WC="0.45" CC="5"/>
						<SP ID="P26_SP00229" HPOS="621" VPOS="1895" WIDTH="27"/>
						<String ID="P26_ST00252" HPOS="648" VPOS="1862" WIDTH="58" HEIGHT="24" CONTENT="un" WC="0.66" CC="60"/>
						<SP ID="P26_SP00230" HPOS="706" VPOS="1895" WIDTH="21"/>
						<String ID="P26_ST00253" HPOS="727" VPOS="1855" WIDTH="123" HEIGHT="32" CONTENT="autre" WC="1.00" CC="02000"/>
						<SP ID="P26_SP00231" HPOS="850" VPOS="1895" WIDTH="29"/>
						<String ID="P26_ST00254" HPOS="879" VPOS="1846" WIDTH="53" HEIGHT="40" CONTENT="de" WC="1.00" CC="00"/>
						<SP ID="P26_SP00232" HPOS="932" VPOS="1895" WIDTH="30"/>
						<String ID="P26_ST00255" HPOS="962" VPOS="1845" WIDTH="318" HEIGHT="51" CONTENT="Grandgerard" WC="0.95" CC="00050000000"/>
						<SP ID="P26_SP00233" HPOS="1280" VPOS="1896" WIDTH="24"/>
						<String ID="P26_ST00256" HPOS="1304" VPOS="1846" WIDTH="69" HEIGHT="39" CONTENT="n'a" WC="0.99" CC="200"/>
						<SP ID="P26_SP00234" HPOS="1373" VPOS="1896" WIDTH="24"/>
						<String ID="P26_ST00257" HPOS="1397" VPOS="1860" WIDTH="59" HEIGHT="37" CONTENT="pu" WC="0.76" CC="04"/>
						<SP ID="P26_SP00235" HPOS="1456" VPOS="1897" WIDTH="23"/>
						<String ID="P26_ST00258" HPOS="1479" VPOS="1845" WIDTH="215" HEIGHT="52" CONTENT="dépasser" WC="1.00" CC="00000000"/>
						<SP ID="P26_SP00236" HPOS="1694" VPOS="1897" WIDTH="19"/>
						<String ID="P26_ST00259" HPOS="1713" VPOS="1857" WIDTH="55" HEIGHT="37" CONTENT="40" WC="0.93" CC="10" STYLEREFS="TXT_4"/>
						<SP ID="P26_SP00237" HPOS="1768" VPOS="1897" WIDTH="26"/>
						<String ID="P26_ST00260" HPOS="1794" VPOS="1843" WIDTH="144" HEIGHT="42" CONTENT="francs" WC="0.99" CC="000600"/>
						<SP ID="P26_SP00238" HPOS="1938" VPOS="1897" WIDTH="20"/>
						<String ID="P26_ST00261" HPOS="1958" VPOS="1858" WIDTH="8" HEIGHT="34" CONTENT=";" WC="0.13" CC="8"/>
						<SP ID="P26_SP00239" HPOS="1966" VPOS="1897" WIDTH="27"/>
						<String ID="P26_ST00262" HPOS="1993" VPOS="1858" WIDTH="60" HEIGHT="25" CONTENT="un" WC="0.94" CC="10"/>
						<SP ID="P26_SP00240" HPOS="2053" VPOS="1897" WIDTH="22"/>
						<String ID="P26_ST00263" HPOS="2075" VPOS="1843" WIDTH="88" HEIGHT="40" CONTENT="alto" WC="0.98" CC="0640"/>
					</TextLine>
					<TextLine ID="P26_TL00024" HPOS="164" VPOS="1912" WIDTH="1998" HEIGHT="53">
						<String ID="P26_ST00264" HPOS="164" VPOS="1917" WIDTH="171" HEIGHT="48" CONTENT="ancien," WC="1.00" CC="3000004"/>
						<SP ID="P26_SP00241" HPOS="335" VPOS="1965" WIDTH="36"/>
						<String ID="P26_ST00265" HPOS="371" VPOS="1919" WIDTH="50" HEIGHT="37" CONTENT="26" WC="0.88" CC="10" STYLEREFS="TXT_4"/>
						<SP ID="P26_SP00242" HPOS="421" VPOS="1965" WIDTH="32"/>
						<String ID="P26_ST00266" HPOS="453" VPOS="1915" WIDTH="175" HEIGHT="41" CONTENT="francs:" WC="1.00" CC="0050002"/>
						<SP ID="P26_SP00243" HPOS="628" VPOS="1965" WIDTH="45"/>
						<String ID="P26_ST00267" HPOS="673" VPOS="1930" WIDTH="60" HEIGHT="25" CONTENT="un" WC="0.68" CC="60"/>
						<SP ID="P26_SP00244" HPOS="733" VPOS="1965" WIDTH="34"/>
						<String ID="P26_ST00268" HPOS="767" VPOS="1914" WIDTH="266" HEIGHT="41" CONTENT="violoncelle" WC="1.00" CC="00040000452"/>
						<SP ID="P26_SP00245" HPOS="1033" VPOS="1965" WIDTH="23"/>
						<String ID="P26_ST00269" HPOS="1056" VPOS="1913" WIDTH="228" HEIGHT="48" CONTENT="Charotte," WC="0.85" CC="000003044"/>
						<SP ID="P26_SP00246" HPOS="1284" VPOS="1965" WIDTH="33"/>
						<String ID="P26_ST00270" HPOS="1317" VPOS="1927" WIDTH="74" HEIGHT="37" CONTENT="130" WC="1.00" CC="000" STYLEREFS="TXT_4"/>
						<SP ID="P26_SP00247" HPOS="1391" VPOS="1965" WIDTH="25"/>
						<String ID="P26_ST00271" HPOS="1416" VPOS="1912" WIDTH="176" HEIGHT="49" CONTENT="francs;" WC="1.00" CC="0000000"/>
						<SP ID="P26_SP00248" HPOS="1592" VPOS="1965" WIDTH="39"/>
						<String ID="P26_ST00272" HPOS="1631" VPOS="1928" WIDTH="60" HEIGHT="26" CONTENT="un" WC="0.69" CC="60"/>
						<SP ID="P26_SP00249" HPOS="1691" VPOS="1965" WIDTH="21"/>
						<String ID="P26_ST00273" HPOS="1712" VPOS="1913" WIDTH="148" HEIGHT="41" CONTENT="archet" WC="1.00" CC="000005"/>
						<SP ID="P26_SP00250" HPOS="1860" VPOS="1965" WIDTH="33"/>
						<String ID="P26_ST00274" HPOS="1893" VPOS="1912" WIDTH="164" HEIGHT="49" CONTENT="Toure," WC="0.86" CC="003004"/>
						<SP ID="P26_SP00251" HPOS="2057" VPOS="1965" WIDTH="31"/>
						<String ID="P26_ST00275" HPOS="2088" VPOS="1925" WIDTH="74" HEIGHT="28" CONTENT="110" WC="0.80" CC="302" STYLEREFS="TXT_4"/>
					</TextLine>
					<TextLine ID="P26_TL00025" HPOS="164" VPOS="1982" WIDTH="1074" HEIGHT="50">
						<String ID="P26_ST00276" HPOS="164" VPOS="1982" WIDTH="145" HEIGHT="42" CONTENT="francs" WC="1.00" CC="000005"/>
						<SP ID="P26_SP00252" HPOS="309" VPOS="2024" WIDTH="27"/>
						<String ID="P26_ST00277" HPOS="336" VPOS="1994" WIDTH="8" HEIGHT="38" CONTENT=";" WC="1.00" CC="0"/>
						<SP ID="P26_SP00253" HPOS="344" VPOS="2032" WIDTH="38"/>
						<String ID="P26_ST00278" HPOS="382" VPOS="1998" WIDTH="58" HEIGHT="26" CONTENT="un" WC="0.81" CC="30"/>
						<SP ID="P26_SP00254" HPOS="440" VPOS="2032" WIDTH="25"/>
						<String ID="P26_ST00279" HPOS="465" VPOS="1984" WIDTH="147" HEIGHT="40" CONTENT="archet" WC="1.00" CC="000005"/>
						<SP ID="P26_SP00255" HPOS="612" VPOS="2032" WIDTH="25"/>
						<String ID="P26_ST00280" HPOS="637" VPOS="1982" WIDTH="309" HEIGHT="47" CONTENT="Vieux-Paris," WC="1.00" CC="010004030000"/>
						<SP ID="P26_SP00256" HPOS="946" VPOS="2032" WIDTH="33"/>
						<String ID="P26_ST00281" HPOS="979" VPOS="1997" WIDTH="67" HEIGHT="25" CONTENT="111" WC="0.91" CC="002"/>
						<SP ID="P26_SP00257" HPOS="1046" VPOS="2032" WIDTH="29"/>
						<String ID="P26_ST00282" HPOS="1075" VPOS="1982" WIDTH="163" HEIGHT="40" CONTENT="francs." WC="1.00" CC="0000004"/>
					</TextLine>
					<TextLine ID="P26_TL00026" HPOS="217" VPOS="2049" WIDTH="1805" HEIGHT="53">
						<String ID="P26_ST00283" HPOS="217" VPOS="2049" WIDTH="117" HEIGHT="43" CONTENT="C'est" WC="0.98" CC="63005"/>
						<SP ID="P26_SP00258" HPOS="334" VPOS="2092" WIDTH="22"/>
						<String ID="P26_ST00284" HPOS="356" VPOS="2050" WIDTH="45" HEIGHT="41" CONTENT="xM" WC="0.07" CC="98"/>
						<String ID="P26_ST00285" HPOS="404" VPOS="2056" WIDTH="15" HEIGHT="18" CONTENT="e" STYLE="superscript" WC="0.72" CC="2"/>
						<SP ID="P26_SP00259" HPOS="419" VPOS="2092" WIDTH="17"/>
						<String ID="P26_ST00286" HPOS="436" VPOS="2050" WIDTH="196" HEIGHT="51" CONTENT="Guidon," WC="0.99" CC="0240004"/>
						<SP ID="P26_SP00260" HPOS="632" VPOS="2101" WIDTH="19"/>
						<String ID="P26_ST00287" HPOS="651" VPOS="2053" WIDTH="305" HEIGHT="39" CONTENT="commissaire" WC="1.00" CC="02003010400"/>
						<SP ID="P26_SP00261" HPOS="956" VPOS="2101" WIDTH="22"/>
						<String ID="P26_ST00288" HPOS="978" VPOS="2052" WIDTH="188" HEIGHT="50" CONTENT="priseur," WC="0.94" CC="00000004"/>
						<SP ID="P26_SP00262" HPOS="1166" VPOS="2102" WIDTH="24"/>
						<String ID="P26_ST00289" HPOS="1190" VPOS="2053" WIDTH="75" HEIGHT="49" CONTENT="qui" WC="0.97" CC="023"/>
						<SP ID="P26_SP00263" HPOS="1265" VPOS="2102" WIDTH="22"/>
						<String ID="P26_ST00290" HPOS="1287" VPOS="2065" WIDTH="21" HEIGHT="26" CONTENT="a" WC="1.00" CC="0"/>
						<SP ID="P26_SP00264" HPOS="1308" VPOS="2102" WIDTH="24"/>
						<String ID="P26_ST00291" HPOS="1332" VPOS="2055" WIDTH="225" HEIGHT="47" CONTENT="prononcé" WC="1.00" CC="01032300"/>
						<SP ID="P26_SP00265" HPOS="1557" VPOS="2102" WIDTH="23"/>
						<String ID="P26_ST00292" HPOS="1580" VPOS="2064" WIDTH="70" HEIGHT="26" CONTENT="ces" WC="1.00" CC="000"/>
						<SP ID="P26_SP00266" HPOS="1650" VPOS="2102" WIDTH="25"/>
						<String ID="P26_ST00293" HPOS="1675" VPOS="2050" WIDTH="347" HEIGHT="52" CONTENT="adjudications." WC="1.00" CC="00120300031004"/>
					</TextLine>
				</TextBlock>
				<TextBlock ID="P26_TB00005" HPOS="1854" VPOS="2115" WIDTH="133" HEIGHT="42" STYLEREFS="TXT_5 PAR_RIGHT">
					<TextLine ID="P26_TL00027" HPOS="1855" VPOS="2116" WIDTH="132" HEIGHT="41">
						<String ID="P26_ST00294" HPOS="1855" VPOS="2116" WIDTH="34" HEIGHT="40" CONTENT="H." WC="0.98" CC="60"/>
						<SP ID="P26_SP00267" HPOS="1889" VPOS="2156" WIDTH="46"/>
						<String ID="P26_ST00295" HPOS="1935" VPOS="2116" WIDTH="52" HEIGHT="41" CONTENT="R." WC="0.62" CC="33"/>
					</TextLine>
				</TextBlock>
				<TextBlock ID="P26_TB00006" HPOS="161" VPOS="2340" WIDTH="2006" HEIGHT="347" STYLEREFS="TXT_2 PAR_BLOCK">
					<Shape>
						<Polygon POINTS="161,2413 515,2413 515,2340 2167,2340 2167,2687 161,2687"/>
					</Shape>
					<TextLine ID="P26_TL00028" HPOS="511" VPOS="2359" WIDTH="1655" HEIGHT="52">
						<String ID="P26_ST00296" HPOS="511" VPOS="2382" WIDTH="52" HEIGHT="5" CONTENT="—" WC="0.20" CC="8"/>
						<SP ID="P26_SP00268" HPOS="563" VPOS="2387" WIDTH="33"/>
						<String ID="P26_ST00297" HPOS="596" VPOS="2359" WIDTH="31" HEIGHT="40" CONTENT="Il" WC="0.79" CC="04"/>
						<SP ID="P26_SP00269" HPOS="627" VPOS="2399" WIDTH="26"/>
						<String ID="P26_ST00298" HPOS="653" VPOS="2359" WIDTH="90" HEIGHT="41" CONTENT="faut" WC="0.97" CC="4046"/>
						<SP ID="P26_SP00270" HPOS="743" VPOS="2400" WIDTH="24"/>
						<String ID="P26_ST00299" HPOS="767" VPOS="2360" WIDTH="124" HEIGHT="39" CONTENT="louer" WC="0.99" CC="60400"/>
						<SP ID="P26_SP00271" HPOS="891" VPOS="2400" WIDTH="33"/>
						<String ID="P26_ST00300" HPOS="924" VPOS="2369" WIDTH="41" HEIGHT="31" CONTENT="et" WC="0.82" CC="03"/>
						<SP ID="P26_SP00272" HPOS="965" VPOS="2400" WIDTH="23"/>
						<String ID="P26_ST00301" HPOS="988" VPOS="2361" WIDTH="234" HEIGHT="39" CONTENT="remercier" WC="0.99" CC="606064001"/>
						<SP ID="P26_SP00273" HPOS="1222" VPOS="2400" WIDTH="22"/>
						<String ID="P26_ST00302" HPOS="1244" VPOS="2373" WIDTH="104" HEIGHT="27" CONTENT="ceux" WC="1.00" CC="0000"/>
						<SP ID="P26_SP00274" HPOS="1348" VPOS="2400" WIDTH="26"/>
						<String ID="P26_ST00303" HPOS="1374" VPOS="2361" WIDTH="73" HEIGHT="50" CONTENT="qui" WC="1.00" CC="000"/>
						<SP ID="P26_SP00275" HPOS="1447" VPOS="2411" WIDTH="26"/>
						<String ID="P26_ST00304" HPOS="1473" VPOS="2359" WIDTH="95" HEIGHT="41" CONTENT="font" WC="0.97" CC="2045"/>
						<SP ID="P26_SP00276" HPOS="1568" VPOS="2411" WIDTH="32"/>
						<String ID="P26_ST00305" HPOS="1600" VPOS="2360" WIDTH="54" HEIGHT="39" CONTENT="de" WC="0.61" CC="52"/>
						<SP ID="P26_SP00277" HPOS="1654" VPOS="2411" WIDTH="31"/>
						<String ID="P26_ST00306" HPOS="1685" VPOS="2359" WIDTH="40" HEIGHT="40" CONTENT="la" WC="0.70" CC="13"/>
						<SP ID="P26_SP00278" HPOS="1725" VPOS="2411" WIDTH="34"/>
						<String ID="P26_ST00307" HPOS="1759" VPOS="2362" WIDTH="206" HEIGHT="49" CONTENT="musique" WC="0.99" CC="9000000"/>
						<SP ID="P26_SP00279" HPOS="1965" VPOS="2411" WIDTH="23"/>
						<String ID="P26_ST00308" HPOS="1988" VPOS="2359" WIDTH="103" HEIGHT="52" CONTENT="jolie" WC="0.99" CC="00430"/>
						<SP ID="P26_SP00280" HPOS="2091" VPOS="2411" WIDTH="34"/>
						<String ID="P26_ST00309" HPOS="2125" VPOS="2367" WIDTH="41" HEIGHT="32" CONTENT="et" WC="0.95" CC="00"/>
					</TextLine>
					<TextLine ID="P26_TL00029" HPOS="162" VPOS="2427" WIDTH="2003" HEIGHT="52">
						<String ID="P26_ST00310" HPOS="162" VPOS="2427" WIDTH="127" HEIGHT="40" CONTENT="facile" WC="1.00" CC="012000"/>
						<SP ID="P26_SP00281" HPOS="289" VPOS="2467" WIDTH="22"/>
						<String ID="P26_ST00311" HPOS="311" VPOS="2440" WIDTH="111" HEIGHT="39" CONTENT="pour" WC="1.00" CC="0000"/>
						<SP ID="P26_SP00282" HPOS="422" VPOS="2479" WIDTH="23"/>
						<String ID="P26_ST00312" HPOS="445" VPOS="2428" WIDTH="61" HEIGHT="39" CONTENT="les" WC="0.96" CC="604"/>
						<SP ID="P26_SP00283" HPOS="506" VPOS="2479" WIDTH="24"/>
						<String ID="P26_ST00313" HPOS="530" VPOS="2427" WIDTH="190" HEIGHT="41" CONTENT="enfants." WC="0.99" CC="08003001"/>
						<SP ID="P26_SP00284" HPOS="720" VPOS="2479" WIDTH="28"/>
						<String ID="P26_ST00314" HPOS="748" VPOS="2427" WIDTH="116" HEIGHT="41" CONTENT="Avec" WC="0.99" CC="0006"/>
						<SP ID="P26_SP00285" HPOS="864" VPOS="2479" WIDTH="18"/>
						<String ID="P26_ST00315" HPOS="882" VPOS="2441" WIDTH="69" HEIGHT="27" CONTENT="ses" WC="1.00" CC="000"/>
						<SP ID="P26_SP00286" HPOS="951" VPOS="2479" WIDTH="23"/>
						<String ID="P26_ST00316" HPOS="974" VPOS="2428" WIDTH="295" HEIGHT="40" CONTENT="illustrations" WC="1.00" CC="0406050051001"/>
						<SP ID="P26_SP00287" HPOS="1269" VPOS="2479" WIDTH="25"/>
						<String ID="P26_ST00317" HPOS="1294" VPOS="2437" WIDTH="275" HEIGHT="40" CONTENT="amusantes," WC="1.00" CC="0030005004"/>
						<SP ID="P26_SP00288" HPOS="1569" VPOS="2479" WIDTH="28"/>
						<String ID="P26_ST00318" HPOS="1597" VPOS="2441" WIDTH="68" HEIGHT="27" CONTENT="ses" WC="1.00" CC="000"/>
						<SP ID="P26_SP00289" HPOS="1665" VPOS="2479" WIDTH="24"/>
						<String ID="P26_ST00319" HPOS="1689" VPOS="2428" WIDTH="177" HEIGHT="51" CONTENT="paroles" WC="0.99" CC="4000500"/>
						<SP ID="P26_SP00290" HPOS="1866" VPOS="2479" WIDTH="18"/>
						<String ID="P26_ST00320" HPOS="1884" VPOS="2427" WIDTH="253" HEIGHT="52" CONTENT="bienappro" SUBS_TYPE="HypPart1" SUBS_CONTENT="bienappropriées" WC="0.88" CC="020003001"/>
						<HYP HPOS="2137" VPOS="2427" WIDTH="28" CONTENT="-"/>
					</TextLine>
					<TextLine ID="P26_TL00030" HPOS="162" VPOS="2494" WIDTH="2004" HEIGHT="53">
						<String ID="P26_ST00321" HPOS="162" VPOS="2498" WIDTH="143" HEIGHT="49" CONTENT="priées" SUBS_TYPE="HypPart2" SUBS_CONTENT="bienappropriées" WC="0.73" CC="404600"/>
						<SP ID="P26_SP00291" HPOS="305" VPOS="2547" WIDTH="24"/>
						<String ID="P26_ST00322" HPOS="329" VPOS="2510" WIDTH="53" HEIGHT="26" CONTENT="au" WC="0.84" CC="03"/>
						<SP ID="P26_SP00292" HPOS="382" VPOS="2547" WIDTH="19"/>
						<String ID="P26_ST00323" HPOS="401" VPOS="2496" WIDTH="128" HEIGHT="51" CONTENT="jeune" WC="0.99" CC="00070"/>
						<SP ID="P26_SP00293" HPOS="529" VPOS="2547" WIDTH="14"/>
						<String ID="P26_ST00324" HPOS="543" VPOS="2499" WIDTH="82" HEIGHT="46" CONTENT="âge" WC="0.95" CC="470"/>
						<SP ID="P26_SP00294" HPOS="625" VPOS="2547" WIDTH="17"/>
						<String ID="P26_ST00325" HPOS="642" VPOS="2505" WIDTH="40" HEIGHT="31" CONTENT="et" WC="0.81" CC="03"/>
						<SP ID="P26_SP00295" HPOS="682" VPOS="2547" WIDTH="21"/>
						<String ID="P26_ST00326" HPOS="703" VPOS="2509" WIDTH="69" HEIGHT="27" CONTENT="ses" WC="1.00" CC="000"/>
						<SP ID="P26_SP00296" HPOS="772" VPOS="2547" WIDTH="25"/>
						<String ID="P26_ST00327" HPOS="797" VPOS="2496" WIDTH="214" HEIGHT="40" CONTENT="mélodies" WC="0.99" CC="07304400"/>
						<SP ID="P26_SP00297" HPOS="1011" VPOS="2547" WIDTH="13"/>
						<String ID="P26_ST00328" HPOS="1024" VPOS="2498" WIDTH="140" HEIGHT="48" CONTENT="gaies," WC="0.98" CC="760003"/>
						<SP ID="P26_SP00298" HPOS="1164" VPOS="2547" WIDTH="16"/>
						<String ID="P26_ST00329" HPOS="1180" VPOS="2519" WIDTH="50" HEIGHT="4" CONTENT="—" WC="0.20" CC="8"/>
						<SP ID="P26_SP00299" HPOS="1230" VPOS="2547" WIDTH="18"/>
						<String ID="P26_ST00330" HPOS="1248" VPOS="2496" WIDTH="57" HEIGHT="39" CONTENT="les" WC="1.00" CC="000" STYLEREFS="TXT_3"/>
						<SP ID="P26_SP00300" HPOS="1305" VPOS="2547" WIDTH="19"/>
						<String ID="P26_ST00331" HPOS="1324" VPOS="2496" WIDTH="135" HEIGHT="39" CONTENT="Petits" WC="0.99" CC="221015" STYLEREFS="TXT_3"/>
						<SP ID="P26_SP00301" HPOS="1459" VPOS="2547" WIDTH="18"/>
						<String ID="P26_ST00332" HPOS="1477" VPOS="2495" WIDTH="146" HEIGHT="52" CONTENT="Chais," WC="0.98" CC="026204" STYLEREFS="TXT_3"/>
						<SP ID="P26_SP00302" HPOS="1623" VPOS="2547" WIDTH="27"/>
						<String ID="P26_ST00333" HPOS="1650" VPOS="2496" WIDTH="36" HEIGHT="39" CONTENT="le" WC="1.00" CC="00" STYLEREFS="TXT_3"/>
						<SP ID="P26_SP00303" HPOS="1686" VPOS="2547" WIDTH="22"/>
						<String ID="P26_ST00334" HPOS="1708" VPOS="2496" WIDTH="113" HEIGHT="39" CONTENT="Petit" WC="0.99" CC="40000" STYLEREFS="TXT_3"/>
						<SP ID="P26_SP00304" HPOS="1821" VPOS="2547" WIDTH="9"/>
						<String ID="P26_ST00335" HPOS="1830" VPOS="2496" WIDTH="111" HEIGHT="49" CONTENT="Ane," WC="0.96" CC="0549" STYLEREFS="TXT_3"/>
						<SP ID="P26_SP00305" HPOS="1941" VPOS="2547" WIDTH="22"/>
						<String ID="P26_ST00336" HPOS="1963" VPOS="2494" WIDTH="203" HEIGHT="41" CONTENT="Madame" WC="0.97" CC="055726" STYLEREFS="TXT_3"/>
					</TextLine>
					<TextLine ID="P26_TL00031" HPOS="163" VPOS="2562" WIDTH="2001" HEIGHT="56">
						<String ID="P26_ST00337" HPOS="163" VPOS="2564" WIDTH="39" HEIGHT="39" CONTENT="la" WC="0.65" CC="07" STYLEREFS="TXT_3"/>
						<SP ID="P26_SP00306" HPOS="202" VPOS="2603" WIDTH="19"/>
						<String ID="P26_ST00338" HPOS="221" VPOS="2563" WIDTH="94" HEIGHT="48" CONTENT="Pie," WC="1.00" CC="0002" STYLEREFS="TXT_3"/>
						<SP ID="P26_SP00307" HPOS="315" VPOS="2611" WIDTH="41"/>
						<String ID="P26_ST00339" HPOS="356" VPOS="2563" WIDTH="232" HEIGHT="40" CONTENT="Finoreille" WC="0.84" CC="4041500000" STYLEREFS="TXT_3"/>
						<SP ID="P26_SP00308" HPOS="588" VPOS="2611" WIDTH="33"/>
						<String ID="P26_ST00340" HPOS="621" VPOS="2570" WIDTH="35" HEIGHT="33" CONTENT="et" WC="0.81" CC="03" STYLEREFS="TXT_3"/>
						<SP ID="P26_SP00309" HPOS="656" VPOS="2611" WIDTH="29"/>
						<String ID="P26_ST00341" HPOS="685" VPOS="2562" WIDTH="318" HEIGHT="55" CONTENT="Lovgmuseau," WC="0.65" CC="03843000753" STYLEREFS="TXT_3"/>
						<SP ID="P26_SP00310" HPOS="1003" VPOS="2617" WIDTH="45"/>
						<String ID="P26_ST00342" HPOS="1048" VPOS="2564" WIDTH="39" HEIGHT="39" CONTENT="la" WC="1.00" CC="00" STYLEREFS="TXT_3"/>
						<SP ID="P26_SP00311" HPOS="1087" VPOS="2617" WIDTH="37"/>
						<String ID="P26_ST00343" HPOS="1124" VPOS="2564" WIDTH="219" HEIGHT="40" CONTENT="Meunière" WC="0.99" CC="00880510" STYLEREFS="TXT_3"/>
						<SP ID="P26_SP00312" HPOS="1343" VPOS="2617" WIDTH="23"/>
						<String ID="P26_ST00344" HPOS="1366" VPOS="2565" WIDTH="54" HEIGHT="38" CONTENT="du" WC="0.46" CC="46" STYLEREFS="TXT_3"/>
						<SP ID="P26_SP00313" HPOS="1420" VPOS="2617" WIDTH="26"/>
						<String ID="P26_ST00345" HPOS="1446" VPOS="2564" WIDTH="104" HEIGHT="40" CONTENT="beau" WC="0.97" CC="0092" STYLEREFS="TXT_3"/>
						<SP ID="P26_SP00314" HPOS="1550" VPOS="2617" WIDTH="21"/>
						<String ID="P26_ST00346" HPOS="1571" VPOS="2564" WIDTH="178" HEIGHT="46" CONTENT="moulin," WC="0.99" CC="4000081" STYLEREFS="TXT_3"/>
						<SP ID="P26_SP00315" HPOS="1749" VPOS="2617" WIDTH="28"/>
						<String ID="P26_ST00347" HPOS="1777" VPOS="2564" WIDTH="35" HEIGHT="40" CONTENT="le" WC="1.00" CC="00" STYLEREFS="TXT_3"/>
						<SP ID="P26_SP00316" HPOS="1812" VPOS="2617" WIDTH="26"/>
						<String ID="P26_ST00348" HPOS="1838" VPOS="2563" WIDTH="206" HEIGHT="55" CONTENT="Crapaud" WC="0.98" CC="0460980" STYLEREFS="TXT_3"/>
						<SP ID="P26_SP00317" HPOS="2044" VPOS="2618" WIDTH="19"/>
						<String ID="P26_ST00349" HPOS="2063" VPOS="2571" WIDTH="37" HEIGHT="33" CONTENT="et" WC="1.00" CC="00" STYLEREFS="TXT_3"/>
						<SP ID="P26_SP00318" HPOS="2100" VPOS="2618" WIDTH="24"/>
						<String ID="P26_ST00350" HPOS="2124" VPOS="2564" WIDTH="40" HEIGHT="39" CONTENT="la" WC="0.66" CC="06" STYLEREFS="TXT_3"/>
					</TextLine>
					<TextLine ID="P26_TL00032" HPOS="167" VPOS="2630" WIDTH="1997" HEIGHT="55">
						<String ID="P26_ST00351" HPOS="167" VPOS="2630" WIDTH="264" HEIGHT="48" CONTENT="Grenouille," WC="0.99" CC="00046630003" STYLEREFS="TXT_3"/>
						<SP ID="P26_SP00319" HPOS="431" VPOS="2678" WIDTH="25"/>
						<String ID="P26_ST00352" HPOS="456" VPOS="2640" WIDTH="99" HEIGHT="38" CONTENT="etc.," WC="0.99" CC="03014"/>
						<SP ID="P26_SP00320" HPOS="555" VPOS="2678" WIDTH="41"/>
						<String ID="P26_ST00353" HPOS="596" VPOS="2644" WIDTH="40" HEIGHT="39" CONTENT="15" WC="0.53" CC="26"/>
						<SP ID="P26_SP00321" HPOS="636" VPOS="2683" WIDTH="30"/>
						<String ID="P26_ST00354" HPOS="666" VPOS="2634" WIDTH="144" HEIGHT="49" CONTENT="pièces" WC="0.99" CC="047010"/>
						<SP ID="P26_SP00322" HPOS="810" VPOS="2683" WIDTH="22"/>
						<String ID="P26_ST00355" HPOS="832" VPOS="2646" WIDTH="53" HEIGHT="26" CONTENT="en" WC="1.00" CC="00"/>
						<SP ID="P26_SP00323" HPOS="885" VPOS="2683" WIDTH="25"/>
						<String ID="P26_ST00356" HPOS="910" VPOS="2641" WIDTH="94" HEIGHT="31" CONTENT="tout" WC="0.98" CC="0045"/>
						<String ID="P26_ST00357" HPOS="1021" VPOS="2655" WIDTH="52" HEIGHT="5" CONTENT="—" WC="0.20" CC="8"/>
						<SP ID="P26_SP00324" HPOS="1073" VPOS="2683" WIDTH="21"/>
						<String ID="P26_ST00358" HPOS="1094" VPOS="2646" WIDTH="46" HEIGHT="26" CONTENT="ce" WC="1.00" CC="00"/>
						<SP ID="P26_SP00325" HPOS="1140" VPOS="2683" WIDTH="24"/>
						<String ID="P26_ST00359" HPOS="1164" VPOS="2633" WIDTH="107" HEIGHT="39" CONTENT="livre" WC="0.98" CC="44100"/>
						<SP ID="P26_SP00326" HPOS="1271" VPOS="2683" WIDTH="20"/>
						<String ID="P26_ST00360" HPOS="1291" VPOS="2632" WIDTH="141" HEIGHT="52" CONTENT="plaira" WC="1.00" CC="005000"/>
						<SP ID="P26_SP00327" HPOS="1432" VPOS="2684" WIDTH="17"/>
						<String ID="P26_ST00361" HPOS="1449" VPOS="2634" WIDTH="318" HEIGHT="39" CONTENT="certainement" WC="0.99" CC="008502400053"/>
						<SP ID="P26_SP00328" HPOS="1767" VPOS="2684" WIDTH="19"/>
						<String ID="P26_ST00362" HPOS="1786" VPOS="2647" WIDTH="83" HEIGHT="25" CONTENT="aux" WC="1.00" CC="000"/>
						<SP ID="P26_SP00329" HPOS="1869" VPOS="2684" WIDTH="27"/>
						<String ID="P26_ST00363" HPOS="1896" VPOS="2634" WIDTH="132" HEIGHT="51" CONTENT="petits" WC="0.99" CC="005000"/>
						<SP ID="P26_SP00330" HPOS="2028" VPOS="2685" WIDTH="37"/>
						<String ID="P26_ST00364" HPOS="2065" VPOS="2647" WIDTH="99" HEIGHT="26" CONTENT="mu-" WC="0.99" CC="002"/>
					</TextLine>
				</TextBlock>
				<TextBlock ID="P26_TB00007" HPOS="164" VPOS="2697" WIDTH="1766" HEIGHT="56" STYLEREFS="TXT_2 PAR_LEFT">
					<TextLine ID="P26_TL00033" HPOS="166" VPOS="2700" WIDTH="1762" HEIGHT="51">
						<String ID="P26_ST00365" HPOS="166" VPOS="2702" WIDTH="159" HEIGHT="38" CONTENT="siciens" WC="0.83" CC="0301060"/>
						<SP ID="P26_SP00331" HPOS="325" VPOS="2740" WIDTH="17"/>
						<String ID="P26_ST00366" HPOS="342" VPOS="2701" WIDTH="53" HEIGHT="39" CONTENT="de" WC="1.00" CC="00"/>
						<SP ID="P26_SP00332" HPOS="395" VPOS="2740" WIDTH="25"/>
						<String ID="P26_ST00367" HPOS="420" VPOS="2704" WIDTH="22" HEIGHT="36" CONTENT="8" WC="1.00" CC="0" STYLEREFS="TXT_4"/>
						<SP ID="P26_SP00333" HPOS="442" VPOS="2740" WIDTH="24"/>
						<String ID="P26_ST00368" HPOS="466" VPOS="2705" WIDTH="21" HEIGHT="35" CONTENT="à" WC="0.14" CC="8"/>
						<SP ID="P26_SP00334" HPOS="487" VPOS="2740" WIDTH="30"/>
						<String ID="P26_ST00369" HPOS="517" VPOS="2715" WIDTH="42" HEIGHT="36" CONTENT="13" WC="0.59" CC="08" STYLEREFS="TXT_4"/>
						<SP ID="P26_SP00335" HPOS="559" VPOS="2751" WIDTH="28"/>
						<String ID="P26_ST00370" HPOS="587" VPOS="2714" WIDTH="95" HEIGHT="26" CONTENT="ans." WC="0.99" CC="0303"/>
						<SP ID="P26_SP00336" HPOS="682" VPOS="2751" WIDTH="21"/>
						<String ID="P26_ST00371" HPOS="703" VPOS="2700" WIDTH="31" HEIGHT="40" CONTENT="Il" WC="0.48" CC="54"/>
						<SP ID="P26_SP00337" HPOS="734" VPOS="2751" WIDTH="25"/>
						<String ID="P26_ST00372" HPOS="759" VPOS="2703" WIDTH="217" HEIGHT="38" CONTENT="constitue" WC="0.99" CC="010047050"/>
						<SP ID="P26_SP00338" HPOS="976" VPOS="2751" WIDTH="23"/>
						<String ID="P26_ST00373" HPOS="999" VPOS="2716" WIDTH="59" HEIGHT="26" CONTENT="un" WC="0.66" CC="06"/>
						<SP ID="P26_SP00339" HPOS="1058" VPOS="2751" WIDTH="31"/>
						<String ID="P26_ST00374" HPOS="1089" VPOS="2702" WIDTH="231" HEIGHT="40" CONTENT="charmant" WC="1.00" CC="00500500"/>
						<SP ID="P26_SP00340" HPOS="1320" VPOS="2751" WIDTH="23"/>
						<String ID="P26_ST00375" HPOS="1343" VPOS="2711" WIDTH="42" HEIGHT="31" CONTENT="et" WC="0.71" CC="05"/>
						<SP ID="P26_SP00341" HPOS="1385" VPOS="2751" WIDTH="15"/>
						<String ID="P26_ST00376" HPOS="1400" VPOS="2702" WIDTH="108" HEIGHT="40" CONTENT="utile" WC="0.98" CC="60451"/>
						<SP ID="P26_SP00342" HPOS="1508" VPOS="2751" WIDTH="26"/>
						<String ID="P26_ST00377" HPOS="1534" VPOS="2702" WIDTH="107" HEIGHT="40" CONTENT="livre" WC="0.99" CC="60000"/>
						<SP ID="P26_SP00343" HPOS="1641" VPOS="2751" WIDTH="22"/>
						<String ID="P26_ST00378" HPOS="1663" VPOS="2700" WIDTH="265" HEIGHT="42" CONTENT="d'étrennes." WC="0.82" CC="03060035000"/>
					</TextLine>
				</TextBlock>
				<TextBlock ID="P26_TB00008" HPOS="1948" VPOS="2697" WIDTH="141" HEIGHT="47" STYLEREFS="TXT_5 PAR_RIGHT">
					<TextLine ID="P26_TL00034" HPOS="2032" VPOS="2701" WIDTH="54" HEIGHT="41">
						<String ID="P26_ST00379" HPOS="2032" VPOS="2701" WIDTH="54" HEIGHT="41" CONTENT="A." WC="0.98" CC="30"/>
					</TextLine>
				</TextBlock>
				<TextBlock ID="P26_TB00009" HPOS="161" VPOS="2809" WIDTH="2007" HEIGHT="804" STYLEREFS="TXT_2 PAR_BLOCK">
					<Shape>
						<Polygon POINTS="161,2866 1127,2866 1127,2809 2168,2809 2168,3613 161,3613"/>
					</Shape>
					<TextLine ID="P26_TL00035" HPOS="1146" VPOS="2813" WIDTH="1019" HEIGHT="42">
						<String ID="P26_ST00380" HPOS="1146" VPOS="2836" WIDTH="43" HEIGHT="5" CONTENT="—" WC="0.20" CC="8"/>
						<SP ID="P26_SP00344" HPOS="1189" VPOS="2841" WIDTH="25"/>
						<String ID="P26_ST00381" HPOS="1214" VPOS="2813" WIDTH="85" HEIGHT="41" CONTENT="Les" WC="0.97" CC="420"/>
						<SP ID="P26_SP00345" HPOS="1299" VPOS="2854" WIDTH="20"/>
						<String ID="P26_ST00382" HPOS="1319" VPOS="2813" WIDTH="221" HEIGHT="41" CONTENT="chrétiens" WC="0.98" CC="625740254"/>
						<SP ID="P26_SP00346" HPOS="1540" VPOS="2854" WIDTH="25"/>
						<String ID="P26_ST00383" HPOS="1565" VPOS="2813" WIDTH="362" HEIGHT="42" CONTENT="s'assemblaient" WC="1.00" CC="03500020422054"/>
						<SP ID="P26_SP00347" HPOS="1927" VPOS="2855" WIDTH="22"/>
						<String ID="P26_ST00384" HPOS="1949" VPOS="2813" WIDTH="216" HEIGHT="42" CONTENT="autrefois" WC="0.99" CC="004344040"/>
					</TextLine>
					<TextLine ID="P26_TL00036" HPOS="163" VPOS="2880" WIDTH="2003" HEIGHT="55">
						<String ID="P26_ST00385" HPOS="163" VPOS="2881" WIDTH="112" HEIGHT="40" CONTENT="dans" WC="1.00" CC="0000"/>
						<SP ID="P26_SP00348" HPOS="275" VPOS="2921" WIDTH="15"/>
						<String ID="P26_ST00386" HPOS="290" VPOS="2881" WIDTH="63" HEIGHT="39" CONTENT="les" WC="0.99" CC="003"/>
						<SP ID="P26_SP00349" HPOS="353" VPOS="2921" WIDTH="17"/>
						<String ID="P26_ST00387" HPOS="370" VPOS="2880" WIDTH="278" HEIGHT="41" CONTENT="catacombes" WC="1.00" CC="0300005000"/>
						<SP ID="P26_SP00350" HPOS="648" VPOS="2921" WIDTH="18"/>
						<String ID="P26_ST00388" HPOS="666" VPOS="2895" WIDTH="111" HEIGHT="38" CONTENT="pour" WC="0.98" CC="0260"/>
						<SP ID="P26_SP00351" HPOS="777" VPOS="2933" WIDTH="18"/>
						<String ID="P26_ST00389" HPOS="795" VPOS="2881" WIDTH="194" HEIGHT="41" CONTENT="célébrer" WC="0.99" CC="09160900"/>
						<SP ID="P26_SP00352" HPOS="989" VPOS="2933" WIDTH="20"/>
						<String ID="P26_ST00390" HPOS="1009" VPOS="2882" WIDTH="116" HEIGHT="40" CONTENT="leurs" WC="1.00" CC="10000"/>
						<SP ID="P26_SP00353" HPOS="1125" VPOS="2933" WIDTH="25"/>
						<String ID="P26_ST00391" HPOS="1150" VPOS="2888" WIDTH="229" HEIGHT="47" CONTENT="mystères." WC="0.99" CC="040440010"/>
						<SP ID="P26_SP00354" HPOS="1379" VPOS="2935" WIDTH="16"/>
						<String ID="P26_ST00392" HPOS="1395" VPOS="2881" WIDTH="162" HEIGHT="49" CONTENT="xMardi," WC="0.57" CC="9800055"/>
						<SP ID="P26_SP00355" HPOS="1557" VPOS="2935" WIDTH="28"/>
						<String ID="P26_ST00393" HPOS="1585" VPOS="2897" WIDTH="50" HEIGHT="35" CONTENT="24" WC="0.96" CC="00"/>
						<SP ID="P26_SP00356" HPOS="1635" VPOS="2935" WIDTH="18"/>
						<String ID="P26_ST00394" HPOS="1653" VPOS="2882" WIDTH="252" HEIGHT="51" CONTENT="décembre," WC="1.00" CC="002006003"/>
						<SP ID="P26_SP00357" HPOS="1905" VPOS="2935" WIDTH="22"/>
						<String ID="P26_ST00395" HPOS="1927" VPOS="2883" WIDTH="79" HEIGHT="40" CONTENT="des" WC="0.97" CC="034"/>
						<SP ID="P26_SP00358" HPOS="2006" VPOS="2935" WIDTH="23"/>
						<String ID="P26_ST00396" HPOS="2029" VPOS="2884" WIDTH="110" HEIGHT="39" CONTENT="musi" SUBS_TYPE="HypPart1" SUBS_CONTENT="musiciens" WC="0.99" CC="0002"/>
						<HYP HPOS="2139" VPOS="2884" WIDTH="27" CONTENT="-"/>
					</TextLine>
					<TextLine ID="P26_TL00037" HPOS="163" VPOS="2949" WIDTH="2000" HEIGHT="54">
						<String ID="P26_ST00397" HPOS="163" VPOS="2950" WIDTH="119" HEIGHT="39" CONTENT="ciens" SUBS_TYPE="HypPart2" SUBS_CONTENT="musiciens" WC="0.99" CC="01060"/>
						<SP ID="P26_SP00359" HPOS="282" VPOS="2989" WIDTH="24"/>
						<String ID="P26_ST00398" HPOS="306" VPOS="2961" WIDTH="45" HEIGHT="26" CONTENT="se" WC="1.00" CC="00"/>
						<SP ID="P26_SP00360" HPOS="351" VPOS="2989" WIDTH="30"/>
						<String ID="P26_ST00399" HPOS="381" VPOS="2957" WIDTH="99" HEIGHT="32" CONTENT="sont" WC="1.00" CC="0000"/>
						<SP ID="P26_SP00361" HPOS="480" VPOS="2989" WIDTH="42"/>
						<String ID="P26_ST00400" HPOS="522" VPOS="2950" WIDTH="148" HEIGHT="39" CONTENT="réunis" WC="1.00" CC="003000"/>
						<SP ID="P26_SP00362" HPOS="670" VPOS="2989" WIDTH="38"/>
						<String ID="P26_ST00401" HPOS="708" VPOS="2950" WIDTH="111" HEIGHT="40" CONTENT="dans" WC="1.00" CC="0000"/>
						<SP ID="P26_SP00363" HPOS="819" VPOS="2990" WIDTH="35"/>
						<String ID="P26_ST00402" HPOS="854" VPOS="2950" WIDTH="61" HEIGHT="40" CONTENT="les" WC="1.00" CC="000"/>
						<SP ID="P26_SP00364" HPOS="915" VPOS="2990" WIDTH="30"/>
						<String ID="P26_ST00403" HPOS="945" VPOS="2964" WIDTH="129" HEIGHT="27" CONTENT="caves" WC="1.00" CC="00300"/>
						<SP ID="P26_SP00365" HPOS="1074" VPOS="2991" WIDTH="20"/>
						<String ID="P26_ST00404" HPOS="1094" VPOS="2951" WIDTH="54" HEIGHT="40" CONTENT="de" WC="1.00" CC="00"/>
						<SP ID="P26_SP00366" HPOS="1148" VPOS="2991" WIDTH="28"/>
						<String ID="P26_ST00405" HPOS="1176" VPOS="2949" WIDTH="177" HEIGHT="54" CONTENT="l'Opéra" WC="0.99" CC="5300000"/>
						<SP ID="P26_SP00367" HPOS="1353" VPOS="3003" WIDTH="37"/>
						<String ID="P26_ST00406" HPOS="1390" VPOS="2949" WIDTH="118" HEIGHT="54" CONTENT="(cinq" WC="0.99" CC="50000"/>
						<SP ID="P26_SP00368" HPOS="1508" VPOS="3003" WIDTH="40"/>
						<String ID="P26_ST00407" HPOS="1548" VPOS="2956" WIDTH="153" HEIGHT="45" CONTENT="étages" WC="0.99" CC="000700"/>
						<SP ID="P26_SP00369" HPOS="1701" VPOS="3003" WIDTH="38"/>
						<String ID="P26_ST00408" HPOS="1739" VPOS="2951" WIDTH="267" HEIGHT="41" CONTENT="au-dessous" WC="1.00" CC="0540000030"/>
						<SP ID="P26_SP00370" HPOS="2006" VPOS="3003" WIDTH="23"/>
						<String ID="P26_ST00409" HPOS="2029" VPOS="2952" WIDTH="54" HEIGHT="40" CONTENT="de" WC="1.00" CC="00"/>
						<SP ID="P26_SP00371" HPOS="2083" VPOS="3003" WIDTH="42"/>
						<String ID="P26_ST00410" HPOS="2125" VPOS="2952" WIDTH="38" HEIGHT="40" CONTENT="la" WC="1.00" CC="00"/>
					</TextLine>
					<TextLine ID="P26_TL00038" HPOS="165" VPOS="3017" WIDTH="2001" HEIGHT="54">
						<String ID="P26_ST00411" HPOS="165" VPOS="3018" WIDTH="146" HEIGHT="47" CONTENT="scène)" WC="0.98" CC="007605"/>
						<SP ID="P26_SP00372" HPOS="311" VPOS="3065" WIDTH="19"/>
						<String ID="P26_ST00412" HPOS="330" VPOS="3029" WIDTH="112" HEIGHT="39" CONTENT="pour" WC="1.00" CC="0100"/>
						<SP ID="P26_SP00373" HPOS="442" VPOS="3068" WIDTH="13"/>
						<String ID="P26_ST00413" HPOS="455" VPOS="3017" WIDTH="198" HEIGHT="40" CONTENT="installer" WC="0.99" CC="400504700"/>
						<SP ID="P26_SP00374" HPOS="653" VPOS="3068" WIDTH="22"/>
						<String ID="P26_ST00414" HPOS="675" VPOS="3018" WIDTH="111" HEIGHT="40" CONTENT="dans" WC="1.00" CC="0000"/>
						<SP ID="P26_SP00375" HPOS="786" VPOS="3068" WIDTH="43"/>
						<String ID="P26_ST00415" HPOS="829" VPOS="3033" WIDTH="60" HEIGHT="25" CONTENT="un" WC="0.65" CC="70"/>
						<SP ID="P26_SP00376" HPOS="889" VPOS="3068" WIDTH="28"/>
						<String ID="P26_ST00416" HPOS="917" VPOS="3032" WIDTH="163" HEIGHT="27" CONTENT="caveau" WC="0.99" CC="003005"/>
						<SP ID="P26_SP00377" HPOS="1080" VPOS="3068" WIDTH="25"/>
						<String ID="P26_ST00417" HPOS="1105" VPOS="3020" WIDTH="76" HEIGHT="51" CONTENT="qui" WC="0.97" CC="403"/>
						<SP ID="P26_SP00378" HPOS="1181" VPOS="3071" WIDTH="23"/>
						<String ID="P26_ST00418" HPOS="1204" VPOS="3031" WIDTH="53" HEIGHT="28" CONTENT="ne" WC="0.58" CC="80"/>
						<SP ID="P26_SP00379" HPOS="1257" VPOS="3071" WIDTH="26"/>
						<String ID="P26_ST00419" HPOS="1283" VPOS="3032" WIDTH="95" HEIGHT="27" CONTENT="sera" WC="1.00" CC="0000"/>
						<SP ID="P26_SP00380" HPOS="1378" VPOS="3071" WIDTH="41"/>
						<String ID="P26_ST00420" HPOS="1419" VPOS="3028" WIDTH="155" HEIGHT="31" CONTENT="ouvert" WC="1.00" CC="000000"/>
						<SP ID="P26_SP00381" HPOS="1574" VPOS="3071" WIDTH="25"/>
						<String ID="P26_ST00421" HPOS="1599" VPOS="3033" WIDTH="85" HEIGHT="38" CONTENT="que" WC="1.00" CC="000"/>
						<SP ID="P26_SP00382" HPOS="1684" VPOS="3071" WIDTH="33"/>
						<String ID="P26_ST00422" HPOS="1717" VPOS="3020" WIDTH="113" HEIGHT="40" CONTENT="dans" WC="0.99" CC="0030"/>
						<SP ID="P26_SP00383" HPOS="1830" VPOS="3071" WIDTH="24"/>
						<String ID="P26_ST00423" HPOS="1854" VPOS="3029" WIDTH="96" HEIGHT="31" CONTENT="cent" WC="0.99" CC="0002"/>
						<SP ID="P26_SP00384" HPOS="1950" VPOS="3071" WIDTH="26"/>
						<String ID="P26_ST00424" HPOS="1976" VPOS="3034" WIDTH="78" HEIGHT="26" CONTENT="ans" WC="0.98" CC="040"/>
						<SP ID="P26_SP00385" HPOS="2054" VPOS="3071" WIDTH="34"/>
						<String ID="P26_ST00425" HPOS="2088" VPOS="3020" WIDTH="78" HEIGHT="40" CONTENT="des" WC="1.00" CC="000"/>
					</TextLine>
					<TextLine ID="P26_TL00039" HPOS="163" VPOS="3084" WIDTH="2002" HEIGHT="56">
						<String ID="P26_ST00426" HPOS="163" VPOS="3084" WIDTH="181" HEIGHT="52" CONTENT="disques" WC="1.00" CC="0400000"/>
						<SP ID="P26_SP00386" HPOS="344" VPOS="3136" WIDTH="23"/>
						<String ID="P26_ST00427" HPOS="367" VPOS="3086" WIDTH="354" HEIGHT="48" CONTENT="gracieusement" WC="0.99" CC="9003400000065"/>
						<SP ID="P26_SP00387" HPOS="721" VPOS="3136" WIDTH="34"/>
						<String ID="P26_ST00428" HPOS="755" VPOS="3086" WIDTH="149" HEIGHT="40" CONTENT="offerts" WC="0.99" CC="0300050"/>
						<SP ID="P26_SP00388" HPOS="904" VPOS="3136" WIDTH="39"/>
						<String ID="P26_ST00429" HPOS="943" VPOS="3102" WIDTH="78" HEIGHT="37" CONTENT="par" WC="1.00" CC="000"/>
						<SP ID="P26_SP00389" HPOS="1021" VPOS="3139" WIDTH="38"/>
						<String ID="P26_ST00430" HPOS="1059" VPOS="3087" WIDTH="59" HEIGHT="40" CONTENT="M." WC="0.79" CC="04"/>
						<SP ID="P26_SP00390" HPOS="1118" VPOS="3139" WIDTH="27"/>
						<String ID="P26_ST00431" HPOS="1145" VPOS="3086" WIDTH="154" HEIGHT="49" CONTENT="Clark," WC="0.99" CC="000084"/>
						<SP ID="P26_SP00391" HPOS="1299" VPOS="3139" WIDTH="39"/>
						<String ID="P26_ST00432" HPOS="1338" VPOS="3088" WIDTH="219" HEIGHT="40" CONTENT="directeur" WC="0.99" CC="000205060"/>
						<SP ID="P26_SP00392" HPOS="1557" VPOS="3139" WIDTH="23"/>
						<String ID="P26_ST00433" HPOS="1580" VPOS="3088" WIDTH="57" HEIGHT="40" CONTENT="du" WC="0.69" CC="06"/>
						<SP ID="P26_SP00393" HPOS="1637" VPOS="3139" WIDTH="26"/>
						<String ID="P26_ST00434" HPOS="1663" VPOS="3086" WIDTH="336" HEIGHT="54" CONTENT="Gramophone," WC="0.89" CC="00000030602"/>
						<SP ID="P26_SP00394" HPOS="1999" VPOS="3140" WIDTH="28"/>
						<String ID="P26_ST00435" HPOS="2027" VPOS="3097" WIDTH="39" HEIGHT="32" CONTENT="et" WC="0.87" CC="20"/>
						<SP ID="P26_SP00395" HPOS="2066" VPOS="3140" WIDTH="42"/>
						<String ID="P26_ST00436" HPOS="2108" VPOS="3095" WIDTH="57" HEIGHT="34" CONTENT="où" WC="0.60" CC="08"/>
					</TextLine>
					<TextLine ID="P26_TL00040" HPOS="163" VPOS="3154" WIDTH="1752" HEIGHT="55">
						<String ID="P26_ST00437" HPOS="163" VPOS="3161" WIDTH="100" HEIGHT="31" CONTENT="sont" WC="0.97" CC="0065"/>
						<SP ID="P26_SP00396" HPOS="263" VPOS="3192" WIDTH="19"/>
						<String ID="P26_ST00438" HPOS="282" VPOS="3154" WIDTH="294" HEIGHT="49" CONTENT="enregistrées" WC="1.00" CC="240003060000"/>
						<SP ID="P26_SP00397" HPOS="576" VPOS="3203" WIDTH="21"/>
						<String ID="P26_ST00439" HPOS="597" VPOS="3154" WIDTH="61" HEIGHT="39" CONTENT="les" WC="0.99" CC="300"/>
						<SP ID="P26_SP00398" HPOS="658" VPOS="3203" WIDTH="25"/>
						<String ID="P26_ST00440" HPOS="683" VPOS="3156" WIDTH="95" HEIGHT="38" CONTENT="voix" WC="1.00" CC="0000"/>
						<SP ID="P26_SP00399" HPOS="778" VPOS="3203" WIDTH="17"/>
						<String ID="P26_ST00441" HPOS="795" VPOS="3156" WIDTH="77" HEIGHT="39" CONTENT="des" WC="1.00" CC="000"/>
						<SP ID="P26_SP00400" HPOS="872" VPOS="3203" WIDTH="33"/>
						<String ID="P26_ST00442" HPOS="905" VPOS="3156" WIDTH="99" HEIGHT="51" CONTENT="plus" WC="0.99" CC="0140"/>
						<SP ID="P26_SP00401" HPOS="1004" VPOS="3207" WIDTH="36"/>
						<String ID="P26_ST00443" HPOS="1040" VPOS="3155" WIDTH="195" HEIGHT="41" CONTENT="célèbres" WC="1.00" CC="00070000"/>
						<SP ID="P26_SP00402" HPOS="1235" VPOS="3207" WIDTH="21"/>
						<String ID="P26_ST00444" HPOS="1256" VPOS="3156" WIDTH="239" HEIGHT="40" CONTENT="chanteurs" WC="1.00" CC="040600000"/>
						<SP ID="P26_SP00403" HPOS="1495" VPOS="3207" WIDTH="41"/>
						<String ID="P26_ST00445" HPOS="1536" VPOS="3159" WIDTH="379" HEIGHT="50" CONTENT="contemporains." WC="1.00" CC="00750000004602"/>
					</TextLine>
					<TextLine ID="P26_TL00041" HPOS="217" VPOS="3220" WIDTH="1949" HEIGHT="54">
						<String ID="P26_ST00446" HPOS="217" VPOS="3220" WIDTH="121" HEIGHT="40" CONTENT="Dans" WC="1.00" CC="2000"/>
						<SP ID="P26_SP00404" HPOS="338" VPOS="3260" WIDTH="17"/>
						<String ID="P26_ST00447" HPOS="355" VPOS="3236" WIDTH="59" HEIGHT="24" CONTENT="un" WC="0.71" CC="50"/>
						<SP ID="P26_SP00405" HPOS="414" VPOS="3260" WIDTH="23"/>
						<String ID="P26_ST00448" HPOS="437" VPOS="3221" WIDTH="200" HEIGHT="41" CONTENT="discours" WC="1.00" CC="01300500"/>
						<SP ID="P26_SP00406" HPOS="637" VPOS="3262" WIDTH="20"/>
						<String ID="P26_ST00449" HPOS="657" VPOS="3223" WIDTH="119" HEIGHT="51" CONTENT="plein" WC="0.98" CC="04254"/>
						<SP ID="P26_SP00407" HPOS="776" VPOS="3274" WIDTH="22"/>
						<String ID="P26_ST00450" HPOS="798" VPOS="3223" WIDTH="255" HEIGHT="51" CONTENT="d'élégance" WC="1.00" CC="0070600000"/>
						<SP ID="P26_SP00408" HPOS="1053" VPOS="3274" WIDTH="23"/>
						<String ID="P26_ST00451" HPOS="1076" VPOS="3234" WIDTH="40" HEIGHT="31" CONTENT="et" WC="1.00" CC="00"/>
						<SP ID="P26_SP00409" HPOS="1116" VPOS="3274" WIDTH="17"/>
						<String ID="P26_ST00452" HPOS="1133" VPOS="3225" WIDTH="252" HEIGHT="48" CONTENT="d'autorité," WC="1.00" CC="03050001404"/>
						<SP ID="P26_SP00410" HPOS="1385" VPOS="3274" WIDTH="26"/>
						<String ID="P26_ST00453" HPOS="1411" VPOS="3224" WIDTH="61" HEIGHT="41" CONTENT="M." WC="0.83" CC="03"/>
						<SP ID="P26_SP00411" HPOS="1472" VPOS="3274" WIDTH="27"/>
						<String ID="P26_ST00454" HPOS="1499" VPOS="3224" WIDTH="167" HEIGHT="41" CONTENT="Adrien" WC="0.99" CC="000336"/>
						<SP ID="P26_SP00412" HPOS="1666" VPOS="3274" WIDTH="21"/>
						<String ID="P26_ST00455" HPOS="1687" VPOS="3225" WIDTH="241" HEIGHT="40" CONTENT="Bernheim" WC="0.89" CC="50000030"/>
						<SP ID="P26_SP00413" HPOS="1928" VPOS="3274" WIDTH="24"/>
						<String ID="P26_ST00456" HPOS="1952" VPOS="3240" WIDTH="20" HEIGHT="25" CONTENT="a" WC="1.00" CC="0"/>
						<SP ID="P26_SP00414" HPOS="1972" VPOS="3274" WIDTH="18"/>
						<String ID="P26_ST00457" HPOS="1990" VPOS="3230" WIDTH="176" HEIGHT="37" CONTENT="montré" WC="1.00" CC="000000"/>
					</TextLine>
					<TextLine ID="P26_TL00042" HPOS="163" VPOS="3287" WIDTH="2002" HEIGHT="60">
						<String ID="P26_ST00458" HPOS="163" VPOS="3302" WIDTH="86" HEIGHT="38" CONTENT="que" WC="0.98" CC="050"/>
						<SP ID="P26_SP00415" HPOS="249" VPOS="3340" WIDTH="22"/>
						<String ID="P26_ST00459" HPOS="271" VPOS="3287" WIDTH="124" HEIGHT="42" CONTENT="l'acte" WC="0.99" CC="040030"/>
						<SP ID="P26_SP00416" HPOS="395" VPOS="3340" WIDTH="22"/>
						<String ID="P26_ST00460" HPOS="417" VPOS="3293" WIDTH="220" HEIGHT="46" CONTENT="généreux" WC="0.99" CC="06660000"/>
						<SP ID="P26_SP00417" HPOS="637" VPOS="3340" WIDTH="36"/>
						<String ID="P26_ST00461" HPOS="673" VPOS="3291" WIDTH="52" HEIGHT="40" CONTENT="de" WC="1.00" CC="00"/>
						<SP ID="P26_SP00418" HPOS="725" VPOS="3340" WIDTH="37"/>
						<String ID="P26_ST00462" HPOS="762" VPOS="3290" WIDTH="61" HEIGHT="41" CONTENT="M." WC="0.64" CC="34"/>
						<SP ID="P26_SP00419" HPOS="823" VPOS="3340" WIDTH="27"/>
						<String ID="P26_ST00463" HPOS="850" VPOS="3291" WIDTH="137" HEIGHT="41" CONTENT="Clark" WC="1.00" CC="30000"/>
						<SP ID="P26_SP00420" HPOS="987" VPOS="3340" WIDTH="41"/>
						<String ID="P26_ST00464" HPOS="1028" VPOS="3293" WIDTH="195" HEIGHT="40" CONTENT="réalisait" WC="0.99" CC="007000015"/>
						<SP ID="P26_SP00421" HPOS="1223" VPOS="3340" WIDTH="42"/>
						<String ID="P26_ST00465" HPOS="1265" VPOS="3308" WIDTH="60" HEIGHT="25" CONTENT="un" WC="0.64" CC="07"/>
						<SP ID="P26_SP00422" HPOS="1325" VPOS="3340" WIDTH="40"/>
						<String ID="P26_ST00466" HPOS="1365" VPOS="3297" WIDTH="101" HEIGHT="36" CONTENT="rêve" WC="0.99" CC="0500"/>
						<SP ID="P26_SP00423" HPOS="1466" VPOS="3340" WIDTH="33"/>
						<String ID="P26_ST00467" HPOS="1499" VPOS="3300" WIDTH="86" HEIGHT="34" CONTENT="très" WC="0.97" CC="2083"/>
						<SP ID="P26_SP00424" HPOS="1585" VPOS="3340" WIDTH="24"/>
						<String ID="P26_ST00468" HPOS="1609" VPOS="3296" WIDTH="143" HEIGHT="50" CONTENT="précis" WC="0.99" CC="006040"/>
						<SP ID="P26_SP00425" HPOS="1752" VPOS="3346" WIDTH="21"/>
						<String ID="P26_ST00469" HPOS="1773" VPOS="3294" WIDTH="97" HEIGHT="53" CONTENT="déjà" WC="0.98" CC="0602"/>
						<SP ID="P26_SP00426" HPOS="1870" VPOS="3347" WIDTH="35"/>
						<String ID="P26_ST00470" HPOS="1905" VPOS="3293" WIDTH="78" HEIGHT="42" CONTENT="fait" WC="0.99" CC="0005"/>
						<SP ID="P26_SP00427" HPOS="1983" VPOS="3347" WIDTH="24"/>
						<String ID="P26_ST00471" HPOS="2007" VPOS="3309" WIDTH="79" HEIGHT="38" CONTENT="par" WC="1.00" CC="000"/>
						<SP ID="P26_SP00428" HPOS="2086" VPOS="3347" WIDTH="41"/>
						<String ID="P26_ST00472" HPOS="2127" VPOS="3295" WIDTH="38" HEIGHT="40" CONTENT="le" WC="1.00" CC="00"/>
					</TextLine>
					<TextLine ID="P26_TL00043" HPOS="165" VPOS="3356" WIDTH="2002" HEIGHT="59">
						<String ID="P26_ST00473" HPOS="165" VPOS="3362" WIDTH="127" HEIGHT="46" CONTENT="poète" WC="0.98" CC="00740"/>
						<SP ID="P26_SP00429" HPOS="292" VPOS="3408" WIDTH="23"/>
						<String ID="P26_ST00474" HPOS="315" VPOS="3356" WIDTH="68" HEIGHT="40" CONTENT="Th" WC="0.81" CC="30"/>
						<SP ID="P26_SP00430" HPOS="383" VPOS="3408" WIDTH="42"/>
						<String ID="P26_ST00475" HPOS="425" VPOS="3356" WIDTH="198" HEIGHT="42" CONTENT="Gautier." WC="0.99" CC="00603004"/>
						<SP ID="P26_SP00431" HPOS="623" VPOS="3408" WIDTH="39"/>
						<String ID="P26_ST00476" HPOS="662" VPOS="3358" WIDTH="122" HEIGHT="41" CONTENT="Voici" WC="0.99" CC="00404"/>
						<SP ID="P26_SP00432" HPOS="784" VPOS="3408" WIDTH="33"/>
						<String ID="P26_ST00477" HPOS="817" VPOS="3370" WIDTH="224" HEIGHT="31" CONTENT="comment" WC="0.98" CC="0099060"/>
						<SP ID="P26_SP00433" HPOS="1041" VPOS="3408" WIDTH="20"/>
						<String ID="P26_ST00478" HPOS="1061" VPOS="3361" WIDTH="38" HEIGHT="40" CONTENT="le" WC="0.79" CC="40"/>
						<SP ID="P26_SP00434" HPOS="1099" VPOS="3408" WIDTH="26"/>
						<String ID="P26_ST00479" HPOS="1125" VPOS="3361" WIDTH="150" HEIGHT="54" CONTENT="Temps" WC="0.96" CC="55096" STYLEREFS="TXT_3"/>
						<SP ID="P26_SP00435" HPOS="1275" VPOS="3415" WIDTH="35"/>
						<String ID="P26_ST00480" HPOS="1310" VPOS="3362" WIDTH="59" HEIGHT="40" CONTENT="du" WC="0.88" CC="02"/>
						<SP ID="P26_SP00436" HPOS="1369" VPOS="3415" WIDTH="23"/>
						<String ID="P26_ST00481" HPOS="1392" VPOS="3376" WIDTH="47" HEIGHT="39" CONTENT="27" WC="0.67" CC="06"/>
						<SP ID="P26_SP00437" HPOS="1439" VPOS="3415" WIDTH="38"/>
						<String ID="P26_ST00482" HPOS="1477" VPOS="3362" WIDTH="236" HEIGHT="41" CONTENT="décembre" WC="0.99" CC="06109000"/>
						<SP ID="P26_SP00438" HPOS="1713" VPOS="3415" WIDTH="32"/>
						<String ID="P26_ST00483" HPOS="1745" VPOS="3363" WIDTH="108" HEIGHT="40" CONTENT="rend" WC="0.99" CC="0030"/>
						<SP ID="P26_SP00439" HPOS="1853" VPOS="3415" WIDTH="42"/>
						<String ID="P26_ST00484" HPOS="1895" VPOS="3372" WIDTH="175" HEIGHT="43" CONTENT="compte" WC="1.00" CC="000002"/>
						<SP ID="P26_SP00440" HPOS="2070" VPOS="3415" WIDTH="43"/>
						<String ID="P26_ST00485" HPOS="2113" VPOS="3363" WIDTH="54" HEIGHT="40" CONTENT="de" WC="0.76" CC="04"/>
					</TextLine>
					<TextLine ID="P26_TL00044" HPOS="163" VPOS="3426" WIDTH="2000" HEIGHT="58">
						<String ID="P26_ST00486" HPOS="163" VPOS="3432" WIDTH="110" HEIGHT="32" CONTENT="cette" WC="0.99" CC="00050"/>
						<SP ID="P26_SP00441" HPOS="273" VPOS="3464" WIDTH="23"/>
						<String ID="P26_ST00487" HPOS="296" VPOS="3426" WIDTH="200" HEIGHT="39" CONTENT="curieuse" WC="0.98" CC="05940701"/>
						<SP ID="P26_SP00442" HPOS="496" VPOS="3465" WIDTH="22"/>
						<String ID="P26_ST00488" HPOS="518" VPOS="3429" WIDTH="265" HEIGHT="46" CONTENT="cérémonie," WC="0.99" CC="0090006004"/>
						<SP ID="P26_SP00443" HPOS="783" VPOS="3475" WIDTH="29"/>
						<String ID="P26_ST00489" HPOS="812" VPOS="3431" WIDTH="73" HEIGHT="48" CONTENT="qui" WC="0.96" CC="063"/>
						<SP ID="P26_SP00444" HPOS="885" VPOS="3479" WIDTH="37"/>
						<String ID="P26_ST00490" HPOS="922" VPOS="3443" WIDTH="233" HEIGHT="38" CONTENT="marquera" WC="1.00" CC="04000000"/>
						<SP ID="P26_SP00445" HPOS="1155" VPOS="3481" WIDTH="27"/>
						<String ID="P26_ST00491" HPOS="1182" VPOS="3443" WIDTH="85" HEIGHT="26" CONTENT="une" WC="0.97" CC="060"/>
						<SP ID="P26_SP00446" HPOS="1267" VPOS="3481" WIDTH="21"/>
						<String ID="P26_ST00492" HPOS="1288" VPOS="3430" WIDTH="100" HEIGHT="41" CONTENT="date" WC="1.00" CC="0000"/>
						<SP ID="P26_SP00447" HPOS="1388" VPOS="3481" WIDTH="24"/>
						<String ID="P26_ST00493" HPOS="1412" VPOS="3431" WIDTH="111" HEIGHT="40" CONTENT="dans" WC="1.00" CC="0000"/>
						<SP ID="P26_SP00448" HPOS="1523" VPOS="3481" WIDTH="22"/>
						<String ID="P26_ST00494" HPOS="1545" VPOS="3429" WIDTH="213" HEIGHT="42" CONTENT="l'histoire" WC="1.00" CC="0302060100"/>
						<SP ID="P26_SP00449" HPOS="1758" VPOS="3481" WIDTH="25"/>
						<String ID="P26_ST00495" HPOS="1783" VPOS="3432" WIDTH="52" HEIGHT="39" CONTENT="de" WC="1.00" CC="00"/>
						<SP ID="P26_SP00450" HPOS="1835" VPOS="3481" WIDTH="22"/>
						<String ID="P26_ST00496" HPOS="1857" VPOS="3432" WIDTH="39" HEIGHT="39" CONTENT="la" WC="1.00" CC="00"/>
						<SP ID="P26_SP00451" HPOS="1896" VPOS="3481" WIDTH="26"/>
						<String ID="P26_ST00497" HPOS="1922" VPOS="3434" WIDTH="208" HEIGHT="50" CONTENT="musique" WC="1.00" CC="0010050"/>
						<SP ID="P26_SP00452" HPOS="2130" VPOS="3484" WIDTH="25"/>
						<String ID="P26_ST00498" HPOS="2155" VPOS="3444" WIDTH="8" HEIGHT="27" CONTENT=":" WC="0.47" CC="5"/>
					</TextLine>
					<TextLine ID="P26_TL00045" HPOS="219" VPOS="3491" WIDTH="1945" HEIGHT="67">
						<String ID="P26_ST00499" HPOS="219" VPOS="3503" WIDTH="23" HEIGHT="28" CONTENT="«" WC="0.60" CC="3"/>
						<SP ID="P26_SP00453" HPOS="242" VPOS="3531" WIDTH="34"/>
						<String ID="P26_ST00500" HPOS="276" VPOS="3491" WIDTH="117" HEIGHT="41" CONTENT="C'est" WC="0.98" CC="04035"/>
						<SP ID="P26_SP00454" HPOS="393" VPOS="3532" WIDTH="24"/>
						<String ID="P26_ST00501" HPOS="417" VPOS="3496" WIDTH="22" HEIGHT="36" CONTENT="à" WC="0.11" CC="8"/>
						<SP ID="P26_SP00455" HPOS="439" VPOS="3532" WIDTH="22"/>
						<String ID="P26_ST00502" HPOS="461" VPOS="3492" WIDTH="60" HEIGHT="40" CONTENT="M." WC="0.83" CC="20"/>
						<SP ID="P26_SP00456" HPOS="521" VPOS="3532" WIDTH="27"/>
						<String ID="P26_ST00503" HPOS="548" VPOS="3493" WIDTH="151" HEIGHT="49" CONTENT="Clark," WC="0.99" CC="200903"/>
						<SP ID="P26_SP00457" HPOS="699" VPOS="3542" WIDTH="37"/>
						<String ID="P26_ST00504" HPOS="736" VPOS="3496" WIDTH="218" HEIGHT="45" CONTENT="directeur" WC="0.99" CC="050004150"/>
						<SP ID="P26_SP00458" HPOS="954" VPOS="3542" WIDTH="21"/>
						<String ID="P26_ST00505" HPOS="975" VPOS="3498" WIDTH="53" HEIGHT="43" CONTENT="de" WC="0.30" CC="67"/>
						<SP ID="P26_SP00459" HPOS="1028" VPOS="3542" WIDTH="52"/>
						<String ID="P26_ST00506" HPOS="1080" VPOS="3498" WIDTH="38" HEIGHT="42" CONTENT="la" WC="0.58" CC="08"/>
						<SP ID="P26_SP00460" HPOS="1118" VPOS="3542" WIDTH="25"/>
						<String ID="P26_ST00507" HPOS="1143" VPOS="3497" WIDTH="282" HEIGHT="54" CONTENT="Compagnie" WC="0.99" CC="510000646"/>
						<SP ID="P26_SP00461" HPOS="1425" VPOS="3551" WIDTH="24"/>
						<String ID="P26_ST00508" HPOS="1449" VPOS="3499" WIDTH="217" HEIGHT="50" CONTENT="française" WC="0.99" CC="004060202"/>
						<SP ID="P26_SP00462" HPOS="1666" VPOS="3551" WIDTH="35"/>
						<String ID="P26_ST00509" HPOS="1701" VPOS="3500" WIDTH="58" HEIGHT="40" CONTENT="du" WC="0.80" CC="04"/>
						<SP ID="P26_SP00463" HPOS="1759" VPOS="3551" WIDTH="39"/>
						<String ID="P26_ST00510" HPOS="1798" VPOS="3498" WIDTH="322" HEIGHT="60" CONTENT="Gramophone" WC="0.78" CC="0000270066"/>
						<SP ID="P26_SP00464" HPOS="2120" VPOS="3558" WIDTH="23"/>
						<String ID="P26_ST00511" HPOS="2143" VPOS="3505" WIDTH="21" HEIGHT="39" CONTENT="à" WC="0.37" CC="6"/>
					</TextLine>
					<TextLine ID="P26_TL00046" HPOS="164" VPOS="3560" WIDTH="577" HEIGHT="52">
						<String ID="P26_ST00512" HPOS="164" VPOS="3560" WIDTH="142" HEIGHT="51" CONTENT="Paris," WC="0.99" CC="005014"/>
						<SP ID="P26_SP00465" HPOS="306" VPOS="3611" WIDTH="26"/>
						<String ID="P26_ST00513" HPOS="332" VPOS="3560" WIDTH="141" HEIGHT="52" CONTENT="qu'est" WC="0.99" CC="064002"/>
						<SP ID="P26_SP00466" HPOS="473" VPOS="3612" WIDTH="25"/>
						<String ID="P26_ST00514" HPOS="498" VPOS="3562" WIDTH="85" HEIGHT="40" CONTENT="due" WC="1.00" CC="000"/>
						<SP ID="P26_SP00467" HPOS="583" VPOS="3612" WIDTH="19"/>
						<String ID="P26_ST00515" HPOS="602" VPOS="3562" WIDTH="10" HEIGHT="39" CONTENT="1" WC="0.35" CC="6"/>
						<SP ID="P26_SP00468" HPOS="612" VPOS="3612" WIDTH="20"/>
						<String ID="P26_ST00516" HPOS="632" VPOS="3563" WIDTH="109" HEIGHT="47" CONTENT="idée," WC="0.99" CC="40004"/>
					</TextLine>
				</TextBlock>
				<TextBlock ID="P26_TB00010" HPOS="217" VPOS="2808" WIDTH="903" HEIGHT="51" STYLEREFS="TXT_4 PAR_LEFT">
					<TextLine ID="P26_TL00047" HPOS="219" VPOS="2810" WIDTH="900" HEIGHT="48">
						<String ID="P26_ST00517" HPOS="219" VPOS="2811" WIDTH="61" HEIGHT="40" CONTENT="M." WC="0.94" CC="01"/>
						<SP ID="P26_SP00469" HPOS="280" VPOS="2851" WIDTH="23"/>
						<String ID="P26_ST00518" HPOS="303" VPOS="2810" WIDTH="153" HEIGHT="41" CONTENT="CLARK" WC="0.99" CC="30204"/>
						<SP ID="P26_SP00470" HPOS="456" VPOS="2851" WIDTH="38"/>
						<String ID="P26_ST00519" HPOS="494" VPOS="2825" WIDTH="49" HEIGHT="26" CONTENT="ET" WC="0.67" CC="06"/>
						<SP ID="P26_SP00471" HPOS="543" VPOS="2851" WIDTH="25"/>
						<String ID="P26_ST00520" HPOS="568" VPOS="2826" WIDTH="50" HEIGHT="25" CONTENT="LA" WC="0.36" CC="65"/>
						<SP ID="P26_SP00472" HPOS="618" VPOS="2851" WIDTH="19"/>
						<String ID="P26_ST00521" HPOS="637" VPOS="2825" WIDTH="196" HEIGHT="33" CONTENT="MUSIQUE" WC="0.98" CC="4604460"/>
						<SP ID="P26_SP00473" HPOS="833" VPOS="2858" WIDTH="21"/>
						<String ID="P26_ST00522" HPOS="854" VPOS="2828" WIDTH="24" HEIGHT="24" CONTENT="A" WC="1.00" CC="0"/>
						<SP ID="P26_SP00474" HPOS="878" VPOS="2858" WIDTH="30"/>
						<String ID="P26_ST00523" HPOS="908" VPOS="2810" WIDTH="211" HEIGHT="43" CONTENT="L'OPÉRA." WC="0.99" CC="44003200"/>
					</TextLine>
				</TextBlock>
				<TextBlock ID="P26_TB00011" HPOS="163" VPOS="2220" WIDTH="2004" HEIGHT="193" STYLEREFS="TXT_0 PAR_LEFT">
					<Shape>
						<Polygon POINTS="163,2220 2167,2220 2167,2333 502,2333 502,2413 163,2413"/>
					</Shape>
					<TextLine ID="P26_TL00048" HPOS="223" VPOS="2221" WIDTH="1941" HEIGHT="52">
						<String ID="P26_ST00524" HPOS="223" VPOS="2222" WIDTH="273" HEIGHT="42" CONTENT="«CHANSONS" WC="0.99" CC="004220016"/>
						<SP ID="P26_SP00475" HPOS="496" VPOS="2264" WIDTH="17"/>
						<String ID="P26_ST00525" HPOS="513" VPOS="2238" WIDTH="51" HEIGHT="24" CONTENT="ET" WC="0.76" CC="04"/>
						<SP ID="P26_SP00476" HPOS="564" VPOS="2264" WIDTH="24"/>
						<String ID="P26_ST00526" HPOS="588" VPOS="2237" WIDTH="165" HEIGHT="26" CONTENT="CONTES" WC="1.00" CC="000500"/>
						<SP ID="P26_SP00477" HPOS="753" VPOS="2264" WIDTH="26"/>
						<String ID="P26_ST00527" HPOS="779" VPOS="2236" WIDTH="117" HEIGHT="27" CONTENT="POUR" WC="0.98" CC="0053"/>
						<SP ID="P26_SP00478" HPOS="896" VPOS="2264" WIDTH="24"/>
						<String ID="P26_ST00528" HPOS="920" VPOS="2237" WIDTH="76" HEIGHT="26" CONTENT="LES" WC="0.98" CC="400"/>
						<SP ID="P26_SP00479" HPOS="996" VPOS="2264" WIDTH="18"/>
						<String ID="P26_ST00529" HPOS="1014" VPOS="2236" WIDTH="253" HEIGHT="37" CONTENT="ENFANTS»," WC="0.99" CC="005030027"/>
						<SP ID="P26_SP00480" HPOS="1267" VPOS="2273" WIDTH="26"/>
						<String ID="P26_ST00530" HPOS="1293" VPOS="2235" WIDTH="194" HEIGHT="28" CONTENT="PAROLES" WC="0.99" CC="5060000"/>
						<SP ID="P26_SP00481" HPOS="1487" VPOS="2273" WIDTH="21"/>
						<String ID="P26_ST00531" HPOS="1508" VPOS="2237" WIDTH="57" HEIGHT="26" CONTENT="DE" WC="0.70" CC="50"/>
						<SP ID="P26_SP00482" HPOS="1565" VPOS="2273" WIDTH="13"/>
						<String ID="P26_ST00532" HPOS="1578" VPOS="2221" WIDTH="50" HEIGHT="41" CONTENT="A." WC="0.81" CC="03"/>
						<SP ID="P26_SP00483" HPOS="1628" VPOS="2273" WIDTH="28"/>
						<String ID="P26_ST00533" HPOS="1656" VPOS="2222" WIDTH="233" HEIGHT="47" CONTENT="BAUDEUF," WC="0.58" CC="02550567"/>
						<SP ID="P26_SP00484" HPOS="1889" VPOS="2273" WIDTH="23"/>
						<String ID="P26_ST00534" HPOS="1912" VPOS="2221" WIDTH="176" HEIGHT="52" CONTENT="DESSINS" WC="0.98" CC="1000500"/>
						<SP ID="P26_SP00485" HPOS="2088" VPOS="2273" WIDTH="25"/>
						<String ID="P26_ST00535" HPOS="2113" VPOS="2221" WIDTH="51" HEIGHT="52" CONTENT="DE" WC="0.98" CC="50"/>
					</TextLine>
					<TextLine ID="P26_TL00049" HPOS="167" VPOS="2289" WIDTH="1995" HEIGHT="48">
						<String ID="P26_ST00536" HPOS="167" VPOS="2291" WIDTH="260" HEIGHT="40" CONTENT="HENRIETTE" WC="1.00" CC="500020000"/>
						<SP ID="P26_SP00486" HPOS="427" VPOS="2331" WIDTH="27"/>
						<String ID="P26_ST00537" HPOS="454" VPOS="2291" WIDTH="169" HEIGHT="46" CONTENT="MASSY," WC="0.84" CC="200006"/>
						<SP ID="P26_SP00487" HPOS="623" VPOS="2337" WIDTH="35"/>
						<String ID="P26_ST00538" HPOS="658" VPOS="2305" WIDTH="200" HEIGHT="31" CONTENT="MUSIQUE" WC="0.98" CC="5181450"/>
						<SP ID="P26_SP00488" HPOS="858" VPOS="2337" WIDTH="33"/>
						<String ID="P26_ST00539" HPOS="891" VPOS="2306" WIDTH="56" HEIGHT="25" CONTENT="DE" WC="0.70" CC="23"/>
						<SP ID="P26_SP00489" HPOS="947" VPOS="2337" WIDTH="25"/>
						<String ID="P26_ST00540" HPOS="972" VPOS="2291" WIDTH="82" HEIGHT="40" CONTENT="AD." WC="0.98" CC="004"/>
						<SP ID="P26_SP00490" HPOS="1054" VPOS="2337" WIDTH="28"/>
						<String ID="P26_ST00541" HPOS="1082" VPOS="2291" WIDTH="130" HEIGHT="41" CONTENT="RÉMY" WC="0.66" CC="4350"/>
						<SP ID="P26_SP00491" HPOS="1212" VPOS="2337" WIDTH="20"/>
						<String ID="P26_ST00542" HPOS="1232" VPOS="2289" WIDTH="22" HEIGHT="48" CONTENT="(" WC="0.17" CC="8"/>
						<String ID="P26_ST00543" HPOS="1254" VPOS="2289" WIDTH="22" HEIGHT="48" CONTENT="I" WC="0.98" CC="0" STYLEREFS="TXT_2"/>
						<SP ID="P26_SP00492" HPOS="1276" VPOS="2337" WIDTH="22"/>
						<String ID="P26_ST00544" HPOS="1298" VPOS="2289" WIDTH="112" HEIGHT="48" CONTENT="vol.," WC="1.00" CC="02421" STYLEREFS="TXT_2"/>
						<SP ID="P26_SP00493" HPOS="1410" VPOS="2337" WIDTH="22"/>
						<String ID="P26_ST00545" HPOS="1432" VPOS="2295" WIDTH="23" HEIGHT="37" CONTENT="6" WC="1.00" CC="0" STYLEREFS="TXT_2"/>
						<SP ID="P26_SP00494" HPOS="1455" VPOS="2337" WIDTH="18"/>
						<String ID="P26_ST00546" HPOS="1473" VPOS="2291" WIDTH="70" HEIGHT="46" CONTENT="fr.," WC="0.77" CC="3500" STYLEREFS="TXT_2"/>
						<SP ID="P26_SP00495" HPOS="1543" VPOS="2337" WIDTH="26"/>
						<String ID="P26_ST00547" HPOS="1569" VPOS="2291" WIDTH="103" HEIGHT="40" CONTENT="chez" WC="0.99" CC="2200" STYLEREFS="TXT_2"/>
						<SP ID="P26_SP00496" HPOS="1672" VPOS="2337" WIDTH="23"/>
						<String ID="P26_ST00548" HPOS="1695" VPOS="2289" WIDTH="176" HEIGHT="48" CONTENT="Pfister," WC="0.58" CC="43706074" STYLEREFS="TXT_2"/>
						<SP ID="P26_SP00497" HPOS="1871" VPOS="2337" WIDTH="23"/>
						<String ID="P26_ST00549" HPOS="1894" VPOS="2303" WIDTH="67" HEIGHT="34" CONTENT="30," WC="0.48" CC="807" STYLEREFS="TXT_2"/>
						<SP ID="P26_SP00498" HPOS="1961" VPOS="2337" WIDTH="22"/>
						<String ID="P26_ST00550" HPOS="1983" VPOS="2290" WIDTH="179" HEIGHT="41" CONTENT="boulev." WC="0.86" CC="0024200" STYLEREFS="TXT_2"/>
					</TextLine>
					<TextLine ID="P26_TL00050" HPOS="164" VPOS="2359" WIDTH="321" HEIGHT="52">
						<String ID="P26_ST00551" HPOS="164" VPOS="2359" WIDTH="321" HEIGHT="52" CONTENT="Haussmann)." WC="0.58" CC="35400566644" STYLEREFS="TXT_2"/>
					</TextLine>
				</TextBlock>
			</PrintSpace>
		</Page>
	</Layout>
</alto>
