2293 3873
144 243 52 56 8

757 271 145 27 COURS
936 271 58 26 DU
1028 261 200 35 COLLÈGE
1260 267 57 27 DE
1349 266 169 27 FRANCE

143 367 210 37 conservé
375 364 115 38 leurs
515 362 99 52 plus
637 361 169 40 vieilles
829 361 248 40 traditions.
1101 357 69 42 En
1186 360 112 39 voici
1319 373 59 26 un
1398 357 271 41 échantillon
1699 356 186 41 musical
1910 357 89 51 pris
2033 355 102 40 chez

143 432 62 40 les
247 430 176 41 Indiens
473 430 77 40 des
589 420 279 58 États-Unis,
916 437 41 31 et
995 428 257 40 harmonisé
1306 441 80 38 par
1434 441 59 26 un
1533 427 301 51 compositeur
1878 425 258 47 américain,

142 500 61 40 M.
230 498 166 41 Arthur
415 498 216 42 Farewell
657 500 11 50 (
684 496 183 41 Wawan
886 496 144 49 Press,
1055 496 88 41 vol.
1170 495 74 51 IV,
1268 494 172 53 Navajo
1463 509 91 26 war
1571 492 166 55 dance).

196 566 87 42 Les
315 568 160 39 danses
498 567 52 40 de
574 566 154 41 chasse
758 575 100 31 sont
894 574 94 32 tout
1009 566 120 40 aussi
1155 564 269 53 répandues.
1456 562 119 42 Chez
1600 563 62 40 les
1682 562 296 48 Australiens,
2004 562 28 40 il
2060 576 26 38 y
2117 575 22 26 a

143 636 53 40 de
217 635 193 51 grandes
431 635 110 40 fêtes
563 635 54 40 de
645 636 111 50 nuit,
799 634 206 53 appelées
1037 633 267 41 corrobboris
1311 666 8 16 ,
1343 634 74 52 qui
1442 641 216 44 prennent
1682 630 167 54 parfois
1882 630 171 41 l'allure
2088 630 53 40 de

143 705 375 51 représentations
541 703 323 52 dramatiques,
888 712 41 31 et
950 704 75 51 qui
1049 703 243 40 consistent
1314 715 53 27 en
1398 715 86 27 une
1506 703 113 39 série
1653 702 54 39 de
1729 701 161 39 danses
1913 703 228 37 exécutées

144 782 160 32 autour
325 771 105 42 d'un
449 773 141 50 grand
615 771 70 42 feu
706 786 79 36 par
807 772 77 40 des
906 772 153 52 jeunes
1081 784 111 38 gens
1219 784 84 39 que
1327 770 61 40 les
1420 783 19 25 «
1461 771 127 39 vieux
1613 782 19 25 »
1658 770 52 39 de
1731 769 39 40 la
1793 768 116 41 tribu
1934 777 75 31 ont
2041 772 75 48 pré-

144 846 128 49 parés
295 850 41 32 et
358 845 222 36 entraînés
605 841 254 52 longtemps
882 840 210 40 d'avance
1117 844 21 35 à
1162 853 47 26 ce
1230 852 136 37 genre
1399 837 250 42 d'exercice.
1675 837 96 42 Une
1792 837 54 40 de
1868 850 70 27 ces
1960 837 179 46 danses,

143 914 325 48 accompagnée
490 909 103 41 d'un
615 910 64 39 air
701 909 107 40 dont
831 922 113 27 nous
974 921 138 28 avons
1136 908 39 39 la
1200 909 202 39 notation
1422 907 274 52 (reproduite
1718 920 79 38 par
1832 905 174 42 Vahlen
2029 905 112 40 dans

143 991 80 27 son
247 978 211 52 opuscule
498 976 108 41 Über
640 976 67 40 die
730 975 145 41 Musik
913 976 167 53 einiger
1101 975 322 50 Naturvôlker),
1453 989 22 26 a
1500 990 59 25 un
1597 975 174 52 rythme
1807 976 74 51 qui
1921 975 121 39 imite
2079 973 62 40 les

144 1046 143 40 bonds
329 1046 56 40 du
422 1046 264 50 kangourou
718 1045 106 40 dont
866 1044 38 40 la
944 1046 115 50 prise
1091 1052 66 32 est
1187 1045 227 39 convoitée
1453 1057 80 38 par
1567 1044 63 39 les
1661 1043 235 41 chasseurs
1933 1043 57 40 du
2015 1055 125 40 pays.

141 1114 121 40 Dans
282 1116 214 38 certaines
534 1114 162 40 danses
736 1115 163 38 usitées
922 1112 103 40 chez
1047 1112 61 40 les
1131 1111 293 53 Esquimaux,
1451 1125 113 27 nous
1587 1112 63 40 dit
1681 1112 39 40 le
1743 1113 198 51 marquis
1974 1111 53 40 de
2049 1109 61 43 Na-

138 1182 160 40 daillac
316 1181 382 55 (Anthropologie,
723 1180 114 47 XIII,
865 1194 120 37 1902,
1011 1195 41 37 p.
1082 1181 110 48 101),
1226 1180 61 40 les
1311 1180 234 49 danseurs,
1569 1180 111 40 dans
1707 1195 59 25 un
1799 1179 78 41 but
1913 1180 230 52 identique

139 1250 282 48 d'imitation,
445 1258 101 32 sont
566 1248 187 42 affublés
776 1249 53 41 de
853 1253 107 36 têtes
980 1246 165 52 d'ours,
1168 1248 53 40 de
1240 1248 146 54 loups,
1409 1247 284 48 d'hermines,
1718 1248 53 41 de
1798 1248 185 41 loutres.
2018 1248 123 41 Voici

139 1328 223 31 comment
403 1333 57 26 un
499 1331 228 39 voyageur
765 1317 58 40 du
861 1332 105 25 xvm
971 1323 15 16 e
1024 1317 147 48 siècle,
1212 1317 38 40 le
1273 1316 36 41 D
1313 1322 16 16 r
1374 1316 163 48 Pallas,
1576 1317 136 40 décrit
1750 1317 63 39 les
1864 1317 163 40 danses
2065 1317 77 40 des

139 1386 184 42 Ostiaks
343 1397 7 28 :
378 1400 20 24 «
440 1386 85 41 Les
558 1387 205 40 hommes
785 1394 41 32 et
849 1386 62 39 les
945 1386 153 52 jeunes
1121 1398 190 38 garçons
1336 1394 99 32 sont
1472 1385 63 40 les
1559 1385 120 41 seuls
1710 1387 74 51 qui
1815 1386 205 40 dansent.
2056 1385 87 41 Ces

137 1456 224 40 danses...
393 1459 301 48 représentent
733 1469 79 37 par
844 1454 62 40 les
933 1455 196 39 diverses
1152 1455 236 51 positions,
1430 1468 79 38 par
1540 1454 62 40 les
1636 1467 80 39 pas
1738 1463 40 31 et
1821 1454 61 40 les
1905 1463 150 41 gestes
2084 1455 57 40 du

136 1524 207 47 danseur,
372 1524 62 39 les
455 1523 161 40 allures
639 1523 77 40 des
739 1521 228 42 différents
985 1524 181 39 oiseaux
1190 1531 40 32 et
1254 1524 208 39 animaux
1486 1523 229 51 lorsqu'on
1736 1523 63 40 les
1821 1523 171 47 chasse,
2020 1531 40 32 et
2081 1523 62 40 les

139 1600 310 32 mouvements
470 1592 52 40 de
551 1592 190 40 certains
764 1592 207 52 poissons
996 1591 89 40 lors
1110 1591 54 40 de
1188 1591 40 40 la
1252 1591 151 52 pêche.
1428 1589 80 56 J'ai
1536 1606 56 25 vu
1618 1596 277 47 représenter
1922 1592 39 39 la
1987 1591 157 41 chasse

136 1660 54 40 de
210 1661 39 39 la
273 1660 204 49 zibeline,
503 1660 63 40 les
591 1660 162 40 allures
791 1660 54 40 de
880 1659 40 40 la
958 1672 110 37 grue
1106 1667 40 32 et
1170 1659 58 40 du
1266 1672 149 35 renne,
1442 1658 39 41 le
1512 1659 73 41 vol
1625 1660 53 39 de
1713 1659 39 40 la
1790 1658 198 42 boudrée
2028 1669 41 31 et
2103 1661 40 39 la

140 1730 194 39 manière
361 1728 107 40 dont
496 1728 82 40 elle
614 1729 125 39 saisit
774 1740 46 27 sa
854 1728 138 51 proie,
1016 1736 118 32 etc...
1160 1726 161 52 Quand
1356 1741 55 26 on
1431 1736 102 32 veut
1570 1732 276 48 représenter
1880 1726 171 43 l'allure
2085 1729 59 40 du

140 1810 150 36 renne,
316 1797 28 39 il
365 1796 91 41 faut
480 1810 87 38 que
586 1796 39 40 la
648 1798 208 50 musique
877 1797 120 39 varie
1020 1796 124 40 selon
1165 1795 62 41 les
1251 1794 228 42 différents
1508 1805 309 32 mouvements
1851 1796 53 41 de
1927 1796 214 49 l'animal,

135 1879 112 39 pour
269 1867 219 50 exprimer
509 1878 81 27 son
614 1878 96 38 pas,
734 1878 80 26 son
836 1872 102 39 trot,
958 1877 80 27 son
1059 1864 134 52 galop
1219 1872 40 32 et
1277 1877 209 39 marquer
1509 1864 203 52 lorsqu'il
1736 1864 180 41 s'arrête
1938 1866 75 48 (1).
2035 1878 19 25 »
2081 1865 62 40 La

136 1935 187 38 mission
344 1932 100 41 Mac
464 1932 174 41 Donald
657 1933 103 39 chez
785 1933 62 39 les
871 1932 234 50 indigènes
1128 1932 77 40 des
1228 1937 199 35 contrées
1450 1932 216 51 baignées
1698 1947 79 38 par
1806 1933 38 40 le
1874 1932 138 52 Niger
2035 1942 42 33 et
2107 1934 38 40 le

140 2002 152 39 Benuè
311 2015 20 26 a
351 2002 162 47 donné,
534 2014 55 27 en
617 2004 117 48 1892,
751 2001 77 39 des
845 2003 385 47 renseignements
1245 2001 246 51 analogues
1512 2014 76 27 sur
1604 2001 37 40 la
1663 2001 139 41 danse
1818 2003 55 40 de
1889 2003 157 40 chasse
2066 2001 77 54 (2).

136 2069 69 40 En
228 2078 94 31 tout
346 2069 89 40 cela
461 2069 28 39 il
514 2069 93 40 faut
628 2068 100 41 bien
751 2081 46 28 se
820 2069 161 50 garder
1000 2069 52 39 de
1072 2071 96 38 voir
1190 2084 60 25 un
1273 2069 358 40 divertissement
1655 2070 142 51 puéril
1822 2083 57 28 ou
1913 2084 87 27 une
2031 2084 86 27 mas-

137 2137 157 41 carade
317 2137 52 40 de
407 2137 207 40 carnaval
642 2139 7 36 !
692 2135 116 42 C'est
831 2135 301 54 l'application
1156 2137 52 40 de
1232 2137 38 40 la
1303 2137 118 50 règle
1457 2137 337 42 fondamentale
1824 2139 53 40 de
1900 2139 40 40 la
1969 2140 171 49 magie:

137 2206 102 53 agir
259 2221 73 24 sur
354 2205 36 40 le
412 2205 226 40 semblable
657 2212 80 46 par
761 2205 36 39 le
817 2205 228 40 semblable
1062 2220 14 33 ;
1098 2219 46 27 se
1166 2206 172 40 donner
1362 2220 57 26 un
1443 2207 116 39 droit
1581 2220 76 26 sur
1680 2206 39 41 le
1744 2206 142 51 gibier
1912 2221 53 27 en
1990 2212 130 48 possé-

141 2274 106 40 dant
271 2274 39 40 le
346 2282 137 32 secret
506 2274 54 39 de
582 2282 100 32 tous
712 2286 69 27 ses
807 2282 311 32 mouvements
1138 2283 41 31 et
1201 2288 51 26 en
1280 2274 63 41 les
1366 2275 332 51 reproduisant.

193 2342 188 40 Comme
400 2342 138 40 danse
555 2340 218 42 d'actions
794 2342 222 50 degrâces
1038 2356 55 26 ou
1112 2346 408 45 commémorative,
1540 2356 57 28 on
1616 2352 103 44 peut
1740 2346 120 46 citer,
1879 2344 111 41 dans
2008 2346 120 40 l'anti-

141 2415 122 47 quité
286 2410 238 51 classique,
554 2410 107 39 celle
697 2412 75 49 qui
805 2412 167 49 passait
1004 2424 113 38 pour
1139 2412 123 38 avoir
1293 2415 66 36 été
1382 2413 205 39 inventée
1620 2426 53 26 en
1698 2411 130 41 Crète
1853 2427 79 37 par
1961 2412 185 41 Dédale»

138 2487 41 31 et
203 2483 21 34 à
250 2478 131 40 l'aide
412 2478 53 39 de
489 2478 191 51 laquelle
701 2491 56 27 on
778 2478 208 40 célébrait
1011 2478 36 39 la
1073 2478 250 41 délivrance
1345 2480 76 39 des
1445 2481 152 51 jeunes
1617 2493 191 37 garçons
1833 2490 39 31 et
1894 2481 78 40 des
1995 2483 153 51 jeunes

141 2545 115 41 filles
278 2560 82 38 par
382 2544 189 50 Thésée,
593 2547 249 50 vainqueur
865 2546 56 40 du
955 2545 266 41 Minotaure.
1260 2546 193 41 Homère
1491 2547 52 40 l'a
1586 2547 275 42 brièvement
1893 2550 163 41 décrite
2093 2565 55 26 au

140 2629 104 25 xvm
250 2619 14 17 e
285 2614 131 40 chant
438 2614 54 39 de
515 2612 168 41 Ylliade
702 2625 7 27 :
751 2627 19 24 «
796 2613 87 40 Des
904 2615 152 51 jeunes
1076 2628 110 36 gens
1211 2615 52 40 de
1287 2615 90 40 l'un
1411 2625 40 30 et
1488 2613 153 44 l'autre
1663 2630 100 28 sexe
1792 2617 189 42 dansent
2016 2633 54 26 en
2104 2633 46 27 se

142 2691 150 33 tenant
315 2696 78 38 par
413 2682 39 39 la
478 2683 134 38 main.
647 2680 86 41 Les
764 2682 153 52 jeunes
953 2680 110 42 filles
1094 2692 100 31 sont
1226 2687 151 36 vêtues
1413 2681 105 42 d'un
1552 2685 60 40 lin
1656 2686 156 52 souple
1847 2696 40 31 et
1911 2687 121 50 léger
2054 2702 9 35 ;
2087 2688 63 40 les

141 2751 203 40 hommes
365 2758 75 33 ont
463 2750 76 40 des
563 2751 209 50 tuniques
796 2751 104 39 d'un
937 2753 110 38 tissu
1073 2751 99 52 plus
1192 2750 85 41 fort
1305 2753 90 50 qui,
1430 2754 157 39 teintes
1613 2751 132 43 d'une
1761 2754 120 40 huile
1904 2758 244 49 précieuse,

142 2818 152 53 jettent
317 2834 59 25 un
398 2817 134 41 faible
556 2819 110 39 éclat
685 2833 9 33 ;
722 2819 198 40 celles-là
945 2827 100 32 sont
1068 2824 155 47 parées
1242 2820 52 39 de
1320 2833 251 28 couronnes
1592 2836 7 33 ;
1626 2825 171 37 ceux-ci
1822 2833 76 31 ont
1918 2825 77 39 des
2020 2829 130 49 épées

145 2886 127 53 (d'or)
294 2887 277 51 suspendues
590 2890 22 36 à
634 2887 77 40 des
736 2887 234 40 baudriers
994 2886 255 53 (d'argent).
1270 2887 147 41 Pliant
1438 2888 117 41 leurs
1576 2891 125 51 pieds
1726 2891 182 49 dociles,
1932 2897 141 37 tantôt
2098 2894 54 40 ils

143 2954 216 51 voltigent
382 2968 53 26 en
459 2955 164 39 rond...
649 2958 140 37 tantôt
812 2954 53 40 ils
883 2970 41 24 se
957 2956 151 39 mêlent
1132 2961 37 33 et
1191 2961 172 34 courent
1385 2971 49 24 en
1453 2957 191 51 formant
1667 2959 137 41 divers
1829 2960 273 53 labyrinthes.
2130 2975 19 25 »

202 3022 31 40 Il
256 3038 26 37 y
306 3037 19 25 a
351 3024 120 38 aussi
494 3036 47 27 ce
570 3036 84 39 que
685 3021 70 54 j'ai
779 3023 157 52 appelé
960 3023 77 40 des
1053 3024 161 39 danses
1235 3024 54 40 de
1312 3024 248 49 séduction,
1587 3035 40 31 et
1653 3041 47 27 ce
1720 3042 85 38 que
1822 3029 61 40 les
1907 3030 218 51 ethnogra-

146 3091 109 51 phes
279 3090 221 52 appellent
522 3089 105 41 d'un
649 3099 92 32 mot
765 3091 99 52 plus
885 3090 146 41 brutal
1049 3107 6 24 :
1082 3092 162 40 danses
1262 3092 212 53 lubriques
1482 3124 7 8 .
1512 3092 120 43 Elles
1654 3098 243 40 consistent
1920 3102 20 36 à
1962 3100 191 51 inspirer

147 3158 188 41 l'amour
355 3174 78 37 par
456 3160 38 39 le
518 3160 237 40 simulacre
775 3160 54 40 de
853 3160 202 40 l'amour.
1082 3159 121 41 Elles
1226 3170 100 31 sont
1350 3165 229 38 exécutées
1603 3168 142 38 tantôt
1768 3180 80 38 par
1870 3167 77 40 des
1963 3166 189 43 femmes

193 3332 49 43 (1)
273 3333 143 42 Voyage
451 3335 47 29 du
523 3333 30 31 D
558 3341 8 15 1
567 3332 4 55 *
593 3332 57 32 M.
677 3333 43 32 P.
746 3333 38 33 S.
814 3333 133 39 Pallas,
972 3335 141 31 docteur
1138 3346 41 20 en
1202 3336 191 42 médecine,
1427 3348 40 20 en
1496 3338 200 43 différentes
1719 3343 184 41 provinces
1935 3342 38 38 fe
1997 3343 159 44 Vempire

150 3383 39 30 de
215 3383 129 30 Russie
364 3387 31 28 et
416 3384 88 30 dans
525 3383 110 31 l'Asie
657 3383 272 42 septentrionale
934 3408 7 15 ,
972 3383 133 33 traduit
1128 3385 43 32 de
1197 3384 203 34 l'allemand
1424 3397 63 30 par
1523 3389 47 31 M.
1606 3389 176 35 Gauthier
1804 3393 44 32 de
1884 3396 31 29 la
1957 3394 195 42 Peyronie,

151 3432 150 32 commis
327 3432 61 32 des
411 3432 148 33 Affaires
579 3433 208 42 étrangères
814 3433 40 41 (4
872 3436 87 38 vol.,
986 3434 111 40 Paris,
1121 3434 165 45 1789-93,
1310 3436 85 33 chez
1417 3437 187 40 Maradan,
1633 3448 23 24 t.
1682 3441 58 39 IV,
1762 3454 36 29 p.
1823 3443 42 42 85
1888 3451 34 25 et
1943 3444 122 42 suiv.).

197 3481 48 42 (2)
271 3481 52 43 Up
350 3482 53 30 the
440 3483 130 40 Niger,
597 3483 177 30 narrative
815 3483 41 37 of
881 3486 115 39 major
1033 3484 131 32 Claude
1193 3485 246 32 Macdonald's
1478 3488 150 33 Mission
1650 3495 31 27 to
1707 3492 54 31 the
1783 3493 118 40 Niger
1937 3495 71 30 and
2035 3494 120 33 Benue

156 3531 135 38 Rivers,
323 3531 96 33 West
434 3531 135 42 Africa,
590 3531 41 42 by
649 3533 156 42 capitain
828 3534 45 30 A.
895 3533 39 35 F,
957 3532 162 34 Mockler
1138 3535 193 43 Feryman,
1366 3543 95 27 etc...
1490 3538 164 39 London,
1686 3541 103 43 1892,
1828 3546 86 29 chez
1943 3543 41 32 G.
2019 3545 135 42 Philip,

153 3592 40 31 p.
225 3591 81 34 273.
