2293 3873
746 261 322 29 PUBLICATIONS
1101 259 51 28 ET
1186 258 195 27 OEUVRES
1417 250 227 33 RÉCENTES

198 268 51 27 20

197 358 187 47 victoire,
402 366 40 30 et
464 356 58 40 du
543 356 103 39 récit
665 354 52 40 de
741 352 191 41 Calchas
952 353 74 50 qui
1046 352 38 39 le
1106 355 201 48 prépare.
1333 349 81 40 Cet
1438 349 183 51 épisode
1645 356 65 32 est
1735 347 38 39 la
1790 348 122 37 vraie
1935 344 261 40 conclusion

197 427 54 40 de
273 427 38 39 la
334 424 211 51 tragédie.
571 422 330 52 Logiquement
924 420 57 40 du
1002 421 160 39 moins.
1197 417 113 42 Mais
1336 419 37 38 la
1410 418 196 51 logique,
1632 430 52 26 au
1703 416 185 48 théâtre,
1912 412 175 42 est-elle
2107 416 19 35 à
2150 424 46 27 sa

197 496 125 51 place
343 497 15 36 ?

1498 553 147 42 HENRI
1686 552 255 53 QUITTARD.

1815 713 33 4 —
1886 688 62 41 LA
1976 702 140 27 DANSE
2143 702 55 26 DE

198 784 19 24 «
244 769 239 45 SALO.MÉ»,
525 782 56 26 DE
624 766 51 42 R.
712 764 221 42 STRAUSS.
968 787 53 5 —
1058 761 64 42 LA
1162 768 226 34 NEUVIÈME
1425 774 255 27 SYMPHONIE
1711 773 54 26 DE
1806 758 293 41 BEETHOVEN.

197 837 249 57 J'avouerai
471 842 85 35 très
581 835 283 52 simplement
880 837 91 36 être
986 831 281 41 embarrassé
1290 844 113 38 pour
1434 830 172 40 donner
1627 841 85 27 une
1735 828 362 50 caractéristique
2122 826 79 39 des

198 905 234 42 Souvenirs
440 937 5 8 ,
471 910 154 47 poème
651 916 84 39 que
773 902 61 40 M.
861 901 188 41 Vincent
1084 899 154 52 d'Indy
1270 900 149 39 écrivit
1437 912 54 26 en
1517 901 120 47 1906.
1684 909 106 27 sous
1825 893 248 42 l'influence
2096 893 104 41 d'un

198 975 117 40 deuil
336 974 132 49 cruel,
491 982 41 31 et
582 973 107 39 dont
724 971 28 39 il
790 985 22 25 a
848 970 142 49 dirigé
1028 969 228 39 lui-même
1295 964 261 42 l'exécution
1595 980 54 26 au
1683 973 177 32 concert
1902 962 207 41 Colonne
2141 963 58 39 du

201 1057 48 25 22
264 1041 248 41 décembre.
535 1040 170 44 Certes,
726 1039 38 39 la
778 1039 196 39 maîtrise
996 1037 53 39 de
1068 1035 190 41 l'auteur
1273 1037 53 38 de
1340 1035 13 39 l
1369 1025 221 63 Étranger
1605 1047 46 27 se
1675 1037 229 37 reconnaît
1922 1045 105 27 sans
2041 1033 130 51 peine
2189 1046 8 33 ;

200 1112 111 38 mais
329 1124 85 26 une
445 1109 120 40 seule
602 1109 199 39 audition
825 1120 54 26 ne
901 1119 70 26 me
1000 1103 115 42 suffit
1140 1117 78 39 pas
1239 1103 225 52 pourvoir
1496 1103 106 39 clair
1627 1102 111 40 dans
1763 1110 109 32 cette
1896 1101 303 51 composition

200 1178 217 51 originale
439 1185 41 31 et
501 1178 35 38 si
559 1176 246 51 artistique.
828 1173 62 40 Le
913 1173 150 52 public
1085 1172 60 39 lui
1169 1185 21 26 a
1225 1170 77 41 fait
1323 1185 58 26 un
1407 1171 162 40 accueil
1601 1170 264 40 chaleureux
1888 1181 9 38 ;
1933 1172 219 49 peut-être
2174 1183 25 37 y

201 1246 173 41 avait-il
398 1253 172 33 surtout
590 1244 111 40 dans
722 1256 70 27 ses
814 1241 434 53 applaudissements
1272 1252 85 27 une
1393 1252 186 39 marque
1607 1239 54 40 de
1679 1239 134 40 haute
1833 1237 233 40 déférence
2088 1250 113 39 pour

200 1329 59 26 un
282 1318 156 36 maître
461 1314 107 39 dont
602 1312 38 40 le
673 1316 219 35 caractère
924 1318 64 32 est
1009 1312 35 37 si
1065 1310 156 39 estimé
1243 1316 41 32 et
1308 1323 58 24 un
1391 1309 289 48 témoignage
1703 1305 150 53 public
1872 1306 54 40 de
1946 1305 255 53 sympathie

199 1396 113 39 pour
335 1383 62 39 les
421 1383 262 38 sentiments
704 1378 155 41 nobles
882 1387 41 31 et
944 1377 236 41 touchants
1200 1378 74 51 qui
1296 1374 107 42 l'ont
1426 1376 182 51 inspiré.
1632 1374 109 41 Bien
1768 1387 84 40 que
1876 1374 64 40 les
1965 1373 238 41 Souvenirs

202 1453 142 38 soient
364 1451 238 39 construits
636 1461 74 27 sur
739 1462 60 27 un
828 1446 94 40 seul
947 1446 163 46 thème,
1137 1458 56 28 on
1226 1458 22 26 a
1271 1444 192 53 quelque
1493 1445 128 50 peine
1658 1448 22 35 à
1713 1441 63 54 s'y
1812 1446 293 37 reconnaître.
2133 1441 68 41 En

204 1527 180 44 passant
407 1532 78 38 par
508 1517 77 40 des
609 1514 389 42 transformations
1021 1514 195 40 diverses
1237 1512 53 41 de
1313 1512 173 53 rythme
1509 1521 40 31 et
1576 1512 294 47 d'harmonie,
1891 1509 125 41 l'idée
2037 1511 139 52 princi-

201 1589 98 50 pale
317 1600 46 26 se
386 1585 263 51 fragmente,
676 1597 45 27 se
741 1583 219 52 disloque,
984 1580 266 47 s'obnubile,
1279 1590 65 31 est
1368 1589 187 31 souvent
1579 1578 403 42 méconnaissable.
2009 1578 192 41 Comme

200 1656 266 51 impression
491 1652 222 52 générale,
739 1652 39 52 je
812 1653 93 38 suis
945 1650 154 52 frappé
1122 1650 52 40 de
1199 1658 177 32 trouver
1398 1649 111 40 dans
1543 1657 110 32 cette
1676 1649 303 51 composition
2006 1653 89 34 très
2118 1661 85 38 peu

202 1724 53 39 de
271 1723 133 40 chose
428 1723 73 51 qui
527 1721 195 52 rappelle
757 1719 40 40 la
819 1721 197 38 manière
1040 1718 54 40 de
1117 1717 139 41 César
1289 1717 190 47 Franck,
1506 1740 51 4 —
1581 1717 162 52 lequel,
1768 1721 21 35 à
1810 1719 111 47 côté,
1957 1729 69 27 me
2062 1720 143 48 paraît

199 1791 182 52 limpide
411 1803 171 28 comme
605 1789 58 40 du
699 1788 163 41 cristal.
889 1786 62 41 La
988 1787 178 40 marche
1201 1786 209 50 générale
1433 1785 53 40 de
1513 1785 38 40 la
1576 1785 282 52 symphonie,
1885 1785 23 39 Y
1915 1784 141 40 action
2084 1797 88 39 sym-

202 1860 242 52 phonique,
468 1860 35 38 si
527 1858 38 51 je
585 1858 99 51 puis
708 1857 108 47 dire,
843 1869 70 26 me
929 1858 142 49 paraît
1094 1869 58 26 un
1186 1868 84 39 peu
1289 1854 131 47 lente,
1444 1858 167 48 coupée
1633 1867 81 38 par
1736 1867 58 26 un
1820 1858 125 35 excès
1966 1853 54 39 de
2042 1853 162 40 détails

201 1928 111 40 dans
333 1926 230 40 l'écriture.
591 1924 62 54 Çà
671 1933 40 31 et
731 1925 38 39 là
791 1924 77 40 des
891 1924 152 40 heurts
1065 1923 259 40 dissonants
1352 1923 275 49 témoignent
1649 1922 134 39 d'une
1801 1921 170 50 grande
1987 1921 192 52 indépen-

200 1996 139 40 dance
358 1993 178 53 d'esprit
560 2002 40 32 et
619 1994 54 39 de
693 1995 120 37 main
839 2008 8 32 ;
883 1994 112 37 mais
1018 2006 55 26 on
1100 2005 51 26 ne
1174 1993 90 38 voit
1283 2005 79 38 pas
1393 1990 101 40 bien
1517 1992 60 48 (et
1601 1992 85 38 ceci
1707 1994 196 48 paraîtra
1929 2003 105 26 sans
2065 1990 134 39 doute

201 2069 182 44 étrange
405 2067 21 35 à
451 2062 203 49 l'auteur)
677 2062 95 39 leur
792 2062 149 38 raison
972 2058 151 42 d'être.
1147 2058 62 41 La
1234 2059 181 40 couleur
1438 2058 163 40 subtile
1625 2058 53 40 de
1696 2057 428 41 l'instrumentation
2149 2071 54 27 ne

201 2135 142 50 paraît
367 2144 78 40 pas
469 2144 53 26 en
555 2138 179 44 rapport
757 2128 102 41 bien
882 2130 129 38 étroit
1044 2141 102 27 avec
1170 2128 37 39 le
1229 2129 238 38 sentiment
1487 2132 21 34 à
1533 2128 236 51 exprimer.
1797 2125 171 41 Encore
1993 2139 86 27 une
2100 2126 103 48 fois,

203 2209 93 32 tout
316 2201 87 39 ceci
427 2212 69 27 me
519 2202 142 49 paraît
684 2211 54 27 en
758 2197 164 41 dehors
945 2197 76 39 des
1046 2195 239 41 habitudes
1309 2196 53 39 de
1385 2194 141 41 César
1543 2195 190 50 Franck,
1754 2195 144 52 plutôt
1919 2199 187 47 marqué
2128 2209 80 38 par

202 2267 262 43 l'obsession
484 2268 76 39 des
583 2267 200 40 derniers
804 2274 214 44 quatuors
1039 2265 53 39 de
1113 2264 269 41 Beethoven.
1402 2264 72 41 Un
1494 2263 114 42 beau
1627 2265 114 39 tutti,
1768 2264 94 40 seul
1875 2264 84 38 m'a
1981 2265 220 39 vraiment

201 2342 117 36 ému.
357 2335 62 42 Le
440 2344 111 32 reste
574 2350 21 25 a
620 2344 97 43 trop
755 2335 53 39 de
831 2334 159 54 façon.
1026 2332 115 40 Mais
1165 2335 86 38 ceci
1276 2332 111 41 n'est
1424 2332 163 52 qu'une
1611 2333 270 51 impression
1906 2337 86 35 très
2015 2330 165 54 superfi-

201 2405 123 40 cielle
346 2419 9 34 ;
378 2406 37 51 je
433 2403 219 40 demande
676 2407 20 35 à
720 2402 259 39 réentendre
999 2401 222 52 plusieurs
1246 2400 97 41 fois.

254 2472 63 40 La
342 2472 138 40 danse
502 2472 53 39 de
596 2470 172 40 Salomê
809 2485 22 24 a
856 2474 67 35 été
956 2471 228 50 appréciée
1230 2470 52 38 ici
1306 2472 145 36 même
1494 2472 21 36 à
1536 2469 223 51 plusieurs
1802 2471 208 50 reprises.
2048 2468 51 55 Je
2138 2482 69 27 me

202 2540 203 41 bornerai
430 2544 21 35 à
477 2539 195 50 signaler
689 2551 85 28 une
794 2537 84 41 fois
901 2537 52 40 de
975 2537 100 52 plus
1095 2537 212 40 l'énorme
1330 2537 333 52 disproportion
1682 2537 58 40 du
1755 2539 112 51 sujet
1886 2542 21 35 à
1923 2539 154 39 traiter
2100 2551 108 26 avec

202 2610 62 38 les
285 2620 184 40 moyens
483 2607 241 52 employés.
750 2605 120 52 Trop
893 2605 25 40 A
938 2605 172 54 affaires
1124 2619 111 38 pour
1258 2618 86 27 une
1364 2605 159 52 simple
1537 2605 138 40 danse
1693 2605 58 40 du
1785 2614 152 32 ventre
1962 2606 6 39 !
1990 2605 217 41 L'auteur

204 2685 100 32 veut
325 2675 183 54 peindre
529 2689 85 27 une
630 2680 129 35 scène
782 2674 217 40 colossale
1018 2674 210 52 (quelque
1249 2674 133 39 chose
1423 2686 174 28 comme
1634 2674 38 40 le
1712 2673 180 41 tableau
1932 2675 53 39 de
2032 2674 147 41 Roche-

202 2759 156 37 grosse
384 2758 7 24 :
411 2744 193 53 Banquet
621 2744 70 39 des
714 2742 320 40 ambassadeurs
1066 2742 197 40 barbares
1288 2746 19 34 à
1334 2742 38 39 la
1398 2755 105 27 cour
1535 2742 53 40 de
1625 2742 261 55 Justinien),
1926 2753 40 30 et
2008 2743 28 39 il
2070 2743 138 52 pèche

205 2822 150 32 contre
375 2826 85 26 une
477 2812 57 40 loi
555 2812 285 40 élémentaire
861 2812 52 38 de
938 2812 95 39 l'art
1060 2822 7 27 :
1089 2811 164 40 choisir
1272 2810 76 40 des
1370 2824 185 39 moyens
1580 2813 261 51 appropriés
1853 2826 54 26 au
1928 2812 114 51 sujet
2064 2816 22 34 à
2108 2813 80 38 trai-

206 2892 81 30 ter.
320 2881 30 40 Il
375 2894 44 26 se
437 2889 170 43 trompe
638 2882 121 38 aussi
780 2894 53 26 en
877 2888 180 44 croyant
1080 2893 100 38 que,
1208 2892 112 39 pour
1360 2878 108 41 faire
1493 2880 54 40 de
1593 2880 40 40 la
1675 2880 195 48 couleur,
1915 2894 53 26 en
1985 2881 221 51 musique,

205 2950 28 39 il
257 2949 91 40 faut
365 2949 227 52 employer
614 2962 85 26 une
717 2948 236 41 multitude
976 2946 349 41 d'instruments.
1347 2947 122 40 Deux
1494 2961 55 27 ou
1572 2949 107 40 trois
1720 2948 185 41 timbres
1935 2949 231 52 employés
2187 2953 19 35 à

204 3031 165 38 propos
392 3016 197 41 suffisent
613 3021 22 35 à
655 3017 210 52 produire
887 3017 39 40 le
948 3017 160 40 coloris
1133 3017 38 39 le
1190 3016 100 52 plus
1308 3018 155 50 exquis
1489 3016 7 38 !

259 3085 143 41 Toute
424 3087 206 50 musique
653 3085 169 40 semble
847 3085 99 52 pâle
965 3094 40 31 et
1029 3085 145 40 débile
1206 3107 37 6 —
1271 3085 182 40 eût-elle
1477 3085 324 53 l'embonpoint
1826 3086 39 40 le
1904 3087 101 51 plus
2025 3091 183 36 énorme

204 3177 48 6 —
277 3159 20 35 à
316 3157 95 37 côté
433 3154 52 39 de
509 3154 38 39 la
568 3153 217 41 neuvième
809 3154 53 40 de
886 3153 272 41 Beethoven.
1185 3153 127 41 Cette
1333 3167 151 27 œuvre
1507 3158 149 36 écrase
1681 3163 109 32 tout.
1836 3154 97 40 Elle
1968 3164 66 31 est
2069 3158 139 45 saine,

202 3224 144 52 jeune,
374 3221 371 41 admirablement
767 3221 261 52 équilibrée,
1055 3222 145 52 pleine
1223 3222 51 40 de
1300 3222 100 52 joie,
1436 3222 133 40 cfune
1613 3222 203 53 ampleur
1849 3222 296 54 magnifique,
2171 3233 38 31 et

201 3290 105 42 d'un
330 3290 190 41 sublime
542 3292 72 50 qui
640 3292 68 38 n'a
730 3304 79 38 pas
830 3294 66 36 été
919 3291 188 51 dépassé
1109 3290 4 52 ;
1129 3305 9 34 ;
1173 3290 83 40 elle
1280 3304 21 26 a
1321 3290 279 40 l'admirable
1623 3291 178 40 solidité
1818 3292 53 40 de
1889 3301 221 31 structure
2134 3293 75 40 des

201 3361 322 50 compositions
547 3359 52 39 de
617 3358 120 40 Bach
753 3367 57 41 et,
832 3372 54 26 en
908 3358 113 52 plus,
1050 3367 119 33 toute
1187 3359 38 39 la
1242 3360 150 51 poésie
1413 3359 58 40 du
1496 3361 239 39 sentiment
1759 3369 41 32 et
1823 3361 54 39 de
1898 3361 39 39 la
1962 3361 246 41 tendresse.

202 3426 120 42 C'est
344 3428 185 40 humain
553 3436 40 31 et
615 3428 121 39 divin
758 3436 91 31 tout
871 3431 21 35 à
912 3428 36 38 la
973 3426 99 42 fois.
1100 3427 120 40 Dans
1244 3428 24 39 Y
1274 3426 182 56 adagio,
1476 3428 77 39 des
1571 3428 209 41 horizons
1806 3429 198 40 illimités
2044 3443 46 27 se
2114 3443 72 28 suc-

201 3496 155 40 cèdent
381 3509 103 26 sans
508 3494 78 52 fin,
609 3504 42 32 et
666 3495 39 40 le
729 3497 232 46 musicien,
990 3509 103 26 avec
1132 3495 39 40 le
1202 3496 70 40 vol
1298 3496 130 52 plané
1451 3495 53 40 de
1548 3494 315 55 l'inspiration,
1908 3497 172 42 semble
2115 3511 71 40 par-

202 3566 146 40 courir
368 3577 85 28 une
487 3566 112 39 suite
616 3564 52 40 de
692 3564 187 40 mondes
908 3570 55 34 où
983 3573 92 31 tout
1098 3565 131 38 serait
1254 3564 174 47 beauté,
1467 3567 112 45 âme,
1607 3565 239 42 héroïsme,
1892 3580 173 35 amour,
2112 3568 97 39 har-

298 700 325 44 «SOUVENIRS»,
658 703 144 35 POÈME
840 709 119 28 POUR
992 708 262 28 ORCHESTRE
1278 707 56 26 DE
1372 692 206 41 VINCENT
1601 691 172 40 D'INDY.
