2293 3873
2143 303 0 0 29

928 266 411 27 CORRESPONDANCE

271 358 148 42 Parmi
445 359 62 39 les
528 367 197 31 concerts
746 358 62 40 les
829 359 99 52 plus
952 360 293 41 intéressants
1265 361 54 40 de
1343 360 37 40 la
1408 359 252 52 quinzaine,
1686 370 115 28 nous
1825 358 192 39 citerons
2059 362 21 36 à
2103 358 38 39 la

134 428 108 40 salle
263 427 148 53 Pleyel
437 427 110 40 celui
570 427 52 39 de
660 424 62 42 M.
750 424 202 54 Georges
976 426 172 50 Caries,
1174 430 130 51 jeune
1323 428 240 42 violoniste
1586 426 216 47 d'avenir,
1829 426 74 52 qui
1952 440 20 26 a
2014 427 108 39 inter-

132 500 120 48 prété
275 496 38 40 le
336 504 205 32 concerto
585 508 52 27 en
661 495 65 39 sol
765 495 168 40 mineur
972 496 53 40 de
1065 495 102 42 Max
1194 497 163 49 Bruch,
1383 497 40 41 le
1443 511 20 25 2
1468 501 16 18 e
1496 504 205 32 concerto
1726 494 54 41 de
1817 492 318 47 Wieniawski,

135 565 38 39 la
200 578 207 26 romance
442 578 54 26 en
525 564 47 50 fa
605 564 54 40 de
696 563 258 43 Beethoven
991 574 41 31 et
1060 565 121 40 Varia
1206 567 53 40 de
1277 566 136 41 Bach.

186 632 146 41 Même
368 633 124 51 salle,
519 631 59 42 M.
617 632 46 41 F.
701 632 237 52 Matignon
981 634 36 49 (i
1028 638 33 18 er
1082 637 96 50 prix
1214 635 53 41 de
1289 635 149 41 violon
1462 635 53 40 de
1549 637 118 49 1906,
1689 633 141 40 classe
1869 632 54 40 de
1964 631 61 40 M.
2054 630 82 41 Ed.

131 699 210 50 Nadaud)
364 715 22 26 a
426 705 209 48 composé
659 717 58 25 un
753 715 289 39 programme
1083 705 267 40 intéressant
1376 717 103 27 avec
1503 703 40 40 le
1583 717 44 26 21
1639 710 14 19 e
1689 710 193 44 quatuor
1924 704 21 37 à
1989 700 155 41 cordes

131 770 53 40 de
207 769 186 49 Mozart,
411 770 39 40 la
478 779 156 32 sonate
667 783 53 27 en
745 776 42 34 ut
826 771 167 40 mineur
1033 771 53 41 de
1122 770 154 53 Grieg,
1317 772 39 40 la
1376 771 214 41 sérénade
1626 771 53 40 de
1714 769 262 41 Beethoven
2017 770 129 49 (avec

131 837 111 41 MM.
270 837 189 42 Lefranc
481 848 41 32 et
546 838 204 53 Doucet),
777 838 37 41 le
840 849 193 43 quatuor
1056 842 134 51 piano
1214 849 41 33 et
1279 841 155 40 cordes
1458 840 53 40 de
1532 839 193 41 Brahms
1767 837 79 54 (M.
1882 838 176 40 Batalla
2085 852 55 26 au

133 908 168 51 piano).

190 974 61 40 M.
277 976 45 39 F.
346 974 253 52 Matignon,
620 990 86 39 que
739 990 114 28 nous
875 979 157 39 avions
1056 978 95 53 déjà
1176 978 194 41 entendu
1394 978 87 41 l'an
1517 978 195 48 dernier,
1740 991 21 26 a
1804 977 153 52 acquis
1988 989 159 27 encore

136 1044 99 52 plus
261 1044 236 42 d'autorité
519 1054 41 32 et
586 1046 53 40 de
680 1046 113 52 style
815 1058 8 38 ;
863 1047 28 40 il
917 1046 103 41 s'est
1063 1046 169 42 affirmé
1254 1047 213 41 excellent
1505 1047 239 40 violoniste
1776 1056 58 38 et,
1860 1059 45 27 ce
1945 1047 75 51 qui
2043 1053 102 33 vaut

136 1115 161 49 mieux,
321 1114 214 41 excellent
554 1115 218 40 musicien

1869 1182 48 42 S.

885 1448 525 53 Correspondance.

194 1583 48 54 Je
266 1585 139 49 reçois
435 1583 39 40 la
496 1583 125 40 lettre
645 1584 203 38 suivante
871 1595 8 26 :

1378 1682 183 39 Asnières,
1592 1681 40 33 16
1649 1681 193 33 décembre
1870 1691 102 32 1907.

365 1775 231 41 Monsieur
619 1774 38 41 le
681 1774 229 42 Directeur
930 1774 53 40 de
1023 1774 40 40 la
1083 1773 143 41 Revue
1258 1773 217 47 musicale,

198 1870 121 40 Vous
338 1871 74 51 qui
437 1870 250 49 témoignez
732 1877 93 31 tant
860 1868 26 39 d
906 1870 159 37 intérêt
1099 1881 82 26 aux
1214 1867 242 40 musiciens
1479 1874 40 32 et
1557 1867 75 49 qui
1668 1877 103 28 avez
1795 1863 98 52 déjà
1921 1864 91 51 pris
2049 1862 103 40 leur

143 1938 179 40 défense
346 1938 111 40 dans
479 1936 254 42 différentes
750 1938 343 45 circonstances,
1117 1948 258 28 serez-vous
1398 1933 255 41 indifférent
1674 1937 21 36 à
1720 1931 193 54 l'injuste
1936 1932 213 39 situation

141 2020 84 40 que
247 2008 38 52 je
309 2008 123 39 viens
455 2019 111 27 vous
597 2005 196 51 signaler
818 2006 14 38 ?
854 2004 30 41 Il
917 2002 198 53 s'agirait
1135 2004 53 40 de
1209 2003 109 41 faire
1335 2002 193 51 abroger
1548 2017 59 25 un
1632 2001 151 41 article
1815 2001 57 40 du
1907 2000 148 40 cahier
2072 2000 78 39 des

142 2077 189 49 charges
354 2075 53 40 de
421 2074 179 53 l'Opéra
623 2083 42 32 et
684 2074 54 40 de
762 2072 432 54 l'Opéra-Comique
1218 2074 75 50 qui
1317 2085 111 27 nous
1453 2080 125 44 porte
1602 2075 21 35 à
1648 2083 128 33 nous,
1801 2070 153 52 jeunes
1973 2081 150 40 compo-

142 2146 176 48 siteurs,
353 2144 37 39 le
439 2143 100 52 plus
594 2157 137 37 grave
766 2142 239 53 préjudice.
1040 2140 206 42 L'article
1289 2140 162 52 auquel
1488 2140 38 52 je
1550 2139 82 40 fais
1676 2139 194 40 allusion
1909 2138 62 39 dit
2014 2137 138 52 qu'un

142 2228 190 38 ouvrage
362 2213 106 53 joué
501 2227 51 24 en
576 2211 200 54 province
809 2226 28 24 n
856 2217 57 33 est
948 2219 76 45 pas
1062 2213 162 50 compté
1247 2223 161 26 comme
1442 2223 140 25 œuvre
1618 2207 194 40 nouvelle
1850 2210 22 36 à
1907 2205 148 40 Paris.
2093 2204 61 40 Le

144 2281 185 41 résultat
353 2279 105 42 d'un
493 2281 139 51 pareil
659 2279 150 41 article
832 2288 65 32 est
926 2277 281 54 d'empêcher
1246 2277 163 54 qu'une
1451 2279 120 50 pièce
1610 2277 126 51 jouée
1757 2288 103 28 avec
1884 2280 150 35 succès
2077 2288 77 26 sur

146 2363 85 27 une
252 2355 127 34 scène
401 2349 53 40 de
485 2350 209 51 province
715 2349 151 51 puisse
889 2347 141 41 forcer
1046 2347 61 40 les
1123 2356 149 43 portes
1286 2347 54 39 de
1361 2344 177 54 l'Opéra
1561 2359 56 26 ou
1636 2345 53 39 de
1707 2343 441 53 l'Opéra-Comique.

144 2418 79 40 Tel
256 2427 65 31 est
355 2431 104 27 mon
496 2430 73 27 cas
607 2430 112 39 pour
742 2430 105 26 mon
882 2417 153 39 drame
1070 2415 189 41 musical
1296 2414 339 41 l'Anniversaire
1641 2444 9 17 ,
1677 2414 74 51 qui
1789 2411 64 42 fut
1898 2416 255 48 représenté

144 2486 84 41 l'an
254 2491 146 47 passé,
424 2499 172 27 comme
619 2498 112 28 vous
755 2485 39 40 le
814 2498 145 37 savez,
974 2499 56 25 au
1048 2483 367 42 Grand-Théâtre
1437 2483 54 40 de
1507 2482 235 41 Bordeaux
1765 2489 41 32 et
1819 2481 107 40 dont
1948 2480 39 41 le
2003 2486 151 35 succès

144 2555 63 41 fut
241 2556 337 39 unanimement
605 2558 199 36 constaté
839 2568 80 38 par
942 2554 38 39 la
1000 2566 152 40 presse
1191 2552 139 40 locale
1347 2560 40 32 et
1410 2552 269 52 parisienne.
1698 2549 327 41 Actuellement
2049 2561 104 28 mon

144 2625 153 39 drame
320 2637 51 26 va
395 2639 28 37 y
442 2627 90 38 être
574 2624 139 52 repris
737 2632 41 31 et
811 2635 96 27 sera
943 2622 148 40 donné
1119 2630 64 32 cet
1216 2620 125 41 hiver
1378 2635 54 25 au
1457 2620 170 40 théâtre
1667 2619 78 40 des
1781 2616 122 49 Arts,
1928 2622 22 35 à
1976 2616 176 49 Rouen,

144 2706 55 27 au
237 2691 204 52 Capitole
477 2693 53 39 de
565 2691 230 41 Toulouse
814 2700 40 31 et
891 2705 54 26 au
971 2691 169 40 théâtre
1160 2689 244 53 municipal
1427 2689 54 40 de
1506 2686 243 43 Grenoble.

198 2759 253 56 J'espérais,
487 2766 129 47 après
640 2769 65 32 cet
729 2761 197 40 heureux
962 2765 167 44 succès,
1150 2759 39 40 le
1212 2757 110 42 faire
1361 2759 125 51 jouer
1509 2761 21 36 à
1559 2756 143 41 Paris.
1731 2754 63 42 Or
1816 2756 112 40 voici
1955 2755 39 40 la
2030 2755 127 40 lettre

146 2843 87 40 que
255 2827 71 55 j'ai
348 2843 127 36 reçue
498 2830 52 39 de
574 2830 90 40 l'un
687 2829 77 40 des
788 2829 242 40 directeurs
1054 2828 53 41 de
1130 2841 82 28 nos
1233 2827 194 41 théâtres
1460 2825 354 42 subventionnés
1842 2837 54 27 en
1927 2828 188 48 réponse
2134 2827 20 36 à

145 2912 87 26 une
254 2898 222 40 demande
499 2896 240 42 d'audition
762 2910 113 41 pour
898 2910 107 28 mon
1027 2897 156 41 drame
1209 2910 8 26 :

342 3015 259 51 Monsieur,

204 3117 109 41 Mon
336 3116 158 42 cahier
517 3116 76 41 des
616 3116 193 54 charges
828 3129 70 29 me
917 3115 96 54 fait
1044 3128 57 28 un
1127 3114 158 42 devoir
1308 3113 53 41 de
1385 3126 53 28 ne
1468 3111 288 56 représenter
1778 3124 84 42 que
1886 3111 77 40 des
1985 3123 174 29 œuvres

148 3185 211 42 inédites.
383 3185 388 50 L'Anniversaire,
816 3185 114 41 dont
940 3184 26 55 j
973 3186 5 11 y
987 3184 46 41 ai
1054 3198 52 26 su
1129 3184 40 40 le
1195 3184 154 40 succès
1373 3185 24 37 à
1421 3181 269 52 Bordeaux,
1717 3193 54 27 ne
1792 3179 183 41 saurait
2005 3185 158 35 entrer

148 3267 53 28 en
227 3256 126 53 ligne
375 3253 54 42 de
452 3261 173 46 compte
647 3255 114 40 dans
788 3255 39 40 le
865 3255 130 50 total,
1039 3265 125 42 asse\
1205 3251 122 42 élevé
1350 3250 124 55 déjà,
1505 3249 78 42 des
1614 3255 122 35 actes
1759 3262 85 42 que
1854 3248 53 54 je
1936 3247 97 42 suis
2056 3254 103 34 tenu

148 3324 54 40 de
224 3323 307 54 représenter.

204 3392 128 40 Dans
355 3405 71 27 ces
463 3392 278 52 conditions,
758 3391 50 55 je
836 3405 53 27 ne
909 3391 218 41 voudrais
1147 3403 82 38 pas
1251 3390 167 53 perdre
1453 3389 290 39 inutilement
1766 3392 130 35 votre
1922 3392 153 47 temps.

206 3460 198 55 Agrée\,
430 3467 90 35 etc.

206 3573 67 42 Ne
287 3576 280 51 pourrait-on
593 3589 79 38 pas
686 3577 255 51 supprimer
958 3588 56 27 ou
1039 3582 94 33 tout
1155 3588 53 25 au
1231 3574 147 39 moins
1399 3570 214 42 réformer
1633 3578 110 32 cette
1766 3569 221 41 clausedu
2010 3568 151 41 cahier
