3523 4580
2802 3879 31 49 3

1531 1786 451 88 Phantasus

650 1793 361 72 Gerhard
1062 1793 412 72 Ausleger

647 1985 96 63 Jdj
789 1985 97 50 bin
928 1995 104 39 uor
1077 1983 127 59 eudi
1250 1981 98 50 ser
1389 1978 194 50 THann
1626 1987 114 39 aus
1785 1976 169 49 altera
1996 1966 740 68 Sdnffsgefdßditenbudie;

649 2078 136 60 nad]
828 2075 262 53 XDunder
1131 2072 241 63 fremder
1414 2069 221 51 Länder
1678 2067 210 62 feltfam
1931 2064 98 61 auf
2072 2064 98 48 der
2212 2060 181 61 Sucße

649 2168 129 51 meit
818 2167 77 51 im
940 2164 454 63 tjonigfarbenen
1434 2161 174 58 'Rock;

649 2260 97 50 mit
788 2260 179 49 einem
1004 2256 353 61 Übermaßen
1389 2252 219 62 grünen
1637 2248 274 64 Papagei
1952 2247 117 49 und
2100 2246 98 49 mit
2227 2238 127 66 (uor
2389 2238 211 62 allem*)
2631 2239 200 64 feinem

1616 2340 249 62 fdirullig
1909 2335 464 63 aufgemundnen
2415 2331 414 65 palmenflock;

652 2453 95 38 am
795 2441 191 48 lauten
1027 2437 200 61 Isafen,
1577 2431 209 51 dürren
1827 2427 251 61 maßen;

652 2531 116 51 und
826 2543 76 38 an
959 2530 97 50 der
1109 2526 271 63 Schulter,
1436 2524 153 62 ftraff
1639 2534 95 38 am
1792 2519 134 62 Saft
1979 2519 98 49 der
2130 2515 457 60 Sambusrolire,
2631 2512 202 63 feinem

1839 2609 436 51 buntbeklebten
2316 2603 514 60 'Raritätenkaßen,

654 2713 168 51 darin
886 2710 87 51 die
1015 2712 194 61 garten
1249 2705 223 63 UXirfel
1516 2703 219 63 (färben
1785 2702 152 50 Sias
1985 2700 119 51 und
2153 2696 249 63 Kanten)
2453 2693 381 53 aneinander*

2493 2787 251 61 klingen.
2787 2810 44 11 ~

653 2968 97 64 Jd]
793 2968 182 52 meide
1027 2964 113 63 (als
1193 2967 89 50 ein
1324 2956 491 66 XPundermann*)
1860 2959 89 51 die
1989 2958 184 61 XDege
2217 2956 118 50 und
2379 2954 89 50 die
2509 2953 326 61 fdimanken

2579 3043 256 51 Srückeu

654 3151 116 51 und
822 3149 149 63 laufe
1015 3175 43 12 -
1110 3149 207 64 |*ugen
1370 3145 332 62 aufgeblakt
1751 3142 107 50 n>ie
1907 3140 180 61 meiße
2137 3137 240 64 Kerzen*
2535 3135 141 62 groß
2728 3145 106 39 t>or

2093 3241 173 38 euren
2309 3229 258 49 kranken
2608 3224 227 52 Sticken

656 3334 139 51 über
840 3334 138 60 Belle
1020 3330 112 52 See
1174 3330 115 51 und
1333 3325 633 65 Silberflädtenmaffer.
2027 3321 96 63 Jctj
2166 3321 115 51 u>ill
2312 3319 236 59 drüben,
2594 3328 113 39 aus
2737 3316 98 50 der

1678 3413 436 61 Karitätenkiße
2153 3409 393 63 reingefügten
2587 3405 244 64 Singen,

658 3516 192 50 klares
892 3513 154 52 Sias
1086 3513 117 51 und
1248 3513 157 50 klare
1446 3508 222 62 XDürfel
1710 3504 618 66 gueinanderfdiidßen,

660 3606 157 51 klare
858 3603 227 52 Kanten
1124 3603 119 52 und
1286 3612 336 51 oerroegene
1662 3598 224 61 färben
1927 3596 161 62 meife
2130 3592 554 66 gueinanderridßen

660 3697 115 51 und
817 3696 108 51 mir
966 3696 184 52 meine
1192 3696 162 59 eigne
1396 3691 172 53 Stadt
1611 3704 95 38 am
1745 3687 289 64 Uferrand

1151 974 549 88 Herausgeber
1745 967 233 89 Hsolf
