2842 5064
1005 79 403 63 BRUNO'S
1467 78 420 68 WEEKLY

2640 76 79 62 67

359 242 309 82 package
742 242 81 68 of
900 244 597 81 cigarettes—any
1567 246 225 66 brand
1863 268 141 57 you
2076 244 229 81 might
2374 244 260 68 choose
2635 278 85 15 —

95 330 126 66 but
268 327 151 81 just
469 329 395 79 cigarettes.
967 330 143 68 For
1160 352 139 58 you
1353 340 188 58 must
1590 330 214 70 know
1855 330 32 66 I
1939 352 114 44 am
2107 330 179 68 dead
2334 330 240 68 broke.
2679 329 34 66 I

99 415 277 66 haven't
415 425 126 70 got
581 437 41 42 a
666 425 157 56 cent
864 413 71 66 in
981 437 118 59 my
1138 415 307 81 pockets.
1529 415 34 66 I
1607 437 144 46 was
1797 413 332 83 standing
2170 439 93 44 on
2307 415 118 68 the
2468 435 252 48 corner

97 501 234 66 where
371 501 405 80 you—well,
822 523 139 60 say,
1003 513 144 56 met
1187 525 131 58 me,
1362 501 289 83 waiting
1695 501 119 68 for
1856 523 43 46 a
1944 501 237 70 friend
2225 501 161 68 who
2430 501 129 70 has
2601 501 119 68 the

99 583 196 69 habit
354 584 83 68 of
502 586 328 81 carrying
891 610 42 44 a
994 588 309 81 package
1365 588 82 67 of
1509 586 374 83 cigarettes
1946 586 73 68 in
2082 588 110 67 his
2253 586 309 83 pockets.
2686 586 34 68 I

94 671 138 67 had
285 671 206 67 stood
541 672 199 66 there
795 672 116 68 for
962 674 254 66 almost
1265 694 88 44 an
1404 674 202 80 hour,
1658 672 291 83 waiting
2000 674 120 68 for
2168 672 166 82 him,
2383 683 74 59 to
2507 683 120 71 get
2674 694 44 46 a

100 757 244 81 couple
386 757 82 68 of
510 757 395 81 cigarettes.
991 760 32 65 I
1067 759 237 67 would
1345 759 179 69 have
1568 759 292 67 smoked
1904 781 133 45 one
2082 757 82 71 of
2209 760 191 66 them
2442 759 283 81 tonight

94 843 252 68 before
410 845 298 80 retiring
771 847 139 66 and
974 847 119 66 the
1157 847 205 67 other
1425 869 133 45 one
1621 857 389 57 tomorrow
2075 845 350 81 morning.
2552 845 165 69 You

99 928 404 83 practically
544 931 383 78 prevented
967 952 112 45 me
1125 930 191 67 from
1357 930 276 83 getting
1672 931 191 66 them
1909 955 78 46 so
2034 931 32 66 I
2109 930 205 69 think
2354 930 58 71 it
2452 928 61 71 is
2554 931 169 82 only

105 1014 141 68 fair
305 1014 115 68 for
475 1038 140 58 you
671 1026 73 56 to
798 1018 142 79 buy
991 1038 112 46 me
1155 1040 43 44 a
1250 1016 310 83 package
1614 1016 81 71 of

190 1101 139 67 She
388 1099 224 69 didn't
669 1124 124 60 say
849 1126 42 42 a
945 1104 219 78 word,
1223 1106 256 64 turned
1540 1104 442 81 searchingly
2036 1102 73 68 in
2166 1102 95 68 all
2319 1101 401 83 directions,

99 1187 408 66 discovered
542 1209 41 44 a
615 1187 191 81 cigar
842 1189 222 78 stand,
1099 1191 285 66 crossed
1419 1211 171 46 over
1624 1191 137 66 and
1795 1211 195 46 came
2019 1189 178 68 back
2231 1189 171 68 with
2435 1211 44 46 a
2510 1189 168 81 pack-

100 1295 127 58 age
288 1273 82 67 of
434 1275 154 66 Pall
651 1275 233 66 Malls.
1008 1277 73 64 If
1142 1275 198 68 there
1402 1275 58 68 is
1524 1299 138 57 any
1721 1275 337 83 cigarette
2120 1277 34 66 I
2215 1277 165 66 hate
2439 1275 57 68 it
2554 1275 59 68 is
2676 1297 46 46 a

105 1358 154 66 Pall
315 1360 195 69 Mall.
617 1360 100 66 Its
773 1382 40 44 a
864 1360 257 81 typical
1174 1362 369 79 highbrow
1596 1362 338 79 cigarette
1987 1360 139 68 and
2180 1360 110 68 I'll
2339 1362 118 66 bet
2507 1360 215 81 you'll

99 1446 145 65 find
288 1445 271 81 mighty
605 1445 140 67 few
790 1446 209 80 chaps
1044 1446 71 66 in
1160 1448 117 66 the
1325 1448 154 66 Pall
1523 1448 176 66 Mall
1746 1448 178 68 Club
1970 1446 327 81 smoking
2341 1446 155 68 Pall
2544 1446 178 68 Mall

102 1533 389 79 cigarettes.
578 1533 139 67 But
757 1533 55 66 it
854 1533 286 67 showed
1184 1556 110 44 me
1338 1533 259 81 clearly
1638 1533 206 83 again
1888 1534 119 66 the
2049 1534 363 68 character
2454 1533 83 69 of
2579 1533 141 69 this

100 1617 154 80 girl.
344 1617 232 66 There
624 1641 143 44 was
817 1617 154 70 first
1018 1619 81 66 of
1148 1619 92 66 all
1287 1641 41 46 a
1372 1619 406 81 hereditary
1822 1619 310 83 delicacy
2176 1621 154 66 that
2380 1617 342 71 forebade

102 1702 122 66 her
265 1712 72 56 to
380 1704 125 64 ask
546 1702 379 79 questions,
969 1714 73 57 to
1082 1705 204 66 make
1325 1726 40 44 a
1408 1705 281 66 remark
1729 1729 83 42 or
1851 1715 75 58 to
1968 1705 183 68 offer
2192 1727 111 44 me
2341 1704 128 67 her
2508 1726 214 61 purse

97 1800 73 56 to
209 1788 342 82 purchase
588 1790 196 66 these
823 1790 392 80 cigarettes.
1289 1790 164 68 And
1492 1792 185 79 then,
1717 1792 126 66 her
1883 1792 180 67 New
2102 1792 201 67 York
2339 1792 378 81 breeding:

99 1876 30 63 I
171 1897 112 44 am
324 1897 161 45 sure
527 1875 124 67 she
690 1886 186 58 went
915 1886 73 58 to
1028 1878 153 66 that
1220 1876 193 82 cigar
1453 1888 292 56 counter
1790 1878 137 66 and
1971 1876 170 80 said,
2442 1900 112 44 me
2593 1878 120 66 the

109 1963 149 64 best
336 1961 372 80 cigarettes
786 1985 141 57 you
1325 1963 191 67 what
1592 1964 119 66 the
1789 1964 194 80 cigar
2060 1963 194 67 clerk
2330 1963 392 69 translated

97 2046 147 67 into
510 2059 186 56 most
749 2047 377 82 expensive
1181 2047 372 83 cigarettes
1607 2049 72 68 in
2095 2049 119 68 He
2263 2071 181 61 gave
2495 2049 128 68 her
2674 2071 44 46 a

102 2132 308 81 package
461 2134 81 66 of
595 2134 332 78 matches,
979 2144 141 57 too.

187 2218 237 66 Never
490 2218 137 66 had
696 2242 41 42 a
805 2218 337 82 cigarette
1208 2222 228 66 tasted
1504 2222 227 66 better
1795 2232 77 57 to
1938 2244 111 44 me
2114 2222 171 66 than
2352 2220 141 69 this
2564 2220 156 69 Pall

100 2301 195 70 Mall.
364 2305 65 64 It
463 2327 142 44 was
639 2327 40 44 a
715 2303 276 81 luxury.
1059 2306 194 66 Even
1294 2306 225 66 Sarah
1557 2306 401 68 Bernhardt
1990 2305 246 83 taking
2268 2306 127 68 her
2435 2305 283 71 famous

100 2389 166 65 bath
326 2388 71 66 in
456 2391 118 64 the
635 2401 319 56 contents
1016 2391 80 66 of
1160 2391 190 80 sixty
1408 2393 254 66 bottles
1723 2391 81 68 of
1865 2393 449 79 champagne,
2374 2415 85 46 or
2520 2393 198 68 Nero

102 2474 290 81 looking
439 2486 73 56 at
563 2476 223 67 Rome
837 2477 152 66 that
1038 2477 88 66 he
1176 2477 140 66 had
1367 2489 125 68 put
1541 2501 92 44 on
1685 2479 144 80 fire,
1885 2479 413 81 composing
2346 2479 118 68 the
2513 2501 207 59 poem

100 2560 153 66 that
300 2560 234 66 would
581 2562 202 66 make
830 2562 144 64 him
1023 2562 374 81 immortal,
1448 2562 207 70 could
1702 2574 127 56 not
1873 2564 180 68 have
2102 2562 130 68 felt
2275 2565 226 67 better
2549 2564 169 68 than

102 2647 119 64 did
276 2647 53 66 I.
429 2648 127 78 My
605 2647 415 81 companion
1071 2660 188 55 must
1308 2650 177 66 have
1536 2650 317 66 watched
1907 2672 127 56 me,
2090 2650 337 81 realizing
2476 2652 154 66 that
2684 2652 33 64 I

104 2731 118 66 did
270 2742 125 55 not
441 2731 176 68 wish
664 2743 73 56 to
784 2735 83 64 be
915 2733 360 68 disturbed
1326 2733 207 68 while
1580 2735 31 64 I
1660 2759 144 44 was
1853 2735 301 81 lighting
2200 2759 119 57 my
2364 2735 356 83 cigarette.

480 2842 213 66 about
754 2864 117 55 my
930 2842 435 79 proposition
1746 2843 122 66 she
1929 2843 217 66 asked
2209 2843 255 80 finally,
2530 2843 190 66 after

105 2924 31 65 I
190 2923 136 68 had
378 2924 208 67 taken
637 2948 117 56 my
801 2924 190 68 third
1044 2926 152 81 puff
1247 2928 137 66 and
1436 2950 143 44 was
1633 2928 220 79 really
1902 2930 391 77 contented,
2347 2928 375 68 contented

105 3009 166 66 with
339 3011 115 66 the
519 3011 223 66 world
810 3011 69 66 in
945 3013 285 79 general
1296 3014 137 66 and
1499 3013 171 67 with
1733 3014 257 80 myself
2058 3014 137 66 and
2263 3038 117 58 my
2441 3026 282 70 present

105 3096 332 66 situation
481 3096 70 66 in
595 3096 403 81 particular.

417 3182 166 66 dear
908 3185 31 63 I
1006 3182 170 79 said,
1482 3184 178 67 have
1728 3184 113 67 far
1902 3195 120 58 too
2083 3185 351 68 beautiful
2495 3187 223 66 hands

100 3277 73 56 to
214 3267 284 67 commit
539 3270 305 68 murder.
922 3270 30 64 I
994 3270 193 66 don't
1225 3270 264 68 believe
1529 3272 153 64 that
1721 3294 137 57 you
1902 3292 119 46 are
2061 3294 39 42 a
2142 3272 182 66 thief
2368 3273 137 65 and
2547 3295 173 44 even

104 3353 57 63 if
222 3377 137 55 you
422 3377 183 44 were
666 3378 41 43 a
766 3356 403 68 murderess
1230 3358 137 64 and
1428 3380 41 44 a
1528 3356 201 83 thief,
1795 3360 31 62 I
1888 3358 234 66 would
2183 3358 237 81 gladly
2478 3370 239 69 accept

105 3461 178 56 your
334 3441 459 78 proposition.
893 3441 103 68 Of
1050 3465 270 59 course,
1375 3443 31 64 I
1460 3454 190 56 want
1699 3454 74 55 to
1824 3444 210 66 know
2087 3466 42 44 a
2178 3443 176 67 little
2405 3466 196 44 more
2652 3444 71 66 in

107 3526 212 66 detail
366 3527 188 66 what
596 3551 138 56 you
783 3527 142 68 will
972 3541 261 68 expect
1272 3551 110 46 me
1426 3541 73 56 to
1548 3531 110 66 do.
1751 3531 139 67 But
1936 3532 91 66 do
2073 3543 125 55 not
2244 3531 312 67 mention
2601 3532 119 66 the

105 3612 431 78 twenty-five
591 3614 351 66 thousand
998 3615 262 65 dollars
1318 3615 225 80 again.
1651 3617 65 64 It
1770 3617 273 66 doesn't
2097 3617 227 66 sound
2376 3617 175 66 nice.
2657 3617 65 64 It

104 3697 320 79 destroys
466 3720 39 43 a
546 3697 98 67 lot
683 3698 81 66 of
805 3700 240 66 values
1088 3700 71 64 in
1201 3722 129 58 me,
1372 3702 240 66 values
1653 3724 139 57 you
1836 3702 279 66 created

190 3803 235 68 While
478 3805 273 81 talking
803 3808 122 65 she
976 3808 137 65 had
1167 3808 208 66 taken
1428 3808 105 66 off
1585 3808 126 66 her
1765 3810 240 78 gloves
2060 3810 137 66 and
2253 3812 32 64 I
2341 3810 204 68 could
2598 3820 127 56 not

104 3890 161 66 take
300 3913 115 55 my
447 3913 158 58 eyes
640 3913 200 58 away
878 3891 188 68 from
1103 3895 200 66 those
1340 3895 403 67 wonderful
1778 3896 246 66 hands.
2092 3896 201 80 They
2330 3896 393 66 fascinated

105 3996 129 44 me.
322 3974 153 68 The
520 3976 227 81 funny
786 3976 202 83 thing
1028 3979 80 78 is,
1159 3979 28 65 I
1235 4001 215 44 never
1492 3979 183 68 tried
1721 3991 73 56 to
1839 3979 303 82 imagine
2188 3981 161 66 how
2391 3981 129 68 her
2568 3981 155 66 face

105 4061 224 79 might
363 4062 183 68 look.

195 4147 29 63 I
276 4147 283 66 showed
607 4147 125 66 her
779 4147 204 81 again
1032 4150 152 66 that
1231 4150 122 66 she
1399 4150 225 80 might
1670 4162 212 56 count
1926 4174 89 46 on
2061 4174 112 44 me
2222 4152 119 68 for
2386 4152 340 81 anything

109 4232 120 66 she
270 4232 225 81 might
534 4245 188 54 want
761 4245 74 56 to
876 4237 388 66 undertake
1306 4239 137 64 and
1485 4237 361 68 reminded
1890 4239 125 66 her
2060 4240 81 65 of
2185 4239 117 67 the
2344 4240 137 66 late
2523 4240 200 68 hour.

114 4316 66 66 It
226 4340 142 44 was
414 4320 242 78 nearly
701 4342 133 44 one
879 4321 285 68 o'clock.
1375 4323 178 66 shall
1596 4325 84 64 be
1724 4323 163 78 glad
1934 4335 73 56 to
2056 4325 92 66 do
2193 4325 415 83 everything
2652 4325 71 64 in

109 4425 117 57 my
287 4426 237 56 power
588 4416 73 56 to
723 4406 160 80 help
944 4430 138 56 you
1399 4410 31 62 I
1497 4408 170 79 said,
1956 4432 181 57 now,
2202 4410 152 67 let's
2417 4433 112 58 go.
2652 4410 71 67 If

107 4513 139 56 you
290 4491 191 66 don't
520 4503 188 54 want
749 4503 73 56 to
864 4494 200 78 walk,
1104 4518 138 54 you
1282 4494 143 66 will
1463 4494 178 68 have
1682 4506 73 56 to
1797 4518 134 57 pay
1966 4520 180 57 your
2192 4496 174 81 fare,
2408 4498 139 66 and
2586 4520 140 59 you

112 4574 139 66 will
295 4575 178 68 have
515 4587 71 56 to
632 4599 134 58 pay
808 4577 203 80 mine,

431 4664 233 64 where
715 4686 120 44 are
888 4686 105 44 we

385 4772 115 57 my
542 4762 412 69 apartment,
998 4752 81 69 of

124 4860 129 76 (To
283 4858 85 60 be
402 4857 438 76 Continued)
