2842 5064
98 116 82 59 64

953 112 401 65 BRUNO'S
1410 111 417 69 WEEKLY

103 1624 282 117 Disc
428 1621 582 120 Concerts
1054 1667 161 71 on
1256 1623 210 115 the
1510 1621 464 143 Square

583 1830 274 66 crowds
908 1850 120 44 are
1076 1827 208 81 being
1333 1830 341 64 attracted
1724 1850 210 60 every
1982 1828 328 82 Tuesday
2359 1828 138 66 and
2549 1827 116 66 Fri-

358 1916 134 78 day
544 1913 295 81 evening
891 1937 90 44 on
1035 1915 117 64 the
1213 1915 283 81 Square,
1550 1915 137 64 and
1741 1915 116 64 the
1912 1913 353 68 Diamond
2321 1913 169 66 Disc
2542 1935 123 44 con-

102 2009 180 56 certs
329 2021 117 43 are
493 2020 39 44 a
580 2001 327 63 welcome
954 2001 137 63 and
1140 1998 419 66 established
1604 1998 395 67 institution
2051 1999 115 65 for
2216 1999 150 66 that
2412 1999 247 78 popula-

102 2084 146 64 tion
314 2084 78 66 of
460 2084 408 66 Greenwich
932 2084 276 78 Village
1272 2082 226 66 which
1562 2082 57 66 is
1684 2084 443 64 accustomed
2190 2094 73 56 to
2331 2086 213 76 spend
2608 2082 90 66 its

104 2169 328 79 evenings
492 2169 69 62 in
619 2169 115 64 the
800 2169 206 66 Park.
1106 2169 151 64 The
1315 2179 491 67 arrangement
1863 2167 78 66 of
2002 2170 115 63 the
2177 2169 220 64 music
2453 2169 245 77 played

104 2277 88 41 on
236 2255 191 63 these
471 2253 329 80 evenings
846 2253 55 65 is
947 2252 68 64 in
1057 2253 425 65 accordance
1526 2252 166 66 with
1736 2253 117 65 the
1895 2253 160 78 plan
2100 2252 80 66 of
2229 2253 136 65 Mr.
2412 2253 290 66 Charles

107 2338 263 64 Edison
427 2348 71 54 to
554 2348 122 54 not
732 2338 161 78 only
949 2338 388 64 contribute
1393 2346 71 56 to
1520 2338 116 63 the
1692 2348 432 54 amusement
2178 2338 80 64 of
2315 2338 116 64 the
2485 2360 174 56 popu-

109 2423 213 64 lation
377 2423 79 64 of
514 2421 408 66 Greenwich
978 2421 293 79 Village,
1325 2423 123 64 but
1499 2423 148 62 also
1701 2433 73 54 to
1826 2421 158 79 give
2036 2423 188 64 them
2278 2445 39 42 a
2373 2423 329 64 selection

107 2507 78 65 of
241 2507 115 63 the
410 2509 151 63 best
615 2506 219 66 music
885 2504 77 66 of
1020 2506 113 64 the
1189 2516 693 67 master-composers
1938 2506 79 66 of
2073 2506 115 64 the
2244 2506 242 66 world.

189 2612 150 63 The
390 2609 474 68 introduction
917 2609 78 66 of
1049 2609 372 64 American
1474 2609 220 66 music
1743 2621 124 54 not
1912 2631 170 57 very
2134 2611 263 79 largely
2444 2612 258 65 known

107 2695 56 66 is
214 2697 181 76 here,
446 2717 74 43 as
571 2695 68 63 in
688 2695 92 63 all
827 2694 107 66 his
988 2695 200 65 other
1237 2694 360 77 activities,
1652 2694 135 69 Mr.
1841 2695 320 66 Edison's
2210 2695 293 80 guiding
2556 2695 112 66 fea-

102 2792 173 54 ture.
365 2782 66 61 A
478 2780 327 66 selection
852 2778 78 66 of
981 2778 371 66 Hawaiian
1401 2778 218 66 music
1670 2802 141 42 was
1860 2780 291 79 entirely
2197 2802 154 52 new
2397 2792 73 54 to
2517 2790 185 58 most

106 2866 78 65 of
234 2866 115 65 the
400 2865 317 66 listeners
766 2887 90 44 on
907 2866 132 65 last
1088 2865 252 79 Friday
1393 2865 313 79 evening.
1797 2865 68 64 A
1914 2865 327 66 selection
2295 2865 81 67 of
2425 2866 232 66 Ameri-

106 2971 125 44 can
289 2951 314 64 marches
659 2948 141 66 will
852 2951 82 64 be
988 2951 115 64 the
1157 2971 327 58 program
1545 2948 113 66 for
1716 2949 327 80 Tuesday
2097 2949 313 80 evening.

106 3240 655 118 Children's
829 3242 400 113 Hours

100 3449 161 61 W
282 3444 601 69 ELL-KNOWN
944 3444 57 67 is
1062 3444 56 66 it
1174 3456 75 55 to
1308 3444 117 67 the
1486 3444 311 67 children
1863 3445 82 68 of
2004 3447 117 66 the
2180 3447 530 83 neighborhood

363 3532 151 64 that
558 3532 196 64 there
839 3528 59 68 is
944 3550 40 46 a
1032 3528 389 70 Children's
1467 3528 208 70 Hour
1723 3554 90 44 on
1860 3532 117 69 the
2028 3532 284 79 Square,
2359 3555 92 44 on
2497 3535 160 64 Wed-

106 3616 264 78 nesday
427 3616 136 65 and
627 3616 349 78 Saturday
1034 3616 436 68 afternoons.
1575 3616 217 66 Small
1851 3628 138 56 tots
2051 3620 158 64 who
2266 3640 127 42 can
2456 3620 249 78 hardly

109 3701 180 64 walk
355 3701 135 64 and
556 3699 188 80 quite
805 3721 410 58 grown-ups
1282 3701 231 66 whom
1579 3723 132 44 one
1777 3703 232 66 would
2073 3703 295 66 hesitate
2434 3715 71 54 to
2575 3703 128 66 call

107 3784 312 66 children
465 3806 116 44 are
627 3784 278 78 regular
947 3782 315 68 habitues
1306 3784 81 66 of
1433 3782 137 68 this
1616 3808 232 56 merry
1890 3786 180 66 hour
2119 3809 90 43 on
2253 3787 117 66 the
2419 3787 284 78 Square,

109 3870 137 65 and
295 3869 56 66 it
402 3867 58 68 is
512 3879 124 56 not
686 3869 402 79 impossible
1137 3869 152 66 that
1338 3869 119 66 the
1511 3869 390 67 Children's
1955 3870 208 68 Hour
2214 3872 142 64 will
2405 3874 85 64 be
2542 3892 123 48 con-

107 3953 259 80 tinued,
422 3964 124 55 not
602 3953 164 78 only
820 3952 258 81 during
1130 3953 117 66 the
1308 3953 313 68 Autumn
1679 3955 188 80 days,
1926 3957 122 64 but
2104 3957 149 66 also
2309 3957 69 64 in
2436 3955 267 69 winter.

109 4038 345 80 Marjorie
531 4040 276 66 Tucker
1247 4060 78 46 as
1401 4060 342 58 everyone
1819 4041 165 66 calls
2061 4041 161 82 her)
2310 4043 136 64 and
2524 4043 179 68 Miss

109 4124 225 78 Allen,
388 4126 168 64 both
612 4123 213 67 social
878 4124 311 65 workers
1242 4123 81 67 of
1377 4124 117 66 the
1547 4124 409 68 Greenwich
2011 4126 265 80 House,
2331 4150 118 44 are
2498 4128 210 79 being

109 4209 362 78 employed
520 4211 90 76 by
659 4207 138 68 Mr.
852 4207 266 68 Edison
1169 4219 71 56 to
1291 4209 159 66 take
1498 4209 257 81 charge
1802 4209 80 68 of
1934 4212 116 65 the
2100 4211 298 81 dancing
2446 4236 91 44 on
2588 4214 117 68 the

114 4292 285 78 Square.

192 4399 198 78 They
473 4417 119 46 are
678 4395 447 68 well-known
1211 4397 259 80 figures
1557 4421 257 57 among
1897 4400 117 65 the
2100 4402 605 68 tenement-house

111 4483 320 66 dwellers
478 4482 175 66 back
702 4483 79 65 of
832 4483 117 65 the
1000 4483 284 78 Square,
1335 4483 117 66 the
1501 4482 313 66 children
1863 4483 209 68 know
2124 4487 190 64 them
2365 4490 135 63 and
2552 4488 155 67 love

111 4570 208 76 them,
377 4568 137 64 and
571 4588 183 48 were
810 4566 56 66 it
918 4577 124 55 not
1101 4566 117 68 for
1272 4568 117 66 the
1450 4566 146 68 fact
1652 4570 150 64 that
1858 4568 53 66 it
1967 4570 59 66 is
2083 4571 238 66 rather
2376 4571 329 68 tiresome

109 4665 73 54 to
228 4653 176 66 have
449 4673 39 44 a
537 4651 139 66 few
722 4653 318 66 hundred
1091 4653 291 66 dancers
1430 4675 208 57 every
1682 4654 396 80 afternoon,
2127 4656 165 80 they
2334 4666 119 58 too
2502 4659 205 67 could

112 4736 212 79 enjoy
368 4737 117 65 the
527 4736 485 79 Wednesdays
1061 4737 135 65 and
1249 4736 382 79 Saturdays
1680 4759 90 44 on
1819 4739 117 66 the
1987 4739 286 80 Square.
2363 4742 139 68 But
2549 4742 54 67 it
2649 4742 59 68 is

112 4846 195 44 more
356 4822 273 66 blessed
680 4832 72 56 to
803 4820 158 80 give
1012 4822 166 66 than
1230 4832 73 58 to
1354 4822 289 68 receive.

532 317 550 117 Thursday,
1130 318 357 115 Friday
1529 318 202 96 and
1775 317 499 117 Saturday

977 504 320 78 Evening
1325 514 79 54 at
1430 506 169 62 8.15
1628 504 78 64 P.
1731 502 102 68 M.

739 690 1307 122 PERFORMANCES

601 917 361 68 SECURE
1015 917 472 68 PROGRAM
1545 917 203 66 AND
1800 915 400 70 TICKETS

967 1061 97 80 by
1106 1061 178 66 Mail
1323 1083 88 44 or
1436 1064 75 61 in
1538 1063 274 64 Person

99 1229 416 98 Charles
534 1229 442 96 Edison's
996 1230 288 97 Little
1304 1229 457 96 Thimble
1777 1229 462 115 Theatre,
2254 1227 451 100 Situated

99 1395 106 77 at
224 1374 179 97 No.
415 1379 131 92 10
571 1374 266 97 Fifth
859 1374 454 115 Avenue,
1316 1374 593 98 Greenwich
1931 1371 774 120 Village,N.Y.C.
