2842 5064
93 100 80 63 62

972 103 400 64 KRUNO'S
1430 102 420 68 WEEKLY

94 265 497 83 metropolitan
644 288 410 61 newspaper
1108 268 267 68 reader.
1474 268 142 68 But
1665 270 203 66 those
1924 268 119 69 old
2093 268 259 69 houses
2407 268 138 68 and
2598 268 119 68 the

95 353 469 67 architecture
624 353 81 66 of
766 354 118 65 the
942 354 156 66 first
1159 354 294 66 decades
1516 354 83 66 of
1660 354 117 66 the
1838 354 135 66 last
2031 364 308 70 century,
2402 354 137 66 and
2598 353 119 66 the

100 437 286 80 Square,
456 437 169 68 with
691 437 88 68 its
847 439 440 80 melancholy
1350 439 373 81 quietness,
1790 441 119 66 the
1973 439 276 81 zig-zag
2314 439 82 68 of
2466 449 249 58 streets

95 524 93 64 all
237 524 271 67 around
561 524 71 78 it,
1169 525 140 66 She
1360 525 175 66 feels
1582 525 154 66 that
1780 525 119 66 old
1946 525 137 66 and
2131 546 164 45 ever
2341 547 155 44 new
2544 524 171 67 lure.

102 608 139 66 She
297 607 247 69 knows
600 608 476 82 instinctively
1128 610 154 66 that
1338 610 198 68 there
1594 620 188 58 must
1838 612 84 64 be
1978 632 198 44 more
2232 610 70 64 in
2361 608 129 68 life
2545 610 170 66 than

95 695 149 79 just
307 696 261 80 figures
634 698 137 64 and
839 696 265 80 society
1165 696 139 66 and
1369 696 118 68 the
1552 718 189 44 same
1806 696 235 80 things
2107 718 171 44 over
2344 696 137 66 and
2547 717 168 45 over

95 779 227 80 again.
432 779 141 68 She
634 801 242 46 craves
945 781 117 66 for
1125 803 347 44 romance.
1582 781 139 66 She
1780 781 247 68 knows
2088 781 126 66 her
2276 781 87 68 O.
2427 781 286 80 Henry;

95 866 119 64 the
691 888 92 44 on
854 866 117 66 the
1479 866 169 67 with
1721 866 88 67 its

99 950 235 80 nights
386 950 58 66 is
497 952 160 66 hers
708 952 151 80 just
911 952 117 66 for
1079 952 119 66 the
1247 950 262 83 taking.
1602 950 166 68 And
1821 974 78 46 so
1953 952 120 66 she
2126 952 218 68 walks
2395 962 125 56 out
2568 950 149 70 into

99 1035 128 66 life

183 1123 163 63 And
390 1123 164 64 then
596 1123 199 66 there
837 1121 56 68 is
940 1123 117 66 the
1101 1123 252 80 studio,
1399 1147 92 42 on
1535 1121 116 68 the
1697 1123 208 66 south
1949 1121 148 68 side
2139 1121 81 68 of
2266 1123 117 66 the
2430 1121 285 80 Square,

99 1208 137 64 and
290 1208 117 66 the
463 1230 161 42 man
678 1208 157 66 who
891 1208 169 67 lives
1116 1208 70 64 in
1240 1208 71 78 it,
1369 1209 137 65 and
1560 1208 107 67 his
1728 1208 293 67 friends.
2120 1208 117 66 He
2288 1208 59 66 is
2402 1208 116 66 the
2573 1208 144 66 real

100 1292 412 68 Greenwich
556 1294 278 80 Village
874 1296 303 64 dweller.
1267 1294 115 66 He
1423 1294 142 68 will
1607 1294 265 66 remain
1914 1318 96 54 so,
2054 1316 92 44 no
2188 1304 254 56 matter
2485 1294 233 66 where

100 1380 85 65 he
239 1379 192 67 lives.
527 1380 234 80 Every
808 1380 193 80 place
1054 1380 223 66 under
1328 1380 115 66 the
1499 1402 127 44 sun
1679 1402 238 44 means
1970 1391 73 55 to
2095 1379 144 66 him
2291 1402 41 44 a
2385 1380 333 80 Quartier

100 1465 224 78 Latin,
368 1489 79 42 or
488 1489 39 42 a
568 1467 411 66 Greenwich
1020 1467 278 79 Village
1338 1467 70 64 in
1453 1465 200 68 Paris
1697 1489 80 44 or
1817 1467 178 66 New
2036 1465 220 66 York.
2298 1465 115 66 He
2459 1465 259 68 carries

100 1551 447 80 everywhere
585 1551 105 67 his
729 1575 159 43 own
928 1553 464 78 atmosphere.
1431 1551 115 67 He
1582 1551 59 68 is
1679 1573 38 45 a
1753 1551 273 80 painter
2063 1575 83 43 or
2181 1551 88 67 he
2305 1551 59 67 is
2405 1573 39 45 a
2479 1551 241 67 writer

102 1660 80 40 or
224 1636 85 66 he
348 1634 57 68 is
447 1658 39 42 a
529 1638 327 78 sculptor.
898 1636 162 66 Life
1101 1660 239 44 means
1382 1648 73 56 to
1496 1636 144 66 him
1680 1636 109 66 his
1833 1648 127 58 art.
2005 1636 436 81 Everything
2479 1636 141 66 else
2661 1636 57 66 is

100 1723 405 77 secondary.
551 1723 113 66 He
705 1745 127 42 can
872 1724 85 65 be
998 1724 372 78 compared
1414 1723 165 79 only
1616 1733 73 56 to
1729 1723 119 66 the
1887 1721 318 69 business
2253 1745 160 44 man
2457 1723 158 67 who
2657 1723 60 66 is

99 1811 221 62 above
383 1809 117 66 the
561 1809 178 66 class
803 1809 80 66 of
947 1831 538 57 wage-earners,
1548 1809 159 66 who
1772 1809 57 66 is
1894 1809 216 79 doing
2168 1807 120 83 big
2347 1809 236 79 things
2645 1809 73 64 in

99 1895 116 65 the
258 1894 371 67 industrial
671 1917 81 43 or
793 1894 577 81 manufacturing
1411 1895 163 66 field
1575 1905 210 55 —not
1826 1895 294 68 because
2163 1894 79 67 of
2288 1895 117 65 the
2447 1917 270 58 money,

100 1980 127 66 but
275 1980 296 66 because
618 1980 87 64 he
754 1980 190 66 loves
993 1980 117 66 the
1157 2002 220 57 game,
1428 1982 295 64 because
1770 1980 88 66 he
1907 1990 224 58 wants
2181 1990 73 56 to
2305 1990 247 69 create,
2605 1982 78 64 be-

104 2087 206 44 cause
363 2065 84 64 he
502 2065 57 66 is
613 2076 259 55 master
927 2065 78 66 of
1059 2065 110 67 his
1221 2088 158 44 own
1435 2065 145 77 life,
1636 2066 137 65 and
1828 2065 362 66 therefore
2242 2088 88 43 an
2385 2066 199 78 equal
2637 2065 81 67 of

100 2149 398 80 everybody
556 2149 140 66 else
759 2151 158 64 who
977 2149 246 66 knows
1286 2151 188 64 what
1533 2149 88 66 he
1680 2161 224 56 wants
1965 2149 71 65 in
2095 2151 120 66 the
2273 2151 242 78 world,
2578 2149 139 66 and

104 2236 316 77 superior
475 2246 72 56 to
607 2236 199 66 those
862 2236 158 66 who
1074 2236 178 66 have
1306 2246 125 56 not
1487 2236 225 66 found
1768 2236 417 66 themselves
2241 2258 74 44 as
2371 2247 134 68 yet.
2601 2236 116 66 He

104 2319 57 66 is
222 2342 132 43 one
415 2319 80 67 of
559 2320 115 65 the
735 2342 209 56 many
1001 2320 388 68 thousands
1450 2320 152 66 that
1660 2344 130 42 our
1851 2320 256 80 village
2168 2320 264 80 lodges.
2537 2322 64 64 It
2661 2322 57 66 is

99 2405 86 64 he
246 2405 157 66 who
1440 2407 162 64 And
1662 2407 182 78 then,
1907 2407 195 64 there
2161 2429 119 42 are
2339 2407 117 66 the
2513 2407 204 66 other

104 2491 354 78 elements,
515 2491 119 65 the
691 2513 165 44 sons
917 2491 79 66 of
1057 2490 149 67 rich
1262 2503 301 68 parents,
1623 2491 160 66 who
1841 2513 120 43 are
2019 2490 272 81 sowing
2344 2491 168 66 wild
2564 2503 156 56 oats

102 2578 137 64 and
298 2576 298 66 mistake
654 2578 181 64 their
896 2576 229 69 desire
1182 2586 73 58 to
1314 2576 207 66 drink
1580 2576 129 66 life
1767 2588 72 56 to
1899 2578 116 64 the
2076 2576 134 69 full
2273 2578 117 66 for
2447 2578 270 66 artistic

100 2661 430 66 inclination.
630 2662 232 65 There
920 2683 120 44 are
1096 2683 274 44 women
1426 2661 159 67 who
1643 2661 229 66 desire
1929 2671 73 56 to
2058 2661 203 66 make
2317 2661 120 67 the
2491 2662 226 66 world

102 2749 227 64 better
395 2747 190 66 after
656 2745 335 82 realizing
1055 2747 151 66 that
1270 2747 166 80 they
1501 2747 176 66 have
1743 2747 181 66 tried
1992 2747 69 64 in
2129 2747 161 68 vain
2358 2757 72 58 to
2498 2749 225 66 better

102 2833 183 65 their
339 2854 158 44 own
554 2832 191 66 lives.
845 2833 163 65 And
1064 2833 220 65 above
1338 2833 93 65 all
1485 2833 254 66 hovers
1797 2833 152 65 that
2002 2833 230 80 happy
2286 2833 298 66 element
2637 2833 81 66 of

107 2918 237 78 youth,
402 2916 81 68 of
544 2916 356 80 ambition,
961 2918 135 64 and
1154 2918 81 66 of
1294 2918 117 66 the
1469 2918 230 66 desire
1755 2928 73 56 to
1887 2920 90 64 do
2037 2918 415 81 something,
2510 2930 73 56 to
2639 2920 84 66 be

104 3003 398 79 somebody,
559 3013 73 57 to
693 3003 135 66 live

190 3089 63 64 It
297 3087 161 66 isn't
500 3109 41 44 a
586 3087 456 80 complicated
1089 3087 159 80 play
1294 3086 225 67 which
1567 3087 169 66 tries
1783 3097 73 56 to
1907 3087 191 66 solve
2148 3111 191 44 some
2385 3087 333 82 problem.

104 3174 228 66 These
381 3174 243 79 people
671 3196 90 44 on
808 3174 117 64 the
974 3184 193 69 stage
1216 3174 193 66 don't
1455 3174 159 66 take
1663 3174 417 67 themselves
2132 3177 136 64 and
2319 3175 179 65 their
2549 3175 171 68 lives

104 3282 196 42 more
351 3258 344 80 seriously
742 3260 168 64 than
964 3260 117 64 the
1130 3258 337 80 originals
1518 3260 89 64 do
1658 3260 271 64 around
1978 3260 117 64 the
2146 3280 266 56 corner,
2464 3282 92 44 on
2605 3260 117 66 the

109 3346 286 77 Square.
502 3345 199 79 They
759 3355 188 56 want
1006 3355 73 56 to
1138 3346 83 63 be
1284 3345 247 79 happy.
1636 3345 200 78 They
1894 3357 189 54 want
2142 3355 73 56 to
2278 3345 201 66 make
2540 3345 182 66 their

105 3429 171 66 lives
320 3451 75 44 as
442 3428 134 69 full
618 3451 75 44 as
737 3429 323 80 possible.
1147 3429 198 80 They
1389 3440 188 55 want
1618 3429 270 80 beauty,
1936 3431 135 64 and
2117 3431 220 66 above
2380 3431 110 81 all,
2537 3453 41 44 a
2625 3431 100 66 lot

107 3516 83 66 of
249 3514 149 68 fun.

1096 3622 73 44 as
1225 3599 54 67 it
1331 3599 143 67 will
1529 3600 85 65 be
1667 3600 369 80 presented
2090 3611 73 57 to
2217 3600 117 66 the
2390 3600 333 68 audience

107 3685 78 66 of
253 3685 289 66 Charles
610 3685 325 66 Edison's
1001 3685 212 66 Little
1277 3685 322 64 Thimble
1665 3685 323 73 Theatre,
2056 3685 56 68 is
2180 3709 40 42 a
2283 3687 98 64 lot
2446 3687 79 66 of
2593 3688 129 65 fun

112 3773 186 64 from
358 3783 176 54 start
586 3783 71 54 to
713 3771 229 66 finish.
1037 3773 232 63 There
1326 3771 58 66 is
1438 3773 117 64 the
1612 3770 127 67 fun
1794 3771 69 65 in
1917 3771 117 68 the
2088 3771 319 68 mansion
2463 3795 89 44 on
2608 3773 115 66 the

105 3856 210 66 north
366 3856 147 66 side
559 3856 81 66 of
688 3856 115 64 the
854 3856 284 78 Square,
1189 3858 136 62 and
1374 3856 115 64 the
1541 3856 127 66 fun
1717 3856 70 64 in
1836 3856 117 66 the
2000 3856 168 66 attic
2214 3880 91 44 on
2349 3858 119 64 the
2517 3858 206 66 south

112 3942 164 78 side,
341 3944 137 65 and
539 3942 118 67 the
720 3942 127 67 fun
908 3942 69 65 in
1038 3944 117 65 the
1213 3942 328 67 bachelor
1607 3953 393 67 apartment
2058 3942 71 65 in
2188 3966 134 43 one
2383 3942 81 68 of
2525 3944 200 66 those

109 4027 784 80 newly-rich-occupied
959 4027 362 80 dwellings
1391 4027 281 80 coming
1734 4051 92 57 up
1894 4027 137 66 like
2097 4029 445 68 mushrooms
2610 4031 77 64 be-

110 4124 224 54 tween
395 4113 117 65 the
574 4112 117 68 old
752 4112 358 66 mansions
1171 4112 69 64 in
1299 4112 117 66 the
1474 4112 274 79 village.
1853 4112 164 66 And
2078 4113 188 67 what
2324 4113 166 80 they
2547 4115 181 65 can't

112 4222 288 56 express
468 4198 69 65 in
605 4198 234 66 words
844 4200 222 64 —and
1132 4200 196 63 there
1394 4220 119 43 are
1579 4222 76 42 so
1721 4220 210 58 many
1993 4198 236 81 things
2295 4200 152 66 that
2512 4200 217 83 really

114 4307 125 44 can
293 4286 82 65 be
431 4283 130 66 felt
612 4283 367 79 only—the
1030 4283 223 66 music
1304 4283 143 66 will
1501 4305 284 57 convey.

197 4369 476 80 Incidentally,
718 4369 222 66 music
983 4369 137 65 and
1167 4369 161 78 play
1369 4391 118 44 are
1533 4369 278 66 written
1855 4367 71 68 in
1973 4367 412 70 Greenwich
2429 4371 296 81 Village,

109 4456 123 66 but
278 4476 197 44 come
520 4454 137 64 and
708 4476 112 44 see
869 4454 136 64 and
1054 4454 186 78 hear,
1287 4454 429 78 yourselves.

110 4627 387 66 \XfHEN
564 4627 31 64 I
659 4647 144 44 was
896 4644 317 60 younger
1308 4625 196 64 there
1565 4645 146 44 was
1787 4623 300 81 nothing
2149 4623 117 68 for
2336 4647 113 46 me
2507 4627 127 66 but
2693 4645 39 46 a

288 4733 275 44 woman
603 4711 312 66 between
959 4710 117 66 the
1116 4711 303 65 heavens
1463 4710 139 64 and
1645 4710 116 66 the
1806 4710 218 69 earth.
2110 4710 185 69 Now
2341 4711 32 66 1
2415 4708 317 85 perceive

112 4798 195 64 there
346 4818 117 44 are
500 4820 39 42 a
580 4796 138 66 few
757 4796 202 66 other
996 4794 254 74 things.
1289 4798 137 62 Yet
1470 4798 29 62 I
1541 4818 110 44 am
1689 4806 125 56 not
1850 4796 135 72 old,
2026 4818 74 44 as
2141 4818 128 50 age
2307 4796 57 69 is
2405 4798 318 66 counted.

202 4882 304 66 Michael
550 4882 383 68 Monahan.
