2479 4272
848 291 170 31 REVUE
1054 292 65 30 DE
1155 292 60 31 LA
1249 291 272 38 QUINZAINE

2105 294 86 47 325

162 489 262 43 l'athénien
444 491 184 45 Mozart
650 507 9 29 :
683 493 191 44 témoin
899 495 67 44 les
995 496 72 42 six
1091 497 168 43 chants
1284 497 233 58 religieux
1538 501 58 42 de
1622 500 180 44 Gellert
1822 500 95 56 (op.
1937 501 74 53 48,
2039 501 152 55 i8o3),

168 552 289 44 admirables
485 555 168 44 chants
681 557 403 45 admirablement
1117 561 179 43 exaltés
1338 576 85 42 par
1455 563 45 42 la
1538 564 139 43 basse
1705 563 271 57 expressive
2003 565 56 42 de
2103 566 89 41 Jan

169 616 172 52 Reder,
364 627 45 34 et
433 618 84 57 qui
552 620 243 55 s'élèvent,
823 622 26 42 à
874 631 182 35 travers
1092 633 159 35 toutes
1291 624 70 44 les
1394 626 203 44 ivresses
1629 629 56 42 de
1731 628 43 43 la
1820 637 165 33 nature
2034 638 45 32 et
2122 628 67 42 les

168 680 241 43 blessures
437 683 57 42 de
521 684 44 41 la
588 683 92 53 vie,
707 685 187 57 jusqu'à
919 686 194 57 l'espoir
1139 687 183 45 fervent
1347 689 57 43 de
1431 690 145 44 l'Etre
1603 692 220 56 suprême
1850 691 9 42 !
1891 690 160 44 Prière
2076 705 85 43 pro-

167 742 159 55 fonde,
376 759 171 29 amour
573 748 63 42 du
661 749 253 54 prochain,
952 750 222 44 ténèbres
1209 753 56 41 de
1300 753 43 42 la
1386 763 139 44 mort,
1566 755 139 42 cieux
1737 754 80 57 qui
1860 763 249 34 racontent
2145 755 47 42 la

166 806 148 57 gloire
349 807 160 45 divine
536 819 45 33 et
613 824 51 29 sa
709 812 430 56 toute-puissance,
1173 813 128 44 enfin
1331 817 204 55 superbe
1563 817 142 43 chant
1730 818 57 42 de
1824 817 259 43 contrition
2109 817 82 56 qui

167 883 47 29 se
240 871 206 44 termine
473 887 58 28 en
571 873 325 57 triomphante
923 877 159 42 action
1122 878 58 42 de
1204 879 180 55 grâces,
1416 880 214 43 Busslied
1654 881 204 43 sublime
1877 889 46 35 et
1945 880 245 43 lui-même

168 948 23 28 «
220 935 153 55 pareil
409 939 21 39 à
458 937 138 43 l'âme
642 939 113 41 d'un
780 938 142 44 héros
947 953 41 40 »,
1105 940 63 43 tel
1195 950 71 33 est
1290 941 203 43 l'amour
1517 943 364 52 beethovénien,
1929 943 45 43 la
2010 944 179 56 grande

164 997 231 44 tradition
421 1000 188 57 lyrique
637 1015 92 42 que
777 1001 44 42 la
846 1002 111 42 voix
982 1004 57 41 de
1073 1004 89 41 Jan
1189 1004 154 42 Reder
1368 1005 184 57 évoque
1578 1007 106 54 déjà
1726 1009 119 41 dans
1870 1007 68 43 les
1978 1016 211 35 cantates

166 1059 279 58 religieuses
479 1065 58 41 de
565 1065 131 41 Bach
717 1073 45 33 et
784 1064 119 43 dans
943 1064 68 44 les
1039 1066 170 43 nobles
1246 1067 97 43 avis
1383 1070 62 40 du
1484 1071 347 41 commandeur
1869 1071 58 42 de
1951 1070 154 55 pierre
2130 1071 58 42 de

166 1125 104 41 Don
319 1125 240 44 Giovanni
601 1129 95 54 (car
719 1128 42 43 le
793 1128 119 56 petit
945 1131 184 41 Mozart
1168 1143 25 29 a
1218 1144 161 28 connu
1405 1131 44 43 la
1487 1133 270 55 grandeur),
1865 1133 228 43 tradition
2126 1134 63 41 du

167 1189 148 55 grand
338 1198 71 33 art
430 1190 259 55 allemand,
714 1205 93 43 que
834 1191 43 43 le
905 1192 278 43 Beethoven
1203 1193 137 43 vocal
1366 1194 56 43 de
1442 1196 183 42 Fidelio
1648 1197 157 55 (i8o5)
1830 1210 55 28 va
1909 1195 282 44 renouveler

167 1251 118 43 dans
318 1252 202 44 l'ombre
564 1254 64 43 où
675 1270 89 28 son
801 1256 151 55 grand
985 1269 135 29 cœur
1140 1265 71 34 est
1246 1256 162 57 captif,
1448 1267 44 34 et
1518 1273 91 42 que
1650 1270 273 32 retrouvera
1947 1259 244 44 d'instinct

166 1315 41 42 le
235 1316 282 44 Schumann
549 1317 182 58 inspiré
771 1319 84 42 des
882 1317 173 45 Scènes
1095 1319 55 41 de
1174 1321 163 42 Faust.
1377 1322 201 42 Comme
1618 1320 44 44 la
1696 1322 240 56 sculpture
1982 1335 207 43 grecque

167 1387 45 34 et
251 1378 45 43 la
346 1381 223 56 peinture
607 1381 247 54 italienne,
903 1382 45 42 la
994 1383 222 55 musique
1274 1383 268 44 allemande
1587 1394 72 33 est
1695 1398 94 29 une
1833 1385 169 42 chaîne
2037 1384 126 43 tradi-

167 1442 235 46 tionnelle
447 1454 45 34 et
533 1445 275 44 lumineuse
851 1459 92 44 que
980 1459 50 29 se
1068 1455 336 35 transmettent
1429 1461 77 30 ces
1542 1448 177 57 génies.
1749 1448 128 43 C'est
1901 1448 44 43 la
1968 1462 80 27 mu
2067 1448 123 56 ;ique

169 1506 172 44 même.

223 1571 109 41 Aux
367 1570 246 44 alentours
647 1572 58 42 de
738 1572 132 55 1804,
900 1574 161 55 quand
1087 1573 201 43 l'auteur
1332 1573 235 56 prochain
1604 1574 58 42 de
1695 1573 207 43 YEroica
1940 1572 162 43 livrait
2133 1585 59 29 au

165 1633 169 56 papier
359 1634 129 56 réglé
511 1649 51 28 sa
588 1635 262 44 délicieuse
877 1646 167 33 sonate
1072 1651 79 43 op.
1176 1637 75 51 31,
1275 1644 54 35 n°
1351 1637 41 53 3,
1420 1637 33 42 il
1472 1635 197 45 confiait
1693 1637 26 42 à
1741 1637 187 55 Czerny
1957 1649 88 28 son
2067 1634 124 43 désir

168 1697 56 42 de
259 1698 246 57 s'engager
533 1698 129 43 enfin
686 1699 120 43 dans
827 1713 95 29 une
947 1699 108 44 voie
1075 1700 211 43 nouvelle
1305 1715 9 28 :
1345 1701 276 42 Beethoven
1648 1699 123 44 avait
1796 1698 286 43 conscience
2109 1698 82 42 des

166 1760 200 57 progrès
404 1764 57 42 de
490 1776 90 29 son
624 1762 156 56 génie.
816 1763 60 41 Et
915 1776 52 30 ce
1007 1772 116 44 mot,
1166 1763 82 55 qui
1282 1763 269 43 scandalise
1587 1772 103 34 tant
1713 1764 57 41 de
1794 1762 170 56 petites
1991 1760 200 53 vanités,

168 1824 267 58 n'effrayait
461 1825 139 57 point
633 1840 89 28 son
747 1826 123 56 juste
894 1825 239 57 orgueil...
1161 1827 73 40 En
1267 1840 74 28 ses
1368 1835 167 47 quatre
1572 1833 332 35 mouvements
1939 1823 107 51 vifs,
2079 1836 113 30 avec

170 1900 74 30 ses
272 1887 229 44 lointains
530 1889 187 42 aériens
754 1898 47 33 et
833 1903 75 29 ses
944 1889 325 56 perspectives
1302 1889 306 52 cristallines,
1647 1889 109 55 l'op.
1787 1889 73 49 3i,
1887 1898 51 30 n°
1975 1887 40 50 3,
2039 1895 72 33 est
2147 1886 46 41 la

168 1952 288 43 mélancolie
484 1953 114 42 d'un
625 1952 186 43 sourire
835 1966 11 40 ;
881 1952 33 42 il
947 1952 230 43 continue
1215 1952 45 42 la
1296 1953 251 42 Pastorale
1574 1953 98 54 (op.
1702 1951 73 56 28)
1796 1965 10 39 ;
1846 1950 32 42 il
1918 1958 71 34 est
2032 1962 58 29 en
2128 1950 65 41 mi

167 2015 162 43 bémol
350 2017 197 56 majeur,
572 2030 190 29 comme
795 2016 112 56 l'op.
948 2031 44 40 7,
1031 2016 106 56 plus
1176 2015 142 43 vieux
1352 2029 141 43 parce
1530 2029 90 43 que
1657 2014 107 56 plus
1801 2013 140 57 jeune
1966 2026 11 40 ;
2006 2023 186 31 comme

166 2078 112 57 l'op.
309 2094 71 42 27,
410 2091 52 31 n«
493 2095 13 27 i
519 2113 11 21 ?
565 2080 119 43 dont
717 2080 44 42 la
786 2078 238 58 première
1050 2079 126 56 ligne
1203 2079 253 43 d'andante
1491 2078 217 43 contient
1731 2086 106 33 tout
1875 2075 276 43 Beethoven
2177 2089 12 37 ;

166 2155 189 30 comme
381 2144 111 55 l'op.
527 2144 50 42 81
609 2158 25 28 a
656 2145 84 41 des
773 2143 193 42 Adieux
971 2178 10 19 ,
1018 2143 82 56 qui
1125 2156 48 29 se
1207 2156 138 42 passe
1369 2143 57 42 de
1453 2140 344 45 commentaire
1825 2148 45 33 et
1909 2138 84 56 qui
2018 2138 173 42 chante

159 2218 184 31 •encore
371 2221 59 28 en
457 2216 137 33 notre
623 2206 251 44 souvenir!
900 2206 127 42 C'est
1050 2206 44 41 la
1119 2204 243 43 troisième
1390 2214 169 33 sonate
1587 2205 57 42 de
1670 2205 44 41 la
1746 2202 190 56 trilogie
1977 2200 96 43 dite
2106 2200 83 42 des

165 2270 311 44 Zurichoises
483 2304 10 10 .
512 2272 59 41 Et
592 2272 114 42 c'est
731 2272 63 41 du
810 2283 90 42 pur
920 2269 279 42 Beethoven
1219 2270 8 38 !
1251 2268 62 41 Ni
1336 2270 183 40 Mozart
1549 2267 47 40 ni
1620 2267 278 41 Schumann
1919 2263 272 42 n'exhalent

166 2333 440 42 mélodieusement
632 2341 124 34 cette
783 2330 198 43 lumière
1006 2329 355 56 mélancolique
1389 2343 187 28 comme
1609 2329 42 41 le
1679 2328 282 41 bonheur...
1989 2327 130 40 Dans
2144 2324 45 43 le

165 2405 198 33 menuet
390 2397 160 54 (avant
572 2397 42 41 le
639 2395 92 42 trio
759 2392 189 45 célèbre
976 2392 82 56 qui
1081 2392 127 42 dicta
1233 2392 67 42 les
1335 2392 269 42 Variations
1630 2392 57 41 de
1723 2391 63 43 M.
1836 2388 350 53 Saint-Saëns),

166 2458 32 42 il
225 2468 71 33 est
320 2473 65 28 un
418 2459 144 42 chant
588 2459 140 41 d'une
761 2457 167 57 poésie
962 2470 162 40 suave,
1153 2454 241 51 ineffable,
1431 2464 44 32 et
1519 2454 118 42 dont
1676 2467 62 29 on
1782 2453 222 41 demeure
2050 2450 136 42 triste

164 2523 215 57 pendant
413 2524 57 40 de
498 2522 202 57 longues
727 2521 250 50 matinées,
1002 2519 162 57 quand
1182 2519 41 42 le
1251 2517 225 44 souvenir
1502 2515 221 45 coïncide
1750 2528 114 29 avec
1900 2527 77 28 ces
2018 2511 146 43 éclair-

167 2587 95 42 cies
289 2587 248 43 radieuses
562 2586 142 42 d'une
730 2585 67 42 fin
830 2585 183 42 d'hiver
1041 2585 147 54 qu'on
1214 2581 141 43 dirait
1387 2581 200 56 baignée
1613 2580 118 41 dans
1759 2575 336 57 l'atmosphère
2128 2575 58 43 de

166 2651 208 44 Corot...
410 2652 128 41 C'est
573 2650 113 43 bien
713 2649 44 43 là
783 2662 93 43 que
905 2662 23 28 «
963 2648 43 41 le
1044 2660 87 29 son
1168 2655 71 33 est
1265 2645 42 42 le
1334 2643 121 44 frère
1489 2645 57 41 de
1582 2644 135 41 l'âme
1743 2656 23 28 »
1792 2642 9 40 !
1832 2642 58 41 Et
1911 2653 121 29 nous
2063 2637 100 56 plai-

166 2728 156 43 gnons
345 2728 80 29 ces
461 2712 415 45 mathématiciens
904 2710 82 58 qui
1009 2709 262 44 cherchent
1298 2707 362 43 abstraitement
1693 2705 44 42 la
1762 2703 171 44 beauté
1956 2700 229 44 musicale

167 2792 58 28 en
256 2793 48 27 se
329 2778 190 56 privant
542 2778 83 42 des
652 2790 245 42 vaporeux
924 2774 280 43 sentiments
1238 2771 172 56 qu'elle
1446 2783 249 44 provoque
1714 2769 7 41 !
1752 2769 60 41 Ils
1847 2765 233 53 oublient,
2107 2776 77 30 ces

164 2841 238 56 puritains
425 2842 56 42 de
503 2841 44 42 la
577 2840 255 51 tablature,
860 2852 90 43 que
976 2837 202 42 l'amour
1205 2834 164 55 naquit
1395 2835 56 40 de
1477 2834 44 41 la
1548 2832 187 43 beauté.

225 2906 279 42 Beethoven
547 2918 59 29 ne
634 2902 237 44 l'oubliait
911 2900 154 57 point,
1089 2898 160 57 quand
1282 2897 32 41 il
1349 2896 195 43 écrivait
1568 2897 42 42 le
1632 2896 90 41 trio
1759 2907 77 42 op.
1874 2906 76 41 70,
1981 2903 50 28 no
2059 2903 22 28 2
2109 2891 7 39 !
2145 2889 40 41 A

164 2978 161 34 toutes
359 2969 67 42 les
451 2969 134 42 dates
608 2968 57 41 de
689 2980 86 29 son
798 2979 151 36 essor,
987 2962 278 43 Beethoven
1291 2969 70 33 est
1382 2959 269 42 infiniment
1683 2955 144 50 varié,
1864 2956 125 40 donc
2028 2950 156 57 inégal

165 3047 127 42 pour
315 3033 68 42 les
411 3033 148 41 snobs
583 3031 80 56 qui
703 3030 43 42 le
787 3026 287 46 voudraient
1117 3023 336 44 continûment
1500 3022 258 41 sublime...
1799 3016 274 42 Beethoven
2114 3022 70 34 est

168 3096 187 57 l'image
389 3096 57 42 de
475 3095 44 42 la
545 3104 169 33 nature
741 3094 25 41 à
806 3093 43 42 la
889 3091 91 42 fois
1008 3098 223 33 terrestre
1273 3095 44 33 et
1354 3085 157 43 divine
1536 3097 11 30 :
1592 3083 30 41 il
1662 3096 24 28 a
1723 3082 83 41 des
1832 3092 172 42 rayons
2030 3087 45 32 et
2099 3077 83 42 des

168 3161 212 53 ombres,
402 3159 268 55 également
682 3155 292 58 splendides.
997 3154 187 41 Encore
1208 3163 59 29 en
1297 3150 128 54 1809,
1440 3147 199 42 l'auteur
1663 3143 111 43 delà
1792 3143 251 40 Pastorale
2067 3150 45 32 et
2124 3140 59 42 de

168 3223 29 42 Y
207 3224 61 42 Ut
295 3223 187 42 mineur
503 3222 150 41 écrira
678 3222 124 41 donc
828 3227 74 34 cet
921 3218 186 54 élégant
1128 3213 108 50 trio,
1258 3219 238 36 contraste
1530 3206 214 44 souriant
1770 3218 113 29 avec
1917 3204 13 40 1
1952 3216 231 43 orageuse

167 3286 223 43 fantaisie
413 3286 65 42 du
505 3293 51 33 n°
590 3298 35 37 1,
653 3283 82 57 qui
758 3281 254 57 répondait
1034 3277 160 42 mieux
1216 3277 23 40 à
1275 3275 137 41 l'ame
1450 3273 57 41 de
1547 3269 278 43 Hoffmann.
1854 3266 328 53 Décidément,

167 3350 45 44 la
235 3348 331 44 démarcation
589 3349 82 41 des
710 3347 118 42 trois
854 3342 235 45 manières
1133 3340 75 41 n'a
1243 3337 100 43 rien
1382 3337 27 40 d
1429 3334 170 43 absolu
1915 3342 267 43 apparence

168 3413 442 57 chronologique...
642 3410 291 48 Beethoven,
960 3407 58 41 né
1042 3403 208 49 sombre,
1279 3415 29 26 n
1328 3414 24 28 a
1372 3397 166 58 jamais
1563 3396 132 43 cessé
1721 3394 28 40 d
1769 3403 95 32 etre
1893 3405 288 39 amoureux;

167 3488 48 34 et
240 3491 188 30 comme
461 3489 124 29 nous
613 3473 157 52 disait,
799 3486 52 28 ce
875 3486 25 42 9
926 3483 141 38 mars,
1095 3467 41 42 le
1159 3463 139 58 poète
1324 3458 380 57 Grandmougin,
1730 3457 117 42 dans
1866 3470 65 28 un
1956 3457 228 55 à-propos

168 3541 173 56 rempli
367 3542 57 42 de
448 3540 288 57 généreuses
762 3534 282 51 intentions,

714 3640 66 38 Un
809 3637 139 49 espoir
970 3634 159 41 caressé
1154 3636 37 35 le
1216 3629 160 40 rendait
1399 3626 271 48 triomphant.

229 3788 92 41 Les
360 3783 286 58 interprètes
686 3778 242 46 habituels
954 3777 58 41 de
1049 3787 79 30 ces
1166 3771 220 43 brillants
1411 3765 255 46 vendredis
1690 3763 81 57 qui
1796 3770 113 36 vont

163 3849 347 44 parfaitement
551 3844 211 59 exprimé
818 3842 45 42 la
904 3837 258 46 transition
1206 3836 82 41 des
1334 3834 195 41 séances
1578 3825 318 46 modernistes
1937 3840 25 28 a
1996 3825 14 42 1
2029 3834 69 34 ait
2130 3824 59 45 de

161 3891 298 66 ÎBeethoven
485 3919 46 35 et
552 3911 43 42 le
621 3918 160 34 retour
806 3907 57 42 de
888 3900 314 59 l'expression
1223 3897 208 45 violente
1460 3898 24 40 à
1523 3895 45 42 la
1608 3891 151 45 forme
1798 3890 287 57 expressive.
2112 3889 77 43 On
