2479 4272
818 203 57 30 LE
912 193 243 37 MERCURE
1191 183 223 37 MUSICAL
1557 158 195 47 I-IV-OÔ

260 220 87 45 334

281 419 46 23 w
461 414 59 28 An
967 395 38 42 II
1032 389 189 53 parvint
1263 381 141 53 ainsi,
1441 393 59 30 en
1533 376 132 55 1895,
1701 385 115 30 sous
1842 370 68 42 les
1936 381 126 43 )eux
2084 369 56 42 de
2176 370 111 43 Car-

548 467 167 46 décida
759 465 55 40 de
842 467 188 36 monter
1853 454 104 44 Don
1983 444 239 61 Procopio
2265 442 28 43 k
1531 431 465 64 l'Opéra-Comique
2046 444 115 31 avec
2199 447 91 33 une

263 487 269 99 traduction
560 546 56 28 en
644 541 104 30 vers
776 525 56 44 de
863 518 150 46 Louis
1038 513 173 48 Gallet.
1236 513 94 40 Les
1363 505 312 46 événements
1696 495 345 58 empecherent
2067 508 53 30 ce
2143 508 147 45 pro,e,

263 602 249 45 d'aboutir.
566 597 68 40 La
665 589 193 46 version
886 579 190 48 donnée
1112 581 22 41 à
1180 569 335 50 Monte-Carlo
1551 576 71 33 est
1658 564 58 43 de
1759 561 99 43 MM
1952 571 59 31 au
2107 571 26 31 o
2176 571 114 33 met

263 668 116 43 Paul
404 661 134 47 Berel
583 659 130 44 aidés
734 666 124 45 pour
879 650 311 53 l'adaptation
1214 636 232 47 musicale
1467 647 87 45 par
1578 632 67 42 M.
1673 628 90 44 Ch.
1802 627 267 41 Malherbe.

300 682 85 91 Te
409 729 122 48 sujet
557 725 57 42 de
637 729 72 35 cet
734 717 146 57 opéra
902 710 163 45 bouffe
1107 716 71 34 est
1201 703 96 45 très
1326 698 193 46 ancien.
1548 696 40 43 Il
1631 701 151 35 existe
1809 702 68 30 un
1910 689 107 42 Don
2045 691 245 55 Procopio,

265 793 219 54 musique
512 791 57 42 de
583 785 173 49 Tritto,
785 782 167 43 datant
973 777 57 42 de
1063 772 131 57 1782,
1231 782 53 29 ce
1311 764 83 60 qui
1421 777 59 29 ne
1501 769 114 36 veut
1649 771 84 44 pas
1761 755 102 44 dire
1891 765 94 45 que
2007 752 43 44 le
2078 752 135 44 livret
2237 768 54 31 ne

291 858 66 43 oit
383 870 81 35 pas
491 848 255 50 antérieur,
775 858 51 29 sa
861 837 359 47 ressemblance
1267 843 115 32 avec
1423 835 241 36 certaines
1691 818 247 47 comedies
1968 818 64 43 du
2059 825 152 48 temps
2238 819 55 44 de

268 920 198 45 Molière
499 917 41 42 le
567 912 138 45 ferait
729 918 253 47 supposer.
1030 903 74 42 En
1152 898 49 43 >8
1206 910 30 42 4
1241 896 20 43 5
1292 908 65 29 on
1396 901 170 33 trouve
1592 896 177 35 encore
1795 895 67 31 un
1905 881 107 43 Don
2045 880 246 58 Procopto,

266 984 346 44 melodramma
638 973 130 46 buffa
794 974 58 43 de
880 967 143 45 Carlo
1052 958 342 58 Cambraggio.

323 1049 105 42 Don
460 1040 238 57 Procopio
726 1046 69 34 est
835 1047 67 31 un
927 1030 111 44 vieil
1062 1028 264 55 Harpagon
1371 1021 24 42 à
1432 1030 82 44 qui
1538 1028 69 30 un
1634 1022 134 34 autre
1804 1023 157 40 avare,
2002 1008 292 57 Andronico,

268 1107 217 50 voudrait
516 1105 117 44 faire
659 1102 206 57 épouser
888 1111 51 29 sa
964 1092 136 44 nièce
1128 1087 207 46 Bettina.
1361 1079 393 47 Naturellement
1778 1074 46 43 la
1861 1073 113 57 jolie
1998 1072 31 43 fi
2072 1086 21 29 e
2114 1072 181 57 préféré

267 1190 66 28 un
365 1174 122 41 beau
513 1181 176 37 çarcon
729 1160 195 46 nommé
952 1155 249 46 Odoardo.
1242 1152 63 43 Sa
1336 1155 132 36 tante
1499 1141 226 45 Eufemia
1759 1148 47 34 et
1830 1152 89 29 son
1947 1135 123 45 frere
2097 1136 198 44 Ernesto

270 1253 47 29 se
342 1237 180 48 liguent
548 1244 110 31 avec
685 1229 90 43 elle
798 1239 122 43 pour
959 1235 50 31 se
1039 1230 205 46 moquer
1282 1215 57 42 de
1367 1213 110 41 Don
1508 1210 261 52 Procopio,
1806 1218 27 28 a
1858 1214 83 46 qui
1964 1200 44 44 la
2034 1214 137 43 jeune
2204 1200 91 44 fille

270 1298 210 54 apparaît
497 1309 112 31 sous
634 1307 66 29 un
720 1291 96 43 très
839 1286 146 46 vilain
1009 1285 123 56 jour.
1162 1280 152 44 Grâce
1348 1276 24 43 à
1396 1289 52 29 ce
1476 1280 307 47 stratagème,
1813 1266 42 43 le
1875 1265 113 43 vieil
2007 1277 155 41 avare,
2189 1277 88 31 crai-

271 1373 142 34 gnant
430 1374 122 39 pour
569 1371 74 31 ses
662 1357 130 49 écus,
827 1366 50 31 se
902 1350 142 44 retire
1071 1357 46 35 et
1131 1345 116 44 cède
1267 1342 45 45 la
1335 1340 139 59 place
1499 1337 27 43 à
1551 1334 253 45 Odoardo.

328 1423 179 56 Malgré
545 1436 51 29 sa
618 1421 124 48 date,
770 1414 177 56 malgré
972 1426 90 30 son
1087 1409 143 45 vieux
1263 1404 120 59 style
1406 1400 97 46 très
1531 1399 184 51 italien,
1750 1409 75 31 ses
1860 1392 274 45 ensembles
2161 1400 44 35 et
2224 1406 71 30 ses

271 1488 241 51 roulades,
532 1486 45 41 la
604 1482 222 54 musique
853 1479 58 42 de
939 1475 135 45 Bizet
1093 1488 58 28 ne
1193 1482 211 44 manque
1430 1465 51 43 ni
1507 1460 326 60 d'originalité
1860 1473 49 28 ni
1936 1459 29 42 d
1984 1465 186 35 intérêt.
2199 1456 98 44 Elle

269 1550 213 55 pourrait
508 1563 57 29 en
587 1556 104 34 tout
717 1559 78 29 cas
830 1541 268 60 apprendre
1124 1536 256 44 utilement
1416 1533 23 40 à
1482 1543 91 30 nos
1601 1527 261 43 modernes
1903 1531 195 35 auteurs
2145 1522 29 41 d
2193 1534 79 43 opé-

274 1626 141 34 rettes
439 1614 144 53 qu'un
609 1611 144 56 opéra
780 1605 162 45 bouffe
969 1619 58 29 ne
1050 1618 49 28 se
1124 1611 233 45 compose
1383 1609 85 44 pas
1497 1590 413 47 nécessairement
1953 1587 56 41 de
2037 1586 167 49 valses,
2241 1586 55 41 de

272 1679 167 51 polkas
464 1687 44 34 et
532 1677 57 42 de
631 1672 279 58 quadrilles.
941 1672 64 40 Le
1035 1665 166 45 succès
1225 1664 184 43 obtenu
1435 1673 84 43 par
1542 1665 123 35 cette
1693 1666 167 31 œuvre
1903 1651 57 43 de
1985 1650 220 57 jeunesse
2232 1657 66 34 est

274 1745 76 48 dû,
380 1740 175 56 malgré
577 1748 119 42 tout,
725 1751 60 29 au
811 1750 113 28 nom
951 1735 63 41 du
1039 1729 238 45 musicien
1313 1724 190 45 célèbre
1531 1723 120 42 dont
1677 1733 53 29 ce
1757 1718 72 42 fut
1855 1717 45 42 le
1924 1714 149 44 début
2110 1714 113 41 dans
2257 1712 41 43 la

275 1804 321 56 composition
623 1799 315 57 dramatique,
979 1806 45 33 et
1050 1796 25 42 à
1100 1808 95 29 une
1241 1785 369 61 interprétation
1658 1781 303 58 intelligente
2004 1792 63 29 ou
2100 1776 199 56 figurent

275 1872 118 42 MM.
418 1870 116 42 Jean
562 1865 176 50 Perier,
767 1861 322 52 Rousselière,
1120 1860 204 48 Bouvet,
1353 1850 245 54 Chalmin,
1623 1849 49 42 M
1678 1851 42 24 llc
1726 1859 14 22 s
1767 1847 185 41 Pornot
1969 1852 45 34 et
2041 1842 184 42 Morlet.

331 1934 128 41 Pour
482 1929 228 44 terminer
736 1936 120 34 cette
889 1925 165 57 rapide
1089 1935 142 30 revue
1257 1921 58 41 de
1339 1919 45 41 la
1417 1915 165 44 saison
1609 1913 29 42 d
1659 1911 149 57 opéra
1834 1910 26 42 à
1888 1904 343 51 Monte-Carlo,
2258 1904 39 55 je

271 1994 204 58 parlerai
502 2006 174 31 encore
704 1992 56 42 de
779 1990 44 42 la
848 1987 180 58 reprise
1052 1987 63 42 du
1140 1987 104 41 Don
1276 1982 172 45 Carlos
1481 1981 57 42 de
1563 1976 165 51 Verdi,
1765 1973 174 44 chanté
1959 1985 84 44 par
2070 1971 59 40 Ml
2148 1979 16 23 e
2196 1968 78 41 Far-

276 2074 90 38 rar,
416 2060 119 41 MM.
564 2058 56 41 de
659 2054 183 44 Marchi
874 2055 126 53 (Don
1028 2051 207 52 Carlos),
1283 2045 203 46 Renaud
1531 2053 45 33 et
1619 2038 287 58 Chaliapine
1950 2034 239 56 (Philippe
2221 2032 76 56 11),

277 2122 276 43 l'orchestre
580 2121 128 41 étant
731 2117 149 57 dirigé
913 2131 84 41 par
1028 2116 41 42 le
1096 2122 209 35 maestro
1336 2113 253 40 Brunetto.
1633 2107 69 41 De
1738 2112 124 35 cette
1889 2099 229 59 partition
2152 2096 146 56 (1867)

278 2187 105 42 date
402 2183 280 44 l'évolution
708 2183 56 42 de
791 2180 148 44 Verdi
964 2189 46 33 et
1047 2180 57 42 de
1130 2178 44 43 la
1197 2176 225 57 musique
1446 2172 249 44 italienne.
1723 2169 41 42 A
1790 2181 53 29 ce
1870 2166 109 43 titre
2003 2162 88 44 elle
2117 2159 158 43 mérite-

276 2249 88 43 rait
384 2262 93 28 une
515 2248 141 41 étude
684 2243 322 59 approfondie
1044 2242 115 58 qu'il
1187 2240 144 44 serait
1364 2238 171 43 oiseux
1559 2230 397 58 d'entreprendre
1987 2223 311 60 aujourdhui.

331 2313 50 43 Je
430 2311 125 43 crois
600 2310 168 42 inutile
813 2308 233 57 d'ajouter
1094 2320 93 43 que
1238 2313 161 35 toutes
1449 2316 80 29 ces
1578 2310 192 32 œuvres
1806 2303 111 35 sont
1957 2290 215 45 montées
2221 2300 81 42 par

279 2376 64 43 M.
372 2375 291 55 Gunsbourg
688 2387 114 29 avec
827 2385 66 30 un
917 2372 109 41 luxe
1051 2371 57 42 de
1135 2370 172 43 décors
1343 2376 45 35 et
1413 2368 58 42 de
1505 2364 120 44 mise
1654 2376 57 30 en
1739 2358 143 46 scène
1907 2370 90 45 que
2021 2357 281 55 permettent

278 2437 237 44 d'ailleurs
542 2437 67 42 les
632 2436 242 43 bénéfices
891 2434 196 43 réalisés
1118 2448 60 28 au
1202 2442 154 34 trente
1377 2440 46 34 et
1448 2436 252 51 quarante,
1726 2434 47 33 et
1799 2437 60 30 en
1886 2422 103 43 cela
2006 2420 67 42 les
2093 2425 209 46 comptes

279 2503 174 41 rendus
480 2500 201 44 officiels
717 2514 58 29 ne
804 2509 109 33 sont
945 2512 85 43 pas
1058 2507 259 33 menteurs.
1368 2494 123 43 Mais
1536 2490 230 45 combien
1804 2497 111 33 tous
1943 2498 77 30 ces
2048 2483 254 42 dnecteurs

280 2566 56 42 de
360 2565 179 42 théâtre
557 2573 84 33 ont
663 2573 96 33 tort
786 2564 57 42 de
870 2563 153 43 croire
1050 2575 92 42 que
1166 2561 41 42 le
1232 2559 166 57 public
1423 2572 49 29 se
1498 2557 61 43 fie
1581 2557 25 40 à
1632 2568 79 29 ces
1739 2560 219 49 comptes
1980 2547 175 43 rendus
2180 2543 97 55 ingé-

280 2637 197 33 nument
509 2627 414 57 dithyrambiques
964 2625 82 58 qui
1072 2624 169 43 frisent
1266 2624 43 41 le
1336 2622 221 50 ridicule,
1603 2629 45 34 et
1671 2629 190 32 comme
1888 2615 57 42 ils
1973 2620 110 36 sont
2108 2607 119 44 naïfs
2250 2606 52 41 de

280 2691 225 42 redouter
538 2705 64 27 ou
628 2691 58 42 de
713 2689 213 57 négliger
967 2690 67 42 les
1061 2687 357 58 appréciations
1446 2682 390 58 indépendantes
1863 2688 46 34 et
1935 2674 208 46 sincères
2167 2672 53 42 de
2254 2681 49 30 ce

278 2754 139 56 qu'ils
443 2754 242 56 appellent
710 2753 462 57 dédaigneusement
1214 2752 68 43 les
1306 2752 173 58 petites
1507 2761 163 31 revues
1691 2751 18 38 !
1740 2745 64 42 Ils
1832 2757 58 29 ne
1929 2755 47 29 se
2004 2738 199 45 rendent
2223 2745 80 45 pas

282 2816 348 44 suffisamment
654 2826 188 47 compte
866 2831 91 43 que
992 2831 90 29 nos
1107 2818 268 56 jugements
1409 2813 131 45 seuls
1582 2820 112 35 sont
1733 2808 97 58 pris
1859 2821 60 29 au
1945 2804 188 44 sérieux
2150 2811 82 46 par
2265 2796 39 41 le

279 2881 163 56 public
469 2880 190 54 éclairé,
685 2890 44 33 et
753 2882 106 55 qu'à
886 2881 181 43 l'heure
1091 2882 85 42 des
1213 2878 317 59 liquidations
1557 2873 273 46 définitives
1877 2871 58 43 ils
1963 2883 58 28 ne
2060 2867 246 57 passeront

279 2958 121 41 pour
423 2945 82 42 des
531 2945 173 57 grands
727 2944 220 43 hommes
969 2946 249 55 qu'autant
1244 2958 91 43 que
1354 2956 125 30 nous
1505 2942 214 43 l'aurons
1747 2937 85 44 dit.

1670 3007 475 40 Edouard
2144 3007 1 40 Perrin.

418 3246 371 50 COURRIER
835 3248 104 50 DE
992 3248 228 57 LILLE.

1888 3344 7 6 •
2154 3334 8 7 •
2196 3333 8 6 •
2295 3342 11 2 _

344 3353 62 42 Le
435 3354 50 41 25
508 3353 169 42 février
716 3353 206 54 dernier,
950 3353 345 43 l'Association
1330 3348 359 61 symphonique
1717 3344 203 45 donnait
1964 3354 87 31 son
2074 3343 236 38 troisième

287 3427 190 32 concert
505 3417 56 43 de
583 3417 44 43 la
647 3416 178 47 saison,
853 3419 74 41 Au
948 3432 321 41 programme,
1293 3417 292 41 l'ouverture
1609 3413 65 41 du
1699 3408 278 46 Freischiïtz
1982 3440 12 18 ,
2018 3404 43 42 la
2087 3406 223 50 septième

287 3478 289 58 Symphonie
599 3494 59 28 en
680 3480 43 42 la
756 3481 199 56 majeur,
977 3480 27 41 Y
1008 3482 241 56 Apprenti
1274 3480 196 43 Sorcier
1493 3478 57 41 de
1585 3475 184 52 Dukas,
1809 3474 45 41 la
1878 3468 238 61 Rapsodie
2154 3472 130 32 norvé-

281 3541 171 57 gienne
467 3545 56 40 de
554 3543 135 52 Lalo,
711 3553 44 33 et
782 3547 46 40 M
913 3546 41 42 J.
987 3546 197 55 Raunay
1214 3545 119 42 dans
1360 3543 42 42 le
1427 3539 214 45 récitatif
1662 3548 46 33 et
1724 3536 103 44 l'air
1850 3537 63 41 du
1945 3529 245 47 troisième
2215 3530 95 36 acte

287 3606 228 42 d'Alceste
522 3639 10 21 ,
555 3606 45 43 la
628 3607 219 44 Chanson
872 3608 296 58 perpétuelle
1201 3609 57 42 de
1287 3607 260 42 Chausson
1566 3613 46 33 et
1634 3602 44 43 la
1719 3599 218 46 cavatine
1973 3597 83 43 des
2084 3592 153 45 Noces
2260 3585 51 42 de

286 3667 203 56 Figaro.

341 3730 47 42 M
394 3742 52 22 me
466 3733 40 42 J.
533 3734 199 56 Raunay
758 3733 114 44 était
897 3748 94 43 peu
1018 3748 193 29 connue
1254 3734 25 42 à
1309 3733 120 43 Lille
1479 3731 189 58 jusqu'à
1722 3742 53 31 ce
1809 3728 126 55 jour,
1977 3721 129 46 aussi
2133 3710 178 51 a-t-elle

284 3795 238 54 remporté
546 3811 66 26 un
639 3797 148 55 grand
814 3799 186 53 succès,
1027 3798 38 42 si
1091 3798 165 42 mérité
1282 3811 87 42 par
1395 3797 46 42 la
1466 3794 173 45 beauté
1675 3794 57 42 de
1761 3806 51 29 sa
1832 3790 129 54 voix,
2007 3788 44 42 la
2092 3780 219 45 noblesse

289 3855 54 41 de
364 3870 50 28 sa
437 3856 112 44 fière
573 3860 215 52 attitude,
822 3870 45 34 et
893 3875 89 29 son
1029 3861 308 55 intelligence
1378 3860 235 43 musicale
1660 3857 187 44 dénuée
1874 3855 59 42 de
1980 3844 331 52 cabotinisme.
