2479 4272
858 286 59 30 LE
951 282 244 33 MERCURE
1233 277 220 35 MUSICAL
1591 261 198 45 I-IV-OÔ

308 278 89 56 296

311 500 372 55 constitution
728 503 29 49 à
811 498 164 53 l'aide
1031 493 471 71 d'harmoniques
1559 491 254 55 naturels
1868 493 330 69 supérieurs
2258 519 67 38 ou

311 599 23 28 «
378 576 297 54 inférieurs
712 598 45 43 »,
785 575 38 53 il
847 593 70 34 ne
945 571 164 74 s'agit
1133 573 130 71 plus
1286 573 69 52 de
1384 570 264 72 pratique
1675 588 75 35 ou
1774 570 70 53 de
1872 575 418 67 tempérament
2312 603 11 42 ;

305 656 35 52 il
374 654 159 71 s'agit
559 655 66 52 de
656 654 228 53 théorie.

378 734 111 51 Dès
517 733 50 50 la
594 731 221 71 préface
839 731 68 52 de
927 741 142 42 cette
1096 730 190 67 étude,
1309 726 90 71 j'ai
1427 728 108 53 cité
1559 740 85 41 cet
1665 728 119 53 avis
1811 730 68 52 de
1901 730 81 53 M.
2023 730 300 79 Riemann,

311 810 194 52 extrait
523 811 67 51 de
626 828 88 34 ses
1185 808 443 54 Preludienund
1639 806 237 55 Studien
1469 823 12 37 :
1520 828 25 28 «
1576 806 79 56 Ce
1684 806 99 73 qui
1817 822 107 54 est,
1961 827 72 35 en
2057 824 123 42 tout
2213 834 107 52 cas,

312 889 395 62 indiscutable,
736 889 135 52 c'est
918 890 210 69 qu'une
1176 885 404 56 combinaison
1614 903 207 38 sonore
1872 886 338 61 simultanée
2254 915 69 37 ou

313 966 313 54 successive
651 969 144 51 n'est
834 966 338 54 concevable
1205 979 56 41 et
1285 984 70 34 ne
1401 978 135 59 peut
1576 968 119 49 être
1731 966 291 73 comprise
2067 988 110 53 que
2208 987 85 43 tou-

307 1042 156 70 jours
490 1058 55 39 et
569 1044 447 54 exclusivement
1783 1045 141 55 dans
2118 1045 48 53 le
2259 1063 66 35 sen
1425 1045 137 53 d'un
1589 1045 299 53 intervalle
1916 1050 222 52 naturel
2161 1050 158 74 juste,

308 1136 54 40 et
381 1122 197 68 jamais
606 1125 134 51 d'un
771 1124 293 53 intervalle
1098 1126 273 69 tempéré.
1404 1124 77 52 Et
1506 1122 38 54 il
1573 1136 84 41 est
1676 1124 228 53 notoire
1929 1144 110 53 que
2075 1128 245 75 l'emploi

308 1201 75 52 du
418 1205 417 65 tempérament
867 1201 141 52 dans
1044 1201 52 54 la
1139 1201 265 73 pratique
1451 1201 280 55 musicale
1774 1220 71 35 ne
1900 1219 165 56 porte
2113 1224 207 41 aucune

305 1277 232 54 atteinte
564 1281 29 50 à
630 1291 141 40 cette
815 1279 464 71 interprétation.
1317 1302 25 26 »
1380 1279 106 71 Or,
1520 1281 143 52 dans
1705 1280 300 74 l'exemple
2038 1285 98 70 qui
2183 1304 137 39 nous

306 1374 231 52 occupe,
566 1356 79 54 M.
678 1357 286 54 Riemann
997 1357 252 56 identifie
1294 1376 70 36 en
1390 1360 80 52 les
1526 1359 358 56 confondant
1919 1364 98 52 des
2053 1383 131 35 sons
2226 1366 72 55 fai-

306 1446 124 40 sant
465 1434 255 53 fonction
744 1436 66 51 de
862 1434 220 72 quinte,
1142 1437 67 53 de
1237 1436 171 55 tierce
1443 1455 73 36 ou
1563 1439 69 52 de
1680 1439 281 71 septième
2006 1445 310 70 naturelles,

303 1511 360 53 démontrées
697 1512 179 69 telles,
899 1531 74 36 ou
1007 1531 242 53 conçues
1275 1516 181 68 telles,
1493 1520 30 50 à
1552 1517 51 51 la
1633 1520 192 50 même
1849 1537 142 53 page
2020 1534 52 39 et
2095 1539 101 53 par
2218 1524 76 53 lui-

303 1591 187 50 même
606 1606 67 35 en
710 1591 160 70 1887,
896 1595 30 48 à
946 1591 122 53 vrai
1096 1592 141 69 dire,
1274 1595 189 52 tandis
1479 1614 111 52 que

305 1680 129 38 sont
466 1667 66 52 de
576 1667 158 71 1895.
771 1669 146 53 Mais
951 1670 51 52 la
1049 1671 324 70 profession
1413 1674 69 52 de
1516 1672 78 54 foi
1628 1674 222 53 tardive
1905 1679 259 68 apparaît
2194 1693 121 58 trop

303 1744 384 54 évidemment
714 1747 421 71 surérogatoire
1163 1752 66 51 de
1258 1750 52 53 la
1343 1764 129 58 part
1519 1752 137 52 d'un
1690 1752 319 56 théoricien
2046 1756 96 71 qui
2193 1770 123 42 veut

303 1821 163 52 baser
505 1835 125 41 tout
655 1841 103 35 son
792 1829 247 67 système
1075 1845 98 36 sur
1205 1829 50 52 le
1290 1829 367 71 phénomène
1953 1835 169 52 d'une
2169 1839 117 48 réso-

306 1914 176 37 nance
507 1898 304 56 inférieure
844 1904 141 53 dont
1011 1904 37 52 il
1083 1906 291 53 s'acharne
1408 1910 29 51 à
1470 1925 254 53 prouver
1775 1910 324 56 l'existence
2140 1911 146 70 objec-

302 1975 111 54 tive
447 1995 72 36 ou
546 1991 176 42 autre.

376 2055 78 50 La
477 2055 196 67 vérité,
700 2057 133 52 c'est
862 2058 170 70 qu'en
1059 2062 237 70 l'espèce
1331 2065 366 72 l'équivoque
1724 2067 139 54 était
1896 2067 415 74 indispensable

303 2135 30 49 à
364 2150 59 33 ce
447 2132 308 55 théoricien
781 2149 14 54 *,
823 2136 37 53 il
886 2155 71 36 en
984 2138 359 74 badigeonne
1368 2144 50 52 la
1451 2144 196 69 façade
1683 2146 68 52 de
1787 2165 106 34 son
1921 2152 263 68 système,
2221 2149 90 70 qui

305 2226 129 36 sans
467 2225 87 38 cet
579 2213 300 70 expédient
900 2235 69 34 ne
998 2217 165 55 ferait
1189 2239 100 52 pas
1314 2240 115 34 une
1479 2222 225 55 minute
1738 2224 258 69 illusion,
2050 2232 180 47 même
2285 2230 27 48 à

305 2305 102 33 son
440 2287 319 56 inventeur.
786 2291 58 55 Si
872 2295 76 53 M.
987 2296 290 55 Riemann
1312 2318 29 33 a
1368 2306 249 48 renoncé
1644 2302 47 54 si
1717 2304 117 53 vite
1878 2309 29 48 à
1935 2305 50 53 la
2027 2309 252 68 représen-

306 2363 180 52 tation
532 2367 359 72 symbolique
948 2390 101 52 par
1105 2376 137 70 quoi
1288 2377 406 71 Hauptmann,
1744 2382 336 55 Helmholtz
2112 2396 52 40 et
2201 2399 104 35 von

307 2441 299 71 Œttingen
632 2446 351 70 spécifiaient
1016 2451 129 70 plus
1176 2471 72 36 ou
1276 2456 196 53 moins
1500 2459 362 54 strictement
1893 2461 51 52 la
1976 2461 211 71 qualité
2218 2461 91 52 des

303 2535 132 37 sons
505 2522 346 69 considérés,
894 2527 136 53 c'est
1069 2535 288 66 peut-être
1406 2553 148 53 pour
1587 2554 70 35 en
1713 2539 161 53 avoir
1920 2540 391 53 obscurément

303 2613 167 53 perçu
505 2598 78 52 les
611 2598 435 60 inconvénients
1074 2622 54 38 et
1147 2611 236 53 redouté
1412 2613 80 53 les
1512 2620 447 67 conséquences.
1987 2619 145 52 Rien
2151 2616 159 71 qu'en

300 2673 204 54 faisant
537 2677 50 51 la
621 2678 333 56 distinction
1001 2700 158 40 entre
1206 2688 80 54 les
1321 2692 185 52 seules
1535 2693 233 72 quintes
1810 2710 54 39 et
1906 2696 220 66 tierces,
2160 2709 51 39 et
2244 2710 65 37 en

302 2753 347 52 confondant
684 2757 78 51 les
787 2760 304 69 septièmes
1126 2782 131 37 avec
1284 2768 51 51 la
1364 2772 507 55 sous-dominante
1898 2776 75 52 du
2001 2775 215 68 majeur
2240 2787 69 37 ou

315 2828 86 52 ha
423 2843 51 38 et
501 2831 47 50 le
576 2850 103 34 son
706 2833 126 71 aigu
1416 2855 184 51 prime
1072 2841 67 52 de
1168 2842 240 58 l'accord
1434 2848 68 52 de
1530 2850 338 54 dominante
1900 2871 28 35 «
1963 2851 342 55 inférieure»

301 2908 75 51 du
405 2908 227 55 mineur
667 2930 72 35 ou
773 2913 66 62 si,
871 2914 79 55 M.
988 2918 287 57 Riemann
1308 2927 184 54 aurait
1516 2928 75 54 dû
1623 2946 339 56 remarquer
1985 2950 106 53 que
2133 2953 25 26 «
2188 2930 95 52 l'ac-

303 2987 134 51 cord
470 2986 221 67 majeur
725 2991 67 53 de
827 2994 299 58 neuvième
1162 3021 24 27 »
1227 3001 146 57 ainsi
1413 3006 216 56 obtenu
1655 3024 11 38 :

315 3062 504 72 Sol-si-Ré-Fa-La,

302 3156 69 34 ne
405 3158 13 33 1
435 3142 158 52 éunit
617 3143 163 70 point
813 3165 68 35 en
917 3168 103 36 son
1056 3158 294 55 ensemble
1385 3180 207 37 sonore
1618 3184 26 33 «
1686 3165 244 54 l'accord
1971 3165 220 70 majeur
2244 3160 61 52 de

298 3218 271 69 septième
599 3243 23 27 »
651 3236 12 38 :

307 3294 407 71 Sol-si-Ré-Fa,
2051 3317 15 47 \

301 3384 51 38 et
380 3395 21 25 «
442 3374 237 56 l'accord
707 3379 230 57 mineur
959 3387 67 52 de
1054 3391 275 70 septième
1368 3417 25 27 »
1434 3412 10 37 :

296 3449 336 57 la-Fa-ré-si
661 3476 20 42 ;

298 3529 261 69 puisque,
597 3534 141 52 dans
763 3555 89 35 ces
881 3544 255 65 accords,
1166 3547 81 53 les
1271 3567 135 37 sons
1535 3569 54 39 et
1619 3574 80 44 re,
1846 3570 54 40 et
2052 3552 253 56 diffèrent

294 3605 103 51 ala
424 3607 105 53 fois
557 3610 32 51 d
614 3609 323 61 intonation
1655 3628 53 45 et
1840 3622 67 53 de
2056 3627 267 62 fonction.

360 3683 79 52 M.
480 3685 284 58 Riemann
800 3711 29 33 a
863 3712 131 37 sans
1030 3701 171 53 doute
1237 3703 520 61 inconsciemment
1790 3712 219 70 préféré
2052 3704 252 74 esquiver

297 3777 57 33 ce
390 3767 251 50 contiôle
670 3774 295 65 perpétuel
995 3791 201 40 autant
1220 3782 541 77 qu'incorruptible.
1807 3791 93 52 En
1951 3788 245 55 écrivant
2229 3782 72 51 les

297 3852 165 38 noms
486 3843 95 51 des
617 3862 133 35 sons
790 3866 70 34 en
888 3858 313 52 caractères
1241 3859 345 77 identiques,
1617 3870 163 68 quels
1813 3871 171 68 qu'en
2010 3868 215 54 fussent
2257 3858 43 51 le

296 3928 235 56 îappoit
595 3922 33 50 d
653 3922 295 59 intervalle
1004 3939 50 46 et
1103 3934 55 54 la
1195 3938 254 66 fonction
1501 3946 356 70 subséquente
1864 3993 10 23 ,
1919 3966 70 36 en
2041 3946 263 67 adoptant
