2936 4346
630 1094 260 65 Conférence
912 1098 126 64 faite
1520 1099 27 47 à
1656 1101 45 47 la
1821 1103 157 48 Société
2172 1106 37 50 Internationale
2210 1120 71 45 le
2282 1134 281 48 24
2582 1143 86 48 191
2689 1145 36 33 1.

1028 1290 354 76 Messieurs,

572 1464 238 81 Depuis
842 1465 125 63 fort
1001 1472 353 84 longtemps
1388 1498 80 39 on
1505 1501 31 36 a
1570 1481 208 61 insisté
1815 1505 100 39 sur
1948 1488 55 59 la
2037 1488 295 65 nécessité
2384 1496 185 61 d'une
2620 1504 244 69 collabora-

385 1564 130 46 tion
575 1570 169 44 entre
803 1558 53 59 le
912 1559 344 82 professeur
1308 1566 74 59 de
1440 1568 187 61 chant
1682 1587 57 45 et
1797 1576 55 57 le
1909 1577 500 87 laryngologiste.
2470 1589 153 59 Bien
2677 1615 112 55 que
2836 1603 55 61 de;

384 1646 284 58 hommes
718 1648 387 83 compétents
1147 1652 260 83 (Morell
1443 1660 399 78 Mackenzie,
1894 1669 261 62 Manuel
2183 1675 223 77 Jarcia,
2445 1678 281 64 Battaille
2762 1688 130 53 W

385 1732 278 83 Burgett,
706 1738 262 61 Lennox
1002 1744 296 76 Brorone,
1336 1750 292 84 Bonnier)
1678 1777 74 38 en
1805 1759 161 59 aient
2018 1761 325 65 démontré
2395 1770 52 57 la
2500 1770 283 65 nécessité
2826 1787 63 58 elle

381 1844 36 37 n
447 1839 84 44 est
565 1848 106 59 pas
706 1850 219 40 encore
959 1834 207 59 entrée
1212 1839 143 60 dans
1404 1841 83 60 les
1537 1865 249 42 mœurs.
1842 1849 261 85 Chaque
2144 1855 146 80 jour
2340 1881 78 38 on
2469 1863 154 71 voit,
2653 1872 184 73 quand
2869 1878 20 59 il

379 1934 23 38 s
424 1930 129 65 agit
603 1918 141 61 d'un
794 1924 452 63 entraînement
1273 1932 232 80 sportif
1531 1937 410 85 quelconque,
1979 1944 53 57 le
2068 1944 282 64 médecin
2390 1951 253 62 devenir
2675 1958 53 57 le
2761 1965 106 61 colla-

379 2004 283 63 borateur
695 2010 82 60 du
810 2014 345 80 professeur
1188 2018 340 79 d'escrime,
1557 2027 75 58 de
1668 2027 177 76 boxe,
1876 2032 409 84 d'équitation
2322 2057 58 43 et
2416 2042 233 62 donner
2682 2069 101 40 son
2812 2060 75 57 avi;

375 2116 100 38 sur
530 2099 18 57 1
572 2114 122 46 état
755 2103 100 60 des
913 2107 317 62 différents
1288 2133 257 61 organes
1600 2123 188 78 qu'on
1838 2144 74 38 va
1961 2145 339 44 soumettre
2350 2131 31 61 à
2427 2135 448 71 l'entraînement

375 2189 310 83 Lorsqu'il
719 2193 175 84 s'agit
930 2197 148 61 d'un
1115 2222 228 61 organe
1378 2210 154 57 aussi
1567 2207 220 85 fragile
1824 2235 119 61 que
1978 2217 313 85 l'appareil
2326 2227 174 59 vocal
2535 2229 130 59 rien
2700 2231 70 60 de
2808 2240 76 57 cela

374 2299 36 36 n
436 2295 86 43 est
558 2282 250 62 observe
845 2302 58 44 et
940 2292 364 79 cependant,
1344 2310 129 47 tant
1510 2321 76 37 au
1621 2304 179 78 point
1842 2305 73 60 de
1964 2330 119 38 vue
2135 2311 329 87 théorique
2514 2340 158 60 pour
2718 2321 166 66 l'étude

372 2370 74 58 de
479 2371 55 58 la
568 2372 391 87 physiologie
995 2381 72 59 de
1101 2384 55 58 la
1193 2386 146 59 voix
1373 2389 183 80 qu'au
1593 2394 178 80 point
1806 2396 74 59 de
1915 2420 117 39 vue
2072 2405 281 73 pratique
2393 2429 156 49 pour
2594 2410 266 68 l'établisse-

371 2475 173 46 ment
579 2462 183 64 d'une
798 2467 294 64 méthode
1125 2473 257 86 logique
1418 2478 71 61 de
1524 2480 211 79 chant,
1773 2488 43 58 il
1849 2503 89 46 est
1971 2488 333 68 nécessaire
2342 2518 119 61 que
2502 2500 53 59 le
2604 2500 282 84 profesw

370 2556 73 54 de
494 2556 186 60 chant
730 2577 258 64 apporte
1037 2586 87 39 ses
1174 2588 458 47 connaissances
1682 2579 350 84 artistiques
2082 2606 76 39 au
2192 2588 482 86 laryngologiste
2710 2600 93 74 qui
2834 2601 48 58 lui

367 2645 277 61 fournira
680 2649 100 60 des
816 2652 265 63 données
1114 2658 419 86 scientifiques
1569 2669 315 61 certaines.

482 2827 10 10 .
553 2738 392 109 p°nvaincus
993 2746 75 59 de
1117 2749 19 58 1
1161 2748 386 84 importance
1598 2757 74 60 de
1707 2775 160 47 cette
1904 2766 461 79 collaboration,
2406 2774 99 59 M.
2545 2776 337 64 Fournieret

366 2846 126 38 moi
573 2851 184 41 avons
793 2833 247 62 réalisée
1075 2840 217 82 depuis
1324 2845 138 80 plus
1498 2847 146 61 d'un
1682 2874 95 38 an.
1816 2855 168 61 C'est
2035 2880 73 38 en
2162 2879 377 47 soumettant
2591 2869 262 79 systémati-

366 2935 295 63 quement
695 2923 82 60 les
813 2926 324 65 méthodes
1171 2931 73 60 de
1279 2932 187 64 chant
1501 2939 82 61 les
1640 2942 137 82 plus
1828 2946 242 76 usitées,
2122 2949 32 62 à
2204 2975 80 37 un
2338 2977 259 42 examen
2648 2963 231 77 critique,

363 3028 119 60 que
517 3025 175 47 notre
728 3029 301 49 attention
1066 3043 33 38 a
1133 3021 94 61 été
1263 3026 218 61 attirée
1520 3050 101 40 sur
1670 3055 82 39 un
1804 3039 177 79 point
2033 3040 73 60 de
2155 3044 56 58 la
2260 3045 392 87 physiologie
2700 3054 178 69 vocale,

361 3120 108 61 qui
506 3105 92 56 sil
631 3125 40 37 n
699 3127 31 36 a
763 3128 105 60 pas
902 3108 94 61 été
1031 3113 313 63 méconnu
1379 3139 32 38 a
1445 3118 96 62 été
1578 3122 81 60 du
1694 3128 204 61 moins
1931 3130 171 61 laissé
2139 3134 146 61 dans
2319 3138 276 64 l'ombre.
2653 3142 51 60 Il
2752 3144 126 79 s'agit

360 3195 72 55 de
466 3195 18 56 1
507 3195 303 62 influence
843 3199 486 90 physiologique
1368 3209 75 61 de
1489 3214 54 57 la
1576 3217 310 84 mimique
1919 3221 216 63 faciale
2172 3249 100 38 sur
2304 3229 55 59 le
2393 3229 484 65 fonctionnement

400 3302 32 38 e
523 3306 226 61 organe
799 3290 390 87 phonétique
1238 3315 59 43 et
1349 3301 100 59 des
1501 3308 278 60 résultats
1829 3311 259 63 obtenus
2133 3339 109 58 par
2275 3320 396 77 l'adaptation
2708 3323 169 63 réflexe

356 3377 81 54 du
540 3392 168 65 geste
741 3381 251 83 laryngé
1089 3409 77 38 au
1268 3406 169 65 geste
1470 3392 198 66 facial.

356 3553 10 10 .
537 3467 165 61 Pour
738 3471 235 62 donner
1006 3490 174 48 toute
1214 3481 56 60 la
1304 3483 186 60 clarté
1537 3487 295 65 désirable
1882 3492 31 61 à
1962 3513 178 45 notre
2190 3506 532 61 communication
2756 3509 38 58 il
2821 3522 53 44 est

349 3575 63 37 in
460 3577 234 61 îspensa
742 3562 53 59 le
831 3563 73 61 de
939 3571 298 79 rappeler,
1266 3588 117 45 très
1420 3575 403 81 brièvement,
1854 3608 120 60 que
2000 3588 314 82 l'appareil
2342 3599 174 58 vocal
2541 3619 60 38 se
2635 3617 239 53 compose

348 3652 513 63 essentiellement
896 3657 73 60 de
1005 3663 147 58 trois
1188 3667 242 77 parties.
