2936 4346
2528 3822 28 55 5

832 2513 406 61 LETTRES
1294 2510 120 61 DE
1465 2508 377 61 VOYAGE

259 2692 43 47 A
342 2711 93 27 mon
477 2690 92 47 ami
607 2689 173 47 Xenius

1701 2829 272 79 Malaga,,
2103 2825 275 59 le1
2140 2844 40 56 4

170 3064 16 9 .
234 3017 114 58 Me
383 3014 167 60 voici
602 3014 145 58 dans
936 3030 145 61 pays
1136 3007 100 58 des
1289 3004 289 82 palmiers
1636 2997 146 62 d'où
1840 2998 171 81 pleut
2064 3017 99 37 sur
2220 2997 81 55 les
2354 3014 162 61 yeux
2571 2993 57 58 la

455 3107 51 57 Il
558 3102 110 61 fait
719 3124 83 36 un
837 3098 165 61 froid
1037 3099 73 58 de
1147 3094 252 61 Sibérie.
1457 3093 239 80 Depuis
1744 3092 178 77 vingt
1974 3107 123 50 ans,
2149 3106 99 37 me
2299 3084 196 59 disent
2545 3084 83 57 les

75 3216 125 60 gens
234 3200 80 58 du
351 3219 145 61 pays
597 3197 56 57 la
689 3196 185 58 clime
969 3191 248 58 devient
1254 3188 71 58 de
1363 3187 135 80 plus
1532 3206 70 36 en
1631 3185 135 80 plus
1790 3182 373 79 rigoureuse.
2197 3177 50 57 Il
2275 3173 129 61 faut
2434 3176 195 57 croire

78 3308 100 59 que
212 3305 132 43 tout
380 3289 150 59 s'use
565 3306 146 40 avec
747 3286 55 57 le
837 3299 222 65 temps,
1096 3281 205 57 même
1335 3279 55 55 le
1425 3275 170 59 soleil
1646 3273 80 58 du
1778 3270 174 59 midi.
2011 3270 114 57 Les
2178 3267 217 81 petites
2445 3266 148 57 anda-

76 3378 174 63 louses
285 3393 369 70 parcourent
690 3379 82 56 les
808 3395 156 50 rues,
1016 3370 375 61 entortillées
1442 3367 144 58 dans
1636 3366 157 56 leurs
1844 3361 221 70 chaîes,
2102 3380 75 36 en
2228 3370 315 44 montiant
2600 3376 32 36 a

82 3473 154 76 peine
269 3475 160 56 leurs
464 3472 199 58 beaux
699 3488 164 62 yeux
898 3467 73 57 de
1006 3467 240 57 velours
1282 3475 57 44 et
1374 3460 160 59 leurs
1570 3475 246 60 casques
1852 3454 164 57 noirs
2051 3446 173 62 ornés
2260 3447 182 59 d'une
2483 3446 151 59 fleur

82 3580 64 39 ou
179 3563 143 58 d'un
360 3562 191 59 ruban
587 3573 229 68 voyant
849 3582 12 47 ;
920 3557 264 58 d'autres
1241 3553 136 80 plus
1432 3567 255 63 pauvres
1744 3558 330 67 peut-etre,
2131 3540 287 56 decorent
2477 3538 158 57 leuis

85 3656 197 75 petites
342 3656 151 57 têtes
569 3649 197 84 gelées
817 3649 72 59 de
959 3648 295 80 quelques
1329 3641 296 59 branches
1683 3638 71 57 de
1806 3635 202 82 persil,
2063 3653 66 37 ce
2190 3630 106 82 qui
2355 3630 81 57 les
2489 3627 148 59 rend

84 3761 198 45 encore
319 3747 133 81 plus
487 3742 456 84 appétissantes.
