2936 4346
353 235 95 67 78

1410 238 76 71 S.
1565 241 66 71 I.
1712 241 120 73 M.

346 378 327 66 d'augmenter
713 392 47 36 et
801 382 56 46 de
899 382 250 64 prolonger
1191 382 286 51 l'attention.
1517 386 93 48 Les
1648 402 184 35 centres
1859 391 62 46 du
1949 409 198 31 cerveau
2174 395 131 48 étant
2331 399 201 62 occupés
2557 400 199 63 ailleurs,
2782 407 88 55 c'est

346 468 58 30 en
447 453 106 45 vain
597 470 91 43 que
730 451 63 47 les
838 452 152 63 doigts
1031 454 259 47 enfoncent
1331 456 63 47 les
1431 459 196 46 touches
1649 480 12 38 ;
1700 458 311 65 l'impression
2041 477 67 33 est
2135 466 34 46 si
2198 467 155 61 faible,
2382 470 35 45 si
2446 470 167 63 légère,
2643 472 163 62 qu'elle
2832 499 39 33 ne

346 522 130 47 laisse
503 540 78 43 pas
607 523 56 46 de
691 534 125 35 trace
843 541 79 43 ou,
948 526 35 44 si
1012 524 89 46 elle
1127 542 58 29 en
1214 524 146 64 laisse,
1390 527 110 48 elles
1524 542 108 33 sont
1658 531 107 47 bien
1794 533 221 48 minimes
2042 553 80 44 par
2150 551 188 48 rapport
2363 559 60 27 au
2451 543 199 46 nombre
2686 543 186 60 d'heures

345 611 93 44 que
478 592 12 45 1
514 609 60 30 on
619 611 112 29 aura
772 594 270 47 consacrées
1087 595 24 46 à
1154 613 94 29 une
1294 597 140 47 étude
1472 599 114 47 ainsi
1628 602 108 45 faite
1762 623 12 37 ;
1813 621 98 29 non
1938 606 265 48 seulement
2230 608 43 48 le
2300 611 288 48 mécanisme
2617 631 257 47 progressera

346 663 92 47 très
465 663 278 61 lentement,
773 665 116 47 mais
915 664 44 47 la
985 665 229 48 mémoire
1254 684 100 31 sera
1393 670 173 47 rebelle
1608 684 47 33 et
1695 691 59 28 ne
1797 673 291 51 s'assimilera
2127 696 93 44 que
2262 680 326 61 péniblement
2629 697 47 34 et
2717 688 131 53 incom-

345 733 263 62 plètement
633 733 66 47 les
724 752 184 30 œuvres
934 735 223 48 étudiées.

490 804 136 45 Nous
666 821 58 30 en
766 823 144 29 avons
952 825 66 28 un
1061 807 216 63 exemple
1324 811 106 45 bien
1483 824 192 51 typique
1727 814 113 47 dans
1891 815 43 47 la
1983 818 177 48 facilité
2208 821 170 63 qu'ont
2429 823 352 63 généralement
2825 833 49 51 les

345 875 249 46 débutants
621 893 117 43 pour
779 887 163 35 retenu
994 895 80 43 par
1117 896 132 28 cœur
1294 898 52 28 ce
1388 899 62 44 qu
1472 881 53 47 ils
1559 884 169 62 jouent
1752 905 12 37 ;
1808 898 125 35 cette
1973 889 230 48 mémoire
2230 891 91 49 très
2347 894 350 63 fréquemment
2723 904 149 50 semble

345 945 274 61 s'atrophier
646 964 60 28 au
732 946 74 46 fur
833 959 48 34 et
908 947 25 47 à
960 965 184 30 mesure
1172 950 77 47 des
1277 951 188 63 progrès
1492 952 197 50 réalisés.

486 1014 339 67 L'hypothèse,
866 1018 143 47 émise
1054 1039 79 43 par
1178 1021 248 63 GRASSET,
1472 1025 57 45 de
1572 1025 274 49 l'existence
1893 1030 56 45 de
1995 1031 123 47 deux
2164 1035 159 47 ordres
2367 1036 213 50 distincts
2621 1040 56 46 de
2720 1056 155 40 centres

344 1088 292 62 psychiques,
682 1087 64 48 les
790 1107 89 28 uns
918 1107 127 45 supei
1059 1108 134 45 leurs,
1240 1093 64 46 les
1343 1107 155 34 auties
1543 1096 260 63 inférieurs,
1845 1100 130 47 vient
2013 1101 25 48 à
2076 1102 175 64 l'appui
2292 1106 56 47 de
2387 1125 54 29 ce
2481 1126 92 45 que
2606 1110 204 65 j'avance
2843 1134 32 33 et

344 1169 183 50 permet
555 1158 56 46 de
639 1159 106 46 bien
774 1159 112 47 faire
914 1163 311 60 comprendre
1253 1163 43 47 la
1323 1164 226 49 nécessité
1574 1168 190 48 absolue
1806 1169 57 47 de
1903 1171 226 58 dépenser
2170 1192 95 31 une
2306 1178 121 49 forte
2470 1180 107 47 dose
2620 1180 255 49 d'attention

345 1228 170 47 durant
542 1228 192 49 l'étude.

485 1299 47 46 A
560 1300 181 62 chaque
768 1303 177 61 grande
973 1303 214 47 fonction
1216 1323 226 31 nerveuse
1469 1310 282 61 correspond
1779 1329 65 28 un
1873 1329 178 46 groupe
2077 1315 221 50 différent
2325 1319 56 47 de
2409 1319 192 50 cellules
2637 1341 228 35 nerveuses

344 1369 56 46 de
442 1387 266 45 neuromes,
743 1389 73 29 -un
858 1385 163 35 centre
1061 1376 270 60 particulier
1375 1378 117 47 dont
1531 1379 42 47 la
1611 1379 146 48 lésion
1798 1394 213 37 entraîne
2051 1385 42 47 le
2121 1389 184 47 trouble
2333 1392 57 45 de
2417 1392 43 45 la
2486 1393 215 48 fonction
2729 1412 127 36 corres-

343 1441 241 61 pondante
607 1464 12 37 ;
661 1441 26 47 à
726 1444 183 63 chaque
952 1445 212 48 fonction
1213 1450 257 62 psychique
1515 1454 280 60 correspond
1839 1472 63 29 un
1947 1469 161 36 centre
2152 1460 171 61 spécial
2349 1484 12 36 ;
2405 1463 29 47 il
2472 1482 32 46 y
2542 1483 27 28 a
2607 1467 79 47 des
2723 1483 154 37 centres

343 1511 241 48 différents
627 1531 117 44 pour
788 1514 65 48 les
896 1516 237 47 fonctions
1173 1521 278 62 psychiques
1493 1524 305 61 supérieures,
1839 1526 283 51 volontaires
2159 1544 47 34 et
2244 1535 311 61 conscientes,
2594 1549 47 34 et
2679 1556 112 44 pour
2829 1542 47 49 les

345 1583 238 47 fonctions
608 1586 279 63 psychiques
914 1587 287 62 inférieures,
1229 1594 348 62 automatiques
1604 1605 45 36 et
1677 1595 362 52 inconscientes.

486 1653 196 49 Suivant
726 1669 125 35 cette
895 1658 260 64 hypothèse
1200 1661 56 46 de
1295 1661 123 47 deux
1459 1663 157 49 ordres
1655 1666 213 48 distincts
1907 1669 57 47 de
1999 1683 185 36 centres
2223 1676 294 62 psychiques,
2556 1677 255 64 supérieurs
2843 1698 33 33 et

344 1724 261 63 inférieurs,
632 1743 104 31 sans
762 1728 100 46 rien
890 1729 215 65 préjuger
1131 1731 62 47 du
1220 1731 123 65 siège
1371 1735 56 45 de
1455 1751 75 31 ces
1557 1747 185 37 centres
1769 1738 113 47 dans
1909 1738 201 51 l'écorce
2136 1743 251 64 cérébrale,
2418 1746 193 51 Grasset
2648 1769 25 28 a
2711 1755 165 60 proposé

344 1796 43 47 le
428 1798 190 46 schéma
663 1799 214 60 ci-apres,
919 1803 79 60 qui
1044 1820 29 26 n
1094 1813 69 36 est
1209 1803 25 46 d
1257 1804 187 49 ailleurs
1481 1823 62 46 qu
1566 1825 64 29 un
1672 1825 176 48 moyen
1888 1815 253 47 commode
2179 1816 57 46 de
2276 1817 374 51 démonstration
2687 1835 46 34 et
2770 1822 85 50 d'en-

344 1868 314 62 seignement.
705 1868 124 48 Nous
872 1881 275 53 empruntons
1188 1893 41 27 ce
1270 1876 165 47 schéma
1479 1877 28 47 à
1553 1896 81 28 une
1677 1879 85 47 très
1806 1881 280 50 intéressante
2128 1886 123 48 étude
2276 1905 15 30 :
2329 1888 82 49 Les
2448 1891 108 47 idées
2594 1893 211 49 médicales
2834 1897 42 46 du

360 1938 61 47 PJ
506 1939 178 64 tfesseur
941 1939 194 64 Grasset,
1380 1943 170 61 publiée
1779 1954 93 52 par
2039 1945 36 46 le
1257 1947 61 45 1)'
2401 1947 163 48 Sicard
2791 1950 51 46 de

339 2010 284 49 Accoucheurs.

1876 2356 169 40 Schéma
2067 2359 54 37 du
2141 2370 135 29 centre
2294 2363 35 37 O
2348 2372 37 29 et
2403 2364 55 37 du
2480 2363 92 55 poly-

1815 2427 106 36 gone
1942 2417 301 41 AVTEMK:

1875 2487 49 46 O,
1957 2497 135 29 centre
2113 2491 224 52 psychique
2358 2495 237 52 supérieur;

1815 2544 48 38 de
1900 2542 38 42 la
1973 2547 272 52 personnalité
2281 2552 240 49 consciente,
2546 2554 49 38 de

1814 2600 37 40 la
1885 2601 176 51 volonté,
2092 2606 55 39 du
2171 2608 192 49 contrôle,
2387 2611 55 37 du
2466 2613 127 47 Moi;

1812 2662 55 46 A,
1888 2671 134 31 centre
2037 2665 147 39 auditif;
2229 2668 48 47 V,
2298 2678 136 29 centre
2451 2669 144 52 visuel;

1813 2719 54 48 T,
1892 2730 135 29 centre
2049 2721 147 51 tactile,
2232 2726 218 40 sensibilité
2472 2732 96 46 géné-

1812 2776 112 53 rale;
1959 2781 47 46 E,
2032 2791 134 30 centre
2189 2784 48 38 de
2267 2782 234 54 l'écriture;
2524 2789 67 46 M,

1812 2846 136 30 centre
1983 2838 49 39 de
2068 2837 37 41 la
2147 2841 169 54 parole;
2358 2845 55 47 K,
2458 2855 135 30 centre

1811 2893 223 55 kinétique,
2060 2911 280 29 mouvements
2375 2906 215 46 généraux.

635 3300 49 50 O
712 3316 108 34 sont
847 3303 157 48 réunis
1045 3318 105 36 tous
1190 3307 64 48 les
1294 3327 236 32 neurones
1568 3316 282 63 psychiques
1887 3320 262 62 supérieurs
2173 3340 10 30 :
2223 3336 163 36 centre
2425 3327 56 46 de
2517 3327 43 47 la
2585 3323 286 68 personnalité

335 3370 284 63 consciente,
661 3373 56 46 de
762 3373 43 47 la
844 3375 207 63 volonté,
1093 3378 62 47 du
1195 3380 230 63 contrôle,
1454 3383 62 47 du
1557 3384 125 50 Moi.
1713 3387 94 48 Les
1832 3402 184 37 centres
2042 3394 282 59 psychiques
2350 3397 247 51 inférieurs
2622 3401 196 46 forment
2839 3394 31 47 le

333 3439 237 65 polygone
595 3444 341 51 AVTEMK.

477 3510 78 50 En
595 3514 47 46 A
680 3516 206 46 arrivent
918 3516 63 49 les
1009 3519 200 48 diverses
1234 3523 299 62 impressions
1558 3528 245 63 auditives,
1832 3548 59 29 en
1922 3533 44 46 V
1995 3533 63 48 les
2086 3535 297 63 impressions
2410 3541 227 62 visuelles,
2668 3560 56 30 en
2751 3539 47 49 T
2820 3538 49 47 les

336 3599 296 43 impressions
675 3588 195 48 tactiles.
915 3588 79 48 De
1037 3590 41 47 E
1121 3605 187 47 partent
1347 3594 65 48 les
1439 3600 289 59 expressions
1754 3604 280 62 graphiques
2061 3605 254 66 (écriture),
2345 3609 56 47 de
2429 3610 61 49 M
2519 3612 65 48 les
2610 3612 257 63 expressions

333 3655 205 47 verbales
565 3655 213 66 (langage
806 3659 160 63 parle),
995 3661 56 47 de
1082 3661 48 47 K
1159 3662 64 49 les
1249 3668 291 59 expressions
1566 3670 264 65 kinétiques
1856 3675 353 62 (mouvements
2234 3680 274 66 généraux).
