2936 4346
368 255 41 69 6

1424 251 77 67 S.
1571 251 67 70 I.
1706 252 122 70 M.

360 421 148 37 nom
556 415 57 43 et
662 401 82 57 les
800 418 190 39 armes
1047 397 71 57 de
1173 395 328 71 Ponchier,
1551 397 108 80 qui
1710 412 137 45 sont

349 491 194 80 pagné
584 490 66 57 de
703 489 131 57 trois
882 487 258 80 coquilles
1187 485 66 58 de
1306 485 171 60 sable.
1592 489 225 58 Armes
1873 490 423 82 incomplètes,
2333 515 156 59 pour
2546 495 52 58 le
2656 496 122 64 dire
2821 532 47 37 en

360 594 253 66 passant.

543 669 161 69 Puis,
743 666 139 80 quel
918 665 367 57 revirement
1320 665 320 60 inattendu
1676 666 10 60 !
1906 668 94 61 fut
2053 670 179 59 retiré
2269 672 72 58 de
2376 672 277 60 l'hérésie
2687 698 100 60 par
2816 688 55 64 les

360 759 159 57 soins
553 757 73 57 de
660 777 85 37 ses
778 768 260 67 parents,
1065 752 166 59 étant
1259 753 225 60 avancé
1513 777 72 37 en
1623 758 129 80 âge.
1785 759 52 59 Il
1873 774 198 45 rentra
2098 762 146 58 dans
2269 744 276 99 l'Église,
2574 779 58 44 et
2660 788 211 52 mourut

360 867 71 37 en
469 846 119 57 bon
623 843 374 81 catholique.
1038 844 51 56 Il
1125 842 193 59 s'était
1736 849 94 57 En
1882 849 166 71 effet,
2091 851 43 57 il
2171 853 159 57 avait
2366 851 224 82 épousé
2627 870 220 56 successi-

359 948 246 45 vement
640 934 162 58 deux
835 929 149 61 filles
1018 932 72 58 de
1126 932 344 81 bourgeois,
1506 936 165 58 l'une
1712 937 73 58 de
1840 940 184 71 Paris,
2076 941 215 59 l'autre
2343 942 336 62 d'Orléans.
2729 948 145 72 Trois

358 1021 89 61 fils
482 1023 177 80 qu'ils
693 1037 103 43 eut
831 1022 219 72 d'elles,
1079 1025 173 77 Jean,
1294 1025 221 58 Daniel
1548 1041 58 43 et
1644 1027 339 74 Abraham,
2021 1032 309 60 revinrent
2385 1055 73 37 en
2521 1035 245 75 France,
2819 1065 39 41 et

356 1112 32 60 à
421 1135 225 59 propos
680 1112 141 59 d'un
861 1112 210 82 procès
1104 1135 145 38 avec
1285 1116 81 58 les
1400 1115 309 62 habitants
1745 1120 72 58 de
1855 1121 290 73 Loudun,
2195 1144 60 38 se
2305 1121 177 61 firent
2533 1131 339 66 reconnaître

355 1204 55 57 la
445 1200 228 82 qualité
708 1201 73 59 de
816 1201 181 60 noble
1031 1225 106 59 par
1172 1206 53 57 la
1262 1206 169 57 Cour
1465 1206 100 59 des
1600 1207 181 74 aides,
1811 1232 72 35 en
1924 1211 184 60 1610.
2147 1214 166 57 Leur
2348 1216 369 78 patrimoine
2750 1229 121 58 avait

353 1290 165 83 passé
555 1293 143 58 dans
732 1294 55 56 la
819 1291 232 61 famille
1110 1294 78 60 du
1244 1294 300 75 trésorier,
1581 1298 31 59 à
1647 1321 176 38 cause
1874 1301 72 59 de
1996 1303 55 57 la
2101 1305 211 57 tutelle
2349 1307 221 80 qu'elle
2606 1310 156 59 avait
2792 1336 79 42 eue

355 1381 71 59 de
462 1383 131 57 leur
627 1383 157 57 aïeul
819 1381 236 82 fugitif,
1090 1399 82 57 et,
1209 1385 100 60 des
1343 1389 197 57 mains
1574 1388 74 60 de
1685 1392 390 78 Marguerite
2113 1394 298 73 Hurault,
2447 1397 54 57 la
2538 1395 263 65 dernière
2824 1408 47 59 de

353 1487 158 44 cette
548 1472 287 73 blanche,
872 1472 32 59 à
939 1475 176 59 celles
1149 1475 81 59 du
1267 1477 347 61 chancelier
1648 1481 72 58 de
1770 1481 349 85 Cheverny,
2171 1506 106 38 son
2329 1486 362 62 beau-frère.
2747 1492 124 65 Pour

353 1562 130 58 leur
518 1562 212 58 rendre
765 1564 295 80 quelques
1097 1567 167 58 titres
1299 1567 148 60 dont
1483 1571 70 58 ils
1587 1571 239 59 avaient
1861 1573 209 59 affaire
2105 1573 145 61 dans
2284 1577 131 57 leur
2448 1576 231 81 procès,
2716 1602 72 39 on
2818 1587 53 60 les

354 1652 241 81 obligea
629 1653 73 59 de
739 1676 293 37 renoncer
1065 1679 31 35 a
1131 1655 318 85 l'héritage
1484 1661 74 58 de
1595 1662 410 80 Marguerite,
2058 1665 177 61 traité
2278 1667 371 60 assurément
2683 1668 188 80 léonin,

353 1756 59 45 et
447 1743 129 58 leur
609 1743 320 80 spoliation
967 1743 96 61 fut
1099 1747 149 59 ainsi
1285 1750 414 61 consommée.
1755 1754 390 81 Marguerite
2188 1755 146 61 était
2371 1773 199 44 morte
2606 1782 73 36 en
2724 1783 16 37 1
2762 1764 108 77 582,

353 1854 68 37 ce
457 1835 106 79 qui
599 1830 66 61 fit
703 1836 193 57 croire
933 1858 119 58 que
1102 1837 82 59 les
1237 1839 308 61 Ponchier
1593 1840 418 85 s'éteignirent
2061 1860 161 46 cette
2270 1846 300 64 année-là.
2730 1853 141 64 Voilà

353 1944 116 38 une
505 1925 255 80 opinion
795 1926 299 82 publique
1130 1929 281 80 gênante.

533 2015 361 80 Cependant
922 2016 340 74 Abraham,
1291 2020 53 57 le
1380 2023 126 57 seul
1534 2020 31 61 à
1600 2024 345 60 considérer
1979 2027 105 72 ici,
2114 2029 114 57 tira
2261 2032 158 78 parti
2446 2029 72 61 de
2551 2032 56 58 la
2634 2037 209 59 connais-

350 2123 174 40 sance
560 2104 72 59 de
666 2105 343 61 l'allemand
1043 2109 154 80 qu'il
1233 2112 160 57 avait
1430 2114 246 80 acquise
1712 2114 144 61 dans
1892 2138 58 37 sa
1976 2118 297 79 jeunesse,
2310 2135 59 44 et
2419 2142 57 38 se
2522 2118 68 62 fit
2640 2129 231 58 recevoir

412 2193 317 61 secrétaire
786 2211 58 44 et
901 2198 336 83 interprète
1272 2201 81 59 du
1394 2204 90 58 roi
1536 2226 71 37 en
1659 2206 56 57 la
1764 2207 223 80 langue
2566 2213 202 60 Marie
2811 2218 59 60 Le

353 2284 232 73 Grand,
623 2307 117 37 une
774 2284 120 63 fille
929 2290 73 58 de
1038 2288 385 84 bourgeoisie
1461 2296 154 80 qu'il
1648 2295 245 82 épousa,
2063 2323 220 38 encore
2336 2324 117 38 une
2504 2302 364 78 mésalliance,

469 2377 86 57 lui
591 2376 201 61 donna
828 2380 143 81 cinq
1007 2380 257 75 enfants,
1301 2387 198 78 parmi
1536 2387 256 82 lesquels
1828 2390 292 74 Laurent,
2157 2394 337 59 lieutenant
2531 2418 119 37 aux
2700 2399 170 78 gardes

348 2464 321 82 françaises
722 2490 74 37 en
859 2471 186 79 1645,
1101 2488 58 44 et
1216 2475 352 82 Rodolphe,
1623 2477 395 63 truchement
2070 2504 73 37 au
2194 2483 309 82 régiment
2556 2486 99 60 des
2700 2489 170 80 gardes

350 2557 224 59 Suisses
608 2580 72 36 en
729 2560 165 79 1654
920 2559 14 28 1
942 2608 13 13 .
995 2564 268 60 Laurent
1299 2566 223 82 signait
1559 2569 81 58 les
1691 2571 346 80 quittances
2087 2574 562 81 d'appointements
2694 2579 68 58 de
2792 2601 75 38 son

349 2648 231 80 emploi
613 2671 11 35 :
838 2651 283 60 Poncher
1712 2662 86 57 Ce
1836 2683 146 38 nom
2019 2684 255 63 marque
2308 2668 55 56 le
2399 2682 194 44 terme
2628 2669 72 59 de
2734 2683 134 45 notre

348 2738 226 80 longue
608 2743 316 77 poursuite
961 2766 11 37 :
1010 2744 18 57 1
1059 2744 233 61 officier
1327 2770 120 38 aux
1482 2751 210 78 gardes
1728 2767 104 44 eut
1868 2776 119 37 une
2021 2752 121 62 fille
2178 2757 249 81 appelée
2466 2759 225 73 Marie,
2733 2775 134 44 notre

348 2825 273 75 héroïne,
657 2831 150 59 ainsi
844 2833 206 80 placée
1085 2834 146 63 dans
1267 2860 119 37 une
1421 2842 275 58 curieuse
1733 2841 377 85 généalogie.

530 2919 132 59 Nos
697 2942 260 41 reserves
991 2940 136 43 sont
1160 2925 174 62 faites
1360 2954 12 47 ;
1430 2946 326 66 acceptons
1807 2932 327 64 désormais
2184 2938 56 58 la
2288 2937 352 83 prétention
2689 2941 68 58 de
2794 2961 74 38 son

346 3011 177 58 aïeul.
566 3012 50 56 C
641 3013 147 58 était
840 3036 117 37 une
1638 3021 201 62 forme
1891 3029 280 58 nouvelle
2222 3030 74 58 de
2404 3031 304 60 Ponchier
2806 3067 62 7 —

348 3100 172 72 issue,
576 3123 121 36 non
756 3102 73 59 de
887 3106 54 59 la
1008 3107 264 60 branche
1331 3111 350 61 luxuriante
1741 3115 99 60 des
1889 3114 341 77 financiers,
2265 3123 154 58 mais
2468 3123 143 58 d'un
2661 3144 205 38 rameau

345 3189 229 73 bataid,
612 3208 56 42 et
720 3192 207 83 deperi
979 3218 72 37 en
1099 3213 155 44 terre
1289 3215 318 68 etrangere
1639 3229 13 47 ;
1692 3227 119 37 une
1844 3204 123 62 fille
2002 3209 201 74 noble,
2240 3213 327 79 peut-être,
2606 3214 144 58 mais
2781 3210 86 61 très

346 3281 375 80 rapprochée
773 3285 71 59 de
897 3288 55 57 la
1010 3304 204 43 roture
1264 3313 110 60 par
1437 3314 59 39 sa
1560 3295 202 82 lignée
1827 3297 300 62 féminine
2160 3327 13 46 ;
2230 3304 359 79 spirituelle,
2656 3307 105 58 elle
2816 3303 50 58 l'a

342 3392 253 60 prouve,
652 3388 56 43 et
762 3396 129 39 sans
950 3378 124 61 dot.
1135 3380 135 59 Elle
1319 3397 86 44 est
1456 3384 74 59 de
1582 3388 166 79 plain
1798 3389 164 80 pied,
2018 3413 72 36 en
2134 3391 214 73 vérité,
2401 3416 145 38 avec
2611 3397 52 57 le
2726 3396 139 70 jeune

457 3547 10 24 1
500 3552 75 38 Les
596 3562 133 29 autres
749 3567 39 26 se
806 3557 255 39 nommaient
1085 3560 205 50 François,
1315 3562 151 41 Denise
1487 3573 39 30 et
1550 3566 153 39 Marie.

501 3608 123 42 Pièces
656 3610 216 52 originales,
908 3628 25 25 n
938 3619 31 19 os
991 3619 80 37 260
1096 3627 38 29 et
1168 3622 94 37 261.
1301 3620 59 40 Ici
1397 3636 53 25 on
1487 3623 99 39 écrit
1668 3624 245 43 Bertouville
2007 3627 89 51 plus
2133 3627 85 43 loin
2300 3631 245 43 Bretouville
2639 3634 75 47 J'ai
2748 3629 117 52 préféré

344 3667 308 40 naturellement
675 3668 304 59 l'orthographe
1001 3674 48 40 de
1070 3673 38 41 la
1129 3677 219 50 signature.
