2936 4346
657 266 558 90 THÉÂTRES
1281 284 132 69 ET
1476 279 551 74 CONCERTS

2611 352 0 0 101

202 441 135 47 Nous
379 456 58 30 ne
483 453 216 47 pouvons
745 434 150 63 parler
935 451 92 45 que
1072 450 80 44 par
1189 440 81 38 ouï
1298 432 97 46 dire
1424 431 62 46 du
1514 428 160 49 succès
1701 428 166 64 qu'eut
1897 427 39 47 le
1964 441 195 34 concert
2186 430 56 45 de
2271 428 142 49 Mme
2444 430 184 63 Georges

86 514 181 63 fMarty.
308 510 101 48 Des
447 510 182 47 artistes
666 524 190 30 comme
902 505 145 48 MM.
2086 505 104 45 Caz
2300 521 177 43 eneuve,
1579 515 47 33 et
1933 500 79 47 des
2053 501 341 61 compositeurs
2436 520 192 30 comme

82 585 124 54 MM.
393 582 63 50 Piernè
457 594 63 34 et
521 581 88 47 Hue
637 578 62 47 lui
729 588 306 53 apporteront
1080 576 42 47 le
1168 591 233 30 concours
1446 574 54 46 de
1547 573 101 47 leur
1687 572 150 47 talent
1869 583 45 35 et
1941 571 102 47 leur
2082 573 281 62 sympathie.
2393 572 235 63 Espérons

82 656 205 53 entendre
317 651 183 49 bientôt
526 651 43 47 la
599 652 105 44 voix
733 651 35 45 si
799 649 107 47 bien
934 647 146 66 stylée
1109 647 59 47 de
1195 646 143 47 Mme
1367 644 183 65 Marty.

205 727 75 48 M.
547 724 153 49 Risler
502 741 27 29 a
571 721 221 48 annoncé
837 722 124 46 deux
1006 732 231 47 concerts,
1282 718 40 47 le
1368 718 201 61 premier
1616 715 98 64 (qui
1759 733 26 28 a
1825 732 59 29 eu
1930 714 114 62 lieu)
2084 731 112 30 avec
2233 714 42 47 le
2300 732 233 32 concours
2571 717 56 48 de

83 802 62 51 M.
173 798 194 60 Diemer,
399 795 40 47 le
467 794 174 48 second
670 811 111 29 avec
809 793 64 46 lui
903 793 56 46 de
988 790 78 47 M.
2123 790 166 47 Faurè.
1295 788 71 48 Ce
1392 799 107 36 sont
1527 788 79 46 des
1631 788 117 46 fêtes
1782 803 117 45 pour
1938 787 80 62 qui
2050 787 123 44 aime
2213 799 47 33 et
2298 788 260 61 comprend
2586 788 43 48 la

83 873 193 61 musique
317 869 78 47 M.
427 868 153 47 Risler
606 883 28 48 y
658 867 112 63 joua
807 882 47 30 sa
893 863 325 47 merveilleuse
1245 860 331 61 transcription
1606 859 62 47 du
1696 858 88 47 Til
1811 856 334 64 Eulenspiegel
2175 858 56 47 de
2264 858 61 48 R.
2354 859 193 49 Strauss.
2589 859 39 48 Il

83 949 81 46 faut
185 958 224 32 renoncer
427 939 26 47 à
473 938 254 62 dépeindre
748 936 41 46 le
808 936 142 46 délire
969 935 63 47 du
1055 934 160 63 public
1241 950 92 30 aux
1362 933 123 45 deux
1516 931 201 46 Concerts
1744 929 155 62 Sauer,
1928 929 110 47 salle
2064 929 151 48 Erard
2236 947 9 30 :
2274 929 354 65 acclamations,

83 1014 173 65 rappels,
284 1013 152 58 fleurs,
486 1010 111 47 trois
642 1027 62 29 ou
748 1023 167 47 quatre
961 1023 256 30 morceaux
1254 1002 135 68 joués
1575 1002 66 46 bis
1753 1000 85 49 On
1879 1018 45 29 se
1964 1001 138 46 serait
2129 1018 82 30 cru
2239 1000 26 47 à
2292 1000 193 48 Madrid
2514 1020 63 29 ou
2604 1002 25 47 à

84 1085 366 64 Buenos-Ayres.
479 1082 78 47 M.
590 1080 180 48 Harold
799 1080 154 47 Bauer
981 1079 79 62 qui
1088 1096 41 42 a,
1159 1077 63 46 lui
1250 1076 136 60 aussi,
1415 1093 64 28 un
1510 1075 117 46 beau
1667 1074 165 61 talent,
1872 1074 117 45 mais
2027 1072 102 63 plus
2168 1074 184 59 discret,
2382 1093 25 28 a
2434 1074 73 47 été
2534 1075 95 46 fêté

83 1162 33 46 le
157 1173 58 34 22
258 1156 183 47 février.
489 1154 78 48 M.
596 1152 222 47 Maurice
861 1150 215 48 Dumesni
1081 1150 29 61 /,
1151 1161 47 33 et
1244 1147 77 49 M.
1349 1146 114 47 Jean
1491 1145 207 61 Batalla,
1744 1145 123 45 deux
1913 1143 169 65 gloires
2126 1145 58 45 de
2228 1143 42 47 la
2309 1145 145 63 jeune
2500 1145 131 49 école

83 1229 203 62 française
314 1227 56 47 de
399 1227 156 61 piano,
585 1236 85 34 ont
696 1222 162 48 donné
886 1220 336 49 d'excellentes
1246 1218 205 47 séances.
1481 1215 78 49 M.
1590 1215 258 48 Dumesnil
1886 1234 27 28 a
1951 1215 74 47 été
2060 1215 323 62 remarquable
2412 1216 114 47 dans
2552 1217 79 47 des

82 1315 164 38 sonates
290 1300 56 45 de
389 1298 293 47 Beethoven.
731 1296 86 47 Un
869 1311 179 47 groupe
1099 1291 204 48 d'élèves
1354 1291 56 45 de
1456 1288 76 48 M.
1573 1287 185 63 Philipp
1763 1326 12 23 ,
1823 1287 165 47 Mines
2039 1286 299 64 Fourgeaud,
2387 1287 240 63 Déroché,

84 1375 206 50 Guismar
328 1371 206 58 Novaes,
566 1367 147 49 Mlles
741 1367 206 65 Boynet,
976 1364 296 49 Lewinsohn
1311 1373 46 36 et
1397 1359 191 61 Gullor,
1616 1377 27 28 a
1668 1358 183 48 célébré
1893 1357 197 48 Mozart
2128 1359 114 46 dans
2266 1376 70 30 ses
2361 1377 186 31 œuvres
2573 1362 56 46 de

84 1448 121 62 piano
226 1461 88 44 peu
333 1458 227 44 connues,
580 1457 190 29 comme
798 1439 41 46 le
869 1437 244 48 Concerto
1133 1436 26 47 à
1180 1436 111 45 trois
1312 1434 177 61 pianos.
1519 1432 70 47 Ce
1618 1432 73 45 fut
1717 1448 64 28 un
1811 1429 125 64 régal
1964 1432 256 61 artistique.
2242 1430 143 47 Mme
2405 1430 223 49 Déroché

84 1519 155 56 donna,
268 1531 111 30 avec
407 1512 43 47 le
475 1528 233 31 concours
734 1510 56 46 de
820 1509 77 47 M.
929 1507 203 63 Philipp,
1160 1523 66 29 un
1255 1504 161 47 récital
1444 1503 277 47 intéressant
1749 1502 121 48 Salle
1899 1500 175 66 Pleyel.

209 1587 311 48 Intéressante
548 1584 117 47 aussi
694 1583 249 47 l'audition
972 1580 80 46 des
1079 1578 152 48 élèves
1258 1578 56 46 de
1344 1575 125 49 Mlle
1499 1574 146 48 Kobl.

207 1658 153 63 Ais-je
387 1673 170 31 encore
585 1654 43 47 la
648 1654 130 63 place
801 1653 57 47 de
883 1650 201 66 signaler
1110 1648 270 49 l'initiative
1404 1648 35 45 si
1467 1645 240 64 précieuse
1725 1645 80 62 qui
1827 1643 218 63 s'appelle
2068 1644 41 47 le

84 1745 37 35 et
145 1733 71 62 qui
246 1742 111 52 peut
384 1745 246 31 consacrer
657 1726 25 47 à
717 1725 249 47 l'audition
1009 1721 211 49 d'œuvre
1260 1738 80 46 par
1380 1735 232 31 concours
1651 1735 63 28 ou
1754 1716 212 47 difficiles
2004 1716 25 46 à
2074 1729 173 34 mettre
2284 1733 77 30 sur
2401 1717 123 61 pied,
2552 1719 80 47 des

86 1804 133 47 forces
260 1801 265 61 artistiques
568 1799 57 47 de
674 1796 252 64 premières
963 1794 159 47 ordres
1142 1792 15 47 ?
1203 1791 73 48 La
1314 1790 228 63 première
1580 1787 184 63 séance,
1794 1786 247 48 consacrée
2083 1787 26 47 à
2135 1786 150 64 Bach,
2312 1805 26 29 a
2365 1786 74 48 été
2465 1790 140 46 triom-

88 1876 173 62 phante.
291 1874 43 48 S.
364 1871 39 50 I.
435 1871 77 48 M.
540 1870 215 63 apprécie
783 1880 105 34 tout
916 1865 438 65 particulièrement
1382 1875 123 34 cette
1535 1861 246 47 fondation
1810 1858 225 65 originale
2064 1871 47 36 et
2138 1876 301 47 courageuse.

213 1944 246 55 Signalons
497 1959 171 30 encore
696 1940 168 47 Yheure
888 1940 52 45 de
966 1936 189 65 musique
1180 1933 187 50 donnée
1395 1950 81 46 par
1503 1932 63 47 les
1592 1931 174 47 artistes
1791 1930 201 62 aveugles
2016 1931 51 46 de
2092 1928 32 49 ?
2130 1930 262 47 Association
2421 1930 211 48 Lalentin

87 2017 127 59 Hatiy
238 2039 11 37 ;
277 2035 63 29 on
366 2034 31 47 y
418 2017 115 64 joua
558 2013 44 49 la
630 2012 118 48 belle
778 2012 171 48 Sonate
977 2026 118 47 pour
1124 2010 140 61 piano
1292 2020 47 33 et
1366 2005 158 48 violon
1552 2005 56 45 de
1639 2003 151 47 Henri
1820 2003 55 47 de
1904 2003 229 47 Saussine.

213 2090 135 47 Nous
369 2088 122 46 voici
521 2085 178 48 réduits
723 2083 27 47 à
775 2083 307 47 mentionner
1110 2081 26 47 à
1161 2079 43 47 la
1234 2078 106 48 hâte
1368 2090 132 34 toute
1528 2093 94 30 une
1649 2074 115 49 série
1794 2073 230 48 d'artistes
2049 2073 223 62 louables,
2295 2073 339 64 quelques-uns

88 2158 343 65 remarquables,
460 2158 78 62 qui
568 2175 46 29 se
641 2167 107 37 sont
776 2156 83 45 fait
886 2153 231 47 entendre
1145 2167 58 31 en
1232 2168 54 30 ce
1312 2149 121 47 mois
1457 2147 338 48 surabondant.
1843 2144 65 48 Et
1949 2162 119 30 nous
2112 2163 59 28 ne
2217 2144 186 62 parlons
2440 2162 92 46 que
2577 2145 56 47 de

87 2250 106 29 ceux
218 2251 91 44 que
337 2248 119 31 nous
482 2228 301 48 entendîmes
812 2224 8 50 !
869 2225 127 49 Mlle
1982 2224 43 48 G
2031 2224 125 60 aida,
1235 2222 166 48 Mmes
1830 2229 47 36 et
2288 2217 142 48 Mme

88 2302 127 49 Mme
242 2303 237 62 Pobéguin,
508 2300 127 49 Mlle
665 2299 216 47 Aussenac
883 2337 13 23 ,
925 2295 127 50 Mlle
1080 2294 201 64 Magny.
1310 2293 38 47 Il
1378 2292 202 48 faudrait
1618 2290 183 47 donner
1830 2289 230 63 quelques
2101 2288 150 64 lignes
2290 2288 27 48 à
2344 2288 77 48 M.
2452 2289 182 61 Szanto,

89 2374 173 48 brillant
290 2373 255 63 interprète
573 2374 57 46 de
658 2370 135 49 Liszt
820 2382 45 35 et
893 2369 56 47 de
978 2368 296 58 Beethoven,
1302 2365 26 46 à
1356 2363 77 48 M.
1800 2361 36 46 si
1864 2360 323 64 remarquable
2225 2360 113 47 dans
2364 2359 65 48 les
2453 2377 186 30 œuvres

89 2446 47 47 de
162 2446 186 64 Chopin
376 2444 117 65 qu'il
516 2446 114 64 joua
654 2444 274 47 sobrement
954 2453 46 34 et
1027 2457 58 29 en
1114 2454 202 43 mesure,
1345 2453 52 29 ce
1425 2432 80 67 qui
1535 2432 120 47 n'est
1682 2450 77 45 pas
1785 2432 233 47 ordinaire
2045 2445 47 33 et
2118 2431 26 47 à
2171 2430 124 49 Mlle
2322 2432 53 46 de
2412 2430 225 63 Laulerie,

91 2519 179 60 pianiste
298 2535 59 30 au
384 2518 194 45 charme
605 2514 91 48 très
724 2514 201 47 féminin
954 2511 78 62 qui
1062 2521 81 36 eut
1170 2507 126 49 foule
1325 2506 113 47 dans
1465 2505 11 46 1
1500 2505 214 62 elegante
1740 2504 110 47 salle
1879 2504 57 45 de
1963 2502 11 47 1
1998 2502 127 47 hôtel
2156 2502 78 47 des
2261 2501 188 48 Modes.

218 2590 36 47 Il
285 2606 117 31 nous
430 2589 99 47 faut
557 2604 171 30 encore
755 2584 211 63 rappeler
1011 2582 41 47 la
1095 2581 155 48 Société
2465 2579 177 62 Artistiq
1861 2575 61 47 où
1964 2573 96 49 l'on
2106 2575 217 47 entendit
2350 2575 79 45 des
2452 2590 187 32 œuvres

91 2660 280 48 charmantes
409 2660 58 46 de
506 2659 165 48 Mmes
1319 2656 117 48 Mel
1594 2655 134 48 Bonis
1006 2667 46 33 et
2086 2651 244 49 Sauvrezis
1350 2661 46 34 et
1424 2647 126 48 Mlle
1814 2647 202 60 harpiste
2044 2645 278 61 excellente,
2350 2662 65 30 un
2444 2656 195 36 concert

91 2732 47 46 de
179 2733 211 63 musique
436 2749 118 45 pour
600 2731 123 46 deux
788 2730 165 59 harpes
1015 2726 93 47 fort
1170 2723 296 60 intéressant,
1512 2718 158 49 donné
1730 2736 80 46 par
1856 2717 126 48 Mlle
2034 2718 164 46 Emma
2248 2716 300 62 Marguerite
2590 2727 48 37 et

89 2802 68 50 M.
294 2805 271 58 Bertheaume,
566 2802 33 47 de
614 2802 40 46 la
700 2800 184 60 Schola,
912 2816 65 31 un
1022 2808 194 36 concert
1258 2796 62 45 du
1361 2792 115 48 Lied
1750 2789 164 64 (Mme
1942 2789 225 47 Marteau
2194 2788 57 47 de
2279 2787 270 65 Milleville)
2577 2788 62 46 où

92 2872 241 65 figurèrent
361 2876 79 45 des
464 2890 187 30 œuvres
677 2872 57 46 de
762 2871 78 47 M.
882 2869 249 47 Théodore
1161 2866 203 59 Dubois,
1405 2866 55 44 de
1502 2860 77 51 IVI.
1608 2862 217 63 Esclavy,
1867 2862 55 45 de
1964 2860 76 47 M.
2071 2859 186 47 Marcel
2294 2858 259 47 Bernheim
2592 2871 47 34 et

92 2944 47 49 de
166 2944 120 50 Mlle
315 2946 287 63 Bourdeney
632 2966 11 37 ;
672 2942 130 48 enfin
832 2960 96 29 une
955 2939 93 48 très
1072 2939 245 61 artistique
1350 2934 225 62 matinée,
1617 2952 60 29 au
1720 2933 149 47 Palais
1909 2933 56 46 de
2008 2932 43 47 la
2079 2930 171 60 Mode,
2288 2932 80 58 où,
2394 2928 27 48 à
2446 2929 108 47 côté
2581 2929 57 48 de

93 3015 150 50 Mmes
467 3018 54 62 Heglon
522 3031 119 33 et
1082 3014 301 62 Marguerite
1744 3013 165 60 Carré,
1121 3028 59 29 on
1229 3008 240 63 applaudit
1508 3007 41 47 le
1590 3008 119 44 beau
1733 3022 202 44 soprano
1963 3004 54 46 de
2046 3001 125 49 Mlle
2201 3001 78 49 M.
2526 3001 116 47 dans

93 3088 67 47 des
183 3107 181 29 œuvres
402 3089 54 46 de
497 3088 79 48 M.
606 3085 233 63 Marsick,
884 3102 97 29 une
1020 3083 112 65 jolie
1174 3080 311 62 pantomime,
2078 3074 56 46 de
2177 3073 76 47 M.
2298 3071 138 64 Egon
2483 3071 159 49 Stuart

94 3158 200 62 Wilfort,
323 3160 25 47 à
375 3160 42 47 la
442 3159 113 48 salle
583 3159 79 47 des
689 3158 115 47 fêtes
831 3156 64 46 du
921 3153 214 66 Journal.
1166 3150 167 61 Enfin,
1361 3163 45 34 et
1434 3150 264 46 terminons
1724 3164 80 44 par
1832 3146 58 60 là,
1918 3163 93 30 une
2040 3144 229 63 première
2289 3144 213 47 audition
2525 3144 114 47 d'un

93 3230 80 48 très
197 3230 323 50 remarquable
1041 3229 109 48 Trio
695 3245 117 35 pour
841 3229 141 51 piano
1010 3239 46 33 et
1084 3224 165 48 cordre
1277 3222 56 47 de
1362 3221 77 48 M.

2097 3298 53 48 F.
2181 3294 317 53 Guérillot.

224 3505 137 47 Nous
397 3519 265 47 apprenons
700 3517 112 31 avec
853 3500 153 62 plaisir
1046 3497 43 46 la
1117 3495 299 48 nomination
1445 3494 55 46 de
1530 3492 76 47 M.
1637 3486 183 50 Félix
1856 3484 265 62 Raugel,
2154 3487 101 46 l'un
2284 3487 79 46 des
2388 3487 257 46 directeurs

97 3572 48 47 de
169 3573 41 47 la
238 3575 182 49 Société
450 3573 188 49 Hândel
667 3588 189 31 comme
887 3569 168 47 maître
1082 3569 56 46 de
1166 3564 212 65 chapelle
1408 3566 55 45 de
1491 3562 176 65 l'église
1703 3561 319 49 St-Eustache
2059 3572 47 33 et
2145 3575 119 30 nous
2302 3557 63 47 lui
2405 3557 240 47 adressons

100 3659 74 32 nos
198 3646 88 47 très
310 3646 202 48 sincères
539 3644 313 47 félicitations.
