2936 4346
1488 181 76 69 S.
1633 181 67 67 I.
1769 181 121 67 M.

411 212 108 63 44

410 337 309 59 directeur
754 334 104 80 qui
896 330 153 58 étoit
1084 351 82 36 un
1203 327 256 60 homme
1493 325 169 73 actif,
1699 328 252 56 voulant
1981 348 72 36 ne
2081 348 105 58 pas
2220 326 216 81 perdre
2473 349 81 35 un
2589 331 125 57 seul
2748 335 139 77 instar,

411 448 158 61 pour
602 445 86 40 ses
725 421 249 60 intérêts
1007 434 58 44 et
1101 442 157 59 pour
1291 420 55 57 la
1382 419 194 80 gloire
1611 417 73 59 de
1718 438 108 38 son
1860 416 259 71 théâtre,
2164 431 260 66 prenant
2474 419 54 57 la
2578 421 164 59 main
2790 430 87 71 d'un-

413 519 175 72 jeune
625 530 56 44 et
716 514 154 58 belle
907 530 294 63 personne
1237 509 89 58 dit
1352 532 12 35 :
1403 508 161 80 "j'ai
1599 506 327 60 l'honneur
1961 506 73 59 de
2069 506 312 82 présenter
2414 529 76 37 au
2525 506 232 65 célèbre
2796 542 126 51 conv,

413 608 273 81 positeur
722 605 228 57 Berton
985 603 54 56 la
1076 600 208 57 divine
1321 599 336 70 Gambilla,
1665 595 10 27 1
1728 598 148 58 c'est
1925 596 415 82 Therpsicore
2391 598 337 62 descendue
2775 628 99 60 parm-

416 717 150 38 nous
601 715 135 38 sous
768 694 84 56 les
885 692 171 57 traits
1091 689 72 59 de
1200 687 210 59 Vénus
1437 688 9 58 !
1488 689 135 57 Elle
1657 701 87 45 est
1782 688 322 58 Bearnoise
2133 702 59 43 et
2215 685 111 60 née
2362 685 32 60 à
2433 689 147 71 Pau,
2633 711 218 49 comme
2880 715 7 55 |
2890 740 11 34 t

418 786 166 59 Verd
621 784 226 59 Galant
882 797 59 42 et
975 782 111 57 sait
1136 781 155 57 aussi
1344 779 142 59 bien
1544 778 214 60 danser
1810 778 151 81 qu'il
2018 779 188 57 savait
2266 777 195 59 battre
2518 781 82 57 les
2657 781 224 83 Ligueur

418 878 73 58 M
504 871 44 28 lle
584 873 314 61 Gambilla
933 872 130 57 doit
1100 870 158 59 donc
1294 868 258 60 débuter
1586 871 405 57 incessament
2017 892 14 47 ;
2079 870 151 58 mais
2267 890 156 60 pour
2457 891 121 60 que
2612 872 54 57 le
2694 873 125 78 jour
2845 896 57 59 sois

418 989 81 35 un
528 966 132 71 jour
688 961 377 61 mémorable
1090 960 143 59 dans
1255 960 83 58 les
1364 957 178 60 fastes
1576 958 75 59 de
1686 980 101 37 ma
1821 957 301 60 direction
2146 958 61 79 je
2240 980 164 37 veux
2440 981 119 59 que
2593 976 169 46 votre
2786 969 116 74 début

409 1079 100 38 sur
542 1057 55 58 le
631 1054 363 59 violoncelle
1029 1051 315 60 s'effectue
1365 1051 55 57 le
1449 1050 203 58 même
1676 1050 146 80 jour
1855 1063 59 45 et
1949 1070 160 60 pour
2131 1064 96 46 cet
2263 1049 166 73 effet,
2457 1051 63 79 je
2554 1073 151 38 vous
2737 1061 109 75 prie
2868 1071 17 56 d
2890 1106 9 25 :

416 1167 323 59 composer
775 1167 80 35 un
893 1144 127 58 solo
1056 1163 157 61 pour
1248 1155 173 45 votre
1455 1143 391 68 instrument,
1886 1162 81 36 un
2003 1141 89 57 air
2125 1140 74 58 de
2234 1139 181 61 danse
2443 1163 107 60 par
2577 1150 274 78 exemple,
2870 1182 14 35 e

418 1234 269 62 manière
721 1235 74 57 de
829 1231 348 72 sarabande,
1215 1253 99 37 car
1347 1231 56 59 la
1439 1230 207 59 divine
1684 1230 315 59 Gambilla
2032 1229 174 60 brille
2241 1245 240 45 surtout
2520 1231 144 60 dans
2696 1235 51 57 le
2793 1261 96 59 genr
2893 1285 8 25 ;

416 1328 259 60 sérieux.
719 1327 127 57 Vos
904 1324 163 59 deux
1120 1320 217 61 débuts
1394 1319 205 61 réunis
1651 1319 203 61 feront
1912 1320 211 60 fureur
2170 1322 130 80 j'en
2360 1324 120 57 suis
2537 1323 212 63 assuré.
2807 1332 85 66 Von

415 1418 353 60 connaissez
802 1417 55 56 le
893 1413 151 83 goût
1081 1414 100 59 des
1215 1412 299 59 bordelais
1548 1433 159 60 pour
1740 1412 56 58 la
1845 1412 182 58 danse
2076 1426 60 44 et
2186 1433 160 60 pour
2396 1413 52 58 la
2507 1411 278 78 mélodie,
2832 1438 60 49 ton

416 1508 163 60 deux
613 1520 290 68 comptez
937 1527 98 38 sur
1072 1526 80 37 un
1180 1502 317 84 triomphe
1895 1503 100 60 M.
2025 1503 55 59 le
2114 1505 423 80 compositeur
2564 1506 130 80 qui,
2721 1515 180 72 pendan:

418 1621 70 38 ce
522 1600 273 58 discours
843 1595 154 61 étoit
1046 1595 154 59 resté
1260 1616 73 37 en
1393 1593 371 60 admiration
1818 1592 224 60 devant
2099 1595 84 58 les
2240 1593 281 60 charmes
2578 1595 74 59 de
2706 1598 52 59 la
2796 1601 105 80 jeur:

416 1690 439 81 Therpsicore,
893 1686 205 84 quand
1133 1687 43 58 il
1209 1684 124 61 falu
1370 1684 323 82 répondre,
1730 1685 208 80 rougit
1973 1682 254 60 d'abord
2263 1700 60 43 et
2376 1699 137 46 tout
2550 1687 230 61 troublé
2826 1717 67 59 qui

415 1780 155 61 étoit
604 1780 91 60 dit
730 1779 150 82 qu'il
914 1800 57 39 se
1007 1778 273 58 trouvoit
1316 1775 280 60 heureux
1629 1775 74 60 de
1752 1776 267 80 pouvoir
2067 1775 359 60 contribuer
2476 1798 110 60 par
2640 1799 85 40 ses
2776 1780 116 69 faible

420 1874 207 70 talens,
664 1893 78 37 au
776 1869 317 83 triomphe
1126 1868 74 59 de
1234 1869 56 57 la
1324 1868 158 59 belle
1517 1866 336 61 Gambilla.
1891 1868 204 58 Notre
2122 1866 417 83 Therpsicore
2568 1870 105 80 qui
2702 1893 196 60 pourtac:

416 1963 158 60 étoit
611 1963 133 81 plus
768 1962 187 80 jeune
990 1982 120 60 que
1144 1960 109 70 lui,
1291 1981 101 37 car
1426 1959 113 59 elle
1573 1958 230 58 n'avoit
1839 1979 120 60 que
2117 1979 124 53 ans,
2279 1960 153 58 mais
2483 1960 108 80 qui
2640 1982 257 61 aparameo:

419 2056 168 57 avoit
622 2075 81 37 un
739 2075 121 59 peu
895 2052 135 81 plus
1064 2048 451 83 d'expérience,
1552 2062 184 69 ayant
1770 2047 323 82 remarqué
2131 2071 146 38 avec
2314 2051 239 80 orgueil
2587 2052 54 57 le
2687 2056 165 59 motif
2874 2062 16 57 ti-

416 2167 108 39 son
561 2143 239 61 trouble
836 2143 304 79 s'avançat
1177 2162 132 38 vers
1357 2141 86 58 lui
1504 2162 73 37 en
1636 2141 54 58 le
1744 2142 392 71 remerciant,
2191 2162 146 38 avec
2395 2156 202 46 toutes
2653 2143 80 61 les
2782 2150 108 77 grâce

416 2236 186 58 d'une
637 2233 381 82 coquetterie
1054 2231 427 61 sentimentale
1505 2255 14 48 ;
1561 2245 137 44 tout
1733 2228 32 61 à
1801 2253 185 59 coup,
2024 2253 74 36 en
2133 2230 351 82 changeant
2520 2232 72 60 de
2641 2247 103 46 ton
2790 2253 44 44 et
2866 2242 31 59 lu

418 2341 259 69 prenant
712 2324 482 61 familièrement
1227 2324 56 58 la
1317 2324 167 57 main
1521 2324 112 58 elle
1661 2322 89 59 lui
1787 2321 89 60 dit
1902 2345 12 36 :
1956 2324 165 58 Mon
2158 2322 149 60 cher
2343 2325 302 74 Maestro,
2674 2348 134 39 mon
2831 2330 66 61 che:

416 2415 305 74 confrère,
747 2416 214 80 j'aime
997 2415 82 59 les
1112 2414 238 58 affaires
1385 2414 110 80 qui
1529 2428 151 44 vont
1714 2414 148 72 vite,
1900 2411 117 61 très
2052 2414 149 72 vite,
2235 2415 154 59 ainsi
2426 2414 181 75 donc,
2643 2438 124 39 sans
2805 2418 90 82 faço:

418 2522 292 68 acceptez
744 2504 394 84 aujourd'hui
1173 2527 149 37 mon
1359 2504 194 71 diner,
1605 2526 102 38 car
1756 2505 43 59 il
1848 2503 132 61 faut
2031 2526 120 61 que
2202 2527 154 38 nous
2414 2528 154 38 nous
2625 2510 272 60 consulte

420 2617 139 43 tous
592 2601 163 58 deux
805 2621 159 60 pour
1012 2597 144 59 bien
1214 2617 154 38 nous
1426 2597 314 72 entendre,
1789 2595 108 83 j'ai
1952 2618 82 38 un
2089 2598 277 58 clavecin
2424 2597 156 61 chez
2638 2602 141 71 moi,
2827 2623 63 38 non

420 2711 320 41 causerons
776 2689 73 60 de
885 2703 174 45 notre
1087 2688 211 59 affaire
1324 2687 271 82 pendant
1629 2688 56 59 le
1712 2708 171 61 repas
1910 2702 58 46 et
1996 2687 172 84 après
2309 2691 153 58 mais
2490 2691 129 58 cela
2641 2712 73 38 ne
2747 2693 151 80 regarè

421 2805 121 60 que
579 2802 171 51 nous,
789 2781 151 58 ainsi
976 2780 166 58 MM
1149 2791 32 23 rs
1214 2794 58 44 et
1310 2778 166 59 MM
1484 2780 69 21 mes
1577 2778 109 82 j'ai
1722 2778 333 60 l'honneur
2089 2778 75 60 de
2197 2801 154 38 vous
2384 2781 214 60 saluer.
2605 2780 17 28 2
2667 2783 93 59 En
2790 2782 108 60 disan:

418 2895 97 38 ces
548 2872 268 60 derniers
848 2885 163 46 mots
1044 2871 114 58 elle
1191 2871 125 80 prit
1350 2871 316 58 vivement
1700 2871 55 57 le
1791 2870 133 59 bras
1975 2870 81 59 du
2099 2871 239 72 maitre,
2390 2886 60 45 et
2483 2874 318 58 l'emmena
2827 2872 71 60 che:

420 2966 132 59 elle.
593 2965 88 58 Le
715 2961 142 61 diné
893 2984 59 37 se
990 2983 164 61 passa
1190 2960 118 61 très
1342 2960 140 60 bien
1521 2962 47 59 si
1604 2983 70 38 ce
1708 2961 150 60 n'est
1896 2983 122 59 que
2066 2961 147 61 dans
2262 2964 54 57 le
2367 2979 497 46 commencement
2887 2985 10 36 l

419 3055 96 61 fut
575 3078 81 37 un
711 3077 121 61 peu
891 3055 356 70 silencieux,
1303 3054 56 58 le
1416 3054 279 58 Maestro
1749 3051 222 61 n'étoit
2018 3075 121 60 que
2197 3055 206 80 galant
2456 3070 58 45 et
2574 3070 321 69 respectueux

416 3144 450 85 l'impétuosité
904 3144 72 60 de
1012 3159 175 45 notre
1223 3145 328 59 Bearnoise
1586 3166 75 38 ne
1695 3145 441 59 s'accomodait
2179 3144 188 83 guère
2424 3147 74 59 de
2551 3168 98 40 ces
2700 3145 194 61 manière

419 3239 75 59 de
532 3239 263 69 Novice,
833 3237 155 58 aussi
1023 3257 144 38 avec
1203 3257 106 37 son
1345 3237 208 80 esprit,
1589 3257 87 38 ses
1716 3237 227 81 grâces,
1996 3257 102 39 car
2146 3238 113 58 elle
2309 3260 76 36 en
2436 3241 166 58 avoit
2652 3239 236 77 beaucouj

540 3444 10 24 1
585 3443 168 52 Malgré
776 3444 49 39 de
848 3443 265 40 nombreuses
1144 3443 248 48 recherches,
1424 3444 40 50 je
1500 3443 81 39 n'ai
1618 3443 87 39 rien
1744 3446 141 36 trouvé
1920 3453 251 30 concernant
2210 3444 53 39 M
2267 3442 40 25 lle
2329 3444 223 50 Gambilla,
2587 3441 301 44 vraisemblablem::

423 3507 218 38 demeurée
663 3518 49 24 en
736 3503 193 54 province
952 3512 113 29 toute
1086 3515 41 25 sa
1148 3502 74 38 vie.

544 3563 13 21 2
592 3564 55 38 Ce
669 3563 101 54 petit
792 3560 160 41 tableau
976 3562 66 38 des
1065 3574 154 25 mœurs
1241 3558 213 41 théâtrales
1477 3574 51 25 au
1572 3564 46 35 18
1626 3565 14 17 e
1662 3557 129 51 siècle,
1827 3562 22 37 à
1884 3558 157 42 l'allure
2075 3562 67 38 des
2179 3575 144 26 menus
2354 3576 166 26 romans
2548 3564 49 39 de
2628 3562 172 56 Pépoque
2821 3569 32 37 et,
2870 3570 9 23 i

423 3624 78 40 fois
524 3636 158 33 encore,
707 3635 53 25 on
782 3629 87 31 sent
893 3635 76 37 que
991 3619 36 40 le
1049 3629 211 30 narrateur
1281 3634 26 38 y
1329 3633 22 25 a
1373 3619 172 54 dépensé
1569 3633 79 25 une
1670 3634 115 24 verve
1808 3619 71 53 qui
1902 3633 50 26 ne
1974 3620 151 40 saurait
2146 3634 132 41 passer
2300 3635 105 41 pour
2429 3636 56 25 un
2508 3623 100 40 récit
2629 3617 239 57 sténographié.
