2936 4346
1429 266 76 70 S.
1574 267 69 69 I.
1714 267 117 69 M.

521 340 0 0 106

357 416 73 46 fut
474 433 65 29 un
586 414 221 48 véritable
851 412 141 65 régal,
1043 430 60 29 au
1959 411 195 48 Théâtre
2450 412 180 64 lyrique.
1628 412 233 47 Madame
1915 412 86 47 Du
2054 412 156 66 Plessy
2261 415 77 61 qui
2380 414 295 62 interprétait
2724 418 39 48 le
2807 426 67 52 rôle

356 486 187 47 difficile
570 486 58 46 de
654 485 43 47 la
733 501 127 31 sœur
899 501 47 30 se
988 496 188 35 montra
1204 484 92 47 très
1330 482 302 50 émouvante.
1673 484 416 63 Magistralement
2129 484 193 48 enlevée
2362 503 80 44 par
2484 500 99 33 200
2623 487 241 60 exécutants

356 557 43 46 la
440 557 238 61 partition,
722 556 167 44 chœur
932 566 47 34 et
1023 556 237 44 orchestre
1301 552 54 48 fit
1400 555 176 62 grande
1618 555 292 61 impression.
1948 555 103 45 Nos
2093 555 304 47 félicitations
2432 574 60 29 au
2533 557 207 64 toujours
2769 564 105 62 jeune

355 640 48 34 et
428 628 122 46 actif
569 638 216 35 maestro.

497 800 227 51 GAND.
1362 800 63 47 Le
1545 799 96 66 Quo
1794 800 138 48 Vadis
1225 799 14 47 ?
1266 800 58 47 de
1350 800 121 63 Jean
1495 800 234 63 Nouguès
1750 802 130 45 vient
1903 800 148 47 d'être
2081 800 166 48 monté
2274 801 26 47 à
2327 814 136 34 notre

352 873 114 47 c'est
493 890 94 29 une
616 872 130 61 pièce
774 872 77 62 qui
882 872 120 46 tient
1029 871 105 62 plus
1160 871 63 47 du
1251 871 418 63 cinématographe
1696 890 92 44 que
1816 871 64 47 du
1909 871 183 47 théâtre
2129 871 198 65 lyrique.
2359 872 38 47 Il
2426 886 112 48 peut
2566 873 95 47 être
2689 887 178 45 constaté

348 943 29 47 à
404 943 253 46 l'honneur
685 942 77 47 des
785 941 219 61 Gantois,
1033 959 90 45 que
1143 941 197 47 l'œuvre
1369 941 77 47 n'a
1473 959 78 44 pas
1573 960 58 28 eu
1659 942 54 46 de
1741 942 177 47 succès.

494 1016 82 44 Au
602 1013 238 47 troisième
866 1014 79 46 des
971 1025 179 35 concerts
1174 1012 189 47 d'hiver
1381 1014 34 46 si
1444 1013 381 47 méritoirement
1852 1013 171 64 dirigés
2063 1032 80 43 par
2186 1013 76 50 M.
2304 1013 224 48 Edouard
2568 1016 172 66 Brahy,
2768 1019 110 56 Mark

353 1086 286 63 Hambourg
663 1103 26 28 a
717 1086 81 45 fait
823 1084 243 62 applaudir
1094 1086 115 45 dans
1254 1084 217 47 Rameau
1514 1102 95 29 une
1656 1084 244 47 virtuosité
1940 1084 356 62 étourdissante,
2340 1087 80 61 qui
2464 1101 187 33 montre
2695 1094 182 51 combien

348 1158 236 46 studieuse
611 1174 27 28 a
663 1157 75 47 été
766 1155 42 47 la
835 1157 185 45 retraite
1049 1157 115 45 dans
1202 1155 200 64 laquelle
1442 1155 43 47 le
1512 1155 182 47 célèbre
1722 1157 199 61 pianiste
1946 1155 107 49 s'est
2081 1155 201 65 plongée
2309 1157 210 62 pendant
2554 1159 123 47 deux
2703 1178 89 32 ans.
2816 1166 61 50 On

350 1246 26 29 a
403 1229 156 46 moins
584 1227 145 64 goûté
755 1244 69 31 ses
851 1227 381 62 interprétations
1260 1227 90 46 très
1377 1227 281 48 discutables
1683 1228 56 45 de
1768 1227 274 48 Beethoven
2074 1240 47 35 et
2148 1228 57 47 de
2233 1228 209 63 Chopin.

2293 1338 142 47 PAUL
2474 1340 295 52 BERGMANS.

590 1468 8 16 r

494 1486 234 50 LIEGE.
757 1487 89 48 On
873 1506 25 28 a
926 1488 246 61 beaucoup
1199 1486 219 63 applaudi
1448 1487 125 46 deux
1598 1487 198 47 sociétés
1821 1487 270 63 étrangères
2124 1505 9 31 :
2169 1488 117 47 celle
2314 1488 79 48 des
2415 1488 204 60 Concerts
2642 1491 227 66 d'autrefoh

350 1558 261 47 détentrice
640 1559 56 46 de
739 1558 41 47 la
805 1558 166 47 finesse
1010 1558 227 60 française
1264 1573 47 31 et
1350 1557 273 48 l'orchestre
1663 1559 273 47 munichois
1974 1559 147 64 dirigé
2161 1578 81 43 par
2282 1559 204 49 Lassalle

362 1629 228 62 orchester)
606 1629 325 62 représentant
959 1629 56 47 de
1044 1629 41 46 la
1113 1628 245 62 discipline
1385 1630 323 63 germanique.
1740 1630 192 47 Notons
1956 1632 118 45 aussi
2103 1630 126 47 deux
2256 1630 184 47 récitals
2467 1632 55 47 de
2552 1633 153 61 piano,
2732 1634 89 50 l'un
2843 1641 35 47 de

352 1699 150 48 Mark
524 1701 299 63 Hambourg,
847 1700 167 47 l'autre
1040 1700 58 46 de
1119 1699 150 48 Louis
1291 1700 217 59 Closson,
1531 1701 78 63 qui
1639 1703 260 45 consacrait
1924 1719 47 29 sa
1997 1701 167 47 séance
2186 1701 25 47 à
2241 1701 149 49 Liszt.
2415 1703 110 47 Puis
2550 1722 94 29 une
2671 1705 150 50 séance
2841 1712 37 47 de

348 1773 197 48 Sonates
588 1773 63 47 où
677 1771 43 47 le
742 1774 146 63 jeune
913 1771 248 49 violoniste
1203 1771 137 47 René
1379 1771 157 47 Bohet
1576 1771 220 49 s'affirma
1839 1775 160 46 artiste
2044 1774 226 47 d'avenir.
2318 1774 57 48 Sa
2420 1776 260 60 partenaire
2707 1779 170 65 pianiste,

350 1844 62 47 M
416 1840 43 30 lle
485 1842 247 65 Dosogne,
761 1855 189 36 montra
977 1844 55 47 de
1059 1842 257 49 l'habileté.
1346 1844 78 48 M.
1449 1842 59 49 L.
1533 1844 216 48 Charlier
1776 1863 25 28 a
1828 1845 148 63 dirigé
2003 1863 95 28 une
2125 1846 216 47 audition
2369 1848 56 45 de
2453 1849 216 61 musique
2693 1849 111 48 slave
2827 1853 51 49 des

350 1915 104 62 plus
478 1915 207 48 réussies.

492 1985 71 48 Le
591 1997 274 50 promoteur
893 1986 57 46 de
977 1985 43 48 la
1042 1986 217 62 musique
1278 2004 124 29 russe
1423 1986 25 46 à
1466 1985 147 64 Liège
1635 1987 96 61 qui,
1755 1986 80 48 dès
1862 1986 150 62 1885,
2026 1985 55 49 fit
2102 1989 229 45 entendre
2354 1987 66 48 les
2437 2006 186 31 œuvres
2643 1992 235 60 principales

348 2056 57 47 de
452 2056 256 63 Borodine,
750 2056 499 66 Rimsky-Korsakoff
1280 2069 92 35 etc.
1416 2057 78 47 M.
1541 2057 263 47 Théodore
1843 2058 199 61 Fadoul,
2072 2060 129 45 vient
2229 2060 56 45 de
2321 2061 210 46 recevoir
2573 2061 42 47 le
2658 2063 146 47 brevet
2841 2066 36 46 de

347 2128 235 47 chevalier
609 2128 55 46 de
692 2127 171 48 l'ordre
892 2128 212 62 impérial
1133 2129 57 46 de
1217 2128 132 48 Saint
1376 2128 233 48 Stanislas.
1656 2128 134 50 C'est
1829 2147 197 46 presque
2318 2149 84 30 ans
2441 2132 57 47 de
2539 2132 43 47 la
2624 2135 67 45 vie
2719 2133 157 51 d'un...

344 2201 215 62 pianiste.

2243 2286 48 48 D
2298 2289 15 21 R
2341 2286 427 52 DWELSHAUVERS.

488 2460 339 49 MALINES.
868 2460 72 48 Le
967 2460 199 64 congrès
1190 2460 367 64 archéologique
1597 2462 80 62 qui
1703 2479 49 30 se
1791 2462 185 47 tiendra
2003 2462 57 47 de
2105 2475 24 48 5
2177 2481 61 29 au
2284 2479 53 31 11
2385 2465 113 47 août
2538 2467 251 61 comprend
2812 2485 66 29 une

343 2533 186 47 section
558 2532 372 66 musicologique
976 2533 80 47 des
1096 2532 103 64 plus
1244 2533 330 47 intéressantes
1617 2533 25 47 à
1684 2533 197 64 laquelle
1922 2533 65 49 les
2012 2536 256 47 musiciens
2294 2536 240 65 étrangers
2571 2538 26 47 à
2623 2537 43 48 la
2690 2538 188 64 Belgique

347 2604 245 47 devraient
617 2604 301 61 s'intéresser,
946 2622 79 29 car
1052 2604 87 47 elle
1166 2604 320 63 représentera
1510 2622 98 29 une
1644 2607 189 46 tribune
1875 2606 115 47 libre
2037 2624 117 44 pour
2200 2606 44 48 la
2284 2607 256 50 discussion
2581 2610 56 47 de
2675 2622 141 36 toutes
2836 2611 42 47 les

346 2677 240 61 questions
614 2674 223 49 d'intérêt
858 2674 374 65 musicologique
1254 2676 325 62 cosmopolite.
1604 2674 88 50 On
1710 2693 222 31 annonce
1952 2677 103 65 déjà
2081 2677 176 47 l'étude
2280 2678 63 47 du
2369 2678 153 66 séjour
2543 2681 56 45 de
2622 2681 255 48 Frescobaldi

347 2747 27 48 à
400 2747 211 48 Malines
639 2747 193 64 (1607),
860 2748 64 46 du
964 2748 264 62 descripitif
1261 2749 122 46 chez
1425 2748 148 61 Bach,
1603 2748 57 47 de
1700 2748 328 63 l'importance
2069 2751 56 45 de
2166 2749 235 65 Pergolesi
2429 2763 46 36 et
2503 2752 56 47 de
2589 2752 288 49 Sammaritani

347 2819 117 46 dans
488 2818 44 47 la
558 2819 169 62 genèse
756 2819 56 47 de
830 2818 43 47 la
889 2818 310 65 Symphonie,
1219 2818 79 48 des
1320 2820 203 46 facteurs
1540 2818 196 65 d'orgue
1755 2819 238 65 Liégeois,
2013 2820 56 47 de
2088 2820 191 64 Brebas,
2300 2823 56 46 de
2379 2823 168 47 maître
2566 2823 158 48 Simon
2746 2825 131 46 maître

346 2890 82 46 des
455 2889 251 48 ménestrel
728 2890 57 47 de
807 2890 43 47 la
870 2889 135 47 vielle
1029 2890 176 64 (1313)
1230 2890 56 46 de
1308 2890 44 46 la
1374 2890 299 62 pénétration
1696 2891 56 46 de
1776 2890 175 64 l'opéra
1973 2891 160 47 italien
2155 2911 59 27 en
2239 2893 230 65 Belgique
2489 2913 61 29 au
2571 2895 150 49 XVII
2722 2899 16 20 e
2755 2895 122 60 siècle,

346 2961 58 47 de
433 2961 216 64 l'origine
690 2963 79 47 des
794 2961 276 47 ménestrels
1110 2963 115 45 dans
1265 2979 85 31 nos
1376 2964 261 61 provinces,
1668 2964 80 47 des
1786 2965 279 46 recherches
2102 2965 135 47 faites
2272 2978 46 34 et
2352 2966 24 47 à
2412 2966 113 47 faire
2552 2968 113 48 dans
2689 2968 61 48 les
2774 2968 104 47 fonds

346 3034 249 45 musicaux
633 3032 56 47 de
724 3032 43 47 la
794 3034 224 61 province
1047 3032 56 47 de
1134 3031 149 65 Liège
1310 3046 91 36 etc.
1430 3046 92 35 etc.
1566 3034 211 48 Malines
1814 3045 70 37 est
1921 3053 93 29 aux
2054 3048 155 49 portes
2235 3038 56 45 de
2319 3036 247 50 Bruxelles
2591 3039 60 47 où
2679 3038 90 48 l'on
2794 3050 84 50 peut

344 3104 135 64 loger
503 3126 12 37 ;
543 3105 44 47 la
612 3106 249 46 cotisation
891 3105 63 47 du
981 3104 198 64 congrès
1205 3116 68 36 est
1301 3106 56 47 de
2429 3106 78 46 dix
1489 3106 155 47 francs
1668 3106 283 64 seulement,
1979 3125 32 47 y
2036 3110 208 61 compris
2270 3109 66 47 les
2362 3111 243 61 imprimés
2632 3111 59 47 du
2718 3110 160 63 congrès

343 3176 126 62 (sans
510 3177 207 60 ceux-ci,
767 3190 24 47 5
841 3176 187 62 francs).
1077 3176 126 47 Pour
1245 3189 107 35 tous
1396 3178 408 63 renseignements
1853 3180 269 61 musicaux,
2176 3178 245 50 s'adresser
2472 3182 25 47 à
2550 3182 75 49 M.
2677 3182 86 49 Ed.
2812 3198 64 30 van

344 3246 303 63 JDoorselaer,
678 3264 83 48 34,
790 3265 81 29 rue
901 3248 77 47 des
1005 3247 275 62 Tanneurs,
1311 3248 225 50 Malines.
