2936 4346
595 235 564 91 THÉÂTRES
1225 253 132 69 ET
1423 248 550 74 CONCERTS

2565 316 0 0 111

72 423 124 52 mutine
219 407 291 63 s'expliquait
536 405 292 48 assurément
854 426 12 37 ;
896 403 26 47 à
948 402 204 63 présent,
1176 402 30 45 il
1228 402 178 45 devrait
1434 419 57 28 en
1520 400 96 47 être
1644 409 285 37 autrement.
1956 395 92 49 Les
2070 396 180 46 bonnes
2269 393 309 65 symphonies

102 513 26 30 SS
131 508 33 30 es
190 480 261 67 (Borodine,
483 478 221 63 Rimsky,
734 474 346 62 Glazounow),
1109 473 248 59 françaises
1384 472 332 63 (Saint-Saëns,
1746 468 275 65 Magnard),
2051 479 91 34 etc.
2172 466 241 46 devraient
2453 465 122 45 tenir

70 593 12 6 ..
90 585 34 29 ne
144 554 218 53 meilleure
391 550 130 62 place
550 550 116 46 dans
693 548 64 46 les
786 562 322 47 programmes
1136 545 56 46 de
1220 557 123 34 cette
1370 543 192 49 société.

161 626 127 58 Mais,
316 623 25 46 à
367 621 108 47 côté
504 621 63 46 du
607 619 346 49 Gewandhaus
998 618 25 45 à
1066 616 180 47 l'allure
1286 615 216 47 officielle
1540 614 109 49 s'est
1688 611 264 50 constituée
1997 628 94 28 une
2131 607 173 49 société
2350 606 224 47 musicale

221 724 64 8 —
311 693 86 47 elle
426 693 105 46 date
560 693 57 45 de
645 693 122 45 deux
795 708 98 43 ans,
922 689 25 47 à
974 690 139 61 peine
1229 689 80 61 qui
1338 705 26 28 a
1391 686 159 47 donné
1577 705 95 27 une
1699 685 160 63 regain
1888 684 56 45 de
1971 680 179 49 vitalité
2176 698 60 28 au
2263 689 314 36 mouvement

70 774 164 56 musicien
275 766 178 61 lipsien.
484 764 143 47 Cette
654 761 175 49 société
868 780 25 27 a
932 761 145 46 choisi
1126 776 189 30 comme
1358 759 116 46 chef
1508 757 287 47 d'orchestre
1838 754 215 62 Georges
2095 750 202 61 Gôhler,
2341 748 128 48 l'une
2499 749 78 46 des

70 837 269 67 personnalités
359 836 64 46 les
449 835 104 63 plus
573 834 328 47 intéressantes
929 833 56 45 de
1013 831 323 63 l'Allemagne
1365 829 239 48 musicale.
1630 827 186 50 Gôhler
1843 838 68 35 est
1937 844 66 28 un
2032 825 94 45 vrai
2154 822 115 48 chef
2290 821 285 47 d'orchestre

69 940 24 31 et
119 932 72 33 non
230 927 59 30 un
334 910 185 44 batteur
558 907 56 46 de
651 922 199 30 mesure.
894 902 426 62 L'interprétation
1361 900 116 64 qu'il
1516 900 215 62 présente
1771 900 80 45 des
1886 914 189 30 œuvres
2112 893 223 48 exécutés
2372 910 80 45 par
2490 908 84 30 son

69 992 173 50 orchestre
280 992 66 35 est
388 980 192 61 parfaite
618 978 56 46 de
712 978 205 63 rythme,
962 976 56 46 de
1058 974 249 63 précision,
1337 973 55 46 de
1433 972 159 48 clarté.
1623 971 115 55 Que
1771 970 96 46 l'on
1898 969 215 47 voudrait
2140 967 98 46 voir
2277 977 76 35 cet
2381 966 196 45 homme

68 1086 13 28 a
109 1063 27 44 la
167 1057 82 46 tête
294 1051 113 47 d'un
454 1049 244 48 ensemble
738 1048 354 65 symphonique
1138 1063 189 30 comme
1374 1045 121 46 celui
1543 1044 64 45 du
1653 1041 344 50 Gewandhaus
2023 1037 7 49 !
2070 1038 30 48 il
2145 1039 137 45 serait
2326 1054 66 29 un
2436 1036 142 62 digne

68 1142 202 39 successeur
305 1124 55 45 de
400 1123 219 46 Nikisch.
663 1121 70 46 Ce
774 1120 119 46 n'est
934 1136 77 45 pas
1049 1135 105 30 sans
1192 1118 138 61 peine
1369 1134 90 44 que
1500 1114 185 50 Gôhler
1723 1112 108 48 s'est
1870 1113 250 45 maintenu
2159 1109 26 47 à
2222 1109 43 46 la
2303 1108 95 46 tête
2439 1107 56 46 de
2535 1106 46 46 la

70 1195 288 58 «Musikalische
402 1192 281 62 Gesellschaft
783 1191 78 48 De
891 1192 149 45 basses
1067 1190 239 62 critiques,
1348 1188 79 46 des
1454 1186 182 48 cabales
1663 1187 253 44 honteuses
1954 1194 86 35 ont
2067 1180 75 48 été
2173 1179 202 48 tramées
2413 1189 169 36 contre

68 1278 36 48 lui
126 1289 62 46 par
211 1268 59 47 les
296 1267 211 59 curieux,
536 1264 65 47 les
622 1264 163 64 jaloux
813 1275 47 34 et
887 1263 65 46 les
973 1260 284 62 incapables,
1279 1261 78 60 qui
1385 1270 108 36 sont
1521 1258 157 63 légion
1707 1256 25 47 à
1754 1255 215 62 Leipzig.
2002 1253 129 47 Mais
2158 1251 30 47 il
2215 1269 47 29 se
2288 1251 171 47 sentait
2488 1250 96 46 fort

68 1363 24 34 et
112 1346 19 45 il
153 1361 19 29 a
196 1336 228 63 triomphé
452 1338 56 45 de
536 1348 156 34 toutes
731 1335 64 47 les
834 1333 263 48 difficultés.
1128 1331 204 60 Gôhler,
1373 1331 79 61 qui
1486 1341 68 35 est
1599 1346 57 30 en
1700 1340 134 35 outre
1874 1344 64 29 un
1982 1323 325 63 musicologue
2346 1320 237 63 apprécié,,

68 1417 71 49 offre
160 1414 21 46 à
202 1428 77 31 son
322 1408 159 63 public
524 1408 78 47 des
647 1423 324 47 programmes
1009 1404 353 47 extrêmement
1406 1400 146 48 variés
1590 1412 47 34 et
1665 1399 63 46 du
1766 1398 104 62 plus
1898 1399 114 44 haut
2041 1397 186 45 intérêt.
2257 1394 38 46 Il
2323 1411 46 30 se
2398 1392 185 47 dévoue

68 1495 183 50 beaucoup
277 1498 115 45 pour
420 1481 112 45 faire
561 1479 245 47 connaître
835 1477 43 47 la
905 1478 214 60 musique
1148 1475 228 60 française
1404 1495 11 36 ;
1445 1472 114 48 c'est
1585 1472 116 46 ainsi
1729 1468 115 65 qu'il
1872 1487 26 28 a
1924 1467 148 64 dirigé
2093 1479 75 35 cet
2190 1467 130 44 hiver
2348 1464 147 46 Ibèria
2524 1463 60 46 de

68 1561 176 58 Debussy,
272 1554 42 46 la
342 1552 291 63 Fantastique
659 1551 56 46 de
745 1550 190 46 Berlioz
962 1561 47 34 et
1035 1547 115 64 qu'il
1183 1563 219 30 annonce
1431 1545 43 46 la
1504 1542 263 48 Damoiselle
1791 1541 90 46 élue
1908 1541 55 45 de
1994 1538 236 64 Debussy.
2260 1536 42 47 L
2325 1536 255 46 exécution

68 1634 31 45 de
118 1630 30 46 la
171 1624 240 66 Symphonie
438 1623 292 63 Fantastique
757 1622 63 47 du
849 1621 103 63 plus
979 1620 148 63 grand
1148 1620 80 45 des
1248 1618 191 46 maîtres
1464 1616 201 59 français
1691 1615 73 45 fut
1789 1613 214 61 superbe.
2032 1609 38 47 Il
2100 1609 82 65 n'y
2210 1627 26 28 a
2261 1606 150 64 qu'un
2441 1605 140 48 détail

67 1722 13 28 a
96 1701 186 60 critiquer
307 1714 10 30 :
358 1695 210 62 l'emploi
592 1695 57 46 de
675 1695 164 61 pianos
865 1711 59 28 au
952 1692 95 46 lieu
1080 1691 57 47 de
1164 1690 169 47 cloche
1355 1688 90 47 lors
1473 1688 63 46 du
1624 1703 144 46 songe
1797 1683 145 48 d'une
1970 1683 106 45 nuit
2103 1681 56 46 de
2188 1680 170 47 Sabbat
2410 1716 11 10 .
2453 1678 129 46 Mais

68 1776 23 44 la
108 1768 143 50 marche
275 1787 56 28 au
358 1768 183 62 supplice
567 1767 73 45 fut
668 1764 193 48 enlevée
887 1781 115 30 avec
1029 1781 66 29 un
1126 1762 99 47 brio
1254 1761 249 47 étonnant.
1533 1760 139 45 Nous
1698 1773 147 31 avons
1872 1773 58 29 en
1958 1766 137 35 outre
2122 1752 213 46 entendu
2361 1749 219 62 Jehovah,

68 1843 146 48 oratorio
239 1841 53 46 de
322 1839 207 60 Handel,
559 1837 159 47 donné
744 1855 92 29 aux
865 1837 40 46 le
934 1852 234 31 concours
1189 1834 63 46 du
1281 1831 377 48 Riedel-Verein
1687 1828 223 64 (solistes:
1942 1825 110 49 Eisa
2081 1822 502 48 Hensel-Schweitzer

68 1917 36 46 A.
125 1913 301 63 Legdheeker,
451 1910 48 47 D
505 1914 15 18 r
548 1910 218 60 Rœmer,
797 1908 49 48 D
851 1911 15 19 r
894 1909 79 45 Fr.
1004 1905 252 63 Plaschki).

164 1984 75 49 On
266 2001 45 29 se
339 1982 204 62 rappelle
581 2000 91 44 que
711 1981 42 46 le
795 1978 350 49 Riedel-Verein
1185 1978 80 61 qui
1293 1994 26 28 a
1346 1975 226 62 participe
1611 1992 24 27 a
1663 1972 12 46 1
1698 1971 258 47 exécution
1985 1970 57 45 de
2069 1968 43 47 la
2142 1966 26 49 8
2173 1973 17 21 e
2215 1967 282 64 symphonie
2526 1964 58 46 de

69 2056 140 47 Mabler
233 2055 23 47 à
284 2054 210 48 Munich
538 2055 200 60 obtient,
769 2070 78 44 par
889 2050 291 48 l'exécution
1223 2049 56 46 de
1307 2058 125 37 cette
1472 2062 181 40 œuvre,
1692 2062 67 28 un
1788 2043 91 46 très
1905 2041 73 46 vif
1996 2039 163 49 succès
2183 2039 80 63 qui
2291 2037 109 48 s'est
2426 2035 162 63 répété

67 2128 86 61 après
184 2126 108 48 celle
334 2128 56 45 de
433 2126 218 63 Leipzig.
696 2125 47 45 A
785 2123 205 47 d'autres
1034 2133 217 36 concerts
1292 2120 159 45 furent
1493 2116 181 48 donnés
1715 2115 65 47 les
1817 2113 306 65 symphonies
2162 2128 58 29 en
2249 2111 34 45 si
2312 2110 187 46 mineur
2528 2107 58 46 de

68 2200 189 59 Schubert,
285 2217 58 27 en
371 2211 54 34 ut
452 2199 188 45 mineur
670 2197 49 61 (4
723 2200 18 18 0
770 2196 48 62 2)
858 2197 55 44 de
943 2194 264 61 Bruckner,
1237 2192 43 46 la
1308 2190 26 47 8
1341 2194 15 19 e
1385 2191 56 45 de
1468 2189 295 59 Beethoven,
1802 2204 94 29 une
1936 2186 192 46 Partita
2164 2183 55 45 de
2250 2182 191 46 Fischer
2468 2196 121 45 pour

68 2272 114 45 cordes
204 2283 43 34 et
273 2282 291 50 trompettes,
607 2287 95 28 une
747 2267 285 65 symphonie
1075 2276 309 36 concertante
1430 2262 56 46 de
1516 2261 196 46 Mozart
1740 2276 115 44 pour
1884 2257 158 46 violon
2071 2267 46 34 et
2144 2253 94 48 alto
2266 2253 80 62 (M
2394 2265 45 33 et
2468 2250 60 47 M

68 2341 308 63 Petschnikoff),
405 2359 65 29 un
500 2352 227 36 concerto
769 2340 55 45 de
868 2338 159 47 violon
1056 2338 57 45 de
1157 2335 176 65 Haydn
1378 2331 387 65 (Petschnikoff),
1814 2328 216 62 Lucregia
2036 2365 12 23 ,
2092 2338 187 35 cantate
2307 2325 56 45 de
2393 2321 191 49 Handel

68 2414 51 59 (A.
142 2413 323 63 Legdheeker).
496 2414 47 45 A
583 2413 116 45 citer
739 2423 105 35 tout
882 2409 339 63 spécialement
1261 2406 41 47 le
1343 2417 226 35 concerto
1609 2421 58 29 en
1708 2402 58 62 la,
1796 2402 56 45 de
1881 2401 151 59 Liszt,
2063 2398 125 62 (Ella
2216 2394 279 63 Raffelson),
2524 2394 67 46 les

70 2484 370 47 hndertotenlieder
466 2497 46 34 et
540 2484 163 47 Lieder
729 2502 120 27 einen
874 2481 246 63 fahrenden
1142 2479 177 63 gesellen
1347 2478 55 46 de
1433 2476 65 49 G.
1533 2474 191 47 Mahler
1752 2472 172 64 (soliste
1949 2490 10 29 :
2003 2470 111 47 Cari
2144 2467 320 66 Leydstiom).
2495 2465 95 47 Ces

69 2556 82 46 deux
175 2557 222 47 dernières
422 2574 203 43 œuvres,
654 2556 166 47 écrites
861 2571 115 44 pour
1016 2552 136 47 ténor
1180 2563 46 34 et
1253 2551 238 45 orchestre
1518 2558 248 50 comptent
1795 2545 148 61 parmi
1972 2543 64 46 les
2063 2540 265 47 meilleuies
2356 2539 113 45 dues
2495 2556 24 27 a
2546 2536 46 46 la

70 2627 113 59 plume
208 2630 57 44 du
293 2629 145 50 grand
465 2629 343 64 symphoniste.
840 2625 160 48 Outre
1030 2625 63 46 les
1120 2634 218 36 concerts
1366 2622 54 44 de
1449 2620 44 46 la
1533 2622 29 22 u
1586 2618 185 48 Société
1800 2614 237 48 Musicale
2091 2651 12 23 ,
2133 2611 66 49 G.
2230 2610 185 50 Gôhler
2443 2610 146 61 dirige

70 2697 213 63 également
309 2719 120 28 ceux
459 2700 61 46 du
562 2698 350 48 Riedel-Verein
917 2735 11 23 ,
973 2697 43 45 la
1058 2695 244 46 meilleure
1340 2693 79 45 des
1456 2690 197 47 sociétés
1679 2688 211 47 chorales
1916 2687 267 60 lipsiennes.
2227 2683 42 47 C
2291 2694 67 34 est
2386 2693 203 50 peut-on

70 2768 75 62 dire,
170 2772 36 45 la
228 2772 122 47 seule
378 2774 77 61 qui
484 2772 214 62 présente
727 2772 79 45 des
844 2768 278 47 exécutions
1149 2765 344 58 intéressantes,
1522 2780 77 29 car
1628 2761 64 47 les
1718 2761 191 46 chœurs
1936 2759 62 45 du
2027 2756 343 49 Gewandhaus
2397 2765 46 33 et
2470 2768 121 30 ceux

71 2840 37 46 du
130 2842 290 50 Bach-Verein
447 2857 107 34 sont
583 2845 78 45 des
700 2843 104 62 plus
842 2841 275 46 médiocres.
1161 2838 69 47 Le
1272 2837 203 62 premier
1515 2845 195 36 concert
1738 2833 62 45 du
1839 2828 376 49 Riedel-Verein
2244 2825 254 62 présentait
2525 2839 66 29 un

71 2912 98 47 choix
194 2915 225 48 d'œuvres
440 2916 24 47 à
485 2915 212 62 cappella
724 2915 55 45 de
811 2914 145 62 Hugo
977 2911 154 60 Wolf,
1157 2909 151 59 Liszt,
1332 2907 168 62 Grieg,
1521 2904 277 64 agrémente
1826 2904 27 45 d
1873 2918 186 30 œuvres
2086 2916 116 45 pour
2230 2914 145 45 orgue
2397 2894 196 63 (soliste.

72 2980 84 50 Max
181 2986 117 64 Fest)
326 2989 54 45 de
411 2988 146 46 Puitti
587 2987 198 63 (sonate)
814 2984 171 47 Eurier
1025 2983 129 46 Bossi
1184 2979 289 64 (Pastorale),
1503 2978 202 46 Brahms
1733 2973 228 64 (préludé)
1990 2985 46 33 et
2064 2972 130 45 Bach
2225 2967 245 64 (préludé).
2502 2966 95 45 Ces

72 3055 225 51 exécutions
335 3073 84 34 ont
458 3060 95 46 lieu
592 3059 24 46 à
660 3057 175 64 l'église
866 3055 394 58 Saint-Thomas,
1301 3052 62 46 où
1408 3051 129 46 Bach
1584 3050 93 44 tint
1712 3046 117 66 jadis
1869 3045 64 47 les
1971 3043 199 64 grandes
2201 3057 167 46 oigues
2394 3059 11 36 ;
2434 3055 92 44 que
2553 3036 44 45 la

74 3128 163 62 musique
265 3131 240 64 religieuse
532 3142 68 35 est
628 3130 443 61 impressionnante,
1094 3125 241 46 entendue
1357 3123 114 45 dans
1497 3120 201 47 l'ombre
1719 3132 46 32 et
1788 3118 41 46 le
1852 3116 152 47 calme
2026 3116 62 45 du
2109 3111 177 62 temple
2311 3133 11 36 ;
2354 3127 59 28 on
2443 3126 29 47 y
2493 3120 104 34 sent

72 3197 137 49 suivant
235 3202 297 63 l'expression
560 3201 266 47 allemande
856 3196 322 49 intraduisible
1217 3208 46 33 et
1301 3196 35 45 si
1366 3192 395 61 caractéristique,
1789 3206 94 29 une
1914 3188 123 45 vraie
2065 3186 263 57 Stimmung.
2357 3180 239 62 Pouiquoi

75 3283 36 29 ne
129 3287 62 43 pas
215 3285 147 36 tenter
390 3275 145 46 l'essai
564 3275 121 45 chez
712 3271 151 49 nous?
890 3271 39 46 Il
959 3282 66 34 est
1053 3269 94 46 vrai
1175 3286 92 44 que
1294 3266 102 47 cela
1421 3266 138 46 serait
1586 3274 237 51 peut-etre
1852 3259 171 47 dificile
2051 3276 25 27 a
2103 3255 173 47 realiseï
2312 3272 24 27 a
2363 3269 136 29 cause
2522 3250 79 47 des

77 3339 216 53 misérables
318 3347 240 62 questions
585 3345 295 63 religieuses;
911 3360 60 29 on
1001 3342 130 45 vient
1167 3338 110 48 d'en
1304 3339 128 45 avoir
1460 3336 43 46 la
1530 3353 173 44 preuve
1731 3352 24 27 a
1783 3332 164 62 Liege,
1976 3347 59 28 en
2062 3326 266 56 Wallonie;
2359 3323 42 46 la
2426 3335 173 34 société

77 3406 89 52 Bach
192 3419 351 46 nouvellement
571 3417 170 46 fondée
766 3433 80 45 par
871 3414 74 47 M.
972 3412 375 48 Dwelshauvers
1371 3427 26 28 a
1425 3418 253 36 rencontre
1706 3405 55 45 de
1790 3404 284 46 nombieuse
2105 3396 249 49 difficultés
2382 3407 44 33 et
2454 3412 118 43 oppo-

75 3480 121 53 sitions
219 3490 52 45 de
298 3490 41 47 la
379 3504 101 49 part
508 3491 62 45 du
600 3488 160 63 public
788 3486 269 61 catholique
1098 3500 137 45 parce
1282 3480 171 64 qu'elle
1499 3478 218 64 projetait
1759 3476 55 45 de
1861 3474 181 46 donner
2083 3487 69 30 ses
2189 3469 190 46 séances
2418 3466 112 45 dans
2558 3464 41 46 le

76 3557 133 59 temple
235 3574 255 48 protestant
518 3562 56 46 de
603 3561 42 46 la
672 3559 107 46 ville
811 3557 8 48 !
852 3558 93 47 Les
970 3554 276 61 allemands,
1276 3553 103 61 plus
1405 3552 234 63 rigoristes
1666 3566 90 45 que
1785 3563 120 30 nous
1931 3562 59 29 au
2018 3542 133 63 point
2180 3541 54 45 de
2263 3556 89 28 vue
2376 3537 226 63 religieux

77 3636 18 29 n
99 3641 17 28 e
136 3631 141 47 voient
302 3634 267 62 cependant
596 3648 187 31 aucune
812 3628 344 48 inconvénient
1183 3626 26 46 à
1236 3625 154 46 laisser
1425 3622 224 47 exécuter
1677 3621 55 44 de
1775 3620 156 44 bonne
1974 3615 217 59 musique
2220 3610 243 63 religieuse
2491 3608 113 46 dans

76 3688 44 54 'ES
138 3699 158 62 églises.
1964 3685 141 49 PAUL
2143 3682 319 48 MAGNETTE.
