2936 4346
1412 210 75 69 S.
1560 213 66 68 I.
1696 211 120 70 M.

350 231 147 48 112

407 354 323 48 TRIESTE.
857 355 151 46 Notre
1037 368 310 34 mouvement
1375 357 196 47 musical
1600 369 68 36 est
1714 359 185 47 devenu
1946 361 92 47 très
2084 362 275 61 important.
2404 363 71 47 Le
2521 364 180 49 théâtre
2748 368 115 56 Verdi

336 442 118 29 nous
480 443 26 28 a
533 425 157 47 donné
718 425 71 46 La
821 425 170 47 Vestale
1018 425 55 46 de
1120 425 217 63 Spontini
1384 439 46 33 et
1473 428 131 47 Boris
1649 428 259 66 Godounojf
1935 430 55 47 de
2038 430 362 68 Moussorgsky,
2446 451 108 30 sous
2598 434 267 60 l'excellente

334 495 229 47 direction
593 496 54 46 de
676 496 78 46 M.
786 495 59 48 R.
877 495 196 48 Ferrari.
1098 495 64 48 Et
1183 514 118 29 nous
1317 514 172 31 aurons
1508 499 181 47 bientôt
1709 500 39 46 le
1771 500 271 64 Crépuscule,
2066 503 169 47 Salomè
2255 517 46 34 et
2322 504 41 47 le
2386 504 245 48 Chevalier
2653 507 26 47 à
2698 508 43 47 la
2764 510 99 56 Rost.

408 566 92 49 Les
527 569 224 46 virtuoses
776 579 109 36 sont
913 584 146 31 venus
1085 585 120 30 nous
1224 569 165 47 rendre
1417 570 152 48 visite:
1592 570 145 48 Pablo
1757 571 174 63 Casais,
1957 573 157 48 Franz
2136 593 91 29 von
2253 576 201 65 Vescey,
2479 578 160 48 Maria
2660 579 196 56 Carreras

335 637 42 47 le
400 639 143 63 jeune
571 637 262 47 hollandais
857 639 93 63 Jan
979 637 203 51 Sickesz.

500 708 71 47 Le
656 707 206 65 Quatuor
886 710 51 45 de
1170 722 27 35 est
1243 729 94 28 une
1383 711 78 47 des
1503 714 376 48 manifestations
1922 715 66 48 les
2033 716 103 62 plus
2181 720 310 60 importantes
2536 721 56 46 de
2640 734 132 37 notre
2814 731 52 47 vie

331 780 239 47 musicale.
617 778 94 49 Les
748 781 180 46 artistes
971 781 78 62 qui
1090 780 41 47 le
1177 795 281 48 composent
1507 783 165 63 (MM.
1724 786 285 61 Jancovich,
2063 787 237 50 Viezzoli.
2357 790 277 63 Dudovich,
2687 792 181 71 Baraldi)

327 862 247 34 montrent
602 869 92 27 une
723 852 192 61 parfaite
944 851 397 62 compréhension
1370 853 79 47 des
1474 872 191 31 œuvres
1692 857 251 47 modernes
1967 875 10 30 :
2020 857 225 56 Quatuor
2273 861 54 47 de
2359 861 238 66 Debussy,
2625 881 181 33 œuvres
2828 872 42 47 de

328 919 191 66 d'lndy,
552 922 163 62 Ravel,
746 922 172 65 Reger,
948 923 193 62 Strauss,
1172 924 255 63 Borodine,
1456 926 381 67 Tchaïkowsky,
1869 928 212 62 Dvorak,
2113 931 217 66 Sinding,
2360 946 127 37 etc...

398 992 263 63 Signalons,
690 1007 134 33 entre
850 1006 155 35 autres
1032 996 295 47 nouveautés
1353 998 248 47 musicales
1628 998 40 47 le
1698 1015 201 48 quatuor
1935 1001 57 47 de
2040 1002 77 48 M.
2148 1002 144 48 Carlo
2339 1004 250 64 Perinello,
2636 1009 234 60 professeur

325 1081 59 29 au
412 1063 360 48 Conservatoire
795 1065 57 46 de
872 1064 211 64 Trieste,
1104 1068 80 62 qui
1214 1084 118 30 nous
1357 1068 71 47 fut
1456 1069 153 47 révélé
1637 1070 351 49 dernièrement
2015 1086 47 34 et
2089 1073 381 62 efforçons-nous
2496 1077 265 51 d'attendre
2783 1101 87 34 sans

325 1145 103 51 trop
457 1134 335 62 d'impatience
820 1135 288 48 l'exécution
1136 1135 115 50 d'un
1281 1136 169 65 poème
1475 1142 352 64 symphonique
1856 1143 63 47 du
1948 1144 158 47 même
2142 1159 168 35 auteur
2350 1148 191 49 intitulé
2642 1149 70 48 La
2752 1156 115 49 rafale

330 1204 56 47 de
2567 1220 77 49 jy/L
2688 1223 62 48 jsf.

645 1324 7 18 1

473 1342 311 50 GENEVE.
922 1346 69 48 Le
1019 1349 258 61 piofesseur
1308 1350 154 65 K.ling
1498 1371 26 28 a
1551 1355 213 62 organisé
1803 1374 65 29 un
1908 1357 277 50 intéressant
2224 1376 196 34 concert
2458 1382 59 28 au
2545 1382 137 29 cours
2720 1366 152 65 duquel

330 1413 75 47 IVI.
438 1414 155 64 Kling
618 1415 71 47 fils
727 1434 19 29 s
767 1429 68 35 est
875 1421 81 43 fait
995 1421 229 46 entendre
1252 1439 77 28 sur
1357 1422 41 47 la
1426 1424 120 46 viole
1575 1427 27 44 d
1624 1444 168 30 amour
1809 1450 10 36 ;
1861 1447 65 29 un
1956 1430 173 48 double
2157 1446 203 49 quatuor
2394 1436 129 46 vocal
2564 1437 198 47 exécuta
2796 1441 22 45 à
2841 1443 31 47 la

325 1486 263 64 perfection
618 1488 111 46 trois
756 1505 215 45 psaumes
998 1491 55 46 de
1083 1491 58 49 L.
1475 1513 108 31 sous
1609 1497 43 47 la
1679 1499 232 48 direction
1941 1502 63 47 du
2033 1504 262 60 professeur
2326 1506 168 64 Kling.

1019 2047 312 67 SOCIÉTÉ
1370 2067 369 52 MUSICALE
1781 2071 66 51 G.
1889 2072 291 52 ASTRUC
2220 2077 45 47 &
2306 2079 91 48 Co.

984 2258 221 42 SALLE
1235 2260 291 54 PLEYEL,
1559 2264 81 50 22,
1673 2276 100 31 rue
1802 2267 423 45 Rochechouart

562 2376 313 62 MARDI
939 2380 78 61 28
1078 2382 251 61 MARS
1395 2405 188 60 1911,
1635 2385 32 61 à
1720 2409 36 58 9
1808 2387 220 62 heures
2075 2391 264 83 précises
2390 2394 81 61 du
2522 2397 122 59 soir

443 2529 665 127 Wanda
1281 2540 1491 134 LANDOWSKA

1040 2728 327 63 PIANO
1431 2733 135 61 ET
1621 2733 554 68 CLAVECIN

1366 2891 480 55 PROGRAMME

508 2993 39 50 I.
588 2993 170 48 Sonate
797 3013 60 30 en
897 2997 49 47 ré
985 3001 179 63 majeur
1239 3002 78 63 (au
1356 3004 159 64 piano)
1586 3044 494 16 ....
2230 3016 156 48 W.A.
2428 3018 236 50 MOZART

596 3064 235 50 Fantaisie
872 3069 330 66 chromatique
1242 3086 47 34 et
1328 3073 168 66 Fugue
1543 3077 77 63 (au
1648 3077 231 67 clavecin)
1905 3119 11 10 .
2066 3121 11 10 .
2225 3087 97 64 J.S.
2366 3088 147 49 BACH

471 3175 63 50 II.
579 3176 144 48 Deux
764 3180 260 61 polonaises
1064 3184 77 62 (au
1181 3186 158 64 piano)
1423 3225 656 18 .....
2230 3199 86 48 W.
2359 3200 89 48 FR.
2491 3201 146 50 BACH

580 3247 70 47 Le
690 3248 204 50 Coucou
934 3252 78 64 (au
1051 3256 160 62 piano)
2228 3269 154 50 GASP.
2424 3271 149 50 KERL

577 3319 225 51 Préludes
826 3335 47 35 et
900 3325 168 63 fugues
1093 3327 64 47 du
1185 3327 228 51 Clavecin
1445 3333 107 46 bien
1581 3335 212 62 tempéré
1820 3337 78 64 (au
1926 3337 233 66 clavecin)
2214 3341 97 65 J.S.
2354 3342 147 50 BACH

433 3427 90 50 III.
566 3430 329 63 Virginalistes
919 3435 178 63 anglais
1124 3438 55 47 de
1207 3438 218 66 l'époque
1452 3443 58 47 de
1538 3444 316 65 Shakespeare
1883 3449 79 62 (au
1990 3449 233 66 clavecin)

430 3562 69 42 On
522 3566 146 39 houve
689 3568 71 38 des
783 3568 135 41 billets
936 3589 14 20 :
970 3571 94 41 chez
1084 3572 111 41 MM.
1219 3575 263 50 DURAND,
1506 3592 40 39 4,
1567 3581 119 50 place
1708 3582 52 40 de
1781 3584 44 39 la
1847 3584 257 53 Madeleine,
2123 3587 268 52 chezGRUS,
2409 3591 96 50 116,
2526 3592 243 41 Boulevard

1315 3641 285 43 Haussmann
1933 3647 38 38 et
2051 3647 95 39 chez
2283 3648 211 42 Madame
2745 3652 33 40 L
