2936 4346
863 242 453 75 BOILEAU
1383 240 135 70 ET
1583 239 323 70 SILVIE

2625 254 40 72 7

112 402 340 87 Despréaux
483 426 13 48 ;
535 400 113 59 elle
701 420 33 38 a
788 420 83 59 pu
921 398 57 58 le
1028 407 359 48 rencontrer
1435 413 101 38 sur
1570 412 108 38 son
1715 388 275 72 chemin,
2027 400 81 59 et,
2144 386 229 82 l'ayant
2408 406 103 49 vu,
2545 403 132 39 sans

109 500 359 80 dérogeance
503 515 38 61 y
576 511 234 62 penser.

1353 706 62 59 II

277 967 104 60 Un
418 983 285 41 nouveau
738 957 322 86 problème
1110 972 88 44 est
1249 957 75 58 de
1368 954 198 61 savoir
1615 953 326 60 l'occasion
1993 949 74 60 de
2117 962 161 46 cette
2327 957 345 48 rencontre.

115 1065 76 58 La
223 1057 269 83 réponse,
654 1053 193 82 qu'on
883 1051 163 58 m'en
1084 1049 164 59 croie
1284 1069 101 38 sur
1419 1046 206 81 parole
1660 1042 275 72 d'abord,
2092 1061 59 38 se
2198 1053 283 45 trouvera
2529 1033 146 58 dans

113 1175 83 40 ces
226 1152 191 79 lignes
453 1146 72 60 de
564 1147 305 59 Brossette
902 1165 12 37 :
1020 1142 76 59 M
1104 1136 42 28 lle
1180 1140 73 59 de
1291 1138 378 60 Bertouville
1697 1135 147 59 était
1875 1132 173 61 nièce
2076 1132 147 58 d'un
2260 1128 305 60 chanoine
2600 1123 74 59 de

115 1242 463 68 Saint-Paterne,
615 1259 76 36 au
729 1232 240 61 diocèse
1006 1232 75 59 de
1513 1229 86 58 La
1635 1225 277 84 réponse,
1947 1223 144 80 ai-je
2121 1221 111 72 dit,
2260 1234 87 45 est
2380 1217 56 60 là
2468 1242 14 47 ;
2521 1216 154 60 mais

113 1338 36 58 il
178 1334 122 60 faut
337 1331 267 83 quelque
639 1328 184 58 effort
858 1347 160 61 pour
1051 1323 117 60 l'en
1206 1320 284 83 dégager.

277 1425 60 59 Si
386 1443 150 38 vous
596 1418 380 61 refeuilletez
1024 1418 84 57 les
1160 1413 194 61 Pièces
1404 1410 297 81 originelles
1750 1409 83 58 du
1884 1406 226 60 dossier
2163 1400 305 72 Poncher,
2521 1418 153 39 vous

115 1516 193 62 finirez
342 1536 107 61 par
482 1535 38 59 y
555 1509 350 71 découvrir,
941 1530 101 38 sur
1076 1528 81 37 un
1194 1505 156 83 petit
1387 1504 234 81 papier,
1656 1502 149 78 long
1833 1513 58 44 et
1926 1500 167 78 large
2120 1514 248 41 comme
2392 1493 56 57 le
2476 1489 198 80 doigt,

116 1625 50 43 et
197 1608 68 59 de
296 1604 313 61 l'écriture
661 1603 56 59 la
769 1602 137 81 plus
955 1596 143 74 fine,
1151 1618 119 37 une
1322 1610 144 44 note
1517 1604 374 49 concernant
1926 1590 56 58 le
2016 1585 288 84 baptême
2338 1583 143 58 d'un
2518 1579 157 60 frère

117 1701 62 58 de
214 1701 68 58 M
293 1693 40 28 Ue
366 1698 73 59 de
475 1695 380 61 Bertouville
881 1690 35 62 \
973 1692 89 58 La
1098 1688 167 60 mère
1301 1688 72 60 de
1408 1683 252 62 l'enfant
1696 1682 315 82 s'appelait
2040 1681 231 78 Jeanne
2307 1672 273 72 Vialard,
2618 1684 60 46 et

116 1794 46 57 le
211 1791 253 81 parrain,
520 1809 85 38 un
665 1786 175 58 oncle
893 1782 446 70 évidemment,
1399 1775 252 62 nommé
1711 1772 235 62 Claude
2002 1768 268 71 Vialard,
2323 1767 148 58 était
2526 1762 150 60 abbe

119 1865 323 99 d'Épernay
477 1894 59 44 et
572 1876 381 60 archidiacre
988 1872 74 60 de
1101 1872 237 59 Reims.
1380 1871 115 57 Ces
1529 1869 173 58 titres
1736 1888 75 36 ne
1847 1877 136 46 sont
2018 1883 105 61 pas
2158 1880 158 39 ceux
2351 1857 71 59 de
2458 1857 19 57 1
2502 1855 174 58 oncle

120 1971 207 83 signalé
364 1993 106 61 par
507 1971 304 58 Brossette
844 1991 12 48 ;
914 1966 154 59 mais
1132 1965 56 56 la
2382 1961 200 61 Gallia
1905 1955 110 81 qui
2065 1952 202 60 donne
2302 1950 56 58 la
2392 1947 150 60 serie
2576 1945 103 58 des

121 2064 158 61 abbés
313 2064 369 81 d'Epernay,
720 2081 147 38 avec
902 2058 297 82 quelques
1235 2068 160 44 mots
1430 2074 98 38 sur
1564 2050 241 60 chacun
1841 2048 36 58 d
1907 2068 141 50 eux,
2084 2043 262 61 concilie
2382 2041 297 57 aisement

121 2178 91 39 nos
246 2170 190 45 textes
460 2153 18 27 2
486 2203 11 10 .
538 2154 90 58 Le
663 2151 304 59 chanoine
1004 2163 58 43 et
1098 2145 197 60 l'abbe
1348 2167 74 36 ne
1472 2142 136 59 font
1660 2163 83 59 qu
1775 2161 115 37 une
1926 2138 164 58 seule
2125 2156 97 61 pet
2237 2153 207 48 sonne,
2497 2140 181 69 ayant

124 2270 128 37 nom
366 2246 235 61 Claude
654 2243 244 59 Violart
1041 2241 123 57 mal
1215 2238 156 59 écrit
1496 2232 249 62 Vialard
1869 2231 144 58 dans
2069 2229 57 56 la
2184 2222 491 62 note-ci-dessus.

125 2337 204 61 L'abbé
365 2360 30 37 a
431 2333 218 86 troqué
686 2355 108 39 son
828 2327 295 75 bénéfice,
1160 2351 74 37 en
1282 2328 162 79 1645
1472 2323 16 28 3
1494 2374 15 24 ,
1561 2337 212 47 contre
1810 2344 81 36 un
1928 2318 323 61 canonicat
2288 2316 120 57 ala
2444 2312 236 60 Sainte-

126 2429 294 83 Chapelle.

286 2520 109 67 Là,
432 2519 468 67 certainement,
940 2514 250 59 Boileau
1227 2511 135 60 s'est
1395 2506 79 61 lié
1510 2528 146 39 avec
1692 2507 55 58 le
1781 2504 306 59 chanoine
2119 2524 14 48 ;
2184 2499 62 81 je
2297 2518 135 38 nen
2485 2495 53 57 ai
2577 2511 103 62 pas

124 2612 45 58 la
216 2634 223 60 preuve
494 2609 213 71 écrite,
767 2608 153 58 mais
973 2627 121 37 une
1147 2601 380 84 explication
1580 2600 47 59 si
1683 2596 318 70 naturelle,
2053 2613 120 61 que
2229 2608 296 63 personne
2577 2606 37 36 n
2643 2605 37 61 y

126 2703 342 60 contredira.
510 2703 50 58 Il
596 2699 133 61 faut
781 2718 232 40 assurer
1048 2718 67 37 ce
1152 2694 268 83 premier
1455 2712 104 61 pas
1593 2711 133 38 vers
1761 2689 54 57 la
1851 2686 259 59 reunion
2148 2679 323 62 cherchée.

287 2797 171 58 Tout
516 2792 330 61 rattachait
907 2791 253 57 Boileau
1218 2808 32 37 a
1306 2787 57 57 la
1429 2779 541 81 Sainte-Chapelle
2015 2800 12 35 :
2096 2796 86 38 ses
2248 2773 289 79 origines,
2601 2768 83 57 les

127 2886 309 79 premières
472 2883 325 61 habitudes
834 2882 72 58 de
939 2882 56 57 la
1027 2881 119 57 vie.
1187 2878 52 59 Il
1274 2900 29 35 a
1342 2896 166 62 passe
1537 2895 60 38 sa
1615 2873 275 80 jeunesse
1927 2868 145 59 dans
2098 2868 54 56 la
2180 2886 138 37 coui
2356 2862 79 57 du
2468 2859 215 70 Palais,

127 2972 258 64 étudiant
420 2976 513 61 successivement
968 2972 55 57 le
1058 2970 164 58 droit
1273 2981 60 45 et
1386 2968 56 58 la
1495 2962 337 81 théologie,
1870 2982 30 36 a
1936 2961 18 56 1
1983 2956 212 61 ombre
2233 2954 71 58 de
2338 2953 18 57 1
2380 2952 187 79 eglise
2604 2971 80 36 ou

131 3065 33 58 il
195 3070 152 57 avait
381 3066 94 61 été
512 3062 258 87 baptisé.
834 3065 53 57 Il
936 3076 87 46 est
1079 3059 73 61 né
1199 3059 146 59 dans
1381 3079 118 38 une
1552 3075 234 38 maison
1836 3052 71 57 de
1951 3051 56 57 la
2043 3066 255 41 sixième
2335 3041 349 70 chanoinie,

131 3158 172 61 située
355 3183 104 36 rue
513 3159 75 60 de
643 3155 260 73 Galilée,
961 3175 119 37 une
1135 3174 107 37 rue
1301 3150 72 58 de
1432 3149 268 58 l'enclos.
1742 3146 179 57 Cette
1987 3137 327 61 chanoinie
2370 3149 102 43 eut
2532 3153 154 59 pour

132 3249 268 75 titulaire,
454 3266 173 44 entre
684 3262 221 56 autres,
958 3247 265 78 Jacques
1288 3240 296 69 Tardieu,
1653 3236 109 83 qui
1815 3236 56 56 la
1930 3233 259 78 resigna,
2244 3241 58 44 et
2358 3225 209 57 devint
2633 3222 53 58 le

234 3429 10 26 1
277 3428 54 41 N°
355 3443 94 39 555.
590 3426 133 53 juillet
752 3429 104 46 1642
882 3423 275 55 —Baptême
1195 3422 49 39 de
1282 3419 169 49 Claude,
1491 3417 61 39 fils
1587 3417 49 39 de
1673 3417 182 37 Laurent
1889 3412 49 39 de
1978 3409 199 46 Poncher,
2213 3405 106 40 sieur
2350 3404 48 38 de
2432 3398 260 49 Bretouville,

133 3486 180 52 capitaine
349 3490 48 38 de
433 3487 195 41 cavalerie
661 3497 38 28 et
722 3487 49 37 de
794 3488 154 49 Jeanne
971 3482 180 39 Vialard.

280 3548 162 39 Parrain
469 3565 9 22 :
502 3545 156 41 Claude
679 3542 181 49 Vialard,
884 3542 103 40 abbé
1009 3530 249 65 d'Épernay,
1283 3536 203 41 chanoine
1508 3544 38 30 et
1569 3532 250 41 archidiacre
1841 3530 49 38 de
1913 3527 150 40 Reims.

280 3606 211 38 Marraine
513 3624 9 20 :
557 3603 138 40 Marie
728 3605 57 37 Le
818 3601 158 47 Grand,
999 3598 149 40 femme
1173 3596 260 39 d'Abraham
1456 3595 48 38 de
1528 3591 202 47 Poncher,
1754 3587 209 41 secrétaire
1985 3595 37 29 et
2045 3582 217 53 interprète
2286 3579 204 38 ordinaire
2511 3579 55 36 du
2590 3589 72 26 roi.

242 3667 12 22 2
284 3665 133 38 Tome
440 3666 75 45 IX,
540 3661 76 41 col.
644 3668 95 42 287.

282 3721 35 40 Il
338 3721 34 41 le
396 3723 201 54 possédait
618 3736 49 24 en
691 3720 143 54 depuis
863 3722 123 47 1639.
