2309 4287
180 345 95 49 584

774 348 332 50 BRUNO'S
1210 349 345 49 WEEKLY

181 480 203 59 shapes
421 482 160 48 made
619 482 167 48 home
824 483 386 50 manufacture
1249 484 60 49 of
1346 484 217 50 clothes
1600 486 165 48 much
1804 484 192 50 easier.
2068 484 87 49 To

182 544 169 60 drape
389 544 92 49 the
519 545 204 50 human
763 546 192 59 figure,
993 548 188 48 rather
1219 548 133 48 than
1391 557 58 39 to
1487 548 153 48 force
1680 548 40 48 it
1757 548 120 49 into
1913 566 31 30 a
1983 548 170 59 shape

180 624 115 32 was
330 624 30 32 a
396 616 160 51 great
591 616 122 52 step
750 609 245 49 forward
1032 628 72 32 on
1143 611 91 49 the
1272 611 136 49 road
1445 619 58 41 to
1540 611 278 59 complete
1858 610 294 51 liberation

182 670 148 48 from
361 680 86 39 set
480 672 297 50 traditions
812 675 108 47 and
953 691 60 31 as
1047 675 399 59 law-accepted
1480 675 386 49 conventions.

251 734 187 49 Never
482 734 52 49 in
580 736 93 48 the
718 737 219 60 history
980 737 60 50 of
1084 738 253 49 fashions
1383 738 162 49 could
1591 755 105 32 one
1742 755 91 32 see
1878 755 63 33 so
1986 756 167 42 many

181 795 447 63 fundamentally
665 799 323 61 differently
1024 800 121 49 clad
1182 817 218 33 women
1438 818 73 32 on
1549 802 93 48 the
1681 818 152 32 same
1872 809 189 51 street,
2099 813 56 38 at

181 860 93 48 the
304 877 153 33 same
487 861 149 50 time.
698 864 127 57 Just
854 864 126 48 take
1010 882 30 32 a
1069 864 146 50 walk
1243 882 71 32 on
1348 864 150 50 Fifth
1530 865 231 49 Avenue
1793 865 53 49 in
1878 867 93 48 the
2002 882 150 33 noon

180 924 156 49 hour.
415 925 399 61 Saleswomen,
858 929 307 58 shop-girls
1209 930 108 47 and
1360 929 157 49 office
1563 930 338 60 employees,
1945 929 210 59 mingle

179 986 134 49 with
348 987 275 61 shoppers
656 990 108 48 and
797 991 135 48 with
967 991 167 48 idlers
1168 1000 98 41 out
1300 1001 57 40 to
1393 994 125 47 take
1553 1010 29 31 a
1618 992 208 52 stroll.v
1861 994 51 47 A
1946 994 180 48 kaleid-

180 1066 207 44 oscope
419 1052 59 48 of
510 1053 640 51 twentieth-centurised
1183 1056 254 49 fashions
1470 1056 60 49 of
1562 1057 102 48 five
1699 1065 126 52 past
1858 1057 294 50 centuries.

179 1113 50 48 A
261 1113 127 60 lady
420 1114 133 50 with
586 1133 29 31 a
648 1117 135 58 long
815 1118 161 48 frock
1005 1118 107 48 and
1145 1136 31 32 a
1207 1119 159 49 short
1398 1119 456 61 jacket—hardly
1888 1121 267 58 reaching

177 1178 99 47 her
314 1179 293 49 waistline.
682 1181 119 49 The
840 1181 187 59 jacket
1065 1183 199 57 velvet,
1305 1184 93 48 the
1440 1185 127 47 hem
1607 1184 60 48 of
1706 1185 93 49 the
1840 1184 162 50 frock
2040 1185 87 49 vel-

177 1249 116 51 vet;
334 1241 40 50 it
412 1244 247 48 reminds
699 1261 106 32 one
845 1245 60 48 of
943 1246 93 49 the
1075 1246 355 60 picturesque
1470 1248 164 48 attire
1673 1249 61 48 of
1772 1249 93 48 the
1908 1249 244 49 German

179 1305 268 58 burgfrau
481 1306 60 48 of
571 1307 93 48 the
698 1308 282 49 sixteenth
1016 1317 247 52 century.
1334 1311 170 60 Early
1539 1312 225 59 empire,
1799 1312 109 49 late
1944 1312 208 60 empire

177 1368 108 47 and
331 1367 302 51 individual
680 1371 271 49 mixtures
996 1372 61 50 of
1101 1373 152 50 both.
1332 1375 119 48 The
1497 1391 192 33 severe
1733 1376 108 48 and
1887 1376 265 58 dignified

180 1430 236 59 English
453 1433 354 49 tailor-made
842 1437 107 47 and
986 1437 92 48 the
1115 1438 231 60 flippant
1380 1439 254 49 mockish
1670 1439 295 61 two-piece
2001 1457 114 33 com-

176 1493 252 50 bination
463 1496 121 47 that
617 1496 217 50 flutters
868 1498 217 61 loosely
1118 1502 108 47 and
1259 1500 176 60 softly
1466 1503 215 48 around
1715 1504 295 48 shoulders
2043 1504 108 48 and

177 1556 164 50 limbs
375 1559 108 48 and
518 1560 218 48 doesn't
770 1561 237 59 impress
1042 1579 62 32 us
1139 1571 56 41 at
1229 1564 72 48 all
1334 1582 60 31 as
1430 1566 200 57 sewed,
1664 1566 100 49 bur
1794 1574 117 51 just
1945 1568 206 58 pinned

177 1621 277 58 together,
495 1625 107 47 and
643 1625 116 47 half
798 1626 60 48 of
897 1626 92 48 the
1029 1627 125 59 pins
1195 1627 170 50 fallen
1407 1637 111 41 out.
1597 1631 155 48 Even
1794 1631 94 48 the
1930 1632 190 60 depart-

175 1693 156 40 ment
368 1693 151 42 store
555 1695 255 50 patterns
847 1688 139 50 have
1022 1707 30 32 a
1089 1691 192 48 charm
1318 1692 59 48 of
1413 1693 187 50 colors
1638 1695 180 49 which
1858 1696 190 48 makes
2086 1712 65 33 us

176 1747 187 58 forget
400 1749 91 48 the
530 1750 295 60 similarity
863 1752 60 48 of
960 1753 91 48 the
1090 1769 168 45 many
1296 1754 285 51 hundreds
1619 1766 85 40 set
1742 1757 156 49 loose
1936 1776 74 32 on
2047 1775 104 33 our

177 1818 219 42 streets.

242 1875 127 47 And
407 1891 167 44 every
610 1894 139 32 once
788 1877 52 49 in
878 1895 30 32 a
943 1880 164 48 while
1144 1898 81 32 we
1264 1898 91 33 see
1394 1900 29 31 a
1460 1884 243 58 striking
1738 1894 253 41 creature
2029 1886 53 49 in
2119 1904 32 32 a

175 1938 143 58 style
353 1940 58 47 of
444 1940 98 48 her
575 1957 124 32 own
703 1942 313 61 —striking
1047 1945 52 47 in
1137 1946 92 48 the
1264 1946 115 48 real
1413 1964 163 32 sense
1611 1949 59 48 of
1704 1950 93 48 the
1832 1951 179 57 word;
2048 1968 103 33 our

175 2017 146 42 eyes.
396 2003 105 48 We
541 2021 92 32 are
673 2013 100 41 not
812 2006 140 49 flirts
993 2008 97 49 but
1129 2026 82 32 we
1252 2018 207 41 cannot
1498 2012 128 60 help
1667 2021 58 41 to
1766 2021 127 41 turn
1935 2016 216 48 around

174 2065 106 47 and
316 2073 57 41 to
408 2065 147 51 look.
627 2069 258 48 Brilliant
918 2070 147 49 vivid
1102 2072 185 49 colors
1323 2091 93 32 are
1452 2074 209 60 always
1698 2077 254 60 striking.
2021 2079 129 49 And

174 2144 101 32 our
301 2128 135 58 girls
466 2130 130 50 here
626 2131 53 49 in
711 2133 139 49 New
880 2134 157 48 York
1065 2152 152 32 seem
1247 2144 57 42 to
1333 2138 138 49 have
1502 2139 202 50 waited
1734 2140 88 50 for
1852 2142 110 49 this
1992 2144 158 48 word

176 2190 60 48 of
280 2191 295 51 liberation
621 2195 121 48 that
786 2197 233 58 permits
1068 2199 151 48 them
1266 2208 58 40 to
1370 2201 194 50 follow
1611 2203 144 48 their
1799 2222 126 31 own
1973 2213 177 42 tastes

172 2255 108 48 and
309 2264 58 40 to
398 2274 146 31 wear
574 2258 284 50 whatever
889 2262 160 49 make
1082 2264 181 48 sthem
1294 2266 318 58 attractive;
1647 2269 191 48 makes
1870 2270 153 48 them
2054 2271 94 48 the

174 2326 156 40 actor
365 2319 165 60 using
563 2322 93 48 the
692 2323 177 48 entire
904 2326 178 48 world
1117 2344 60 31 as
1212 2345 31 30 a
1278 2328 380 61 background.

243 2380 79 50 Of
369 2399 213 42 course,
632 2385 93 49 the
778 2387 250 49 Parisian
1079 2389 44 49 is
1173 2391 136 58 chic,
1358 2393 98 48 she
1506 2403 150 40 must
1704 2396 65 48 be
1772 2397 168 48 —she
1990 2398 44 48 is
2085 2415 63 33 so

172 2446 377 60 proverbially
589 2448 87 49 for
715 2450 92 48 the
848 2450 107 50 last
995 2451 126 50 four
1160 2454 253 50 hundred
1452 2473 178 42 years.
1705 2460 121 49 The
1865 2460 285 51 Viennese

175 2507 104 59 girl
323 2509 44 48 is
576 2511 172 50 liebes
1076 2534 30 31 a
1150 2518 146 49 dear.
1376 2519 108 49 She
1530 2523 99 47 has
1673 2523 237 59 dimples
1954 2525 53 48 in
2052 2526 99 49 her

176 2571 220 61 cheeks,
436 2573 196 51 knows
674 2577 127 48 how
842 2586 57 41 to
939 2580 165 48 waltz
1146 2582 107 47 and
1295 2584 127 48 how
1463 2592 57 41 to
1562 2603 147 31 wear
1748 2605 31 31 a
1818 2599 332 48 permanent

174 2636 174 49 smile.
416 2638 126 48 And
577 2639 60 49 of
670 2657 215 43 course,
919 2643 72 49 all
1027 2645 102 49 the
1155 2647 164 48 other
1352 2648 137 59 girls
1525 2650 61 48 of
1619 2651 73 48 all
1727 2652 162 50 other
1924 2655 227 49 nations

174 2699 139 48 have
358 2700 143 49 their
544 2718 126 33 own
716 2705 245 58 peculiar
1007 2708 221 50 charms
1273 2709 88 50 for
1405 2712 181 49 which
1633 2714 132 60 they
1809 2732 93 33 are
1946 2718 171 50 world-

175 2761 236 51 famous.
485 2765 125 48 And
655 2766 131 50 then
828 2770 156 49 there
1026 2772 44 48 is
1112 2789 102 32 our
1254 2791 126 33 own
1422 2777 264 49 Western
1729 2779 106 59 girl
1875 2780 134 50 with
2051 2783 100 48 her

172 2830 362 53 pronounced
574 2830 325 52 inclination
939 2843 57 40 to
1035 2836 64 49 be
1137 2838 230 49 athletic
1404 2841 107 47 and
1550 2849 60 41 to
1648 2859 160 43 carry
1846 2844 211 51 herself
2094 2846 53 49 in

171 2905 263 34 manners
469 2893 107 47 and
612 2904 252 40 costume
900 2900 378 59 accordingly.
1350 2904 127 48 And
1515 2905 156 49 there
1708 2907 43 47 is
1789 2909 91 48 the
1917 2909 233 61 piquant

177 2952 336 61 Chicagoan.

241 3018 109 48 But
381 3037 111 41 you
523 3020 115 59 just
670 3023 123 58 give
829 3041 85 33 me
951 3027 91 49 the
1079 3028 140 50 New
1253 3032 159 47 York
1444 3033 129 57 girl!
1644 3036 144 49 Bred
1823 3038 108 48 and
1965 3039 183 50 raised

175 3083 346 48 somewhere
565 3084 53 48 in
661 3086 92 49 the
797 3088 222 59 zig-zag
1061 3092 60 47 of
1160 3109 243 35 avenues
1446 3098 108 47 and
1596 3106 206 43 streets
1845 3104 272 49 surround-

172 3159 97 43 ing
304 3145 93 49 the
435 3147 249 59 Avenue,
722 3150 132 50 with
896 3153 97 48 her
1032 3155 164 57 quick
1233 3158 447 64 understanding
1717 3164 59 48 of
1816 3168 335 59 everything

172 3207 121 48 that
323 3208 44 49 is
398 3210 297 61 becoming
726 3224 57 38 to
815 3215 113 59 her,
957 3217 132 49 with
1122 3219 97 49 her
1249 3221 195 61 ability
1474 3231 58 41 to
1563 3226 344 52 acclimatize
1940 3231 211 50 herself

174 3278 58 41 to
283 3272 72 48 all
407 3274 241 50 stations
699 3278 108 49 and
861 3281 318 51 conditions
1231 3285 60 48 of
1342 3286 93 49 life
1487 3288 150 58 ,with
1689 3291 99 48 her
1838 3293 343 53 kindliness'

174 3337 246 48 towards
467 3354 278 45 everyone
789 3343 133 48 with
969 3346 186 49 whom
1201 3349 96 49 she
1344 3351 44 48 is
1433 3353 247 61 brought
1724 3356 52 48 in
1823 3367 226 42 contact
2092 3362 54 48 in

172 3400 281 61 everyday
496 3401 111 61 life,
651 3405 132 49 with
830 3407 99 49 her
971 3410 380 52 unsilencable
1394 3417 110 57 wit,
1549 3419 108 48 and
1700 3420 133 50 with
1879 3423 99 48 her
2023 3424 124 51 love

171 3462 88 49 for
292 3464 226 58 rhythm
552 3469 108 47 and
695 3469 88 49 for
816 3471 172 50 color.
1056 3474 108 49 She
1198 3478 186 58 surely
1419 3479 44 49 is
1498 3481 93 49 the
1625 3499 178 43 queen
1837 3487 61 48 of
1930 3487 86 49 all.

241 3526 51 47 If
334 3528 97 49 she
473 3530 99 48 has
615 3547 221 45 money,
880 3536 96 48 she
1018 3537 196 51 knows
1256 3541 124 48 well
1422 3544 128 49 how
1592 3554 60 42 to
1694 3549 141 59 shop
1877 3565 72 35 on
1993 3553 153 49 Fifth

170 3606 212 33 avenue
389 3633 7 7 -
467 3593 127 48 And
632 3594 42 49 if
708 3597 98 48 she
844 3598 182 51 hasn't
1063 3611 100 48 got
1198 3603 219 51 it—and
1455 3608 166 50 that's
1661 3612 92 49 the
1791 3624 161 48 great
1988 3617 159 59 point

171 3668 52 32 in
266 3658 92 44 the
401 3658 93 47 life
535 3658 59 48 of
633 3662 493 59 everybody—she
1169 3667 196 51 knows
1407 3671 127 49 how
1574 3681 60 40 to
1673 3683 98 50 put
1813 3677 211 51 herself
2063 3690 57 40 to-

168 3718 199 57 gether
400 3737 62 30 so
496 3721 119 50 that
648 3724 97 48 she
781 3725 209 50 herself
1022 3729 98 48 has
1151 3748 28 31 a
1212 3732 256 58 pleasure
1502 3735 53 49 in
1588 3738 99 50 her
1719 3741 286 52 existence
2038 3748 108 47 and

170 3784 211 45 affords
416 3799 62 33 us
514 3801 30 31 a
577 3786 257 59 pleasure
868 3790 164 50 while
1068 3810 81 32 we
1186 3794 132 51 look
1352 3805 56 41 at
1444 3799 111 48 her.

430 3848 109 49 and
572 3859 115 39 rats
720 3855 106 46 and
861 3854 139 50 false
1033 3856 118 50 hair
1182 3875 94 33 are
1310 3862 187 60 surely
1529 3881 29 32 a
1592 3865 161 61 thing
1785 3869 61 49 of
1878 3871 93 50 the
2004 3883 141 49 past,

180 3915 108 41 lhe
322 3915 118 43 hair
475 3928 44 32 is
555 3915 110 47 tied
701 3917 282 60 modestly
1018 3918 52 50 in
1104 3939 30 30 a
1168 3923 165 50 sober
1367 3926 137 49 knot
1539 3930 108 48 and
1682 3931 132 50 then
1851 3932 40 49 it
1925 3951 185 36 remon-

168 3978 242 53 strating
445 3977 146 48 curls
629 3977 162 51 insist
825 3997 70 33 on
934 3983 167 60 being
1137 3984 417 55 forelocks—of
1587 4010 215 40 course,
1838 3998 122 50 that
1996 4000 44 48 is
2076 4019 69 33 an
