2730 4064
721 448 80 42 DE
834 448 77 42 LA
942 444 284 51 MUSIQUE
1259 443 78 42 EN
1374 440 210 44 ITALIE

1933 456 83 44 229

288 598 43 41 la
352 594 206 57 première
580 607 42 27 se
643 606 197 43 compose
860 593 253 52 d'ouvrages
1134 591 52 41 de
1204 590 240 42 littérature
1464 585 221 54 musicale,
1700 592 40 34 et
1760 586 40 40 la
1816 586 195 49 seconde,

292 668 52 40 de
365 666 244 56 partitions.

346 740 61 41 La
430 740 131 54 partie
581 739 39 40 la
643 737 96 55 plus
767 736 291 42 considérable
1093 736 197 54 provient
1317 734 71 41 des
1423 733 244 41 collections
1696 732 52 40 de
1784 731 40 40 la
1859 729 163 42 famille

291 812 337 42 Grand-Ducale
666 811 51 40 de
758 811 209 50 Toscane,
1012 809 394 54 particulièrement
1441 807 52 40 de
1523 806 101 41 celle
1665 806 59 40 du
1755 804 83 41 duc
1872 802 126 42 Ferdi-

290 887 118 39 nand
434 885 83 51 111,
544 884 75 54 qui
641 884 66 42 fut
730 897 61 27 un
812 890 195 34 amateur
1026 882 165 40 éclairé.
1216 880 59 42 Ce
1298 887 97 34 sont
1417 880 70 40 des
1515 877 310 56 compositions
1844 877 174 53 sacrées,

287 957 226 42 théâtrales
534 966 40 31 et
598 955 355 56 symphoniques.

343 1031 60 40 La
424 1030 293 53 bibliothèque
738 1036 62 33 est
822 1028 130 53 riche,
978 1034 169 36 surtout
1185 1040 52 28 en
1259 1039 168 27 œuvres
1449 1025 49 40 de
1518 1023 143 42 l'école
1683 1023 252 41 allemande.

343 1105 80 39 Les
457 1103 131 40 livres
622 1110 41 33 et
694 1101 58 42 les
786 1101 225 56 partitions
1044 1101 50 41 de
1121 1100 241 41 l'ancienne
1397 1096 231 42 Académie
1654 1098 72 39 des
1749 1096 273 40 Beaux-Arts

291 1185 97 32 sont
409 1189 137 27 venus
568 1189 42 27 se
627 1175 165 54 joindre
811 1178 22 37 à
858 1188 108 27 ceux
981 1174 51 40 de
1053 1173 208 41 Ylstituto
1279 1191 12 30 ;
1315 1170 134 53 enfin,
1470 1168 249 42 l'ensemble
1739 1169 51 39 de
1805 1168 39 40 la
1860 1167 136 40 biblio-

286 1249 158 53 thèque
467 1249 96 40 s'est
585 1249 151 40 trouvé
762 1261 152 27 encore
943 1260 125 27 accru
1101 1259 76 41 par
1209 1245 73 39 des
1315 1242 247 41 collections
1597 1242 165 53 privées
1782 1249 241 45 provenant

287 1322 51 40 de
359 1321 184 40 diverses
566 1320 196 40 familles.

344 1393 233 41 Vlstituto
600 1392 172 54 possède
793 1390 210 54 quelques
1025 1389 288 41 instruments
1347 1399 131 40 rares,
1511 1385 217 53 fabriqués
1759 1397 73 41 par
1862 1383 72 40 des
1954 1383 46 40 lu-

290 1465 130 41 thiers
441 1465 198 52 célèbres,
665 1464 76 41 tels
762 1477 83 41 que
865 1462 224 46 Gabrielli,
1122 1460 235 54 Ruggiero,
1380 1458 166 54 Amati,
1565 1456 304 42 Stradivarius.

344 1538 47 40 Je
414 1552 68 26 me
503 1539 170 39 résume
704 1550 53 26 en
794 1536 112 40 deux
941 1541 112 35 mots
1076 1550 8 25 :
1120 1525 387 49 L'Établissement
1526 1529 118 54 royal
1665 1529 52 40 de
1738 1528 204 40 Florence
1962 1536 62 33 est

292 1625 86 28 une
399 1611 71 40 des
492 1611 164 40 bonnes
687 1609 212 42 créations
934 1608 72 40 des
1040 1615 138 46 temps
1210 1606 236 40 modernes.
1475 1602 35 42 Il
1531 1609 62 33 est
1613 1601 164 41 destiné
1797 1604 24 37 à
1841 1613 182 40 occuper

293 1698 86 26 une
397 1684 118 54 place
538 1682 201 41 brillante
759 1681 106 40 dans
894 1680 204 41 l'histoire
1127 1679 52 40 de
1215 1679 114 40 l'art.
1368 1677 87 40 Son
1488 1681 151 34 savant
1670 1673 211 56 président
1902 1679 40 33 et
1964 1672 58 39 les

284 1755 268 53 intelligents
571 1754 329 40 collaborateurs
936 1752 108 54 qu'il
1077 1765 23 27 a
1136 1751 179 53 groupés
1347 1756 158 33 autour
1539 1747 51 40 de
1618 1745 80 53 lui,
1720 1751 96 34 tant
1835 1748 23 36 à
1880 1743 118 40 l'Aca-

290 1828 141 40 démie
463 1827 133 54 qu'au
627 1825 347 52 Conservatoire,
1008 1830 77 34 ont
1115 1823 135 40 réussi
1283 1827 24 35 à
1341 1821 119 41 doter
1493 1820 40 40 la
1564 1818 101 41 ville
1694 1818 106 39 d'un
1830 1816 70 40 des
1921 1816 99 54 plus

292 1902 138 39 beaux
447 1899 159 55 joyaux
626 1899 50 40 de
699 1912 45 27 sa
765 1910 218 28 couronne
1003 1895 239 54 artistique.

344 2048 61 39 La
418 2046 201 54 musique
635 2045 87 41 dite
739 2044 51 40 de
804 2043 200 41 chambre
1020 2049 60 34 est
1094 2054 51 28 en
1159 2039 199 41 honneur
1373 2040 23 37 à
1416 2037 216 40 Florence.
1649 2034 91 51 Qui
1757 2047 52 28 ne
1823 2036 193 49 connaît,

285 2121 50 40 de
357 2133 104 27 nom
478 2133 56 27 au
567 2118 155 46 moins,
750 2117 38 40 le
812 2116 162 40 célèbre
995 2113 130 42 cercle
1146 2112 204 41 florentin
1374 2109 180 42 Società
1576 2109 73 40 del
1672 2108 235 49 Quartetto
1924 2107 24 39 ?

339 2192 120 42 Voici
478 2191 112 40 deux
612 2199 110 31 mots
745 2202 74 27 sur
840 2201 78 27 son
941 2186 164 54 origine
1129 2200 10 26 :

341 2265 68 39 En
438 2264 127 53 1859,
590 2263 37 40 le
648 2262 175 40 docteur
844 2260 252 40 Abrahamo
1120 2256 152 41 Basevi
1295 2253 240 56 suspendit,
1552 2255 22 38 à
1590 2264 124 29 cause
1729 2251 50 40 de
1794 2251 39 40 la
1850 2263 165 41 guerre,

285 2338 39 40 la
364 2335 271 56 publication
671 2334 51 39 de
758 2347 78 26 son
869 2331 172 54 journal
1077 2328 263 42 VArmonia.
1380 2326 36 40 Il
1444 2332 94 34 crut
1571 2325 111 39 alors
1715 2324 85 40 être
1834 2323 104 40 utile
1976 2332 41 30 et

293 2408 194 54 agréable
508 2421 84 26 aux
612 2413 220 33 amateurs
860 2404 51 40 de
945 2404 141 39 bonne
1119 2400 203 53 musique
1355 2411 76 41 par
1467 2397 38 40 la
1537 2396 187 41 création
1747 2396 130 39 d'une
1900 2404 119 30 autre

290 2493 161 29 œuvre.
480 2479 34 40 Il
536 2477 196 55 organisa
757 2478 71 39 des
851 2474 247 42 exécutions
1115 2474 51 39 de
1188 2479 208 47 quatuors
1409 2470 52 39 de
1478 2469 260 40 Beethoven.
1751 2467 81 40 Ces
1848 2467 168 38 séances

287 2554 147 42 furent
474 2552 221 41 nommées
728 2550 174 40 d'abord
935 2547 244 42 Mattinate
1217 2543 307 42 Beethoviane.
1569 2541 112 40 Elles
1720 2548 150 32 eurent
1910 2552 108 40 pour

288 2626 258 55 principaux
581 2624 253 53 interprètes
866 2622 59 39 les
966 2619 259 55 professeurs
1265 2614 302 53 Giovacchini,
1609 2613 157 51 Bruni,
1793 2611 155 41 Laschi
1978 2618 42 34 et

287 2698 162 42 Sbolci.
477 2698 57 39 Le
559 2697 142 40 succès
724 2695 65 40 fut
810 2694 55 40 tel
899 2706 100 41 que,
1031 2691 39 40 la
1107 2691 141 40 même
1283 2690 152 47 année,
1460 2702 57 25 on
1539 2686 159 40 résolut
1718 2685 50 40 de
1789 2684 147 41 fonder
1957 2697 63 26 un

289 2772 133 40 cercle
443 2769 156 55 spécial
619 2769 49 39 de
689 2768 203 52 musique
915 2764 230 54 classique,
1174 2775 100 27 sous
1305 2761 36 40 le
1376 2761 98 40 titre
1492 2759 49 40 de
1563 2758 182 41 Società
1774 2757 72 41 del
1871 2756 120 49 Quar-

287 2850 121 34 tetto.
436 2844 63 38 De
527 2842 100 39 1861
656 2840 169 54 jusqu'à
849 2851 77 27 nos
946 2838 133 53 jours,
1115 2836 39 40 la
1184 2834 164 41 Société
1370 2832 200 55 organisa
1593 2844 84 27 une
1695 2830 114 40 foule
1830 2830 51 39 de
1902 2829 118 51 fêtes,

286 2928 265 40 encouragea
586 2914 58 39 les
678 2911 312 54 compositeurs
1023 2922 74 41 par
1131 2908 71 39 des
1235 2919 221 39 concours,
1498 2904 176 40 stimula
1695 2902 58 40 les
1775 2902 247 40 exécutants

285 3002 78 41 par
383 2988 73 39 des
479 2984 279 56 impressions
778 2983 189 39 vendues
987 2985 22 36 à
1033 2982 85 38 bon
1140 2978 172 40 marché
1347 2985 40 32 et
1420 2990 75 41 par
1518 2977 39 38 la
1581 2974 224 41 fondation
1826 2973 58 38 du
1905 2971 93 54 jour-

286 3062 72 38 nal
395 3060 40 39 le
468 3057 268 42 Bocclierini
743 3088 9 21 ,
786 3067 168 28 œuvres
987 3055 107 38 dans
1124 3050 222 48 lesquelles
1379 3048 61 41 M.
1477 3047 194 41 l'éditeur
1712 3044 133 41 Guidi
1881 3057 23 26 a
1936 3057 87 26 une

286 3132 112 53 large
421 3138 108 46 part.
559 3130 109 40 Rien
687 3130 255 38 d'étonnant
963 3127 51 50 si,
1035 3138 51 27 en
1110 3137 83 41 peu
1216 3123 50 39 de
1286 3130 155 45 temps,
1470 3119 37 41 le
1535 3119 145 42 Cercle
1703 3118 59 40 du
1790 3116 232 50 Quartetto

287 3205 137 40 arriva
448 3208 21 34 à
490 3203 38 38 la
550 3201 214 40 célébrité.

343 3277 71 39 On
433 3276 93 38 créa
548 3274 71 39 des
644 3273 215 39 Membres
881 3276 263 50 protecteurs
1175 3277 39 30 et
1235 3267 72 40 des
1339 3265 216 41 Membres
1589 3262 191 52 effectifs,
1816 3269 40 32 et
1887 3274 56 27 on
1975 3260 49 42 fit

289 3348 123 55 appel
438 3361 84 26 aux
545 3346 285 41 illustrations
849 3344 251 52 étrangères,
1133 3339 138 56 parmi
1307 3337 221 54 lesquelles
1550 3336 35 53 je
1606 3334 146 41 citerai
1777 3334 246 53 Meyerbeer

291 3431 39 32 et
356 3430 121 32 notre
499 3418 224 41 vénérable
746 3417 209 41 directeur
976 3415 50 40 de
1051 3411 235 52 Bruxelles,
1307 3413 68 38 teu
1397 3410 63 40 M.
1486 3409 114 40 Fétis
1621 3410 112 52 père.
