2730 4064
742 472 77 41 DE
856 473 74 40 LA
963 474 284 49 MUSIQUE
1280 473 80 41 EN
1397 473 210 41 ITALIE

1952 479 84 43 225

1063 755 226 30 BOLOGNE

374 917 57 39 Le
454 917 328 42 Conservatoire
805 921 14 50 (
826 921 129 40 Liceo
977 921 208 42 musicale
1188 924 12 52 )
1224 938 22 25 a
1269 925 95 39 subi
1395 938 83 27 une
1510 928 157 52 grande
1689 930 351 41 transformation

316 1002 51 26 en
396 990 124 52 1804.
549 990 33 40 Il
604 990 96 40 s'est
734 992 146 53 appelé
913 994 131 40 Liceo
1079 995 307 43 Filarmonico
1425 999 151 53 depuis
1616 1001 123 52 iBos,
1772 1002 96 53 puis
1908 1004 132 40 Liceo

317 1062 177 38 Rossini
500 1094 8 19 ,
532 1062 115 40 enfin
669 1064 132 41 Liceo
823 1064 254 43 Comunale.
1106 1068 172 40 Rossini
1294 1083 27 39 y
1336 1069 48 41 fit
1405 1084 62 26 ses
1485 1072 146 40 études
1652 1086 98 27 sous
1766 1073 37 40 le
1823 1075 47 40 P.
1891 1075 151 42 Mattei

316 1142 39 31 et
378 1133 96 53 plus
496 1135 92 39 tard
614 1136 64 51 (de
706 1137 108 53 1839
839 1142 22 36 à
888 1139 143 53 1848),
1051 1140 29 39 il
1103 1154 50 26 en
1174 1144 63 37 tut
1256 1142 38 39 le
1318 1142 223 42 Directeur
1559 1145 225 41 honoraire
1804 1147 76 52 (1).

374 1205 60 39 Le
455 1206 114 52 lycée
588 1221 40 25 se
647 1216 149 32 trouve
824 1210 301 41 actuellement
1145 1225 98 26 sous
1264 1213 35 38 le
1322 1214 158 51 régime
1503 1215 57 40 du
1583 1218 234 51 règlement
1844 1221 168 50 promul-

317 1278 85 50 gué
438 1292 74 39 par
546 1279 378 42 l'administration
958 1282 258 54 municipale
1252 1298 51 26 en
1346 1286 124 40 1860.
1510 1288 34 38 Il
1580 1302 52 26 ne
1666 1291 213 38 constitue
1912 1305 87 39 pas,
2019 1296 25 36 à

318 1361 272 41 proprement
610 1352 105 50 dire,
740 1366 59 26 un
822 1352 324 43 Conservatoire
1166 1356 134 53 royal,
1325 1357 99 40 d'où
1445 1359 155 41 résulte
1623 1372 82 41 que
1727 1375 76 26 son
1825 1363 194 52 organisa-

318 1420 92 41 tion
433 1422 66 40 n'a
520 1437 74 39 pas
615 1425 58 38 dû
695 1425 86 40 être
802 1428 240 52 approuvée
1064 1441 76 40 par
1160 1429 149 41 l'Etat.

375 1493 58 40 Le
454 1494 326 43 Conservatoire
806 1498 100 40 tend
941 1504 23 35 à
994 1500 184 52 réaliser,
1215 1510 152 33 autant
1403 1517 82 40 que
1525 1505 198 53 possible,
1746 1507 153 40 l'unité
1932 1516 40 32 et
2004 1509 40 39 la

316 1567 365 51 systématisation
716 1570 105 39 dans
847 1571 57 39 les
936 1571 233 43 méthodes.
1205 1573 199 42 Celles-ci
1444 1585 98 31 sont
1578 1578 197 52 adoptées
1805 1580 118 52 après
1958 1592 87 27 une

318 1636 242 43 discussion
596 1642 276 52 approfondie
899 1656 56 27 au
991 1644 89 40 sein
1119 1645 49 39 de
1198 1646 39 40 la
1261 1646 184 41 réunion
1468 1648 280 54 académique
1779 1650 70 40 des
1883 1651 138 53 profes-

320 1723 130 27 seurs.
496 1712 57 39 Le
589 1716 152 37 maître
777 1714 51 40 de
861 1715 40 39 la
933 1716 130 40 classe
1093 1716 231 42 intérieure
1354 1730 62 29 est
1448 1721 331 52 complètement
1809 1723 191 53 assujetti
2022 1728 24 35 à

315 1782 111 41 celui
457 1783 51 40 de
528 1785 39 39 la
589 1784 130 41 classe
746 1787 261 53 supérieure.
1033 1788 62 41 De
1119 1790 152 50 même,
1294 1791 37 39 le
1352 1792 251 42 Maestrino
1630 1793 110 54 (chef
1755 1794 50 40 de
1837 1795 67 40 file
1939 1796 106 40 dans

317 1868 85 27 une
424 1856 145 53 classe)
595 1864 61 33 est
677 1859 276 40 subordonné
974 1864 23 36 à
1019 1874 77 26 son
1117 1863 238 52 professeur
1376 1872 42 31 et
1443 1865 83 52 n'a,
1559 1879 74 26 sur
1660 1879 61 26 ses
1744 1867 298 54 condisciples,

316 1940 84 41 que
422 1928 218 41 l'autorité
663 1931 134 53 qu'on
817 1931 62 40 lui
901 1931 176 54 délègue
1099 1937 411 40 momentanément.

374 1999 36 40 Il
426 2014 28 39 y
474 2015 23 26 a
518 2000 71 41 des
624 2003 206 40 exercices
861 2003 259 42 d'ensemble
1141 2020 111 40 pour
1282 2006 58 41 les
1376 2008 285 41 instruments
1684 2013 21 36 à
1727 2010 142 40 cordes
1899 2018 40 32 et
1972 2011 71 40 des

318 2072 208 41 exercices
548 2076 22 37 à
591 2074 135 52 grand
750 2075 224 55 orchestre,
998 2082 56 36 où
1076 2079 58 40 les
1170 2079 134 41 élèves
1338 2082 312 53 compositeurs
1687 2091 98 33 sont
1816 2084 169 54 appelés
2022 2089 23 35 à

316 2145 203 54 produire
548 2145 113 41 leurs
683 2147 142 42 essais.

375 2217 58 40 Le
453 2219 180 39 nombre
652 2220 101 39 total
777 2219 72 41 des
871 2221 134 40 élèves
1026 2221 58 41 du
1107 2222 331 44 Conservatoire
1458 2225 51 41 de
1534 2226 191 55 Bologne
1755 2236 61 33 est
1838 2229 180 41 actuelle-

317 2298 121 33 ment
458 2291 222 41 d'environ
703 2293 94 39 iso.
826 2291 54 42 Ils
903 2301 97 33 sont
1019 2303 96 32 tous
1133 2304 205 34 externes.

372 2400 191 53 Bologne
609 2401 174 52 possède
826 2403 115 40 aussi
992 2417 85 26 une
1127 2405 240 41 Académie
1405 2408 382 56 philharmonique
1792 2443 10 21 ,
1843 2412 203 40 véritable

318 2472 153 41 société
508 2482 174 31 savante
716 2473 108 41 dont
862 2474 209 42 l'histoire
1104 2478 237 41 mériterait
1373 2480 51 39 de
1461 2479 101 42 faire
1593 2481 143 55 l'objet
1768 2482 105 41 d'un
1894 2483 153 40 travail

318 2545 170 53 spécial.
528 2544 92 41 Elle
651 2546 97 40 date
780 2546 50 40 de
871 2547 125 52 1666,
1020 2547 117 41 selon
1160 2549 183 42 d'autres
1364 2551 50 41 de
1446 2552 126 53 1668,
1597 2561 42 33 et
1658 2568 24 26 a
1704 2568 110 40 pour
1835 2554 211 55 principal

318 2617 228 41 fondateur
582 2631 62 27 un
685 2619 127 40 noble
852 2619 208 52 bolonais,
1085 2620 217 43 Vincenzo
1325 2624 136 42 Maria
1485 2624 160 43 Carati.

374 2690 94 40 Elle
498 2690 122 54 jouit,
652 2690 277 54 aujourd'hui
965 2705 164 42 encore,
1164 2695 71 40 des
1268 2697 289 53 prérogatives
1592 2699 52 40 de
1680 2700 40 40 la
1760 2702 287 52 personnalité

318 2761 139 41 civile.

376 2834 79 40 Les
496 2835 306 41 académiciens
839 2845 97 34 sont
972 2838 154 42 divisés
1165 2853 52 27 en
1254 2841 113 41 deux
1401 2842 150 41 classes
1587 2859 9 26 :
1631 2845 58 39 les
1723 2846 248 40 Numerari
2008 2855 40 31 et

324 2906 209 41 Onorari.
556 2910 39 37 A
616 2916 106 33 cette
743 2909 187 41 dernière
960 2919 98 32 sont
1092 2913 177 40 associés
1295 2914 58 40 les
1389 2925 170 31 savants
1581 2926 38 30 et
1651 2917 59 39 les
1735 2918 311 52 compositeurs

318 2978 184 41 illustres
524 2979 50 40 de
595 2979 237 54 l'étranger.
859 2981 198 42 L'artiste
1090 2984 75 53 qui
1204 2984 136 42 désire
1370 2987 168 40 obtenir
1564 2988 36 39 le
1622 2990 129 51 grade
1772 2990 50 39 de
1842 2991 204 40 Maestro

318 3052 293 53 compositore
643 3054 254 41 numerario
923 3055 91 41 doit
1046 3056 168 41 fournir
1247 3071 85 26 une
1366 3058 130 54 fugue
1529 3066 23 34 à
1585 3061 99 54 cinq
1708 3062 155 53 parties
1886 3062 158 52 réelles,

358 3211 49 42 (1)
428 3211 99 33 Dans
554 3222 67 23 son
643 3219 206 38 testament,
883 3213 149 33 Rossini
1064 3215 120 42 laisse,
1222 3226 64 32 par
1308 3215 175 42 décision,
1512 3217 19 33 à
1550 3219 34 32 la
1604 3218 85 34 ville
1711 3219 42 31 de
1778 3220 172 44 Bologne,
1974 3232 74 22 une

317 3275 142 24 somme
480 3266 43 32 de
539 3273 80 26 cent
640 3267 118 33 trancs
788 3279 94 32 pour
901 3269 173 43 l'hospice
1096 3270 62 32 des
1179 3280 167 33 pauvres,
1370 3278 34 25 et
1428 3282 72 22 une
1528 3279 115 35 autre,
1668 3273 201 43 également
1899 3276 42 31 de
1967 3283 81 26 cent

318 3320 133 43 francs,
472 3321 19 32 à
509 3320 297 35 rétablissement
821 3323 106 33 Délia
948 3324 94 33 Vita.
1063 3325 25 31 11
1110 3324 95 34 avait
1222 3325 117 42 quitté
1361 3325 160 44 Bologne
1543 3337 40 23 en
1609 3327 102 43 1848,
1734 3328 19 32 à
1768 3339 104 22 cause
1893 3330 61 32 des
1969 3341 60 23 ava-

322 3375 77 32 nies
421 3386 72 32 que
515 3377 51 31 les
587 3376 326 35 révolutionnaires
947 3379 51 32 lui
1020 3391 24 31 y
1064 3380 143 32 avaient
1230 3380 114 40 faites,
1378 3391 104 32 parce
1508 3382 110 43 qu'ils
1639 3382 31 33 le
1691 3383 163 34 savaient
1877 3385 75 33 être
1973 3396 56 32 par-

320 3428 94 34 tisan
436 3431 42 31 de
501 3430 62 33 Pie
578 3431 58 42 IX,
655 3441 44 24 en
721 3432 193 35 l'honneur
934 3433 42 33 de
997 3434 64 42 qui
1085 3434 25 33 il
1130 3434 94 34 avait
1247 3434 88 34 écrit
1362 3446 71 23 une
1452 3437 256 43 composition.

461 3488 78 43 IX.

1836 3503 45 38 15
