2730 4064
1969 1160 53 49 (0

291 1173 182 71 LES
557 1173 526 71 SOUPIRS
1172 1173 335 71 D'UNE
1583 1173 361 71 FLUTE

720 1746 154 26 AUTRES
902 1732 84 39 soir
991 1745 29 37 s,
1045 1746 55 26 on
1133 1732 197 52 donnait,
1367 1746 166 27 comme
1572 1732 110 41 lever
1711 1733 51 39 de
1797 1733 161 51 rideau,
1988 1734 39 39 le

707 1805 243 52 Rossignol
985 1805 50 39 de
1071 1804 184 40 Lebrun.
1296 1805 199 40 Madame
1517 1805 119 41 Cinti
1668 1806 246 53 remplaçait
1935 1819 60 26 ma-

706 1876 246 40 demoiselle
988 1876 186 53 Hymm,
1207 1884 40 33 et
1268 1878 148 39 Tulou
1447 1878 63 39 lui
1545 1877 182 41 donnait
1756 1878 39 40 la
1817 1878 206 54 réplique.

709 1949 117 41 Vous
849 1948 179 41 devinez
1045 1962 167 27 comme
1228 1958 106 33 cette
1353 1951 136 39 année
1515 1965 12 24 1
1541 1951 83 52 829
1647 1963 68 26 me
1732 1949 122 40 laisse
1875 1963 151 26 encore

710 2037 60 26 un
792 2022 133 54 grand
965 2022 204 39 souvenir
1188 2035 7 25 :
1233 2035 45 27 ce
1309 2022 65 40 fut
1407 2036 84 26 une
1510 2023 332 53 représentation
1861 2024 167 51 unique

292 2100 107 40 dans
419 2099 206 40 l'histoire
645 2098 51 39 de
723 2097 110 51 l'art,
861 2100 57 35 où
943 2096 37 39 le
1001 2095 239 40 mélodieux
1260 2095 223 41 Cimarosa
1505 2095 65 41 fut
1592 2096 228 52 interprété
1841 2099 22 36 à
1886 2096 39 39 la
1947 2095 81 40 fois

295 2172 291 55 parMarietta
609 2170 236 49 Malibran,
871 2167 225 41 Henriette
1125 2168 161 53 Sontag
1306 2177 39 31 et
1367 2168 139 40 Laure
1533 2167 408 42 Cinti-Damoreau.

342 2244 49 40 Je
424 2243 271 41 deviendrais
735 2240 246 41 fastidieuse
1008 2254 51 26 en
1105 2241 233 40 nombrant
1372 2241 59 40 les
1471 2241 152 40 soirées
1658 2246 58 35 où
1753 2239 273 42 l'inimitable

289 2317 149 40 Tulou
471 2324 121 47 porta
616 2329 88 26 mes
727 2313 237 54 triomphes
987 2317 22 35 à
1038 2313 91 39 leur
1160 2314 169 52 apogée.
1362 2314 49 39 Je
1432 2313 206 41 traversai
1659 2313 292 53 triomphante
1970 2312 58 40 les

290 2389 180 53 grandes
490 2401 167 27 œuvres
679 2386 53 39 de
755 2385 260 54 Meyerbeer,
1038 2392 40 33 et
1098 2385 59 39 les
1178 2385 155 53 grands
1354 2385 116 53 jours
1492 2385 59 40 du
1574 2385 341 41 Conservatoire.

344 2461 49 39 Je
425 2460 65 39 vis
513 2458 304 41 Mendelssohn
841 2457 114 40 ravir
979 2471 73 39 par
1083 2470 42 26 sa
1146 2457 126 52 jeune
1293 2458 244 39 renommée
1563 2457 37 40 le
1623 2457 146 54 public
1793 2457 148 40 ardent
1979 2455 51 40 de

298 2533 25 51 i
323 2533 104 51 832,
453 2544 99 28 avec
592 2531 39 39 le
664 2531 153 52 Songe
848 2530 128 39 d'une
1006 2530 107 41 Nuit
1136 2530 124 51 d'été,
1285 2543 61 26 ses
1371 2537 226 46 quatuors,
1628 2544 75 26 son
1737 2537 131 33 otetto
1891 2537 38 33 et
1952 2541 77 27 son

295 2605 235 41 admirable
565 2610 199 34 concerto
787 2615 52 26 en
863 2602 75 40 sol.
974 2603 48 38 Je
1058 2615 68 26 me
1157 2603 191 40 trouvais
1371 2616 54 25 au
1458 2602 151 40 milieu
1630 2603 72 40 des
1726 2603 198 40 hommes
1947 2615 83 39 que

293 2680 136 40 voici:
468 2676 249 51 Habeneck,
758 2675 148 41 Bertin
936 2675 51 40 de
1021 2676 138 51 Vaux,
1202 2675 170 51 Baillot,
1418 2676 182 52 Rubini,
1633 2675 133 41 Girod
1807 2676 51 40 de
1894 2675 135 51 l'Ain,

296 2750 285 53 Schlesinger,
605 2749 51 40 de
678 2749 156 53 Tracy,
856 2748 36 39 le
925 2747 165 54 peintre
1111 2747 177 50 Gérard,,
1322 2749 235 40 mesdames
1596 2749 129 51 Mars,
1765 2748 194 40 Persiani
1994 2755 39 32 et

294 2822 219 54 Taglioni,
530 2822 58 40 les
605 2822 203 53 pianistes
834 2821 192 39 Hilleret
1045 2820 310 51 Kalkbrenner,
1378 2822 36 39 le
1435 2821 362 41 Saint-simonien
1821 2820 211 40 Enfantin

296 2904 40 32 et
365 2896 38 39 le
436 2895 122 54 poète
581 2894 53 41 V.
672 2893 149 53 Hugo,
861 2893 228 54 Paganini,
1131 2894 195 51 Nourrit,
1357 2894 240 52 Delacroix,
1635 2893 212 40 Lablache
1870 2901 40 32 et
1940 2900 92 32 tant

296 2970 186 39 d'autres
511 2980 84 41 que
616 2966 241 54 j'oublie....
891 2967 99 39 Une
1024 2967 289 40 circonstance
1334 2967 269 54 particulière
1626 2967 84 39 m'a
1738 2967 168 52 frappée
1927 2966 105 39 dans

294 3043 118 40 l'une
442 3041 72 40 des
544 3040 213 41 dernières
784 3039 153 40 soirées
965 3053 86 40 que
1086 3038 38 54 je
1156 3039 138 54 passai
1336 3044 22 35 à
1385 3039 183 54 l'Opéra.
1599 3039 220 40 —Tulou
1842 3052 42 26 se
1904 3038 132 40 tenait

299 3119 23 36 à
358 3127 78 27 son
472 3114 185 53 pupitre,
699 3113 164 53 quand,
888 3111 106 41 dans
1021 3125 61 26 un
1105 3119 211 44 entracte,
1339 3112 30 40 il
1400 3112 59 41 vit
1479 3112 179 40 défaillir
1679 3112 92 39 l'un
1794 3111 51 40 de
1863 3124 61 27 ses
1946 3111 66 40 col-

296 3189 146 52 lègues
463 3187 51 40 de
532 3186 256 42 l'orchestre.
814 3184 155 42 C'était
992 3198 61 26 un
1075 3184 160 50 artiste,
1247 3186 77 52 qui
1343 3185 111 40 avait
1476 3193 203 32 coutume
1694 3185 51 39 de
1766 3184 76 40 lire
1861 3197 61 27 un
1945 3184 69 39 bré-

299 3260 144 52 viaire,
462 3266 40 33 et
522 3259 93 40 rien
637 3259 148 41 n'était
803 3259 96 53 plus
923 3257 159 41 bizarre
1105 3271 82 40 que
1210 3265 63 32 cet
1293 3258 175 41 homme
1480 3258 129 40 d'une
1626 3257 207 41 dévotion
1858 3257 176 52 sincère,

342 3393 46 40 (1)
409 3392 88 32 Voir
521 3392 30 31 le
576 3391 156 32 numéro
755 3392 47 30 du
830 3391 18 42 i
866 3391 17 42 5
901 3391 88 42 août.
