2730 4064
703 500 104 41 LES
840 502 324 42 COSTUMES
1199 504 76 40 DE
1307 492 298 52 THÉÂTRE

1935 521 79 38 209

290 639 179 42 laissant
491 646 178 49 paraître
700 659 73 27 sur
794 661 59 26 un
873 647 172 49 théâtre,
1072 657 39 32 et
1134 649 108 41 force
1264 650 65 41 fut
1356 653 21 38 à
1413 651 71 40 Du
1520 650 150 55 Croisy
1691 651 51 40 de
1777 663 41 27 se
1846 651 173 40 couvrir

291 711 42 40 la
355 713 82 40 tête
458 727 101 26 avec
579 715 37 40 le
637 718 183 51 premier
841 719 190 54 chapeau
1053 734 129 30 venu.

351 800 17 21 «
394 784 71 41 On
487 786 98 53 joue
606 790 315 51 présentement
954 796 23 35 à
1009 792 165 41 l'Hôtel
1202 793 51 41 de
1279 794 257 55 Bourgogne
1575 797 200 42 VAmour
1805 795 212 52 médecin,

293 856 102 40 écrit
429 857 100 54 Guy
566 860 148 51 Patin;
743 870 96 33 tout
877 863 118 40 Paris
1024 879 29 39 y
1089 879 51 26 va
1173 879 52 27 en
1248 867 113 41 foule
1397 882 110 40 pour
1535 870 94 40 voir
1666 871 260 53 représenter
1961 869 58 39 les

293 930 215 41 médecins
544 931 50 41 de
617 933 39 40 la
695 948 118 40 cour,
851 944 39 32 et
926 937 357 54 principalement
1321 940 143 55 Esprit
1497 950 40 33 et
1571 942 219 54 Guénaut,
1813 956 100 27 avec
1947 943 71 40 des

291 1015 197 41 masques
509 1005 94 41 faits
631 1014 95 33 tout
755 1010 169 51 exprès;
963 1024 57 26 on
1048 1025 27 39 y
1105 1025 23 26 a
1155 1011 143 54 ajouté
1337 1014 311 54 Desfougerais.
1691 1016 127 40 Ainsi
1857 1016 85 39 l'on
1977 1028 41 26 se

290 1087 157 41 moque
469 1076 50 40 de
538 1091 104 27 ceux
667 1080 74 52 qui
766 1089 123 32 tuent
910 1082 37 40 le
970 1084 158 40 monde
1159 1085 315 54 impunément.
1503 1103 18 21 »
1545 1087 59 41 Ce
1630 1088 225 53 caustique
1877 1088 113 40 méde-

290 1147 87 51 cin,
402 1149 193 54 toujours
617 1165 52 27 en
692 1155 124 51 quête
842 1154 50 40 de
914 1168 45 27 ce
981 1157 129 51 qu'on
1135 1157 142 40 faisait
1298 1172 56 26 ou
1376 1159 126 40 disait
1524 1169 144 32 contre
1696 1174 63 26 ses
1793 1160 222 52 confrères,

291 1232 113 28 nous
426 1235 161 40 prouve
611 1238 73 39 par
712 1238 64 27 ces
806 1227 136 52 lignes
980 1241 81 40 que
1098 1229 176 40 Molière
1307 1230 163 53 prenait
1492 1232 112 50 soin,
1632 1235 24 37 à
1690 1232 240 49 l'occasion,
1966 1233 51 39 de

289 1292 165 41 donner
476 1297 22 37 à
517 1309 61 25 ses
600 1305 166 32 acteurs
787 1298 71 40 des
882 1312 197 40 masques
1105 1302 280 40 ressemblant
1418 1316 84 27 aux
1529 1303 228 53 originaux
1782 1305 106 52 quil
1909 1318 80 27 vou-

287 1363 79 42 lait
385 1379 175 41 exposer
583 1381 51 27 en
656 1371 142 40 scène.

345 1437 120 42 Cette
485 1439 118 40 lettre
623 1441 50 39 de
694 1441 101 55 Guy
820 1442 126 42 Patin
968 1444 118 42 étant
1107 1444 120 42 datée
1247 1446 59 40 du
1336 1449 50 39 25
1412 1449 238 53 septembre
1683 1449 125 51 1665,
1843 1448 29 40 il
1896 1448 121 53 s'agit

289 1509 289 43 évidemment
598 1512 55 40 ici
675 1513 50 40 de
762 1515 204 40 VAmour
987 1517 193 40 médecin
1187 1550 9 16 ,
1218 1517 100 54 joué
1335 1519 90 40 àla
1451 1534 101 27 cour
1570 1521 37 40 le
1635 1523 46 39 15
1707 1522 237 54 septembre
1966 1522 51 39 de

289 1591 104 31 cette
416 1585 136 38 année
574 1592 41 32 et
636 1585 37 40 le
695 1599 52 27 22
771 1590 23 37 à
818 1588 131 40 Paris.
983 1590 106 40 Lors
1112 1590 71 40 des
1203 1592 203 53 premiers
1429 1601 137 46 temps
1587 1594 59 40 du
1668 1594 320 40 Théâtre-Fran-

289 1655 107 55 çais,
420 1655 59 40 les
498 1665 165 32 acteurs
686 1660 170 40 avaient
883 1662 153 53 adopté
1065 1663 58 40 les
1145 1677 216 41 masques,
1385 1665 129 40 usités
1534 1665 51 40 de
1617 1675 118 32 toute
1764 1667 253 40 ancienneté

287 1727 106 40 dans
416 1729 57 39 les
493 1731 227 51 spectacles
740 1732 26 39 d
788 1733 138 50 Italie;
951 1734 109 40 mais
1082 1735 49 41 ils
1147 1749 51 27 en
1221 1738 169 39 avaient
1408 1738 193 40 restreint
1621 1739 159 54 l'usage
1802 1753 84 26 aux
1907 1741 108 39 rôles

286 1799 52 41 de
359 1800 216 41 vieillards
594 1811 40 31 et
654 1803 50 40 de
722 1804 160 41 vieilles
905 1806 192 42 femmes.
1129 1808 162 48 Quand
1312 1823 56 26 on
1401 1809 146 42 assiste
1578 1816 21 35 à
1634 1825 85 26 une
1753 1813 238 52 représenta-

287 1870 91 41 tion
400 1872 59 40 du
482 1874 207 43 Menteur
708 1885 41 31 et
769 1877 132 53 qu'on
917 1879 157 41 entend
1093 1879 38 40 la
1149 1882 123 39 scène
1288 1881 236 41 admirable
1540 1882 75 54 qui
1637 1882 157 42 débute
1816 1896 75 40 par
1909 1891 108 32 cette

289 1943 106 40 belle
426 1948 256 53 apostrophe
706 1963 8 26 :
750 1950 243 42 Etes-vous
1021 1953 312 53 gentilhomme
1344 1954 18 40 ?
1397 1968 56 26 on
1487 1968 51 27 ne
1574 1956 171 40 conçoit
1773 1957 127 52 guère
1933 1969 84 40 que

287 2016 176 41 l'acteur
481 2020 78 52 qui
593 2020 39 40 la
658 2023 254 56 prononçait
933 2024 66 39 fût
1018 2025 124 40 caché
1163 2039 98 26 sous
1284 2040 59 27 un
1364 2040 179 40 masque
1561 2041 179 41 presque
1781 2027 232 41 semblable

289 2093 22 35 à
334 2090 112 40 celui
468 2091 57 40 du
559 2093 212 42 Pantalon
803 2095 50 40 de
881 2096 40 40 la
951 2096 453 44 Comédie-Italienne.
1429 2100 113 40 C'est
1575 2107 205 46 pourtant
1810 2100 40 41 la
1883 2101 132 40 vérité

287 2170 156 39 exacte,
469 2171 40 32 et
546 2164 39 40 la
610 2178 159 40 preuve
804 2169 86 38 s'en
913 2176 150 33 trouve
1084 2170 104 40 dans
1216 2183 43 28 ce
1287 2184 91 27 vers
1416 2171 51 40 de
1491 2173 43 38 la
1557 2173 129 40 Suite
1704 2173 57 39 du
1782 2173 228 51 Menteur,

287 2247 77 40 par
384 2236 140 52 lequel
546 2236 146 41 Cliton
715 2239 180 41 termine
919 2241 38 40 le
976 2241 103 42 récit
1100 2243 109 52 qu'il
1230 2243 76 42 fait
1338 2248 23 35 à
1395 2258 77 26 son
1501 2246 149 40 maître
1682 2245 51 41 de
1753 2245 40 41 la
1827 2245 190 41 comédie

287 2310 223 51 composée
533 2314 21 35 à
574 2310 119 41 Paris
709 2326 72 26 sur
801 2314 114 40 leurs
935 2314 227 54 premières
1183 2324 227 33 aventures
1434 2330 10 27 :

632 2401 119 38 Votre
757 2403 78 47 feu
849 2406 98 47 père
967 2404 125 38 même
1111 2413 58 29 est
1179 2405 99 49 joué
1295 2418 87 26 sous
1403 2406 36 37 le
1460 2419 174 38 masque.

341 2484 181 43 Molière
560 2488 114 40 avait
721 2490 152 52 adopté
907 2490 38 41 le
984 2505 177 41 masque
1194 2505 111 42 pour
1338 2495 258 53 représenter
1629 2494 243 43 Mascarille
1910 2497 105 40 dans

288 2559 15 39 l
320 2559 197 41 Etourdi
537 2568 39 33 et
609 2561 62 40 les
691 2563 256 41 Précieuses
976 2564 215 42 ridicules
1201 2579 9 39 ;
1241 2566 29 40 il
1303 2568 39 39 le
1368 2567 145 41 donna
1545 2568 96 54 plus
1676 2570 90 39 tard
1792 2573 24 37 à
1841 2569 175 39 Hubert

286 2638 41 33 et
353 2635 21 36 à
400 2632 71 40 Du
507 2632 151 54 Croisy
691 2647 110 41 pour
833 2634 132 54 jouer,
999 2637 104 40 dans
1140 2639 61 40 les
1234 2639 265 41 Fourberies
1531 2641 53 40 de
1611 2641 35 40 S
1650 2654 80 40 cap
1737 2641 58 54 in,
1827 2641 59 40 les
1908 2640 107 41 rôles

286 2703 232 53 d'Argante
562 2712 39 33 et
634 2705 50 40 de
715 2706 200 43 Géronte.
957 2707 66 41 En
1059 2709 86 40 mai
1192 2711 125 53 1736,
1356 2711 84 40 lors
1469 2712 50 40 de
1556 2712 38 40 la
1630 2713 155 54 reprise
1827 2713 52 40 de
1909 2720 107 33 cette

287 2776 130 53 pièce,
440 2777 58 40 les
531 2785 165 33 acteurs
733 2779 174 54 chargés
928 2780 52 40 de
1011 2794 66 27 ces
1114 2782 111 40 deux
1256 2784 108 40 rôles
1385 2798 42 26 se
1448 2787 264 38 montrèrent
1745 2785 139 40 fidèles
1921 2791 22 34 à
1975 2785 40 40 la

287 2849 225 53 tradition,
548 2862 166 28 comme
744 2852 39 39 le
820 2866 160 39 prouve
1008 2862 64 33 cet
1109 2855 149 41 extrait
1290 2855 59 42 du
1371 2857 213 41 Mercure
1591 2889 9 20 ,
1623 2858 143 53 rédigé
1801 2858 109 39 alors
1940 2871 76 40 par

287 2921 38 40 le
343 2921 211 41 chevalier
587 2923 50 39 de
662 2923 60 40 La
751 2924 152 54 Roque
926 2938 8 30 :
981 2943 18 20 «
1016 2927 177 54 Reprise
1229 2928 69 40 des
1331 2929 266 41 Fourberies
1622 2930 54 40 de
1705 2929 167 55 Scapin
1877 2963 9 7 .
1923 2930 34 39 Il
1989 2944 27 39 y

287 2994 114 40 avait
433 2995 70 39 dix
536 3008 54 27 ou
625 2996 134 40 douze
796 3010 78 28 ans
911 2999 132 53 qu'on
1077 3000 158 41 n'avait
1264 3000 97 54 joué
1390 3010 104 32 cette
1513 3001 130 54 pièce.
1687 3002 250 53 Dangeville
1975 3011 41 31 et

289 3066 215 41 Dubreuil
536 3067 147 53 jouent
721 3068 57 41 les
810 3069 113 41 deux
942 3071 216 41 vieillards
1175 3085 99 28 sous
1302 3074 39 39 le
1361 3087 189 41 masque.
1576 3074 112 41 C'est
1707 3074 39 41 la
1768 3074 112 40 seule
1903 3074 112 53 pièce

287 3140 132 40 restée
440 3153 54 27 au
518 3140 162 42 théâtre
716 3146 55 36 où
801 3142 161 54 l'usage
992 3144 57 40 du
1080 3157 178 41 masque
1281 3159 41 27 se
1351 3146 82 41 soit
1453 3148 214 39 conservé.
1696 3163 18 21 »

1205 3248 334 44 ADOLPHE
1577 3251 320 45 JULLIEN.

479 3303 12 43 (
509 3296 46 38 La
578 3301 94 35 suite
690 3303 336 43 prochainement.)

456 3542 76 43 IX.

1785 3566 51 42 *4
