2730 4064
1092 449 76 41 LA
1201 449 385 52 CHRONIQUE
1619 453 318 42 MUSICALE

638 456 83 27 220

638 592 23 35 à
697 601 166 31 essence
903 595 315 42 nauséabonde.
1243 595 311 55 J'appartenais
1589 602 22 37 à
1644 599 290 44 delFior!....
1968 602 198 43 Pendant
2199 606 188 55 quelque

642 670 139 48 temps
803 665 177 41 celui-ci
1004 668 207 40 marchait
1231 668 101 40 d'un
1357 684 74 40 pas
1454 672 217 54 précipité.
1694 673 81 40 Par
1797 687 85 28 une
1903 675 222 43 déchirure
2146 678 51 41 de
2212 692 77 28 son
2307 680 50 41 vê-

647 744 164 35 tement
829 738 37 53 je
882 741 236 51 m'aperçus
1141 741 105 53 qu'il
1265 742 139 42 faisait
1425 746 114 39 nuit.

704 810 60 39 Le
786 811 224 40 cavalière
1033 812 172 42 s'arrêta
1227 814 156 42 devant
1407 830 85 27 une
1528 819 169 40 maison
1737 819 277 56 d'apparence
2046 825 240 43 maussade.
2326 828 61 39 Le

651 882 165 40 violent
838 894 283 33 mouvement
1158 887 53 40 de
1244 902 43 26 sa
1309 902 148 27 course
1477 891 115 42 avait
1613 892 142 41 donné
1783 908 55 26 au
1861 908 84 40 pan
1964 896 105 40 dans
2091 898 141 54 lequel
2253 898 133 54 j'étais

653 955 148 40 blottie
840 957 12 38 1
869 957 240 42 oscillation
1141 959 106 42 d'un
1284 962 206 54 pendule.
1511 964 48 41 Je
1580 965 168 42 heurtai
1771 966 40 41 la
1832 968 99 54 pipe
1950 980 38 29 et
2017 969 40 41 la
2089 971 129 41 brisai
2238 985 8 27 :
2291 987 72 40 pre-

650 1028 129 41 mière
798 1030 200 43 éraflure.

704 1101 207 54 Soudain,
945 1105 72 40 des
1047 1105 139 55 doigts
1226 1108 263 56 malpropres
1519 1124 68 28 me
1614 1112 218 43 saisissent
1936 1115 35 40 il
1992 1119 222 40 cavalière
2236 1119 152 41 souffle

650 1188 100 28 avec
785 1189 98 40 rage
919 1176 106 41 dans
1057 1192 103 27 mon
1200 1194 120 41 corps
1342 1196 166 39 sonore,
1548 1192 40 33 et
1624 1186 173 40 écorche
1831 1201 86 27 une
1950 1195 139 34 atroce
2118 1190 270 43 ritournelle.

653 1248 193 41 Etait-ce
869 1263 60 27 un
951 1251 168 54 signal?
1226 1254 36 53 je
1284 1268 52 28 ne
1362 1256 96 41 sais.
1484 1258 219 54 Toujours
1725 1261 118 40 est-il
1864 1261 199 55 qu'après
2084 1276 44 27 ce
2150 1263 150 53 début,
2322 1263 68 42 del

656 1322 100 40 Fior
777 1331 148 33 monte
947 1324 226 43 lestement
1195 1341 61 27 un
1279 1329 170 40 escalier
1470 1333 22 37 à
1514 1340 125 45 pente
1661 1333 145 54 rapide
1828 1342 41 32 et
1889 1348 41 26 se
1945 1343 151 33 trouve
2112 1336 279 40 incontinent

654 1395 106 40 dans
783 1397 40 40 la
853 1397 205 42 chambre
1092 1399 129 41 d'une
1261 1402 226 41 deuxième
1523 1404 222 53 ingénuité
1781 1407 115 41 riant
1933 1422 86 26 aux
2051 1409 129 41 éclats
2207 1423 100 26 avec
2328 1423 60 26 un

649 1468 128 54 jeune
810 1470 184 54 premier
1024 1471 58 40 du
1123 1473 178 41 théâtre.
1345 1474 269 43 L'intrusion
1653 1479 229 54 burlesque
1918 1481 58 40 du
2000 1482 225 40 cavalière
2246 1483 146 40 donna

652 1542 88 39 lieu
758 1545 23 36 à
802 1543 39 38 la
863 1544 99 52 plus
983 1543 306 42 interminable
1310 1547 104 40 série
1436 1548 50 39 de
1519 1550 216 52 quolibets
1756 1552 51 40 de
1828 1554 40 38 la
1892 1564 95 43 part
2006 1554 71 40 des
2098 1554 114 40 deux
2248 1554 147 54 jeunes

653 1627 120 40 gens.
816 1615 196 41 Inhabile
1044 1616 108 41 dans
1186 1618 39 40 la
1266 1619 158 54 riposte
1461 1621 251 53 spirituelle,
1750 1624 68 40 del
1851 1625 101 40 Fior
1982 1627 151 40 devint
2163 1627 172 41 furieux
2356 1635 40 33 et

654 1700 250 40 commença
928 1693 22 35 à
971 1702 159 40 venger
1148 1703 77 27 son
1248 1700 64 31 sot
1332 1705 328 43 amour-propre
1681 1708 76 41 par
1774 1696 71 40 des
1867 1696 118 41 voies
2006 1698 51 40 de
2078 1698 92 41 fait.

711 1761 33 39 Il
765 1774 70 26 me
857 1761 118 40 saisit
997 1774 99 27 avec
1119 1762 195 55 frénésie,
1351 1767 149 39 asséna
1531 1767 51 40 de
1600 1768 187 41 violents
1809 1783 134 41 coups
1966 1785 55 26 au
2047 1771 124 53 jeune
2192 1773 197 54 premier.

655 1830 163 41 Roulée
839 1846 23 25 a
884 1842 124 39 terre,
1031 1833 201 55 piétinée,
1248 1836 159 53 reprise
1423 1851 101 27 avec
1544 1852 112 40 rage,
1680 1853 90 28 mes
1791 1841 125 40 belles
1938 1842 99 40 clefs
2058 1842 144 42 furent
2218 1845 175 39 tordues

654 1918 56 27 ou
744 1905 171 55 brisées,
941 1920 103 27 mon
1068 1922 121 40 corps
1211 1910 67 40 fut
1317 1921 177 32 couvert
1520 1914 226 42 d'infâmes
1776 1918 345 42 meurtrissures!
2150 1919 148 52 Enfin,
2324 1921 66 41 del

656 1978 102 40 Fior
780 1992 69 28 me
870 1981 128 41 remit
1019 1981 105 41 dans
1147 1996 42 26 sa
1213 1984 134 53 poche
1369 1987 208 41 maudite.
1618 1988 47 41 Je
1698 2004 97 26 crus
1817 1990 87 40 être
1926 1993 166 48 sauvée,
2122 1994 148 52 quand
2295 2001 97 35 tout

650 2055 23 36 à
696 2066 125 41 coup,
852 2054 28 41 il
903 2055 249 54 dégringola
1172 2056 57 40 les
1250 2059 194 41 escaliers
1466 2074 100 27 avec
1588 2075 62 27 un
1674 2063 118 42 bruit
1809 2065 336 55 épouvantable;
2164 2066 37 39 le
2219 2065 171 42 fameux

650 2125 138 42 flacon
812 2142 42 26 se
877 2128 110 41 brisa
1009 2136 40 33 et
1070 2130 221 41 m'inonda
1306 2133 104 40 d'un
1432 2133 163 54 liquide
1618 2135 92 41 fade
1728 2144 41 33 et
1789 2138 238 41 écœurant.

711 2201 87 38 Peu
832 2201 50 39 de
917 2208 139 47 temps
1072 2205 118 51 après
1223 2212 105 33 cette
1360 2206 192 54 équipée,
1586 2208 34 39 il
1642 2216 190 34 maestro
1854 2211 75 40 del
1948 2212 114 39 Fior
2100 2226 196 44 annonça
2333 2229 59 26 un

651 2281 184 33 concert.
859 2276 39 38 A
920 2275 135 53 grand
1075 2276 162 41 renfort
1259 2278 51 39 de
1331 2279 200 40 réclames
1553 2280 177 52 habiles,
1755 2286 23 36 à
1800 2283 124 41 l'aide
1962 2284 73 40 des
2071 2284 144 42 lettres
2242 2286 53 40 de
2322 2300 46 27 re-

651 2347 354 41 commandation
1027 2348 50 41 de
1099 2349 167 54 Tulou,
1291 2365 75 39 par
1387 2365 62 27 ses
1473 2352 150 41 félines
1644 2355 325 53 obséquiosités,
1987 2357 40 40 la
2049 2358 189 41 servilité
2259 2360 49 39 de
2330 2374 63 26 ses

651 2420 259 50 démarches,
937 2420 30 40 il
988 2421 176 54 parvint
1183 2426 22 37 à
1229 2434 190 31 recruter
1440 2440 59 27 un
1523 2427 204 53 public,..
1758 2429 58 40 Le
1843 2430 134 53 grand
1997 2430 97 54 jour
2115 2445 55 27 ou
2193 2433 144 53 plutôt
2357 2434 36 40 le

652 2493 134 52 grand
823 2493 86 40 soir
945 2494 160 41 arrive.

710 2566 267 42 L'auditoire
998 2577 63 31 est
1084 2570 243 40 nombreux
1350 2580 105 33 et...
1484 2571 193 43 heureux
1700 2579 184 48 augure!
1907 2579 137 52 paraît
2064 2578 144 40 animé
2227 2579 52 40 de
2300 2579 68 40 dis-

652 2640 212 53 positions
890 2640 346 42 bienveillantes.
1277 2643 66 40 En
1367 2645 184 51 premier
1581 2645 105 54 lieu,
1722 2648 37 39 le
1793 2662 272 40 programme
2089 2665 197 26 annonce
2308 2666 86 26 une

655 2721 236 31 ouverture
912 2714 196 38 exécutée
1129 2727 73 39 par
1223 2714 57 39 les
1299 2724 218 32 amateurs
1539 2717 49 39 de
1609 2718 38 40 la
1670 2719 153 40 société
1845 2720 253 55 d'Euterpe:
2209 2724 157 53 applau-

654 2786 254 40 dissements
929 2785 208 41 d'estime.
1162 2785 202 44 Survient
1386 2789 169 42 ensuite
1588 2791 38 39 le
1658 2792 289 42 bénéficiaire.
1980 2794 288 44 Mouvement
2286 2797 108 40 dans

652 2860 39 40 la
713 2859 125 52 salle;
859 2858 227 41 l'artillerie
1106 2859 71 39 des
1198 2860 230 52 lorgnettes
1450 2862 267 43 fonctionne.

708 2932 80 41 Del
813 2932 102 40 Fior
955 2945 17 26 s
990 2945 158 27 avance
1171 2945 99 27 avec
1298 2936 137 51 grâce,
1460 2935 99 52 jette
1581 2951 99 26 avec
1700 2951 85 27 une
1807 2938 99 42 fière
1935 2954 227 28 assurance
2185 2942 209 55 quelques

652 3006 169 53 regards
844 3005 308 53 complaisants
1175 3019 74 26 sur
1278 3006 37 40 le
1338 3008 165 53 public,
1539 3010 119 40 salue
1685 3010 262 54 légèrement
1973 3022 41 32 et
2047 3028 251 28 commence

652 3078 154 43 C'était
827 3078 38 40 la
886 3078 192 40 maudite
1096 3078 252 42 ritournelle
1369 3080 59 40 du
1451 3083 280 41 rendez-vous
1747 3089 61 37 !...
1835 3086 70 40 On
1927 3086 244 53 chuchotte,
2193 3102 56 26 on
2266 3102 96 27 mur-

650 3166 148 38 mure;
823 3176 52 6 —
896 3151 250 55 martyrisée
1166 3151 108 54 déjà,
1312 3154 34 39 il
1381 3156 223 41 cavalière
1640 3158 205 41 continue
1879 3172 102 27 mon
2008 3161 193 53 supplice
2244 3176 51 26 en
2327 3176 68 27 me

652 3227 158 40 faisant
831 3226 151 40 rendre
1003 3225 70 40 des
1097 3224 122 41 traits
1242 3225 286 59 incohérents,
1558 3231 70 39 des
1662 3231 224 54 rhythmes
1919 3246 222 41 sauvages,
2185 3235 71 41 des
2291 3249 100 27 sons

650 3300 172 42 odieux.

710 3377 358 56 Imperturbable,
1115 3382 65 40 del
1230 3381 102 41 Fior
1372 3391 293 29 recommence
1697 3379 58 40 les
1792 3392 193 42 passages
2025 3387 39 35 et
2100 3380 151 41 mutile
2287 3393 101 28 avec

652 3449 152 53 flegme
824 3452 72 39 des
929 3453 227 41 lambeaux
1190 3455 49 40 de
1261 3453 195 41 mélodie.
1496 3453 73 39 Un
1601 3466 124 40 orage
1748 3466 41 26 se
1814 3454 188 53 prépare,
2044 3455 31 39 il
2105 3454 229 41 cavalière
2356 3453 38 40 le
