2730 4064
1918 443 80 40 235

1047 446 193 43 VARIA

275 595 198 48 Bretagne
493 602 38 30 et
546 595 197 37 d'lrlande
761 602 37 30 et
816 594 36 37 le
875 602 320 40 gouvernement
1211 594 47 36 de
1274 594 37 36 la
1334 590 251 52 République
1599 587 210 52 française,
1827 587 179 38 désirant

269 668 161 25 assurer
449 656 90 49 plus
561 655 312 48 complètement
895 655 98 36 dans
1010 656 155 35 chacun
1187 655 68 36 des
1276 654 104 36 deux
1398 665 96 36 pays
1510 653 36 35 la
1565 649 228 51 protection
1808 647 128 49 légale
1957 647 49 37 de

269 716 39 38 la
328 717 203 49 propriété
558 717 70 35 des
650 727 159 25 œuvres
826 714 272 48 dramatiques
1125 722 40 29 et
1191 714 187 48 prévenir
1409 714 56 36 les
1492 712 215 37 difficultés
1732 708 256 48 d'interpréta-

270 778 88 35 tion
379 788 77 36 que
478 783 176 42 peuvent
673 775 97 38 faire
792 775 128 37 naître
949 775 58 36 les
1029 778 140 45 procès
1191 783 139 28 contre
1351 774 35 37 le
1415 775 146 47 plagiat
1586 773 234 47 d'ouvrages
1847 775 162 43 passant

268 849 102 36 pour
389 837 68 36 des
480 835 226 39 imitations
722 849 53 25 ou
797 837 69 37 des
888 834 251 51 adaptations
1159 834 116 38 faites
1290 835 48 37 de
1360 836 134 36 bonne
1506 835 69 46 foi,
1600 841 95 30 sont
1717 842 205 28 convenus
1940 829 71 36 des

271 896 261 49 dispositions
554 896 201 37 suivantes
779 907 7 26 :

320 974 17 14 »
370 958 70 36 Est
458 958 147 46 abrogé
627 957 37 37 le
687 957 245 49 paragraphe
957 957 18 37 3
998 957 47 37 de
1069 957 168 37 l'article
1259 969 37 25 iv
1315 956 47 37 de
1390 956 35 36 la
1447 955 245 37 convention
1714 955 53 35 du
1793 954 18 34 3
1841 963 140 26 novem-

273 1018 71 37 bre
383 1018 110 47 1851,
530 1026 249 29 concernant
809 1017 37 37 la
876 1019 180 47 garantie
1094 1018 238 49 réciproque
1362 1018 49 35 de
1447 1017 38 36 la
1513 1016 204 49 propriété
1755 1016 67 35 des
1850 1024 159 26 œuvres

269 1078 218 37 littéraires
512 1090 54 24 ou
588 1078 245 49 artitisques,
858 1079 100 36 dont
986 1080 37 35 la
1050 1086 144 29 teneur
1221 1086 59 29 est
1309 1089 156 25 comme
1500 1077 79 36 suit
1600 1087 7 26 :
1635 1090 14 20 «
1678 1076 30 36 Il
1740 1083 58 29 est
1833 1073 176 37 entendu

271 1150 79 36 que
368 1138 37 37 la
428 1139 228 48 protection
678 1139 172 49 stipulée
868 1140 122 48 parle
1007 1140 164 47 présent
1185 1138 139 37 article
1346 1138 100 36 n'est
1469 1149 67 35 pas
1558 1136 178 37 destinée
1756 1139 21 32 à
1798 1133 213 49 empêcher

271 1199 58 36 les
351 1199 225 38 imitations
598 1213 53 24 ou
669 1201 55 36 les
739 1200 252 48 adaptations
1014 1199 113 36 faites
1148 1199 47 35 de
1216 1199 135 35 bonne
1379 1198 56 36 foi
1461 1197 200 36 d'œuvres
1687 1194 273 48 dramatiques
1988 1194 22 35 à

270 1259 39 36 la
327 1262 130 45 scène,
481 1272 49 25 en
551 1260 237 49 Angleterre
809 1268 38 28 et
869 1271 49 25 en
941 1261 150 34 France
1113 1258 348 48 respectivement,
1490 1256 100 36 mais
1608 1256 229 37 seulement
1854 1254 54 36 les
1931 1262 59 28 tra-

274 1320 190 37 ductions
480 1320 228 49 plagiaires.
734 1337 17 15 »

327 1394 15 20 »
372 1382 61 34 En
456 1382 294 46 conséquence,
772 1392 50 24 en
842 1380 188 36 décidant
1048 1378 56 37 les
1125 1378 209 48 questions
1355 1378 48 36 de
1430 1376 149 49 plagiat
1602 1376 198 35 d'œuvres
1821 1373 168 36 dramati-

275 1452 114 37 ques,
410 1441 58 36 les
490 1453 117 24 cours
628 1442 47 35 de
692 1439 143 50 justice
857 1441 68 36 des
946 1452 95 37 pays
1063 1439 206 49 respectifs
1287 1438 285 49 appliqueront
1594 1436 165 37 l'article
1778 1448 26 34 4
1818 1436 47 35 de
1886 1433 121 37 ladite

278 1501 246 38 convention
546 1501 53 36 du
621 1502 17 36 3
663 1502 219 36 novembre
909 1501 110 47 1851,
1043 1512 156 25 comme
1225 1498 32 37 si
1285 1502 33 34 le
1349 1498 246 50 paragraphe
1627 1497 18 37 3
1680 1495 235 38 sus-énoncé
1945 1496 65 45 n'y

280 1563 106 37 avait
407 1574 69 36 pas
498 1563 61 35 été
581 1562 148 37 inséré.

336 1637 16 21 »
384 1623 56 36 La
462 1623 183 48 présente
660 1622 246 37 déclaration
926 1634 97 25 aura
1044 1622 37 36 la
1100 1622 130 36 même
1247 1620 137 38 valeur
1412 1628 39 29 et
1478 1619 37 37 la
1548 1619 129 36 même
1710 1617 123 36 durée
1863 1627 78 36 que
1974 1614 38 37 la

281 1684 246 37 convention
549 1684 54 35 du
627 1683 17 36 3
665 1684 218 37 novembre
911 1683 109 46 1851,
1043 1686 20 33 à
1084 1682 168 48 laquelle
1269 1681 75 37 elle
1363 1689 60 28 est
1443 1680 190 37 annexée.

327 1758 15 20 »
375 1745 61 35 En
458 1743 55 37 foi
532 1743 48 36 de
601 1744 110 47 quoi,
734 1743 56 37 les
812 1743 242 47 soussignés,
1077 1743 172 35 dûment
1268 1740 197 38 autorisés
1489 1744 20 33 à
1531 1748 62 29 cet
1615 1739 105 48 effet,
1743 1748 73 28 ont
1842 1737 110 48 signé
1974 1736 37 35 la

276 1804 186 49 présente
476 1803 246 36 déclaration
742 1810 39 29 et
800 1816 26 35 y
842 1811 71 28 ont
933 1803 149 48 apposé
1103 1804 108 35 leurs
1233 1813 155 27 sceaux.

330 1878 16 20 »
379 1864 87 36 Fait
486 1863 147 37 double
652 1862 21 38 à
694 1864 193 47 Londres,
907 1863 35 37 le
971 1875 37 24 11
1036 1862 97 37 août
1159 1862 109 49 1875.

1346 1936 15 21 »
1386 1920 119 50 Signé
1530 1931 7 26 :
1564 1922 151 45 DERBY,

1521 1995 14 21 »
1559 1981 275 36 D'HARCOURT.
1859 1992 17 21 »

395 2114 55 38 M.
474 2114 200 35 Massenet
692 2112 110 37 vient
830 2113 48 35 de
899 2111 193 36 terminer
1111 2109 37 37 la
1167 2109 191 50 partition
1381 2109 54 37 du
1457 2109 74 37 Roi
1551 2109 47 36 de
1619 2109 156 36 Lahore
1779 2139 9 16 ,
1811 2108 119 48 opéra
1961 2118 50 25 en

279 2179 100 37 trois
400 2187 120 40 actes,
543 2177 158 50 paroles
720 2178 49 36 de
784 2178 61 39 M.
870 2177 44 36 L.
934 2175 150 40 Gallet.

397 2321 55 36 La
478 2319 150 49 reprise
657 2319 68 37 des
746 2320 194 48 Dragons
974 2318 47 36 de
1045 2318 148 36 Villars
1200 2345 7 18 ,
1243 2319 21 34 à
1297 2316 399 49 l'Opéra-Comique,
1719 2316 179 36 redonne
1926 2327 81 24 une

276 2382 176 38 certaine
471 2380 187 38 actualité
678 2392 51 25 au
750 2378 192 39 souvenir
957 2378 175 46 suivant,
1155 2378 160 49 rappelé
1336 2389 69 37 par
1424 2378 192 46 Dorante,
1630 2376 36 37 le
1689 2376 256 37 courriériste
1960 2377 49 35 de

277 2443 38 36 la
335 2443 142 36 Patrie
494 2455 10 23 :

324 2504 109 35 C'est
476 2505 21 32 à
537 2490 152 47 l'École
718 2501 70 36 des
819 2499 270 46 Beaux-Arts,
1122 2510 71 25 rue
1225 2499 67 35 des
1331 2497 389 49 Petits-Augustins,
1759 2497 253 36 maintenant

275 2575 73 26 rue
372 2565 239 45 Bonaparte,
633 2573 77 37 que
731 2562 58 36 les
807 2567 262 31 concurrents
1087 2572 104 36 pour
1212 2559 37 36 le
1267 2558 127 49 grand
1416 2559 89 47 prix
1525 2558 49 36 de
1595 2558 271 47 composition
1887 2556 100 37 musi-

275 2624 83 38 cale
379 2623 136 37 furent
535 2622 165 37 d'abord
727 2622 75 37 mis
821 2634 49 25 en
891 2621 104 48 loge.
1023 2620 31 37 11
1073 2619 193 50 s'agissait
1288 2620 119 35 d'une
1428 2618 200 37 réclusion
1648 2619 48 35 de
1724 2625 131 29 trente
1887 2625 39 28 et
1953 2628 56 24 un

275 2697 123 36 jours.

326 2747 109 35 Dans
457 2757 63 25 ces
541 2745 145 36 heures
706 2744 268 43 d'isolement,
991 2742 136 48 quand
1148 2740 271 49 l'inspiration
1437 2740 129 37 faisait
1587 2740 275 36 obstinément
1877 2739 135 38 défaut

277 2814 39 29 et
347 2817 79 37 que
461 2805 37 36 la
526 2805 192 48 nostalgie
747 2805 48 35 de
830 2804 37 36 la
894 2803 156 36 maison
1078 2801 220 49 paternelle
1329 2801 266 49 commençait
1625 2803 22 33 à
1673 2812 149 36 gagner
1846 2800 163 48 l'esprit,

276 2866 196 48 quelques
494 2866 313 47 tempéraments
834 2875 190 35 nerveux,
1047 2862 77 37 mal
1151 2862 150 48 apaisés
1329 2874 69 35 par
1424 2862 48 35 de
1505 2861 148 37 froides
1689 2861 242 36 récréations
1960 2873 51 24 au

278 2926 139 37 milieu
441 2926 119 35 d'une
581 2925 149 36 société
758 2936 91 24 sans
880 2924 247 45 confidence,
1151 2922 127 49 parmi
1306 2923 68 35 des
1411 2922 229 36 camarades
1673 2920 338 37 nécessairement

280 2987 152 44 rivaux,
455 2984 218 39 arrivaient
694 2985 231 36 facilement
946 2987 20 32 à
987 2982 248 37 l'exaltation
1257 2990 37 28 et
1315 2985 20 32 à
1355 2982 36 36 la
1412 2982 134 37 fièvre.

324 3048 67 35 Un
411 3047 104 48 jour,
537 3046 84 37 l'un
640 3046 130 46 d'eux,
795 3045 80 48 pris
895 3044 119 36 d'une
1036 3045 138 47 espèce
1197 3043 46 35 de
1266 3042 136 47 délire,
1428 3041 160 37 déchira
1620 3052 49 25 en
1692 3051 215 26 morceaux
1938 3052 72 26 son

276 3119 139 25 œuvre
438 3107 209 44 terminée,
671 3112 225 44 renonçant
914 3103 102 37 ainsi
1031 3115 51 25 au
1109 3115 196 24 concours
1325 3111 37 27 et
1383 3105 20 32 à
1426 3114 61 25 ses
1503 3102 180 36 chances.

327 3168 54 35 Le
412 3170 92 46 père
538 3167 173 48 Pingard
734 3177 174 25 ramassa
928 3164 321 49 précieusement
1267 3163 56 36 les
1342 3163 132 36 débris
1494 3162 48 36 de
1571 3162 38 36 la
1641 3168 154 30 cantate
1830 3160 179 47 mutilée,

274 3229 58 36 les
355 3226 218 38 rassembla
593 3240 50 24 au
666 3239 149 37 moyen
838 3226 120 36 d'une
977 3224 157 37 infinité
1151 3224 47 36 de
1219 3223 143 49 petites
1384 3222 149 37 bandes
1561 3222 48 37 de
1630 3222 137 47 papier
1786 3222 168 47 végétal,
1973 3229 38 29 et

276 3301 176 37 engagea
466 3288 202 38 vivement
687 3288 34 37 le
743 3294 244 31 concurrent
1005 3285 207 48 désespéré
1228 3287 22 34 à
1271 3297 41 24 se
1336 3285 206 49 présenter
1562 3295 49 25 au
1627 3294 210 26 concours.

327 3350 116 37 Cette
458 3357 158 31 cantate
632 3356 67 31 eut
715 3349 192 41 d'embléç
923 3355 39 30 et
981 3348 53 36 du
1049 3346 175 53 premier
1245 3358 103 38 coup
1363 3346 36 36 le
1421 3344 125 51 grand
1564 3344 87 50 prix
1672 3344 47 38 de
1738 3342 271 52 composition

279 3412 203 39 musicale.
