2654 4029
1253 221 81 65 83

440 379 136 55 Elle
603 379 148 54 était
782 395 137 38 rose
951 379 71 54 de
1057 383 201 52 toutes
1291 397 95 38 ses
1418 396 370 57 promesses;

438 468 155 55 Sans
623 467 202 62 doute,
859 467 164 56 leurs
1055 470 235 53 destins
1318 472 225 52 étaient
1581 471 130 53 liés.

435 691 81 53 Le
546 689 170 55 soleil
746 689 261 55 tombait
1037 693 56 50 et
1122 691 57 68 je
1207 689 96 54 vis
1329 691 134 53 leur
1492 691 151 54 fuite

434 777 347 56 S'enfoncer
810 778 152 54 dans
991 778 55 54 le
1078 776 372 72 crépuscule,
1477 795 134 38 vers
1642 778 242 55 demain

430 868 75 52 Et
530 867 60 70 je
613 867 188 53 restai:
829 867 226 55 debout
1076 884 106 38 sur
1209 867 55 53 le
1296 866 261 65 chemin,

430 957 145 52 Mon
607 973 165 36 cœur
798 960 294 67 peut-être
1123 973 74 38 en
1229 973 34 36 a
1292 957 178 54 battu
1501 956 139 71 plus
1673 957 188 57 vite...

431 1045 52 55 Il
510 1046 147 54 était
685 1046 99 55 bel
814 1049 57 52 et
901 1047 178 64 mâle,
1115 1051 57 50 et
1202 1047 60 54 la
1292 1046 270 55 méritait
1591 1046 161 55 bien.

438 1340 238 135 ./Vinsi
702 1423 352 70 Philarque,
1089 1423 106 71 qui
1238 1422 95 55 fut
1363 1426 223 51 savant
1615 1422 206 66 subtil,

434 1512 137 55 S'en
601 1516 92 50 est
723 1507 117 60 allé
869 1529 138 38 vers
1040 1529 113 39 son
1183 1512 231 70 orgueil
1444 1512 64 70 (y
1537 1512 308 70 croyait-il
1859 1511 47 56 ?1
1925 1529 13 47 ;

431 1601 79 54 Et
535 1600 148 66 Luc,
712 1600 98 53 bel
840 1601 245 54 homme
1117 1604 56 51 et
1203 1601 108 64 fat,
1347 1600 124 55 s'en
1498 1600 114 60 fut,
1642 1601 188 61 aussi,

430 1690 151 52 Vers
603 1689 252 53 l'ombre
889 1689 72 52 de
990 1704 69 38 sa
1082 1689 224 65 vanité,
1344 1704 144 38 sans
1518 1704 86 38 un
1637 1689 195 63 souci;

433 1776 231 56 Claude
694 1779 106 69 qui
829 1780 179 52 vécut
1041 1794 145 37 sans
1217 1794 176 54 repos
1426 1778 71 53 de
1529 1793 165 38 cœur

431 1867 136 53 S'en
600 1869 92 50 est
722 1865 117 55 allé
873 1865 230 55 dormir
1129 1867 156 52 dans
1313 1865 56 55 le
1400 1865 322 70 Seigneur;

431 1955 251 56 Martial
712 1957 108 70 qui
850 1957 159 53 aime
1036 1961 57 49 et
1121 1959 166 59 veut,
1320 1955 158 54 beau
1508 1954 270 73 paladin,

435 2044 136 55 S'en
601 2048 93 51 est
722 2044 117 55 allé
869 2061 80 37 au
981 2044 179 72 galop
1192 2060 138 40 vers
1362 2044 263 58 demain.

433 2254 69 53 Je
533 2254 121 53 n'ai
679 2269 110 55 pas
817 2254 205 63 honte,
1057 2269 42 54 y
1139 2254 324 67 songeant,
1501 2251 71 55 de
1602 2253 372 66 moi-même,

433 2343 69 52 Je
528 2340 122 54 n'ai
678 2357 111 54 pas
821 2357 83 37 un
936 2343 198 67 regret
1163 2340 71 54 de
1262 2356 63 38 ce
1350 2343 209 67 poème
1595 2356 12 36 :

433 2430 69 53 Je
535 2430 124 53 sais
690 2444 139 56 que,
861 2444 153 55 pour
1038 2429 243 55 L'avoir
1305 2429 193 54 suivie

438 2519 237 71 Jusque
707 2519 256 54 dessous
993 2518 89 55 les
1113 2518 412 70 châtaigners,
1548 2518 68 66 je
1649 2518 129 53 sais
1809 2521 64 52 la
1915 2518 132 66 Vie;

434 2608 165 55 Pour
627 2608 124 55 moi
781 2611 167 51 toute
979 2607 207 55 ombre
1212 2610 91 50 est
1333 2607 184 53 claire
1549 2610 60 50 et
1637 2606 54 54 le
1722 2607 177 55 soleil

439 2696 235 55 Chante
704 2714 74 37 en
809 2697 87 54 les
928 2712 99 39 ors
1059 2696 104 53 des
1192 2696 132 55 blés
1356 2700 58 51 et
1445 2697 103 54 des
1578 2696 278 68 abeilles;

438 2786 78 55 Ce
547 2801 118 55 que
694 2786 106 69 j'ai
831 2785 211 66 d'Elle,
1078 2785 131 53 Elle
1239 2801 95 37 me
1363 2785 81 54 l'a
1475 2785 201 54 donné
1704 2801 10 38 :

438 2875 119 53 Pas
588 2890 86 38 un
703 2876 239 52 instant
967 2875 106 70 qui
1106 2875 123 52 soit
1258 2875 36 52 à
1323 2872 381 73 pardonner;

438 2963 161 54 D'un
632 2964 131 53 seul
795 2964 231 53 sourire
1057 2963 131 54 Elle
1219 2963 119 54 m'a
1369 2963 115 53 fait
1515 2963 189 63 ainsi;

439 3053 62 53 Si
529 3053 61 68 je
622 3053 216 53 n'étais
867 3068 112 55 pas
1010 3054 75 52 né
1115 3068 155 55 pour
1301 3068 109 38 son
1436 3052 223 59 baiser,

436 3139 98 53 Au
561 3140 222 63 moins,
816 3143 56 69 je
901 3142 90 53 lui
1017 3142 230 53 donnai
1277 3157 144 38 mon
1447 3144 135 50 âme
1612 3171 70 6 —
1708 3138 130 54 Elle
1873 3154 34 37 a
1936 3137 187 54 laissé

439 3229 84 54 Le
556 3233 190 51 secret
774 3231 71 53 de
878 3246 111 38 son
1022 3229 133 55 âme
1190 3232 34 51 à
1257 3246 63 38 ce
1353 3228 249 56 cœur-ci
1638 3243 11 37 :

438 3317 200 53 D'une
670 3318 208 70 parole
910 3318 130 55 Elle
1074 3336 35 36 a
1141 3319 115 54 fait
1283 3335 86 37 un
1400 3317 148 55 écho

443 3406 122 65 Qui
593 3406 218 54 chante
845 3424 124 36 aux
1003 3408 138 54 bois
1173 3412 57 48 et
1261 3421 317 38 murmure
1612 3420 107 38 sur
1747 3402 89 56 les
1869 3419 178 49 eaux,

440 3496 120 65 Qui
593 3511 190 40 sonne
810 3501 57 48 et
896 3500 200 51 meurt
1126 3513 124 36 aux
1278 3509 229 56 vagues
1541 3493 71 54 de
1642 3492 62 55 la
1734 3492 204 65 houle,
