2654 4029
1346 298 79 65 50

330 482 255 45 comme
623 464 61 60 le
729 479 269 62 pauvre.
1035 461 101 61 On
1178 460 186 77 prêta
1409 459 79 59 de
1533 457 450 78 l'importance
2030 455 417 77 dramatique

334 563 132 42 aux
506 544 237 77 petites
785 541 449 60 satisfactions
1279 537 369 61 charnelles
1703 554 78 42 en
1826 536 98 59 les
1992 534 310 59 décorant
2370 536 82 57 de

331 624 205 61 deuil.
570 621 295 74 L'abject
889 621 351 60 Rousseau
1262 619 232 76 pleura
1538 634 115 42 sur
1699 633 108 42 ses
1848 614 403 77 ignominies
2283 614 170 58 dans

388 709 126 55 Les
699 705 236 70 confessions
936 748 57 24 ,
994 700 164 78 après
1185 699 181 59 avoir
1397 696 175 76 gémi
1595 713 115 42 sur
1743 711 72 42 sa
1845 694 310 59 niaiserie
2187 692 166 59 dans
2383 692 67 59 la

330 789 330 55 Nouvelle
697 780 297 62 Héloïse.
1027 781 132 57 Par
1197 779 116 58 des
1347 778 226 74 pleurs
1604 775 48 58 il
1699 774 300 59 sanctifia
2028 774 65 58 la
2122 772 330 77 platitude

335 864 77 58 de
437 880 121 42 son
595 863 134 58 être
757 864 147 74 apte
936 861 35 57 à
1002 860 219 58 toutes
1247 858 99 59 les
1371 855 374 60 faiblesses.
1780 859 348 54 L'homme
2156 856 291 56 sensible

332 962 70 42 ce
429 944 100 60 fut
560 943 348 59 Rousseau
941 940 264 59 contant
1229 938 175 58 Mme
1436 935 79 57 de
1552 934 302 58 Warens.
1888 932 83 59 Et
1997 932 66 59 la
2085 931 246 61 morale
2364 931 82 60 de

331 1024 168 61 cette
529 1021 369 60 littérature
947 1035 69 42 se
1051 1033 272 61 marque
1374 1015 165 57 dans
1590 1012 61 60 le
1701 1014 157 73 goût
1888 1011 89 59 du
2015 1012 219 75 temps
2277 1028 171 58 pour

327 1104 98 60 les
476 1118 213 44 aveux
738 1100 80 59 de
866 1114 68 43 ce
983 1113 235 62 garçon
1263 1094 370 70 entretenu,
1663 1108 169 59 pour
1859 1090 315 60 l'homme
2207 1090 80 58 de
2305 1089 141 76 joie

330 1181 369 63 lui-même.

409 1263 110 59 Du
548 1278 188 58 coup,
767 1258 96 59 les
894 1256 278 60 femmes
1205 1270 155 42 sans
1390 1266 251 44 mœurs
1675 1265 68 43 se
1776 1249 323 59 sentirent
2126 1266 321 59 promues,

332 1341 37 59 à
398 1341 65 59 la
489 1340 351 76 grandeur.
875 1334 178 61 Elles
1097 1330 531 63 rebondissaient
1672 1327 140 60 loin
1846 1327 88 59 du
1969 1326 167 73 sofa,
2170 1329 85 58 où
2287 1329 120 59 Crê-

332 1420 210 61 billon
574 1419 175 60 avait
777 1415 230 71 voulu,
1040 1430 131 43 une
1199 1413 129 58 fois
1357 1426 168 61 pour
1553 1410 246 69 toutes,
1834 1406 268 60 étendre
2128 1406 146 61 leur
2303 1409 108 58 réa-

334 1499 138 60 lité.
498 1498 105 61 Un
627 1512 304 43 nouveau
955 1508 275 61 masque
1260 1489 182 61 allait
1460 1487 170 60 vêtir
1660 1487 61 60 le
1743 1503 91 42 nu
1858 1486 78 59 de
1958 1485 180 60 leurs
2162 1486 253 61 misères-

332 1575 508 81 passionnelles.
887 1574 98 58 De
1033 1589 117 58 par
1196 1570 147 58 leur
1378 1566 480 62 conformation
1896 1564 335 78 physique
2277 1569 62 57 et
2381 1567 67 59 la

335 1660 235 57 nature
616 1656 78 59 de
738 1655 181 60 leurs
964 1650 538 77 complaisances,
1549 1647 161 59 elles
1754 1645 224 58 furent
2009 1645 347 75 qualifiées
2381 1646 65 60 la

335 1738 212 59 Cause
592 1735 80 59 de
713 1734 66 58 la
818 1731 301 60 Douleur
1158 1726 359 61 Humaine.
1568 1725 151 60 Cela
1769 1724 159 59 était
1971 1721 153 61 bien
2155 1741 170 60 pour
2347 1725 99 61 les

331 1816 217 60 flatter
576 1813 404 61 infiniment.

414 1895 95 59 La
538 1891 333 61 franchise
919 1886 267 62 arborée
1219 1903 82 42 au
1332 1886 217 74 temps
1581 1884 79 58 de
1698 1882 64 59 la
1799 1881 301 76 Régence
2142 1880 306 80 s'éclipsa

335 1974 243 60 devant
605 1973 65 59 la
701 1970 212 60 mode.
969 1968 99 60 On
1102 1984 69 42 se
1204 1964 283 77 départit
1530 1962 90 58 du
1653 1961 418 78 scepticisme
2093 1960 351 77 judicieux

336 2054 115 79 qui
496 2051 261 61 mettait
797 2050 282 60 l'amour
1121 2063 84 42 au
1235 2046 240 57 niveau
1507 2041 158 60 d'un
1695 2041 247 78 appétit
1987 2041 459 78 stomachique

336 2148 62 46 et
429 2130 358 64 assimilait
832 2130 97 58 les
979 2126 245 60 délices
1277 2124 79 59 de
1406 2122 64 60 la
1517 2120 267 77 passion
1837 2136 132 44 aux
2019 2121 429 60 succulences

338 2213 158 59 d'un
527 2228 192 61 repas
749 2208 296 61 attendu.
1092 2205 344 60 L'homme
1468 2201 176 60 avait
1688 2199 172 59 failli
1908 2199 416 61 s'affranchir
2352 2201 92 59 du

331 2293 205 58 vieux
588 2304 358 58 mensonge
1002 2281 445 62 sentimental.
1505 2280 53 58 Il
1623 2279 218 59 revint
1917 2295 85 42 au
2063 2277 185 79 joug.
2312 2279 138 61 Les

332 2371 284 61 femmes
647 2370 79 59 de
757 2365 280 79 légèreté
1068 2365 61 58 le
1153 2360 466 77 reconquirent
1646 2357 378 61 bellement.

414 2450 124 61 Car
586 2446 379 64 Mackenzie
1014 2444 176 58 avait
1247 2458 207 54 conçu
1508 2456 119 42 son
1674 2440 240 74 temps.
1959 2435 348 75 Réduites,
2361 2455 87 41 en

332 2545 256 56 amour,
618 2545 83 41 au
735 2524 133 62 rôle
903 2525 78 60 de
1014 2523 258 59 sachets
1301 2520 37 58 à
1373 2519 255 77 plaisir,
1657 2517 98 60 les
1787 2516 280 60 femmes
2107 2516 326 60 tentaient

336 2611 80 59 de
443 2608 354 77 reprendre
826 2606 65 57 la
919 2601 323 80 première
1272 2600 186 76 place
1505 2614 119 61 par
1662 2596 277 76 l'esprit.
1990 2595 127 58 Les
2149 2596 261 75 encyclo-

331 2689 299 80 pédistes
673 2684 413 80 préparaient
1129 2683 165 57 cette
1324 2676 436 78 rédemption.
1798 2696 29 35 «
1860 2675 55 60 Il
1975 2693 81 42 ne
2114 2675 142 60 faut
2296 2693 143 59 pas,

332 2766 397 64 semblaient
741 2765 105 57 -ils
863 2763 165 71 dire,
1046 2759 233 78 perdre
1301 2759 65 58 la
1378 2759 103 58 vie
1498 2757 37 58 à
1549 2755 342 61 d'inutiles
1908 2754 528 77 marivaudages.

332 2848 308 77 L'esprit,
670 2862 169 61 pour
863 2859 121 43 son
1012 2839 565 76 développement,
1613 2835 282 61 réclame
1912 2835 98 58 les
2028 2834 241 59 heures
2292 2851 113 44 con-

335 2926 254 63 sacrées
616 2925 35 60 à
680 2924 65 60 la
776 2921 230 61 sottise
1046 2919 118 59 des
1207 2916 417 78 galanteries.
1658 2915 69 60 Si
1760 2915 175 60 deux
1981 2912 171 60 êtres
2185 2930 70 43 se
2283 2912 129 78 plai-

334 3010 171 69 sent,
557 3005 141 60 s'ils
734 3001 235 79 jugent
1016 2999 146 59 leur
1216 2996 384 76 possession
1644 2995 196 77 digne
1889 2994 80 58 de
2014 2992 148 60 leur
2208 2991 233 74 allure,

335 3086 198 82 qu'ils
561 3103 69 43 se
659 3081 325 80 prennent
1023 3081 63 57 et
1133 3077 149 60 n'en
1328 3076 259 76 parlent
1633 3090 121 61 pas
1799 3075 385 75 davantage.
2220 3071 224 61 L'âme

331 3165 310 62 humaine
673 3179 82 43 ne
801 3159 250 62 saurait
1094 3155 263 61 obtenir
1404 3171 131 42 une
1567 3154 225 76 rapide
1834 3151 339 61 évolution
2203 3169 150 42 vers
2385 3152 62 60 le

331 3246 302 61 bonheur
650 3239 338 65 universel
1007 3238 192 77 qu'en
1221 3235 450 60 éclaircissant
1690 3231 493 79 desproblèmes
2198 3232 248 59 autres.

363 3349 5 10 •
412 3326 145 60 «Le
589 3321 326 79 singulier
945 3316 184 62 souci
1159 3316 79 59 de
1270 3331 70 42 se
1360 3314 195 77 jouer
1592 3329 132 42 une
1746 3312 175 61 farce
1961 3326 395 46 amoureuse
2385 3312 63 59 et

332 3404 326 65 mutuelle
707 3404 37 57 à
786 3398 288 80 laquelle
1113 3394 119 61 nul
1276 3410 80 42 ne
1406 3392 129 59 sait
1583 3391 210 60 croire
1842 3409 84 42 au
1973 3391 160 60 fond
2182 3391 78 57 de
2306 3391 133 57 soi!

332 3484 300 62 Calculez
660 3498 231 44 encore
934 3475 306 77 l'énergie
1271 3472 248 78 perdue
1543 3488 119 59 par
1705 3471 99 60 les
1844 3471 303 60 hommes
2189 3470 37 58 à
2273 3471 169 57 cette

326 3568 197 75 farce,
550 3561 320 82 principal
903 3556 245 63 mobile
1174 3555 79 60 de
1280 3554 124 76 vie,
1425 3568 240 59 songez
1689 3568 131 43 aux
1844 3550 373 61 merveilles
2249 3549 206 59 inteR
