2654 4029
791 725 444 101 L'HOMME
1309 725 471 101 SENSIBLE

294 1407 58 60 A
369 1406 64 61 la
450 1405 95 61 fin
567 1405 90 60 du
681 1405 199 62 siècle
907 1405 384 79 précédent,
1320 1404 360 63 l'Ecossais
1710 1406 385 64 Mackenzie
2122 1409 239 77 publia

219 1489 180 59 deux
421 1486 204 60 livres
659 1504 13 42 :
714 1491 128 57 The
888 1491 177 57 Man
1101 1487 80 72 of
1213 1489 260 72 feeling
1519 1489 64 58 et
1630 1491 109 57 the
1777 1492 173 58 Man
1997 1491 81 71 of
2130 1495 231 56 World

223 1565 119 81 qui
375 1566 451 78 emportèrent
854 1566 452 61 l'admiration
1338 1566 90 60 du
1461 1569 264 59 monde.

296 1647 347 61 L'homme
703 1647 297 61 sensible
1056 1647 326 60 enchanta
1421 1664 131 43 une
1598 1647 241 61 société
1882 1647 310 79 toujours
2247 1668 74 43 en-

220 1727 171 61 cline
417 1729 38 58 à
487 1727 382 61 s'attendrir
891 1729 241 76 depuis
1157 1727 99 61 les
1288 1727 334 78 bergeries
1654 1727 226 61 d'Urfé
1912 1730 63 57 et
2006 1729 97 61 les
2135 1730 225 76 grâces

217 1809 86 61 de
333 1807 293 61 Florian.
668 1807 104 63 On
818 1826 81 44 en
943 1810 147 57 vint
1138 1806 418 79 rapidement
1597 1809 37 58 à
1661 1807 268 78 pleurer
1960 1825 115 43 sur
2121 1811 170 74 tout,
2324 1811 38 60 à

223 1887 425 61 s'intéresser
677 1904 135 43 aux
852 1889 155 77 plus
1038 1887 320 60 minimes
1388 1887 343 61 tristesses
1777 1889 119 58 des
1928 1889 259 72 choses,
2223 1908 133 43 aux

224 1969 160 77 plus
433 1966 357 61 abstraites
837 1967 320 60 douleurs
1189 1967 80 60 de
1317 1965 347 62 l'histoire.
1701 1967 85 61 Ce
1819 1967 103 60 fut
1951 1985 93 42 un
2074 1970 137 58 ton.
2260 1970 102 61 On

228 2047 327 78 s'apitoya
587 2064 119 42 sur
732 2046 373 74 soi-même,
1137 2064 117 42 sur
1278 2046 95 61 les
1396 2063 302 61 agneaux
1727 2047 188 60 aussi
1937 2064 130 61 que
2098 2065 228 62 surpre-

225 2127 144 60 nait
398 2126 261 78 l'orage.
706 2126 139 60 Des
898 2126 330 61 émotions
1268 2126 316 78 pareilles
1616 2126 377 62 animèrent
2034 2127 100 61 les
2175 2129 187 62 âmes

229 2209 322 76 songeant
582 2223 133 43 aux
751 2206 231 61 ruines
1012 2207 80 60 de
1113 2206 338 78 Palmyre,
1475 2206 37 60 â
1540 2209 144 58 tant
1716 2209 80 58 de
1827 2207 278 79 peuples
2147 2209 183 78 dispa-

226 2304 144 55 rus,
393 2301 86 45 au
508 2285 295 79 papillon
827 2287 117 77 qui
965 2304 70 43 se
1062 2286 222 61 réduit
1311 2304 80 43 en
1420 2287 254 78 poudre
1698 2287 168 60 dans
1891 2287 66 61 la
1983 2289 185 59 main
2187 2291 80 60 de
2298 2290 64 60 la

225 2367 239 61 fillette
496 2366 331 75 curieuse,
860 2369 37 58 à
926 2367 66 61 la
1021 2367 193 61 dame
1245 2367 325 61 délaissée
1603 2387 121 59 par
1755 2369 63 59 le
1847 2369 273 61 libertin
2153 2387 81 44 en
2267 2370 63 61 fa-

224 2464 167 46 veur
419 2445 82 61 de
531 2445 116 79 qui
678 2445 125 62 elle
835 2464 70 43 se
929 2449 289 58 troussa.

315 2548 31 35 «
376 2524 348 62 L'homme
747 2526 293 62 sensible
1065 2549 29 36 »
1120 2528 403 78 s'incorpora
1541 2545 81 45 en
1637 2529 224 61 toutes
1881 2528 99 60 les
1997 2545 367 63 personnes

225 2606 365 79 élégantes.
638 2606 56 60 Il
748 2608 78 59 fit
879 2608 234 62 fureur
1164 2625 85 45 au
1303 2610 211 74 salon,
1564 2627 83 41 au
1691 2609 310 73 boudoir,
2050 2610 169 60 dans
2262 2611 100 60 les

228 2686 275 62 ruelles.
539 2685 244 62 L'éclat
809 2704 319 62 passager
1157 2689 160 61 d'un
1357 2689 108 62 bel
1515 2689 138 73 œil,
1700 2689 61 59 le
1792 2689 268 61 charme
2100 2689 120 61 des
2251 2690 76 60 bo-

230 2784 217 62 cages,
497 2765 286 62 l'amour
835 2768 117 61 des
995 2770 302 74 oiseaux,
1343 2769 66 61 la
1456 2769 522 77 contemplation
2022 2770 120 60 des
2190 2771 131 59 tom-

226 2848 248 72 beaux,
504 2846 64 61 le
598 2846 317 82 feuillage
941 2849 92 62 du
1066 2850 211 75 saule,
1306 2850 62 61 le
1388 2850 171 61 banc
1578 2867 299 55 moussu,
1898 2853 86 69 et,
2008 2850 155 78 plus
2183 2851 174 71 tard,

220 2928 69 62 le
319 2926 304 63 remords
649 2928 93 59 du
771 2929 288 79 régicide
1086 2931 342 63 rendirent
1453 2929 99 62 les
1580 2947 241 62 propos
1852 2929 339 63 humides.
2228 2930 131 61 Les

224 3009 236 60 dames
501 3006 265 63 avaient
808 3011 314 61 coutume
1161 3011 81 61 de
1286 3013 227 77 porter
1556 3028 156 43 sans
1758 3027 184 44 cesse
1987 3010 39 60 à
2059 3009 67 61 la
2171 3011 186 59 main

221 3089 151 62 leur
402 3088 370 72 mouchoir,
804 3090 187 78 signe
1018 3091 158 61 d'un
1208 3109 183 43 cœur
1419 3091 143 79 prêt
1592 3090 39 60 à
1660 3090 257 61 fondre.

303 3169 94 62 Le
430 3168 232 61 succès
690 3168 103 62 fut
813 3170 351 64 immense.
1211 3171 259 74 C'était,
1501 3188 120 43 sur
1651 3170 118 61 des
1814 3169 231 62 motifs
2075 3170 83 61 de
2190 3169 136 62 déli-

217 3250 265 61 catesse
526 3246 238 77 d'âme,
809 3250 289 64 l'excuse
1142 3251 540 63 définitivement
1725 3249 241 61 établie
2013 3250 82 62 de
2134 3250 223 61 toutes

228 3329 101 63 les
358 3328 295 62 lâchetés
686 3330 90 60 du
808 3348 202 53 cœur,
1040 3333 92 59 du
1164 3349 214 62 corps.
1411 3330 309 62 L'amant
1747 3345 69 46 se
1846 3328 190 63 farda
2065 3330 80 61 de
2175 3348 148 61 pres-

234 3409 137 80 tige
414 3408 357 66 funéraire.
821 3413 377 80 Pitoyable,
1230 3414 50 61 il
1325 3413 228 62 devint
1593 3410 198 80 digne
1835 3411 80 63 de
1946 3411 415 77 vénération,
