2654 4029
1325 284 82 65 94

305 448 160 76 peut
493 442 304 63 soutenir
828 460 127 60 que
982 460 116 60 par
1129 442 64 60 la
1222 444 358 77 puissance
1625 444 80 59 cle
1740 442 184 61 leurs
1970 441 360 73 créations,
2373 441 64 64 la

306 524 239 62 beauté
595 524 80 58 de
717 524 181 59 leurs
944 525 490 60 constructions
1486 524 557 77 systématiques,
2092 522 99 59 les
2233 521 165 61 méta-

304 604 392 78 physiciens
726 604 321 59 touchent
1068 604 120 59 àla
1208 605 227 77 poésie
1467 638 78 10 —-
1573 605 57 58 si
1659 604 229 77 poésie
1917 602 160 60 veut
2101 601 157 60 bien
2293 601 143 64 dire

304 685 260 60 l'action
602 684 79 58 de
714 682 202 73 créer,
957 702 70 41 ce
1065 702 128 59 que
1223 700 328 61 personne
1582 702 78 41 ne
1692 684 321 58 conteste.

386 766 130 59 Les
545 764 156 76 plus
733 764 211 59 belles
977 782 264 41 œuvres
1274 765 79 58 de
1383 765 65 58 la
1479 762 505 79 métaphysique
2021 780 13 41 :
2073 760 100 61 les
2208 765 193 57 Dialo-

305 862 170 58 gues
502 845 79 58 de
607 844 262 70 Platon,
896 846 99 57 les
1020 844 399 72 Ennéades,
1443 844 42 59 Y
1489 848 292 67 Ethique
1791 891 14 24 ,
1834 844 65 58 la
1928 846 508 70 Monadologie,

306 926 65 59 la
431 928 309 68 Critique
798 929 80 56 de
931 930 65 56 la
1048 930 255 56 Raison
1349 940 182 57 pure
1542 971 14 25 ,
1601 926 152 69 etc.,
1806 925 153 57 sont
2004 922 80 59 de
2135 922 266 59 merveil-

308 1005 162 60 leux
505 1004 270 77 poèmes
818 1005 554 78 cosmogoniques
1404 1022 84 41 ou
1514 1003 593 77 psychologiques,
2157 1004 63 56 et
2270 1001 166 61 dans

308 1084 392 61 l'évocation
733 1084 116 59 des
879 1084 208 72 idées,
1119 1102 172 41 nous
1339 1100 171 43 nous
1541 1083 452 77 complaisons
2025 1083 233 58 autant
2303 1098 129 59 que

309 1166 168 59 dans
524 1164 391 61 l'évocation
960 1165 119 58 des
1127 1164 272 59 formes.
1457 1163 174 60 C'est
1678 1179 168 60 pour
1889 1161 161 73 cela,
2087 1178 128 59 que
2264 1178 172 43 nous

309 1262 245 43 aurons
581 1246 232 59 autant
845 1244 81 59 de
955 1244 420 77 répugnance
1404 1243 37 59 à
1471 1243 400 67 considérer,
1898 1259 158 42 avec
2073 1241 86 60 M.
2199 1243 78 58 de
2308 1241 86 61 Ro-

306 1325 223 76 berty,
571 1325 99 60 les
718 1324 568 77 métaphysiciens
1328 1323 116 77 qui
1489 1323 310 78 toujours
1852 1321 422 78 spéculèrent
2321 1339 118 42 sur

309 1404 589 61 l'Inconnaissable
930 1420 255 44 comme
1213 1404 117 58 des
1350 1403 286 74 aberrés,
1665 1401 151 79 qu'à
1837 1403 306 76 regarder
2162 1401 100 60 les
2288 1401 114 76 poè-

308 1489 101 57 tes
442 1486 64 59 et
538 1485 99 60 les
670 1485 269 60 artistes
969 1502 257 42 comme
1260 1484 117 60 des
1410 1483 177 72 fous,
1623 1500 157 44 avec
1809 1483 89 59 M.
1933 1481 400 61 Lombroso.

392 1565 68 59 Si
491 1565 63 59 la
587 1564 258 60 science
894 1563 249 78 répond
1199 1564 37 60 à
1283 1580 93 44 un
1406 1564 234 60 besoin
1670 1563 404 77 impérieux,
2106 1563 64 59 la
2209 1561 225 79 poésie

310 1648 65 58 et
404 1645 65 59 la
499 1644 515 76 métaphysique
1044 1660 83 45 ne
1155 1645 151 59 sont
1325 1660 118 60 pas
1468 1644 221 60 moins
1712 1643 435 72 nécessaires,
2164 1644 64 58 et
2243 1641 67 78 je
2333 1641 111 60 l'ai

313 1725 122 69 dit,
468 1725 145 57 tant
646 1723 163 76 qu'il
842 1740 44 59 y
919 1739 162 43 aura
1121 1740 92 41 un
1244 1724 287 58 inconnu
1569 1739 173 45 nous
1772 1740 171 42 nous
1970 1721 300 78 plairons
2304 1739 135 42 aux

310 1805 290 71 fictions,
634 1803 276 77 qu'elles
952 1803 219 59 soient
1211 1803 348 77 poétiques
1608 1822 87 43 ou
1725 1804 584 76 philosophiques.
2346 1803 95 59 La

313 1885 259 60 science
616 1900 83 42 ne
755 1885 160 75 peut
964 1884 364 58 demander
1377 1884 248 75 qu'une
1673 1885 220 71 chose,
1941 1884 159 60 c'est
2145 1900 129 59 que
2332 1899 108 45 ces

310 1964 266 60 fictions
606 1979 83 43 ne
732 1961 319 61 viennent
1079 1979 119 61 pas
1240 1963 146 59 nier
1418 1980 108 44 ses
1571 1963 506 72 constatations,
2112 1963 73 58 ni
2228 1964 178 58 entra-

313 2062 118 42 ver
458 2059 73 43 sa
562 2043 288 59 marche.
886 2043 181 58 Pour
1107 2043 160 72 cela,
1302 2043 125 59 elle
1460 2060 33 42 a
1538 2043 226 59 raison
1795 2044 79 58 de
1916 2060 81 42 ne
2035 2041 156 79 plus
2220 2059 188 45 recon-

310 2124 212 60 naître
564 2121 615 70 l'Inconnaissable,
1230 2123 115 76 qui
1390 2123 315 77 fraperait
1736 2138 42 46 a
1811 2128 239 66 priori
2097 2121 308 79 d'impuis-

314 2220 197 45 sance
546 2220 106 44 ses
704 2203 249 72 efforts,
991 2204 63 58 et
1104 2204 80 58 de
1228 2204 347 76 n'adopter
1623 2220 130 60 que
1804 2204 348 58 l'Inconnu
2203 2204 240 76 qu'elle

313 2284 227 76 espère
568 2284 310 77 toujours
921 2281 234 63 forcer.
1189 2283 172 59 Mais
1411 2284 59 60 si
1519 2283 596 61 l'Inconnaissable
2148 2286 102 58 est
2280 2283 165 61 fatal

313 2365 37 59 à
379 2350 65 72 fa
475 2364 282 71 science,
776 2363 49 58 il
845 2366 100 56 est
977 2364 316 60 essentiel
1315 2380 167 60 pour
1507 2363 66 61 la
1598 2364 516 77 métaphysique
2137 2365 64 60 et
2227 2364 217 61 même

313 2460 167 61 pour
536 2444 65 57 la
656 2443 223 77 poésie
926 2477 79 9 —
1053 2444 363 75 quoiqu'on
1472 2444 234 76 puisse
1767 2444 165 72 dire,
1984 2460 158 44 avec
2190 2444 251 74 raison,

314 2540 130 60 que
475 2524 65 58 la
568 2524 257 58 science
869 2525 102 57 est
1001 2523 188 59 aussi
1214 2523 373 61 nécessaire
1620 2524 35 58 à
1686 2524 148 60 l'art
1866 2525 62 59 et
1956 2524 37 60 à
2040 2524 66 60 la
2147 2524 259 77 philoso-

314 2604 175 76 phie.
522 2637 80 8 —
629 2603 221 72 Ainsi,
882 2603 57 58 si
967 2604 89 58 M.
1112 2603 78 59 de
1222 2603 250 59 Robert
1482 2622 40 57 y
1555 2620 37 42 a
1636 2620 84 42 eu
1759 2603 226 61 raison
2026 2604 80 60 de
2140 2605 305 61 soutenir

312 2681 529 79 l'impossibilité
869 2700 168 60 pour
1065 2683 64 58 la
1154 2683 424 77 philosophie
1612 2684 202 60 d'être
1847 2702 129 43 une
2010 2685 285 73 science,
2328 2685 49 60 il
2408 2702 37 43 a

313 2767 133 57 tort
478 2764 80 58 de
592 2781 83 41 ne
719 2779 121 61 pas
887 2763 267 58 vouloir
1199 2763 346 77 l'accepter
1597 2782 258 42 comme
1896 2765 544 78 métaphysique.

313 2844 57 58 Il
417 2844 140 60 doit
599 2859 281 61 opposer
912 2841 432 79 l'optimisme
1373 2844 78 60 de
1481 2844 65 58 la
1590 2844 475 61 connaissance
2097 2847 37 58 à
2167 2830 246 93 l'agnos-

312 2924 266 60 ticisme
618 2924 116 76 qui
766 2941 79 41 en
877 2925 100 57 est
1010 2924 61 58 le
1103 2923 457 77 pessimisme,
1597 2924 172 61 mais
1799 2924 49 58 il
1886 2943 83 42 ne
2001 2927 161 76 peut
2194 2927 216 59 raison-

313 3003 385 61 nablement
764 3003 169 61 faire
988 3003 332 77 prévaloir
1364 3021 83 43 en
1513 3005 147 59 tout
1717 3004 423 64 l'excellence
2191 3008 80 60 de
2323 3023 122 43 son

317 3083 321 77 système.

392 3164 55 58 Il
479 3165 100 57 est
609 3163 142 61 vrai
776 3179 151 61 que,
949 3179 79 43 en
1062 3181 72 41 sa
1166 3162 249 78 qualité
1449 3163 79 59 de
1559 3163 350 77 polémiste
1937 3165 422 79 philosophe,
2384 3167 64 58 et

308 3243 85 61 de
439 3243 281 77 critique
757 3244 256 72 ardent,
1046 3243 49 59 il
1140 3248 99 56 est
1275 3243 266 77 logique
1582 3261 129 59 que
1742 3245 87 60 M.
1879 3247 80 59 de
2007 3247 301 76 Roberty
2351 3247 94 59 ait

308 3324 246 76 poussé
604 3327 34 57 à
684 3324 341 61 l'extrême
1076 3341 74 43 sa
1193 3323 277 72 théorie,
1518 3325 64 59 et
1613 3325 159 77 quoi
1820 3327 162 76 qu'il
2022 3344 84 44 en.
2148 3328 131 60 soit
2328 3327 118 59 des

315 3403 369 79 objections
723 3422 131 60 que
894 3404 116 78 j'ai
1054 3422 89 60 pu
1189 3403 188 72 faire,
1409 3407 63 57 et
1504 3404 116 76 qui
1660 3405 408 63 n'infirment
2098 3424 82 44 en
2215 3410 139 58 rien
2383 3408 62 58 le

315 3483 160 61 fond
502 3484 79 61 de
613 3502 107 42 ses
761 3485 206 68 idées,
1001 3485 89 60 M.
1123 3485 79 59 de
1240 3484 320 76 Roberty,
1608 3502 81 43 en
1730 3487 301 77 ajoutant
2076 3488 331 75 VAgnosti-

313 3567 216 58 cisme
588 3565 37 59 à
667 3570 64 55 la
773 3569 434 69 Philosophie
1237 3569 93 56 du
1354 3559 247 79 Siècle,
1635 3567 62 58 et
1728 3567 34 59 h
1804 3565 644 74 l'Inconnaissable,
