2654 4029
1275 303 79 65 79

457 467 116 52 Les
602 463 280 72 parfums
913 463 229 53 étaient
1172 467 205 49 autres
1410 463 156 54 dans
1597 463 57 53 la
1691 464 153 62 nuit,

460 557 77 52 Et
567 569 95 39 ses
694 552 260 69 paroles,
983 550 191 55 belles
1207 552 34 50 à
1273 567 75 38 en
1378 554 252 56 mourir.

460 715 69 53 Je
559 712 217 54 l'avais
811 710 213 65 suivie,
1062 710 70 54 de
1176 709 221 66 là-bas,
1433 727 143 38 sans
1609 712 200 67 doute,

460 803 121 53 Par
606 801 264 71 quelque
903 815 217 39 amour
1151 798 174 55 futile
1358 802 58 49 et
1447 801 220 63 oublié,

460 893 138 62 Car,
635 906 63 38 ce
728 889 229 66 soir-là,
991 905 145 38 mon
1162 888 134 54 âme
1326 888 210 54 l'aima
1567 892 166 50 toute

463 981 94 53 En
587 995 85 37 un
704 980 263 69 premier
995 977 158 55 émoi
1181 977 303 65 balbutié;

464 1069 77 54 Ce
572 1069 213 53 n'était
814 1084 112 53 pas
957 1066 199 55 l'éveil
1186 1066 143 53 d'un
1358 1065 349 54 lendemain
1741 1081 12 38 :

460 1159 71 53 Je
558 1173 73 38 11e
664 1173 96 36 me
793 1156 326 53 souvenais
1151 1155 140 72 plus
1327 1155 103 53 des
1460 1155 295 63 chemins,

464 1248 119 52 Des
612 1248 327 52 tournants
968 1248 56 49 et
1052 1244 103 54 des
1186 1244 219 54 heures
1428 1244 71 53 de
1528 1243 62 53 la
1617 1245 192 62 route,

465 1335 88 52 De
583 1334 217 70 l'étape
832 1334 193 52 d'hier
1056 1333 105 71 qui
1194 1331 320 72 s'éloigne;

464 1423 67 52 Je
560 1420 234 55 l'aimai
825 1436 231 39 comme
1081 1420 61 54 la
1174 1420 109 55 Vie
1307 1423 59 51 et
1396 1423 168 51 toute
1585 1420 142 70 joie,

463 1512 96 53 Me
591 1513 247 51 sentant
868 1513 198 50 naître
1104 1509 170 54 d'elle
1306 1524 232 39 comme
1569 1526 85 35 1111
1683 1509 97 54 fils

465 1601 163 53 Pour
659 1598 265 71 quelque
953 1598 139 69 jour
1123 1615 142 36 sans
1294 1598 87 52 fin
1409 1598 147 53 dont
1585 1598 198 53 l'aube
1813 1597 238 71 poigne.

463 1751 219 54 C'était
709 1766 232 38 comme
967 1766 119 37 une
1117 1752 161 52 mort
1307 1749 145 55 dont
1496 1752 187 52 sourd
1712 1747 314 67 l'éternité,

464 1839 324 54 L'étreinte
817 1839 228 54 irrêvée
1073 1839 74 52 de
1178 1855 143 38 mon
1353 1842 134 51 âme
1518 1839 273 64 obscure,

463 1938 85 54 Le
579 1937 262 54 soudain
868 1937 301 69 triomphe
1200 1936 73 55 de
1296 1936 311 65 certitude,

468 2025 339 54 L'éclosion
840 2025 316 65 soudaine,
1189 2026 311 69 inespérée

468 2114 89 53 De
586 2112 62 54 la
672 2112 151 53 fleur
855 2112 207 53 chaste
1091 2115 57 50 et
1178 2128 148 53 pure

466 2204 77 51 Et
573 2201 105 69 qui
709 2201 112 52 fait
851 2200 127 53 dire
1011 2215 73 38 en
1117 2201 89 52 soi
1241 2215 11 38 :
1289 2201 141 54 c'est
1460 2200 208 60 bien...

466 2352 78 54 Et
569 2366 156 39 nous
752 2350 379 70 sanglotions
1164 2350 153 53 dans
1343 2350 268 65 l'ombre,
1646 2351 346 70 élyséens...

464 2493 82 54 Le
578 2497 145 49 vent
752 2490 198 54 s'était
979 2490 150 67 levé,
1166 2492 320 69 rythmant
1524 2507 94 39 ses
1645 2492 276 71 phrases,

460 2582 76 52 Et
568 2579 208 71 quand
807 2577 111 55 elle
946 2595 61 37 se
1037 2580 132 63 tait,
1203 2584 168 50 toute
1400 2580 253 54 l'ombre
1677 2581 150 69 jase,

460 2670 77 52 Et
567 2669 148 70 petit
747 2669 34 52 à
811 2669 167 68 petit,
1015 2667 71 54 de
1119 2669 267 54 branche
1415 2685 74 38 en
1517 2669 289 66 branche,

452 2759 199 52 Toute
680 2755 62 55 la
772 2756 155 54 forêt
958 2756 220 54 chante
1206 2773 231 38 comme
1467 2774 85 37 un
1587 2756 391 57 dimanche...

465 2958 179 135 Ï3ès
677 3055 62 38 ce
771 3038 230 66 soir-là,
1034 3040 105 54 dès
1172 3042 152 52 cette
1354 3041 135 54 nuit

464 3127 165 55 Dont
651 3127 250 55 l'ombre
920 3128 556 72 phosphorescente
1506 3130 117 53 luit

468 3216 247 55 Comme
744 3216 63 53 la
836 3217 135 52 nuit
1004 3217 69 54 de
1106 3233 112 38 nos
1252 3221 324 66 paupières

461 3304 89 52 De
578 3302 250 55 diffuses
861 3305 219 53 clartés
1114 3305 254 53 sourdes
1401 3309 57 51 et
1490 3305 236 65 claires,

464 3391 122 54 Dès
617 3395 149 51 cette
795 3393 276 54 heure-là
1096 3394 61 70 je
1186 3395 186 52 vécus
1405 3393 211 62 d'Elle,

463 3479 121 53 Dès
612 3483 149 49 cette
793 3482 133 53 nuit
957 3484 166 51 toute
1156 3480 386 66 d'étincelles,

465 3568 445 70 Effulgescente
943 3569 71 53 de
1040 3572 333 68 mystère...
