2654 4029
1253 166 125 66 77

479 327 229 56 Claude
740 326 147 56 était
905 326 156 72 pâle,
1099 343 145 40 avec
1274 344 85 39 un
1390 329 255 67 sourire,

480 419 117 54 Gai
625 416 178 55 d'une
833 416 159 70 gaîté
1019 418 246 68 étrange
1296 433 236 39 comme
1565 434 86 38 un
1682 433 207 57 songe,

480 508 89 53 De
599 505 146 55 voix
770 505 52 54 si
853 504 187 55 douce
1062 505 154 54 dans
1242 505 54 54 le
1326 505 120 54 rire

480 594 226 67 Qu'elle
737 593 331 54 démentait
1094 609 70 38 sa
1188 593 259 56 raillerie
1461 611 16 49 ;

480 686 99 54 Un
606 684 99 70 gai
732 698 331 55 mensonge

479 772 229 56 Voilait
733 788 112 38 son
877 776 133 49 âme
1042 772 399 54 d'effronterie

480 862 256 55 Faisant
760 863 173 54 rêver
953 860 74 55 de
1057 876 94 39 ses
1180 860 272 72 paroles;

479 951 53 53 Il
559 950 229 72 portait
818 950 36 53 à
873 948 259 72 l'épaule
1164 964 67 39 sa
1259 947 159 56 viole

478 1042 76 52 Et
581 1040 199 70 jouait
806 1070 71 9 —
902 1054 62 39 se
990 1039 219 69 jouant
1239 1068 67 7 —
1338 1036 103 55 des
1468 1036 122 55 airs

480 1129 64 54 Si
574 1129 179 54 clairs

478 1219 165 53 Avec
673 1218 166 52 leurs
867 1230 217 55 songes
1115 1215 295 53 entonnés

480 1307 119 66 Qui
630 1322 63 38 se
723 1305 286 55 mêlaient
1042 1304 51 53 si
1122 1304 142 53 bien
1291 1319 124 38 aux
1442 1305 173 54 rêves
1646 1304 73 53 de
1745 1319 110 38 nos
1888 1319 214 50 cœurs,

478 1395 195 66 Qu'au
700 1393 222 56 second
950 1393 228 53 refrain
1208 1408 158 38 nous
1392 1407 155 38 nous
1569 1393 312 70 joignions
1913 1394 159 64 tous,

480 1487 55 53 A
566 1484 355 64 demi-7oix,
955 1483 230 53 faisant
1211 1483 53 53 le
1294 1482 238 65 chœur;

477 1573 53 56 Il
559 1573 215 55 aimait
802 1571 208 54 Yeldis
1042 1571 143 53 d'un
1217 1586 216 39 amour
1457 1571 239 53 étonné.

483 1766 76 54 Et
590 1762 228 73 quand,
855 1761 202 61 Soleil,
1091 1760 153 53 dans
1270 1762 89 51 tes
1391 1760 251 70 Rayons
1670 1759 72 54 de
1771 1757 151 72 lyre,

480 1858 91 53 La
601 1853 325 56 cavalcade
955 1849 310 56 descendit

482 1945 162 54 Avec
676 1942 105 53 des
812 1939 223 71 grelots
1067 1942 57 50 et
1146 1938 105 53 des
1282 1938 167 65 rires,

483 2034 70 54 Je
577 2033 133 69 jure
742 2029 149 70 qu'il
920 2028 154 53 n'est
1095 2042 111 54 pas
1235 2027 245 53 homme
1512 2025 105 70 qui
1649 2041 75 39 ne
1754 2025 214 58 vendit

486 2122 123 54 Son
639 2135 186 48 cœur,
859 2133 110 37 son
999 2116 133 53 âme
1159 2118 57 51 et
1246 2131 111 37 son
1387 2114 198 70 espoir

483 2210 165 54 Pour
677 2210 121 50 être
828 2204 105 54 des
960 2203 223 65 nôtres,
1218 2217 63 40 ce
1303 2203 188 56 soir...

492 2461 86 136 Il
605 2560 43 53 y
679 2545 101 52 eut
811 2541 71 57 de
906 2541 188 56 belles
1124 2540 433 67 chevauchées,

493 2634 123 54 Des
638 2632 198 55 haltes
865 2632 212 66 lasses,
1105 2632 165 69 gaies
1305 2648 11 38 :

491 2721 271 70 Eperons
790 2737 122 36 aux
940 2720 191 55 flancs
1162 2724 58 49 et
1240 2720 86 53 les
1355 2719 205 56 brides
1588 2718 263 55 lâchées.

491 2810 125 55 Nos
646 2809 278 56 chevaux
952 2810 104 54 dès
1087 2809 197 55 l'aube
1315 2809 301 55 entraient
1646 2808 153 54 dans
1824 2808 55 54 le
1903 2808 140 70 jour

493 2899 95 64 Et,
624 2898 79 53 du
731 2900 141 69 jour
902 2899 154 53 dans
1085 2898 61 53 la
1175 2898 155 66 nuit,
1357 2898 76 53 ils
1457 2898 311 71 passaient
1800 2913 79 38 au
1910 2895 210 73 galop;

496 2987 52 53 Il
569 3003 40 55 y
637 2991 101 49 eut
769 2987 104 54 des
901 2987 217 66 haltes,
1150 2987 194 54 lasses
1375 3003 77 37 ou
1475 2987 185 70 gaies,

494 3077 96 53 Au
621 3074 139 72 pied
786 3076 143 53 d'un
954 3076 188 66 hêtre,
1171 3092 78 37 au
1281 3076 153 54 seuil
1462 3074 145 55 d'un
1635 3074 305 70 faubourg
1955 3088 14 54 ;

491 3165 171 54 Nous
689 3165 301 55 arrivions
1020 3165 136 54 tard
1188 3168 57 52 et
1274 3180 156 39 nous
1460 3165 275 71 partions
1757 3161 108 59 tôt.

497 3363 98 53 Un
620 3360 139 70 jour
788 3364 273 66 radieux,

493 3449 330 72 Philarque
854 3455 56 51 et
934 3452 127 54 Luc
1093 3452 331 71 quittèrent
1453 3450 59 54 la
1545 3449 169 52 route
