<?xml version="1.0" encoding="UTF-8"?>
<alto xmlns:xsi="http://www.w3.org/2001/XMLSchema-instance" xmlns="http://www.loc.gov/standards/alto/ns-v2#" xsi:schemaLocation="http://www.loc.gov/standards/alto/ns-v2# http://www.loc.gov/standards/alto/alto-v2.0.xsd" xmlns:xlink="http://www.w3.org/1999/xlink">
	<Description>
		<MeasurementUnit>mm10</MeasurementUnit>
		<sourceImageInformation>
			<fileName>//fileserver7/IN2-2/Princeton/Batch7/bmtnaas/1892/08_01/00000111.tif</fileName>
		</sourceImageInformation>
		<OCRProcessing ID="OCRPROCESSING_1">
			<preProcessingStep>
				<processingSoftware>
					<softwareCreator>CCS Content Conversion Specialists GmbH, Germany</softwareCreator>
					<softwareName>CCS docWorks</softwareName>
					<softwareVersion>6.7-1.24</softwareVersion>
				</processingSoftware>
			</preProcessingStep>
			<ocrProcessingStep>
				<processingSoftware>
					<softwareCreator>ABBYY (BIT Software), Russia</softwareCreator>
					<softwareName>FineReader</softwareName>
					<softwareVersion>10.0</softwareVersion>
				</processingSoftware>
			</ocrProcessingStep>
		</OCRProcessing>
		<OCRProcessing ID="OCRPROCESSING_2">
			<preProcessingStep>
				<processingSoftware>
					<softwareCreator>CCS Content Conversion Specialists GmbH, Germany</softwareCreator>
					<softwareName>CCS docWorks</softwareName>
					<softwareVersion>6.7-1.24</softwareVersion>
				</processingSoftware>
			</preProcessingStep>
			<ocrProcessingStep>
				<processingSoftware>
					<softwareCreator>ABBYY (BIT Software), Russia</softwareCreator>
					<softwareName>NA</softwareName>
				</processingSoftware>
			</ocrProcessingStep>
		</OCRProcessing>
	</Description>
	<Styles>
		<TextStyle ID="TXT_0" FONTSIZE="5" FONTFAMILY="Times New Roman"/>
		<TextStyle ID="TXT_1" FONTSIZE="24" FONTFAMILY="Times New Roman"/>
		<TextStyle ID="TXT_2" FONTSIZE="24" FONTFAMILY="Times New Roman" FONTSTYLE="italics"/>
		<ParagraphStyle ID="PAR_LEFT" ALIGN="Left"/>
		<ParagraphStyle ID="PAR_BLOCK" ALIGN="Block"/>
		<ParagraphStyle ID="PAR_CENTER" ALIGN="Center"/>
	</Styles>
	<Layout>
		<Page ID="P51" PHYSICAL_IMG_NR="51" HEIGHT="4029" WIDTH="2654" PRINTED_IMG_NR="97" PC="0.890">
			<TopMargin ID="P51_TM00001" HPOS="0" VPOS="0" WIDTH="2654" HEIGHT="340">
				<TextBlock ID="P51_TB00001" HPOS="1246" VPOS="273" WIDTH="79" HEIGHT="65" STYLEREFS="TXT_0 PAR_LEFT">
					<TextLine ID="P51_TL00001" HPOS="1246" VPOS="273" WIDTH="79" HEIGHT="65">
						<String ID="P51_ST00001" HPOS="1246" VPOS="273" WIDTH="79" HEIGHT="65" CONTENT="97" WC="1.00" CC="00"/>
					</TextLine>
				</TextBlock>
			</TopMargin>
			<LeftMargin ID="P51_LM00001" HPOS="0" VPOS="340" WIDTH="222" HEIGHT="3281"/>
			<RightMargin ID="P51_RM00001" HPOS="2359" VPOS="340" WIDTH="295" HEIGHT="3281"/>
			<BottomMargin ID="P51_BM00001" HPOS="0" VPOS="3621" WIDTH="2654" HEIGHT="408"/>
			<PrintSpace ID="P51_PS00001" HPOS="222" VPOS="340" WIDTH="2137" HEIGHT="3281">
				<TextBlock ID="P51_TB00002" HPOS="224" VPOS="426" WIDTH="2135" HEIGHT="2066" STYLEREFS="TXT_1 PAR_BLOCK">
					<TextLine ID="P51_TL00002" HPOS="308" VPOS="427" WIDTH="2045" HEIGHT="79">
						<String ID="P51_ST00002" HPOS="308" VPOS="431" WIDTH="459" HEIGHT="60" CONTENT="Anarchistes" WC="0.98" CC="36491963760" STYLEREFS="TXT_2"/>
						<SP ID="P51_SP00001" HPOS="767" VPOS="491" WIDTH="23"/>
						<String ID="P51_ST00003" HPOS="790" VPOS="428" WIDTH="171" HEIGHT="63" CONTENT="n'est" WC="0.97" CC="44607"/>
						<SP ID="P51_SP00002" HPOS="961" VPOS="491" WIDTH="27"/>
						<String ID="P51_ST00004" HPOS="988" VPOS="446" WIDTH="119" HEIGHT="60" CONTENT="pas" WC="0.95" CC="083"/>
						<SP ID="P51_SP00003" HPOS="1107" VPOS="506" WIDTH="29"/>
						<String ID="P51_ST00005" HPOS="1136" VPOS="430" WIDTH="372" HEIGHT="61" CONTENT="seulement" WC="1.00" CC="007010000"/>
						<SP ID="P51_SP00004" HPOS="1508" VPOS="506" WIDTH="28"/>
						<String ID="P51_ST00006" HPOS="1536" VPOS="447" WIDTH="131" HEIGHT="44" CONTENT="une" WC="0.95" CC="670"/>
						<SP ID="P51_SP00005" HPOS="1667" VPOS="506" WIDTH="28"/>
						<String ID="P51_ST00007" HPOS="1695" VPOS="430" WIDTH="376" HEIGHT="61" CONTENT="discussion" WC="0.99" CC="0330723030"/>
						<SP ID="P51_SP00006" HPOS="2071" VPOS="506" WIDTH="32"/>
						<String ID="P51_ST00008" HPOS="2103" VPOS="427" WIDTH="215" HEIGHT="61" CONTENT="contra" SUBS_TYPE="HypPart1" SUBS_CONTENT="contradictoire," WC="0.98" CC="430804"/>
						<HYP HPOS="2318" VPOS="427" WIDTH="35" CONTENT="-"/>
					</TextLine>
					<TextLine ID="P51_TL00003" HPOS="232" VPOS="507" WIDTH="2118" HEIGHT="79">
						<String ID="P51_ST00009" HPOS="232" VPOS="507" WIDTH="299" HEIGHT="75" CONTENT="dictoire," SUBS_TYPE="HypPart2" SUBS_CONTENT="contradictoire," WC="0.99" CC="032030064"/>
						<SP ID="P51_SP00007" HPOS="531" VPOS="582" WIDTH="35"/>
						<String ID="P51_ST00010" HPOS="566" VPOS="511" WIDTH="182" HEIGHT="58" CONTENT="entre" WC="1.00" CC="10000"/>
						<SP ID="P51_SP00008" HPOS="748" VPOS="582" WIDTH="29"/>
						<String ID="P51_ST00011" HPOS="777" VPOS="508" WIDTH="315" HEIGHT="78" CONTENT="disciples" WC="0.99" CC="025010005"/>
						<SP ID="P51_SP00009" HPOS="1092" VPOS="586" WIDTH="32"/>
						<String ID="P51_ST00012" HPOS="1124" VPOS="508" WIDTH="279" HEIGHT="60" CONTENT="d'écoles" WC="0.98" CC="01644648"/>
						<SP ID="P51_SP00010" HPOS="1403" VPOS="586" WIDTH="33"/>
						<String ID="P51_ST00013" HPOS="1436" VPOS="508" WIDTH="404" HEIGHT="75" CONTENT="différentes," WC="0.99" CC="016040400327"/>
						<SP ID="P51_SP00011" HPOS="1840" VPOS="586" WIDTH="21"/>
						<String ID="P51_ST00014" HPOS="1861" VPOS="511" WIDTH="158" HEIGHT="60" CONTENT="c'est" WC="0.97" CC="64055"/>
						<SP ID="P51_SP00012" HPOS="2019" VPOS="586" WIDTH="28"/>
						<String ID="P51_ST00015" HPOS="2047" VPOS="526" WIDTH="93" HEIGHT="42" CONTENT="un" WC="0.63" CC="70"/>
						<SP ID="P51_SP00013" HPOS="2140" VPOS="586" WIDTH="30"/>
						<String ID="P51_ST00016" HPOS="2170" VPOS="522" WIDTH="135" HEIGHT="64" CONTENT="pam" SUBS_TYPE="HypPart1" SUBS_CONTENT="pamphlet" WC="0.98" CC="040"/>
						<HYP HPOS="2305" VPOS="522" WIDTH="45" CONTENT="-"/>
					</TextLine>
					<TextLine ID="P51_TL00004" HPOS="231" VPOS="587" WIDTH="2117" HEIGHT="76">
						<String ID="P51_ST00017" HPOS="231" VPOS="587" WIDTH="184" HEIGHT="76" CONTENT="phlet" SUBS_TYPE="HypPart2" SUBS_CONTENT="pamphlet" WC="0.99" CC="07000"/>
						<SP ID="P51_SP00014" HPOS="415" VPOS="663" WIDTH="43"/>
						<String ID="P51_ST00018" HPOS="458" VPOS="590" WIDTH="222" HEIGHT="58" CONTENT="contre" WC="0.98" CC="760050"/>
						<SP ID="P51_SP00015" HPOS="680" VPOS="663" WIDTH="44"/>
						<String ID="P51_ST00019" HPOS="724" VPOS="587" WIDTH="200" HEIGHT="60" CONTENT="l'Etat" WC="0.99" CC="040030"/>
						<SP ID="P51_SP00016" HPOS="924" VPOS="663" WIDTH="50"/>
						<String ID="P51_ST00020" HPOS="974" VPOS="587" WIDTH="288" HEIGHT="71" CONTENT="ennemi," WC="0.98" CC="3803024"/>
						<SP ID="P51_SP00017" HPOS="1262" VPOS="663" WIDTH="37"/>
						<String ID="P51_ST00021" HPOS="1299" VPOS="590" WIDTH="63" HEIGHT="57" CONTENT="et" WC="0.99" CC="00"/>
						<SP ID="P51_SP00018" HPOS="1362" VPOS="663" WIDTH="49"/>
						<String ID="P51_ST00022" HPOS="1411" VPOS="590" WIDTH="219" HEIGHT="59" CONTENT="contre" WC="0.99" CC="240000"/>
						<SP ID="P51_SP00019" HPOS="1630" VPOS="663" WIDTH="50"/>
						<String ID="P51_ST00023" HPOS="1680" VPOS="588" WIDTH="62" HEIGHT="61" CONTENT="le" WC="0.75" CC="50"/>
						<SP ID="P51_SP00020" HPOS="1742" VPOS="663" WIDTH="51"/>
						<String ID="P51_ST00024" HPOS="1793" VPOS="588" WIDTH="376" HEIGHT="61" CONTENT="socialisme" WC="0.99" CC="0603600500"/>
						<SP ID="P51_SP00021" HPOS="2169" VPOS="663" WIDTH="52"/>
						<String ID="P51_ST00025" HPOS="2221" VPOS="601" WIDTH="127" HEIGHT="62" CONTENT="que" WC="0.97" CC="070"/>
					</TextLine>
					<TextLine ID="P51_TL00005" HPOS="228" VPOS="666" WIDTH="2125" HEIGHT="77">
						<String ID="P51_ST00026" HPOS="228" VPOS="667" WIDTH="89" HEIGHT="61" CONTENT="M." WC="0.82" CC="03"/>
						<SP ID="P51_SP00022" HPOS="317" VPOS="728" WIDTH="50"/>
						<String ID="P51_ST00027" HPOS="367" VPOS="666" WIDTH="275" HEIGHT="77" CONTENT="Mackay" WC="0.71" CC="061080"/>
						<SP ID="P51_SP00023" HPOS="642" VPOS="743" WIDTH="50"/>
						<String ID="P51_ST00028" HPOS="692" VPOS="666" WIDTH="368" HEIGHT="74" CONTENT="considère," WC="0.99" CC="0423007004"/>
						<SP ID="P51_SP00024" HPOS="1060" VPOS="743" WIDTH="43"/>
						<String ID="P51_ST00029" HPOS="1103" VPOS="682" WIDTH="156" HEIGHT="45" CONTENT="avec" WC="0.98" CC="2004"/>
						<SP ID="P51_SP00025" HPOS="1259" VPOS="743" WIDTH="45"/>
						<String ID="P51_ST00030" HPOS="1304" VPOS="668" WIDTH="154" HEIGHT="58" CONTENT="tous" WC="0.97" CC="0470"/>
						<SP ID="P51_SP00026" HPOS="1458" VPOS="743" WIDTH="29"/>
						<String ID="P51_ST00031" HPOS="1487" VPOS="666" WIDTH="99" HEIGHT="60" CONTENT="les" WC="0.94" CC="445"/>
						<SP ID="P51_SP00027" HPOS="1586" VPOS="743" WIDTH="30"/>
						<String ID="P51_ST00032" HPOS="1616" VPOS="668" WIDTH="432" HEIGHT="73" CONTENT="anarchistes," WC="1.00" CC="030057000114"/>
						<SP ID="P51_SP00028" HPOS="2048" VPOS="743" WIDTH="47"/>
						<String ID="P51_ST00033" HPOS="2095" VPOS="681" WIDTH="258" HEIGHT="46" CONTENT="comme" WC="0.99" CC="55000"/>
					</TextLine>
					<TextLine ID="P51_TL00006" HPOS="227" VPOS="745" WIDTH="2122" HEIGHT="80">
						<String ID="P51_ST00034" HPOS="227" VPOS="764" WIDTH="133" HEIGHT="43" CONTENT="une" WC="0.97" CC="700"/>
						<SP ID="P51_SP00029" HPOS="360" VPOS="807" WIDTH="56"/>
						<String ID="P51_ST00035" HPOS="416" VPOS="747" WIDTH="549" HEIGHT="60" CONTENT="transformation" WC="1.00" CC="03001759000000"/>
						<SP ID="P51_SP00030" HPOS="965" VPOS="807" WIDTH="56"/>
						<String ID="P51_ST00036" HPOS="1021" VPOS="747" WIDTH="81" HEIGHT="60" CONTENT="de" WC="0.77" CC="04"/>
						<SP ID="P51_SP00031" HPOS="1102" VPOS="807" WIDTH="57"/>
						<String ID="P51_ST00037" HPOS="1159" VPOS="746" WIDTH="202" HEIGHT="60" CONTENT="l'Etat" WC="0.99" CC="144500"/>
						<SP ID="P51_SP00032" HPOS="1361" VPOS="807" WIDTH="60"/>
						<String ID="P51_ST00038" HPOS="1421" VPOS="746" WIDTH="161" HEIGHT="60" CONTENT="dont" WC="0.98" CC="0605"/>
						<SP ID="P51_SP00033" HPOS="1582" VPOS="807" WIDTH="55"/>
						<String ID="P51_ST00039" HPOS="1637" VPOS="747" WIDTH="66" HEIGHT="60" CONTENT="la" WC="0.31" CC="67"/>
						<SP ID="P51_SP00034" HPOS="1703" VPOS="807" WIDTH="40"/>
						<String ID="P51_ST00040" HPOS="1743" VPOS="748" WIDTH="353" HEIGHT="77" CONTENT="puissance" WC="0.99" CC="070030015"/>
						<SP ID="P51_SP00035" HPOS="2096" VPOS="825" WIDTH="55"/>
						<String ID="P51_ST00041" HPOS="2151" VPOS="745" WIDTH="198" HEIGHT="61" CONTENT="serait" WC="0.98" CC="500407"/>
					</TextLine>
					<TextLine ID="P51_TL00007" HPOS="227" VPOS="823" WIDTH="2121" HEIGHT="80">
						<String ID="P51_ST00042" HPOS="227" VPOS="826" WIDTH="357" HEIGHT="77" CONTENT="aggravée." WC="0.99" CC="500060303"/>
						<SP ID="P51_SP00036" HPOS="584" VPOS="903" WIDTH="52"/>
						<String ID="P51_ST00043" HPOS="636" VPOS="827" WIDTH="77" HEIGHT="60" CONTENT="Je" WC="0.77" CC="12"/>
						<SP ID="P51_SP00037" HPOS="713" VPOS="903" WIDTH="44"/>
						<String ID="P51_ST00044" HPOS="757" VPOS="825" WIDTH="374" HEIGHT="62" CONTENT="reviendrai" WC="1.00" CC="0200500600"/>
						<SP ID="P51_SP00038" HPOS="1131" VPOS="903" WIDTH="61"/>
						<String ID="P51_ST00045" HPOS="1192" VPOS="842" WIDTH="93" HEIGHT="44" CONTENT="un" WC="0.67" CC="60"/>
						<SP ID="P51_SP00039" HPOS="1285" VPOS="903" WIDTH="43"/>
						<String ID="P51_ST00046" HPOS="1328" VPOS="825" WIDTH="156" HEIGHT="75" CONTENT="jour" WC="0.96" CC="7370"/>
						<SP ID="P51_SP00040" HPOS="1484" VPOS="903" WIDTH="37"/>
						<String ID="P51_ST00047" HPOS="1521" VPOS="841" WIDTH="117" HEIGHT="42" CONTENT="sur" WC="1.00" CC="000"/>
						<SP ID="P51_SP00041" HPOS="1638" VPOS="903" WIDTH="56"/>
						<String ID="P51_ST00048" HPOS="1694" VPOS="828" WIDTH="164" HEIGHT="58" CONTENT="cette" WC="0.98" CC="14005"/>
						<SP ID="P51_SP00042" HPOS="1858" VPOS="903" WIDTH="47"/>
						<String ID="P51_ST00049" HPOS="1905" VPOS="826" WIDTH="306" HEIGHT="77" CONTENT="question" WC="0.99" CC="00050333"/>
						<SP ID="P51_SP00043" HPOS="2211" VPOS="903" WIDTH="57"/>
						<String ID="P51_ST00050" HPOS="2268" VPOS="823" WIDTH="80" HEIGHT="60" CONTENT="de" WC="0.75" CC="05"/>
					</TextLine>
					<TextLine ID="P51_TL00008" HPOS="224" VPOS="903" WIDTH="2123" HEIGHT="64">
						<String ID="P51_ST00051" HPOS="224" VPOS="905" WIDTH="200" HEIGHT="61" CONTENT="l'Etat" WC="0.98" CC="506060"/>
						<SP ID="P51_SP00044" HPOS="424" VPOS="966" WIDTH="24"/>
						<String ID="P51_ST00052" HPOS="448" VPOS="908" WIDTH="62" HEIGHT="59" CONTENT="et" WC="1.00" CC="00"/>
						<SP ID="P51_SP00045" HPOS="510" VPOS="967" WIDTH="27"/>
						<String ID="P51_ST00053" HPOS="537" VPOS="907" WIDTH="80" HEIGHT="60" CONTENT="de" WC="0.71" CC="05"/>
						<SP ID="P51_SP00046" HPOS="617" VPOS="967" WIDTH="29"/>
						<String ID="P51_ST00054" HPOS="646" VPOS="924" WIDTH="74" HEIGHT="43" CONTENT="sa" WC="0.67" CC="60"/>
						<SP ID="P51_SP00047" HPOS="720" VPOS="967" WIDTH="23"/>
						<String ID="P51_ST00055" HPOS="743" VPOS="907" WIDTH="169" HEIGHT="60" CONTENT="lutte" WC="0.98" CC="47000"/>
						<SP ID="P51_SP00048" HPOS="912" VPOS="967" WIDTH="22"/>
						<String ID="P51_ST00056" HPOS="934" VPOS="905" WIDTH="280" HEIGHT="61" CONTENT="actuelle" WC="0.99" CC="80200031"/>
						<SP ID="P51_SP00049" HPOS="1214" VPOS="967" WIDTH="19"/>
						<String ID="P51_ST00057" HPOS="1233" VPOS="922" WIDTH="153" HEIGHT="44" CONTENT="avec" WC="0.98" CC="0054"/>
						<SP ID="P51_SP00050" HPOS="1386" VPOS="967" WIDTH="21"/>
						<String ID="P51_ST00058" HPOS="1407" VPOS="905" WIDTH="59" HEIGHT="59" CONTENT="le" WC="0.74" CC="31"/>
						<SP ID="P51_SP00051" HPOS="1466" VPOS="967" WIDTH="25"/>
						<String ID="P51_ST00059" HPOS="1491" VPOS="905" WIDTH="376" HEIGHT="61" CONTENT="socialisme" WC="1.00" CC="5000240003"/>
						<SP ID="P51_SP00052" HPOS="1867" VPOS="967" WIDTH="19"/>
						<String ID="P51_ST00060" HPOS="1886" VPOS="911" WIDTH="62" HEIGHT="55" CONTENT="et" WC="0.61" CC="07"/>
						<SP ID="P51_SP00053" HPOS="1948" VPOS="967" WIDTH="19"/>
						<String ID="P51_ST00061" HPOS="1967" VPOS="903" WIDTH="380" HEIGHT="61" CONTENT="l'anarchie." WC="0.99" CC="43060026003"/>
					</TextLine>
					<TextLine ID="P51_TL00009" HPOS="307" VPOS="982" WIDTH="2043" HEIGHT="81">
						<String ID="P51_ST00062" HPOS="307" VPOS="985" WIDTH="88" HEIGHT="61" CONTENT="Ce" WC="0.64" CC="70"/>
						<SP ID="P51_SP00054" HPOS="395" VPOS="1046" WIDTH="31"/>
						<String ID="P51_ST00063" HPOS="426" VPOS="1002" WIDTH="127" HEIGHT="60" CONTENT="que" WC="0.95" CC="076"/>
						<SP ID="P51_SP00055" HPOS="553" VPOS="1062" WIDTH="38"/>
						<String ID="P51_ST00064" HPOS="591" VPOS="985" WIDTH="69" HEIGHT="78" CONTENT="je" WC="0.94" CC="10"/>
						<SP ID="P51_SP00056" HPOS="660" VPOS="1063" WIDTH="37"/>
						<String ID="P51_ST00065" HPOS="697" VPOS="987" WIDTH="192" HEIGHT="60" CONTENT="viens" WC="0.99" CC="00036"/>
						<SP ID="P51_SP00057" HPOS="889" VPOS="1063" WIDTH="39"/>
						<String ID="P51_ST00066" HPOS="928" VPOS="986" WIDTH="80" HEIGHT="61" CONTENT="de" WC="0.73" CC="05"/>
						<SP ID="P51_SP00058" HPOS="1008" VPOS="1063" WIDTH="28"/>
						<String ID="P51_ST00067" HPOS="1036" VPOS="985" WIDTH="141" HEIGHT="61" CONTENT="dire" WC="0.99" CC="0004"/>
						<SP ID="P51_SP00059" HPOS="1177" VPOS="1063" WIDTH="32"/>
						<String ID="P51_ST00068" HPOS="1209" VPOS="986" WIDTH="78" HEIGHT="58" CONTENT="de" WC="1.00" CC="00"/>
						<SP ID="P51_SP00060" HPOS="1287" VPOS="1063" WIDTH="45"/>
						<String ID="P51_ST00069" HPOS="1332" VPOS="1000" WIDTH="68" HEIGHT="44" CONTENT="ce" WC="0.71" CC="05"/>
						<SP ID="P51_SP00061" HPOS="1400" VPOS="1063" WIDTH="35"/>
						<String ID="P51_ST00070" HPOS="1435" VPOS="983" WIDTH="190" HEIGHT="72" CONTENT="livre," WC="0.99" CC="330034"/>
						<SP ID="P51_SP00062" HPOS="1625" VPOS="1063" WIDTH="33"/>
						<String ID="P51_ST00071" HPOS="1658" VPOS="986" WIDTH="259" HEIGHT="58" CONTENT="montre" WC="0.99" CC="000006"/>
						<SP ID="P51_SP00063" HPOS="1917" VPOS="1063" WIDTH="41"/>
						<String ID="P51_ST00072" HPOS="1958" VPOS="1000" WIDTH="187" HEIGHT="44" CONTENT="assez" WC="0.98" CC="02306"/>
						<SP ID="P51_SP00064" HPOS="2145" VPOS="1063" WIDTH="43"/>
						<String ID="P51_ST00073" HPOS="2188" VPOS="982" WIDTH="162" HEIGHT="76" CONTENT="qu'il" WC="0.98" CC="06402"/>
					</TextLine>
					<TextLine ID="P51_TL00010" HPOS="230" VPOS="1063" WIDTH="2122" HEIGHT="80">
						<String ID="P51_ST00074" HPOS="230" VPOS="1081" WIDTH="81" HEIGHT="45" CONTENT="ne" WC="0.66" CC="60"/>
						<SP ID="P51_SP00065" HPOS="311" VPOS="1126" WIDTH="43"/>
						<String ID="P51_ST00075" HPOS="354" VPOS="1066" WIDTH="141" HEIGHT="58" CONTENT="doit" WC="0.98" CC="0605"/>
						<SP ID="P51_SP00066" HPOS="495" VPOS="1126" WIDTH="37"/>
						<String ID="P51_ST00076" HPOS="532" VPOS="1082" WIDTH="119" HEIGHT="61" CONTENT="pas" WC="0.98" CC="005"/>
						<SP ID="P51_SP00067" HPOS="651" VPOS="1143" WIDTH="42"/>
						<String ID="P51_ST00077" HPOS="693" VPOS="1066" WIDTH="136" HEIGHT="61" CONTENT="être" WC="0.98" CC="2050"/>
						<SP ID="P51_SP00068" HPOS="829" VPOS="1143" WIDTH="36"/>
						<String ID="P51_ST00078" HPOS="865" VPOS="1065" WIDTH="161" HEIGHT="78" CONTENT="jugé" WC="0.96" CC="3707"/>
						<SP ID="P51_SP00069" HPOS="1026" VPOS="1143" WIDTH="39"/>
						<String ID="P51_ST00079" HPOS="1065" VPOS="1081" WIDTH="255" HEIGHT="45" CONTENT="comme" WC="0.99" CC="53000"/>
						<SP ID="P51_SP00070" HPOS="1320" VPOS="1143" WIDTH="31"/>
						<String ID="P51_ST00080" HPOS="1351" VPOS="1081" WIDTH="131" HEIGHT="43" CONTENT="une" WC="0.98" CC="050"/>
						<SP ID="P51_SP00071" HPOS="1482" VPOS="1143" WIDTH="43"/>
						<String ID="P51_ST00081" HPOS="1525" VPOS="1080" WIDTH="223" HEIGHT="43" CONTENT="œuvre" WC="0.99" CC="17000"/>
						<SP ID="P51_SP00072" HPOS="1748" VPOS="1143" WIDTH="40"/>
						<String ID="P51_ST00082" HPOS="1788" VPOS="1063" WIDTH="189" HEIGHT="73" CONTENT="d'art," WC="0.98" CC="048003"/>
						<SP ID="P51_SP00073" HPOS="1977" VPOS="1143" WIDTH="38"/>
						<String ID="P51_ST00083" HPOS="2015" VPOS="1063" WIDTH="158" HEIGHT="60" CONTENT="bien" WC="0.96" CC="8036"/>
						<SP ID="P51_SP00074" HPOS="2173" VPOS="1143" WIDTH="47"/>
						<String ID="P51_ST00084" HPOS="2220" VPOS="1079" WIDTH="132" HEIGHT="61" CONTENT="que" WC="0.97" CC="060"/>
					</TextLine>
					<TextLine ID="P51_TL00011" HPOS="231" VPOS="1141" WIDTH="2124" HEIGHT="81">
						<String ID="P51_ST00085" HPOS="231" VPOS="1143" WIDTH="90" HEIGHT="61" CONTENT="M." WC="0.78" CC="04"/>
						<SP ID="P51_SP00075" HPOS="321" VPOS="1204" WIDTH="33"/>
						<String ID="P51_ST00086" HPOS="354" VPOS="1145" WIDTH="307" HEIGHT="77" CONTENT="Mackay," WC="0.83" CC="4000304"/>
						<SP ID="P51_SP00076" HPOS="661" VPOS="1222" WIDTH="17"/>
						<String ID="P51_ST00087" HPOS="678" VPOS="1145" WIDTH="117" HEIGHT="76" CONTENT="qui" WC="1.00" CC="000"/>
						<SP ID="P51_SP00077" HPOS="795" VPOS="1222" WIDTH="30"/>
						<String ID="P51_ST00088" HPOS="825" VPOS="1146" WIDTH="100" HEIGHT="60" CONTENT="est" WC="0.98" CC="050"/>
						<SP ID="P51_SP00078" HPOS="925" VPOS="1222" WIDTH="31"/>
						<String ID="P51_ST00089" HPOS="956" VPOS="1161" WIDTH="94" HEIGHT="42" CONTENT="un" WC="0.72" CC="05"/>
						<SP ID="P51_SP00079" HPOS="1050" VPOS="1222" WIDTH="29"/>
						<String ID="P51_ST00090" HPOS="1079" VPOS="1145" WIDTH="214" HEIGHT="77" CONTENT="poète," WC="0.99" CC="063002"/>
						<SP ID="P51_SP00080" HPOS="1293" VPOS="1222" WIDTH="19"/>
						<String ID="P51_ST00091" HPOS="1312" VPOS="1160" WIDTH="168" HEIGHT="43" CONTENT="nous" WC="0.97" CC="0085"/>
						<SP ID="P51_SP00081" HPOS="1480" VPOS="1222" WIDTH="23"/>
						<String ID="P51_ST00092" HPOS="1503" VPOS="1143" WIDTH="92" HEIGHT="60" CONTENT="ait" WC="0.98" CC="050"/>
						<SP ID="P51_SP00082" HPOS="1595" VPOS="1222" WIDTH="28"/>
						<String ID="P51_ST00093" HPOS="1623" VPOS="1142" WIDTH="184" HEIGHT="78" CONTENT="peint" WC="1.00" CC="00020"/>
						<SP ID="P51_SP00083" HPOS="1807" VPOS="1222" WIDTH="30"/>
						<String ID="P51_ST00094" HPOS="1837" VPOS="1159" WIDTH="154" HEIGHT="43" CONTENT="avec" WC="0.98" CC="5040"/>
						<SP ID="P51_SP00084" HPOS="1991" VPOS="1222" WIDTH="27"/>
						<String ID="P51_ST00095" HPOS="2018" VPOS="1142" WIDTH="208" HEIGHT="60" CONTENT="talent" WC="0.98" CC="690004"/>
						<SP ID="P51_SP00085" HPOS="2226" VPOS="1222" WIDTH="28"/>
						<String ID="P51_ST00096" HPOS="2254" VPOS="1141" WIDTH="101" HEIGHT="60" CONTENT="les" WC="0.93" CC="656"/>
					</TextLine>
					<TextLine ID="P51_TL00012" HPOS="231" VPOS="1220" WIDTH="2123" HEIGHT="82">
						<String ID="P51_ST00097" HPOS="231" VPOS="1223" WIDTH="223" HEIGHT="60" CONTENT="divers" WC="1.00" CC="000400"/>
						<SP ID="P51_SP00086" HPOS="454" VPOS="1283" WIDTH="32"/>
						<String ID="P51_ST00098" HPOS="486" VPOS="1226" WIDTH="259" HEIGHT="76" CONTENT="aspects" WC="1.00" CC="0000006"/>
						<SP ID="P51_SP00087" HPOS="745" VPOS="1302" WIDTH="29"/>
						<String ID="P51_ST00099" HPOS="774" VPOS="1225" WIDTH="80" HEIGHT="61" CONTENT="de" WC="0.73" CC="05"/>
						<SP ID="P51_SP00088" HPOS="854" VPOS="1302" WIDTH="26"/>
						<String ID="P51_ST00100" HPOS="880" VPOS="1223" WIDTH="334" HEIGHT="74" CONTENT="Londres;" WC="0.99" CC="01005065"/>
						<SP ID="P51_SP00089" HPOS="1214" VPOS="1302" WIDTH="28"/>
						<String ID="P51_ST00101" HPOS="1242" VPOS="1223" WIDTH="67" HEIGHT="78" CONTENT="je" WC="1.00" CC="00"/>
						<SP ID="P51_SP00090" HPOS="1309" VPOS="1302" WIDTH="38"/>
						<String ID="P51_ST00102" HPOS="1347" VPOS="1222" WIDTH="356" HEIGHT="79" CONTENT="signalerai" WC="0.99" CC="0700670000"/>
						<SP ID="P51_SP00091" HPOS="1703" VPOS="1302" WIDTH="39"/>
						<String ID="P51_ST00103" HPOS="1742" VPOS="1223" WIDTH="180" HEIGHT="59" CONTENT="entre" WC="0.99" CC="30030"/>
						<SP ID="P51_SP00092" HPOS="1922" VPOS="1302" WIDTH="40"/>
						<String ID="P51_ST00104" HPOS="1962" VPOS="1222" WIDTH="222" HEIGHT="59" CONTENT="autres" WC="0.97" CC="970745"/>
						<SP ID="P51_SP00093" HPOS="2184" VPOS="1302" WIDTH="34"/>
						<String ID="P51_ST00105" HPOS="2218" VPOS="1239" WIDTH="13" HEIGHT="39" CONTENT=":" WC="0.57" CC="4"/>
						<SP ID="P51_SP00094" HPOS="2231" VPOS="1302" WIDTH="31"/>
						<String ID="P51_ST00106" HPOS="2262" VPOS="1220" WIDTH="92" HEIGHT="59" CONTENT="Le" WC="0.99" CC="00"/>
					</TextLine>
					<TextLine ID="P51_TL00013" HPOS="231" VPOS="1300" WIDTH="2122" HEIGHT="81">
						<String ID="P51_ST00107" HPOS="231" VPOS="1320" WIDTH="320" HEIGHT="61" CONTENT="royaume" WC="0.98" CC="7409001"/>
						<SP ID="P51_SP00095" HPOS="551" VPOS="1381" WIDTH="44"/>
						<String ID="P51_ST00108" HPOS="595" VPOS="1305" WIDTH="82" HEIGHT="61" CONTENT="de" WC="1.00" CC="00"/>
						<SP ID="P51_SP00096" HPOS="677" VPOS="1381" WIDTH="48"/>
						<String ID="P51_ST00109" HPOS="725" VPOS="1305" WIDTH="66" HEIGHT="59" CONTENT="la" WC="0.69" CC="41"/>
						<SP ID="P51_SP00097" HPOS="791" VPOS="1381" WIDTH="29"/>
						<String ID="P51_ST00110" HPOS="820" VPOS="1303" WIDTH="163" HEIGHT="61" CONTENT="faim" WC="0.98" CC="6030"/>
						<SP ID="P51_SP00098" HPOS="983" VPOS="1381" WIDTH="53"/>
						<String ID="P51_ST00111" HPOS="1036" VPOS="1305" WIDTH="62" HEIGHT="59" CONTENT="et" WC="0.77" CC="40"/>
						<SP ID="P51_SP00099" HPOS="1098" VPOS="1381" WIDTH="47"/>
						<String ID="P51_ST00112" HPOS="1145" VPOS="1302" WIDTH="342" HEIGHT="79" CONTENT="Trafalgar" WC="0.61" CC="760426007"/>
						<SP ID="P51_SP00100" HPOS="1487" VPOS="1381" WIDTH="37"/>
						<String ID="P51_ST00113" HPOS="1524" VPOS="1302" WIDTH="274" HEIGHT="76" CONTENT="Square." WC="0.98" CC="5009550"/>
						<SP ID="P51_SP00101" HPOS="1798" VPOS="1381" WIDTH="30"/>
						<String ID="P51_ST00114" HPOS="1828" VPOS="1301" WIDTH="186" HEIGHT="61" CONTENT="Dans" WC="0.97" CC="6603"/>
						<SP ID="P51_SP00102" HPOS="2014" VPOS="1381" WIDTH="39"/>
						<String ID="P51_ST00115" HPOS="2053" VPOS="1317" WIDTH="70" HEIGHT="44" CONTENT="ce" WC="1.00" CC="00"/>
						<SP ID="P51_SP00103" HPOS="2123" VPOS="1381" WIDTH="38"/>
						<String ID="P51_ST00116" HPOS="2161" VPOS="1300" WIDTH="192" HEIGHT="71" CONTENT="livre," WC="0.99" CC="020714"/>
					</TextLine>
					<TextLine ID="P51_TL00014" HPOS="230" VPOS="1380" WIDTH="2129" HEIGHT="81">
						<String ID="P51_ST00117" HPOS="230" VPOS="1383" WIDTH="91" HEIGHT="60" CONTENT="M." WC="0.65" CC="24"/>
						<SP ID="P51_SP00104" HPOS="321" VPOS="1443" WIDTH="33"/>
						<String ID="P51_ST00118" HPOS="354" VPOS="1383" WIDTH="279" HEIGHT="78" CONTENT="Mackay" WC="0.71" CC="065050"/>
						<SP ID="P51_SP00105" HPOS="633" VPOS="1461" WIDTH="25"/>
						<String ID="P51_ST00119" HPOS="658" VPOS="1400" WIDTH="38" HEIGHT="43" CONTENT="a" WC="0.22" CC="7"/>
						<SP ID="P51_SP00106" HPOS="696" VPOS="1461" WIDTH="25"/>
						<String ID="P51_ST00120" HPOS="721" VPOS="1383" WIDTH="427" HEIGHT="78" CONTENT="simplement" WC="1.00" CC="0000550200"/>
						<SP ID="P51_SP00107" HPOS="1148" VPOS="1461" WIDTH="26"/>
						<String ID="P51_ST00121" HPOS="1174" VPOS="1383" WIDTH="209" HEIGHT="60" CONTENT="voulu" WC="0.98" CC="04017"/>
						<SP ID="P51_SP00108" HPOS="1383" VPOS="1461" WIDTH="25"/>
						<String ID="P51_ST00122" HPOS="1408" VPOS="1385" WIDTH="292" HEIGHT="58" CONTENT="montrer" WC="1.00" CC="0020010"/>
						<SP ID="P51_SP00109" HPOS="1700" VPOS="1461" WIDTH="17"/>
						<String ID="P51_ST00123" HPOS="1717" VPOS="1382" WIDTH="35" HEIGHT="59" CONTENT="à" WC="0.61" CC="3"/>
						<SP ID="P51_SP00110" HPOS="1752" VPOS="1461" WIDTH="18"/>
						<String ID="P51_ST00124" HPOS="1770" VPOS="1397" WIDTH="164" HEIGHT="44" CONTENT="ceux" WC="0.99" CC="0005"/>
						<SP ID="P51_SP00111" HPOS="1934" VPOS="1461" WIDTH="20"/>
						<String ID="P51_ST00125" HPOS="1954" VPOS="1380" WIDTH="116" HEIGHT="78" CONTENT="qui" WC="1.00" CC="000"/>
						<SP ID="P51_SP00112" HPOS="2070" VPOS="1461" WIDTH="19"/>
						<String ID="P51_ST00126" HPOS="2089" VPOS="1380" WIDTH="270" HEIGHT="59" CONTENT="veulent" WC="0.99" CC="0005160"/>
					</TextLine>
					<TextLine ID="P51_TL00015" HPOS="231" VPOS="1457" WIDTH="2124" HEIGHT="83">
						<String ID="P51_ST00127" HPOS="231" VPOS="1462" WIDTH="338" HEIGHT="73" CONTENT="entendre," WC="1.00" CC="000000024"/>
						<SP ID="P51_SP00113" HPOS="569" VPOS="1535" WIDTH="39"/>
						<String ID="P51_ST00128" HPOS="608" VPOS="1462" WIDTH="490" HEIGHT="78" CONTENT="qu'anarchiste" WC="1.00" CC="0741000143600"/>
						<SP ID="P51_SP00114" HPOS="1098" VPOS="1540" WIDTH="38"/>
						<String ID="P51_ST00129" HPOS="1136" VPOS="1461" WIDTH="169" HEIGHT="61" CONTENT="n'est" WC="0.99" CC="02030"/>
						<SP ID="P51_SP00115" HPOS="1305" VPOS="1540" WIDTH="36"/>
						<String ID="P51_ST00130" HPOS="1341" VPOS="1477" WIDTH="120" HEIGHT="63" CONTENT="pas" WC="0.95" CC="066"/>
						<SP ID="P51_SP00116" HPOS="1461" VPOS="1540" WIDTH="40"/>
						<String ID="P51_ST00131" HPOS="1501" VPOS="1461" WIDTH="382" HEIGHT="77" CONTENT="équivalent" WC="0.99" CC="4070001005"/>
						<SP ID="P51_SP00117" HPOS="1883" VPOS="1540" WIDTH="38"/>
						<String ID="P51_ST00132" HPOS="1921" VPOS="1460" WIDTH="37" HEIGHT="58" CONTENT="à" WC="0.57" CC="4"/>
						<SP ID="P51_SP00118" HPOS="1958" VPOS="1540" WIDTH="39"/>
						<String ID="P51_ST00133" HPOS="1997" VPOS="1457" WIDTH="358" HEIGHT="62" CONTENT="misérable" WC="0.99" CC="031004762"/>
					</TextLine>
					<TextLine ID="P51_TL00016" HPOS="231" VPOS="1538" WIDTH="2123" HEIGHT="80">
						<String ID="P51_ST00134" HPOS="231" VPOS="1543" WIDTH="63" HEIGHT="59" CONTENT="et" WC="0.71" CC="31"/>
						<SP ID="P51_SP00119" HPOS="294" VPOS="1602" WIDTH="31"/>
						<String ID="P51_ST00135" HPOS="325" VPOS="1542" WIDTH="37" HEIGHT="59" CONTENT="à" WC="0.17" CC="8"/>
						<SP ID="P51_SP00120" HPOS="362" VPOS="1602" WIDTH="30"/>
						<String ID="P51_ST00136" HPOS="392" VPOS="1541" WIDTH="330" HEIGHT="74" CONTENT="criminel," WC="0.99" CC="003030434"/>
						<SP ID="P51_SP00121" HPOS="722" VPOS="1615" WIDTH="29"/>
						<String ID="P51_ST00137" HPOS="751" VPOS="1543" WIDTH="65" HEIGHT="59" CONTENT="et" WC="1.00" CC="00"/>
						<SP ID="P51_SP00122" HPOS="816" VPOS="1615" WIDTH="27"/>
						<String ID="P51_ST00138" HPOS="843" VPOS="1541" WIDTH="197" HEIGHT="77" CONTENT="qu'on" WC="0.98" CC="07250"/>
						<SP ID="P51_SP00123" HPOS="1040" VPOS="1618" WIDTH="30"/>
						<String ID="P51_ST00139" HPOS="1070" VPOS="1559" WIDTH="37" HEIGHT="42" CONTENT="a" WC="0.25" CC="7"/>
						<SP ID="P51_SP00124" HPOS="1107" VPOS="1618" WIDTH="29"/>
						<String ID="P51_ST00140" HPOS="1136" VPOS="1541" WIDTH="122" HEIGHT="60" CONTENT="fait" WC="0.96" CC="5840"/>
						<SP ID="P51_SP00125" HPOS="1258" VPOS="1618" WIDTH="24"/>
						<String ID="P51_ST00141" HPOS="1282" VPOS="1542" WIDTH="85" HEIGHT="59" CONTENT="du" WC="0.78" CC="04"/>
						<SP ID="P51_SP00126" HPOS="1367" VPOS="1618" WIDTH="35"/>
						<String ID="P51_ST00142" HPOS="1402" VPOS="1543" WIDTH="138" HEIGHT="58" CONTENT="mot" WC="1.00" CC="000"/>
						<SP ID="P51_SP00127" HPOS="1540" VPOS="1618" WIDTH="22"/>
						<String ID="P51_ST00143" HPOS="1562" VPOS="1557" WIDTH="91" HEIGHT="44" CONTENT="un" WC="0.39" CC="65"/>
						<SP ID="P51_SP00128" HPOS="1653" VPOS="1618" WIDTH="23"/>
						<String ID="P51_ST00144" HPOS="1676" VPOS="1538" WIDTH="419" HEIGHT="79" CONTENT="épouvantail" WC="0.85" CC="00460000021"/>
						<SP ID="P51_SP00129" HPOS="2095" VPOS="1618" WIDTH="26"/>
						<String ID="P51_ST00145" HPOS="2121" VPOS="1554" WIDTH="233" HEIGHT="62" CONTENT="propre" WC="0.99" CC="060060"/>
					</TextLine>
					<TextLine ID="P51_TL00017" HPOS="233" VPOS="1616" WIDTH="2122" HEIGHT="81">
						<String ID="P51_ST00146" HPOS="233" VPOS="1621" WIDTH="38" HEIGHT="60" CONTENT="à" WC="0.52" CC="4"/>
						<SP ID="P51_SP00130" HPOS="271" VPOS="1681" WIDTH="31"/>
						<String ID="P51_ST00147" HPOS="302" VPOS="1621" WIDTH="283" HEIGHT="60" CONTENT="susciter" WC="0.99" CC="27000030"/>
						<SP ID="P51_SP00131" HPOS="585" VPOS="1681" WIDTH="19"/>
						<String ID="P51_ST00148" HPOS="604" VPOS="1621" WIDTH="99" HEIGHT="61" CONTENT="les" WC="0.96" CC="405"/>
						<SP ID="P51_SP00132" HPOS="703" VPOS="1682" WIDTH="18"/>
						<String ID="P51_ST00149" HPOS="721" VPOS="1621" WIDTH="428" HEIGHT="61" CONTENT="cauchemars" WC="0.99" CC="5403720956"/>
						<SP ID="P51_SP00133" HPOS="1149" VPOS="1682" WIDTH="22"/>
						<String ID="P51_ST00150" HPOS="1171" VPOS="1621" WIDTH="90" HEIGHT="58" CONTENT="du" WC="1.00" CC="00"/>
						<SP ID="P51_SP00134" HPOS="1261" VPOS="1682" WIDTH="21"/>
						<String ID="P51_ST00151" HPOS="1282" VPOS="1620" WIDTH="351" HEIGHT="77" CONTENT="bourgeois" WC="0.99" CC="710000505"/>
						<SP ID="P51_SP00135" HPOS="1633" VPOS="1697" WIDTH="27"/>
						<String ID="P51_ST00152" HPOS="1660" VPOS="1620" WIDTH="335" HEIGHT="59" CONTENT="moderne." WC="0.99" CC="06020704"/>
						<SP ID="P51_SP00136" HPOS="1995" VPOS="1697" WIDTH="24"/>
						<String ID="P51_ST00153" HPOS="2019" VPOS="1618" WIDTH="57" HEIGHT="59" CONTENT="Il" WC="0.42" CC="83"/>
						<SP ID="P51_SP00137" HPOS="2076" VPOS="1697" WIDTH="23"/>
						<String ID="P51_ST00154" HPOS="2099" VPOS="1635" WIDTH="36" HEIGHT="42" CONTENT="a" WC="1.00" CC="0"/>
						<SP ID="P51_SP00138" HPOS="2135" VPOS="1697" WIDTH="13"/>
						<String ID="P51_ST00155" HPOS="2148" VPOS="1616" WIDTH="207" HEIGHT="61" CONTENT="voulu" WC="0.97" CC="00737"/>
					</TextLine>
					<TextLine ID="P51_TL00018" HPOS="235" VPOS="1697" WIDTH="2120" HEIGHT="79">
						<String ID="P51_ST00156" HPOS="235" VPOS="1704" WIDTH="299" HEIGHT="57" CONTENT="montrer" WC="0.99" CC="0547000"/>
						<SP ID="P51_SP00139" HPOS="534" VPOS="1761" WIDTH="31"/>
						<String ID="P51_ST00157" HPOS="565" VPOS="1701" WIDTH="211" HEIGHT="72" CONTENT="aussi," WC="0.99" CC="014204"/>
						<SP ID="P51_SP00140" HPOS="776" VPOS="1773" WIDTH="35"/>
						<String ID="P51_ST00158" HPOS="811" VPOS="1702" WIDTH="64" HEIGHT="59" CONTENT="et" WC="1.00" CC="00"/>
						<SP ID="P51_SP00141" HPOS="875" VPOS="1773" WIDTH="48"/>
						<String ID="P51_ST00159" HPOS="923" VPOS="1700" WIDTH="137" HEIGHT="61" CONTENT="cela" WC="0.97" CC="2066"/>
						<SP ID="P51_SP00142" HPOS="1060" VPOS="1773" WIDTH="43"/>
						<String ID="P51_ST00160" HPOS="1103" VPOS="1700" WIDTH="99" HEIGHT="59" CONTENT="lui" WC="0.98" CC="400"/>
						<SP ID="P51_SP00143" HPOS="1202" VPOS="1773" WIDTH="35"/>
						<String ID="P51_ST00161" HPOS="1237" VPOS="1717" WIDTH="35" HEIGHT="42" CONTENT="a" WC="0.04" CC="9"/>
						<SP ID="P51_SP00144" HPOS="1272" VPOS="1773" WIDTH="31"/>
						<String ID="P51_ST00162" HPOS="1303" VPOS="1700" WIDTH="100" HEIGHT="59" CONTENT="été" WC="0.97" CC="205"/>
						<SP ID="P51_SP00145" HPOS="1403" VPOS="1773" WIDTH="39"/>
						<String ID="P51_ST00163" HPOS="1442" VPOS="1698" WIDTH="220" HEIGHT="73" CONTENT="facile," WC="0.99" CC="7050304"/>
						<SP ID="P51_SP00146" HPOS="1662" VPOS="1773" WIDTH="33"/>
						<String ID="P51_ST00164" HPOS="1695" VPOS="1715" WIDTH="128" HEIGHT="61" CONTENT="que" WC="0.97" CC="070"/>
						<SP ID="P51_SP00147" HPOS="1823" VPOS="1776" WIDTH="37"/>
						<String ID="P51_ST00165" HPOS="1860" VPOS="1697" WIDTH="353" HEIGHT="61" CONTENT="l'anarchie" WC="0.99" CC="0367500635"/>
						<SP ID="P51_SP00148" HPOS="2213" VPOS="1776" WIDTH="45"/>
						<String ID="P51_ST00166" HPOS="2258" VPOS="1697" WIDTH="97" HEIGHT="59" CONTENT="est" WC="0.98" CC="050"/>
					</TextLine>
					<TextLine ID="P51_TL00019" HPOS="235" VPOS="1776" WIDTH="2124" HEIGHT="80">
						<String ID="P51_ST00167" HPOS="235" VPOS="1796" WIDTH="130" HEIGHT="43" CONTENT="une" WC="0.95" CC="605"/>
						<SP ID="P51_SP00149" HPOS="365" VPOS="1839" WIDTH="33"/>
						<String ID="P51_ST00168" HPOS="398" VPOS="1780" WIDTH="295" HEIGHT="61" CONTENT="doctrine" WC="0.99" CC="05300305"/>
						<SP ID="P51_SP00150" HPOS="693" VPOS="1841" WIDTH="32"/>
						<String ID="P51_ST00169" HPOS="725" VPOS="1778" WIDTH="264" HEIGHT="75" CONTENT="établie," WC="0.98" CC="63762704"/>
						<SP ID="P51_SP00151" HPOS="989" VPOS="1853" WIDTH="36"/>
						<String ID="P51_ST00170" HPOS="1025" VPOS="1780" WIDTH="200" HEIGHT="76" CONTENT="ayant" WC="0.99" CC="90000"/>
						<SP ID="P51_SP00152" HPOS="1225" VPOS="1856" WIDTH="27"/>
						<String ID="P51_ST00171" HPOS="1252" VPOS="1796" WIDTH="108" HEIGHT="45" CONTENT="ses" WC="0.96" CC="306"/>
						<SP ID="P51_SP00153" HPOS="1360" VPOS="1856" WIDTH="28"/>
						<String ID="P51_ST00172" HPOS="1388" VPOS="1778" WIDTH="425" HEIGHT="74" CONTENT="théoriciens," WC="1.00" CC="070301000014"/>
						<SP ID="P51_SP00154" HPOS="1813" VPOS="1856" WIDTH="27"/>
						<String ID="P51_ST00173" HPOS="1840" VPOS="1795" WIDTH="108" HEIGHT="43" CONTENT="ses" WC="0.97" CC="203"/>
						<SP ID="P51_SP00155" HPOS="1948" VPOS="1856" WIDTH="28"/>
						<String ID="P51_ST00174" HPOS="1976" VPOS="1776" WIDTH="251" HEIGHT="79" CONTENT="poètes," WC="0.98" CC="0567534"/>
						<SP ID="P51_SP00156" HPOS="2227" VPOS="1856" WIDTH="26"/>
						<String ID="P51_ST00175" HPOS="2253" VPOS="1792" WIDTH="106" HEIGHT="42" CONTENT="ses" WC="0.97" CC="026"/>
					</TextLine>
					<TextLine ID="P51_TL00020" HPOS="232" VPOS="1853" WIDTH="2122" HEIGHT="82">
						<String ID="P51_ST00176" HPOS="232" VPOS="1858" WIDTH="450" HEIGHT="61" CONTENT="combattants" WC="0.99" CC="64076060045"/>
						<SP ID="P51_SP00157" HPOS="682" VPOS="1919" WIDTH="44"/>
						<String ID="P51_ST00177" HPOS="726" VPOS="1861" WIDTH="66" HEIGHT="60" CONTENT="et" WC="0.90" CC="01"/>
						<SP ID="P51_SP00158" HPOS="792" VPOS="1921" WIDTH="37"/>
						<String ID="P51_ST00178" HPOS="829" VPOS="1875" WIDTH="109" HEIGHT="44" CONTENT="ses" WC="0.97" CC="305"/>
						<SP ID="P51_SP00159" HPOS="938" VPOS="1921" WIDTH="38"/>
						<String ID="P51_ST00179" HPOS="976" VPOS="1861" WIDTH="294" HEIGHT="74" CONTENT="martyrs" WC="0.99" CC="0800005"/>
						<SP ID="P51_SP00160" HPOS="1270" VPOS="1935" WIDTH="47"/>
						<String ID="P51_ST00180" HPOS="1317" VPOS="1858" WIDTH="208" HEIGHT="60" CONTENT="aussi." WC="0.99" CC="075000"/>
						<SP ID="P51_SP00161" HPOS="1525" VPOS="1935" WIDTH="44"/>
						<String ID="P51_ST00181" HPOS="1569" VPOS="1857" WIDTH="223" HEIGHT="70" CONTENT="Quant" WC="0.99" CC="50040"/>
						<SP ID="P51_SP00162" HPOS="1792" VPOS="1935" WIDTH="34"/>
						<String ID="P51_ST00182" HPOS="1826" VPOS="1857" WIDTH="35" HEIGHT="60" CONTENT="à" WC="0.50" CC="4"/>
						<SP ID="P51_SP00163" HPOS="1861" VPOS="1935" WIDTH="40"/>
						<String ID="P51_ST00183" HPOS="1901" VPOS="1856" WIDTH="221" HEIGHT="61" CONTENT="savoir" WC="0.99" CC="300145"/>
						<SP ID="P51_SP00164" HPOS="2122" VPOS="1935" WIDTH="34"/>
						<String ID="P51_ST00184" HPOS="2156" VPOS="1853" WIDTH="103" HEIGHT="61" CONTENT="s'il" WC="0.98" CC="5400"/>
						<SP ID="P51_SP00165" HPOS="2259" VPOS="1935" WIDTH="36"/>
						<String ID="P51_ST00185" HPOS="2295" VPOS="1871" WIDTH="59" HEIGHT="56" CONTENT="a," WC="0.46" CC="73"/>
					</TextLine>
					<TextLine ID="P51_TL00021" HPOS="231" VPOS="1936" WIDTH="2126" HEIGHT="76">
						<String ID="P51_ST00186" HPOS="231" VPOS="1956" WIDTH="260" HEIGHT="45" CONTENT="comme" WC="0.99" CC="60000"/>
						<SP ID="P51_SP00166" HPOS="491" VPOS="2001" WIDTH="32"/>
						<String ID="P51_ST00187" HPOS="523" VPOS="1940" WIDTH="49" HEIGHT="59" CONTENT="il" WC="0.71" CC="05"/>
						<SP ID="P51_SP00167" HPOS="572" VPOS="2001" WIDTH="27"/>
						<String ID="P51_ST00188" HPOS="599" VPOS="1941" WIDTH="62" HEIGHT="58" CONTENT="le" WC="0.68" CC="06"/>
						<SP ID="P51_SP00168" HPOS="661" VPOS="2001" WIDTH="33"/>
						<String ID="P51_ST00189" HPOS="694" VPOS="1940" WIDTH="124" HEIGHT="72" CONTENT="dit," WC="0.99" CC="0003"/>
						<SP ID="P51_SP00169" HPOS="818" VPOS="2012" WIDTH="35"/>
						<String ID="P51_ST00190" HPOS="853" VPOS="1938" WIDTH="344" HEIGHT="61" CONTENT="démontré" WC="1.00" CC="06000003"/>
						<SP ID="P51_SP00170" HPOS="1197" VPOS="2012" WIDTH="29"/>
						<String ID="P51_ST00191" HPOS="1226" VPOS="1938" WIDTH="197" HEIGHT="61" CONTENT="d'une" WC="0.99" CC="04600"/>
						<SP ID="P51_SP00171" HPOS="1423" VPOS="2012" WIDTH="31"/>
						<String ID="P51_ST00192" HPOS="1454" VPOS="1937" WIDTH="190" HEIGHT="71" CONTENT="façon" WC="0.99" CC="04140"/>
						<SP ID="P51_SP00172" HPOS="1644" VPOS="2012" WIDTH="32"/>
						<String ID="P51_ST00193" HPOS="1676" VPOS="1937" WIDTH="273" HEIGHT="60" CONTENT="absolue" WC="0.99" CC="0005062"/>
						<SP ID="P51_SP00173" HPOS="1949" VPOS="2012" WIDTH="29"/>
						<String ID="P51_ST00194" HPOS="1978" VPOS="1936" WIDTH="342" HEIGHT="75" CONTENT="l'incompa" SUBS_TYPE="HypPart1" SUBS_CONTENT="l'incompatibilité" WC="0.99" CC="536001000"/>
						<HYP HPOS="2320" VPOS="1936" WIDTH="37" CONTENT="-"/>
					</TextLine>
					<TextLine ID="P51_TL00022" HPOS="230" VPOS="2012" WIDTH="2129" HEIGHT="81">
						<String ID="P51_ST00195" HPOS="230" VPOS="2018" WIDTH="246" HEIGHT="60" CONTENT="tibilité" SUBS_TYPE="HypPart2" SUBS_CONTENT="l'incompatibilité" WC="1.00" CC="40040000"/>
						<SP ID="P51_SP00174" HPOS="476" VPOS="2078" WIDTH="42"/>
						<String ID="P51_ST00196" HPOS="518" VPOS="2020" WIDTH="80" HEIGHT="59" CONTENT="de" WC="0.76" CC="04"/>
						<SP ID="P51_SP00175" HPOS="598" VPOS="2079" WIDTH="38"/>
						<String ID="P51_ST00197" HPOS="636" VPOS="2018" WIDTH="469" HEIGHT="60" CONTENT="l'anarchisme" WC="0.64" CC="545070067400"/>
						<SP ID="P51_SP00176" HPOS="1105" VPOS="2079" WIDTH="39"/>
						<String ID="P51_ST00198" HPOS="1144" VPOS="2020" WIDTH="63" HEIGHT="57" CONTENT="et" WC="1.00" CC="00"/>
						<SP ID="P51_SP00177" HPOS="1207" VPOS="2079" WIDTH="44"/>
						<String ID="P51_ST00199" HPOS="1251" VPOS="2018" WIDTH="90" HEIGHT="59" CONTENT="du" WC="0.64" CC="07"/>
						<SP ID="P51_SP00178" HPOS="1341" VPOS="2079" WIDTH="42"/>
						<String ID="P51_ST00200" HPOS="1383" VPOS="2017" WIDTH="510" HEIGHT="73" CONTENT="communisme," WC="0.99" CC="06000631003"/>
						<SP ID="P51_SP00179" HPOS="1893" VPOS="2090" WIDTH="35"/>
						<String ID="P51_ST00201" HPOS="1928" VPOS="2012" WIDTH="396" HEIGHT="81" CONTENT="l'impossibi" SUBS_TYPE="HypPart1" SUBS_CONTENT="l'impossibilité" WC="1.00" CC="53000002000"/>
						<HYP HPOS="2324" VPOS="2012" WIDTH="35" CONTENT="-"/>
					</TextLine>
					<TextLine ID="P51_TL00023" HPOS="228" VPOS="2091" WIDTH="2130" HEIGHT="82">
						<String ID="P51_ST00202" HPOS="228" VPOS="2097" WIDTH="118" HEIGHT="61" CONTENT="lité" SUBS_TYPE="HypPart2" SUBS_CONTENT="l'impossibilité" WC="0.98" CC="0014"/>
						<SP ID="P51_SP00180" HPOS="346" VPOS="2158" WIDTH="49"/>
						<String ID="P51_ST00203" HPOS="395" VPOS="2097" WIDTH="196" HEIGHT="61" CONTENT="d'une" WC="0.98" CC="04600"/>
						<SP ID="P51_SP00181" HPOS="591" VPOS="2158" WIDTH="53"/>
						<String ID="P51_ST00204" HPOS="644" VPOS="2098" WIDTH="290" HEIGHT="60" CONTENT="solution" WC="0.99" CC="46060220"/>
						<SP ID="P51_SP00182" HPOS="934" VPOS="2158" WIDTH="50"/>
						<String ID="P51_ST00205" HPOS="984" VPOS="2098" WIDTH="80" HEIGHT="59" CONTENT="de" WC="0.69" CC="06"/>
						<SP ID="P51_SP00183" HPOS="1064" VPOS="2158" WIDTH="46"/>
						<String ID="P51_ST00206" HPOS="1110" VPOS="2096" WIDTH="64" HEIGHT="60" CONTENT="la" WC="0.90" CC="20"/>
						<SP ID="P51_SP00184" HPOS="1174" VPOS="2158" WIDTH="40"/>
						<String ID="P51_ST00207" HPOS="1214" VPOS="2097" WIDTH="310" HEIGHT="76" CONTENT="question" WC="0.99" CC="06450050"/>
						<SP ID="P51_SP00185" HPOS="1524" VPOS="2173" WIDTH="42"/>
						<String ID="P51_ST00208" HPOS="1566" VPOS="2095" WIDTH="242" HEIGHT="62" CONTENT="sociale" WC="0.99" CC="2372003"/>
						<SP ID="P51_SP00186" HPOS="1808" VPOS="2173" WIDTH="38"/>
						<String ID="P51_ST00209" HPOS="1846" VPOS="2112" WIDTH="120" HEIGHT="60" CONTENT="par" WC="0.97" CC="006"/>
						<SP ID="P51_SP00187" HPOS="1966" VPOS="2173" WIDTH="34"/>
						<String ID="P51_ST00210" HPOS="2000" VPOS="2091" WIDTH="323" HEIGHT="63" CONTENT="l'intermé" SUBS_TYPE="HypPart1" SUBS_CONTENT="l'intermédiaire" WC="0.99" CC="344600605"/>
						<HYP HPOS="2323" VPOS="2091" WIDTH="35" CONTENT="-"/>
					</TextLine>
					<TextLine ID="P51_TL00024" HPOS="231" VPOS="2173" WIDTH="2126" HEIGHT="78">
						<String ID="P51_ST00211" HPOS="231" VPOS="2177" WIDTH="208" HEIGHT="61" CONTENT="diaire" SUBS_TYPE="HypPart2" SUBS_CONTENT="l'intermédiaire" WC="0.99" CC="030305"/>
						<SP ID="P51_SP00188" HPOS="439" VPOS="2238" WIDTH="46"/>
						<String ID="P51_ST00212" HPOS="485" VPOS="2178" WIDTH="80" HEIGHT="60" CONTENT="de" WC="0.74" CC="05"/>
						<SP ID="P51_SP00189" HPOS="565" VPOS="2238" WIDTH="34"/>
						<String ID="P51_ST00213" HPOS="599" VPOS="2176" WIDTH="224" HEIGHT="75" CONTENT="l'Etat," WC="0.99" CC="4400004"/>
						<SP ID="P51_SP00190" HPOS="823" VPOS="2251" WIDTH="45"/>
						<String ID="P51_ST00214" HPOS="868" VPOS="2178" WIDTH="65" HEIGHT="59" CONTENT="et" WC="1.00" CC="00"/>
						<SP ID="P51_SP00191" HPOS="933" VPOS="2251" WIDTH="37"/>
						<String ID="P51_ST00215" HPOS="970" VPOS="2175" WIDTH="441" HEIGHT="62" CONTENT="l'inefficacité" WC="0.99" CC="03702487360254"/>
						<SP ID="P51_SP00192" HPOS="1411" VPOS="2251" WIDTH="44"/>
						<String ID="P51_ST00216" HPOS="1455" VPOS="2177" WIDTH="80" HEIGHT="60" CONTENT="de" WC="0.81" CC="03"/>
						<SP ID="P51_SP00193" HPOS="1535" VPOS="2251" WIDTH="38"/>
						<String ID="P51_ST00217" HPOS="1573" VPOS="2176" WIDTH="67" HEIGHT="58" CONTENT="la" WC="0.27" CC="49"/>
						<SP ID="P51_SP00194" HPOS="1640" VPOS="2251" WIDTH="37"/>
						<String ID="P51_ST00218" HPOS="1677" VPOS="2175" WIDTH="320" HEIGHT="72" CONTENT="violence," WC="0.99" CC="036300553"/>
						<SP ID="P51_SP00195" HPOS="1997" VPOS="2251" WIDTH="35"/>
						<String ID="P51_ST00219" HPOS="2032" VPOS="2173" WIDTH="155" HEIGHT="60" CONTENT="c'est" WC="0.98" CC="04060"/>
						<SP ID="P51_SP00196" HPOS="2187" VPOS="2251" WIDTH="36"/>
						<String ID="P51_ST00220" HPOS="2223" VPOS="2189" WIDTH="134" HEIGHT="43" CONTENT="une" WC="0.97" CC="701"/>
					</TextLine>
					<TextLine ID="P51_TL00025" HPOS="228" VPOS="2252" WIDTH="2129" HEIGHT="83">
						<String ID="P51_ST00221" HPOS="228" VPOS="2259" WIDTH="189" HEIGHT="58" CONTENT="autre" WC="0.99" CC="06300"/>
						<SP ID="P51_SP00197" HPOS="417" VPOS="2317" WIDTH="28"/>
						<String ID="P51_ST00222" HPOS="445" VPOS="2256" WIDTH="334" HEIGHT="79" CONTENT="question," WC="0.99" CC="002544354"/>
						<SP ID="P51_SP00198" HPOS="779" VPOS="2335" WIDTH="25"/>
						<String ID="P51_ST00223" HPOS="804" VPOS="2257" WIDTH="63" HEIGHT="59" CONTENT="et" WC="1.00" CC="00"/>
						<SP ID="P51_SP00199" HPOS="867" VPOS="2335" WIDTH="23"/>
						<String ID="P51_ST00224" HPOS="890" VPOS="2255" WIDTH="68" HEIGHT="77" CONTENT="je" WC="0.68" CC="06"/>
						<SP ID="P51_SP00200" HPOS="958" VPOS="2335" WIDTH="23"/>
						<String ID="P51_ST00225" HPOS="981" VPOS="2271" WIDTH="82" HEIGHT="45" CONTENT="ne" WC="1.00" CC="00"/>
						<SP ID="P51_SP00201" HPOS="1063" VPOS="2335" WIDTH="29"/>
						<String ID="P51_ST00226" HPOS="1092" VPOS="2255" WIDTH="155" HEIGHT="77" CONTENT="puis" WC="0.99" CC="0102"/>
						<SP ID="P51_SP00202" HPOS="1247" VPOS="2335" WIDTH="26"/>
						<String ID="P51_ST00227" HPOS="1273" VPOS="2253" WIDTH="84" HEIGHT="61" CONTENT="ici" WC="0.98" CC="040"/>
						<SP ID="P51_SP00203" HPOS="1357" VPOS="2335" WIDTH="27"/>
						<String ID="P51_ST00228" HPOS="1384" VPOS="2255" WIDTH="295" HEIGHT="61" CONTENT="discuter" WC="1.00" CC="00400000"/>
						<SP ID="P51_SP00204" HPOS="1679" VPOS="2335" WIDTH="30"/>
						<String ID="P51_ST00229" HPOS="1709" VPOS="2271" WIDTH="116" HEIGHT="43" CONTENT="sur" WC="1.00" CC="000"/>
						<SP ID="P51_SP00205" HPOS="1825" VPOS="2335" WIDTH="29"/>
						<String ID="P51_ST00230" HPOS="1854" VPOS="2253" WIDTH="250" HEIGHT="60" CONTENT="chacun" WC="0.99" CC="060400"/>
						<SP ID="P51_SP00206" HPOS="2104" VPOS="2335" WIDTH="33"/>
						<String ID="P51_ST00231" HPOS="2137" VPOS="2252" WIDTH="80" HEIGHT="60" CONTENT="de" WC="1.00" CC="00"/>
						<SP ID="P51_SP00207" HPOS="2217" VPOS="2335" WIDTH="31"/>
						<String ID="P51_ST00232" HPOS="2248" VPOS="2266" WIDTH="109" HEIGHT="45" CONTENT="ces" WC="0.96" CC="406"/>
					</TextLine>
					<TextLine ID="P51_TL00026" HPOS="224" VPOS="2330" WIDTH="2131" HEIGHT="83">
						<String ID="P51_ST00233" HPOS="224" VPOS="2336" WIDTH="249" HEIGHT="77" CONTENT="points." WC="0.99" CC="0307034"/>
						<SP ID="P51_SP00208" HPOS="473" VPOS="2413" WIDTH="36"/>
						<String ID="P51_ST00234" HPOS="509" VPOS="2335" WIDTH="175" HEIGHT="70" CONTENT="Quoi" WC="0.96" CC="5540"/>
						<SP ID="P51_SP00209" HPOS="684" VPOS="2413" WIDTH="42"/>
						<String ID="P51_ST00235" HPOS="726" VPOS="2333" WIDTH="161" HEIGHT="79" CONTENT="qu'il" WC="0.99" CC="00400"/>
						<SP ID="P51_SP00210" HPOS="887" VPOS="2413" WIDTH="46"/>
						<String ID="P51_ST00236" HPOS="933" VPOS="2351" WIDTH="81" HEIGHT="43" CONTENT="en" WC="0.95" CC="00"/>
						<SP ID="P51_SP00211" HPOS="1014" VPOS="2413" WIDTH="44"/>
						<String ID="P51_ST00237" HPOS="1058" VPOS="2333" WIDTH="152" HEIGHT="74" CONTENT="soit," WC="0.98" CC="60104"/>
						<SP ID="P51_SP00212" HPOS="1210" VPOS="2413" WIDTH="32"/>
						<String ID="P51_ST00238" HPOS="1242" VPOS="2336" WIDTH="461" HEIGHT="60" CONTENT="Anarchistes" WC="0.99" CC="07020755314" STYLEREFS="TXT_2"/>
						<SP ID="P51_SP00213" HPOS="1703" VPOS="2413" WIDTH="29"/>
						<String ID="P51_ST00239" HPOS="1732" VPOS="2335" WIDTH="100" HEIGHT="59" CONTENT="est" WC="0.96" CC="460"/>
						<SP ID="P51_SP00214" HPOS="1832" VPOS="2413" WIDTH="33"/>
						<String ID="P51_ST00240" HPOS="1865" VPOS="2350" WIDTH="92" HEIGHT="42" CONTENT="un" WC="0.73" CC="50"/>
						<SP ID="P51_SP00215" HPOS="1957" VPOS="2413" WIDTH="40"/>
						<String ID="P51_ST00241" HPOS="1997" VPOS="2332" WIDTH="165" HEIGHT="60" CONTENT="livre" WC="1.00" CC="20000"/>
						<SP ID="P51_SP00216" HPOS="2162" VPOS="2413" WIDTH="30"/>
						<String ID="P51_ST00242" HPOS="2192" VPOS="2330" WIDTH="131" HEIGHT="61" CONTENT="inté" SUBS_TYPE="HypPart1" SUBS_CONTENT="intéressant" WC="0.98" CC="0008"/>
						<HYP HPOS="2323" VPOS="2330" WIDTH="32" CONTENT="-"/>
					</TextLine>
					<TextLine ID="P51_TL00027" HPOS="224" VPOS="2412" WIDTH="1198" HEIGHT="80">
						<String ID="P51_ST00243" HPOS="224" VPOS="2417" WIDTH="266" HEIGHT="59" CONTENT="ressant" SUBS_TYPE="HypPart2" SUBS_CONTENT="intéressant" WC="0.98" CC="9065900"/>
						<SP ID="P51_SP00217" HPOS="490" VPOS="2476" WIDTH="29"/>
						<String ID="P51_ST00244" HPOS="519" VPOS="2419" WIDTH="65" HEIGHT="58" CONTENT="et" WC="0.87" CC="20"/>
						<SP ID="P51_SP00218" HPOS="584" VPOS="2477" WIDTH="28"/>
						<String ID="P51_ST00245" HPOS="612" VPOS="2431" WIDTH="133" HEIGHT="45" CONTENT="une" WC="0.93" CC="784"/>
						<SP ID="P51_SP00219" HPOS="745" VPOS="2477" WIDTH="26"/>
						<String ID="P51_ST00246" HPOS="771" VPOS="2412" WIDTH="349" HEIGHT="80" CONTENT="profitable" WC="0.99" CC="0668600600"/>
						<SP ID="P51_SP00220" HPOS="1120" VPOS="2492" WIDTH="29"/>
						<String ID="P51_ST00247" HPOS="1149" VPOS="2412" WIDTH="273" HEIGHT="64" CONTENT="lecture." WC="0.99" CC="00300663"/>
					</TextLine>
				</TextBlock>
				<TextBlock ID="P51_TB00003" HPOS="222" VPOS="2822" WIDTH="2135" HEIGHT="157" STYLEREFS="TXT_1 PAR_CENTER">
					<TextLine ID="P51_TL00028" HPOS="222" VPOS="2822" WIDTH="2135" HEIGHT="85">
						<String ID="P51_ST00248" HPOS="222" VPOS="2822" WIDTH="534" HEIGHT="85" CONTENT="L'Athènes" WC="0.98" CC="006163755" STYLEREFS="TXT_2"/>
						<SP ID="P51_SP00221" HPOS="756" VPOS="2907" WIDTH="1"/>
						<String ID="P51_ST00249" HPOS="757" VPOS="2833" WIDTH="34" HEIGHT="57" CONTENT="de" WC="0.43" CC="46" STYLEREFS="TXT_2"/>
						<SP ID="P51_SP00222" HPOS="791" VPOS="2907" WIDTH="649"/>
						<String ID="P51_ST00250" HPOS="1440" VPOS="2834" WIDTH="66" HEIGHT="58" CONTENT="la" WC="0.73" CC="05" STYLEREFS="TXT_2"/>
						<SP ID="P51_SP00223" HPOS="1506" VPOS="2907" WIDTH="124"/>
						<String ID="P51_ST00251" HPOS="1630" VPOS="2828" WIDTH="243" HEIGHT="75" CONTENT="Sprée," WC="0.96" CC="665602" STYLEREFS="TXT_2"/>
						<SP ID="P51_SP00224" HPOS="1873" VPOS="2907" WIDTH="-666"/>
						<String ID="P51_ST00252" HPOS="1207" VPOS="2846" WIDTH="120" HEIGHT="61" CONTENT="par" WC="1.00" CC="367"/>
						<SP ID="P51_SP00225" HPOS="1873" VPOS="2907" WIDTH="-515"/>
						<String ID="P51_ST00253" HPOS="1358" VPOS="2827" WIDTH="141" HEIGHT="61" CONTENT="Luc" WC="0.95" CC="371"/>
						<SP ID="P51_SP00226" HPOS="1873" VPOS="2907" WIDTH="-343"/>
						<String ID="P51_ST00254" HPOS="1530" VPOS="2826" WIDTH="234" HEIGHT="62" CONTENT="Gersal" WC="0.41" CC="675266"/>
						<SP ID="P51_SP00227" HPOS="1873" VPOS="2907" WIDTH="-78"/>
						<String ID="P51_ST00255" HPOS="1795" VPOS="2823" WIDTH="97" HEIGHT="79" CONTENT="(A." WC="0.95" CC="463"/>
						<SP ID="P51_SP00228" HPOS="1892" VPOS="2907" WIDTH="35"/>
						<String ID="P51_ST00256" HPOS="1927" VPOS="2824" WIDTH="259" HEIGHT="74" CONTENT="Savine," WC="0.52" CC="6170844"/>
						<SP ID="P51_SP00229" HPOS="2186" VPOS="2907" WIDTH="36"/>
						<String ID="P51_ST00257" HPOS="2222" VPOS="2822" WIDTH="135" HEIGHT="85" CONTENT="éditeur)." WC="0.98" CC="560607674"/>
					</TextLine>
				</TextBlock>
				<TextBlock ID="P51_TB00004" HPOS="222" VPOS="2979" WIDTH="2136" HEIGHT="642" STYLEREFS="TXT_1 PAR_BLOCK">
					<TextLine ID="P51_TL00029" HPOS="307" VPOS="2984" WIDTH="2047" HEIGHT="82">
						<String ID="P51_ST00258" HPOS="307" VPOS="2993" WIDTH="132" HEIGHT="58" CONTENT="Par" WC="0.93" CC="747"/>
						<SP ID="P51_SP00230" HPOS="439" VPOS="3051" WIDTH="29"/>
						<String ID="P51_ST00259" HPOS="468" VPOS="3005" WIDTH="108" HEIGHT="45" CONTENT="ces" WC="0.99" CC="003"/>
						<SP ID="P51_SP00231" HPOS="576" VPOS="3051" WIDTH="38"/>
						<String ID="P51_ST00260" HPOS="614" VPOS="2991" WIDTH="220" HEIGHT="75" CONTENT="temps" WC="0.97" CC="64605"/>
						<SP ID="P51_SP00232" HPOS="834" VPOS="3066" WIDTH="38"/>
						<String ID="P51_ST00261" HPOS="872" VPOS="2989" WIDTH="81" HEIGHT="59" CONTENT="de" WC="0.72" CC="31"/>
						<SP ID="P51_SP00233" HPOS="953" VPOS="3066" WIDTH="40"/>
						<String ID="P51_ST00262" HPOS="993" VPOS="2989" WIDTH="468" HEIGHT="61" CONTENT="chauvinisme" WC="0.99" CC="27365002500"/>
						<SP ID="P51_SP00234" HPOS="1461" VPOS="3066" WIDTH="45"/>
						<String ID="P51_ST00263" HPOS="1506" VPOS="2984" WIDTH="438" HEIGHT="77" CONTENT="flamboyant," WC="0.99" CC="55907150536"/>
						<SP ID="P51_SP00235" HPOS="1944" VPOS="3066" WIDTH="60"/>
						<String ID="P51_ST00264" HPOS="2004" VPOS="2984" WIDTH="80" HEIGHT="58" CONTENT="de" WC="0.47" CC="64"/>
						<SP ID="P51_SP00236" HPOS="2084" VPOS="3066" WIDTH="48"/>
						<String ID="P51_ST00265" HPOS="2132" VPOS="2996" WIDTH="185" HEIGHT="45" CONTENT="russo" SUBS_TYPE="HypPart1" SUBS_CONTENT="russomanie" WC="0.97" CC="77556"/>
						<HYP HPOS="2317" VPOS="2996" WIDTH="37" CONTENT="-"/>
					</TextLine>
					<TextLine ID="P51_TL00030" HPOS="228" VPOS="3060" WIDTH="2124" HEIGHT="86">
						<String ID="P51_ST00266" HPOS="228" VPOS="3070" WIDTH="222" HEIGHT="60" CONTENT="manie" SUBS_TYPE="HypPart2" SUBS_CONTENT="russomanie" WC="0.99" CC="05003"/>
						<SP ID="P51_SP00237" HPOS="450" VPOS="3130" WIDTH="34"/>
						<String ID="P51_ST00267" HPOS="484" VPOS="3070" WIDTH="62" HEIGHT="58" CONTENT="et" WC="1.00" CC="00"/>
						<SP ID="P51_SP00238" HPOS="546" VPOS="3130" WIDTH="29"/>
						<String ID="P51_ST00268" HPOS="575" VPOS="3069" WIDTH="679" HEIGHT="77" CONTENT="d'antigermanisme," WC="0.83" CC="04030002000406051"/>
						<SP ID="P51_SP00239" HPOS="1254" VPOS="3146" WIDTH="30"/>
						<String ID="P51_ST00269" HPOS="1284" VPOS="3069" WIDTH="87" HEIGHT="59" CONTENT="M." WC="0.65" CC="24"/>
						<SP ID="P51_SP00240" HPOS="1371" VPOS="3146" WIDTH="28"/>
						<String ID="P51_ST00270" HPOS="1399" VPOS="3065" WIDTH="236" HEIGHT="62" CONTENT="Gersal" WC="0.56" CC="707605"/>
						<SP ID="P51_SP00241" HPOS="1635" VPOS="3146" WIDTH="31"/>
						<String ID="P51_ST00271" HPOS="1666" VPOS="3064" WIDTH="248" HEIGHT="75" CONTENT="risque," WC="0.98" CC="0455604"/>
						<SP ID="P51_SP00242" HPOS="1914" VPOS="3146" WIDTH="26"/>
						<String ID="P51_ST00272" HPOS="1940" VPOS="3079" WIDTH="79" HEIGHT="42" CONTENT="en" WC="0.63" CC="15"/>
						<SP ID="P51_SP00243" HPOS="2019" VPOS="3146" WIDTH="27"/>
						<String ID="P51_ST00273" HPOS="2046" VPOS="3060" WIDTH="306" HEIGHT="77" CONTENT="publiant" WC="0.98" CC="66760560"/>
					</TextLine>
					<TextLine ID="P51_TL00031" HPOS="222" VPOS="3139" WIDTH="2126" HEIGHT="82">
						<String ID="P51_ST00274" HPOS="222" VPOS="3149" WIDTH="41" HEIGHT="59" CONTENT="Y" WC="0.20" CC="7" STYLEREFS="TXT_2"/>
						<SP ID="P51_SP00244" HPOS="263" VPOS="3208" WIDTH="5"/>
						<String ID="P51_ST00275" HPOS="268" VPOS="3145" WIDTH="302" HEIGHT="66" CONTENT="Athènes" WC="0.98" CC="4091641" STYLEREFS="TXT_2"/>
						<SP ID="P51_SP00245" HPOS="570" VPOS="3211" WIDTH="28"/>
						<String ID="P51_ST00276" HPOS="598" VPOS="3153" WIDTH="79" HEIGHT="54" CONTENT="de" WC="0.79" CC="40" STYLEREFS="TXT_2"/>
						<SP ID="P51_SP00246" HPOS="677" VPOS="3211" WIDTH="26"/>
						<String ID="P51_ST00277" HPOS="703" VPOS="3148" WIDTH="65" HEIGHT="60" CONTENT="la" WC="1.00" CC="00" STYLEREFS="TXT_2"/>
						<SP ID="P51_SP00247" HPOS="768" VPOS="3211" WIDTH="30"/>
						<String ID="P51_ST00278" HPOS="798" VPOS="3149" WIDTH="214" HEIGHT="71" CONTENT="Sprée" WC="0.46" CC="55554" STYLEREFS="TXT_2"/>
						<String ID="P51_ST00279" HPOS="1019" VPOS="3193" WIDTH="18" HEIGHT="28" CONTENT="," WC="0.65" CC="3"/>
						<SP ID="P51_SP00248" HPOS="1037" VPOS="3221" WIDTH="29"/>
						<String ID="P51_ST00280" HPOS="1066" VPOS="3146" WIDTH="202" HEIGHT="62" CONTENT="d'être" WC="0.98" CC="041704"/>
						<SP ID="P51_SP00249" HPOS="1268" VPOS="3221" WIDTH="30"/>
						<String ID="P51_ST00281" HPOS="1298" VPOS="3146" WIDTH="130" HEIGHT="61" CONTENT="fort" WC="0.96" CC="6504"/>
						<SP ID="P51_SP00250" HPOS="1428" VPOS="3221" WIDTH="30"/>
						<String ID="P51_ST00282" HPOS="1458" VPOS="3145" WIDTH="133" HEIGHT="60" CONTENT="mal" WC="0.99" CC="100"/>
						<SP ID="P51_SP00251" HPOS="1591" VPOS="3221" WIDTH="30"/>
						<String ID="P51_ST00283" HPOS="1621" VPOS="3160" WIDTH="89" HEIGHT="42" CONTENT="vu" WC="0.34" CC="66"/>
						<SP ID="P51_SP00252" HPOS="1710" VPOS="3221" WIDTH="32"/>
						<String ID="P51_ST00284" HPOS="1742" VPOS="3142" WIDTH="80" HEIGHT="59" CONTENT="de" WC="0.82" CC="03"/>
						<SP ID="P51_SP00253" HPOS="1822" VPOS="3221" WIDTH="29"/>
						<String ID="P51_ST00285" HPOS="1851" VPOS="3141" WIDTH="66" HEIGHT="59" CONTENT="la" WC="0.79" CC="21"/>
						<SP ID="P51_SP00254" HPOS="1917" VPOS="3221" WIDTH="28"/>
						<String ID="P51_ST00286" HPOS="1945" VPOS="3141" WIDTH="75" HEIGHT="59" CONTENT="L." WC="0.48" CC="54"/>
						<SP ID="P51_SP00255" HPOS="2020" VPOS="3221" WIDTH="23"/>
						<String ID="P51_ST00287" HPOS="2043" VPOS="3140" WIDTH="83" HEIGHT="58" CONTENT="D." WC="0.60" CC="43"/>
						<SP ID="P51_SP00256" HPOS="2126" VPOS="3221" WIDTH="35"/>
						<String ID="P51_ST00288" HPOS="2161" VPOS="3140" WIDTH="74" HEIGHT="70" CONTENT="P," WC="0.90" CC="01"/>
						<SP ID="P51_SP00257" HPOS="2235" VPOS="3221" WIDTH="23"/>
						<String ID="P51_ST00289" HPOS="2258" VPOS="3139" WIDTH="90" HEIGHT="58" CONTENT="du" WC="0.59" CC="08"/>
					</TextLine>
					<TextLine ID="P51_TL00032" HPOS="222" VPOS="3217" WIDTH="2127" HEIGHT="89">
						<String ID="P51_ST00290" HPOS="222" VPOS="3228" WIDTH="378" HEIGHT="78" CONTENT="légendaire" WC="0.99" CC="4461307206"/>
						<SP ID="P51_SP00258" HPOS="600" VPOS="3306" WIDTH="55"/>
						<String ID="P51_ST00291" HPOS="655" VPOS="3229" WIDTH="62" HEIGHT="57" CONTENT="et" WC="1.00" CC="00"/>
						<SP ID="P51_SP00259" HPOS="717" VPOS="3306" WIDTH="56"/>
						<String ID="P51_ST00292" HPOS="773" VPOS="3226" WIDTH="319" HEIGHT="61" CONTENT="braillard" WC="0.99" CC="643024000"/>
						<SP ID="P51_SP00260" HPOS="1092" VPOS="3306" WIDTH="54"/>
						<String ID="P51_ST00293" HPOS="1146" VPOS="3226" WIDTH="417" HEIGHT="70" CONTENT="Déroulède," WC="0.64" CC="8804535000"/>
						<SP ID="P51_SP00261" HPOS="1563" VPOS="3306" WIDTH="66"/>
						<String ID="P51_ST00294" HPOS="1629" VPOS="3222" WIDTH="89" HEIGHT="59" CONTENT="du" WC="0.65" CC="06"/>
						<SP ID="P51_SP00262" HPOS="1718" VPOS="3306" WIDTH="57"/>
						<String ID="P51_ST00295" HPOS="1775" VPOS="3220" WIDTH="208" HEIGHT="77" CONTENT="grand" WC="0.97" CC="05940"/>
						<SP ID="P51_SP00263" HPOS="1983" VPOS="3306" WIDTH="51"/>
						<String ID="P51_ST00296" HPOS="2034" VPOS="3217" WIDTH="315" HEIGHT="73" CONTENT="Français" WC="0.99" CC="50073014"/>
					</TextLine>
					<TextLine ID="P51_TL00033" HPOS="224" VPOS="3296" WIDTH="2128" HEIGHT="84">
						<String ID="P51_ST00297" HPOS="224" VPOS="3306" WIDTH="313" HEIGHT="62" CONTENT="Edouard" WC="0.99" CC="4006300"/>
						<SP ID="P51_SP00264" HPOS="537" VPOS="3368" WIDTH="30"/>
						<String ID="P51_ST00298" HPOS="567" VPOS="3306" WIDTH="360" HEIGHT="74" CONTENT="Drumont," WC="0.60" CC="86605004"/>
						<SP ID="P51_SP00265" HPOS="927" VPOS="3380" WIDTH="26"/>
						<String ID="P51_ST00299" HPOS="953" VPOS="3306" WIDTH="185" HEIGHT="60" CONTENT="voire" WC="0.99" CC="05000"/>
						<SP ID="P51_SP00266" HPOS="1138" VPOS="3380" WIDTH="30"/>
						<String ID="P51_ST00300" HPOS="1168" VPOS="3306" WIDTH="217" HEIGHT="60" CONTENT="même" WC="1.00" CC="0200"/>
						<SP ID="P51_SP00267" HPOS="1385" VPOS="3380" WIDTH="33"/>
						<String ID="P51_ST00301" HPOS="1418" VPOS="3304" WIDTH="80" HEIGHT="59" CONTENT="de" WC="1.00" CC="00"/>
						<SP ID="P51_SP00268" HPOS="1498" VPOS="3380" WIDTH="29"/>
						<String ID="P51_ST00302" HPOS="1527" VPOS="3305" WIDTH="154" HEIGHT="57" CONTENT="tous" WC="0.97" CC="0606"/>
						<SP ID="P51_SP00269" HPOS="1681" VPOS="3380" WIDTH="31"/>
						<String ID="P51_ST00303" HPOS="1712" VPOS="3299" WIDTH="97" HEIGHT="59" CONTENT="les" WC="0.96" CC="224"/>
						<SP ID="P51_SP00270" HPOS="1809" VPOS="3380" WIDTH="36"/>
						<String ID="P51_ST00304" HPOS="1845" VPOS="3297" WIDTH="371" HEIGHT="78" CONTENT="présidents" WC="0.99" CC="0633304074"/>
						<SP ID="P51_SP00271" HPOS="2216" VPOS="3380" WIDTH="54"/>
						<String ID="P51_ST00305" HPOS="2270" VPOS="3296" WIDTH="82" HEIGHT="61" CONTENT="de" WC="0.67" CC="06"/>
					</TextLine>
					<TextLine ID="P51_TL00034" HPOS="227" VPOS="3379" WIDTH="1938" HEIGHT="86">
						<String ID="P51_ST00306" HPOS="227" VPOS="3386" WIDTH="278" HEIGHT="64" CONTENT="sociétés" WC="0.98" CC="50237745"/>
						<SP ID="P51_SP00272" HPOS="505" VPOS="3450" WIDTH="33"/>
						<String ID="P51_ST00307" HPOS="538" VPOS="3386" WIDTH="81" HEIGHT="60" CONTENT="de" WC="1.00" CC="00"/>
						<SP ID="P51_SP00273" HPOS="619" VPOS="3450" WIDTH="32"/>
						<String ID="P51_ST00308" HPOS="651" VPOS="3386" WIDTH="475" HEIGHT="79" CONTENT="gymnastique" WC="0.99" CC="95000350260"/>
						<SP ID="P51_SP00274" HPOS="1126" VPOS="3465" WIDTH="27"/>
						<String ID="P51_ST00309" HPOS="1153" VPOS="3388" WIDTH="63" HEIGHT="58" CONTENT="et" WC="0.67" CC="60"/>
						<SP ID="P51_SP00275" HPOS="1216" VPOS="3465" WIDTH="27"/>
						<String ID="P51_ST00310" HPOS="1243" VPOS="3386" WIDTH="81" HEIGHT="59" CONTENT="de" WC="0.91" CC="01"/>
						<SP ID="P51_SP00276" HPOS="1324" VPOS="3465" WIDTH="27"/>
						<String ID="P51_ST00311" HPOS="1351" VPOS="3381" WIDTH="277" HEIGHT="62" CONTENT="comités" WC="1.00" CC="0300005"/>
						<SP ID="P51_SP00277" HPOS="1628" VPOS="3465" WIDTH="32"/>
						<String ID="P51_ST00312" HPOS="1660" VPOS="3379" WIDTH="505" HEIGHT="58" CONTENT="franco-russes." WC="0.99" CC="46024600020143"/>
					</TextLine>
					<TextLine ID="P51_TL00035" HPOS="303" VPOS="3454" WIDTH="2052" HEIGHT="85">
						<String ID="P51_ST00313" HPOS="303" VPOS="3469" WIDTH="102" HEIGHT="60" CONTENT="En" WC="0.36" CC="57"/>
						<SP ID="P51_SP00278" HPOS="405" VPOS="3529" WIDTH="33"/>
						<String ID="P51_ST00314" HPOS="438" VPOS="3466" WIDTH="175" HEIGHT="73" CONTENT="effet," WC="0.98" CC="070464"/>
						<SP ID="P51_SP00279" HPOS="613" VPOS="3539" WIDTH="25"/>
						<String ID="P51_ST00315" HPOS="638" VPOS="3468" WIDTH="88" HEIGHT="61" CONTENT="M." WC="1.00" CC="00"/>
						<SP ID="P51_SP00280" HPOS="726" VPOS="3539" WIDTH="32"/>
						<String ID="P51_ST00316" HPOS="758" VPOS="3464" WIDTH="234" HEIGHT="61" CONTENT="Gersal" WC="0.63" CC="730253"/>
						<SP ID="P51_SP00281" HPOS="992" VPOS="3539" WIDTH="31"/>
						<String ID="P51_ST00317" HPOS="1023" VPOS="3483" WIDTH="37" HEIGHT="40" CONTENT="a" WC="1.00" CC="0"/>
						<SP ID="P51_SP00282" HPOS="1060" VPOS="3539" WIDTH="41"/>
						<String ID="P51_ST00318" HPOS="1101" VPOS="3465" WIDTH="164" HEIGHT="60" CONTENT="vécu" WC="0.97" CC="0247"/>
						<SP ID="P51_SP00283" HPOS="1265" VPOS="3539" WIDTH="30"/>
						<String ID="P51_ST00319" HPOS="1295" VPOS="3462" WIDTH="379" HEIGHT="77" CONTENT="longtemps" WC="0.99" CC="038022506"/>
						<SP ID="P51_SP00284" HPOS="1674" VPOS="3539" WIDTH="43"/>
						<String ID="P51_ST00320" HPOS="1717" VPOS="3457" WIDTH="37" HEIGHT="59" CONTENT="à" WC="0.65" CC="3"/>
						<SP ID="P51_SP00285" HPOS="1754" VPOS="3539" WIDTH="29"/>
						<String ID="P51_ST00321" HPOS="1783" VPOS="3455" WIDTH="250" HEIGHT="74" CONTENT="Berlin," WC="0.99" CC="7000004"/>
						<SP ID="P51_SP00286" HPOS="2033" VPOS="3539" WIDTH="29"/>
						<String ID="P51_ST00322" HPOS="2062" VPOS="3457" WIDTH="64" HEIGHT="59" CONTENT="et" WC="0.70" CC="50"/>
						<SP ID="P51_SP00287" HPOS="2126" VPOS="3539" WIDTH="29"/>
						<String ID="P51_ST00323" HPOS="2155" VPOS="3455" WIDTH="48" HEIGHT="60" CONTENT="il" WC="0.59" CC="43"/>
						<SP ID="P51_SP00288" HPOS="2203" VPOS="3539" WIDTH="42"/>
						<String ID="P51_ST00324" HPOS="2245" VPOS="3454" WIDTH="110" HEIGHT="78" CONTENT="y*a" WC="0.52" CC="076"/>
					</TextLine>
					<TextLine ID="P51_TL00036" HPOS="224" VPOS="3535" WIDTH="2134" HEIGHT="86">
						<String ID="P51_ST00325" HPOS="224" VPOS="3546" WIDTH="166" HEIGHT="61" CONTENT="vécu" WC="0.96" CC="0637"/>
						<SP ID="P51_SP00289" HPOS="390" VPOS="3607" WIDTH="33"/>
						<String ID="P51_ST00326" HPOS="423" VPOS="3548" WIDTH="167" HEIGHT="59" CONTENT="dans" WC="0.98" CC="0006"/>
						<SP ID="P51_SP00290" HPOS="590" VPOS="3607" WIDTH="43"/>
						<String ID="P51_ST00327" HPOS="633" VPOS="3564" WIDTH="93" HEIGHT="43" CONTENT="un" WC="0.71" CC="50"/>
						<SP ID="P51_SP00291" HPOS="726" VPOS="3607" WIDTH="38"/>
						<String ID="P51_ST00328" HPOS="764" VPOS="3544" WIDTH="205" HEIGHT="76" CONTENT="esprit" WC="0.99" CC="530007"/>
						<SP ID="P51_SP00292" HPOS="969" VPOS="3620" WIDTH="49"/>
						<String ID="P51_ST00329" HPOS="1018" VPOS="3545" WIDTH="80" HEIGHT="60" CONTENT="de" WC="1.00" CC="00"/>
						<SP ID="P51_SP00293" HPOS="1098" VPOS="3620" WIDTH="45"/>
						<String ID="P51_ST00330" HPOS="1143" VPOS="3540" WIDTH="379" HEIGHT="81" CONTENT="sympathie" WC="0.99" CC="400000705"/>
						<SP ID="P51_SP00294" HPOS="1522" VPOS="3621" WIDTH="41"/>
						<String ID="P51_ST00331" HPOS="1563" VPOS="3553" WIDTH="170" HEIGHT="63" CONTENT="pour" WC="0.98" CC="0460"/>
						<SP ID="P51_SP00295" HPOS="1733" VPOS="3621" WIDTH="27"/>
						<String ID="P51_ST00332" HPOS="1760" VPOS="3535" WIDTH="99" HEIGHT="61" CONTENT="les" WC="0.95" CC="075"/>
						<SP ID="P51_SP00296" HPOS="1859" VPOS="3621" WIDTH="38"/>
						<String ID="P51_ST00333" HPOS="1897" VPOS="3535" WIDTH="175" HEIGHT="61" CONTENT="êtres" WC="0.98" CC="50023"/>
						<SP ID="P51_SP00297" HPOS="2072" VPOS="3621" WIDTH="28"/>
						<String ID="P51_ST00334" HPOS="2100" VPOS="3537" WIDTH="61" HEIGHT="59" CONTENT="et" WC="1.00" CC="00"/>
						<SP ID="P51_SP00298" HPOS="2161" VPOS="3621" WIDTH="29"/>
						<String ID="P51_ST00335" HPOS="2190" VPOS="3553" WIDTH="168" HEIGHT="61" CONTENT="pour" WC="0.96" CC="0677"/>
					</TextLine>
				</TextBlock>
			</PrintSpace>
		</Page>
	</Layout>
</alto>
