2654 4029
1355 273 81 64 92

411 434 97 58 La
534 431 257 60 science
825 447 37 42 a
890 430 65 61 la
998 432 213 76 partie
1257 432 200 74 belle,
1487 450 109 43 car
1643 432 48 60 il
1723 431 99 60 lui
1872 431 99 60 est
2004 428 193 60 facile
2239 427 79 61 de
2366 427 72 61 dé-

324 515 294 58 montrer
644 510 335 78 qu'aucun
1003 514 296 74 système
1324 512 520 80 philosophique
1878 511 106 60 n'a
2015 526 93 61 pu
2142 507 324 61 résoudre

317 594 98 59 les
447 591 406 60 antinomies
881 608 128 60 que
1041 595 99 58 les
1167 594 569 78 métaphysiciens
1782 592 114 60 ont
1937 590 257 78 posées.
2234 588 226 72 Quant

319 672 38 59 à
400 671 150 74 elle,
584 670 126 61 elle
758 688 83 43 ne
900 671 390 64 s'attachera
1341 672 528 63 exclusivement
1920 671 38 58 à
2014 685 260 44 aucune
2340 668 120 59 des

321 751 180 60 deux
550 748 332 65 solutions
935 754 356 77 proposées
1326 771 14 41 :
1396 752 330 61 monisme
1759 768 87 43 ou
1892 748 361 73 dualisme,
2290 747 172 61 mais

319 831 124 60 elle
475 830 428 62 recherchera
935 835 193 75 quels
1162 835 150 60 sont
1340 834 99 61 les
1473 832 159 60 faits
1677 832 301 60 concrets
2012 828 118 78 qui
2161 828 292 78 peuvent

316 912 220 60 entrer
583 911 166 60 dans
797 912 179 61 l'une
1021 931 86 44 ou
1154 915 238 60 l'autre
1437 914 82 61 de
1566 929 106 43 ces
1733 910 437 77 hypothèses,
2216 910 63 59 et
2334 908 122 60 dès

319 992 160 73 lors,
501 990 729 79 expérimentalement,
1256 1010 241 61 pourra
1524 991 339 60 travailler
1886 990 37 59 à
1945 990 148 59 leur
2111 989 341 76 synthèse.

319 1072 200 61 Ainsi
552 1071 141 61 fera
722 1072 66 60 la
816 1074 454 78 psychologie,
1302 1091 119 60 par
1470 1071 327 79 exemple,
1843 1088 169 59 pour
2050 1067 415 62 l'antinomie

326 1154 92 58 du
449 1152 178 78 sujet
677 1155 62 57 et
790 1154 81 59 de
915 1154 262 77 l'objet;
1237 1154 123 61 elle
1393 1151 359 62 n'essaiera
1796 1166 120 61 pas
1949 1151 80 58 de
2066 1170 29 37 «
2130 1154 337 55 concilier

322 1235 116 58 des
468 1234 472 69 suppositions
973 1237 433 58 arbitraires
1435 1235 66 58 et
1526 1234 423 59 soustraites
1980 1229 42 60 à
2051 1232 185 59 toute
2258 1225 166 76 expé-

321 1317 240 56 rience
594 1333 55 53 »,
686 1312 172 61 mais
890 1312 125 63 elle
1048 1314 421 59 considérera
1517 1334 31 36 «
1581 1328 140 44 une
1750 1309 187 62 série
1980 1315 80 55 de
2104 1314 361 68 questions

316 1387 526 78 particulières,
893 1394 230 62 tantôt
1173 1397 524 70 sociologiques,
1747 1387 231 65 tantôt
2027 1394 394 71 psychologi-

322 1488 168 57 ques
518 1488 93 44 ou
635 1476 562 71 physiologiques
1230 1494 59 52 »,
1323 1474 120 76 qui
1483 1471 99 61 lui
1614 1472 439 77 permettront
2085 1470 80 58 de
2194 1467 267 63 vérifier

327 1552 117 59 des
470 1551 434 76 hypothèses,
935 1554 170 58 mais
1136 1552 119 61 des
1285 1551 410 79 hypothèses
1727 1554 467 68 scientifiques
2222 1549 239 59 basées

325 1648 117 43 sur
474 1631 118 59 des
621 1629 159 61 faits
820 1631 360 75 constatés,
1216 1639 64 54 et
1323 1650 135 43 non
1491 1632 118 61 des
1656 1630 410 79 hypothèses
2113 1629 308 78 métaphy-

325 1711 254 76 siques.

404 1789 175 61 C'est
604 1787 64 61 la
693 1789 430 78 psychologie
1156 1791 186 60 aussi
1387 1791 117 78 qui
1533 1792 294 60 donnera
1859 1790 37 60 à
1925 1790 90 60 M.
2053 1789 80 61 de
2160 1787 301 78 Roberty

322 1869 455 78 l'explication
824 1869 80 59 de
942 1869 66 59 la
1056 1871 239 78 genèse
1343 1872 79 59 de
1474 1869 616 63 l'Inconnaissable.
2126 1870 184 58 Pour
2358 1869 102 58 lui

326 1970 31 36 «
400 1955 68 55 la
519 1952 548 68 contemplation
1124 1955 77 55 de
1263 1955 360 57 Vinconnu
1672 1947 388 64 détermine
2121 1952 340 58 l'illusion

320 2031 302 60 mentale
677 2032 123 70 qui
851 2032 529 60 substantialise
1427 2034 198 58 notre
1666 2030 400 75 ignorance,
2119 2031 66 60 et
2230 2031 195 59 trans-

321 2110 231 71 forme
585 2110 358 60 l'inconnu
969 2125 86 45 en
1086 2115 564 57 inconnaissable
1681 2132 57 36 ».

401 2189 401 77 Cependant,
838 2190 158 60 c'est
1027 2190 167 61 aller
1222 2192 146 77 trop
1398 2191 140 60 loin
1571 2208 127 59 que
1745 2190 81 60 de
1872 2189 221 78 placer
2142 2205 168 45 ceux
2340 2189 120 77 qui

321 2270 114 60 ont
462 2285 116 43 cru
609 2269 37 59 à
675 2269 587 62 l'Inconnaissable
1296 2272 167 59 dans
1484 2271 65 60 la
1571 2270 326 79 catégorie
1929 2270 119 60 des
2079 2269 291 73 aberrés,
2396 2271 64 57 et

322 2349 82 61 de
430 2349 167 61 faire
640 2350 80 60 de
758 2350 150 60 leur
954 2351 279 61 illusion
1275 2369 94 43 un
1403 2369 111 42 cas
1561 2351 500 78 pathologique.
2119 2350 86 61 Ce
2255 2349 205 61 serait

319 2427 337 78 professer
698 2446 130 60 que
880 2429 692 78 jusqu'aujourd'hui,
1604 2430 400 61 l'humanité
2046 2446 37 44 a
2140 2429 101 61 été
2285 2446 132 42 com-

319 2507 200 79 posée
552 2509 160 59 d'un
742 2511 323 75 troupeau
1095 2510 81 61 de
1204 2511 322 73 malades,
1559 2513 65 58 et
1656 2510 199 77 qu'au
1885 2528 118 42 xix
2005 2520 22 32 e
2055 2509 200 62 siècle
2299 2509 161 61 était

320 2587 303 61 réservée
649 2587 65 60 la
743 2589 206 77 gloire
982 2589 81 61 de
1093 2590 234 61 traiter
1356 2591 65 60 la
1450 2590 159 61 folie
1639 2590 345 61 humaine.

401 2669 97 59 La
555 2667 258 63 science
842 2669 63 59 et
933 2669 90 59 M.
1060 2670 82 60 de
1167 2670 301 77 Roberty
1493 2671 183 60 n'ont
1704 2670 66 60 là
1801 2671 245 76 qu'une
2079 2669 170 61 série
2278 2669 146 61 d'ob-

320 2749 375 59 servations
724 2749 34 59 à
788 2749 188 72 faire,
1026 2767 110 43 car
1162 2753 199 59 avant
1390 2751 80 60 de
1500 2750 308 62 conclure
1840 2753 37 58 à
1914 2750 66 61 la
2010 2750 183 74 folie,
2226 2750 50 60 il
2310 2750 149 61 leur

317 2826 296 62 faudrait
656 2830 373 58 nettement
1062 2830 242 60 définir
1333 2830 66 60 la
1432 2830 247 61 raison.
1714 2831 92 60 Le
1858 2830 120 61 fait
2028 2831 117 78 qui
2175 2847 71 43 se
2295 2847 161 60 pose

319 2909 243 59 devant
585 2925 154 57 eux,
783 2910 102 60 est
935 2909 268 61 celui-ci
1234 2929 13 41 :
1294 2911 102 61 les
1430 2911 479 79 imaginations
1948 2910 212 74 vives,
2196 2928 260 43 comme

310 2987 101 61 les
441 2989 480 77 imaginations
952 2990 397 77 grossières,
1389 2993 485 58 transforment
1905 2991 423 79 rapidement
2358 2991 103 60 les

311 3069 188 61 idées
546 3076 65 55 et
640 3070 100 60 les
772 3071 311 77 concepts
1112 3073 356 75 purement
1500 3071 344 73 abstraits,
1876 3088 82 44 en
2000 3070 462 80 phénomènes

314 3153 322 57 concrets.
670 3151 132 59 Les
827 3150 482 78 imaginations
1332 3151 363 78 grossières
1719 3153 298 59 arrivent
2047 3151 65 60 là
2144 3168 119 58 par
2291 3151 141 60 l'im-

312 3229 384 77 possibilité
747 3233 85 58 où
861 3230 162 61 elles
1067 3248 68 43 se
1167 3233 312 58 trouvent
1511 3233 80 58 de
1638 3231 351 61 concevoir
2018 3231 336 61 l'absence
2387 3233 83 59 de

314 3308 215 62 forme
561 3310 64 58 et
659 3310 81 60 de
786 3310 298 71 couleur,
1131 3313 64 58 et
1241 3310 158 61 c'est
1450 3311 174 60 ainsi
1658 3311 280 77 qu'elles
1967 3310 464 80 personnalise-

308 3391 157 57 ront
488 3390 417 78 rapidement
936 3390 616 74 l'Inconnaissable,
1576 3409 121 61 par
1721 3391 115 61 des
1854 3391 320 79 procédés
2198 3391 233 61 anthro-

308 3470 527 78 pomorphiques
863 3490 16 55 ;
910 3489 110 43 ces
1064 3471 479 79 imaginations
1594 3474 230 60 seront
1865 3474 100 60 les
2009 3471 370 80 premières
2428 3473 37 58 à

307 3549 186 62 créer
519 3550 98 62 les
664 3551 203 61 dieux
902 3553 62 59 et
1008 3551 101 63 les
1157 3551 344 80 religions.
1537 3551 226 73 Quant
1807 3569 136 45 aux
1982 3553 484 77 imaginations
