2786 3716
2105 3101 67 33 213

1030 513 150 41 Early
1206 525 113 29 days
1347 525 52 28 of
1441 526 191 28 shading.

522 615 120 37 Make
670 627 23 25 a
721 627 137 26 mouse
884 617 43 36 in
954 630 130 36 green.

521 677 119 37 Make
659 690 23 24 a
700 678 125 47 single
843 678 111 48 piece
972 680 41 36 of
1031 692 77 26 sun
1127 681 80 37 and
1239 683 118 36 make
1376 695 25 24 a
1431 683 126 37 violet
1575 683 147 39 bloom.
1756 683 125 49 Early
1907 687 111 48 piece
2045 688 41 37 of
2113 690 104 37 swim-

418 739 111 47 ming
550 740 137 37 makes
709 753 24 24 a
754 752 76 26 sun
851 753 52 25 on
924 742 99 38 time
1044 743 82 37 and
1147 745 137 37 makes
1305 744 33 38 it
1359 744 115 38 shine
1495 746 81 36 and
1590 759 125 25 warm
1728 747 145 47 to-day
1888 749 80 37 and
1983 763 74 24 sun
2074 753 79 36 and
2168 765 75 25 sun

420 801 82 38 and
527 805 73 33 not
625 806 45 33 to
696 806 94 42 stay
815 803 81 37 and
921 808 73 33 not
1020 808 44 34 to
1090 810 95 43 stay
1209 819 44 25 or
1279 819 127 34 away.
1462 808 85 37 Not
1571 813 45 34 to
1642 814 93 43 stay
1760 814 120 36 satin.
1936 815 84 37 Out
2046 814 105 38 from
2174 816 69 37 the

416 864 127 37 whole
570 864 103 38 wide
699 866 124 36 world
852 866 49 37 he
930 867 118 37 chose
1075 868 80 38 her.
1187 871 84 36 Out
1298 869 103 38 from
1431 871 71 36 the
1531 873 128 37 whole
1686 874 102 38 wide
1815 876 126 37 world
1982 876 80 37 and
2090 878 93 36 that
2209 879 34 37 is

418 927 113 36 what
559 927 33 37 is
620 927 99 38 said.

1236 1026 182 40 Family.

520 1127 124 36 What
666 1126 34 37 is
722 1127 163 39 famine.
941 1130 41 35 It
1004 1128 34 38 is
1060 1130 142 47 plenty
1225 1130 41 37 of
1289 1132 182 39 another.
1526 1135 123 37 What
1684 1136 35 37 is
1741 1136 162 39 famine.
1958 1140 41 35 It
2021 1139 34 38 is
2091 1140 148 48 eating.

419 1189 123 37 What
568 1189 33 38 is
628 1190 162 38 famine.
846 1193 41 35 It
914 1192 33 37 is
975 1192 175 48 carving.
1206 1193 108 46 Why
1339 1194 34 37 is
1401 1194 164 48 carving
1586 1208 24 24 a
1632 1196 222 38 wonderful
1880 1198 128 47 thing.
2065 1201 175 37 Because

416 1264 148 35 supper
591 1253 34 37 is
655 1266 107 24 over.
816 1253 98 39 This
945 1267 75 24 can
1049 1255 164 47 happen
1242 1255 133 48 again.
1430 1255 120 40 Sums
1578 1270 68 25 are
1672 1271 105 25 seen.

521 1315 138 37 Please
687 1316 50 36 be
766 1316 125 47 polite
919 1316 62 37 for
1011 1318 169 37 mother.
1237 1318 120 41 Lives
1388 1319 41 37 of
1456 1320 126 37 them.
1640 1320 82 38 Call
1750 1322 33 37 it
1825 1323 103 37 shall
1956 1323 34 37 it
2033 1324 132 38 clothe
2192 1326 47 37 it.

418 1377 89 37 Boil
534 1378 45 37 it.
635 1379 108 45 Why
771 1382 73 33 not
874 1379 107 36 color
1009 1380 33 37 it
1073 1380 121 38 black
1222 1381 81 37 and
1333 1394 121 26 never
1484 1383 70 37 red
1583 1396 44 25 or
1657 1397 130 35 green.
1841 1386 97 38 This
1967 1387 34 37 is
2029 1388 211 38 stubborn.

417 1442 20 34 I
464 1440 116 36 don't
604 1452 75 33 say
703 1452 55 26 so.

1156 1539 66 36 No
1251 1548 260 29 OPPOSITION.

519 1640 39 36 If
585 1652 82 34 you
693 1641 81 36 had
797 1654 23 24 a
840 1642 105 37 little
968 1643 172 37 likeness
1162 1642 80 37 and
1264 1643 133 48 hoped
1412 1644 62 37 for
1492 1657 109 25 more
1614 1650 139 34 terror.
1808 1647 39 38 If
1862 1661 82 33 you
1959 1649 81 37 had
2057 1662 23 24 a
2095 1650 148 39 refusal

418 1702 80 36 and
523 1715 103 24 were
650 1703 168 38 slender.
876 1705 39 36 If
939 1717 82 34 you
1045 1705 82 37 had
1153 1706 270 39 cuff-buttons
1449 1708 82 37 and
1555 1709 156 47 jackets
1738 1710 80 37 and
1842 1711 126 47 really
1992 1713 251 49 astonishing

416 1764 118 38 kinds
561 1765 42 37 of
630 1765 111 37 fever
766 1767 134 36 would
926 1780 83 34 you
1035 1772 94 44 stop
1155 1768 170 48 talking.
1382 1770 147 38 Would
1556 1784 83 33 you
1665 1776 72 33 not
1765 1773 181 37 consider
1971 1774 34 37 it
2032 1787 209 36 necessary

415 1831 45 33 to
486 1828 89 36 talk
600 1841 96 24 over
723 1829 146 38 affairs.

517 1892 42 35 It
587 1903 81 25 was
697 1903 24 24 a
748 1892 151 38 chance
926 1894 94 37 that
1048 1893 118 37 made
1194 1894 114 36 them
1335 1907 122 26 never
1484 1897 98 38 miss
1610 1901 80 34 tea.
1745 1897 115 47 They
1887 1899 70 37 did
1984 1904 73 33 not
2086 1901 96 37 miss
2210 1901 33 37 it

414 1953 172 38 because
605 1954 34 37 it
659 1966 82 25 was
761 1956 125 37 there.
941 1955 115 47 They
1077 1957 70 36 did
1168 1961 73 33 not
1262 1970 119 25 mean
1401 1963 45 34 to
1467 1959 50 38 be
1539 1960 230 48 particular.
1823 1960 116 48 They
1957 1962 159 38 invited
2136 1964 105 37 their

413 2016 161 38 friends.
630 2017 115 48 They
770 2032 102 25 were
898 2023 73 33 not
999 2019 155 48 aching.
1209 2021 42 36 It
1277 2033 82 25 was
1399 2022 192 38 noiseless
1620 2023 81 37 and
1728 2023 137 38 beside
1890 2024 94 37 that
2010 2026 101 45 they
2137 2038 101 25 were

414 2078 141 39 clever.
611 2082 104 36 Who
751 2094 81 25 was
868 2082 141 37 clever.
1064 2081 86 37 The
1187 2095 92 34 way
1311 2084 101 46 they
1447 2084 82 38 had
1565 2085 42 37 of
1641 2085 134 48 seeing
1811 2087 170 38 mother.

518 2143 161 38 Mother
704 2157 83 24 was
815 2144 207 49 prepared.

519 2204 115 47 They
660 2219 103 25 were
791 2207 210 48 caressing.

517 2267 115 47 They
658 2270 82 36 had
767 2270 131 37 sound
925 2283 124 25 sense.

516 2330 115 47 They
656 2345 103 24 were
787 2333 250 47 questioned.

515 2393 115 47 They
662 2395 82 36 had
776 2395 183 38 likeness.
1014 2397 190 40 Likeness
1237 2402 45 32 to
1315 2398 122 38 what.
1493 2400 190 40 Likeness
1716 2405 44 33 to
1803 2402 147 47 loving.
2007 2402 104 37 Who
2157 2403 81 37 had

413 2456 171 38 likeness
606 2460 45 33 to
673 2457 148 48 loving.
876 2457 115 46 They
1013 2458 82 37 had
1117 2458 172 39 likeness
1310 2465 46 32 to
1378 2461 147 49 loving.
1543 2463 108 46 Why
1674 2463 69 37 did
1764 2464 101 45 they
1886 2465 105 36 have
2014 2477 23 24 a
2068 2465 170 38 likeness

413 2524 45 32 to
484 2519 147 48 loving.
686 2519 115 47 They
826 2520 82 37 had
923 2534 24 23 a
960 2521 171 37 likeness
1156 2525 45 33 to
1227 2522 137 49 loving
1390 2524 170 38 because
1584 2526 34 36 it
1644 2539 82 25 was
1752 2527 125 45 easily
1902 2539 93 25 seen
2020 2527 93 37 that
2138 2528 100 46 they

414 2595 102 24 were
542 2582 322 38 immeasurable.

516 2645 116 46 They
660 2658 101 25 were
790 2646 108 38 fixed
927 2647 56 45 by
1011 2647 106 44 that,
1147 2648 101 46 they
1274 2661 102 24 were
1405 2649 119 43 fixed,
1556 2652 73 33 not
1656 2649 185 44 licensed,
1872 2650 101 46 they
2000 2663 102 24 were
2131 2662 104 32 seen,

413 2712 73 33 not
516 2709 220 44 treasured,
768 2710 100 45 they
897 2722 102 24 were
1030 2710 248 45 announced,
1312 2715 73 33 not
1423 2712 171 44 restless,
1634 2712 100 46 they
1771 2725 103 24 were
1912 2713 220 47 reasoning,
2165 2717 72 33 not

413 2772 263 48 progressing.
732 2772 98 37 Ido
854 2777 74 32 not
952 2773 101 37 wish
1075 2778 45 33 to
1143 2774 131 48 imply
1295 2775 94 37 that
1413 2776 113 36 there
1549 2775 34 37 is
1608 2787 82 34 any
1712 2775 165 46 remedy
1900 2776 62 36 for
2091 2775 145 37 defect.

518 2837 21 35 I
568 2839 149 33 cannot
745 2839 109 34 state
881 2836 93 36 that
1003 2848 83 34 any
1108 2849 76 24 one
1210 2849 82 25 was
1320 2837 295 49 disappointed.
1648 2840 20 35 I
1697 2842 149 33 cannot
1873 2842 108 33 state
2020 2839 92 36 that
2154 2850 80 34 any

414 2910 76 24 one
519 2910 83 26 was
632 2911 93 25 ever
755 2899 286 47 disappointed
1071 2899 57 47 by
1156 2899 193 49 willingly
1375 2900 174 48 heaping
1564 2901 121 37 much
1715 2901 209 37 confusion
1950 2901 42 36 in
2018 2901 222 47 particular

414 2960 145 48 places.
614 2962 65 36 No
712 2962 210 37 confusion
952 2962 34 37 is
1017 2962 245 38 reasonable.
1317 2963 207 45 Anybody
1556 2976 74 24 can
1661 2964 50 36 be
1742 2976 184 24 nervous.
