2786 3716
2059 3005 65 33 281

375 446 109 37 main
504 447 284 38 merchandise.
843 449 35 37 A
900 449 76 37 few
996 450 128 47 rough
1143 450 173 38 benches
1336 452 81 36 and
1435 452 142 44 tables,
1599 457 81 33 two
1714 454 52 37 oil
1786 454 141 47 lamps,
1952 457 223 46 completed

373 508 71 37 the
467 508 210 38 furniture.
707 512 50 34 In
782 523 75 25 one
883 524 139 25 corner
1045 516 81 33 two
1152 513 133 46 heavy
1309 518 189 42 peasants
1523 515 103 47 slept
1651 517 100 36 with
1774 517 105 36 their
1904 517 122 37 shirts
2060 531 113 35 open,

373 570 104 37 their
496 571 96 36 bare
613 571 132 38 chests
766 572 103 37 close
888 577 45 32 to
953 574 70 37 the
1044 574 119 37 black
1182 575 127 37 earth.
1363 574 120 39 Their
1502 582 202 41 garments
1740 579 80 36 and
1840 580 110 36 skins
1978 592 100 25 were
2099 581 78 36 like

373 632 71 36 the
468 633 127 37 earth.
649 632 86 38 The
759 635 116 36 earth
899 636 159 36 seemed
1076 640 44 33 to
1141 637 166 36 breathe
1324 638 178 46 through
1519 639 124 43 them,
1664 640 70 36 the
1753 642 114 35 earth
1885 653 81 25 was
1986 641 168 38 blossom-

372 693 68 48 ing
463 694 111 37 forth
595 695 88 36 into
707 696 148 37 animal
878 697 68 37 life
969 710 53 24 on
1044 699 82 37 this
1149 711 100 34 very
1271 703 92 44 spot
1387 712 96 24 near
1513 702 114 36 these
1658 701 182 38 benches.
1895 702 85 37 The
2012 703 73 37 soil
2118 716 40 24 as-

370 756 141 36 sumed
536 757 152 37 human
714 758 144 47 shapes
884 760 80 36 and
992 760 211 44 activities,
1232 761 223 48 breathing,
1483 763 162 47 snoring
1672 764 79 35 and
1777 764 220 47 twitching.
2026 756 2 55 .
2052 764 127 39 These

370 821 81 33 two
479 830 93 24 sons
599 818 42 36 of
666 819 71 37 the
763 820 73 36 soil
862 820 119 38 loved
1006 823 106 35 their
1139 823 169 37 mother.

471 879 86 37 The
578 881 247 48 shopkeeper
847 895 81 25 was
952 883 155 46 clumsy
1130 884 51 36 all
1204 897 107 30 over,
1337 889 142 44 except
1502 886 61 37 his
1586 899 103 32 eyes.
1744 886 84 38 The
1850 888 134 37 horses
2008 889 171 47 stopped

372 941 288 47 mechanically
674 943 42 36 in
732 943 109 37 front
858 945 41 36 of
914 945 82 37 this
1011 949 156 41 tavern,
1187 947 80 35 and
1283 947 70 36 the
1368 947 176 47 sleeping
1559 948 79 37 five
1653 948 166 47 jumped
1835 949 104 37 from
1954 952 69 35 the
2039 964 140 34 wagon

371 1004 145 37 almost
550 1004 136 37 before
706 1006 34 36 it
761 1007 184 47 stopped,
969 1008 103 36 wide
1094 1008 138 36 awake
1253 1008 80 36 and
1355 1009 169 47 hungry.
1582 1009 156 44 Cheese,
1762 1023 166 35 sausage
1958 1012 79 36 and
2063 1013 113 43 wine,

370 1077 110 26 some
499 1067 102 36 stale
621 1067 135 44 bread,
778 1081 102 24 were
900 1070 144 46 spread
1064 1082 95 25 over
1178 1071 70 36 the
1267 1071 121 37 table.
1422 1072 87 36 Red
1530 1084 169 35 peppers
1719 1085 101 24 were
1839 1074 70 36 the
1938 1074 94 45 only
2062 1088 92 34 vege-

369 1128 130 38 tables
521 1130 153 38 served.
729 1132 65 35 No
818 1131 143 44 dishes,
988 1131 109 37 forks
1117 1144 44 24 or
1185 1144 146 36 spoons
1355 1133 75 36 but
1453 1134 121 47 sharp
1595 1134 151 37 knives.
1801 1134 85 37 The
1905 1136 197 37 salesman
2121 1137 38 36 of-

370 1189 109 38 fered
496 1192 103 37 wine
616 1196 44 33 to
677 1193 72 36 the
766 1193 82 45 boy
865 1205 110 25 more
991 1194 102 36 than
1112 1206 108 28 once,
1242 1194 75 37 but
1336 1195 49 36 he
1403 1195 169 37 refused.
1628 1198 64 34 He
1709 1197 169 37 disliked
1897 1198 80 36 and
1996 1198 163 37 distrust-

369 1252 51 37 ed
443 1254 71 35 the
538 1266 106 25 man.
699 1254 85 37 The
808 1255 245 37 silversmith
1076 1256 82 36 had
1182 1256 161 37 warned
1366 1257 85 37 him
1476 1258 157 46 against
1657 1260 71 35 the
1751 1259 209 37 salesman.

471 1316 65 36 All
557 1317 104 47 slept
681 1317 62 36 for
764 1329 23 24 a
807 1317 76 37 few
902 1318 121 36 hours
1043 1319 99 35 with
1162 1319 123 36 heads
1305 1331 54 24 on
1378 1319 134 37 folded
1534 1333 105 24 arms
1660 1333 52 24 on
1731 1322 70 36 the
1820 1322 121 37 table.
1996 1322 84 37 The
2100 1323 80 46 boy

373 1378 97 47 kept
507 1379 144 37 watch.
716 1381 64 35 He
813 1380 118 36 could
963 1385 72 31 not
1067 1381 118 47 sleep.
1239 1380 85 38 The
1356 1394 141 35 wagon
1530 1383 158 37 outside
1718 1385 71 35 the
1822 1384 97 36 door
1945 1385 92 36 held
2069 1386 108 36 what

371 1441 160 36 seemed
559 1445 45 32 to
635 1441 85 37 him
750 1455 23 23 a
803 1442 172 37 fortune.
1030 1445 41 34 It
1101 1455 82 25 was
1213 1443 52 36 all
1292 1444 222 37 instrusted
1543 1449 44 32 to
1617 1446 95 36 him.
1742 1448 64 34 He
1834 1447 133 35 would
1997 1448 102 36 have
2132 1452 45 32 to

375 1507 170 32 account
574 1503 62 37 for
662 1516 125 34 every
812 1504 153 37 trinket
992 1505 42 36 in
1060 1505 70 37 the
1157 1517 120 32 cases,
1309 1506 80 36 and
1415 1507 50 36 he
1492 1512 137 31 meant
1655 1512 44 32 to
1727 1512 138 33 return
1892 1509 99 36 with
2022 1522 23 23 a
2071 1510 111 36 clean

375 1569 182 32 account.

475 1626 124 47 Early
618 1628 43 37 in
681 1629 71 36 the
773 1630 183 47 morning
975 1630 100 46 they
1094 1630 156 37 started
1271 1631 128 47 again,
1424 1644 94 25 over
1540 1645 23 23 a
1592 1632 84 44 flat,
1700 1637 267 34 monotonous
1997 1639 181 41 country.

371 1688 239 40 Exhausted
634 1690 106 37 from
756 1692 72 36 the
851 1691 150 47 night's
1025 1693 145 43 watch,
1190 1693 71 36 the
1286 1693 81 45 boy
1384 1694 103 47 slept
1505 1695 121 36 hours
1645 1699 43 32 at
1714 1708 22 23 a
1759 1696 100 36 time
1883 1708 53 24 on
1959 1699 73 44 top
2052 1696 41 37 of
2111 1697 70 36 the

373 1751 181 38 bundles.
609 1754 65 35 He
696 1757 66 33 ate
782 1754 106 36 little
909 1754 144 47 during
1072 1755 93 36 that
1187 1755 92 46 day,
1304 1756 80 35 and
1406 1756 96 47 kept
1524 1757 62 36 his
1607 1769 92 33 eyes
1721 1769 52 24 on
1794 1757 70 37 the
1874 1758 174 43 horizon,
2062 1771 23 23 a
2095 1758 84 45 flat,

370 1815 278 47 unpromising
669 1815 91 37 line.
815 1815 85 37 The
923 1816 80 46 day
1023 1817 155 46 passed,
1203 1818 159 47 leaving
1384 1831 23 23 a
1429 1819 133 46 heavy
1582 1820 147 47 weight
1751 1832 52 24 on
1823 1820 70 36 the
1914 1820 115 46 boy's
2059 1821 121 46 body.

370 1877 102 39 Late
491 1877 94 36 that
606 1877 169 47 evening
794 1878 100 45 they
913 1879 172 47 stopped
1105 1879 42 37 in
1167 1879 110 37 front
1297 1880 41 36 of
1360 1893 22 23 a
1404 1885 174 32 convent
1599 1882 80 35 and
1700 1882 103 37 after
1822 1883 94 47 long
1935 1883 247 47 negotiation

369 1938 177 47 through
570 1951 23 24 a
616 1939 91 37 hole
729 1940 42 37 in
794 1940 71 37 the
889 1949 104 38 gate,
1018 1942 101 45 they
1141 1954 102 24 were
1267 1942 211 38 admitted.
1532 1943 85 37 The
1642 1944 57 36 air
1722 1956 82 26 was
1828 1945 129 36 cooler
1980 1945 127 37 inside
2129 1945 53 37 its

369 2001 122 37 walls.
545 2001 125 39 Stone
691 2003 110 37 walls
822 2003 100 36 with
942 2003 90 47 pale
1053 2004 108 37 faces
1184 2004 79 37 and
1285 2005 90 47 pale
1396 2005 107 38 faces
1524 2006 100 37 with
1643 2010 123 41 stony
1786 2007 259 47 expressions.
2100 2006 84 38 The

370 2064 127 36 whole
517 2064 113 47 place
649 2077 82 25 was
751 2065 73 36 full
844 2065 42 36 of
905 2065 120 37 black
1044 2066 145 38 shawls
1208 2067 165 47 moving
1394 2068 231 46 constantly
1658 2068 80 37 and
1771 2069 171 45 silently.
1999 2070 186 46 Walking

370 2125 119 38 black
505 2126 156 44 shawls,
682 2127 172 44 candles,
874 2128 118 47 sighs,
1013 2128 190 44 lanterns,
1224 2129 109 44 bells,
1354 2142 164 35 prayers
1537 2130 79 36 and
1635 2131 51 36 all
1704 2131 118 37 kinds
1841 2129 44 39 of
1900 2144 120 34 queer
2037 2132 148 37 sounds

371 2189 97 46 kept
491 2189 71 36 the
586 2189 116 47 night
728 2190 113 37 alive.
896 2189 86 38 The
1005 2191 83 45 boy
1110 2191 105 47 slept
1239 2204 53 24 on
1315 2192 70 37 the
1409 2205 152 34 wagon,
1589 2194 49 35 he
1662 2194 132 35 would
1819 2197 72 33 not
1916 2194 142 47 depart
2083 2194 103 37 from

372 2250 70 36 the
466 2251 232 37 showcases.
753 2251 86 37 The
863 2265 92 24 men
978 2252 105 48 slept
1106 2253 43 37 in
1171 2254 71 36 the
1265 2255 161 36 stables.
1481 2254 114 46 They
1617 2255 73 37 left
1718 2256 120 46 early.

438 2312 85 37 The
543 2318 99 32 next
663 2313 80 46 day
762 2315 100 44 they
880 2315 170 36 reached
1069 2316 71 36 the
1159 2316 115 36 small
1293 2320 122 40 town,
1433 2329 52 24 on
1505 2330 23 23 a
1547 2317 102 37 wide
1665 2318 80 36 and
1759 2318 164 36 shallow
1940 2319 113 36 river.
2076 2319 81 47 Gyp-

371 2375 87 43 sies,
487 2375 136 37 horses
650 2376 81 36 and
757 2376 92 47 girls
877 2377 108 36 filled
1010 2377 71 36 the
1108 2378 110 36 main
1243 2378 298 47 thoroughfare.
1598 2380 149 37 Horses
1773 2380 56 46 by
1862 2381 71 36 the
1968 2381 212 43 hundreds,

371 2437 56 45 by
445 2437 71 37 the
534 2438 236 44 thousands,
792 2438 56 46 by
866 2439 71 37 the
956 2439 184 44 millions,
1161 2440 71 36 the
1251 2440 82 46 boy
1351 2441 81 36 had
1451 2453 122 25 never
1592 2453 92 25 seen
1703 2453 43 25 so
1766 2454 124 33 many
1909 2443 134 36 horses
2062 2443 42 36 in
2123 2443 61 36 his

371 2498 78 38 life.
504 2498 85 38 The
623 2504 106 33 most
764 2500 259 47 dilapidated,
1060 2502 159 47 hungry
1253 2502 80 36 and
1367 2502 110 46 bony
1510 2504 135 36 horses
1678 2504 252 47 imaginable.
1984 2504 114 45 They
2132 2505 52 35 all

371 2562 158 36 seemed
557 2563 226 36 unfinished
811 2566 207 44 attempts.
1072 2563 107 37 Thin
1204 2565 133 43 necks,
1358 2566 113 36 short
1497 2566 133 43 necks,
1659 2566 175 47 hanging
1860 2567 132 43 necks,
2022 2567 163 48 holding

371 2636 55 35 up
459 2637 44 23 or
535 2625 118 37 down
684 2626 206 36 sorrowful
921 2626 162 47 looking
1114 2627 134 37 heads.
1291 2627 73 48 Big
1396 2628 147 43 bellies,
1577 2641 156 24 narrow
1780 2629 141 36 chests.
1985 2629 197 47 Limping,

371 2687 184 47 sneezing
576 2692 212 40 creatures,
812 2700 111 25 some
945 2688 41 37 of
1006 2689 115 36 them
1142 2690 169 36 covered
1331 2690 100 36 with
1451 2702 107 25 sores
1581 2691 80 36 and
1682 2690 123 38 blind.
1860 2690 85 37 The
1966 2691 89 37 best
2076 2692 88 36 look-

369 2748 69 48 ing
455 2749 137 47 things
610 2754 161 42 present
790 2762 101 25 were
909 2751 71 36 the
997 2751 140 47 whips,
1159 2751 192 47 carefully
1368 2752 168 38 braided
1555 2752 80 37 and
1652 2753 153 48 tipped.
1859 2753 127 38 These
2010 2766 101 25 were
2141 2758 45 33 to

371 2815 96 32 turn
498 2812 117 36 those
647 2812 88 36 half
766 2812 115 44 dead,
915 2817 202 33 worn-out
1148 2814 168 37 animals
1346 2815 86 36 into
1464 2815 191 47 prancing
1685 2816 132 37 steeds
1847 2829 44 23 or
1920 2815 86 37 into
2039 2817 146 45 steady

369 2873 283 47 hardworking
671 2874 108 38 draft
798 2875 147 38 horses.
1001 2877 107 36 Most
1128 2876 40 37 of
1185 2877 70 37 the
1275 2889 151 25 owners
1444 2890 101 24 were
1563 2878 245 42 barefooted,
1829 2879 74 36 but
1921 2878 104 36 their
2052 2879 134 37 horses
