2786 3716
2065 3129 69 37 259

534 555 64 35 He
625 553 168 47 stepped
819 552 112 38 into
957 553 114 38 them
1098 553 114 37 alone
1243 576 41 4 —
1315 555 129 37 above
1469 554 103 38 wide
1597 559 102 40 vest,
1728 555 142 37 within
1895 555 102 38 wide
2023 555 98 45 face,
2151 569 93 33 eyes

431 615 105 37 little
569 615 80 37 and
680 615 105 44 blue,
820 615 88 37 cold
942 615 80 37 and
1053 616 226 47 impatient.

534 677 143 38 Words
704 690 112 25 came
839 699 41 5 —
910 678 61 37 his
997 679 130 36 words
1159 700 40 5 —
1228 679 130 37 words
1385 675 104 41 from
1517 692 23 24 a
1566 682 152 35 Doctor
1743 681 89 36 who
1860 681 137 37 knows
2029 702 41 6 —
2100 681 146 38 Words

432 739 61 37 for
517 752 70 34 my
611 741 116 36 heart,
741 740 42 37 of
797 752 70 33 my
880 752 83 25 son.
1004 740 144 38 Words
1162 740 101 37 born
1279 741 40 37 of
1345 741 89 38 God
1457 742 143 36 within
1625 742 117 37 cloud
1768 743 41 36 of
1833 743 70 36 her
1926 743 80 37 life.
2033 765 41 4 —
2091 743 151 45 listen,

430 803 114 36 these
560 802 143 44 words,
722 803 68 46 lay
807 804 114 36 them
937 802 72 37 hot
1028 802 80 37 and
1126 803 90 37 cold
1232 802 43 38 in
1292 815 70 34 my
1380 816 103 35 open
1501 805 115 36 heart
1632 805 132 36 which
1780 806 70 36 the
1867 806 84 38 Sun
1976 806 74 37 has
2076 806 167 47 opened.

577 866 20 35 I
620 877 184 35 suppose,
870 866 51 36 he
941 865 145 37 looked
1108 865 117 37 down
1248 870 43 32 at
1314 878 24 24 a
1359 866 107 44 card,
1533 867 96 37 Miss
1651 866 138 45 Klaar,
1812 870 21 34 I
1855 880 184 35 suppose,
2063 868 74 37 has
2157 880 66 36 pre-

432 926 123 48 pared
576 939 82 34 you
677 927 62 36 for
759 927 109 37 what
883 927 113 37 there
1011 940 75 25 can
1101 927 50 37 be
1165 940 52 24 no
1233 927 128 38 doubt
1376 927 105 39 0f...
1505 930 63 35 No
1584 929 128 37 doubt
1728 929 52 44 of,
1797 941 70 34 my
1881 929 96 37 dear
1990 930 183 48 people..

533 990 64 35 He
616 988 144 37 looked
781 992 43 33 at
844 989 124 37 them.
996 1011 41 4 —
1059 988 86 38 The
1164 990 125 37 world
1322 990 34 37 is
1390 1003 87 31 one,
1513 991 114 37 these
1659 991 131 37 words
1810 991 41 37 of
1872 1004 23 24 a
1928 992 125 37 world
2084 993 94 36 that
2211 992 33 37 is

433 1063 74 24 one
524 1081 7 7 .
552 1080 8 8 .
581 1080 7 8 .
618 1051 75 37 His
712 1063 93 33 eyes
825 1051 153 38 danced
997 1051 93 38 blue
1110 1053 157 47 against
1294 1053 71 36 the
1397 1053 119 45 fixity
1548 1053 41 36 of
1622 1054 70 36 the
1724 1066 113 24 room
1867 1054 94 37 that
1992 1067 82 24 was
2105 1054 137 37 theirs.

472 1113 128 37 There
614 1114 33 36 is
661 1126 53 24 no
729 1114 140 43 doubt,
887 1126 70 33 my
970 1114 161 44 friends,
1148 1126 101 34 your
1263 1126 75 25 son
1351 1114 34 38 is
1410 1119 73 32 not
1512 1115 96 45 only
1632 1115 229 44 backward,
1890 1128 99 33 very
2014 1115 227 45 backward,

429 1175 79 36 will
534 1188 120 25 never
683 1176 50 37 be
763 1176 198 47 anything
990 1176 77 37 else
1084 1206 65 7 ...
1181 1178 93 35 You
1287 1188 66 25 see
1368 1177 90 36 how
1488 1177 49 36 he
1576 1177 34 37 is
1639 1189 101 25 now.
1796 1180 64 34 Do
1888 1189 82 34 you
1988 1178 14 36 ?
2031 1178 75 37 His
2134 1178 111 45 body

431 1237 79 37 will
524 1251 106 34 grow
644 1239 68 47 big
729 1268 35 7 ..
787 1268 6 7 .
823 1239 64 36 He
901 1239 33 36 is
952 1237 168 47 healthy
1147 1238 157 48 alright.
1361 1241 92 34 You
1479 1239 91 37 feed
1595 1240 86 35 him
1711 1261 41 4 —
1781 1243 70 33 too
1876 1240 148 46 wisely.
2059 1262 40 4 —
2129 1241 114 43 Well,

432 1300 49 37 he
494 1301 79 36 will
597 1301 148 47 always
760 1305 66 33 act
840 1301 84 47 just
942 1301 125 37 about
1084 1313 43 25 as
1141 1301 50 37 he
1208 1305 85 33 acts
1315 1314 102 24 now.
1444 1304 65 34 No
1533 1314 70 25 use
1627 1302 229 47 concealing
1878 1302 175 37 that...
2082 1304 57 35 Be
2161 1302 85 48 just

431 1374 42 25 as
499 1363 169 38 childish
693 1363 80 38 and
797 1363 146 38 foolish
971 1385 41 5 —
1040 1363 138 48 stupid
1208 1385 41 5 —
1279 1376 43 25 as
1341 1364 49 37 he
1404 1364 35 37 is
1456 1364 129 45 today
1603 1394 6 7 .
1639 1394 8 7 .
1677 1394 7 7 .
1712 1363 129 38 There
1857 1376 66 25 are
1945 1364 138 47 things
2097 1365 50 36 he
2171 1377 76 25 can

431 1425 121 36 learn.
574 1455 6 7 .
602 1456 7 7 .
637 1427 85 36 Not
747 1427 110 37 what
882 1427 51 36 he
958 1438 33 25 is
1016 1427 148 46 taught
1188 1427 131 36 where
1345 1427 50 36 he
1420 1427 33 36 is
1479 1439 101 24 now.
1636 1427 116 37 We'll
1777 1427 104 37 have
1907 1427 85 36 him
2025 1427 141 47 placed
2204 1428 43 37 in

433 1488 168 36 another
626 1488 108 38 Class
757 1490 130 36 where
912 1489 49 36 he
985 1488 163 48 belongs
1178 1511 40 4 —
1244 1489 101 37 with
1359 1489 133 37 others
1511 1489 79 37 like
1613 1489 99 37 him.
1765 1491 98 39 Lots
1888 1489 135 38 others
2045 1489 80 37 like
2148 1489 96 44 him,

432 1561 71 34 my
527 1550 103 47 good
654 1564 159 24 woman
831 1582 35 7 ..
888 1581 7 7 .
924 1552 130 36 where
1068 1552 50 36 he
1134 1564 75 24 can
1234 1552 109 36 learn
1368 1556 45 32 to
1438 1563 70 25 use
1533 1552 62 36 his
1620 1551 141 37 hands.
1815 1550 119 40 Some
1960 1551 121 37 crude
2105 1552 142 47 simple

432 1611 81 47 job.
533 1613 132 36 Never
680 1613 96 44 fear,
794 1614 155 37 there'll
967 1613 49 37 be
1030 1615 111 35 work
1157 1614 214 46 always...
1390 1615 120 36 crude
1524 1615 112 36 work
1651 1614 40 36 of
1706 1615 70 36 the
1791 1614 196 37 hands...
2019 1614 172 37 drawers
2206 1614 42 37 of

431 1678 136 40 water,
586 1675 148 38 hewers
750 1676 41 37 of
804 1677 116 37 wood
938 1678 16 36 ?
997 1690 59 24 we
1070 1677 182 37 need'em
1266 1679 20 35 I
1302 1688 115 36 guess
1432 1707 53 7 ...
1515 1677 49 37 he
1578 1676 79 37 will
1671 1676 50 38 be
1737 1676 88 38 able
1838 1680 45 33 to
1902 1677 64 37 do.
2003 1679 63 34 No
2086 1689 120 24 more.

535 1737 76 38 His
637 1750 91 34 eyes
753 1740 173 48 stopped
952 1740 171 47 dancing
1148 1739 161 46 beyond
1333 1739 71 36 the
1428 1743 82 32 two
1536 1738 101 38 dark
1661 1740 156 46 figures,
1844 1740 99 45 they
1967 1739 107 37 fixed
2100 1752 52 24 on
2177 1740 70 36 the

432 1811 170 25 woman.
623 1830 7 7 .
651 1830 8 8 .
718 1802 63 36 No
804 1815 122 31 more,
992 1802 62 37 his
1075 1802 77 47 lips
1173 1801 156 48 pushed
1346 1806 70 32 out
1432 1801 130 48 again,
1580 1805 44 33 to
1639 1802 82 36 her.
1736 1801 86 37 The
1837 1801 93 37 blue
1945 1813 92 35 eyes
2052 1801 193 48 gleamed,

432 1862 139 36 struck
593 1863 70 37 her
687 1863 120 37 black
830 1865 115 44 calm,
973 1877 112 25 came
1108 1864 118 44 back,
1246 1863 233 49 tremoring,
1500 1863 233 48 screaming,
1753 1863 144 37 within
1914 1863 97 38 him.
2065 1863 76 38 His
2160 1863 88 37 face

432 1924 130 47 paled.
618 1926 64 36 He
708 1926 160 38 turned.

535 1989 65 36 He
628 1989 110 48 flung
766 1989 102 38 wide
896 1990 71 37 the
997 1989 109 45 door,
1150 1989 136 48 joined
1315 1989 104 37 their
1448 1989 100 38 flesh
1575 1992 45 33 to
1649 1989 70 36 the
1747 1992 82 34 two
1859 1989 102 36 dark
1988 1989 157 47 figures.

578 2051 107 38 Here
773 2054 64 35 He
854 2065 101 35 gave
971 2053 71 36 the
1057 2053 94 45 boy.
1251 2051 115 39 Good
1382 2051 182 48 evening.

535 2116 65 35 He
627 2114 104 37 tried
759 2119 45 32 to
833 2114 125 38 break
985 2116 71 36 the
1085 2115 97 37 daze
1211 2116 51 35 he
1290 2114 72 37 felt
1390 2114 43 36 in
1461 2114 62 37 his
1552 2114 104 37 clear
1684 2126 144 24 rooms.
1888 2135 42 5 —
1963 2112 111 38 Clear
2104 2126 143 33 rooms,

433 2189 70 34 my
516 2189 144 31 rooms,
678 2178 105 36 clear
799 2207 7 7 .
828 2207 7 7 .
856 2207 7 8 .
893 2177 144 38 what's
1051 2178 83 37 this
1152 2178 14 37 ?
1244 2176 240 38 Remember
1502 2177 7 37 !
1542 2176 127 38 here's
1683 2176 62 38 his
1789 2175 162 38 address
1968 2206 7 7 .
1997 2206 7 7 .
2026 2206 8 8 .
2063 2176 70 37 the
2163 2189 86 25 new

432 2239 146 38 school.
648 2241 172 46 Prepare
858 2240 237 46 yourselves-
1127 2244 45 33 to
1211 2239 134 48 seeing
1384 2239 62 37 his
1486 2239 111 46 body
1636 2251 107 35 grow
1782 2239 91 47 big.
1895 2269 7 7 .
1923 2267 8 9 .
1975 2239 135 47 bigger
2148 2239 101 37 than

430 2313 122 34 yours
570 2331 36 7 ..
627 2331 7 7 .
663 2302 186 38 America
867 2331 35 8 ..
923 2330 9 10 .
962 2302 80 36 and
1067 2302 63 38 his
1155 2302 113 36 mind
1293 2305 94 42 stay
1412 2301 184 37 childish.
1653 2301 244 48 Goodnight.

534 2364 76 37 His
639 2364 110 37 hand
777 2364 151 38 sucked
958 2369 84 39 out,
1075 2364 161 49 clasped
1264 2364 71 37 the
1364 2363 111 37 hand
1503 2364 42 36 of
1573 2366 122 39 L,otte
1723 2364 90 37 who
1841 2364 131 37 stood.

534 2429 65 35 He
624 2427 93 37 held
743 2428 70 36 her
838 2427 122 37 hand.
1014 2427 129 37 There
1167 2440 103 24 were
1308 2439 53 25 no
1399 2426 130 38 woids
1555 2426 42 37 in
1623 2427 70 36 the
1718 2426 137 38 world.
1910 2428 65 35 He
2000 2425 73 38 felt
2099 2425 150 39 behind

432 2490 71 37 the
524 2489 97 38 daze
642 2490 42 37 of
705 2490 63 37 his
790 2490 104 37 clear
914 2502 114 24 room
1050 2502 23 24 a
1094 2494 152 33 stream
1267 2490 41 36 of
1329 2490 185 47 strength
1548 2489 164 47 moving
1747 2488 192 38 resistless
1973 2488 157 38 toward
2164 2488 85 38 him

431 2552 105 37 from
560 2552 82 38 this
669 2564 171 26 woman,
868 2553 157 37 toward
1054 2552 98 37 daze
1178 2552 42 37 in
1248 2552 170 37 himself.

1327 2697 36 38 3.

533 2804 86 37 The
648 2804 82 38 Sun
756 2816 82 26 was
865 2816 101 36 gone
993 2804 152 37 behind
1170 2804 71 37 the
1260 2804 224 38 Westward
1512 2804 96 47 city.
1663 2806 41 37 It
1732 2809 86 33 cast
1844 2805 55 38 its
1926 2805 186 38 radiance
2138 2818 111 36 upon

432 2867 70 37 the
529 2867 88 46 sky,
647 2866 80 38 and
753 2867 70 36 the
850 2867 77 46 sky
952 2879 82 25 was
1062 2879 24 24 a
1112 2866 117 38 fused
1256 2866 196 38 clearness
1479 2879 96 26 over
1601 2867 106 37 their
1733 2867 125 39 heads
1884 2880 44 25 as
1954 2868 100 47 they
2080 2868 168 38 walked.

433 2929 145 39 Gentle
605 2929 81 37 and
711 2941 125 25 warm
861 2929 160 47 sinking
1046 2929 87 37 into
1160 2929 117 47 night
1302 2941 84 25 was
1411 2929 71 37 the
1516 2929 77 47 sky
1620 2929 129 38 above
1775 2930 95 46 city.
1926 2931 171 44 Houses,
2125 2931 125 48 dying

432 2992 44 38 in
504 2992 164 38 shadow
697 2992 133 46 fusing
858 2992 101 37 with
985 2992 89 46 sky,
1105 2992 119 38 stood
1252 2991 80 37 like
1359 2992 131 38 words
1519 2992 164 46 spoken.
