2786 3716
577 2985 68 33 262

936 429 69 42 for
1034 427 192 48 London
1256 425 70 43 far
1356 438 129 39 away

933 502 147 42 where
1110 505 49 38 at
1187 499 114 43 least
1330 498 127 42 there
1488 510 74 28 are
1590 499 161 39 streets

937 574 91 42 and
1057 572 256 53 something
1342 570 133 55 going
1505 583 59 28 on

936 648 91 41 and
1059 661 26 28 a
1114 645 100 42 soul
1244 659 49 28 or
1322 649 91 37 two
1444 648 49 37 to
1524 643 107 41 chat
1660 639 124 50 with,

937 720 91 42 and
1057 719 79 42 the
1166 731 177 29 women
1371 716 102 43 who
1505 719 150 38 accost
1684 726 94 39 you

936 807 79 28 use
1046 806 26 27 a
1101 797 171 47 tongue
1301 789 144 42 that's
1475 786 205 44 civilized
1700 799 7 29 :

938 879 49 29 so
1016 864 164 42 what's
1211 877 27 27 a
1268 862 116 55 chap
1416 866 50 37 to
1498 861 57 42 do

936 938 132 42 when
1098 936 69 42 his
1198 948 165 40 energy
1392 933 38 42 is
1459 933 86 42 low

939 1009 112 44 with
1080 1008 70 43 his
1180 1013 128 50 spats
1337 1020 125 42 upon
1491 1005 70 42 his
1592 1004 92 42 feet

937 1082 161 54 yellow
1127 1080 190 44 flannels
1347 1079 147 43 round
1522 1077 70 43 his
1621 1077 93 54 legs

938 1155 125 56 pearl
1092 1169 112 40 gray
1235 1154 153 54 jacket
1418 1152 148 42 round
1594 1150 70 42 his
1693 1154 123 37 torso

940 1228 172 56 striped
1140 1227 106 43 blue
1275 1226 136 42 collar
1441 1223 146 44 round
1616 1221 70 44 his
1715 1221 113 42 neck

940 1302 92 42 and
1060 1300 69 43 his
1159 1300 119 41 head
1307 1298 199 43 beneath
1536 1296 70 42 his
1635 1294 111 44 hat:

940 1378 162 51 except
1131 1373 195 55 perhaps
1355 1369 207 52 tenderly

940 1454 50 37 to
1021 1460 183 29 remove
1233 1445 79 42 the
1343 1444 89 41 last
1463 1441 156 43 article

941 1520 92 42 and
1062 1531 146 30 caress
1239 1515 69 44 his
1338 1515 213 43 troubled
1580 1515 124 42 brow

940 1592 112 43 with
1084 1606 27 27 a
1141 1588 187 56 languid

941 1663 198 43 cambric
1168 1660 200 45 kerchief
1387 1660 16 43 ?

1344 1983 157 43 Dawn.

946 2184 94 44 The
1070 2183 306 54 languourous
1406 2180 154 54 thighs
1590 2179 47 42 of
1666 2179 79 42 the
1776 2177 205 54 morning

999 2257 172 43 stretch
1200 2253 275 45 themselves
1504 2252 48 41 in
1581 2252 137 55 sleep,

943 2331 90 42 and
1063 2344 85 28 one
1178 2343 83 38 eye
1290 2327 96 55 just
1414 2340 128 42 peers

999 2417 106 30 over
1134 2403 80 42 the
1244 2401 111 54 edge
1384 2399 48 44 of
1460 2399 137 44 white
1627 2397 275 48 comforters,,

1000 2476 194 54 vaguely
1223 2479 50 38 to
1305 2473 204 43 discover

997 2550 80 42 the
1105 2561 243 43 paramour
1378 2547 146 49 flown,

998 2622 194 42 without
1221 2620 103 56 plea
1354 2620 47 42 of
1430 2617 310 54 leave-taking

999 2709 51 28 or
1079 2693 300 57 hypocritical
1409 2706 176 36 excuse,

999 2773 50 38 to
1079 2768 80 42 the
1188 2766 173 51 Orient,

999 2857 50 28 as
1079 2842 79 43 the
1188 2839 186 44 fellow's
1404 2838 184 43 shadow
1618 2838 211 51 betrays:
