2786 3716
2039 2990 66 33 231

341 434 203 45 terwards,
566 434 42 37 in
627 435 71 36 the
717 433 136 49 spring
872 433 110 44 time,
1006 432 116 38 made
1143 432 66 44 off,
1231 432 173 36 without
1424 431 238 48 whispering
1683 444 23 24 a
1725 431 110 37 word
1854 435 44 33 to
1919 433 72 35 Mr.
2014 430 113 38 Ferdi-

341 496 109 38 nand
469 509 45 25 or
531 501 45 33 to
594 496 62 38 his
675 496 169 37 mother.
898 495 238 37 Douniacha
1154 494 155 37 howled
1327 506 44 25 so
1389 494 139 45 loudly
1545 494 93 36 that
1657 494 69 37 she
1745 494 78 37 lost
1842 494 70 36 her
1929 494 112 47 place
2059 493 90 37 four

341 560 129 37 times.
525 558 79 40 She
627 563 107 33 went
757 562 45 33 to
826 558 70 37 the
920 557 77 37 fair
1021 561 42 33 at
1088 557 182 37 Divitchi
1294 556 80 36 and
1396 560 45 33 to
1465 557 70 36 the
1559 556 232 48 pilgrimage
1815 556 40 37 of
1879 556 115 39 Saint
2017 556 131 46 Serge,

342 621 75 38 but
437 622 71 37 she
529 621 132 37 didn't
682 620 84 37 find
787 620 96 37 him.
938 619 78 40 She
1037 619 164 38 became
1222 619 115 44 calm,
1360 618 76 38 but
1456 623 74 32 not
1550 619 192 47 resigned.
1797 619 144 37 Where
1963 617 116 38 could
2100 617 51 37 he

341 684 50 36 be
408 684 15 36 ?
448 682 116 41 Even
582 683 31 37 if
634 684 69 36 she
724 687 84 32 met
827 682 87 36 him
932 683 70 36 she
1022 681 132 37 would
1174 693 52 25 no
1246 680 137 47 longer
1403 682 203 46 recognize
1627 682 95 36 him.
1752 684 65 34 He
1836 682 73 37 has
1931 694 23 24 a
1974 681 117 36 mark
2110 680 41 37 of

341 746 293 37 identification
653 746 75 37 but
748 745 33 37 it
801 745 34 37 is
854 744 162 44 hidden,
1038 743 127 38 under
1184 743 62 38 his
1266 743 73 36 left
1359 743 146 43 breast,
1524 755 23 24 a
1568 743 70 36 red
1658 747 92 43 spot
1769 744 80 37 like
1867 744 72 36 the
1960 742 192 37 diamond

343 819 52 26 on
420 821 23 24 a
467 808 165 48 playing
659 807 106 38 card.
820 807 238 38 Douniacha
1082 818 101 26 even
1208 805 123 38 asked
1354 805 213 47 Triphone,
1594 805 71 37 the
1688 805 162 48 janitor,
1982 817 83 35 you
2088 817 64 25 see

341 871 43 37 in
398 871 70 37 the
484 871 102 37 bath
600 882 187 26 someone
802 870 89 36 who
907 870 73 37 has
994 869 127 37 under
1136 868 62 38 his
1212 868 136 37 breast
1364 880 24 24 a
1404 868 202 43 diamond,
1624 868 101 37 seize
1749 868 96 44 him,
1876 869 49 36 he
1940 868 34 38 is
1989 868 119 36 mine.

347 935 81 34 But
449 933 94 46 why
563 932 144 39 should
726 932 202 48 Triphone
949 932 144 37 bother
1113 935 44 32 to
1180 931 150 43 search,
1353 930 34 37 it
1407 942 83 25 was
1510 934 73 33 not
1604 930 62 37 his
1687 930 99 37 flesh
1807 929 80 38 and
1907 929 133 44 blood,
2071 929 83 38 this

343 995 141 37 Vassia
502 995 15 37 ?
573 997 42 35 Is
639 995 51 37 he
715 995 115 44 alive,
858 995 82 37 this
964 994 142 38 Vassia
1123 993 14 37 ?
1197 993 177 47 Perhaps
1411 993 117 36 when
1551 993 71 37 she
1647 992 124 38 burns
1796 1005 24 23 a
1838 992 140 37 candle
2003 992 62 36 for
2092 992 63 37 his

345 1057 149 44 health,
516 1057 71 37 she
606 1056 94 47 only
721 1060 177 34 tortures
915 1057 63 36 his
997 1055 88 38 soul
1103 1056 43 36 in
1166 1056 155 35 heaven
1338 1054 14 37 ?
1410 1054 150 37 Father
1580 1054 226 48 Aphanassi
1826 1054 72 37 has
1918 1054 147 47 taught
2085 1054 71 37 her

343 1119 94 36 that
456 1119 114 37 there
595 1131 82 26 was
703 1131 52 24 no
782 1119 102 36 need
910 1119 41 36 of
971 1117 200 47 worrying
1188 1117 75 36 but
1279 1117 94 36 that
1389 1117 71 37 she
1476 1117 145 37 should
1638 1129 102 35 pray
1763 1117 61 36 for
1841 1117 63 37 his
1919 1116 140 37 health
2076 1115 80 37 and

345 1181 62 37 for
423 1181 70 37 the
513 1181 160 46 victory
691 1181 40 37 of
748 1181 70 37 the
839 1180 201 38 Christian
1055 1192 125 34 army,
1197 1180 170 37 because
1382 1184 43 32 at
1439 1180 63 37 his
1517 1192 82 35 age,
1617 1179 141 38 Vassia
1773 1183 109 33 must
1896 1179 50 37 be
1961 1192 23 23 a
1998 1178 154 38 soldier.

345 1243 93 37 And
466 1256 91 24 now
583 1244 172 47 perhaps
784 1244 71 36 the
881 1242 107 38 devil
1015 1243 73 36 has
1114 1242 130 37 stolen
1270 1242 70 37 the
1360 1242 190 37 innocent
1571 1254 86 25 one.
1713 1242 79 37 For
1811 1242 105 43 look,
1935 1242 71 36 the
2023 1252 74 26 son
2116 1241 40 36 of

345 1306 70 36 the
449 1318 136 35 grocer
621 1305 157 44 Perloff,
816 1317 24 24 a
863 1305 119 43 saint,
1020 1317 24 24 a
1064 1308 91 33 true
1184 1304 164 44 worker,
1380 1305 73 36 has
1483 1305 50 36 he
1563 1308 73 32 not
1667 1304 164 41 become
1858 1315 52 24 an
1932 1303 224 47 important

345 1368 212 37 bolshevik
572 1368 14 36 ?
611 1368 115 37 With
750 1367 107 37 their
885 1366 140 38 cursed
1047 1366 117 38 claws
1185 1367 100 45 they
1305 1367 96 36 rake
1427 1367 42 35 in
1496 1367 119 37 souls.

445 1432 103 34 Now
569 1430 84 37 this
675 1430 34 37 is
732 1430 71 36 the
827 1429 147 38 second
996 1429 177 47 thought
1197 1428 40 37 of
1262 1429 248 37 Douniacha.
1566 1431 42 34 It
1630 1429 35 37 is
1688 1432 73 33 not
1785 1440 82 34 any
1890 1428 134 37 easier.
2079 1426 79 39 She

344 1493 139 36 thinks
498 1492 40 37 of
552 1493 71 36 the
638 1492 121 37 awful
772 1504 104 25 mess
891 1491 80 37 and
986 1491 41 37 of
1042 1491 52 36 all
1108 1491 70 36 the
1196 1491 114 37 trials
1329 1491 41 36 of
1388 1492 71 36 the
1478 1491 149 37 church
1646 1491 40 36 of
1704 1494 92 33 true
1813 1490 204 37 believers.
2043 1488 115 40 Even

344 1555 126 36 under
499 1555 70 36 the
603 1554 88 38 soul
724 1554 99 46 they
856 1555 105 37 have
995 1553 80 48 dug
1111 1566 23 24 a
1167 1553 154 44 trench,
1352 1554 71 36 the
1458 1553 170 47 plotters
1647 1553 6 36 !
1710 1552 239 37 Douniacha
1970 1552 73 36 has
2065 1563 94 25 seen

345 1620 43 33 at
405 1618 185 46 Zatsepa,
609 1616 43 37 in
669 1616 110 37 front
798 1616 41 37 of
856 1617 70 36 the
944 1616 169 44 market,
1133 1616 71 37 the
1222 1616 155 47 picture
1396 1615 40 37 of
1453 1616 71 36 the
1542 1615 104 36 chief
1663 1619 141 41 tyrant
1822 1614 100 37 with
1938 1614 62 37 his
2027 1614 110 47 pince-

344 1691 73 24 nez
435 1691 52 24 on
507 1691 22 24 a
543 1679 147 47 string;
711 1679 50 36 he
779 1679 133 36 smiles
928 1679 43 36 in
988 1679 62 36 his
1067 1678 105 37 little
1189 1677 136 45 beard,
1347 1678 80 36 and
1445 1679 91 35 how
1550 1690 124 33 many
1690 1677 193 38 Russians
1897 1677 73 37 has
1988 1680 72 33 not
2076 1676 83 37 this

345 1740 138 37 Herod
505 1740 296 38 exterminated
818 1741 14 37 ?
889 1743 42 35 Is
952 1741 33 37 it
1007 1741 173 47 possible
1200 1741 93 36 that
1315 1741 72 36 the
1408 1740 124 38 bread
1554 1740 115 37 cards
1690 1740 242 37 themselves
1954 1752 115 33 carry
2089 1740 71 35 the

345 1804 156 47 insigna
519 1804 41 36 of
577 1803 238 37 anti-Christ
833 1804 14 36 ?
904 1803 84 37 The
1002 1803 172 37 infernal
1188 1804 159 47 writing
1362 1804 124 36 burns
1502 1803 108 37 one's
1625 1803 155 47 fingers,
1799 1802 80 37 and
1897 1802 82 38 still
1994 1814 75 25 one
2085 1801 71 37 has

344 1870 44 32 to
407 1878 116 34 carry
538 1866 34 36 it
589 1866 87 36 into
694 1867 71 36 the
783 1867 121 47 shops
923 1866 81 36 and
1022 1878 52 24 on
1093 1867 109 36 one's
1220 1866 141 37 bosom
1378 1878 96 25 near
1490 1867 71 36 the
1579 1867 115 35 heart
1711 1866 43 35 in
1771 1865 115 36 order
1903 1865 93 36 that
2015 1877 51 24 no
2085 1876 76 24 one

347 1941 74 24 can
443 1928 102 38 steal
566 1929 83 37 this
670 1932 190 34 treasure.
916 1928 150 38 Father
1088 1929 226 48 Aphanassi
1335 1928 89 38 told
1445 1933 72 32 not
1541 1928 95 46 only
1657 1928 93 37 this.
1804 1927 86 37 The
1913 1927 126 37 devils
2061 1938 100 26 even

347 1992 123 36 dared
484 1995 43 33 to
543 1992 125 36 touch
681 1992 71 36 the
767 1992 112 36 relics
899 1992 41 36 of
957 1992 117 38 Saint
1093 1992 104 43 Frol,
1218 1992 76 36 but
1310 1991 88 38 God
1414 1991 69 36 did
1497 1995 73 32 not
1588 1990 147 48 permit
1753 1990 53 44 it;
1827 1992 65 35 He
1910 1989 130 37 veiled
2058 1989 105 36 their

346 2066 92 34 eyes
460 2054 100 36 with
581 2066 52 24 an
655 2054 155 47 eclipse,
837 2054 80 36 and
938 2054 70 37 the
1030 2054 144 37 monks
1197 2053 80 37 and
1298 2053 105 48 good
1426 2053 219 38 Christians
1668 2065 82 24 saw
1770 2053 71 36 the
1860 2051 303 38 indestructible

346 2117 99 37 flesh
467 2117 100 35 with
590 2129 23 23 a
637 2116 144 48 golden
806 2129 66 24 ear
896 2117 40 36 of
961 2129 95 25 corn
1079 2117 210 47 sprouting
1303 2116 105 36 from
1421 2116 53 37 its
1491 2115 174 44 entrails,
1688 2115 116 37 while
1822 2115 70 37 the
1908 2114 70 37 red
2038 2126 105 35 grass-

347 2180 170 47 hoppers
574 2180 13 21 1
604 2192 82 24 saw
709 2180 95 45 only
823 2192 52 23 an
899 2180 203 47 appalling
1121 2179 228 48 apparition
1366 2179 101 36 with
1485 2178 139 47 raging
1642 2178 70 37 fire
1732 2177 139 38 inside.
1926 2177 237 36 Douniacha

347 2242 137 37 knows
507 2242 76 44 all;
608 2242 91 37 how
719 2242 115 39 Saint
855 2242 190 37 Nicholas
1066 2242 128 37 under
1214 2242 70 35 the
1305 2245 113 43 gates
1439 2241 41 36 of
1509 2241 71 36 the
1603 2240 182 36 Kremlin
1806 2242 89 33 rent
1915 2239 71 36 the
2006 2238 158 48 ignoble

347 2304 89 43 veil,
458 2304 81 36 and
557 2305 90 36 how
663 2305 71 37 the
752 2307 116 35 Dove
886 2305 41 36 of
944 2305 71 37 the
1033 2304 110 46 Holy
1161 2304 128 38 Ghost
1307 2303 42 37 of
1366 2304 70 36 the
1463 2307 175 33 convent
1656 2302 41 36 of
1724 2301 224 38 Tchoudoff
1973 2300 87 37 flew
2076 2300 87 37 into

347 2380 24 23 a
388 2366 120 46 filthy
526 2367 190 37 barracks
738 2367 80 36 and
837 2371 118 44 upset
974 2368 100 36 with
1091 2367 53 37 its
1162 2366 106 37 little
1286 2366 125 47 wings
1431 2378 52 24 an
1500 2365 83 36 idol
1603 2365 40 36 of
1662 2369 115 33 stone
1792 2364 100 36 with
1911 2364 252 37 moustaches

346 2429 134 37 before
506 2429 131 36 which
663 2429 51 36 all
739 2429 117 37 those
879 2429 200 37 inscribed
1105 2433 108 33 must
1239 2432 202 44 prostrate
1464 2427 242 38 themselves
1731 2427 117 36 when
1881 2426 180 46 denying
2093 2426 71 36 the

347 2491 180 39 Saviour.
582 2491 115 46 They
718 2491 150 38 wished
892 2492 82 36 also
995 2495 45 33 to
1062 2491 171 37 inscribe
1256 2491 249 42 Douniacha,
1527 2490 76 37 but
1621 2490 70 37 she
1708 2489 69 46 lay
1793 2489 118 36 down
1926 2489 42 35 in
1987 2489 70 36 the
2078 2490 87 35 coal

347 2554 70 36 bin
437 2553 126 37 under
583 2554 71 36 the
661 2557 176 36 .servant
858 2554 130 43 stairs,
1012 2553 80 37 and
1112 2553 205 37 remained
1336 2553 114 36 there
1471 2552 52 37 all
1542 2553 71 36 the
1634 2552 116 47 night
1770 2551 173 36 without
1958 2550 142 49 daring
2119 2555 44 33 to

348 2628 148 32 sneeze,
526 2616 76 37 but
624 2615 170 48 praying
812 2616 209 46 inaudibly
1041 2620 45 32 to
1109 2616 71 36 the
1201 2615 158 38 Father.
1402 2615 36 38 A
1459 2615 77 36 few
1557 2614 100 46 days
1672 2627 86 34 ago,
1776 2626 23 24 a
1813 2625 88 25 new
1916 2613 245 38 misfortune.

346 2679 35 38 A
400 2679 222 44 bolshevik,
644 2691 23 24 a
683 2678 227 45 miscreant,
927 2679 89 37 who
1031 2691 81 25 was
1127 2678 173 47 walking
1314 2677 127 37 under
1455 2677 71 37 the
1540 2677 131 44 stairs,
1689 2676 178 45 casually
1880 2676 285 47 requisitioned

346 2742 72 36 the
440 2741 178 47 drawing
639 2753 115 25 room
774 2741 41 36 of
846 2741 174 37 Brinsoff
1055 2741 80 37 and
1168 2740 276 46 immediately
1477 2739 147 38 moved
1659 2743 72 33 out
1766 2738 52 37 all
1851 2739 70 36 the
1955 2738 208 44 furniture,

433 2867 14 19 1
481 2865 218 33 Bolsheviks.
