2786 3716
653 3057 70 34 224

741 473 171 37 Michael
937 473 92 37 died
1053 474 70 36 the
1146 478 99 32 next
1270 473 92 46 day,
1388 474 132 37 which
1542 487 102 25 were
1668 488 24 24 a
1712 475 184 47 blessing.
1951 475 86 37 The
2057 475 141 37 doctor
2216 475 87 38 said
2326 476 94 37 he'd

596 536 81 36 had
699 548 23 23 a
742 536 126 36 shock
887 539 45 33 to
953 536 63 36 his
1037 536 127 36 heart.
1219 536 178 47 Mayhap
1419 538 20 35 I
1461 537 139 37 scared
1620 537 86 37 him
1725 538 100 36 with
1839 539 71 36 the
1931 538 121 37 chair.

740 598 94 37 And
861 600 150 44 Danny
1039 598 181 36 Killoren
1245 611 93 33 says
1363 602 45 33 to
1435 611 63 27 me
1538 599 105 38 after
1667 600 72 37 the
1778 600 187 44 funerals,
2009 601 51 36 he
2085 613 105 33 says,
2234 602 9 13 '
2261 602 159 37 Mother

594 660 198 45 Simikoff,
818 673 112 25 come
953 673 126 33 away.
1186 660 65 38 I'll
1277 661 97 36 take
1402 673 91 25 care
1519 661 42 37 of
1588 674 93 34 you.
1702 663 8 12 '

740 725 20 35 I
779 736 93 33 says
889 727 44 33 to
952 723 97 44 him,
1069 725 21 35 I
1108 735 105 34 says,
1244 724 9 12 '
1271 722 128 38 There
1418 724 38 36 '11
1484 724 50 36 be
1552 736 51 25 no
1621 725 114 37 need.
1790 724 86 38 The
1894 726 81 47 pits
1992 726 79 36 will
2090 738 89 24 care
2196 726 62 36 for
2274 727 145 37 what's

594 785 72 36 left
691 785 41 36 of
754 798 64 24 me
840 785 80 37 and
941 786 105 45 bury
1067 798 64 23 me
1152 786 116 35 when
1289 786 79 37 I'm
1388 786 188 47 through.
1596 786 9 14 '
1663 788 108 45 Why
1806 787 207 38 shouldn't
2047 788 100 45 they
2164 788 14 37 ?
2235 787 180 47 They've

593 847 153 37 robbed
774 860 63 25 me
865 848 40 36 of
933 848 250 46 everything.
1240 847 180 47 They've
1446 848 142 38 buried
1616 849 52 37 all
1696 862 70 33 my
1793 862 90 24 own
1910 862 106 25 ones.
2072 849 114 47 They
2213 863 76 24 can
2314 851 106 45 bury

593 922 75 31 me,
698 914 82 33 too.
835 910 94 38 And
955 911 99 45 they
1082 922 75 25 can
1176 912 6 35 !

738 973 140 41 Listen
897 974 6 36 !
959 973 113 37 Ain't
1101 973 94 36 that
1225 973 71 36 the
1327 973 58 38 St.
1420 975 148 45 Ignace
1599 974 78 37 bell
1696 975 6 36 !
1760 974 107 37 That
1898 974 80 37 will
2009 974 50 37 be
2089 976 93 36 Mrs.
2218 975 200 45 Janowitz

594 1035 114 38 dead.
765 1037 21 35 I
804 1047 102 25 were
924 1047 96 25 over
1037 1039 45 32 to
1100 1035 94 37 look
1213 1039 42 33 at
1274 1035 69 37 her
1361 1035 79 37 last
1459 1036 171 48 evening
1649 1036 105 37 after
1769 1037 72 37 the
1858 1037 171 37 Maruka
2046 1037 184 48 burying.
2286 1040 20 35 I

593 1102 44 32 to
655 1098 71 36 her
743 1098 198 46 daughter
960 1098 131 43 Rosie,
1111 1100 21 34 I
1150 1110 104 33 says,
1286 1098 8 14 '
1313 1097 127 39 She's
1458 1098 127 38 about
1601 1100 188 47 through.
1844 1101 21 35 I
1884 1100 104 47 hope
2004 1100 125 46 you'll
2145 1100 105 37 have
2285 1100 133 37 better

593 1161 178 36 weather
798 1161 62 36 for
886 1161 71 36 the
984 1161 168 36 funeral.
1174 1161 7 12 '

740 1223 65 37 I'll
832 1223 50 37 be
910 1223 120 47 going
1057 1235 102 25 now.

695 1286 57 36 As
777 1285 186 39 Simikoff
989 1298 98 31 rose,
1116 1286 71 36 the
1213 1298 135 35 young
1375 1287 158 36 mother
1559 1288 87 36 said
1672 1288 229 46 something
1926 1288 127 37 about
2080 1300 23 24 a
2129 1300 87 24 new
2242 1288 175 47 position

594 1349 70 36 her
685 1348 187 37 husband
893 1359 82 25 was
993 1348 144 47 taking
1157 1348 42 37 in
1222 1348 183 47 Chicago.
1460 1348 158 47 They'd
1640 1362 118 25 move
1780 1362 43 25 as
1844 1362 99 25 soon
1966 1363 43 24 as
2030 1351 70 36 the
2116 1350 110 46 baby
2245 1363 83 24 was
2350 1350 67 37 old

594 1411 170 47 enough.

739 1475 20 34 I
781 1474 116 36 knew
916 1474 46 43 it,
1034 1473 88 37 said
1143 1473 195 39 Simikoff.
1438 1474 131 37 When
1589 1477 22 35 I
1631 1475 88 37 first
1739 1488 82 24 saw
1835 1487 94 34 you,
1947 1477 20 36 I
1982 1488 93 33 says
2089 1479 44 32 to
2147 1475 132 37 Annie
2293 1475 100 37 Muel-

592 1536 67 43 ler,
680 1538 21 34 I
720 1548 105 34 says,
857 1537 8 13 '
883 1535 79 40 She
981 1536 101 37 ain't
1100 1536 62 36 for
1181 1536 225 37 Collierton.
1462 1536 79 39 She
1559 1537 73 37 has
1649 1542 73 32 not
1748 1538 70 37 the
1846 1538 115 35 mark
1988 1538 41 35 of
2055 1538 69 36 the
2151 1537 93 47 pits.
2300 1537 113 43 Well,

593 1598 213 47 good-bye.

694 1661 84 37 The
803 1662 108 36 wind
935 1662 43 36 in
1002 1662 71 36 the
1098 1662 96 37 bare
1218 1665 181 45 treetops
1423 1675 83 25 was
1531 1662 192 47 moaning
1747 1662 96 37 loud
1870 1675 43 25 as
1937 1663 71 37 she
2032 1662 157 48 opened
2212 1662 72 37 the
2303 1662 109 36 door.

592 1726 130 35 Down
748 1724 71 37 the
847 1736 110 35 gray,
984 1736 81 25 raw
1089 1728 124 34 street
1237 1725 71 36 she
1333 1724 132 38 flitted
1485 1737 53 24 on
1554 1726 70 36 her
1637 1738 92 33 way
1742 1729 45 33 to
1801 1726 71 36 the
1889 1727 22 44 J
1917 1725 172 36 anowitz
2104 1726 135 42 house,
2258 1724 138 37 Collier-

591 1787 107 36 ton's
725 1787 117 45 Lady
869 1786 41 37 of
936 1786 187 39 Sorrows.

1821 1915 190 39 Shirley
2038 1916 19 34 I
2057 1939 14 15 v
2076 1944 6 6 .
2112 1913 194 40 Seifert.
