2786 3716
2157 3016 65 35 193

1063 550 254 50 SNAKES,
1363 548 384 50 MONGOOSES,

803 622 568 49 SNAKE-CHARMERS
1414 621 130 45 AND
1579 621 128 47 THE
1740 622 165 47 LIKE.

437 800 24 38 I
483 797 118 43 have
624 810 26 28 a
672 795 149 43 friend
842 795 103 42 who
967 793 156 43 would
1143 792 104 55 give
1269 806 27 29 a
1317 790 122 57 price
1461 790 70 43 for
1552 791 131 42 those
1704 791 106 53 long
1832 790 163 55 fingers
2019 790 60 43 all
2100 790 47 42 of
2169 805 86 28 one

556 870 157 54 length
745 895 60 4 —

443 943 133 42 those
600 942 190 42 hideous
814 941 142 43 bird's
980 940 148 49 claws,
1155 939 71 42 for
1249 939 106 42 that
1380 937 97 42 rich
1501 937 183 54 looking
1727 937 142 42 snake
1895 938 92 41 and
2009 938 80 41 the
2129 951 96 28 mon-

555 1029 135 41 goose
725 1041 60 4 —
817 1053 9 9 .

438 1089 221 54 products
675 1091 49 40 of
741 1089 83 42 the
842 1092 197 47 country
1054 1086 49 41 in
1119 1084 148 44 which
1285 1082 273 55 everything
1574 1082 37 43 is
1628 1083 116 42 hard
1776 1083 139 49 work,
1950 1083 80 41 the
2063 1087 197 48 country

555 1162 48 42 of
647 1162 78 42 the
767 1164 310 52 grass-getter,

444 1235 80 42 the
551 1235 326 49 torch-bearer,
910 1233 81 43 the
1020 1233 309 54 dog-servant,
1362 1231 80 42 the
1470 1230 397 54 message-bearer,
1898 1230 80 42 the
2006 1229 252 54 holy-man.

454 1308 258 54 Engrossed
742 1307 48 43 in
819 1306 93 44 this
943 1304 332 56 distinguished
1296 1318 142 28 worm
1460 1304 158 52 nearly
1651 1317 49 28 as
1728 1302 107 43 wild
1866 1303 90 42 and
1989 1317 48 28 as
2065 1303 132 42 fierce
2215 1317 50 27 as

560 1381 80 42 the
669 1381 96 52 day
791 1381 39 42 it
856 1394 95 28 was
981 1379 237 56 captured,

444 1455 57 41 he
520 1468 132 40 gazes
676 1468 49 28 as
746 1453 36 42 if
800 1452 241 56 incapable
1060 1451 48 43 of
1127 1451 186 54 looking
1336 1456 49 38 at
1406 1450 226 55 anything
1651 1449 114 43 with
1786 1465 27 27 a
1834 1449 114 43 view
1967 1455 49 37 to
2051 1449 213 54 analysis.

492 1527 96 43 The
615 1527 140 54 slight
779 1527 144 42 snake
949 1525 197 56 rippling
1172 1524 189 56 quickly
1386 1524 201 54 through
1612 1524 80 42 the
1717 1537 136 41 grass,

442 1602 80 42 the
558 1600 224 53 leisurely
819 1599 192 43 tortoise
1047 1599 113 43 with
1197 1599 62 41 its
1294 1597 109 57 pied
1439 1598 132 50 back,

443 1674 80 42 the
546 1674 268 43 chameleon
837 1672 196 57 passing
1056 1672 120 43 from
1197 1671 110 55 twig
1329 1677 49 37 to
1401 1676 145 45 stone,
1573 1671 118 42 from
1714 1675 132 38 stone
1868 1675 49 38 to
1941 1676 151 44 straw,

440 1746 54 43 lit
513 1746 70 44 his
599 1746 305 56 imagination
928 1752 48 37 at
998 1761 86 27 one
1099 1745 138 50 time;
1256 1744 70 44 his
1343 1743 277 44 admiration
1635 1759 103 27 now
1754 1758 243 41 converges
2011 1759 125 41 upon
2152 1743 92 43 this
2261 1756 7 28 :

443 1821 140 51 thick,
614 1826 83 37 not
725 1821 164 54 heavy,
919 1820 38 43 it
985 1819 177 44 stands
1186 1833 63 42 up
1277 1818 118 43 from
1421 1818 61 43 its
1507 1818 443 55 travelling-basket,

440 1895 82 41 the
540 1894 265 53 essentially
823 1893 162 51 Greek,
1006 1894 79 42 the
1103 1893 173 56 plastic
1299 1891 183 52 animal,
1504 1891 59 43 all
1580 1891 48 43 of
1646 1906 27 28 a
1689 1892 127 55 piece
1833 1891 119 43 from
1968 1905 109 29 nose
2093 1900 50 34 to
2161 1889 109 52 tail;

442 1983 89 28 one
553 1967 38 43 is
615 1967 262 56 compelled
899 1973 50 36 to
972 1967 108 42 look
1105 1971 48 38 at
1176 1966 42 42 it
1244 1979 50 28 as
1320 1970 50 37 at
1392 1966 81 41 the
1496 1966 210 41 shadows
1730 1966 48 41 of
1800 1966 80 41 the
1903 1965 112 56 Alps

442 2040 299 58 imprisoning
781 2041 47 41 in
871 2040 120 43 their
1033 2040 118 43 folds
1200 2039 90 43 like
1329 2039 96 43 flies
1463 2039 48 41 in
1552 2039 168 50 amber,
1763 2039 81 41 the
1882 2039 212 52 rhythms
2124 2038 48 42 of
2195 2039 79 41 the

564 2114 325 55 skating-rink.

445 2188 108 42 This
575 2188 171 42 animal
767 2194 51 36 to
840 2187 152 43 which
1013 2187 119 43 from
1152 2188 80 42 the
1253 2187 181 42 earliest
1454 2185 148 52 times,
1628 2185 286 57 importance
1934 2187 84 41 has
2039 2187 231 50 attached,

444 2262 89 42 fine
560 2276 48 27 as
634 2261 61 43 its
722 2261 306 56 worshippers
1054 2261 127 43 have
1206 2260 180 57 said—,
1404 2260 69 41 for
1499 2260 126 42 what
1649 2274 95 28 was
1769 2260 37 42 it
1833 2260 250 43 invented?

450 2334 66 43 To
543 2336 125 41 show
693 2336 107 41 that
824 2335 138 42 when
985 2334 288 54 intelligence
1296 2333 48 42 in
1367 2333 61 42 its
1451 2347 114 41 pure
1588 2333 119 42 form

444 2409 82 42 has
546 2409 251 41 embarked
816 2423 59 26 on
895 2422 27 27 a
942 2408 123 42 train
1085 2408 48 42 of
1152 2408 203 53 thought
1374 2406 148 43 which
1542 2406 37 42 is
1600 2407 350 54 unproductive,
1973 2406 37 43 it
2029 2407 90 42 will
2150 2422 127 27 come

560 2482 119 42 back
699 2482 16 41 ?

442 2559 83 40 We
544 2556 58 42 do
623 2561 83 37 not
724 2557 138 42 know
893 2569 10 38 ;
935 2556 81 42 the
1034 2555 109 53 only
1160 2553 197 57 positive
1374 2552 133 56 thing
1527 2554 143 41 about
1689 2553 38 42 it
1746 2554 37 41 is
1801 2554 60 42 its
1880 2554 152 55 shape,
2068 2555 84 41 but
2171 2554 106 52 why

557 2634 181 52 protest
758 2630 16 42 ?

442 2703 95 43 The
567 2703 189 56 passion
786 2702 70 43 for
897 2702 190 55 setting
1134 2715 146 44 pecpe
1308 2701 120 54 right
1458 2700 37 43 is
1526 2699 47 43 in
1603 2698 124 45 itself
1758 2715 58 28 an
1848 2700 214 44 afflictive
2093 2701 185 42 disease.

450 2777 209 42 Distaste
673 2776 152 43 which
842 2777 132 42 takes
990 2790 60 28 no
1068 2775 144 43 credit
1228 2780 50 37 to
1295 2774 123 43 itself
1433 2774 38 43 is
1500 2774 115 43 best.

1671 2871 268 42 Marianne
1967 2871 189 42 Moore.
