2786 3716
2051 3028 69 46 267

364 455 41 37 of
432 468 73 33 my
536 468 104 35 eyes.
697 458 135 44 Diver,
858 458 43 37 in
923 459 71 37 the
1018 461 139 36 smoke
1181 459 42 38 of
1246 473 71 33 my
1340 461 118 47 cigar,
1486 462 127 44 alone,
1639 465 21 35 I
1684 463 122 37 listen
1829 467 43 33 to
1896 464 71 37 the
1992 464 124 49 dying
2140 466 42 37 of

362 518 70 37 the
458 519 259 37 sentimental
745 520 126 37 music
899 521 131 37 which
1061 534 138 25 causes
1228 534 70 34 my
1329 524 148 36 helmet
1507 528 44 32 to
1581 525 265 37 reverberate.
1902 527 73 44 My
2004 527 101 37 soles
2142 529 40 36 of

362 581 90 38 lead
472 581 97 37 hold
590 593 63 25 me
676 593 55 36 up
752 582 81 37 and
853 585 20 35 I
895 583 182 38 advance
1098 584 107 44 slow,
1228 589 225 44 grotesque,
1475 586 173 47 pinched
1669 591 43 33 at
1731 588 72 37 the
1822 587 125 48 joints
1972 589 81 36 and
2072 590 110 38 bend

362 643 100 36 with
489 643 202 46 difficulty
729 656 96 26 over
846 645 71 37 the
940 647 243 47 swamp-life
1206 647 42 36 of
1270 660 171 25 woman.
1495 651 113 34 Your
1632 662 84 34 eye,
1742 663 68 24 sea
1834 651 127 43 horse,
1989 651 190 46 vibrates-,

363 706 134 37 marks
522 718 23 24 a
569 718 158 25 comma
752 706 80 37 and
856 719 135 36 passes
1014 708 68 45 by.
1142 710 189 36 Between
1353 714 81 32 two
1458 715 157 40 waters,
1639 712 71 36 the
1734 724 84 32 sex,
1848 713 144 46 bushy,
2020 715 139 46 compli-

362 767 130 44 cated,
521 769 185 36 unusual.
761 768 85 37 The
873 770 129 36 cuttle
1030 770 77 37 fish
1133 771 149 47 squirts
1311 784 64 25 me
1402 772 100 37 with
1528 773 62 38 his
1618 774 119 37 cloud
1766 774 41 37 of
1835 774 70 37 ink
1933 775 43 36 in
2002 776 132 37 which
2161 779 20 35 I

362 829 211 48 disappear
600 831 81 36 like
710 844 51 23 an
789 832 170 37 aviator.
1014 834 20 35 I
1059 833 95 37 hear
1178 834 71 36 the
1274 838 132 33 motor
1429 835 41 37 of
1493 836 70 37 the
1588 840 159 40 waters,
1772 837 71 36 the
1867 837 156 48 forging
2047 838 41 37 of
2112 839 70 37 the

361 892 167 37 leaches.
583 893 36 36 A
647 894 207 37 thousand
884 894 159 37 suction
1072 906 116 36 pores
1220 896 195 45 function,
1446 898 199 47 secreting
1674 898 153 38 lodine.
1881 898 85 38 The
1995 901 91 36 skin
2114 901 46 36 be-

362 966 131 26 comes
521 955 236 47 gelatinous,
788 959 271 45 transparent,
1089 957 239 39 irridescent
1355 959 79 37 like
1460 960 74 37 the
1561 960 100 37 flesh
1689 961 42 36 of
1758 973 51 24 an
1838 973 205 26 anemone.
2097 962 85 38 The

362 1020 154 34 centers
545 1017 41 36 of
612 1018 284 37 sensitiveness
924 1018 165 38 become
1117 1020 212 47 polarized.
1384 1021 306 49 Independence
1717 1023 41 36 of
1785 1023 52 36 all
1863 1024 70 37 the
1961 1025 216 38 functions.

361 1077 85 38 The
472 1092 73 33 eye
571 1080 148 37 strains
746 1084 44 32 to
816 1081 127 36 touch
960 1093 8 33 ;
996 1082 72 36 the
1096 1082 105 37 back
1227 1087 86 33 eats
1332 1095 8 32 ;
1369 1084 72 36 the
1467 1085 125 47 finger
1618 1097 97 27 sees.
1771 1086 175 38 Clusters
1974 1087 40 37 of
2041 1100 139 34 grassy

362 1153 106 25 arms
494 1141 207 38 undulate.
756 1142 161 48 Sponge
941 1143 41 37 of
1007 1145 72 36 the
1105 1145 160 47 depths,
1289 1146 71 37 the
1383 1146 116 37 brain
1521 1148 187 37 breathes
1732 1148 150 47 gently.
1936 1148 85 38 The
2043 1150 137 47 thighs

362 1204 220 36 remember
606 1204 80 36 and
710 1205 118 36 make
849 1206 71 36 the
941 1211 255 33 movements
1217 1208 41 36 of
1280 1208 86 38 fins.
1421 1209 85 37 The
1527 1214 131 33 storm
1677 1214 108 33 tears
1807 1215 73 32 out
1902 1223 101 33 your
2023 1213 154 36 tonsils.

360 1265 36 37 A
424 1278 70 34 cry
520 1278 136 35 passes
676 1267 98 36 thru
794 1279 82 34 you
895 1267 79 38 like
994 1268 70 37 the
1086 1269 165 37 shadow
1272 1270 40 37 of
1334 1283 51 24 an
1405 1271 168 48 iceberg.
1628 1275 41 34 It
1690 1273 184 46 congeals
1895 1273 81 37 and
1998 1273 179 47 disjoins.

359 1329 114 35 Your
498 1328 121 48 being
646 1329 259 38 reassembles
932 1330 100 37 with
1058 1331 211 47 difficulty.
1324 1334 166 47 Hunger
1517 1334 129 38 draws
1671 1336 185 46 together
1881 1336 71 36 the
1977 1337 202 36 scattered

359 1390 119 37 limbs
506 1391 80 36 and
607 1403 150 36 groups
777 1392 115 36 them
912 1393 155 36 around
1091 1394 70 36 the
1182 1407 177 25 vacuum
1378 1396 130 38 which
1537 1397 32 37 is
1590 1409 91 25 now
1700 1398 70 36 the
1790 1397 119 47 belly.
1964 1397 85 38 The
2069 1399 110 46 body

360 1464 178 26 assumes
564 1454 71 36 the
663 1454 176 37 uniform
865 1454 40 37 of
930 1454 53 37 its
1009 1456 160 47 weight.
1225 1456 85 38 The
1335 1458 128 48 spirit,
1491 1460 204 36 scattered
1720 1460 263 46 everywhere,
2013 1474 142 24 concen-

358 1518 128 34 trates
503 1515 43 37 in
564 1516 71 36 the
654 1516 176 37 cockade
849 1517 40 36 of
906 1517 75 37 the
999 1519 309 38 consciousness.
1364 1522 107 35 lam
1491 1534 106 25 man.
1635 1524 94 35 You
1748 1534 65 25 are
1831 1535 172 25 woman.
2047 1523 105 38 Good-

360 1577 89 46 bye.
504 1576 114 40 Each
639 1578 156 47 regains
818 1579 62 37 his
902 1592 125 26 room.
1081 1581 129 39 There
1235 1595 68 25 are
1324 1584 117 37 shoes
1463 1584 138 37 before
1622 1585 71 36 the
1717 1585 108 43 door,
1851 1588 73 33 not
1946 1588 44 33 to
2015 1585 163 38 confuse

358 1640 124 36 them.
537 1641 108 36 Mine
667 1653 66 25 are
753 1642 153 46 yellow.
963 1642 86 39 The
1068 1644 83 46 boy
1171 1645 118 37 waits
1310 1646 62 36 for
1392 1646 63 37 his
1474 1647 73 47 tip.
1602 1648 21 36 I
1645 1647 90 47 give
1754 1647 86 36 him
1858 1648 72 36 the
1949 1660 77 35 egu
2046 1648 41 36 of
2109 1661 68 33 my

359 1702 290 38 coat-of-arms.
704 1705 20 35 I
748 1705 115 36 -have
895 1705 206 49 forgotten
1136 1711 44 33 to
1213 1708 120 47 sleep.
1390 1710 71 44 My
1493 1708 139 48 glottis
1665 1721 150 26 moves.
1869 1709 97 38 This
1999 1714 178 45 attempt

359 1769 43 32 at
431 1765 152 37 suicide
613 1765 33 38 is
675 1766 183 48 regicide.
914 1771 20 35 I
967 1781 67 24 am
1063 1769 178 48 impaled
1272 1783 53 24 on
1354 1783 71 33 my
1453 1771 237 46 sensibility.
1745 1771 86 38 The
1862 1772 98 48 dogs
1990 1773 41 36 of
2061 1773 116 47 night

358 1839 112 25 come
494 1831 46 34 to
566 1828 80 37 lick
670 1829 72 37 the
767 1830 120 37 black
911 1831 123 37 blood
1058 1832 136 36 which
1217 1833 162 37 trickles
1406 1834 117 36 down
1549 1846 70 34 my
1644 1834 94 47 legs.
1792 1834 115 47 They
1932 1835 118 37 make
2075 1835 102 48 light

356 1889 106 38 from
487 1890 45 38 it.
587 1890 85 39 The
696 1892 146 37 silence
866 1893 34 38 is
924 1894 100 37 such
1048 1895 93 36 that
1168 1907 74 24 one
1267 1895 117 38 hears
1408 1896 71 37 the
1503 1896 136 48 spring
1664 1896 40 37 of
1728 1896 72 37 the
1825 1897 183 38 universe
2034 1898 143 47 coiling

357 1952 118 38 itself.
531 1954 36 36 A
585 1954 158 38 sudden
761 1955 113 44 click,
896 1957 243 47 everything
1157 1957 33 37 is
1208 1957 129 48 larger
1355 1958 56 46 by
1430 1971 25 23 a
1472 1959 137 36 notch.
1663 1961 41 34 It
1722 1958 34 38 is
1773 1959 140 47 today.
1971 1961 207 36 Beautiful

357 2015 116 37 horse
502 2016 191 48 foaming.
748 2016 229 40 Sicknesses
1007 2019 77 37 rise
1113 2023 45 33 to
1188 2020 72 37 the
1289 2020 105 38 skies
1423 2020 80 38 like
1532 2025 105 33 stars
1667 2034 54 24 on
1748 2022 72 37 the
1849 2022 180 38 horizon.
2084 2023 93 37 And

357 2077 93 37 here
477 2078 33 37 is
538 2079 266 48 Betelgueuse
830 2081 89 36 who
946 2081 34 38 is
1007 2082 181 38 mistress
1216 2082 41 37 of
1282 2083 72 37 the
1380 2084 171 37 seventh
1576 2084 137 38 house.
1769 2085 161 37 Believe
1958 2098 74 32 me,
2063 2086 53 36 all
2142 2087 36 36 is

357 2139 115 45 clear,
500 2141 183 45 ordered,
711 2142 142 48 simple
879 2143 80 37 and
985 2145 174 37 natural.
1213 2144 86 38 The
1324 2145 169 38 mineral
1517 2147 199 44 breathes,
1743 2147 72 37 the
1840 2149 211 47 vegetable
2076 2153 99 39 eats,

355 2202 71 37 the
464 2202 149 38 animal
651 2204 108 38 feels.
813 2207 98 35 Man
947 2206 33 38 is
1018 2208 264 45 crystallized.
1340 2209 236 47 Prodigious
1611 2209 141 46 today.
1809 2210 214 38 Plummet.
2063 2212 113 36 Yard

356 2277 97 25 arm.
509 2267 121 36 Door.
686 2267 116 38 Face.
821 2267 248 40 Whirlwind.
1124 2272 94 35 You
1232 2270 91 38 live.
1379 2270 222 40 Eccentric.
1656 2274 50 35 In
1719 2273 71 36 the
1804 2272 170 49 integral
1988 2274 185 38 solitude.

355 2329 51 35 In
432 2328 70 37 the
528 2341 252 34 anonymous
806 2331 273 38 communion.
1134 2332 115 38 With
1274 2333 52 36 all
1349 2334 93 36 that
1467 2334 133 37 which
1623 2334 33 37 is
1681 2338 90 33 root
1797 2335 80 36 and
1902 2336 167 37 summit
2095 2336 80 37 and

355 2389 132 38 which
507 2391 233 48 palpitates,
764 2393 144 44 unites,
934 2394 203 38 enthuses.
1196 2396 258 36 Phenomena
1475 2397 42 36 of
1545 2397 83 37 this
1648 2398 228 47 congenital
1897 2399 277 37 halucination

355 2451 132 38 which
501 2453 33 37 is
550 2453 69 37 life
634 2453 43 38 in
694 2454 52 37 all
761 2454 54 37 its
831 2455 326 39 manifestations
1174 2458 80 36 and
1270 2458 71 37 the
1357 2458 242 38 continuous
1617 2460 174 46 activity
1808 2461 41 36 of
1860 2461 310 38 consciousness.

353 2514 86 37 The
463 2519 134 33 motor
622 2519 118 35 turns
766 2517 42 37 in
833 2518 155 47 spirals.
1044 2518 87 38 The
1157 2520 169 46 rhythm
1345 2521 157 48 speaks.
1559 2521 239 47 Chemistry.
1863 2526 93 34 You
1976 2536 77 25 are.
2077 2526 72 35 Pro-

352 2577 128 37 found
506 2578 141 46 today.

1641 2702 104 30 From
1767 2702 49 30 the
1837 2703 135 30 French
1996 2704 34 38 of

1618 2766 157 38 Blaise
1796 2764 234 40 Cendrars.
