3487 4399
1660 167 100 51 155

135 307 129 47 einen
294 318 49 32 so
375 303 150 50 hohen
551 306 124 47 Grad
709 306 350 45 künstlerischer
1086 306 306 63 Vollendung,
1424 308 84 46 wie
1538 323 50 31 er
1618 310 42 44 in

136 381 312 49 Deutschland
479 381 155 63 häufig
664 382 66 47 ist.
763 382 174 47 Lehrer
968 382 138 47 dafür
1127 383 96 62 gibt
1245 398 45 32 es
1315 383 71 48 die
1411 384 136 47 Hülle
1571 384 89 47 und

135 457 71 48 die
236 456 152 48 Fülle:
429 458 45 46 in
504 457 268 48 New-York
818 457 131 48 leben
991 457 70 48 48
1103 458 88 47 und
1235 459 40 46 in
1315 459 228 65 Brooklyn
1597 461 57 47 11

136 533 320 56 Deutsche,
487 534 172 49 welche
690 551 105 32 man
826 536 63 47 als
918 543 111 55 gute
1052 536 330 48 Ciavierlehrer
1412 538 91 46 und
1536 538 128 47 meist

135 609 117 51 auch
282 611 64 45 als
375 611 203 64 tüchtige
607 612 203 47 Musiker
851 612 271 47 bezeichnen
1163 613 136 53 kann,
1343 614 116 47 denn
1491 630 46 31 es
1566 614 95 47 sind

135 688 178 48 Namen
344 694 135 41 unter
508 688 136 48 ihnen
668 691 85 45 wie
785 689 265 47 Theodor
1073 689 245 55 Eisfeld,
1350 692 80 47 der
1456 691 69 48 die
1550 691 89 64 phil-

136 763 352 48 harmonischen
515 764 241 57 Concerte,
786 765 266 47 Theodor
1076 765 267 58 Thomas,
1367 767 80 48 der
1470 768 71 47 die
1564 768 75 47 Sin-

137 840 137 49 fonie-
286 839 222 50 Concerte
551 842 193 63 dirigirt,
800 843 150 47 ferner
991 842 137 48 Karl
1174 845 310 54 Anschütz,
1529 845 134 46 Karl

137 918 348 62 Bergmann,
515 919 218 47 Robert
765 919 318 56 Goldbeck,
1118 920 279 49 Wilhelm
1426 923 239 53 Döhler,

139 993 215 49 Friedr.
386 995 261 64 Krüger,
677 995 309 56 Oehrlein,
1028 998 48 47 F.
1108 997 49 48 L.
1186 998 214 56 Ritter,
1430 999 235 47 Pinkert

137 1089 42 31 u.
208 1087 35 32 s.
274 1087 56 32 w.
365 1072 278 48 Ausserdem
677 1074 149 47 laufen
859 1073 331 48 Glavierlehrer
1219 1075 115 47 noch
1364 1093 51 31 zu
1449 1077 185 47 Hunder-

137 1157 74 38 ten
240 1163 84 32 von
352 1148 127 48 Haus
507 1167 53 29 zu
584 1150 130 47 Haus
738 1152 41 45 in
810 1149 80 48 der
915 1152 130 47 Stadt
1070 1150 180 55 umher,
1274 1152 114 48 nach
1415 1152 137 48 deren
1579 1154 57 46 Fä-

136 1223 173 64 higkeit
338 1224 112 48 oder
479 1226 340 65 Berechtigung
847 1244 52 31 zu
934 1228 156 62 fragen
1122 1228 199 47 thöricht
1350 1233 137 49 wäre,
1534 1237 131 39 unter

135 1303 137 47 ihnen
302 1303 116 47 auch
450 1304 99 47 eine
579 1305 183 62 Menge,
794 1304 71 48 die
894 1304 85 48 den
1012 1305 99 62 Tag
1142 1304 115 48 über
1280 1306 205 49 Stunden
1515 1306 148 65 geben

137 1378 89 48 und
258 1379 79 48 des
365 1380 172 47 Nachts
567 1381 41 46 in
644 1381 125 47 Bier-
799 1380 90 48 und
922 1381 321 49 Tanzhäusern
1277 1383 176 48 Ciavier
1481 1385 183 64 spielen.

136 1456 116 47 Dass
280 1456 62 46 sie
371 1456 71 47 die
468 1456 382 50 wunderlichsten
871 1458 196 58 Quellen
1092 1459 80 48 der
1195 1460 216 48 Reclame
1443 1463 89 47 und
1561 1478 78 33 son-

134 1533 139 64 stiger
296 1533 163 55 Mittel,
489 1535 234 48 Aufsehen
753 1553 51 30 zu
837 1536 210 56 machen,
1076 1536 123 49 nicht
1226 1553 181 49 sparen,
1439 1539 99 48 fällt
1569 1539 97 49 hier

135 1610 124 48 nicht
283 1611 92 49 auf.
404 1611 61 49 So
489 1611 79 49 hat
588 1630 34 31 z.
649 1614 50 48 B.
723 1615 70 46 ein
819 1614 216 65 übrigens
1059 1630 113 49 ganz
1197 1624 133 55 guter
1344 1616 179 49 Lehrer
1544 1619 122 47 nicht

135 1687 110 49 eher
274 1689 82 47 viel
386 1705 52 31 zu
470 1690 112 47 thun
615 1690 294 56 bekommen,
951 1693 65 47 als
1059 1693 65 47 bis
1163 1709 47 31 er
1247 1694 122 47 seine
1402 1694 262 49 Vornamen

132 1765 231 65 Jupiter
390 1767 144 47 Zeus
564 1767 57 49 H.
652 1769 43 47 in
727 1769 85 47 den
842 1769 253 66 Zeitungen
1128 1770 202 48 bekannt
1360 1771 193 49 machte.

250 1844 97 45 Der
377 1844 522 49 Pianoforte-Fabriken
939 1846 90 48 und
1061 1847 236 64 Magazine
1334 1847 97 49 sind
1471 1865 49 32 so
1556 1850 109 48 viele

134 1919 116 57 hier,
280 1919 102 49 dass
404 1920 131 65 jedes
564 1938 118 31 neue
711 1922 372 55 Etablissement,
1124 1924 139 48 deren
1302 1925 170 48 freilich
1503 1926 162 48 immer

136 1996 170 50 wieder
329 1999 296 57 auftauchen,
648 2000 131 48 einen
802 2001 237 48 schweren
1062 2001 143 48 Stand
1238 2002 91 49 hat.
1358 2004 87 47 Die
1476 2005 187 48 meisten

132 2075 309 49 Fabricanten
464 2076 98 50 sind
586 2079 245 48 Deutsche.
859 2080 63 47 Es
951 2079 56 48 ist
1035 2079 156 57 Mode,
1219 2079 102 49 dass
1350 2080 62 48 sie
1442 2081 97 48 ihre
1569 2084 63 47 An-

135 2151 330 66 kündigungen
489 2154 81 48 mit
592 2155 126 48 einer
734 2156 167 65 Menge
923 2171 86 33 von
1031 2156 280 65 Zeugnissen
1335 2174 84 32 von
1443 2159 217 49 Kennern

132 2230 306 49 schmücken:
468 2231 123 48 diese
612 2232 198 49 nehmen
837 2250 46 31 es
907 2234 117 48 denn
1050 2235 117 47 auch
1197 2235 124 48 nicht
1349 2235 117 49 eben
1496 2254 168 47 genau,

135 2306 89 47 und
257 2321 48 32 so
337 2306 176 48 kommt
541 2324 46 30 es
619 2308 136 56 denn,
786 2308 101 49 dass
917 2326 104 31 man
1047 2328 34 30 z.
1104 2311 49 47 B.
1177 2311 42 47 in
1242 2312 83 47 Nr.
1350 2311 32 48 8
1407 2312 82 47 der
1518 2329 145 32 neuen

135 2382 247 50 deutschen
410 2385 355 56 „New-Yorker
1372 2406 82 32 von
1480 2391 148 48 Theo-

134 2460 99 48 dor
264 2461 200 63 Hagen
504 2470 83 57 gut
626 2463 247 65 redigirten
907 2465 184 56 Blattes,
1120 2466 115 56 liest,
1275 2466 103 48 dass
1417 2469 249 54 „Weber's

136 2537 263 50 Pianoforte
443 2542 439 47 unzweifelhaft
923 2541 94 49 das
1067 2543 159 49 beste
1268 2545 42 47 in
1351 2545 214 48 America
1608 2546 55 47 ist

135 2616 90 48 und
250 2616 103 48 dass
381 2616 208 51 dasselbe
621 2620 452 48 unübertroffen
1104 2622 40 46 in
1170 2622 80 47 der
1279 2622 127 50 Welt

136 2695 375 48 unterschrieben
544 2714 42 30 u.
619 2698 53 49 A.
716 2714 83 33 von
832 2698 48 49 C.
913 2698 247 54 Anschütz,
1200 2700 49 48 C.
1280 2701 281 63 Bergmann,
1602 2702 61 48 M.

135 2772 250 52 Maretzek,
417 2773 84 49 Tb.
532 2775 202 48 Thomas
766 2775 90 49 und
889 2776 117 48 Rob.
1038 2776 419 49 Goldbeck—und
1490 2778 101 49 dass
1618 2796 46 31 es

134 2848 80 49 auf
239 2847 96 50 der
366 2851 306 63 lolgenden
697 2853 155 47 Seite
883 2853 305 49 derselben
1214 2856 263 47 Nummer
1503 2856 161 48 heisst:

141 2926 139 57 „Wir
309 2927 208 48 erklären
560 2928 79 49 frei
681 2932 90 45 und
812 2931 119 48 ohne
964 2931 245 57 Rückhalt,
1252 2932 102 48 dass
1383 2932 71 48 die
1484 2935 180 47 Piano's

132 3004 79 47 der
248 3004 183 49 Herren
474 3006 295 67 Steinway
799 3006 42 51 &
873 3008 190 49 Söhne
1103 3010 110 48 alle
1259 3010 192 67 übrigen
1491 3012 148 47 Instru-

131 3090 151 40 mente
1010 3088 376 49 unterschrieben
1416 3105 83 32 von
1529 3088 99 49 den-

130 3159 198 50 selben
360 3161 116 49 eben
508 3172 259 55 genannten
800 3164 107 49 fünf
930 3166 183 47 Herren
1144 3166 148 48 neben
1322 3166 113 48 zehn
1464 3167 199 48 andern!

131 3238 94 47 Das
264 3238 54 47 ist
361 3239 101 47 echt
502 3242 345 55 americanisch,
893 3242 90 48 und
1029 3258 94 32 wer
1165 3242 56 49 da
1263 3243 204 65 glaubte,
1508 3244 155 49 solche

132 3317 412 65 Handlungsweise
570 3319 187 49 brächte
780 3319 72 49 die
875 3321 181 48 Herren
1080 3322 185 65 Zeugen
1290 3338 77 32 um
1397 3323 128 48 ihren
1551 3323 82 48 Cre-

132 3392 78 57 dit,
239 3393 81 50 der
351 3393 141 50 kennt
521 3397 213 49 America
763 3398 138 48 nicht.

247 3472 214 49 Dieselbe
499 3474 471 66 Zeitungs-Nummer
1015 3476 152 66 bringt
1205 3477 129 49 einen
1374 3478 167 47 kurzen
1574 3478 57 47 Be-

131 3549 114 49 richt
273 3549 116 50 über
418 3551 80 48 das
530 3553 127 48 letzte
687 3554 445 56 Sinfonie-Concert,
1167 3554 87 50 den
1287 3556 68 48 ich
1384 3556 144 48 Ihnen
1558 3556 76 48 mit-

130 3628 152 57 theile,
313 3646 75 30 um
414 3629 168 50 daraus
603 3650 51 30 zu
681 3633 211 60 ersehen,
916 3633 101 48 dass
1040 3650 46 31 es
1113 3633 71 50 bei
1208 3652 84 31 uns
1315 3634 115 49 auch
1456 3634 205 65 gelehrte

132 3707 301 65 Programme
473 3709 114 64 gibt,
622 3711 147 49 denen
809 3728 46 32 es
894 3711 120 49 dann
1043 3712 43 48 in
1116 3712 82 48 der
1226 3712 292 49 öffentlichen
1547 3712 84 48 Mei-

130 3801 125 48 nung
285 3786 116 48 eben
431 3802 49 33 so
509 3788 127 64 geht,
667 3789 85 49 wie
775 3789 220 49 zuweilen
1015 3789 57 49 da
1095 3789 197 59 drüben,
1322 3807 87 31 nur
1431 3791 101 48 dass
1555 3806 105 33 man

128 3862 92 51 sich
252 3864 97 50 hier
380 3866 81 47 mit
489 3866 133 48 mehr
654 3868 217 56 Freiheit,
917 3868 113 48 aber
1070 3868 116 50 auch
1231 3871 80 47 mit
1340 3868 130 50 mehr
1499 3869 162 56 Recht,

128 3940 63 49 als
220 3940 72 50 bei
323 3943 161 57 Ihnen,
513 3943 205 50 darüber
747 3946 272 64 ausspricht,
1048 3946 118 49 denn
1190 3947 216 48 America
1428 3962 123 32 muss
1571 3953 92 41 erst

127 4019 116 50 noch
288 4020 83 50 viel
414 4022 43 48 in
501 4020 81 50 der
611 4022 150 49 Musik
803 4023 176 57 lernen,
1023 4024 85 49 ehe
1147 4041 104 33 man
1288 4026 94 48 ihm
1412 4023 248 50 zumuthen

128 4094 138 60 kann,
297 4099 121 50 Bach
448 4118 53 31 zu
532 4100 263 50 verstehen:

1890 314 149 51 „Herr
2069 314 201 48 Thomas
2310 315 225 47 beschloss
2566 316 85 47 den
2682 317 164 64 Cyklus
2875 318 145 46 seiner
3051 317 217 50 Sinfonie-

1762 388 185 49 Soireen
1980 391 81 46 auf
2084 391 97 47 eine
2213 392 205 64 würdige
2442 392 171 48 Weise.
2648 395 59 45 Er
2732 396 175 60 begann
2934 395 79 45 mit
3035 395 121 45 Bach
3182 395 87 47 und

1763 466 161 48 endete
1955 468 80 46 mit
2065 468 271 49 Beethoven.
2395 470 97 47 Und
2525 485 128 32 wenn
2694 472 249 61 irgendwo,
2983 473 178 46 können
3193 473 81 45 wir

1764 542 97 47 hier
1889 560 163 45 sagen:
2083 544 128 47 Ende
2240 553 97 55 gut,
2367 546 121 47 Alles
2517 553 94 54 gut.
2642 547 58 46 Es
2731 564 92 30 war
2854 547 199 47 wirklich
3086 548 161 47 interes-

1762 627 116 46 sant,
1910 621 84 45 den
2019 622 312 63 Umschwung
2362 623 56 46 im
2445 623 197 47 Gefühle
2666 624 75 46 des
2764 624 259 47 Publicums
3044 642 51 29 zu
3119 626 155 54 sehen,

1764 696 62 47 als
1848 697 203 63 plötzlich
2074 698 292 48 Beethoven's
2386 699 318 49 Freudentöne
2729 702 77 46 der
2828 701 230 48 siebenten
3076 702 199 48 Sinfonie

1764 773 292 62 angestimmt
2086 774 204 50 wurden.
2337 776 107 45 Wie
2474 776 79 45 der
2582 777 301 54 Zauberstab,
2914 777 77 47 der
3021 778 79 47 der
3128 778 123 48 sandi-

1764 866 87 47 gen
1886 851 165 48 Wüste
2080 852 84 47 den
2197 852 135 58 Quell
2364 853 153 47 klaren
2555 853 209 48 Wassers
2795 853 355 64 abzugewinnen
3182 872 75 31 ver-

1765 943 121 46 mag,
1915 943 49 31 so
1995 927 193 65 klangen
2220 929 120 47 diese
2370 931 127 45 Töne
2526 929 42 46 in
2600 929 79 47 der
2708 929 269 49 Sandwüste
3006 931 79 47 der
3114 932 168 56 Musik,

1765 1004 173 47 welche
1969 1004 81 47 wir
2080 1022 55 30 an
2166 1005 165 49 diesem
2365 1007 413 48 Concert-Abende
2818 1026 51 29 zu
2914 1008 363 50 durchwandern

1767 1079 167 48 hatten.
1965 1082 133 47 Zwar
2124 1082 158 48 wurde
2306 1083 177 53 Bach's,
2512 1083 209 48 Mozart's
2751 1084 89 47 und
2865 1085 300 47 Schumann's
3189 1085 60 49 Ge-

1765 1158 100 46 nius
1887 1158 253 65 gehuldigt,
2171 1159 110 48 aber
2305 1159 122 47 nicht
2450 1160 122 51 alles,
2596 1177 91 30 was
2710 1160 120 47 diese
2855 1162 179 45 Meister
3056 1163 198 62 geschrie-

1765 1234 87 48 ben
1884 1234 167 52 haben,
2082 1237 53 47 ist
2164 1238 225 63 geeignet,
2432 1237 169 48 höhere
2633 1239 251 64 Regungen
2917 1238 41 48 in
2991 1254 80 32 uns
3100 1239 156 48 anzufa-

1763 1312 129 47 chen.
1951 1312 274 49 Mindestens
2257 1314 136 64 klang
2428 1314 97 47 ihre
2555 1314 146 47 Musik
2734 1315 56 46 im
2826 1315 264 64 Vergleiche
3121 1333 49 31 zu
3202 1315 80 49 der

1765 1389 411 50 Beethoven'schen
2201 1408 55 31 an
2281 1392 165 47 diesem
2467 1392 190 48 Abende
2680 1394 183 46 trocken
2889 1393 88 47 und
2996 1393 154 48 leblos.
3178 1394 105 48 Wir

1765 1468 162 47 wollen
1957 1466 142 50 damit
2129 1469 122 47 nicht
2290 1484 157 47 sagen,
2486 1469 101 47 dass
2616 1469 70 47 die
2718 1470 279 64 Passacaglia
3027 1487 82 32 von
3141 1470 140 59 Bach,

1768 1544 79 47 mit
1875 1545 198 47 welcher
2101 1545 71 48 die
2200 1546 157 47 Soiree
2388 1546 193 47 eröffnet
2610 1546 175 55 wurde,
2816 1548 120 47 nicht
2955 1549 70 46 ein
3051 1548 230 47 Tonstück

1764 1621 79 54 sei,
1866 1621 42 47 in
1933 1623 219 47 welchem
2177 1623 91 48 sich
2294 1623 71 48 die
2388 1639 141 48 ganze
2560 1624 143 47 Kunst
2728 1624 156 47 Bach's
2908 1624 246 58 entfaltete,
3171 1624 112 49 aber

1764 1714 48 32 so
1843 1699 151 62 wenig
2025 1699 81 47 wir
2138 1700 135 48 heute
2296 1701 113 47 noch
2437 1701 98 47 eine
2559 1701 282 64 Passacaglia
2867 1710 174 47 tanzen,
3062 1718 48 32 so
3135 1703 149 64 wenig

1765 1774 119 49 kann
1918 1792 81 31 uns
2027 1776 116 47 auch
2174 1776 70 49 die
2275 1776 148 49 Musik
2453 1778 236 48 derselben
2718 1794 210 48 zusagen.
2978 1779 158 47 Dieses
3164 1781 90 46 Aus-

1763 1853 188 63 spinnen
1983 1854 119 47 eines
2131 1855 198 64 einzigen
2362 1855 176 47 kleinen
2569 1855 158 47 Motivs
2769 1856 42 46 in
2854 1856 84 47 alle
2975 1873 87 30 nur
3090 1856 166 49 erdenk-

1764 1930 114 48 liche
1909 1930 296 50 Variationen
2235 1933 54 47 ist
2318 1940 140 40 etwas
2487 1948 48 32 so
2566 1949 111 47 ganz
2709 1933 353 48 Verschiedenes
3091 1949 83 32 von
3198 1933 86 48 den

1765 2008 266 48 Resultaten
2055 2008 243 49 moderner
2323 2010 464 64 Kunstanschauung,
2817 2009 100 48 dass
2939 2010 81 47 wir
3041 2018 113 39 trotz
3176 2010 110 48 aller

1764 2084 358 66 Bewunderung
2172 2086 75 47 für
2287 2085 72 50 die
2399 2088 280 64 Polyphonie
2722 2086 160 49 Bach's
2928 2086 114 49 doch
3085 2104 86 31 nur
3213 2088 71 48 ein

1765 2162 287 49 historisches
2094 2164 221 48 Interesse
2360 2164 76 48 für
2478 2164 122 49 diese
2629 2166 84 47 Art
2746 2165 353 63 Aeusserungen
3142 2165 144 48 seines

1765 2240 171 48 Genius
1966 2240 150 48 haben
2148 2241 197 48 können.

1891 2317 131 56 „Und
2046 2334 93 33 was
2163 2319 119 48 kann
2314 2335 83 32 uns
2425 2319 118 47 denn
2573 2335 48 32 so
2651 2319 103 48 sehr
2776 2335 58 32 an
2859 2320 208 47 Mozart's
3091 2319 196 49 Concert

1767 2394 76 47 für
1871 2394 178 49 Violine
2079 2395 90 48 und
2200 2396 220 48 Bratsche
2449 2396 178 55 fesseln,
2667 2396 194 48 welches
2889 2396 44 48 in
2963 2396 168 48 diesem
3162 2396 91 48 Con-

1764 2477 122 41 certe
1917 2488 82 31 von
2026 2471 84 48 den
2136 2474 179 47 Herren
2341 2474 202 47 Thomas
2567 2472 90 49 und
2682 2474 179 48 Matzka
2884 2474 190 64 gespielt
3095 2472 191 50 wurde?

1767 2549 95 48 Wo
1901 2549 151 48 finden
2086 2550 81 47 wir
2206 2550 128 48 darin
2375 2551 70 47 die
2475 2551 512 65 Anknüpfungspunkte
3019 2551 75 47 für
3123 2566 161 33 unsere

1764 2626 186 63 heutige
1974 2629 311 47 musicalische
2301 2629 491 62 Anschauungsweise,
2825 2630 75 46 für
2924 2644 133 32 unser
3081 2627 203 65 heutiges

1765 2703 333 50 musicalisches
2122 2706 206 47 Gefühl?
2361 2707 106 47 Wir
2496 2706 151 48 finden
2677 2707 63 47 sie
2770 2706 136 55 nicht,
2936 2707 83 45 wir
3048 2706 235 64 begegnen

1758 2781 152 65 jenem
1943 2782 195 62 ruhigen
2169 2783 341 47 musicalischen
2538 2783 260 55 Gebahren,
2827 2783 78 49 das
2933 2783 120 47 seine
3077 2783 184 47 vollstän-

1764 2857 103 66 dige
1898 2860 326 64 Befriedigung
2253 2862 42 46 in
2327 2861 80 47 der
2437 2862 170 64 glatten
2642 2862 133 47 Form
2808 2860 89 48 und
2928 2861 58 46 im
3014 2860 270 48 Wohllaute

1763 2936 168 56 findet;
1961 2937 113 48 aber
2103 2955 70 30 wo
2197 2940 55 45 ist
2275 2940 40 47 in
2341 2938 166 49 diesem
2534 2938 175 49 Werke
2726 2940 105 63 jene
2854 2937 405 50 Leidenschaftlich-

1764 3013 92 49 keit
1877 3013 79 50 des
1972 3015 284 58 Ausdrucks,
2271 3016 71 48 die
2366 3017 112 47 einst
2494 3017 172 47 Mozart
2686 3034 101 29 zum
2807 3015 245 48 Vorwurfe
3076 3015 211 63 gemacht

1764 3091 177 54 wurde,
1969 3092 59 48 im
2061 3093 281 64 Gegensatze
2380 3111 53 29 zu
2463 3092 81 48 der
2580 3093 262 65 geregelten
2873 3092 147 48 Musik
3053 3092 231 66 Haydn's?

1891 3170 114 54 „Die
2036 3170 264 48 Ouvertüre
2329 3171 111 48 oder
2480 3170 154 48 besser
2672 3171 310 47 musicalische
3011 3170 272 48 Illustration

1762 3247 303 48 Schumann's
2108 3248 79 49 des
2229 3250 344 48 Schiller'schen
2619 3250 212 48 Drama's
2870 3248 115 56 „Die
3024 3248 137 47 Braut
3198 3264 84 31 von

2032 3326 55 48 ist
2134 3326 246 65 allerdings
2428 3344 190 30 unserer
2666 3327 248 47 modernen
2952 3324 329 50 Gefühlsweise

1760 3403 120 48 nahe
1896 3420 155 48 genug
2068 3405 207 64 gerückt,
2299 3403 112 50 aber
2433 3405 435 48 leidenschaftlicher
2884 3402 239 49 Ausdruck
3148 3403 134 47 allein

1760 3481 121 48 ohne
1909 3482 306 63 genügenden
2246 3481 298 64 Ideengehalt
2581 3482 137 47 thut's
2747 3481 116 48 auch
2893 3479 137 55 nicht,
3072 3478 92 50 und
3194 3478 87 51 den

1760 3558 214 48 letzteren
1992 3559 241 49 vermissen
2252 3559 82 47 wir
2347 3558 169 66 gerade
2530 3559 42 47 in
2586 3558 166 48 diesem
2769 3557 178 49 Werke
2964 3557 319 55 Schumann's,

1760 3636 82 49 das
1868 3645 125 40 sonst
2022 3638 192 48 manche
2244 3637 115 48 feine
2388 3639 127 63 Züge
2544 3637 81 48 der
2648 3636 358 49 Charakteristik
3038 3636 216 47 aufzuwei-

1759 3732 78 32 sen
1868 3716 93 48 hat.
2079 3714 266 58 Sicherlich,
2386 3714 58 49 all
2474 3714 121 49 diese
2625 3714 146 49 Musik
2811 3714 167 47 konnte
3006 3713 123 47 nicht
3156 3712 121 48 Stich

1760 3794 152 49 halten
1943 3810 146 48 gegen
2120 3793 71 48 die
2230 3793 256 65 mächtigen
2517 3794 127 47 Töne
2685 3792 80 48 der
2801 3791 233 49 siebenten
3063 3791 215 54 Sinfonie,

1760 3888 148 49 gegen
1932 3871 120 49 diese
2075 3871 247 49 ideenvolle
2343 3871 187 48 Frische
2554 3869 92 50 und
2670 3868 438 67 Ursprünglichkeit,
3131 3882 144 48 gegen

1759 3949 123 49 diese
1912 3949 118 65 ewig
2060 3951 186 47 wahren
2277 3948 92 51 und
2399 3947 423 67 unerschöpflichen
2855 3946 149 49 Bilder
3025 3944 79 49 der
3127 3944 122 50 Phan-

1939 4045 44 31 u.
2012 4043 34 33 s.
2077 4043 55 32 w.

2985 4173 62 69 [']
