4656 7122
296 6425 69 36 170

561 491 217 51 Sonnen
805 487 315 61 Blaufunke,
1152 484 313 53 Grünfunke
1497 482 324 52 Goldfunke.

692 573 182 51 Feiert
907 568 357 54 Maskenball.

556 670 239 50 Scharen
824 687 105 32 von
959 667 237 63 Bürgern
1228 663 170 53 rollen
1431 668 155 46 unter
1619 664 98 48 mir
1750 659 229 62 entlang.

425 753 156 52 Weiß
620 757 52 46 in
710 748 406 54 Nachthemden
1154 766 87 31 um
1282 747 84 50 die
1405 746 262 50 Knochen
1705 739 390 55 klatschenden
2136 739 75 49 fie-

424 835 186 53 bernd.

693 914 306 53 Hinfallend
1033 913 212 52 Gebete
1279 911 251 52 heulend:
1566 908 181 52 Rette!
1783 906 180 51 Rette!
2000 903 102 51 Oh!

835 1065 89 52 Ich
959 1065 160 63 gleite
1155 1064 200 50 zurück
1391 1067 52 45 in
1477 1065 141 46 mein
1654 1060 242 48 Zimmer.

692 1148 193 52 Wühle
923 1149 138 50 mich
1098 1151 54 47 in
1188 1144 229 54 lachend
1454 1144 252 50 bunteste
1747 1139 175 50 Täler,

693 1230 268 52 Schaukle
998 1234 70 47 im
1104 1228 166 52 Kelch
1312 1226 285 53 duftender
1634 1222 226 51 Dolden,

699 1314 180 51 Rudre
910 1318 70 46 im
1011 1313 282 50 Blaumeer
1323 1307 313 65 wippender
1666 1304 207 51 Blüten.

830 1396 232 51 Krieche
1104 1393 283 63 schlängle,

293 1493 144 52 Bade
481 1493 274 51 taumelnd
795 1497 69 46 im
904 1491 150 51 Licht
1097 1492 227 49 tausend
1364 1506 105 31 von
1509 1481 491 55 schwindelndsten
2040 1481 193 50 Felsen

293 1575 321 53 kreischend
645 1573 450 53 niederfallender
1130 1569 442 52 Mädchenleiber

426 1658 231 53 Krieche
687 1664 156 44 unter
874 1657 83 51 die
987 1652 331 66 jungrunden
1346 1652 191 50 Brüste
1570 1650 94 50 der
1696 1649 314 51 Schönsten,

563 1741 113 51 Wir
706 1744 205 59 wiegen
942 1743 52 47 in
1022 1736 209 52 Aesten
1262 1734 235 52 dunklen
1527 1733 412 51 Granatbaums,

294 1836 191 52 Hüllen
513 1856 95 32 uns
640 1840 85 47 ein
753 1839 52 46 in
834 1832 427 67 glattglänzende
1292 1830 168 52 Blitze
1492 1829 266 65 gleitende
1790 1828 190 51 Sterne
2013 1824 219 51 Schreie

294 1919 293 52 fliehender
619 1919 215 62 Bürger,

426 2000 277 52 Lauschen
736 2000 121 50 dem
891 1998 216 52 Poltern
1140 1994 645 54 zusammenkrachender
1822 1993 242 50 Mauern,
2098 1990 132 49 Dem

427 2083 176 51 hellen
641 2082 297 63 Getrappel
973 2082 95 50 der
1101 2081 161 50 Füße,

697 2164 210 52 Komm!
968 2164 103 50 Du!

561 2248 108 50 Laß
709 2248 194 50 deinen
942 2245 423 63 Frühlingsatem
1402 2244 132 50 über
1572 2242 139 50 mich
1749 2240 207 51 wehen.

562 2330 402 62 Niederregnen
1002 2329 88 50 auf
1128 2328 138 50 mich
1308 2327 92 50 das
1440 2326 156 50 Weiß
1636 2325 182 50 deiner
1856 2319 376 52 Heischblüte.

564 2413 116 50 Daß
712 2413 84 51 ich
829 2419 234 43 zertaue.
1097 2410 116 51 Daß
1245 2414 140 45 mein
1416 2412 263 46 vereistes
1711 2405 123 51 Blut
1867 2403 193 65 golden
2077 2406 157 47 rinnt.

801 2493 210 52 Komm!
1084 2492 99 50 Du,

564 2577 114 51 Wir
717 2577 195 50 wollen
951 2595 97 32 uns
1090 2575 165 51 nackt
1299 2571 484 64 aneinanderlegen

561 2658 517 65 Frühlingsstürmen
1114 2657 236 50 horchen
1387 2661 52 46 in
1476 2672 230 34 unseren
1741 2652 229 56 Leibern

563 2742 277 51 Lauschen
869 2741 95 50 der
994 2740 252 63 dumpfen
1275 2739 180 50 Musik
1487 2755 219 33 unseres
1737 2735 184 52 Blutes

563 2824 226 51 Zimmer
822 2824 145 50 bebt.
1003 2823 262 50 Geschrei
1298 2820 284 51 zerdrückt
1619 2818 94 52 das
1745 2815 355 64 Fensterglas.

696 2906 190 50 Komm
920 2906 99 50 Du,
1089 2906 83 49 Du
1205 2905 195 50 komm.

696 2989 189 51 Ducke
912 2989 88 49 auf
1026 2990 173 48 meine
1227 2985 298 52 Schultern,

565 3072 107 49 Laß
714 3071 155 50 deine
912 3069 241 64 Pupillen
1195 3068 331 64 entglänzen.
1601 3067 135 49 Dein
1776 3065 144 51 Haar
1963 3064 111 50 sich
2119 3068 86 45 ent-

564 3154 277 50 rauschen.

565 3236 125 51 Sieh
730 3235 83 52 die
852 3235 172 50 weiße
1064 3233 283 64 Brandung
1387 3232 94 50 der
1520 3232 190 49 Leiber
1753 3249 65 32 an
1860 3230 102 50 den
2000 3227 235 52 Kirchen

568 3317 521 65 emporklatschend.

564 3401 243 50 Darüber
834 3401 94 50 das
954 3399 208 51 Wehen
1191 3399 93 50 der
1310 3397 248 60 Wolken,
1587 3397 86 50 die
1703 3393 303 65 dottergelb
2033 3413 86 30 um
2149 3392 84 50 die

564 3483 211 50 Dächer
809 3482 264 64 schlagen.

837 3563 364 51 Kriechenden
1246 3560 416 65 schnappenden
1705 3557 422 53 Krötenhimmel

693 3646 181 50 Horch
906 3646 83 50 die
1022 3646 211 50 Gebete
1266 3645 228 50 Gebete,

564 3729 115 51 Wir
711 3732 248 59 springen
991 3729 87 49 auf
1113 3729 103 49 den
1248 3726 346 63 Marktplatz,
1627 3725 255 50 Rathaus,

700 3811 325 50 Erklimmen
1056 3810 203 51 Stufen.
1321 3809 271 51 Wachsen
1624 3806 119 55 steil
1774 3805 137 52 steil.

691 3892 389 52 Heranwälzen
1122 3891 365 52 schlotternde
1528 3890 215 64 Bürger,

831 3976 128 51 Her!
1023 3975 129 51 Her!

298 4058 239 52 Unseren
576 4057 157 53 Altar
774 4058 276 51 umlichtet
1094 4058 84 51 die
1221 4056 292 51 Nacktheit
1556 4054 404 64 schlangenhaft
2000 4056 199 59 wiegen-

294 4140 94 52 der
419 4140 399 65 schmiegender
852 4140 285 51 Mädchen,

965 4222 261 51 Gottfest!

832 4305 128 51 Her!
1023 4304 129 51 Her!

567 4386 90 52 Ich
690 4387 145 52 reiße
868 4391 173 47 meine
1072 4387 193 63 Augen
1299 4405 93 32 aus
1427 4388 230 47 meinem
1695 4382 358 53 Stirnhimmel
2086 4382 127 50 licht-

426 4469 140 52 wild.

963 4551 101 51 Da!

562 4634 143 52 Zwei
745 4634 285 50 kreisende
1073 4634 215 50 Sonnen
1329 4632 197 52 blühen
1569 4632 87 51 auf
1699 4650 157 31 eurer
1897 4629 334 51 verwelkten

564 4717 344 51 Sternwiese.

831 4799 129 51 Her!
1024 4799 129 50 Her!

560 4883 114 50 Wir
711 4883 176 49 haben
926 4882 135 50 euch
1098 4879 277 52 fressende
1416 4879 172 64 Angst
1626 4882 54 46 in
1720 4878 84 52 die
1845 4877 260 51 Knochen
2144 4887 57 52 ge-

559 4965 225 51 trieben.

557 5047 115 52 Wir
703 5048 176 50 haben
911 5065 127 32 eure
1074 5045 228 51 Straßen
1334 5045 105 50 und
1472 5044 208 50 Häuser
1713 5043 252 50 zerweht.

561 5130 114 51 Wir
705 5130 176 51 haben
912 5148 127 32 eure
1069 5128 208 50 Frauen
1308 5127 107 50 und
1446 5126 201 51 Kinder
1678 5125 329 63 zerstampft.

834 5212 128 51 Wir.

696 5294 113 52 Wir
848 5294 252 50 wachsen
1139 5293 267 50 wachsen,

561 5377 298 51 Schweben
897 5377 131 51 über
1064 5375 299 51 wehenden
1400 5373 243 51 Hemden
1681 5372 230 52 Glatzen
1950 5371 283 64 gesteilten

561 5459 241 51 Händen,

560 5541 384 51 Lavaströmen
979 5562 105 31 von
1122 5540 376 52 Wutschreien
1536 5541 106 51 und
1679 5539 483 61 Beschwörungen,

831 5623 269 52 Wachsen
1128 5623 252 52 wachsen

963 5705 298 51 Schweben

699 5787 329 51 Zerstäuben
1057 5794 53 44 in
1138 5788 201 50 Nichts.

4333 697 10 8 *

2483 735 87 50 An
2600 734 62 52 Q,
2691 734 64 52 G.

2483 841 192 53 Blüten
2716 842 181 50 öffnen
2940 838 257 65 Stempel
3239 837 207 52 Blätter
3490 832 258 54 sammeln
3789 831 200 64 Regen.
4069 830 177 51 Sonne
4289 829 156 50 wirft

2484 924 320 51 Goldfäden.
2871 922 447 63 Schmeißfliegen
3349 918 377 66 glanzflattern
3756 914 138 52 nach
3927 914 122 50 Kot.
4116 913 107 49 Kot
4257 911 188 64 glänzt;

2483 1006 310 64 goldbraun.
2861 1006 229 51 Früchte
3125 1004 178 52 fallen.
3369 1001 231 52 Früchte
3634 998 196 53 faulen.
3899 995 306 53 Wildkatze
4242 995 160 50 durch-

2483 1089 201 50 brichts
2717 1089 266 50 Gebüsch.
3013 1088 204 51 Kinder
3248 1088 193 62 fangen
3473 1081 462 63 Schmetterlinge.
3966 1078 209 51 Freude
4209 1080 52 48 in
4293 1077 142 51 allen

2483 1171 351 64 Richtungen.

2622 1255 190 50 Tische
2844 1254 116 51 sind
2987 1254 137 51 weiß
3154 1253 246 63 gedeckt.
3432 1252 129 52 Man
3589 1251 91 49 hat
3710 1247 211 52 Nelken
3949 1244 321 65 gebrochen,
4303 1242 130 49 Man

2484 1337 91 51 hat
2609 1336 361 53 Sternenlicht
3003 1337 457 61 hereingetragen.
3495 1334 129 49 Man
3659 1329 325 53 verschließt
4021 1327 83 50 die
4142 1326 290 49 Kammern

2483 1439 97 31 vor
2616 1420 94 50 der
2746 1419 194 51 Sonne.
3007 1418 115 50 Aus
3158 1417 349 51 Hausbalken
3542 1415 123 51 rollt
3701 1414 123 51 Blut
3859 1414 211 50 hervor.
4143 1408 115 50 Aus
4297 1408 102 50 Zim-

2485 1521 150 31 mern
2671 1503 146 61 biegt
2856 1504 86 47 ein
2979 1500 161 51 Wind
3176 1501 107 50 und
3321 1500 141 51 wirft
3499 1498 225 51 Blumen
3762 1496 177 52 hinab.
4011 1492 119 53 Viel
4172 1490 259 52 Soldaten

2484 1584 118 50 sind
2629 1584 88 50 auf
2744 1583 103 50 den
2872 1583 243 50 Feldern.
3174 1582 121 51 Und
3320 1582 88 50 bei
3435 1581 103 50 den
3564 1580 233 52 Wolken
3824 1578 142 52 führt
3996 1580 86 47 ein
4109 1572 321 53 Luftballon.

2621 1666 56 50 In
2708 1665 352 50 Luftschiffen
3093 1664 210 64 fliegen,
3336 1669 53 46 in
3421 1665 206 62 Wagen
3663 1662 303 60 schweben,
4003 1659 90 52 auf
4128 1657 304 53 Schäumen

2486 1748 195 63 segeln,
2721 1749 87 49 auf
2848 1747 267 50 Träumen
3149 1751 188 56 reiten,
3379 1747 87 50 auf
3503 1746 264 50 Weisheit
3806 1743 266 52 wandeln:
4114 1740 316 51 Menschen.

2482 1829 155 61 Rote,
2668 1830 186 50 weiße,
2885 1829 158 51 blaue
3075 1829 169 64 gelbe,
3279 1829 190 64 goldne
3501 1829 139 50 Hüte
3673 1828 106 50 und
3809 1827 218 50 Kronen
4059 1824 217 51 winken
4308 1822 121 51 dem

2481 1912 179 51 lieben
2698 1912 150 51 Gott:
2889 1912 163 61 Gruß,
3091 1912 166 50 Gruß!
3331 1911 217 50 Kronen
3585 1910 171 51 rollen
3794 1909 86 51 auf
3917 1908 242 50 Pflaster,
4197 1906 141 50 Hüte
4376 1907 54 46 in

2483 1995 239 51 Pfützen.
2792 1995 359 63 Liebespaare
3191 1995 156 50 stehn
3381 1995 87 49 bei
3507 1993 273 50 einander:
3819 1988 435 66 weißglänzende
4295 1987 102 50 Ker-

2483 2098 117 31 zen:
2631 2078 194 50 lecken
2856 2077 119 50 Salz
3005 2097 106 30 von
3141 2077 103 50 den
3273 2077 218 62 Lippen.
3557 2075 201 50 Kinder
3789 2073 164 53 fliehn
3982 2093 97 29 vor
4112 2072 92 50 der
4236 2069 161 52 Kinds-

2483 2160 284 61 mörderin,
2805 2160 83 50 die
2926 2179 63 31 zu
3024 2160 202 50 küssen
3259 2160 209 57 brennt,
3507 2158 106 51 und
3651 2156 203 65 spielen
3892 2156 166 50 schon
4095 2153 202 52 wieder
4336 2155 93 47 mit

2486 2243 315 50 Schäfchen.
2863 2243 109 50 Der
2998 2242 163 61 letzte
3193 2241 186 51 Schrei
3408 2242 93 50 des
3533 2238 324 53 sterbenden
3887 2238 405 51 Schlachtviehs
4324 2234 106 51 und

2486 2326 83 50 die
2602 2326 297 62 Lustigkeit
2933 2325 93 50 des
3060 2323 298 52 Festmahls
3392 2323 107 50 und
3534 2323 134 50 auch
3702 2321 84 50 die
3822 2321 143 50 Kraft
3999 2321 92 49 des
4127 2318 302 63 Kämpfers.

2483 2409 99 50 Die
2618 2408 249 54 Wunden
2903 2408 95 50 der
3032 2412 152 46 toten
3219 2405 225 59 Helden,
3484 2404 83 51 die
3602 2403 430 63 unerschöpflich
4066 2406 102 47 wie
4205 2400 225 51 Blumen

2488 2492 263 61 sprießen.
2836 2488 309 51 Herrlicher
3196 2487 227 64 Angriff.
3507 2486 193 63 Augen
3752 2485 219 50 werden
4023 2486 239 48 schwarz
4315 2481 108 51 und

2484 2573 162 51 fallen
2675 2577 52 46 in
2761 2572 126 52 sich.
2950 2572 221 50 Weiber
3204 2576 265 45 erwarten
3504 2569 84 52 die
3620 2569 231 50 Räuber.
3918 2568 247 62 Besiegte
4202 2566 116 49 sind
4352 2568 51 46 in-

2485 2655 209 63 wendig
2739 2654 121 50 hell.
2940 2654 182 50 Ueber
3167 2651 446 65 Abgrundgreuel
3659 2650 333 52 schwärmen
4073 2649 84 50 die
4206 2647 223 50 Tänzer.

2482 2738 176 49 Büßer
2688 2737 176 50 beben
2895 2757 96 30 vor
3020 2735 225 50 Freude.
3309 2735 157 50 Hohn
3498 2734 227 63 stolpert
3756 2732 193 52 hilflos.
4013 2732 208 50 Frauen
4250 2729 180 64 jubeln

2481 2824 54 46 in
2574 2818 541 63 Märtyrerflammen.
3193 2818 180 50 Aexte
3415 2817 253 61 schlagen
3711 2813 244 53 Schädel,
4001 2813 209 50 Frauen
4252 2812 177 64 jubeln

2482 2906 53 46 in
2565 2900 540 64 Märtyrerflammen.

2482 2984 103 50 Wo
2613 2984 68 50 all
2707 2984 94 51 das
2827 2988 52 47 in
2905 2983 119 50 dich
3052 2989 180 55 stürzt,
3263 3002 29 31 o
3317 2982 242 59 Mensch,
3587 2982 147 50 mußt
3761 2981 68 50 du
3859 2980 84 50 die
3971 2979 240 62 Wimper
4239 2977 163 50 schlie-

2482 3068 118 49 ßen.
2627 3067 83 49 Du
2735 3066 161 52 fühlst
2923 3066 84 50 die
3034 3065 379 51 Fledermäuse
3441 3065 121 50 dich
3589 3067 93 47 mit
3707 3061 219 65 Flügeln
3955 3060 282 60 streichen,
4267 3059 162 51 fühlst

2482 3149 159 50 blaue
2676 3148 249 52 Strahlen
2960 3149 164 50 durch
3160 3149 119 50 dich
3315 3149 222 49 zucken.

2484 3231 355 50 Nachtlokale
2880 3230 206 51 lachen.
3163 3230 219 51 Richter
3427 3229 202 51 drohen
3672 3229 232 49 Donner.
3951 3226 191 51 Säufer
4185 3224 242 51 kröhlen.

2484 3314 44 49 O
2554 3313 260 52 Jesulein!
2844 3313 44 50 O
2918 3312 259 52 Jesulein!
3204 3313 191 50 Komm
3417 3312 109 60 her,
3556 3331 29 30 o
3607 3310 261 51 Jesulein!
3900 3309 42 50 0
3967 3309 255 59 Jesulein,
4252 3309 178 48 komm

2482 3396 114 51 her!
2658 3396 215 51 Gauner
2898 3396 238 62 juchzen.
3199 3393 240 52 Röcheln
3466 3393 235 50 Mörder.
3762 3392 118 51 Haß
3911 3392 259 51 schmeißt
4198 3390 244 50 Zacken..

2483 3479 178 51 Zähne
2688 3479 170 62 jähen.
2919 3477 129 51 Viel,
3076 3477 105 51 viel
3208 3476 197 52 Fallen,
3468 3475 185 51 Fallen
3681 3480 51 46 in
3759 3475 157 63 lustig
3944 3474 290 50 funkelnde
4264 3471 178 52 Beile..

2481 3560 185 51 Fallen
2701 3564 52 46 in
2790 3560 303 64 spritzende
3131 3559 233 64 Sümpfe,
3437 3557 223 52 Heulen,
3733 3558 99 50 Die
3867 3557 200 50 lichten
4105 3555 192 63 Augen
4334 3555 93 49 der

2481 3642 240 51 Weisen!
2793 3641 184 52 Fallen
3013 3646 53 46 in
3104 3641 494 59 Schwanenteiche,
3638 3643 53 47 in
3728 3639 338 58 Bruderblut,
4107 3641 52 46 in
4199 3636 198 51 Bruder-

2481 3723 388 63 fleischfetzen,
2917 3729 52 46 in
3014 3723 513 52 Sternenscherben.
3605 3722 246 51 Fröhlich
3898 3721 184 51 Fallen
4129 3740 105 31 von
4282 3720 108 49 Him-

2482 3806 365 52 melssuchern
2892 3809 107 50 und
3041 3806 185 51 Fallen
3269 3827 106 30 von
3421 3806 498 62 Strahlenkönigen,
3965 3823 105 32 von
4119 3803 272 51 Schoßwei-

2482 3890 148 59 bern,
2666 3910 106 30 von
2809 3889 335 60 Schreibern,
3182 3909 105 30 von
3324 3888 440 64 Zerplatzenden,
3803 3907 104 30 von
3944 3920 66 4 —
4047 3906 28 30 o
4116 3885 240 59 Mensch,
4397 3904 30 30 o

2481 3972 226 50 Mensch
2738 4005 67 5 —
2837 3992 106 32 von
2975 3977 174 45 einem
3182 3976 260 59 winzigen
3476 3972 200 58 Wurm,
3712 3990 122 31 vom
3871 3969 283 52 Gottsohn.
4191 3967 202 50 Schwei-

2481 4066 101 52 gen
2615 4054 130 51 aller
2779 4055 200 50 Wesen
3015 4060 67 45 ist
3118 4054 84 50 die
3237 4054 188 63 Angst,
3495 4053 184 51 Fallen
3714 4071 104 32 von
3855 4049 428 66 Völkergewühl,
4320 4068 106 31 von

2480 4137 229 56 Wölfen,
2739 4137 360 63 Neidspitzen,
3124 4137 218 50 Reinen,
3372 4135 484 63 Satansgelächter,
3884 4154 105 30 von
4015 4133 200 59 Rehen,
4242 4132 147 50 Wald-

2482 4219 207 63 vögeln,
2737 4220 438 60 Tiefseefischen,
3221 4239 106 31 von
3373 4218 139 51 allen
3557 4217 329 50 Tierherden
3933 4216 95 50 der
4073 4215 197 59 Prärie,
4319 4232 105 32 von

2480 4301 475 61 Palmenwäldern,
2988 4301 289 61 Edelweiß,
3312 4320 106 32 von
3450 4299 348 60 Gelassenen,
3833 4297 321 52 Brüllenden
4189 4340 9 18 ,
4231 4297 193 61 Erden,

2481 4384 361 63 Mondpalast,
2877 4383 234 52 Weltall.

2480 4466 368 52 Aufschießen
2891 4466 412 51 Farbenblüten.
3346 4465 173 51 Frohe
3563 4465 182 63 Bogen
3789 4465 94 49 des
3927 4461 346 52 Liebeslieds,
4317 4463 108 49 Der

2481 4548 115 50 Tod
2627 4549 93 51 des
2751 4548 348 51 Käferchens,
3130 4548 109 52 Der
3270 4547 116 51 Tod
3417 4547 94 53 des
3543 4567 181 31 armen
3756 4546 348 51 Käferchens,

2486 4630 252 64 Sonntag.
2803 4631 229 51 Weiden
3063 4629 295 54 schaukeln
3388 4629 220 64 sorglos.
3675 4629 186 50 Buben
3893 4629 206 62 balgen.
4170 4627 261 51 Geschrei

2487 4714 95 50 der
2613 4712 360 53 Kreißenden.
3043 4712 216 65 Haßgift
3295 4717 186 60 speien
3515 4711 184 51 Eltern
3734 4711 106 50 und
3877 4711 218 51 Kinder.

2487 4795 141 65 Selig
2664 4815 111 32 wer
2811 4796 330 51 heimtaucht
3175 4800 51 46 in
3261 4795 108 50 Ihn.
3410 4794 123 51 Sich
3569 4793 250 51 zufalten.
3858 4794 141 63 Selig
4038 4792 159 52 Säule
4237 4792 193 51 durchs

2483 4889 165 52 ganze
2682 4878 105 52 All,
2856 4877 364 52 Alleinbruch.
3290 4877 170 50 Blitze
3496 4877 366 51 zerschleißen
3898 4877 216 50 Gehirn,
4183 4875 245 52 Einsturz

2486 4960 92 52 des
2606 4960 548 65 Himmelsgewölbes.
3216 4960 184 51 Fallen
3428 4979 106 34 von

2488 5043 316 63 steigenden
2834 5043 230 50 Sternen
3098 5083 8 12 .
3145 5082 10 12 .
3194 5082 9 12 .
3239 5042 184 50 endlos
3458 5082 9 11 ,
3509 5082 9 11 .
3560 5082 9 11 .
3605 5041 201 52 endlos.

2485 5126 191 63 Augen
2708 5126 183 50 öffnen
2922 5126 145 63 groß.

2489 5208 74 50 Im
2596 5208 175 50 Schoß

2488 5291 108 50 Der
2628 5291 305 64 Schöpfung
2966 5290 253 51 wuchern
3250 5291 138 50 weiß
3423 5290 106 51 und
3561 5290 88 51 lila
3683 5290 286 51 Bittersüß.

2625 5836 203 51 Lisette
2861 5836 276 51 Wischein
3169 5856 112 32 war
3318 5856 56 32 es
3409 5856 65 31 an
3510 5837 95 50 der
3637 5835 186 63 Wiege
3860 5837 170 62 gewiß
4065 5837 146 50 nicht
4246 5849 155 51 vorge-

2489 5928 203 53 sungen
2723 5918 233 51 worden,
2993 5919 102 51 daß
3130 5923 75 47 sie
3237 5919 138 51 noch
3410 5917 192 51 einmal
3638 5916 74 52 als
3750 5917 336 64 Zahnpulver
4120 5921 315 50 verwendet

2489 6001 220 51 werden
2743 6001 173 52 sollte.
2982 6001 167 50 Arme
3185 6002 280 62 Jungfrau!

2623 6097 106 50 Das
2762 6096 168 64 Auge,
2963 6097 92 51 das
3092 6098 87 50 auf
3211 6101 75 47 sie
3320 6096 270 63 geworfen
3623 6096 199 61 wurde,
3858 6097 222 63 gehörte
4115 6101 174 47 einem
4323 6103 84 59 jun-

2488 6188 102 54 gen
2619 6179 205 59 jManne
2860 6200 82 40 an,
2978 6180 194 50 dessen
3208 6179 201 51 Gehirn
3445 6178 147 51 nicht
3629 6178 138 52 allzu
3804 6180 189 64 richtig
4028 6181 405 52 funktionierte.

2487 6261 213 51 Wissen
2729 6262 104 62 Sie,
2862 6281 56 32 er
2944 6262 151 51 hatte
3121 6261 208 52 beides:
3361 6281 55 31 er
3443 6280 110 33 war
3580 6261 240 52 ziemlich
3853 6263 254 62 gescheit,
4137 6264 129 51 aber
4296 6264 149 51 auch-

2481 627 131 51 Paul
2639 622 422 55 Bommersheim

1767 5895 136 49 Kurt
1940 5895 291 49 Liebmana

2483 472 555 98 Gedrängte
3098 467 770 98 Weltgeschichte

2483 5591 171 79 Die
2711 5589 439 103 Jungfrau
3211 5589 146 83 als
3419 5589 615 96 Zahnpulver.

2491 5725 239 65 Mynona
