4656 7122
278 6383 74 43 168

304 474 135 52 Der
480 478 169 61 gute
693 473 332 52 Mensch:

438 556 129 52 Was
599 555 160 54 willst
788 556 85 52 Du
904 559 141 48 mein
1075 554 142 52 Kind

303 638 133 53 Die
478 637 256 54 kleine
780 637 321 54 Martha:

440 721 108 51 Der
583 721 153 61 Herr,
773 721 95 53 der
902 721 66 51 da
1003 727 165 44 unten
1203 725 211 57 wartet,
1448 721 94 52 hat
1576 725 199 59 gesagt,
1813 720 206 51 Mutter
2057 718 98 52 soll
2190 724 54 47 in

440 808 147 48 einer
625 804 195 52 halben
860 803 202 52 Stunde
1102 802 105 52 mal
1244 803 387 53 raufkommen,
1672 804 207 52 Mutter
1930 803 93 51 hat
2078 801 163 65 große

438 886 250 53 Wäsche.

300 969 137 51 Der
477 975 169 61 gute
690 968 333 53 Mensch:

434 1052 83 51 Du
550 1056 149 51 wirst
732 1055 98 47 mir
863 1051 146 52 nicht
1041 1051 182 52 helfen
1255 1053 219 52 können
1505 1054 142 49 mein
1682 1050 156 52 Kind.

302 1135 130 52 Die
474 1134 256 52 kleine
777 1133 321 53 Martha:

435 1216 91 52 Ich
554 1216 145 52 kann
726 1215 149 54 alles.

295 1298 139 53 Der
474 1305 171 59 gute
689 1300 332 52 Mensch:

436 1381 90 53 Ich
553 1381 183 53 wollte
765 1386 120 50 eine
913 1382 282 65 Depesche
1228 1382 280 65 aufgeben.

299 1465 133 55 Die
474 1464 255 53 kleine
776 1465 320 53 Martha:

1972 1520 7 9 *
2092 1520 4 15 i
2156 1522 18 12 •*.
2194 1520 3 15 -
2211 1520 4 15 -
2233 1520 4 15 •

437 1548 175 52 Wenn
643 1567 58 33 es
731 1551 190 48 weiter
949 1547 175 52 nischt
1152 1551 44 48 is

298 1630 135 52 Der
473 1637 171 58 gute
689 1631 329 51 Mensch:

435 1713 88 51 Ich
552 1712 138 52 habe
720 1713 130 53 aber
878 1713 124 50 kein
1032 1711 295 65 Kleingeld.
1390 1710 285 53 Vielleicht
1704 1711 144 51 kann
1878 1710 207 52 Mutter
2118 1728 90 32 aus-

432 1795 170 65 legen.

299 1878 132 53 Die
473 1877 253 53 kleine
774 1875 320 53 Martha:

432 1960 99 51 Die
563 1959 159 51 Mark
753 1959 139 51 habe
924 1959 86 51 ich
1044 1959 151 52 auch.

299 2041 133 51 Der
472 2047 169 59 gute
685 2041 331 53 Mensch:

437 2124 68 51 So
538 2126 87 48 ein
655 2123 207 51 kleines
893 2124 270 51 Mädchen
1194 2124 91 50 hat
1319 2124 164 51 schon
1515 2142 60 33 so
1607 2123 106 52 viel
1747 2122 154 52 Geld.

298 2207 130 50 Die
471 2205 254 52 kleine
772 2205 320 52 Martha:

432 2288 117 51 Ihre
579 2289 137 50 Frau
746 2289 226 52 schenkt
1001 2292 98 47 mir
1128 2289 157 63 jeden
1316 2289 109 64 Tag
1456 2291 118 51 eine
1604 2288 176 51 Mark,

297 2371 135 50 Der
471 2377 170 56 gute
686 2370 331 52 Mensch:

432 2453 183 51 Meine
646 2453 139 52 Frau

294 2535 133 52 Die
470 2534 254 53 kleine
771 2535 320 53 Martha:

432 2617 189 52 Immer
651 2637 158 31 wenn
839 2617 86 52 Sie
957 2628 245 54 morgens
1233 2617 220 52 kommt.

294 2699 133 50 Der
470 2705 167 58 gute
683 2700 330 52 Mensch:

429 2782 181 51 Meine
644 2782 139 51 Frau
816 2782 205 51 kommt
1053 2786 187 47 immer
1271 2793 263 54 morgens.

294 2864 133 52 Die
469 2864 255 51 kleine
769 2864 321 52 Martha:

429 2947 85 50 Ihr
541 2947 205 50 Bruder
775 2951 67 47 ist
871 2966 64 31 zu
964 2947 198 63 spaßig.

294 3029 134 50 Der
470 3035 167 57 gute
682 3029 330 51 Mensch:

430 3111 148 51 Mein
605 3111 222 51 Bruder.

292 3193 131 52 Die
466 3191 254 54 kleine
767 3193 321 52 Martha:

425 3274 69 52 Er
534 3283 116 56 sagt
690 3278 201 57 immer,
935 3274 86 52 die
1062 3275 132 51 wird
1236 3275 104 51 mal
1382 3278 143 48 mein
1564 3274 324 52 Verhältnis.

292 3357 134 50 Der
468 3362 168 59 gute
681 3358 330 51 Mensch:

427 3439 131 51 Wer
589 3447 117 57 sagt
737 3438 95 53 das

289 3521 132 52 Die
464 3521 254 52 kleine
765 3521 320 53 Martha:

422 3603 82 51 Na
534 3604 85 49 Ihr
648 3604 219 50 Bruder,
900 3604 94 50 der
1023 3609 166 45 unten
1217 3603 242 65 geklopft
1487 3604 109 51 hat.
1626 3602 123 51 Und
1780 3603 116 51 Ihre
1926 3603 140 50 Frau
2094 3601 135 52 wird

426 3686 139 50 dann
592 3686 230 64 mächtig
849 3686 218 52 wütend
1095 3686 106 51 und
1227 3692 117 58 sagt
1369 3692 206 46 immer:
1603 3686 84 50 Du
1712 3686 107 50 bist
1849 3688 85 48 ein
1962 3683 264 53 Schwein.

289 3767 132 50 Der
466 3775 167 56 gute
678 3768 330 51 Mensch:

426 3850 91 51 Ich
548 3851 138 50 habe
719 3850 137 51 doch
885 3849 160 53 keine
1074 3850 154 63 Frau,
1260 3850 157 52 Kind.

289 3931 132 53 Die
463 3931 256 53 kleine
765 3930 321 55 Martha:

423 4013 90 52 Ich
540 4014 138 51 weiß
706 4013 280 53 Bescheid.

285 4095 136 51 Der
461 4101 173 59 gute
675 4096 331 52 Mensch;

422 4178 84 51 Du
537 4198 173 32 armes
742 4178 155 53 Kind.

284 4260 132 52 Die
458 4261 256 51 kleine
760 4261 321 53 Martha:

421 4342 87 52 Sie
536 4344 116 51 sind
678 4346 86 48 ein
787 4350 153 58 guter
964 4344 241 51 Mensch.
1232 4344 87 51 Sie
1346 4344 218 51 müßten
1590 4364 59 32 so
1675 4344 226 51 machen
1925 4348 103 46 wie
2056 4344 169 51 Vater

420 4425 195 51 macht.

283 4506 134 51 Der
458 4512 171 58 gute
671 4507 332 52 Mensch:

420 4589 128 68 Wjas
579 4589 180 53 macht
789 4589 137 52 Dein
957 4590 182 52 Vater,

283 4671 131 52 Die
456 4670 256 53 kleine
759 4671 320 53 Martha:

418 4753 87 52 Sie
546 4759 217 45 müssen
803 4753 118 52 Ihre
963 4754 138 51 Frau
1142 4754 351 52 verwichsen,
1568 4755 216 52 Wichse
1827 4756 262 50 vertreibt
2134 4755 85 50 die

416 4836 179 63 Liebe,
624 4844 119 57 sagt
769 4836 183 53 Vater,

279 4918 135 50 Der
455 4924 169 59 gute
668 4918 332 53 Mensch:

415 5001 85 50 Du
530 5021 173 31 armes
734 5001 156 52 Kind.
920 5001 132 52 Eine
1080 5001 140 52 Frau
1247 5005 69 51 ist
1345 5001 175 66 heilig.

280 5094 131 52 Die
454 5095 255 51 kleine
756 5095 321 53 Martha:

417 5177 100 51 Sie,
545 5177 95 52 das
669 5178 117 51 sind
811 5198 131 32 sone
970 5178 213 53 Biester

279 5269 134 51 Der
454 5277 168 58 gute
667 5272 331 54 Mensch:

414 5354 85 50 Du
530 5360 148 45 wirst
710 5355 138 52 doch
880 5355 167 53 selbst
1079 5360 120 49 eine
1228 5357 140 52 Frau

280 5445 131 52 Die
454 5448 252 52 kleine
753 5450 321 53 Martha:

416 5529 88 50 Ich
534 5531 90 49 bin
654 5532 165 60 stark,
850 5532 89 51 Ich
967 5533 183 53 würde
1179 5535 138 51 feste
1348 5533 396 53 wiederhauen.
1809 5535 151 51 Aber
1990 5555 104 31 von
2129 5535 87 51 Sie

415 5610 85 52 laß
526 5613 86 49 ich
639 5614 139 50 mich
803 5614 215 54 küssen.

279 5703 134 51 Der
455 5711 167 57 gute
667 5707 329 55 Mensch:

414 5786 84 51 Du
526 5793 152 58 gutes
707 5788 155 53 Kind.

278 5881 131 52 Die
452 5881 254 53 kleine
754 5884 319 54 Martha:

414 5964 118 51 Von
556 5965 172 52 Ihrem
753 5965 204 53 Bruder
979 5968 163 53 nicht.
1168 5969 152 53 Aber
1346 5971 88 51 Sie
1459 5971 178 51 haben
1664 5990 57 33 so
1747 5974 233 59 traurige
2006 5969 207 64 Augen.

277 6058 133 51 Der
452 6066 168 56 gute
665 6059 330 54 Mensch:

409 6141 88 51 Ich
528 6142 108 53 will
664 6142 136 51 Dich
831 6162 65 31 zu
926 6147 99 47 mir
1053 6145 246 53 nehmen.
1331 6148 90 51 Ich
1452 6147 107 53 will
1589 6148 135 52 Dich
1757 6147 266 60 erziehen,
2056 6147 155 51 Kind,

407 6224 380 65 Kinderaugen
819 6226 215 52 können
1065 6228 148 52 nicht
1245 6227 172 65 lügen.

2495 474 134 54 Die
2671 475 254 53 kleine
2973 475 323 53 Martha:

2630 560 180 63 Lügen
2834 558 180 54 macht
3043 558 158 65 Spaß,
4445 558 3 65 «

2494 640 136 54 Der
2670 648 170 59 gute
2884 641 331 53 Mensch:

2630 724 68 51 Es
2727 729 69 48 ist
2826 729 85 48 ein
2940 725 240 52 Unrecht
3208 743 65 32 zu
3302 722 172 66 lügen,

4215 793 11 9 *\

2493 805 133 53 Die
2669 807 254 52 kleine
2972 806 321 54 Martha:

2628 890 168 51 Vater
2821 894 69 48 ist
2916 895 185 47 immer
3130 911 83 31 am
3238 893 434 61 vergnügtesten,
3701 905 156 32 wenn
3884 884 208 53 Mutter
4118 894 130 54 ganz
4278 881 169 54 dicke?

2628 971 127 65 lügt.

2491 1052 136 51 Der
2669 1059 169 59 gute
2882 1054 332 54 Mensch:

2625 1136 181 64 Lügen
2835 1138 176 63 bringt
3045 1137 261 65 Unglück,
3342 1136 156 54 Kind,

2491 1217 133 52 Die
2667 1218 254 53 kleine
2969 1220 321 53 Martha:

2624 1300 122 51 Ach
2774 1321 129 43 was,
2936 1321 57 31 es
3024 1303 124 50 muß
3177 1322 100 31 nur
3306 1301 150 54 nicht
3486 1301 395 52 rauskommen.
3945 1297 217 53 Wissen
4193 1295 105 61 Sie,
4331 1297 116 49 wie:

2625 1384 85 50 ich
2743 1384 94 51 das
2869 1385 170 60 mach,
3071 1385 84 51 ich
3188 1385 93 52 seh
3315 1385 210 51 einfach
3559 1384 104 52 den
3691 1384 209 53 Leuten
3933 1392 132 56 ganz
4100 1378 128 66 groß
4260 1381 54 48 in
4346 1377 99 51 die?

2625 1465 208 64 Augen,
2864 1466 140 54 dann
3033 1467 229 63 glauben
3293 1470 77 47 sie
3399 1466 148 53 alles.

2488 1545 137 54 Der
2665 1553 170 58 gute
2879 1548 331 54 Mensch:

2625 1630 89 50 Ich
2741 1630 91 51 bin
2861 1650 83 32 am
2970 1630 167 53 Ende.

2487 1710 134 54 Die
2663 1711 255 52 kleine
2967 1713 320 53 Martha:

2624 1794 89 51 Ich
2741 1794 144 51 kann
2912 1795 163 50 Ihnen
3103 1806 128 53 gern
3260 1795 85 53 die
3372 1794 160 54 Mark
3559 1814 251 47 pumpen.

2487 1875 136 51 Der
2664 1881 170 59 gute
2879 1877 331 54 Mensch:

2624 1958 89 51 Ich
2742 1959 92 54 bin
2863 1963 86 47 ein
2979 1964 153 59 guter
3161 1958 242 55 Mensch.
3468 1959 123 54 Alle
3621 1959 192 53 lachen
3843 1959 134 52 über
4008 1958 156 52 mich.

2487 2041 132 51 Die
2662 2041 255 51 kleine
2965 2042 321 53 Martha:

2622 2124 96 51 Bei
2755 2124 88 51 Sie
2880 2124 227 53 braucht
3145 2145 122 31 man
3303 2124 147 52 nicht
3489 2144 65 32 zu
3591 2124 170 66 lügen,
3800 2124 122 52 weil
3962 2123 88 53 Sie
4092 2142 59 32 so
4193 2123 235 62 traurige

2619 2205 193 65 Augen
2842 2206 193 52 haben.

2485 2287 135 51 Der
2662 2293 169 58 gute
2876 2289 330 51 Mensch:

2620 2370 183 51 Meine
2834 2370 193 63 Augen
3060 2371 117 51 sind
3205 2370 368 54 verschleiert.

2484 2451 132 53 Die
2660 2451 254 53 kleine
2961 2452 321 53 Martha:

2619 2534 89 50 Ich
2740 2535 138 50 weiß
2910 2534 280 53 Bescheid,
3254 2534 177 52 Wenn
3464 2534 84 53 die
3579 2534 211 52 Frauen
3820 2535 146 51 nicht
3998 2534 172 64 lügen,
4206 2532 235 54 werden,

2619 2620 75 47 sie
2724 2616 304 52 verwichst.
3094 2616 89 52 Sie
3213 2625 95 45 tun
3336 2617 105 52 den
3466 2616 211 53 Frauen
3704 2616 191 53 nichts.

2480 2698 136 50 Der
2658 2704 169 57 gute
2872 2698 331 53 Mensch:

2618 2780 172 64 Heilig
2818 2780 118 51 sind
2965 2782 85 50 die
3078 2781 225 53 Frauen.
3364 2781 188 65 Heilig.
3617 2781 189 64 Heilig.

2481 2862 133 51 Die
2657 2862 254 51 kleine
2959 2863 320 52 Martha:

2619 2944 102 63 Sie,
2752 2946 164 50 beten
2945 2950 69 47 ist
3041 2946 180 52 Blech.
3250 2947 118 50 Ihre
3396 2947 140 50 Frau
3563 2947 130 65 paßt
3722 2947 82 49 für
3834 2946 85 50 die
3950 2946 244 50 Männer.

2480 3026 136 51 Der
2657 3031 170 59 gute
2872 3028 329 52 Mensch:

2614 3109 210 51 Frauen
2852 3110 115 52 sind
2992 3110 218 52 Kinder,

2479 3190 133 52 Die
2655 3191 253 51 kleine
2956 3192 320 53 Martha:

2616 3272 85 51 Ihr
2730 3274 206 50 Bruder
2966 3275 173 63 kriegt
3169 3276 139 50 mich
3337 3275 163 52 nicht.
3532 3275 109 52 Auf
3672 3275 166 52 Ihnen
3867 3275 183 51 werde
4084 3275 83 51 ich
4198 3279 238 48 warten,«.

2478 3355 133 50 Der
2656 3361 167 58 gute
2869 3356 330 52 Mensch:

2613 3437 201 51 Kinder
2842 3438 117 51 sind
2989 3438 83 52 die
3101 3439 223 51 Frauen,
3350 3439 219 52 Kinder.

2478 3520 132 51 Die
2653 3519 254 52 kleine
2956 3520 320 52 Martha:

2615 3601 128 52 Hier
2779 3602 177 51 haben
2993 3603 86 50 Sie
3116 3607 176 46 meine
3329 3603 175 51 Mark.

3365 3764 161 42 Ende

2472 4254 180 51 Meine
2680 4253 267 52 blühende
2976 4255 298 53 Hirnwiese
3302 4255 358 65 zertrampeln
3689 4255 154 65 glühe
3869 4254 247 64 johlende
4145 4253 267 64 kugelnde

2475 4336 344 52 Teufelchen.

2610 4420 101 50 Um
2744 4423 212 47 meinen
2989 4420 361 64 Schädelberg
3382 4421 216 51 kreisen
3629 4420 308 51 krächzend
3969 4418 451 53 blauschillernde

2613 4501 485 64 Geheimnisvögel.

2881 4587 231 49 Kreisen.
3178 4583 243 53 Kreisen.

2471 4665 149 51 Mein
2646 4666 125 51 Bett
2797 4666 164 52 heult,
2989 4666 227 51 Zimmer
3242 4666 297 53 schwankt,
3569 4666 212 64 Spiegel
3807 4665 169 53 bläkt.
4005 4665 185 53 Stühle
4220 4671 207 48 tasten..

2471 4748 198 65 Lampe
2696 4755 162 46 tanzt.

2742 4830 189 52 Hände
2976 4836 232 60 würgen,
3287 4830 210 53 Kehlen
3538 4830 207 53 lachen.
3820 4832 203 50 Fetzen
4069 4831 346 64 zerschlagen

2741 4914 154 51 mich.

2607 4996 89 50 Ich
2731 4995 154 52 steile
2920 4996 253 50 zischend
3209 4995 465 65 grünflimmernde
3711 4995 262 66 Schlange
4011 5016 94 33 aus
4143 4996 241 51 rascheln-

2594 5078 119 50 dem
2749 5078 269 53 Bettlaub,

2879 5160 178 51 Gleite
3091 5161 268 64 schlängle
3391 5161 167 65 ringle
3591 5183 66 32 an
3688 5162 85 52 die
3805 5162 256 52 Jalousie.

2880 5243 262 50 Schwebe
3182 5244 134 50 über
3358 5243 121 52 dem
3519 5244 371 53 Fenstersims.

2740 5325 195 63 Züngle
2959 5329 93 47 mit
3076 5326 315 51 zuckenden
3414 5326 216 66 Zungen
3654 5332 53 47 in
3731 5327 379 65 schnappende
4138 5326 277 51 Schatten;

2876 5407 246 52 Schnelle
3161 5413 51 46 in
3246 5408 189 52 Nacht.
3469 5409 183 65 Regne
3690 5409 129 54 Gift,
3858 5409 195 51 Steche
4090 5409 103 50 den
4227 5409 184 50 Mond.

2603 5491 116 50 Daß
2758 5510 58 32 er
2854 5509 30 33 o
2923 5490 210 64 Kampf,
3174 5510 30 32 o
3243 5491 215 64 Kampf!
3497 5492 293 53 Trillionen
3827 5491 336 64 Glotzaugen
4201 5491 209 51 funkelt

2873 5573 240 51 Aufrast.
3177 5573 283 65 Aufpfeift.
3528 5575 297 52 Aufzischt.

2602 5654 327 64 Angstzerre
2970 5654 279 53 Glutarme
3287 5657 213 52 Dunkel
3541 5655 315 67 erwürgend
3892 5656 361 52 schlenkernd
4294 5663 89 45 ent-

2602 5735 241 54 blättert.

2873 5820 307 55 Mondstirn
3211 5822 278 65 zerplatzt.

2602 5901 288 54 Mondhirn
2917 5904 133 52 über
3076 5904 140 52 Erde
3243 5906 232 51 knistert
3503 5907 188 61 spritzt
3717 5903 155 52 funkt
3900 5904 315 52 zerflammt.

3011 5986 105 53 Ho!

2869 6068 231 53 Himmel
3136 6070 159 51 feiert
3331 6066 359 55 Maskenball.

2599 6149 319 54 Schleudert
3000 6150 430 66 buntzüngelnde
3499 6150 526 55 Kometenschweife
4094 6154 322 52 knisternde

2601 6231 491 68 Sternschnuppen,
4252 6265 8 6 -
4335 6262 5 10 -

2468 4105 140 81 Ich
2669 4106 322 80 werde
3052 4105 693 97 aufgepeitscht
