2278 3749
134 190 81 47 456

911 203 199 33 MUSIQUE
1141 202 213 28 MODERNE

200 734 74 42 On
299 748 44 27 se
360 745 99 31 sent
482 736 191 42 aussitôt
694 739 255 54 transporté
963 739 112 40 dans
1092 752 62 27 un
1174 738 166 41 monde
1363 736 231 53 meilleur;
1620 743 99 35 tout
1734 750 48 27 ce
1800 736 111 55 qu'il
1922 750 28 42 y
1971 750 38 36 a,
2025 736 113 40 dans

142 802 42 40 la
208 802 94 41 face
327 817 182 27 camuse
546 805 59 40 du
649 805 150 53 faune,
826 807 53 40 de
920 807 252 54 grimaçant
1210 817 41 30 et
1292 806 54 41 de
1384 819 211 40 sauvage,
1621 805 104 40 s'est
1763 804 135 41 effacé
1920 818 8 38 ;
1954 804 39 40 le
2019 804 119 40 désir

141 870 122 55 parle
297 885 179 39 encore,
502 873 115 41 mais
638 873 119 42 voilé
782 875 53 40 de
863 876 231 39 tendresse
1130 886 40 29 et
1194 876 53 39 de
1270 873 287 42 mélancolie.
1593 873 216 41 L'accord
1830 873 109 54 posé
1972 886 80 41 par
2073 872 65 40 les

140 939 141 50 bois,l
289 941 6 11 ?
301 940 338 55 appellointain
658 943 76 40 des
753 953 170 40 cors,et
942 943 39 40 le
993 943 79 40 flot
1096 944 172 39 desons
1287 942 214 55 limpides
1517 941 77 55 qui
1610 941 329 54 s'échappedes
1957 940 180 54 harpes,

139 1019 212 30 accusent
367 1019 113 30 cette
503 1009 293 55 impression.
828 1011 182 55 L'appel
1034 1025 45 26 se
1099 1011 223 50 renforce,
1348 1011 181 40 devient
1548 1010 103 55 plus
1675 1019 223 45 pressant,
1925 1023 44 26 se
1993 1009 145 40 calme

141 1088 194 42 presque
358 1077 192 41 aussitôt
570 1091 119 41 pour
709 1078 159 41 laisser
888 1079 186 40 chanter
1097 1078 41 41 la
1158 1078 106 41 flûte
1285 1092 180 27 encore.
1490 1079 128 41 Cette
1638 1077 87 42 fois
1751 1077 40 41 le
1811 1077 151 42 thème
1988 1091 44 27 se
2066 1077 48 40 dé-

141 1143 208 56 veloppe,
374 1145 40 41 le
435 1145 212 41 hautbois
683 1145 258 52 intervient,
976 1148 39 38 la
1042 1145 234 41 clarinette
1301 1146 190 40 s'élance
1528 1145 22 41 à
1585 1159 83 27 son
1692 1156 119 39 tour,
1837 1159 64 26 un
1924 1145 214 52 dialogue

139 1225 124 28 assez
285 1212 68 41 vif
371 1213 222 53 s'engage,
620 1223 40 30 et
683 1226 88 27 une
790 1213 163 54 phrase
977 1214 53 39 de
1053 1213 233 40 clarinette
1310 1213 191 40 conduit
1524 1214 22 39 à
1567 1227 63 26 un
1652 1226 210 28 nouveau
1887 1213 149 50 motif,
2060 1213 78 53 qui

141 1279 65 41 dit
228 1280 42 40 la
292 1280 184 54 passion
502 1279 227 51 assouvie,
755 1280 113 41 mais
888 1280 169 41 traduit
1089 1280 150 55 plutôt
1261 1280 42 41 la
1327 1282 204 39 douceur
1553 1282 108 39 d'un
1686 1280 176 41 mutuel
1898 1280 120 41 émoi
2052 1294 86 41 que

141 1348 42 40 la
207 1347 185 41 férocité
413 1348 53 40 de
490 1347 41 41 la
553 1347 188 41 victoire
762 1360 7 28 :

200 1734 61 40 Le
279 1734 198 54 premier
494 1734 152 42 thème
667 1734 188 54 revient,
876 1734 177 50 ralenti,
1077 1746 39 29 et
1136 1734 39 41 le
1202 1744 285 32 coassement
1519 1734 78 40 des
1614 1747 101 28 cors
1737 1734 203 40 bouchés
1955 1734 161 41 obscur-

149 1804 59 40 cit
230 1802 253 52 l'horizon;
506 1803 39 41 le
569 1803 150 41 thème
742 1816 129 41 passe
895 1813 41 31 et
964 1816 194 42 repasse,
1190 1804 53 39 de
1268 1802 107 41 frais
1410 1803 188 41 accords
1637 1802 268 54 s'égrènent,
1932 1802 122 40 enfin
2078 1816 62 26 un

145 1871 273 41 violoncelle
442 1871 100 41 solo
567 1885 44 27 se
630 1871 116 55 joint
776 1870 23 41 à
827 1871 42 41 la
906 1870 122 53 flûte,
1055 1870 108 55 qu'il
1183 1870 150 41 reflète
1353 1871 77 53 (on
1463 1880 159 30 trouve
1646 1884 59 26 un
1733 1869 102 42 effet
1855 1871 53 39 de
1931 1884 49 26 ce
2003 1883 136 41 genre

144 1941 112 40 dans
279 1940 224 41 Tandante
525 1940 53 40 de
597 1940 42 40 la
658 1939 277 53 Symphonie
955 1940 274 52 pastorale),
1255 1949 41 30 et
1319 1948 99 31 tout
1441 1952 44 27 se
1509 1938 170 55 dissipe
1704 1951 54 27 en
1779 1938 176 41 flocons
1978 1938 162 55 légers,

147 2021 180 28 comme
347 2021 88 26 une
455 2007 161 40 brume
641 2022 19 22 «
683 2005 78 55 qui
783 2005 169 55 voltige
972 2007 112 40 dans
1105 2006 99 41 l'air
1228 2023 37 24 ».

203 2076 63 40 La
289 2074 169 56 qualité
482 2075 77 54 qui
594 2075 155 54 frappe
782 2086 133 29 avant
938 2086 99 29 tout
1060 2075 111 40 dans
1194 2085 112 30 cette
1337 2087 154 28 œuvre
1516 2074 281 52 charmante,
1824 2087 181 28 comme
2029 2075 112 41 dans

144 2154 100 31 tout
265 2157 47 26 ce
336 2156 86 41 que
442 2156 216 41 compose
684 2143 64 40 M.
776 2143 226 54 Debussy,
1024 2144 106 39 c'est
1149 2141 160 42 l'unité
1332 2143 61 40 du
1413 2141 128 56 style,
1561 2142 104 55 plus
1689 2142 197 41 sensible
1910 2155 55 28 en
1986 2142 155 42 raison

149 2213 147 40 même
321 2212 53 40 de
412 2211 42 41 la
472 2211 159 40 liberté
667 2211 59 40 du
751 2210 394 55 développement.
1190 2210 122 41 C'est
1335 2209 122 42 aussi
1491 2210 42 41 la
1570 2209 168 56 qualité
1777 2210 78 55 qui
1880 2224 198 42 manque
2101 2211 41 40 le

144 2279 103 55 plus
271 2281 23 39 à
331 2279 41 41 la
394 2279 154 55 poésie
572 2279 53 41 de
646 2278 256 53 Mallarmé,
929 2279 60 40 où
1022 2278 40 41 la
1082 2278 241 55 préciosité
1343 2278 41 41 la
1422 2278 103 55 plus
1556 2278 365 55 quintessenciée
1959 2278 180 42 voisine

147 2361 104 27 avec
271 2361 89 27 une
380 2348 164 40 netteté
568 2357 123 31 toute
708 2346 241 55 classique,
975 2348 58 39 où
1054 2361 62 26 un
1138 2347 134 40 fatras
1293 2346 156 41 moitié
1471 2345 197 56 plaisant
1688 2357 42 30 et
1752 2345 158 42 moitié
1934 2347 208 41 solennel

147 2415 247 41 s'illumine
417 2425 99 31 tout
539 2415 23 41 à
598 2428 118 42 coup
750 2416 108 40 d'un
882 2415 89 41 fort
994 2416 114 40 beau
1127 2428 117 40 vers,
1265 2415 104 54 plus
1406 2425 275 44 surprenant
1703 2428 87 41 que
1813 2425 100 31 tout
1944 2415 41 41 le
2010 2426 130 31 reste.

146 2484 117 41 Rien
286 2484 54 40 de
362 2483 141 55 pareil
528 2483 74 52 ici,
627 2494 99 30 tout
759 2497 43 27 se
822 2483 112 41 tient
957 2494 41 30 et
1025 2497 44 27 se
1088 2483 75 41 lie.
1189 2484 57 40 Et
1267 2483 40 40 le
1326 2482 160 55 plaisir
1521 2484 54 40 de
1596 2482 175 42 n'avoir
1789 2497 81 41 pas
1909 2484 23 40 à
1956 2498 130 41 peser
2102 2484 39 40 le

145 2566 101 27 sens
267 2552 107 41 d'un
395 2562 112 43 mot,
533 2551 22 41 à
595 2562 174 30 scruter
805 2551 42 41 la
880 2562 184 44 syntaxe
1088 2552 134 39 d'une
1246 2550 162 55 phrase
1430 2552 7 38 !
1467 2551 90 41 Car
1595 2550 42 41 la
1657 2550 126 55 pièce
1817 2552 54 40 de
1902 2552 240 41 Mallarmé

142 2621 113 40 n'est
275 2630 141 30 certes
439 2633 79 41 pas
539 2620 77 40 des
635 2620 103 54 plus
756 2620 217 40 obscures
992 2635 9 34 ;
1024 2632 163 28 encore
1207 2618 147 41 faut-il
1372 2621 62 51 s'y
1455 2619 246 53 reprendre
1724 2619 18 41 à
1763 2619 119 40 deux
1897 2619 87 41 fois
2008 2630 135 31 avant

149 2689 53 40 de
226 2689 64 54 s'y
314 2690 302 39 reconnaître.
646 2688 61 41 Le
742 2687 224 41 musicien
995 2701 54 27 ne
1073 2701 118 27 nous
1215 2686 153 54 inflige
1400 2700 79 42 pas
1514 2700 63 27 un
1600 2686 142 55 pareil
1762 2686 175 42 travail.
1971 2688 85 40 Par
2079 2702 63 27 un

143 2756 211 54 sortilège
378 2756 111 55 qu'il
512 2755 146 42 devait
682 2756 270 41 renouveler
975 2757 111 39 dans
1126 2756 63 40 les
1214 2756 116 53 Cinq
1363 2756 186 40 Poèmes
1570 2755 53 41 de
1655 2755 282 41 Baudelaire
1959 2766 41 30 et
2029 2757 113 40 dans

145 2825 195 49 Pelléas,
362 2823 32 40 il
419 2837 23 28 a
461 2823 319 41 délicatement
803 2823 132 42 retiré
959 2825 61 39 du
1044 2823 103 41 vain
1183 2837 124 27 amas
1330 2823 78 40 des
1431 2833 119 30 mots
1584 2833 41 30 et
1656 2823 78 40 des
1764 2823 197 54 syllabes
1986 2823 131 42 l'émo-

143 2891 98 40 tion
265 2890 159 41 timide
448 2891 78 54 qui
555 2891 65 55 s'y
642 2891 191 52 cachait,
858 2893 63 54 s'y
944 2891 234 41 cherchait
1201 2902 41 30 et
1261 2891 63 54 s'y
1354 2891 190 54 perdait.
1570 2891 74 41 Ou
1675 2891 149 54 plutôt
1846 2891 32 41 il
1902 2905 23 28 a
1954 2894 188 53 repensé

145 2970 41 29 et
224 2958 190 41 ressenti
454 2959 188 42 l'œuvre
683 2961 59 40 du
785 2960 146 54 poète,
973 2970 41 30 et
1051 2973 80 41 par
1163 2959 41 40 là
1243 2961 147 38 même
1433 2973 55 26 en
1527 2973 23 27 a
1589 2957 162 56 grandi
1787 2959 262 53 l'émotion;
2095 2974 47 28 ce

144 3026 78 56 qui
246 3026 172 41 revient
442 3027 23 40 à
484 3027 96 41 dire
604 3027 111 55 qu'il
738 3028 56 41 l'a
822 3027 205 56 purifiée.
1055 3027 74 42 On
1162 3041 54 26 ne
1256 3038 98 30 sent
1389 3027 119 54 plus,
1541 3027 112 42 dans
1676 3027 40 41 le
1751 3029 200 41 Prélude
1956 3062 10 20 ,
1992 3043 47 27 ce
2064 3030 78 54 qui

143 3094 190 56 pouvait
352 3095 205 55 choquer
577 3096 112 40 dans
710 3095 66 41 VA
780 3095 257 55 près-Midi
1051 3109 13 26 :
1081 3095 42 42 la
1136 3095 216 41 curiosité
1370 3109 209 41 perverse
1596 3096 61 40 du
1679 3096 129 41 lettré
1832 3097 78 55 qui
1930 3098 210 51 s'amuse,

145 3163 76 55 qui
243 3163 104 55 joue
370 3177 105 27 avec
499 3164 63 40 les
585 3164 187 40 ardeurs
795 3164 134 40 d'une
965 3162 245 41 sensualité
1246 3163 230 54 primitive
1506 3174 41 30 et
1579 3175 224 44 suspecte.
1839 3165 219 42 L'ardeur
2079 3177 64 31 est

147 3234 157 49 restée,
329 3231 117 41 ainsi
472 3245 85 42 que
590 3231 42 41 la
655 3236 129 36 naïve
808 3232 230 40 tendresse
1059 3244 8 37 ;
1104 3231 39 40 le
1182 3230 97 41 vice
1302 3245 22 27 a
1364 3230 186 57 disparu
1594 3246 104 28 avec
1740 3234 40 40 la
1817 3234 262 49 recherche,
2101 3235 42 41 la

143 3300 217 55 Nymphe
381 3314 23 28 a
426 3299 230 56 triomphé
677 3300 61 40 du
760 3300 182 52 Faune;
968 3310 148 30 toutes
1138 3299 64 41 les
1225 3300 153 41 taches
1414 3301 59 40 du
1507 3300 180 42 tableau
1712 3314 44 28 se
1796 3312 103 30 sont
1938 3302 202 51 effacées,

145 3378 42 31 et
209 3369 78 40 des
309 3368 147 55 lignes
479 3368 346 42 innocemment
856 3368 327 55 voluptueuses
1220 3382 44 26 se
1297 3368 240 42 déroulent
1561 3370 112 40 dans
1697 3383 88 27 une
1819 3370 53 41 de
1903 3384 72 27 ces
2007 3384 136 41 pures

140 3435 217 42 lumières
377 3451 88 40 que
488 3437 41 42 la
555 3436 213 56 musique
788 3436 123 42 seule
935 3436 85 42 sait
1038 3438 137 39 créer.
1196 3437 57 40 Et
1276 3436 38 54 je
1338 3435 87 43 n'ai
1446 3450 79 41 pas
1549 3438 162 41 besoin
1734 3439 54 40 de
1812 3438 95 41 dire
1928 3439 215 41 combien

144 3504 39 54 je
207 3504 190 55 préfère,
422 3519 55 27 au
501 3505 155 41 Faune
674 3504 218 42 biscornu
914 3505 53 40 de
992 3504 256 50 Mallarmé,
1276 3504 40 41 le
1339 3505 154 40 Faune
1517 3505 181 56 élyséen
1735 3506 53 41 de
1809 3505 63 42 M.
1912 3507 228 55 Debussy.
