2278 3749
994 235 24 25 A
1050 235 170 27 ORANGE

2004 234 72 37 451

181 326 96 40 Soit
298 328 163 52 40.916
486 326 146 41 francs
653 324 185 56 répartis
861 334 122 30 entre
1007 338 22 39 9
1053 336 261 42 personnes.
1349 323 153 41 Certes
1521 336 70 26 ces
1611 322 275 42 traitements
1907 334 53 27 ne
1984 332 102 29 sont

126 405 80 41 pas
228 402 99 44 trop
352 393 158 51 élevés,
537 407 53 26 eu
614 393 134 53 égard
773 406 83 26 aux
880 391 179 41 mérites
1082 392 76 38 des
1182 389 319 52 bénéficiaires,
1523 400 138 30 certes
1688 403 53 27 ne
1764 389 144 41 vit-on
1930 389 155 54 jamais

131 470 154 43 argent
305 459 151 41 mieux
477 461 156 53 gagné.
654 458 116 42 Mais
790 459 71 54 n'y
882 458 112 41 a-t-il
1015 471 78 41 pas
1110 457 249 54 cependant
1383 456 192 54 quelque
1599 456 339 55 disproportion
1964 467 122 30 entre

126 526 192 40 l'estime
341 526 290 54 (pécuniaire)
654 540 85 40 que
761 526 90 40 l'on
876 524 168 40 semble
1079 523 108 40 faire
1207 524 106 38 d'un
1349 523 221 41 musicien
1594 524 271 41 d'orchestre
1904 535 41 29 et
1979 522 107 42 celle

128 593 138 53 qu'on
291 594 188 38 accorde
503 592 23 41 à
547 606 62 27 un
629 594 184 40 acteur?
839 592 66 38 Ne
931 601 178 29 sent-on
1131 602 78 41 pas
1241 588 43 40 là
1316 589 41 39 le
1387 590 214 40 souvenir
1632 590 105 41 d'un
1769 601 123 30 autre
1916 592 78 52 âge
2031 590 57 39 où

129 659 262 41 l'orchestre
427 659 180 41 bornait
630 673 81 27 son
735 658 92 40 rôle
863 657 23 40 à
922 656 202 41 soutenir
1162 656 51 39 de
1248 655 218 54 quelques
1502 658 185 38 accords
1712 671 58 26 ou
1805 658 52 40 de
1881 656 207 42 batteries

130 724 358 54 sempiternelles
510 724 64 40 les
590 724 139 41 trilles
749 734 40 29 et
808 722 62 40 les
890 722 208 40 roulades
1119 722 52 39 de
1190 721 42 41 la
1251 721 243 41 chanteuse
1519 725 15 38 ?
1554 724 82 39 Les
1659 734 144 44 temps
1834 735 101 29 sont
1954 724 108 40 chan-

128 794 91 51 gés,
244 804 41 28 et
305 792 62 40 les
392 791 289 41 violoncelles
704 789 76 55 qui
804 788 227 41 dessinent
1052 788 39 39 le
1114 788 148 41 thème
1286 789 52 40 de
1369 788 41 41 la
1434 790 284 40 Chevauchée
1724 825 9 16 ,
1758 790 62 40 les
1843 790 160 54 harpes
2036 791 53 39 de

128 858 320 41 Ylncantation
472 858 57 40 du
538 858 103 54 feu,
663 856 61 40 les
745 869 99 26 cors
867 856 52 39 de
946 855 41 40 la
1008 855 128 40 scène
1175 855 234 54 religieuse
1444 856 52 39 de
1534 855 175 55 Sigurd
1748 867 102 29 sont
1884 858 75 38 des
1996 870 69 40 per-

131 938 224 40 sonnages
378 939 54 26 au
455 926 144 38 même
619 922 100 40 titre
741 935 86 41 que
850 935 110 27 ceux
988 921 78 55 qui
1101 921 205 54 s'agitent
1328 936 76 26 sur
1425 922 41 41 la
1487 922 145 41 scène.
1666 924 49 39 Je
1738 936 114 27 veux
1874 923 93 40 dire
2001 936 86 39 que

129 991 64 41 les
216 992 157 40 chants
406 992 52 38 de
479 989 259 41 l'orchestre
758 999 78 30 ont
859 999 153 30 autant
1034 989 342 54 d'importance,
1404 989 178 54 exigent
1617 1003 87 26 une
1742 989 344 54 interprétation

129 1058 121 40 aussi
274 1058 198 53 soignée,
494 1056 119 41 aussi
637 1056 268 54 expressive,
925 1056 118 40 aussi
1076 1055 292 55 intelligente,
1398 1070 85 40 que
1506 1070 110 26 ceux
1637 1057 75 39 des
1745 1067 192 29 acteurs.
1970 1056 96 40 L'or-

136 1124 172 40 chestre
343 1138 23 25 a
399 1124 119 40 cessé
556 1123 134 41 d'être
728 1137 60 26 un
812 1134 405 43 accompagnateur
1232 1139 9 34 ;
1269 1137 55 27 au
1363 1134 128 39 reste,
1535 1123 31 40 il
1600 1123 41 40 le
1677 1133 176 30 montre
1886 1123 118 40 bien.
2031 1124 61 40 Ce

136 1192 137 52 qu'on
294 1191 163 40 entend
481 1195 20 35 à
522 1190 183 54 l'Opéra
728 1204 53 26 ne
804 1192 169 53 répond
997 1190 249 40 nullement
1268 1190 23 41 à
1314 1190 40 40 la
1373 1190 250 40 hiérarchie
1666 1190 35 39 si
1726 1200 245 30 nettement
2003 1190 67 39 éta-

134 1257 89 41 blie
243 1257 136 54 parle
403 1257 183 53 registre
609 1258 76 39 des
707 1259 346 51 émargements.
1076 1258 101 49 Que
1200 1257 147 40 faut-il
1376 1257 195 53 changer
1588 1260 15 37 ?
1631 1258 99 50 Que
1745 1257 146 40 faut-il
1909 1257 157 40 souhai-

135 1335 66 29 ter
221 1326 16 38 ?
258 1324 280 40 L'orchestre
562 1324 153 40 doit-il
734 1324 147 54 parler
902 1324 108 40 haut
1034 1324 110 40 dans
1161 1324 41 40 la
1225 1323 104 41 salle
1349 1337 59 27 ou
1427 1323 23 41 à
1468 1324 40 40 la
1528 1323 138 41 caisse
1689 1330 16 35 ?
1728 1324 120 41 C'est
1869 1337 47 27 ce
1949 1337 84 40 que
2056 1323 36 54 je

136 1390 202 41 laisserai
363 1390 196 41 discuter
580 1390 22 41 à
616 1392 52 39 de
687 1391 100 53 plus
811 1401 188 43 experts.

1455 1466 53 38 A.
1542 1478 53 25 DE
1628 1464 327 40 LONGEPIERRE.

707 1720 238 40 Théâtre
978 1719 228 51 antique
1239 1719 291 51 d'Orange.

200 1818 61 40 La
282 1816 303 42 commission
605 1816 58 40 du
680 1816 193 40 Théâtre
896 1816 181 53 antique
1101 1816 225 53 d'Orange
1351 1816 100 39 s'est
1474 1815 169 50 réunie,
1675 1815 42 40 le
1746 1830 48 39 19
1817 1816 52 39 de
1889 1829 47 26 ce
1960 1815 131 49 mois,

139 1898 105 27 sous
264 1884 45 40 la
332 1883 265 54 présidence
620 1883 53 39 de
695 1884 67 39 M.
788 1883 39 39 le
851 1884 207 38 sénateur
1082 1882 185 41 Guérin.

198 1950 63 40 La
296 1949 210 55 question
544 1950 53 39 de
649 1949 226 54 propriété
914 1950 59 39 du
1027 1949 192 40 Théâtre
1253 1949 182 53 antique
1482 1959 133 44 ayant
1683 1949 65 39 été
1785 1948 204 40 soulevée
2023 1961 79 41 par

140 2017 121 40 MM,
293 2016 420 41 Deluns-Montaud
734 2025 40 31 et
807 2015 174 50 Devise,
1006 2016 225 39 membres
1267 2016 52 39 de
1351 2015 41 40 la
1432 2014 315 49 commission,
1773 2015 64 40 M.
1862 2015 208 40 d'Estour-

142 2082 142 41 nelles
306 2084 53 39 de
378 2083 238 49 Constant,
656 2082 106 40 chef
791 2083 58 39 du
882 2082 166 39 bureau
1083 2082 75 39 des
1197 2081 210 50 théâtres,
1442 2095 23 27 a
1507 2081 78 41 fait
1626 2083 232 38 connaître
1883 2094 85 41 que
1991 2091 111 30 cette

146 2149 211 55 question
379 2149 105 40 était
503 2148 158 55 depuis
680 2149 257 53 longtemps
970 2147 225 42 tranchée.
1221 2149 113 40 Sans
1354 2158 199 30 conteste
1575 2148 40 40 le
1638 2147 170 41 théâtre
1832 2158 63 29 est
1934 2147 103 40 bien
2057 2149 42 39 la

143 2216 226 55 propriété
400 2217 52 39 de
483 2216 41 40 la
555 2216 104 40 ville
679 2230 9 37 ;
724 2216 129 49 mais,
886 2230 54 26 en
963 2215 151 41 raison
1145 2216 52 39 de
1235 2215 42 40 la
1305 2215 273 40 subvention
1614 2228 85 39 que
1737 2215 149 40 donne
1907 2214 136 41 l'Etat
2063 2225 43 30 et

146 2283 52 40 de
225 2295 83 26 son
322 2281 108 41 haut
446 2291 260 44 patronage,
729 2280 31 39 il
792 2281 169 40 semble
984 2283 140 52 qu'un
1147 2281 154 40 modus
1328 2281 177 40 vivendi
1538 2281 203 53 pourrait
1773 2283 89 38 être
1886 2281 132 40 établi
2040 2295 57 26 au

146 2349 103 53 plus
277 2349 141 52 grand
440 2347 134 54 profit
591 2348 53 39 de
664 2357 122 30 tous.
821 2348 61 41 La
901 2348 300 41 commission
1223 2347 106 40 s'est
1354 2349 161 52 rangée
1538 2347 23 40 à
1583 2357 67 30 cet
1690 2347 92 40 avis
1822 2357 41 30 et
1883 2347 224 53 plusieurs

149 2417 226 39 membres
399 2425 78 30 ont
496 2415 64 40 été
588 2413 207 55 désignés
816 2429 117 40 pour
952 2415 243 40 entretenir
1215 2415 51 40 de
1290 2424 111 31 cette
1424 2414 208 54 question
1658 2415 63 39 M.
1740 2414 40 39 le
1823 2413 207 41 Ministre
2053 2415 52 39 de

148 2481 314 42 l'lnstruction
480 2481 220 54 publique
719 2491 41 30 et
783 2483 74 39 des
879 2483 296 39 Beaux-Arts.

205 2549 63 40 M.
292 2547 121 41 Jules
439 2547 193 41 Claretie
653 2549 77 52 qui
750 2548 196 41 assistait
976 2548 23 41 à
1021 2548 41 41 la
1096 2550 157 39 séance
1298 2561 23 27 a
1343 2547 103 40 bien
1479 2547 139 40 voulu
1647 2557 244 44 promettre
1916 2548 52 39 de
2002 2547 84 40 s'in-

148 2616 190 39 téresser
386 2624 99 31 tout
516 2613 417 55 particulièrement
982 2629 86 27 aux
1124 2614 272 55 prochaines
1435 2613 377 54 représentations
1861 2613 246 54 classiques

150 2681 257 54 qu'élabore
433 2682 59 41 M.
517 2682 111 39 Paul
649 2681 240 52 Mariéton,
930 2692 39 30 et
999 2681 76 54 qui
1110 2681 85 41 très
1227 2681 472 41 vraisemblablement
1728 2691 163 30 auront
1923 2680 91 41 lieu
2050 2681 57 40 du

158 2747 19 54 i
196 2747 20 54 5
235 2747 135 54 juillet
385 2761 55 26 au
468 2747 22 54 i
512 2747 22 54 5
556 2747 89 54 août
670 2749 123 52 1903.

208 2813 73 40 On
303 2827 43 26 se
364 2813 195 54 rappelle
581 2827 85 40 que
691 2824 66 30 cet
777 2816 65 38 été
879 2814 276 53 Œdipe-Roi
1201 2824 41 31 et
1263 2815 62 40 les
1349 2814 326 41 Phéniciennes
1715 2815 149 40 furent
1892 2816 172 39 donnés
2088 2815 23 39 à

155 2880 179 52 Orange
354 2893 80 39 par
455 2879 44 40 la
523 2880 173 41 Société
729 2881 75 40 des
825 2881 112 40 amis
958 2882 59 39 du
1054 2881 169 41 théâtre
1256 2881 197 54 antique,
1475 2882 110 40 dont
1618 2883 63 39 M.
1707 2881 224 41 Mariéton
1970 2891 63 30 est
2073 2881 38 39 le

146 2945 252 54 président.
447 2946 86 40 Ces
571 2948 115 39 deux
724 2949 400 53 représentations,
1146 2948 260 54 auxquelles
1434 2949 39 40 le
1495 2948 208 41 Ministre
1725 2949 51 40 de
1797 2947 314 42 l'lnstruction

150 3013 220 54 publique
393 3012 141 41 s'était
557 3013 78 40 fait
659 3017 276 51 représenter
954 3029 79 40 par
1051 3017 63 38 M.
1140 3015 356 41 d'Estournelles
1518 3016 51 39 de
1587 3015 235 49 Constant,
1860 3025 157 29 eurent
2053 3028 58 26 un

151 3081 87 38 très
256 3080 139 53 grand
417 3079 152 40 succès
585 3091 38 29 et
643 3080 230 43 attirèrent
893 3082 22 41 à
940 3083 179 51 Orange
1143 3097 87 26 une
1248 3083 123 41 foule
1399 3082 329 41 considérable.
