2278 3749
932 220 195 31 MUSIQUE
1158 218 210 29 MODERNE

2039 215 95 43 455

210 306 62 41 Ce
296 306 136 40 doute
456 319 43 27 se
535 305 168 56 dissipe
735 322 8 26 :
779 308 340 56 qu'importent,
1143 323 54 27 au
1222 318 128 42 reste,
1385 320 72 28 ces
1481 306 290 42 distinctions
1800 306 188 42 subtiles
2009 317 123 31 entre

152 372 222 43 l'illusion
392 384 40 30 et
454 374 40 40 la
516 374 152 42 réalité
689 379 15 38 ?
728 376 59 41 Le
818 377 133 41 faune
979 391 54 27 va
1068 377 186 41 chanter
1291 376 64 40 les
1395 374 170 56 images
1589 389 85 41 que
1697 374 39 42 le
1757 373 229 52 souvenir,
2011 388 58 26 ou
2093 373 38 41 le

152 442 133 49 désir,
313 440 78 42 fait
410 455 154 41 passer
588 444 162 41 devant
774 459 68 27 ses
864 459 117 41 yeux
1005 458 8 28 :
1039 445 63 40 les
1138 443 224 56 nymphes
1402 442 240 55 surprises,
1679 442 77 56 qui
1795 443 220 55 plongent
2050 455 85 27 aux

153 507 101 41 flots
304 507 168 55 jaloux,
520 524 59 26 ou
608 510 98 42 leur
752 512 210 41 sommeil
1013 526 105 26 sous
1166 512 62 40 les
1268 524 140 36 roses,
1451 510 189 42 terminé
1679 512 110 41 dans
1827 510 63 42 les
1926 512 101 40 bras
2069 510 60 40 du

155 574 225 42 ravisseur
401 588 8 29 :

501 719 82 10 ......
607 696 144 31 Arcane
770 696 50 32 tel
843 695 78 33 élut
940 706 95 32 pour
1056 694 194 34 confident

496 750 52 32 Le
567 750 86 42 jonc
675 757 104 26 vaste
802 757 35 26 et
860 751 154 42 jumeau
1032 751 92 32 dont
1146 760 90 23 sous
1261 751 119 32 l'azur
1405 760 49 23 on
1477 750 99 43 joue,

499 805 89 41 Qui,
611 805 231 33 détournant
865 806 18 31 à
901 805 55 32 soi
980 806 34 31 le
1041 806 151 31 trouble
1212 806 44 31 de
1281 806 33 32 la
1335 806 98 41 joue,

498 860 97 32 Rêve
618 860 92 31 dans
735 870 52 22 un
807 860 81 31 solo
914 860 90 43 long
1031 869 73 32 que
1127 870 96 21 nous
1244 860 198 31 amusions

492 915 51 31 La
568 912 135 35 beauté
726 915 216 31 d'alentour
964 924 68 32 par
1052 914 65 32 des
1138 912 228 35 confusions

497 969 161 31 Fausses
680 975 105 26 entre
807 968 216 33 elle-même
1040 974 35 27 et
1093 974 106 26 notre
1221 969 117 32 chant
1357 967 164 33 crédule.

495 1115 39 33 Je
555 1116 153 38 t'adore,
731 1126 189 23 courroux
940 1117 64 32 des
1025 1115 158 45 vierges,
1204 1118 20 31 ô
1245 1115 119 33 délice

497 1171 195 33 Farouche
710 1172 49 31 du
780 1171 104 33 sacré
908 1171 155 33 fardeau
1086 1182 49 22 nu
1155 1171 63 43 qui
1235 1181 39 23 se
1293 1171 116 44 glisse

498 1227 97 32 Pour
614 1225 75 33 fuir
712 1237 61 22 ma
795 1227 102 33 lèvre
919 1225 102 35 enfin
1042 1228 142 32 buvant
1204 1227 164 43 (comme
1390 1236 51 23 un
1458 1225 112 34 éclair

494 1281 222 43 Tressaille)
739 1282 34 32 la
797 1281 152 43 frayeur
974 1282 141 33 secrète
1136 1283 44 32 de
1201 1283 32 32 la
1253 1282 123 34 chair.

208 1420 76 40 Un
309 1419 121 55 dépit
454 1420 187 41 succède
675 1420 23 41 à
733 1430 67 31 cet
832 1431 359 44 emportement;
1215 1420 125 41 'mais
1377 1420 39 40 le
1450 1419 92 41 soir
1564 1420 169 53 tombe,
1761 1419 41 41 la
1823 1418 105 56 paix
1961 1418 173 42 revient

155 1500 104 28 avec
282 1486 325 43 l'indifférence
631 1502 8 26 :

503 1592 100 32 Tant
621 1592 75 42 pis!
720 1602 83 23 vers
828 1592 33 32 le
884 1592 175 32 bonheur
1081 1592 164 31 d'autres
1263 1592 313 31 m'entraîneront

498 1648 68 31 Par
586 1648 80 31 leur
688 1654 117 25 tresse
827 1647 123 32 nouée
974 1657 70 22 aux
1062 1656 132 23 cornes
1218 1646 43 33 de
1288 1657 88 21 mon
1401 1645 109 34 front.

494 1757 30 32 A
550 1756 143 33 l'heure
713 1757 49 32 où
786 1757 34 32 le
837 1756 81 33 bois
946 1756 79 32 d'or
1046 1762 35 26 et
1105 1756 45 32 de
1173 1756 136 32 cendre
1326 1766 37 22 se
1387 1756 129 38 teinte,

494 1811 82 33 Une
600 1810 71 33 fête
691 1811 153 33 s'exalte
870 1822 45 22 en
941 1811 33 32 la
991 1809 155 34 feuillée
1169 1810 152 33 éteinte.

494 1890 7 9 •
553 1889 8 9 •
609 1892 7 7 •
665 1891 8 9 •
724 1890 7 9 •
824 1889 465 10 ••••••«••

490 1921 159 43 Couple,
668 1921 112 33 adieu
805 1931 6 23 :
835 1921 33 42 je
894 1921 80 32 vais
997 1921 79 31 voir
1098 1919 159 33 l'ombre
1281 1929 72 33 que
1373 1926 37 25 tu
1437 1919 148 33 devins.

206 2053 126 41 Cette
351 2052 58 40 fin
434 2065 54 27 en
511 2052 287 41 diminuendo
821 2052 146 41 devait
987 2053 176 40 séduire
1194 2067 62 26 un
1288 2053 243 50 musicien;
1558 2067 58 26 on
1639 2067 22 27 a
1681 2067 60 41 pu
1773 2053 99 40 voir
1895 2053 229 42 d'ailleurs

149 2133 85 40 que
257 2119 39 40 le
317 2120 160 54 poème
499 2130 100 30 tout
621 2120 143 40 entier
788 2130 64 29 est
874 2120 191 40 musical
1089 2130 40 30 et
1148 2133 80 41 par
1247 2134 82 27 son
1362 2120 141 41 allure
1524 2131 40 30 et
1595 2135 80 40 par
1699 2135 83 26 son
1816 2119 129 56 sujet,
1973 2135 73 27 car
2067 2121 63 40 les

147 2186 299 55 impressions
466 2187 65 55 s'y
553 2187 241 40 succèdent
816 2200 102 27 sans
939 2200 85 40 que
1047 2187 41 40 la
1108 2187 151 40 raison
1283 2187 63 40 les
1364 2187 158 54 dirige,
1543 2201 105 28 avec
1672 2202 71 27 ces
1767 2198 175 31 retours
1966 2187 140 56 impré-

148 2269 81 26 vus
252 2264 42 31 et
311 2264 215 44 pourtant
549 2254 215 51 naturels,
790 2253 75 56 qui
890 2253 347 55 appartiennent
1269 2268 55 27 au
1355 2255 260 49 sentiment,
1643 2265 39 30 et
1705 2255 122 42 aussi
1858 2255 23 40 à
1916 2255 41 41 la
1988 2255 116 41 musi-

148 2335 110 41 que;
288 2332 41 30 et
350 2323 171 41 d'autre
550 2333 97 43 part
670 2321 38 40 le
726 2321 129 54 poète
876 2335 53 26 ne
953 2322 186 53 prétend
1162 2331 123 30 autre
1323 2321 137 41 chose
1483 2336 86 39 que
1590 2322 245 41 d'illustrer
1856 2321 40 41 le
1919 2322 137 41 chant
2076 2323 53 40 de

146 2389 42 40 la
211 2389 123 52 flûte,
359 2388 275 55 impuissant
653 2402 79 41 par
754 2388 237 41 lui-même
1021 2389 22 40 à
1064 2389 196 54 préciser
1280 2389 63 40 les
1366 2389 169 54 images
1551 2402 10 38 ;
1597 2399 111 30 cette
1742 2389 105 40 flûte
1884 2389 245 40 deviendra

146 2455 206 52 aussitôt,
384 2469 116 40 pour
521 2456 39 40 le
578 2455 241 50 musicien,
844 2457 38 39 le
905 2470 280 40 personnage
1213 2455 221 56 principal
1462 2455 93 55 qui,
1579 2455 250 55 paraissant
1848 2465 42 31 et
1912 2456 192 54 reparais-

148 2533 112 40 sant,
284 2537 205 27 assurera
508 2523 157 40 l'unité
689 2524 52 39 de
764 2524 203 40 l'œuvre.

203 2592 69 39 En
296 2591 150 40 artiste
467 2591 120 40 aussi
609 2591 164 41 discret
797 2604 85 41 que
905 2590 173 53 raffiné,
1107 2592 63 40 M.
1199 2591 209 54 Debussy
1430 2591 70 40 n'a
1528 2604 80 41 pas
1645 2589 84 42 mis
1759 2603 55 27 en
1850 2589 210 56 musique
2088 2589 40 42 le

146 2658 160 55 poème
327 2659 53 39 de
404 2658 252 49 Mallarmé,
683 2658 113 41 mais
815 2658 64 40 lui
901 2672 23 27 a
945 2659 151 40 donné
1120 2672 60 26 un
1207 2658 209 40 Prélude.
1441 2657 36 41 11
1502 2657 169 41 semble
1704 2657 126 41 avoir
1851 2657 142 40 voulu
2017 2657 88 41 lais-

145 2740 69 27 ser
251 2726 148 54 parler
436 2726 37 40 le
504 2726 128 54 poète
668 2726 127 54 après
832 2726 82 49 lui,
940 2739 179 27 comme
1152 2725 67 41 s'il
1241 2725 186 55 croyait,
1448 2725 64 40 lui
1535 2725 136 52 aussi,
1695 2738 86 40 que
1809 2741 17 20 «
1852 2724 42 41 la
1918 2724 211 54 musique

146 2808 103 26 sans
271 2794 62 40 les
357 2793 149 41 lettres
546 2807 44 27 se
633 2795 204 53 présente
867 2806 178 28 comme
1088 2793 87 41 très
1218 2792 138 41 subtil
1399 2806 146 40 nuage
1564 2806 9 39 ;
1600 2792 123 50 elles,
1744 2805 88 27 une
1855 2792 214 40 monnaie
2090 2791 36 41 si

146 2872 216 30 courante
386 2878 38 34 »,
450 2874 58 28 ou
545 2874 85 40 que
669 2875 82 27 son
788 2860 182 42 charme
994 2871 66 31 est
1094 2877 19 21 «
1138 2860 119 52 vain,
1298 2860 35 40 si
1375 2860 39 40 le
1437 2859 204 55 langage,
1666 2873 79 41 par
1781 2859 42 41 la
1846 2870 221 44 retrempe
2087 2869 42 31 et

145 2928 156 40 l'essor
320 2928 216 54 purifiant
557 2929 57 39 du
636 2928 232 55 chant,n'y
884 2928 183 41 confère
1087 2942 62 26 un
1168 2942 100 26 sens
1294 2945 35 32 »,
1351 2941 58 27 ou
1428 2927 120 41 enfin
1573 2941 84 41 que
1681 2926 85 42 «la
1782 2926 211 55 musique
2011 2926 115 42 etles

146 2995 150 41 lettres
320 3005 103 31 sont
442 2994 40 42 la
502 2996 93 40 face
619 2995 277 53 alternative,
917 2996 55 40 ici
994 2995 165 55 élargie
1182 3010 99 26 vers
1303 2995 219 50 l'obscur,
1545 2994 275 42 scintillante
1844 2994 41 41 là
1908 3008 103 27 avec
2031 3008 72 26 cer-

146 3062 160 50 titude,
325 3063 58 40 du
403 3062 284 54 phénomène
713 3078 85 40 que
817 3063 207 55 j'appelai
1063 3063 140 41 l'ldée
1239 3080 18 20 »
1282 3062 80 55 (1).
1392 3062 115 41 Mais
1543 3062 30 41 il
1610 3076 45 27 se
1680 3073 159 31 trouve
1878 3075 54 27 en
1957 3061 167 49 réalité,

146 3144 131 41 parce
298 3144 85 41 que
407 3130 101 40 telle
539 3130 66 40 fut
626 3130 42 41 la
690 3130 183 42 volonté
914 3132 59 39 du
1011 3130 238 50 musicien,
1277 3144 85 41 que
1385 3144 83 27 son
1509 3130 193 41 Prélude
1740 3140 64 30 est
1843 3142 87 28 une
1971 3141 155 28 œuvre

145 3198 351 55 indépendante,
531 3197 102 54 plus
674 3198 135 41 claire
842 3212 86 40 que
969 3198 39 40 le
1042 3199 172 53 poème,
1249 3208 40 31 et
1329 3199 106 39 d'un
1459 3198 222 40 caractère
1703 3210 62 27 un
1788 3210 86 40 peu
1898 3194 224 49 différent,

146 3266 200 55 quoique
385 3265 64 40 les
491 3265 190 53 grandes
722 3265 143 54 lignes
903 3266 146 40 soient
1075 3266 299 41 maintenues.
1401 3266 61 40 La
1485 3264 105 41 flûte
1623 3276 264 28 commence
1911 3274 79 42 par
2013 3260 109 41 faire

145 3333 215 41 entendre
383 3346 47 27 ce
454 3332 135 41 chant
613 3332 271 41 doucement
908 3332 196 53 infléchi,
1128 3333 77 54 qui
1225 3346 97 27 sera
1342 3332 38 40 le
1401 3332 149 40 thème
1575 3329 224 56 principal
1827 3342 8 27 :

195 3483 56 47 (i)
277 3482 68 37 ST.
371 3481 255 46 MALLARMÉ,
649 3480 57 37 La
725 3481 191 50 Musique
939 3490 37 28 et
997 3484 54 36 les
1075 3483 160 36 Lettres
1242 3511 7 16 ,
1283 3481 161 46 Perrin,
1479 3480 113 50 1895.
