2278 3749
144 199 80 38 454

924 200 201 32 MUSIQUE
1155 199 213 27 MODERNE

145 300 154 45 porter
322 303 201 27 secours.
552 290 199 40 Ramené
783 303 80 41 par
897 289 41 42 le
962 290 185 54 danger,
1172 289 259 55 l'Etranger
1467 291 215 53 reparaît:
1710 289 31 40 il
1763 303 54 27 va
1847 289 157 55 partir,
2027 290 116 50 seul,

145 357 195 55 puisque
363 370 228 42 personne
625 370 54 27 ne
702 368 105 30 veut
830 372 44 27 se
898 358 198 41 dévouer
1120 369 107 29 avec
1254 356 84 42 lui.
1363 356 103 43 Vita
1489 357 208 53 s'élance,
1726 357 99 41 Vita
1875 357 243 56 l'accompa-

146 439 137 40 gnera
302 439 10 39 ;
355 424 54 41 ils
449 425 339 55 s'embarquent
823 438 41 30 et
908 426 327 56 disparaissent
1266 426 148 54 parmi
1454 425 65 41 les
1554 425 142 41 lames
1736 424 241 52 furieuses,
2011 426 134 54 qu'ils

146 494 127 41 n'ont
288 493 104 57 plus
418 493 40 41 le
480 493 198 55 pouvoir
706 495 53 40 de
779 494 183 43 calmer.
992 496 76 41 Un
1088 494 134 42 vieux
1258 494 148 41 marin
1434 494 94 55 qui,
1552 494 165 55 depuis
1739 494 40 40 le
1803 494 92 42 mât
1918 496 60 39 du
2004 496 114 40 séma-

143 562 162 54 phore,
331 562 64 41 les
419 562 90 41 suit
528 562 77 41 des
628 576 131 41 yeux,
788 565 71 40 ôte
880 577 83 28 son
981 564 172 40 bonnet
1176 572 42 31 et
1240 576 238 41 prononce
1498 562 64 41 les
1585 562 179 55 paroles
1789 563 60 40 du
1869 563 69 40 De
1951 562 168 55 profun-

144 630 85 43 dis.
253 631 59 41 Et
327 630 106 44 .l'on
469 631 203 55 apprend
695 631 116 42 ainsi
835 646 86 41 que
953 645 72 28 ces
1061 632 117 40 deux
1213 631 123 40 âmes
1379 641 80 30 ont
1491 632 158 39 trouvé
1674 631 39 40 le
1745 644 134 41 repos
1919 631 113 40 dans
2055 645 89 27 une

144 709 122 31 mort
286 698 274 43 fraternelle.

202 767 74 41 On
300 766 85 42 sait
404 781 87 41 que
513 768 64 41 M.
600 768 166 55 d'lndy
788 782 54 27 ne
863 769 92 40 s'en
975 779 142 31 remet
1131 769 21 41 à
1173 781 228 43 personne
1421 769 61 40 du
1500 767 103 42 soin
1624 767 186 42 d'écrire
1845 781 69 27 ses
1938 767 202 56 poèmes,

144 844 41 31 et
205 833 110 56 qu'il
335 834 63 41 les
422 834 110 42 écrit
548 849 53 27 en
626 849 149 42 prose.
804 837 84 40 Les
905 837 222 55 quelques
1142 836 213 42 citations
1379 837 78 55 qui
1481 837 245 55 précèdent
1752 846 198 45 peuvent
1966 837 178 40 donner

143 916 89 28 une
255 902 97 42 idée
379 904 53 40 de
468 913 111 32 cette
601 918 135 40 prose
767 918 87 28 aux
877 905 203 55 rythmes
1100 906 182 51 fermes,
1308 920 86 27 aux
1425 916 180 31 accents
1632 905 106 41 bien
1768 906 231 54 marqués,
2020 906 123 53 prête

144 971 23 41 à
187 971 41 41 la
251 971 214 42 mélodie.
487 972 158 52 Quant
661 975 23 38 à
703 973 42 41 la
768 973 212 50 mélodie,
1004 988 68 27 ses
1094 974 147 54 lignes
1266 975 298 54 vigoureuses
1589 988 44 27 se
1652 974 241 41 détachent
1916 987 55 27 en
1991 972 151 57 pleine

143 1038 193 42 lumière
353 1053 105 28 avec
479 1039 42 43 la
542 1040 104 55 plus
663 1041 136 41 noble
823 1041 247 42 hardiesse.
1098 1044 90 40 Car
1216 1042 40 40 le
1287 1044 183 49 Maître,
1505 1056 82 42 par
1615 1056 62 28 un
1717 1042 184 42 dernier
1936 1041 132 42 effort
2088 1042 52 40 de

144 1121 84 27 son
253 1118 66 31 art
343 1118 40 31 et
405 1108 54 41 de
483 1122 46 27 sa
560 1109 202 52 volonté,
802 1123 24 27 a
865 1109 112 40 évité
1004 1120 125 30 toute
1167 1110 345 55 complication,
1548 1121 126 31 toute
1708 1110 341 43 accumulation
2086 1111 54 39 de

143 1175 186 42 matière
358 1176 235 53 musicale,
619 1186 99 32 tout
741 1176 127 41 excès
892 1177 53 39 de
970 1176 198 42 richesse
1193 1191 60 27 ou
1289 1179 52 39 de
1379 1178 175 54 métier,
1574 1189 99 30 tout
1693 1179 324 55 empâtement,
2038 1188 101 31 tout

142 1244 396 41 enchevêtrement
553 1256 9 28 :
588 1257 63 27 un
668 1244 65 40 air
755 1244 115 40 libre
894 1254 41 31 et
951 1258 87 41 pur
1061 1244 167 42 circule
1247 1245 112 41 dans
1383 1256 113 31 cette
1515 1246 220 55 partition
1757 1261 86 40 que
1865 1261 117 27 nous
2004 1259 110 42 pour-

143 1325 108 28 rons
271 1311 175 41 bientôt
468 1311 208 54 analyser
694 1325 106 27 avec
822 1312 104 54 plus
947 1313 52 40 de
1021 1312 151 41 détail.

1119 1514 43 42 II

668 1658 51 26 LE
751 1645 198 40 PRÉLUDE
979 1659 24 25 A
1031 1643 290 42 L'APRÈS-MIDI
1350 1645 102 40 D'UN
1480 1659 139 27 FAUNE

860 1749 86 54 (M.
977 1749 178 42 CLAUDE
1194 1751 228 50 DEBUSSY)

197 1882 61 41 Ce
285 1881 192 42 Prélude
501 1881 111 41 n'est
634 1895 96 41 pas,
752 1895 55 27 au
840 1894 103 28 sens
968 1880 161 42 absolu
1154 1882 59 40 du
1244 1892 111 41 mot,
1392 1895 87 27 une
1513 1883 272 51 nouveauté,
1818 1880 219 56 puisqu'il
2070 1881 69 41 fut

138 1951 182 39 exécuté
338 1950 76 40 dès
442 1951 111 53 1894
581 1950 23 40 à
624 1949 41 41 la
706 1949 174 41 Société
905 1948 259 54 Nationale,
1188 1959 40 31 et
1252 1949 143 55 repris
1418 1963 89 41 peu
1535 1950 129 54 après
1687 1963 81 41 par
1790 1950 120 40 MM.
1936 1950 167 40 Lamou-

137 2032 108 26 reux
265 2028 41 30 et
329 2018 228 41 Colonne.
585 2017 119 41 Mais
727 2017 186 43 l'oeuvre
950 2018 165 40 n'avait
1139 2031 79 41 pas
1242 2019 65 39 été
1331 2017 256 55 appréciée,
1615 2017 45 41 ni
1686 2032 104 27 sans
1826 2018 137 40 doute
2005 2020 107 38 écou-

136 2087 83 51 tée,
261 2100 104 26 avec
536 2085 40 41 le
614 2085 160 49 calme,
800 2085 39 41 le
869 2084 176 42 sérieux
1068 2095 41 31 et
1148 2084 329 56 l'impartialité
1507 2086 294 49 nécessaires,
1848 2099 89 37 car,
1966 2085 24 41 à
2025 2096 113 30 cette

138 2155 179 54 époque
340 2153 238 53 lointaine,
619 2154 40 40 le
689 2167 110 27 nom
833 2154 53 40 de
920 2154 65 40 M.
1022 2154 213 55 Debussy
1266 2153 107 42 était
1409 2167 168 28 encore
1618 2168 64 27 un
1717 2154 218 41 étendard
1974 2164 166 31 autour

136 2221 170 54 duquel
331 2235 44 27 se
406 2221 212 42 livraient
649 2222 53 40 de
724 2222 219 55 bruyants
967 2221 221 42 combats.
1218 2222 75 41 On
1329 2235 24 28 a
1387 2235 62 42 pu
1481 2221 116 54 voir,
1637 2222 23 41 à
1686 2222 96 41 l'un
1816 2223 78 39 des
1933 2220 205 43 derniers

138 2291 221 41 Concerts
385 2289 281 54 Chevillard,
691 2305 86 40 que
814 2290 42 41 la
885 2291 145 40 douce
1065 2289 255 42 Mélisande
1345 2304 24 27 a
1402 2290 84 41 fait
1509 2290 113 42 taire
1662 2304 73 27 ces
1768 2289 213 56 passions
2006 2303 99 28 mau-

134 2358 145 42 vaises
303 2369 42 30 et
362 2359 151 54 apaisé
533 2358 64 41 les
618 2359 116 41 rixes
764 2359 216 42 brutales.
1009 2359 60 41 Le
1093 2369 207 31 moment
1322 2369 66 30 est
1411 2359 119 40 donc
1564 2373 119 27 venu
1708 2359 53 40 de
1794 2358 95 41 dire
1915 2358 222 55 quelques

134 2438 120 30 mots
289 2427 135 41 d'une
457 2441 154 27 œuvre
650 2442 86 40 que
774 2428 92 40 l'on
892 2441 267 27 commence
1194 2427 24 40 à
1253 2427 199 55 pouvoir
1481 2430 165 52 goûter
1681 2441 54 26 en
1762 2426 121 56 paix.

191 2496 49 40 L'
266 2512 19 21 «
312 2495 208 55 Eglogue
550 2513 19 21 »
602 2496 53 40 de
688 2495 239 42 Mallarmé
960 2496 59 54 (1)
1058 2497 71 39 n'a
1167 2496 142 54 qu'un
1331 2495 197 41 lointain
1572 2504 189 46 rapport
1798 2508 105 27 avec
1928 2495 134 41 celles
2084 2496 53 40 de

131 2564 173 55 Virgile
326 2576 9 29 :
362 2578 47 27 ce
426 2564 135 42 faune
581 2564 159 55 ignore
763 2564 63 41 les
850 2565 181 40 tendres
1051 2578 238 27 romances
1322 2564 108 40 d'un
1449 2562 197 42 Mélibée
1668 2576 58 27 ou
1753 2562 108 41 d'un
1888 2563 245 55 Corydon;

134 2647 47 27 sa
219 2632 168 42 double
418 2632 123 54 flûte,
579 2632 79 56 qui
691 2632 181 42 devient
910 2632 176 42 bientôt
1115 2646 88 28 une
1228 2632 174 55 syrinx,
1441 2649 19 21 «
1500 2631 283 41 instrument
1816 2631 79 40 des
1927 2630 136 41 fuites
2095 2648 38 36 »,

132 2703 189 53 évoque,
345 2702 113 40 dans
480 2702 40 40 le
553 2701 171 55 mirage
760 2702 136 40 d'une
936 2702 265 55 après-midi
1226 2701 225 53 brûlante,
1471 2702 77 40 des
1574 2700 171 42 formes
1767 2713 304 28 savoureuses
2095 2709 42 31 et

133 2770 77 40 des
230 2769 261 55 poursuites
512 2769 78 55 qui
612 2783 54 27 ne
691 2780 103 31 sont
809 2770 133 54 point
963 2770 157 41 vaines
1148 2783 7 27 :

476 2886 72 32 Ces
571 2886 202 42 nymphes,
795 2886 32 42 je
850 2886 55 33 les
919 2896 98 23 veux
1036 2887 215 42 perpétuer.

1260 2942 36 33 Si
1324 2942 95 32 clair

477 2996 101 33 Leur
599 2997 174 33 incarnat
791 2997 117 44 léger,
933 2998 93 42 qu'il
1047 2998 143 44 voltige
1214 2998 95 32 dans
1329 2997 84 33 l'air

477 3052 165 43 Assoupi
668 3053 46 33 de
737 3054 200 33 sommeils
959 3053 156 35 touffus.

189 3171 118 43 Mais
331 3182 112 31 cette
465 3171 151 41 vision
640 3171 170 41 fraîche
831 3171 112 41 n'est
971 3172 219 54 peut-être
1211 3171 142 54 qu'un
1374 3172 100 39 rêve
1498 3183 7 28 :

479 3286 326 34 Réfléchissons...
829 3297 48 22 ou
901 3286 30 33 si
953 3286 53 33 les
1029 3285 161 34 femmes
1213 3286 92 32 dont
1324 3292 40 26 tu
1397 3286 128 44 gloses

480 3342 185 45 Figurent
684 3352 53 23 un
759 3342 154 35 souhait
936 3343 45 32 de
1004 3349 55 26 tes
1085 3352 86 23 sens
1191 3341 211 34 fabuleux?

179 3500 57 50 (I)
268 3500 174 38 Publiée
474 3512 51 26 en
553 3500 113 50 1876,
699 3508 39 30 et
761 3500 187 38 destinée
972 3500 175 38 d'abord
1178 3500 21 37 à
1232 3500 85 38 être
1341 3500 152 38 récitée
1525 3512 77 38 par
1631 3501 57 39 M.
1721 3500 212 50 Coquelin
1962 3502 95 36 aîné
2084 3501 49 49 (!)
