2278 3749
2137 257 0 0 457

925 219 197 32 MUSIQUE
1153 219 212 28 MODERNE

1116 390 68 41 III

961 535 157 26 SERRES
1154 534 190 28 CHAUDES

703 625 84 52 (M.
823 624 309 41 MAETERLINCK
1162 639 54 26 ET
1250 625 51 40 E.
1339 624 249 54 CHAUSSON)

208 753 63 41 Ce
297 752 102 42 titre
432 753 212 42 convient
664 768 124 27 assez
808 755 103 40 bien
935 769 55 27 au
1014 756 185 40 Recueil
1219 756 214 55 poétique
1460 756 78 55 qui
1560 770 117 27 nous
1712 757 97 41 vint
1842 758 60 40 du
1927 758 127 40 Nord
2075 771 54 26 en

160 821 128 54 1889.
319 821 88 41 Des
437 824 124 39 rêves
595 823 158 40 lourds
791 832 40 30 et
865 823 223 48 maladifs,
1122 823 171 40 l'ennui
1317 823 134 40 d'une
1482 823 69 40 vie
1574 823 158 41 factice
1767 834 40 31 et
1830 824 300 54 prisonnière,

157 902 88 27 une
270 899 187 44 torpeur
484 889 231 49 fiévreuse,
736 902 63 27 un
830 889 85 40 ciel
946 889 117 40 voilé
1099 890 53 39 de
1180 889 198 40 chaudes
1403 890 153 49 buées,
1580 904 88 27 une
1694 892 163 52 pensée
1887 905 54 26 en
1965 891 166 50 dérive,

153 956 81 54 qui
259 958 137 40 s'ébat
414 967 41 30 et
478 956 121 41 aussi
619 970 44 27 se
684 957 146 46 débat,
857 970 103 27 sans
984 957 195 54 pouvoir
1201 970 45 27 se
1268 956 216 52 ressaisir,
1511 958 77 39 des
1621 957 170 54 images
1815 957 78 55 qui
1919 958 216 41 viennent

151 1037 61 26 on
235 1037 54 27 ne
312 1024 84 41 sait
418 1025 121 51 d'où,
565 1034 41 30 et
628 1024 92 40 s'en
742 1034 126 43 vont,
894 1037 87 27 une
1019 1023 164 56 langue
1220 1023 122 42 riche
1378 1037 55 28 en
1469 1037 133 28 noms
1623 1035 40 30 et
1692 1038 168 41 pauvre
1883 1038 54 27 en
1959 1026 174 49 verbes,

154 1092 77 39 des
250 1091 187 54 phrases
460 1091 78 54 qui
563 1091 225 41 semblent
821 1091 155 41 courir
1009 1092 129 54 après
1172 1092 98 40 leur
1299 1105 101 27 sens
1433 1102 40 30 et
1491 1105 54 27 ne
1576 1091 159 55 jamais
1758 1091 268 50 l'atteindre,
2053 1092 82 41 tels

147 1169 105 30 sont
280 1158 63 41 les
374 1159 246 41 caractères
647 1159 53 40 de
735 1169 112 31 cette
871 1159 152 55 poésie
1055 1159 222 50 confinée,
1300 1159 210 55 ataxique
1550 1169 57 42 et,
1646 1172 119 41 pour
1784 1169 98 31 tout
1906 1159 112 50 dire,
2045 1159 88 42 fort

149 1225 195 43 étudiée.
372 1226 228 43 Combien
618 1226 151 42 valent
784 1227 153 41 mieux
951 1228 64 40 les
1036 1228 176 40 drames
1234 1241 53 27 en
1310 1241 148 41 prose,
1486 1241 58 27 ou
1573 1226 62 42 les
1656 1228 155 40 études
1834 1226 267 56 philosophi-

153 1308 128 40 ques,
307 1308 60 27 ou
388 1294 64 41 les
480 1295 232 41 Chansons
720 1328 7 18 ,
753 1296 59 39 où
832 1306 98 30 tout
952 1295 40 40 le
1028 1294 285 42 raffinement
1337 1296 76 40 des
1436 1294 218 56 premiers
1686 1308 99 28 vers
1811 1295 102 41 s'est
1934 1294 202 42 converti

153 1376 54 26 en
233 1361 259 56 simplicité,
602 1362 242 56 simplicité
876 1362 166 42 voulue
1069 1376 178 39 encore,
1274 1363 114 42 mais
1420 1362 184 56 exquise
1639 1373 40 31 et
1714 1362 261 42 touchante.
2013 1362 121 52 Quoi

151 1430 112 54 qu'il
287 1444 53 26 en
364 1430 102 49 soit,
492 1430 64 40 les
576 1431 162 40 Serres
757 1430 193 42 chaudes
974 1441 79 31 ont
1076 1430 147 41 séduit
1244 1430 40 41 le
1308 1430 225 41 musicien
1556 1430 245 55 distingué,
1827 1441 100 45 trop
1950 1432 66 39 tôt
2041 1430 94 42 ravi

156 1511 80 41 par
267 1497 42 41 la
332 1508 134 42 mort,
492 1512 85 40 que
602 1497 67 41 fut
692 1498 52 40 E.
778 1498 259 50 Chausson,
1064 1511 40 28 et
1125 1498 63 40 les
1210 1498 105 54 cinq
1332 1498 147 55 pièces
1506 1497 111 56 qu'il
1637 1512 23 27 a
1682 1498 135 41 mises
1846 1512 54 26 en
1924 1498 211 54 musique

151 1565 252 54 paraissent
422 1565 309 54 aujourd'hui,
756 1580 55 26 en
840 1580 62 26 un
929 1566 87 40 fort
1038 1566 176 54 élégant
1248 1566 151 40 cahier
1427 1566 79 54 (1),
1529 1579 106 27 sous
1659 1565 39 40 le
1722 1567 191 39 numéro
1934 1565 199 41 d'œuvre

153 1646 71 40 24.
259 1633 50 40 Je
345 1647 55 26 ne
438 1633 119 40 crois
592 1647 80 40 pas
713 1647 85 40 que
834 1633 158 54 jamais
1026 1633 131 54 poète
1196 1633 60 41 ait
1293 1632 153 41 fourni
1475 1633 23 41 à
1532 1647 63 26 un
1627 1632 222 41 musicien
1881 1642 114 31 texte
2031 1633 102 54 plus

149 1699 275 41 incohérent
447 1714 85 40 que
550 1700 117 40 celui
687 1701 53 38 de
764 1700 39 40 la
824 1700 221 54 première
1065 1699 123 55 pièce
1213 1701 59 39 du
1293 1699 166 41 recueil
1484 1700 12 53 (
1501 1700 140 41 Serre
1660 1699 205 55 chaude).

494 1810 31 32 O
548 1819 101 23 serre
675 1819 47 23 au
745 1809 135 32 milieu
903 1809 64 32 des
991 1808 133 34 forêts!

494 1865 47 33 Et
563 1875 67 22 vos
651 1870 126 37 portes
803 1865 18 31 à
845 1864 137 41 jamais
1003 1865 122 31 c'oses
1150 1863 5 33 !

490 1920 46 33 Et
558 1927 83 26 tout
662 1930 41 22 ce
729 1919 89 43 qu'il
842 1930 23 32 y
887 1929 21 23 a
929 1929 91 23 sous
1040 1926 105 26 votre
1167 1919 175 43 coupole,

491 1976 47 32 Et
553 1976 94 32 dans
672 1985 90 22 mon
786 1976 85 32 âme
888 1985 46 23 en
953 1985 64 23 vos
1037 1974 195 44 analogies
1247 1974 7 32 !

494 2031 70 32 Les
584 2030 160 44 pensées
769 2030 111 33 d'une
903 2030 193 42 princesse
1117 2029 64 44 qui
1208 2040 20 21 a
1248 2028 105 42 faim,

493 2086 155 32 L'ennui
668 2086 89 31 d'un
778 2085 156 33 matelot
958 2086 96 32 dans
1078 2086 32 31 le
1133 2084 138 40 désert,

497 2141 84 33 Une
600 2141 178 42 musique
798 2141 45 32 de
866 2141 126 32 cuivre
1016 2151 73 22 aux
1112 2140 161 33 fenêtres
1296 2141 67 32 des
1383 2140 237 40 incurables;

492 2197 105 31 Allez
615 2206 77 22 aux
709 2197 130 42 angles
853 2197 55 31 les
931 2196 85 42 plus
1042 2195 118 33 tièdes
1179 2197 6 31 !

496 2253 59 31 On
580 2251 114 33 dirait
710 2262 74 22 une
809 2250 141 34 femme
972 2250 183 33 évanouie
1176 2260 52 23 un
1255 2251 84 43 jour
1358 2251 46 31 de
1421 2250 171 32 moisson
1614 2261 7 29 ;

490 2307 30 31 Il
544 2317 23 33 y
589 2317 20 23 a
632 2307 64 33 des
720 2306 202 43 postillons
941 2306 93 32 dans
1056 2307 34 31 la
1110 2316 91 22 cour
1223 2306 45 33 de
1294 2305 194 43 l'hospice.

492 2363 57 32 Au
569 2362 76 32 loin
666 2371 109 33 passe
797 2372 52 22 un
868 2362 181 32 chasseur
1072 2361 142 33 d'élans
1240 2361 143 33 devenu
1411 2359 231 34 infirmier...

1630 2414 80 33 Etc.

201 2529 194 38 Aucune
416 2525 245 52 obscurité,
685 2539 181 27 comme
886 2539 60 27 on
965 2525 94 41 voit
1091 2537 8 29 :
1132 2525 31 41 il
1186 2526 127 53 s'agit
1336 2525 132 41 d'une
1493 2524 294 42 discordance
1810 2524 326 55 douloureuse,

143 2594 173 41 décrite
352 2593 23 41 à
409 2594 142 54 grand
586 2592 173 42 renfort
799 2594 66 40 d'«
901 2593 231 54 analogies
1165 2608 38 36 »,
1247 2592 272 42 c'est-à-dire
1558 2593 53 39 de
1644 2592 316 54 métaphores;
1997 2592 31 40 il
2062 2606 27 40 y
2115 2606 23 27 a

148 2661 195 55 quelque
377 2661 137 41 chose
557 2660 269 55 d'analogue
861 2662 111 40 dans
1005 2661 26 40 Y
1037 2661 276 54 Impression
1327 2662 164 52 fausse
1530 2674 58 26 ou
1627 2660 63 40 les
1718 2660 342 42 Réversibilités
2083 2661 53 39 de

146 2728 225 50 Verlaine,
397 2728 114 41 mais
543 2742 106 27 avec
672 2728 102 54 plus
800 2730 52 40 de
877 2730 128 53 grâce
1032 2739 41 30 et
1095 2742 88 27 une
1207 2728 156 40 moins
1385 2728 161 40 lourde
1568 2727 278 55 rhétorique.
1881 2728 52 41 E.
1962 2726 147 43 Chaus-

148 2811 82 26 son
248 2811 23 27 a
294 2797 89 40 fort
404 2796 104 41 bien
534 2796 203 55 compris
757 2796 39 41 le
817 2810 101 27 sens
940 2797 52 40 de
1018 2806 113 31 cette
1155 2796 124 55 pièce
1306 2811 7 26 :
1339 2795 30 41 il
1394 2809 54 27 ne
1468 2795 102 41 s'est
1593 2808 77 42 pas
1699 2794 174 42 attaché
1893 2795 22 41 à
1938 2794 198 42 traduire

141 2863 295 42 l'immensité
459 2865 53 39 de
538 2863 41 42 la
600 2864 133 52 forêt,
760 2863 46 41 ni
838 2865 63 40 les
934 2864 154 55 appels
1124 2865 76 40 des
1231 2863 260 55 postillons,
1515 2862 45 41 ni
1590 2864 146 39 même
1780 2880 19 20 «
1842 2862 42 41 la
1925 2862 212 55 musique

146 2933 53 38 de
223 2931 151 41 cuivre
398 2945 86 27 aux
508 2931 192 41 fenêtres
724 2933 76 39 des
821 2931 258 42 incurables
1101 2949 37 36 »,
1162 2931 187 42 sachant
1369 2930 103 41 bien
1508 2944 87 41 que
1624 2944 71 27 ces
1726 2930 158 41 détails
1914 2930 224 41 n'avaient

146 2999 329 54 d'importance
511 3013 86 40 que
630 3013 79 40 par
743 2999 40 40 le
827 2999 245 42 sentiment
1110 2999 133 55 qu'ils
1278 2997 387 43 matérialisaient.
1701 2999 64 41 Ce
1798 2997 244 42 sentiment
2074 3008 64 31 est

146 3066 104 41 bien
283 3067 144 40 rendu
449 3080 78 41 par
550 3080 48 26 ce
624 3066 152 41 dessin
800 3067 115 54 agité
939 3068 61 39 du
1019 3066 153 55 piano,
1195 3080 55 27 en
1268 3067 42 40 si
1333 3065 194 54 mineur,
1550 3067 59 40 où
1635 3066 232 42 abondent
1887 3065 63 41 les
1983 3065 129 42 frotte-

146 3145 148 30 ments
327 3145 40 30 et
395 3133 64 41 les
484 3133 314 42 modulations
821 3135 259 54 passagères
1100 3148 9 38 ;
1131 3133 149 56 j'aime
1303 3133 151 42 moins
1489 3134 40 41 le
1566 3133 152 51 chant,
1744 3133 77 55 qui
1842 3133 111 40 n'est
1974 3146 98 41 pas,
2098 3142 40 31 et

146 3215 54 26 ne
220 3201 188 55 pouvait
431 3203 105 50 être,
554 3215 88 26 une
663 3201 211 53 mélodie,
891 3202 112 41 mais
1021 3202 69 41 n'a
1103 3215 78 41 pas
1196 3203 250 52 davantage
1464 3201 41 42 la
1525 3201 244 54 simplicité
1790 3201 108 40 d'un
1919 3199 198 41 récitatif
2127 3212 9 39 ;

144 3283 72 26 ces
236 3280 195 38 accents,
456 3282 72 28 ces
558 3268 124 41 élans
712 3268 57 55 (je
802 3283 54 26 ne
879 3269 122 54 parle
1025 3283 78 41 pas
1142 3270 53 39 de
1230 3283 111 27 ceux
1378 3270 62 39 du
1470 3269 250 50 chasseur),
1752 3281 71 27 ces
1863 3277 246 30 contourne-

147 3347 147 31 ments
330 3338 53 40 de
421 3337 42 41 la
496 3335 108 42 voix
645 3337 131 40 n'ont
808 3337 135 52 guère
989 3338 53 39 de
1082 3337 151 41 raison
1277 3337 151 52 d'être,
1473 3346 40 31 et
1547 3335 262 54 soulignent
1833 3333 22 42 à
1878 3333 160 41 l'excès
2074 3333 64 41 les

188 3482 59 47 (i)
281 3483 208 36 Baudoux
508 3481 181 48 (Bellon,
722 3481 253 38 Ponscarme
999 3488 38 30 et
1058 3480 104 47 Cie),
1185 3480 196 38 éditeurs.
