2278 3749
888 224 239 29 EXERCICES
1160 210 238 42 D'ANALYSE

2050 222 74 38 471

817 394 305 43 Exercices
1152 394 303 52 d'analyse.

209 1063 84 40 Tel
319 1073 80 40 est,
418 1075 59 28 on
501 1063 91 39 s'en
617 1061 224 51 souvient,
863 1061 40 40 le
924 1061 135 42 chant
1082 1075 131 41 grave
1236 1072 41 31 et
1300 1062 136 52 doux,
1471 1072 41 31 et
1534 1063 133 41 d'une
1686 1063 249 42 admirable
1961 1063 147 54 simpli-

153 1130 101 51 cité,
279 1130 78 55 qui
381 1129 191 42 s'exhale
593 1130 52 40 de
668 1128 261 42 l'orchestre
956 1143 55 27 au
1044 1130 137 41 début
1220 1131 53 40 de
1301 1129 193 42 Pelléas.
1531 1132 381 49 Arrêtons-nous,
1935 1144 117 41 pour
2092 1131 39 39 le

153 1208 220 42 moment,
397 1197 22 42 à
442 1211 71 28 ces
538 1208 155 44 quatre
718 1211 201 28 mesures
944 1197 77 55 qui
1060 1197 163 50 disent,
1249 1198 23 41 à
1291 1197 107 41 elles
1419 1197 158 52 seules,
1605 1198 41 41 la
1670 1198 198 41 tristesse
1888 1199 134 40 d'une
2052 1211 54 28 an-

152 1266 125 54 tique
290 1265 204 55 légende,
520 1275 40 31 et
579 1265 191 42 tâchons
785 1265 252 56 d'analyser
1061 1275 110 31 cette
1192 1265 287 56 impression.
1509 1267 62 41 Ce
1592 1276 296 31 mouvement
1907 1267 52 40 de
1974 1265 157 55 quinte

153 1333 149 54 (ré-la)
326 1343 65 31 est
405 1334 225 53 peut-être
654 1333 38 40 le
713 1333 102 54 plus
854 1332 176 42 naturel
1069 1333 52 40 de
1162 1343 103 30 tous
1287 1333 64 41 les
1374 1345 317 30 mouvements
1731 1334 52 41 de
1824 1334 43 41 la
1903 1333 106 41 voix
2034 1351 7 25 :
2069 1347 62 27 un

155 1401 141 53 grand
345 1401 191 40 nombre
576 1401 229 40 d'introits
849 1400 278 55 grégoriens,
1164 1411 41 30 et
1239 1399 227 56 plusieurs
1502 1401 230 41 chansons
1773 1401 262 55 populaires
2077 1401 54 40 de

154 1467 221 41 caractère
398 1467 160 41 ancien
582 1467 11 54 (
605 1468 55 40 Le
680 1468 88 40 Roi
788 1467 207 51 Renaud,
1020 1468 59 40 La
1101 1468 230 53 Permette,
1353 1470 60 39 Le
1442 1470 89 40 Roi
1557 1470 128 53 Lojrs
1691 1501 8 18 ,
1741 1469 122 41 Voici
1898 1471 42 39 la
1971 1470 158 40 Saint-

153 1533 144 55 Jean),
323 1534 248 54 atteignent
594 1535 53 40 de
670 1544 111 31 cette
812 1534 200 41 manière
1033 1535 41 40 la
1098 1545 103 30 note
1235 1535 76 54 qui
1336 1535 197 42 formera
1555 1536 110 40 l'axe
1689 1536 52 40 de
1768 1536 42 40 la
1834 1536 212 52 mélodie,
2084 1549 47 27 sa

152 1602 122 54 ligne
316 1602 53 40 de
406 1612 165 41 centre,
618 1615 45 27 sa
693 1601 274 41 dominante.
1005 1601 353 55 Rappellerai-je
1390 1602 57 40 ici
1489 1616 102 40 que,
1634 1603 127 41 selon
1793 1604 152 54 Denys
1982 1604 115 39 d'Ha-

149 1669 260 55 licarnasse,
435 1670 31 40 il
499 1686 29 39 y
559 1684 23 27 a
604 1684 62 26 un
695 1669 235 42 intervalle
953 1669 53 40 de
1031 1668 171 55 quinte,
1229 1670 111 40 dans
1362 1669 40 40 le
1425 1669 203 55 langage,
1667 1681 124 29 entre
1831 1684 88 26 une
1955 1670 171 55 syllabe

153 1739 239 39 accentuée
413 1747 41 30 et
485 1750 88 27 une
612 1736 169 55 syllabe
823 1738 163 39 atone?
1011 1736 113 40 Sans
1157 1746 229 31 remonter
1421 1736 23 40 à
1466 1750 88 27 une
1594 1737 121 41 aussi
1738 1737 227 41 lointaine
1997 1747 105 31 auto-

155 1804 97 51 rité,
277 1804 32 40 il
337 1803 124 41 suffit
484 1805 53 39 de
560 1816 265 41 remarquer
840 1816 85 41 que
949 1813 68 29 cet
1060 1802 247 51 intervalle,
1353 1803 149 40 moins
1536 1805 165 39 étendu
1734 1818 86 40 que
1861 1806 187 39 l'octave
2089 1814 41 30 et

156 1884 192 42 presque
382 1871 120 41 aussi
522 1880 304 41 consonnant,
849 1880 63 30 est
935 1876 21 35 à
990 1870 42 40 la
1049 1870 86 40 fois
1158 1870 87 40 très
1270 1870 129 41 facile
1423 1871 23 40 à
1478 1870 145 51 saisir,
1648 1885 117 40 pour
1801 1871 203 50 l'oreille,
2027 1881 41 30 et
2106 1871 23 41 à

158 1940 210 54 prendre,
388 1952 117 41 pour
527 1938 42 40 la
585 1937 120 42 voix.
732 1938 118 40 D'où
874 1950 83 27 son
986 1937 94 41 rôle
1103 1938 336 54 prépondérant
1469 1938 111 40 dans
1602 1938 42 40 la
1686 1938 212 54 musique
1934 1939 52 40 de
2025 1948 104 31 tous

155 2006 66 41 les
244 2016 146 44 temps
409 2022 9 34 ;
441 2006 104 40 d'où
566 2004 120 42 aussi
710 2018 83 27 son
819 2005 221 41 caractère
1061 2004 162 55 simple
1245 2015 41 30 et
1299 2004 216 54 .primitif.

212 2073 162 52 Quelle
393 2083 79 42 est,
495 2072 296 50 maintenant,
814 2072 270 40 l'harmonie
1112 2072 51 40 de
1188 2082 111 30 cette
1336 2072 222 54 première
1600 2075 209 39 mesure?
1860 2074 76 40 Un
1968 2073 162 40 accord

155 2140 179 56 parfait,
357 2139 224 41 construit
605 2153 76 27 sur
700 2139 39 40 le
763 2142 64 38 ré.
854 2139 117 41 Mais
995 2154 60 26 011
1079 2152 287 41 remarquera
1385 2139 224 41 l'absence
1633 2140 53 40 de
1704 2140 42 40 la
1768 2140 135 40 tierce
1924 2140 11 54 (
1940 2140 51 52 fa
1995 2140 30 54 ).
2055 2140 76 40 Un

153 2208 61 42 tel
234 2208 164 42 accord
434 2222 23 26 a
475 2222 118 40 pour
621 2220 117 28 nous
762 2206 193 55 quelque
980 2207 135 41 chose
1154 2208 53 39 de
1239 2206 189 51 flottant,
1462 2208 52 40 de
1551 2208 288 54 mystérieux,
1877 2218 41 30 et
1950 2221 179 28 comme

155 2276 42 41 la
219 2276 184 54 majesté
424 2276 53 40 de
499 2274 348 41 l'indéterminé.
873 2274 269 55 Pourquoi?
1167 2275 137 39 Parce
1321 2288 86 40 que
1436 2274 121 40 seule
1575 2274 41 42 la
1649 2274 152 50 tierce,
1834 2275 197 54 majeure
2070 2288 59 28 ou

158 2343 220 49 mineure,
401 2352 172 44 permet
597 2343 52 39 de
668 2341 164 41 classer
851 2355 62 27 un
938 2342 160 40 accord
1123 2342 110 39 dans
1268 2341 94 40 l'un
1403 2341 76 40 des
1508 2342 117 40 deux
1663 2342 172 52 modes,
1859 2342 173 54 majeur
2069 2356 59 26 ou

155 2410 198 51 mineur,
379 2420 123 30 entre
526 2409 196 55 lesquels
744 2419 129 31 notre
916 2408 210 54 musique
1146 2408 216 40 moderne
1401 2408 95 40 doit
1535 2418 127 44 opter
1685 2422 8 27 :
1734 2422 62 26 un
1828 2410 163 39 accord
2025 2422 103 28 sans

154 2477 152 53 tierce,
333 2486 178 31 surtout
543 2476 208 54 lorsqu'il
775 2489 44 27 se
840 2477 204 53 présente
1065 2488 55 27 au
1144 2476 137 40 début
1301 2475 133 41 d'une
1454 2474 178 55 phrase,
1653 2488 115 28 nous
1788 2477 202 53 apparaît
2009 2476 119 40 donc

154 2558 178 28 comme
350 2544 226 41 antérieur
598 2554 40 30 et
661 2543 235 54 supérieur
916 2543 23 41 à
962 2552 122 31 toute
1108 2542 335 54 spécialisation
1463 2556 9 38 ;
1498 2544 104 39 c'est
1622 2556 88 27 une
1742 2542 144 41 forme
1922 2543 204 53 générale

153 2624 41 30 et
214 2613 118 51 vide,
358 2610 272 54 susceptible
654 2611 52 40 de
746 2624 44 27 se
819 2610 197 55 préciser
1047 2610 53 40 de
1124 2610 116 40 deux
1271 2609 222 41 manières
1514 2609 269 42 différentes.
1811 2610 71 41 En
1917 2620 143 43 outre,
2085 2610 43 41 la

153 2692 288 29 consonance
461 2679 53 39 de
551 2678 155 54 quinte
730 2688 79 42 est,
832 2691 53 27 en
909 2691 62 27 un
991 2677 169 41 certain
1183 2690 118 38 sens,
1326 2676 102 54 plus
1456 2676 337 51 harmonieuse,
1818 2677 102 54 plus
1946 2678 181 53 fondue

153 2761 86 40 que
262 2746 108 41 celle
390 2747 53 40 de
463 2745 42 41 la
527 2745 134 41 tierce
689 2758 6 28 :
722 2745 188 40 l'oreille
944 2744 226 54 distingue
1193 2744 101 54 plus
1322 2743 315 42 difficilement
1668 2744 40 40 le
1733 2745 41 40 la
1795 2745 60 40 du
1876 2744 52 41 ré
1965 2745 161 54 qu'elle

155 2815 101 40 n'en
277 2813 315 54 distinguerait
614 2813 39 40 le
663 2813 59 55 fa
743 2831 17 36 %
783 2827 58 26 ou
868 2812 38 41 le
920 2812 61 55 fa
1002 2833 37 36 g.
1063 2812 66 40 De
1147 2811 43 41 là
1211 2810 236 55 provenait
1465 2811 40 41 la
1527 2811 147 41 vieille
1709 2811 319 42 classification
2050 2813 76 40 des

154 2895 309 28 consonances
486 2894 53 27 en
562 2879 210 56 parfaites
794 2879 173 55 (quinte
989 2879 115 54 juste
1125 2889 40 30 et
1188 2889 155 44 quarte
1365 2878 127 55 juste)
1518 2890 41 29 et
1579 2879 277 55 imparfaites
1877 2879 172 55 (tierces
2086 2890 40 31 et

155 2949 134 40 sixtes
310 2948 219 54 majeures
546 2957 41 30 et
609 2946 247 55 mineures)
872 2960 8 38 ;
905 2946 208 55 jusqu'au
1131 2946 136 40 début
1291 2946 57 40 du
1369 2960 70 27 xvi
1444 2954 12 16 e
1474 2945 148 51 siècle,
1646 2946 195 41 l'accord
1862 2945 107 43 final
1992 2947 134 41 d'une

154 3016 163 55 phrase
339 3014 24 41 à
383 3014 224 55 plusieurs
639 3014 165 54 parties
828 3013 147 42 devait
998 3027 44 27 se
1063 3026 240 41 composer
1325 3013 300 54 uniquement
1647 3014 53 41 de
1721 3014 179 55 quintes
1929 3025 42 30 et
2003 3015 99 40 d'oc-

153 3094 138 39 taves,
313 3082 21 40 à
358 3081 267 40 l'exclusion
658 3082 75 39 des
767 3081 175 51 tierces,
968 3081 88 41 afin
1078 3093 85 42 que
1186 3079 188 42 l'oreille
1393 3080 68 41 fût
1483 3080 278 55 pleinement
1784 3081 231 42 satisfaite.
2060 3082 66 39 De

153 3165 84 26 nos
256 3150 141 55 jours,
420 3162 55 27 au
498 3148 239 52 contraire,
760 3149 43 40 la
834 3149 134 40 tierce
988 3147 198 56 majeure
1209 3158 64 30 est
1296 3147 23 41 à
1341 3161 86 41 peu
1447 3148 100 55 près
1571 3150 52 39 de
1647 3149 133 54 règle,
1807 3149 110 40 dans
1938 3149 64 40 les
2021 3162 78 26 con-

153 3217 220 49 clusions,
400 3226 40 31 et
458 3216 93 40 l'on
570 3215 203 54 prescrit,
807 3216 23 41 à
851 3216 172 50 l'école,
1051 3232 18 21 «
1095 3215 183 41 d'éviter
1297 3215 64 41 les
1399 3217 186 40 accords
1626 3215 254 54 imparfaits
1920 3233 37 24 ».
1996 3216 129 39 Nous

154 3288 258 53 éprouvons
431 3285 40 40 le
494 3283 158 42 besoin
674 3285 52 39 de
748 3284 198 55 préciser
963 3299 102 27 sans
1084 3298 121 27 cesse
1227 3284 40 40 le
1287 3284 152 49 mode,
1464 3285 146 39 même
1631 3297 85 27 aux
1739 3283 167 53 dépens
1924 3283 52 39 de
2010 3281 90 41 l'eu-

153 3353 192 55 phonie;
371 3354 105 39 c'est
498 3351 229 55 pourquoi
746 3365 60 27 un
830 3353 162 40 accord
1025 3353 235 52 dépourvu
1278 3351 52 40 de
1353 3350 134 41 tierce
1508 3363 116 27 nous
1648 3360 64 30 est
1734 3363 61 26 un
1818 3363 86 40 peu
1928 3349 195 54 étrange,

156 3431 41 30 et
219 3434 117 28 nous
353 3420 183 41 ramène
558 3419 23 40 à
602 3419 76 40 des
701 3429 145 43 temps
873 3419 103 54 plus
1015 3419 198 50 anciens,
1240 3418 58 40 où
1333 3415 206 51 l'oreille,
1572 3415 102 54 plus
1709 3415 187 40 délicate
1944 3428 118 41 pour
2085 3415 40 41 le

157 3488 137 41 choix
325 3488 77 41 des
440 3499 328 40 consonances,
799 3486 237 53 n'exigeait
1067 3499 96 40 pas,
1187 3498 118 41 pour
1335 3483 299 54 comprendre
1675 3482 40 40 le
1748 3481 205 42 discours
1986 3483 141 41 musi-
