2237 3853
662 314 51 25 LE
747 307 193 34 SYSTÈME
973 301 274 40 D'HARMONIE
1281 315 54 26 DE
1369 315 192 26 RIEMANN

2026 307 73 47 665

127 403 203 43 D'autres
354 408 251 50 septièmes,
631 404 190 43 formées
844 421 78 38 par
945 407 249 40 l'imitation
1217 407 59 40 du
1300 411 142 36 même
1464 407 149 39 dessin
1638 419 74 26 sur
1734 405 191 40 d'autres
1944 406 159 50 degrés

127 473 54 40 de
203 473 211 51 l'échelle,
449 476 175 38 vinrent
648 473 227 54 s'ajouter;
910 474 120 41 enfin
1071 473 261 42 l'harmonie
1367 475 210 40 moderne
1600 488 45 27 se
1686 476 219 39 constitua
1934 489 78 36 par
2045 489 61 25 un

128 541 341 40 enchaînement
486 542 187 40 naturel.

182 607 64 42 Le
268 609 366 53 développement
654 610 52 39 de
738 608 263 42 l'harmonie
1038 615 199 36 entraîna
1267 625 84 25 une
1384 611 249 40 révolution
1662 611 110 40 dans
1808 611 39 39 la
1884 611 190 41 mélodie
2095 622 8 29 :

129 676 39 40 la
194 678 196 42 tonalité,
416 679 192 51 précisée
631 692 79 37 par
732 678 77 39 des
831 678 177 39 accords
1028 682 21 35 à
1069 678 242 40 résolution
1334 676 99 49 fixe,
1457 678 149 40 devint
1626 677 231 53 beaucoup
1879 678 100 53 plus
2012 693 71 26 res-

131 749 161 39 serrée,
314 754 40 31 et
377 759 113 38 pour
506 754 226 31 retrouver
750 745 52 39 de
822 745 39 38 la
880 744 156 40 liberté
1052 753 40 31 et
1111 745 218 52 échapper
1347 749 22 35 à
1390 745 38 39 la
1452 747 272 48 monotonie,
1745 746 38 39 le
1807 748 299 49 compositeur

130 812 76 40 dut
220 811 108 41 faire
350 828 59 25 un
428 826 139 37 usage
589 813 53 39 de
664 813 98 50 plus
782 825 52 26 en
855 812 99 51 plus
974 811 203 52 fréquent
1200 821 40 30 et
1275 814 199 49 imprévu
1497 812 53 39 de
1585 812 39 39 la
1658 813 290 39 modulation.
1971 812 132 49 Mais,

129 893 112 38 pour
257 894 84 38 que
363 880 39 40 la
426 880 277 40 modulation
725 878 64 41 fût
809 877 278 50 intelligible,
1102 879 28 38 il
1143 877 140 40 fallait
1301 892 84 37 que
1409 879 38 39 la
1466 880 181 39 tonalité
1665 879 64 40 fût
1751 880 53 39 de
1816 881 99 50 plus
1937 894 53 26 en
2007 882 99 50 plus

130 948 256 40 clairement
407 948 207 51 indiquée
633 961 80 37 par
735 946 39 39 le
796 948 143 38 moins
960 946 52 39 de
1035 953 124 32 notes
1181 945 211 52 possible,
1417 960 54 26 en
1492 956 115 30 sorte
1631 960 84 39 que
1735 948 37 38 la
1791 948 176 40 raideur
1990 950 52 38 de
2065 950 40 39 la

130 1015 182 39 tonalité
335 1016 91 38 s'en
466 1024 153 30 trouva
660 1027 166 26 accrue.
851 1012 64 41 La
955 1013 227 52 souplesse
1217 1013 52 39 de
1308 1013 39 39 la
1374 1014 181 40 tonalité
1589 1016 293 48 grégorienne
1912 1030 102 26 avec
2037 1030 69 26 ses

131 1091 208 42 quatorze
356 1082 152 40 modes
532 1080 150 41 n'était
702 1087 136 44 guère
859 1080 265 52 compatible
1149 1094 101 26 avec
1273 1094 69 26 ces
1362 1080 238 40 tendances
1632 1082 243 40 nouvelles.
1901 1082 64 40 De
2002 1083 40 39 là
2066 1084 39 39 la

130 1150 262 51 disparition
412 1150 52 39 de
487 1163 70 27 ces
583 1150 153 40 modes
760 1158 40 32 et
820 1150 39 38 la
882 1148 240 40 formation
1145 1149 52 39 de
1212 1149 111 40 deux
1346 1150 153 39 modes
1523 1162 246 35 nouveaux,
1788 1150 62 39 les
1866 1156 240 34 caractères

130 1230 183 39 propres
337 1232 81 25 aux
436 1218 153 39 modes
612 1217 53 39 de
679 1217 63 50 fa,
768 1218 52 38 de
840 1217 64 39 sol
926 1226 39 31 et
986 1217 88 40 d'ut
1108 1230 46 26 se
1177 1226 205 31 trouvant
1406 1222 20 34 à
1459 1231 85 38 peu
1579 1223 99 45 près
1717 1217 242 40 condensés
1995 1218 111 42 dans

132 1284 195 52 l'unique
346 1285 129 39 mode
495 1285 183 51 majeur,
702 1293 41 31 et
767 1284 61 40 les
851 1290 245 34 caractères
1119 1298 182 38 propres
1322 1300 81 25 aux
1427 1286 177 38 anciens
1624 1284 154 40 modes
1797 1284 52 40 de
1870 1287 59 46 ré,
1966 1284 53 40 de
2048 1284 60 40 mi

133 1361 40 31 et
196 1353 53 39 de
269 1352 40 39 la
334 1353 111 39 dans
464 1352 195 52 l'unique
679 1352 130 40 mode
831 1354 172 38 mineur
1028 1350 76 54 (i).

186 1419 285 41 L'harmonie
494 1433 158 39 propre
669 1434 54 26 au
743 1421 129 39 mode
893 1422 173 38 mineur
1093 1418 64 42 fut
1181 1421 242 39 constituée
1455 1433 74 27 sur
1548 1420 38 39 le
1623 1420 172 40 modèle
1833 1420 52 40 de
1910 1420 105 40 celle
2048 1420 57 41 du

134 1487 129 40 mode
286 1489 183 51 majeur,
492 1490 139 37 tantôt
654 1501 78 37 par
755 1488 219 38 imitation
991 1487 75 39 des
1086 1487 269 47 intervalles,
1379 1487 176 40 évalués
1576 1501 52 25 en
1649 1487 209 40 nombres
1878 1488 52 39 de
1950 1489 156 49 degrés

134 1555 53 39 de
207 1555 210 49 l'échelle,
443 1558 137 37 tantôt
598 1569 78 38 par
696 1555 38 39 la
760 1557 317 49 transposition
1100 1555 75 40 des
1195 1555 252 40 intervalles
1485 1555 317 51 harmoniques
1825 1564 281 43 proprement

135 1623 101 39 dits.
260 1622 67 40 En
349 1623 251 51 particulier
620 1623 37 38 la
677 1624 316 50 transposition
1014 1623 52 39 de
1090 1623 185 39 l'accord
1292 1623 53 38 de
1368 1625 209 49 septième
1599 1623 52 39 de
1671 1623 255 40 dominante
1948 1624 57 39 du
2030 1633 76 31 ton

135 1689 25 40 d
166 1687 8 13 9
178 1695 44 33 ut
245 1690 166 51 majeur
435 1703 73 26 sur
530 1690 38 39 le
586 1691 245 50 cinquième
853 1690 134 50 degré
1006 1690 52 39 de
1081 1689 194 40 l'échelle
1294 1690 52 39 de
1369 1690 40 38 la
1431 1692 173 38 mineur
1627 1689 46 41 fit
1696 1691 52 39 de
1771 1705 45 26 ce
1859 1693 247 50 cinquième

135 1757 134 49 degré
300 1771 84 25 une
420 1757 213 39 véritable
655 1758 258 38 dominante
947 1766 41 30 et
1020 1757 52 38 de
1101 1757 40 38 la
1165 1764 100 32 note
1297 1756 192 40 sensible
1508 1757 64 39 sol
1591 1758 24 35 J?
1637 1771 88 26 non
1748 1758 99 51 plus
1887 1773 85 26 une
2005 1768 102 31 note

134 1824 320 51 chromatique,
480 1826 111 38 mais
621 1838 85 26 une
741 1833 102 31 note
878 1837 158 38 propre
1068 1828 19 35 à
1110 1823 263 41 l'harmonie
1409 1825 55 38 du
1501 1833 90 39 ton,
1632 1834 40 31 et
1708 1826 399 51 particulièrement

134 1893 375 50 caractéristique.

187 1958 67 39 En
278 1963 187 42 résumé,
488 1972 112 38 pour
615 1972 129 36 nous,
767 1959 39 38 la
827 1961 193 38 création
1040 1959 53 39 de
1132 1959 261 39 l'harmonie
1431 1973 158 38 propre
1613 1974 53 25 au
1691 1961 131 40 mode
1860 1963 185 45 mineur,
2068 1969 40 32 et

132 2026 52 39 de
208 2025 261 41 l'harmonie
486 2039 53 26 en
555 2027 196 49 général,
777 2039 53 26 en
854 2035 174 42 partant
1044 2027 53 39 de
1115 2025 184 41 l'accord
1320 2026 160 52 parfait
1503 2028 183 52 majeur,
1710 2042 153 39 repose
1885 2043 74 26 sur
1990 2027 93 41 l'em-

133 2093 101 51 ploi,
263 2096 173 37 suivant
460 2095 61 38 les
539 2107 87 34 cas,
652 2095 52 38 de
724 2095 111 38 deux
852 2095 210 50 procédés
1095 2093 224 41 différents
1338 2103 40 31 et
1395 2094 101 39 bien
1517 2095 265 40 déterminés
1802 2096 52 39 de
1875 2097 207 50 reproduc-

134 2162 89 38 tion
239 2159 130 41 d'une
391 2161 188 40 formule
598 2161 214 40 musicale
833 2161 186 51 donnée,
1051 2162 210 51 procédés
1296 2164 137 38 usités
1455 2161 182 41 d'abord
1675 2163 110 39 dans
1817 2163 39 39 la
1900 2164 205 49 mélodie,

134 2230 146 38 savoir
298 2244 6 25 :
330 2234 38 33 i°
391 2227 248 42 l'imitation
657 2231 215 48 régulière
908 2243 55 26 ou
1002 2231 333 49 transposition,
1370 2230 74 51 qui
1477 2230 224 51 reproduit
1739 2230 61 40 les
1836 2232 269 49 intervalles,

134 2300 196 35 mesurés
354 2310 54 25 au
441 2310 159 38 moyen
619 2297 76 40 des
720 2307 203 42 rapports
946 2305 120 31 entre
1090 2296 62 39 les
1175 2296 209 40 nombres
1417 2297 53 38 de
1497 2296 247 41 vibrations
1769 2302 21 34 à
1825 2298 38 39 la
1889 2299 188 39 seconde
2096 2310 8 33 ;

137 2370 38 31 2°
201 2376 85 26 une
306 2364 219 39 imitation
546 2365 203 50 spéciale,
776 2367 74 49 qui
882 2364 225 52 reproduit
1134 2364 61 39 les
1230 2364 268 48 intervalles,
1520 2369 199 35 mesurés
1742 2379 53 25 en
1818 2365 208 41 nombres
2056 2366 52 39 de

135 2430 155 50 degrés
313 2431 52 39 de
395 2429 194 41 l'échelle
628 2432 272 52 diatonique.
938 2431 150 52 Quant
1120 2436 21 34 à
1173 2432 37 38 la
1243 2433 260 48 génération
1527 2432 56 40 du
1609 2434 129 38 mode
1777 2436 188 44 mineur,
2005 2449 103 27 avec

135 2507 119 30 toute
273 2511 81 26 son
377 2498 249 50 harmonie,
650 2514 78 36 par
747 2502 220 50 symétrie,
990 2500 82 39 elle
1092 2514 54 25 ne
1169 2512 111 27 nous
1297 2503 143 47 paraît
1458 2502 187 50 pouvoir
1667 2505 92 35 être
1789 2503 211 49 regardée
2025 2517 83 38 que

133 2578 173 27 comme
325 2579 84 26 une
429 2566 245 52 hypothèse
697 2567 246 41 arbitraire.
965 2567 70 50 Et,
1060 2581 53 25 en
1132 2568 39 38 la
1205 2576 230 31 nommant
1458 2570 126 47 ainsi,
1623 2582 113 26 nous
1769 2570 184 40 n'avons
1988 2571 120 40 nulle

131 2635 217 38 intention
370 2634 52 39 de
445 2634 37 39 la
504 2635 237 51 déprécier.
762 2634 85 42 Les
871 2638 191 37 sciences
1085 2635 241 51 physiques
1346 2649 52 25 en
1422 2636 179 48 général
1621 2638 147 38 vivent
1786 2637 319 51 d'hypothèses

133 2700 268 51 arbitraires,
424 2703 73 50 qui
521 2716 53 25 ne
592 2703 147 39 valent
756 2717 84 37 que
862 2718 81 37 par
961 2703 62 39 les
1056 2704 187 38 services
1262 2700 181 54 qu'elles
1463 2712 189 42 peuvent
1688 2704 172 50 rendre,
1887 2707 84 37 soit
1995 2719 113 37 pour

133 2768 226 52 expliquer
387 2769 61 39 les
472 2768 102 41 faits
591 2784 183 34 connus,
800 2773 83 38 soit
906 2784 111 38 pour
1036 2770 108 40 faire
1173 2772 175 49 prévoir
1369 2770 76 38 des
1478 2770 100 40 faits
1600 2784 246 26 nouveaux.
1880 2771 227 53 Pourquoi

134 2836 38 38 la
197 2837 167 38 science
384 2837 211 39 musicale
633 2837 320 41 n'userait-elle
987 2851 79 39 pas
1096 2838 76 39 des
1207 2841 167 36 mêmes
1398 2851 183 38 moyens
1598 2842 15 35 ?
1638 2837 38 39 A
1717 2851 46 26 ce
1795 2840 123 50 point
1953 2840 53 39 de
2025 2855 83 26 vue

133 2916 112 26 nous
265 2917 53 25 ne
337 2912 254 31 contestons
610 2919 79 36 pas
706 2921 59 24 un
788 2908 165 37 instant
976 2905 39 40 la
1035 2905 153 40 valeur
1203 2905 53 39 de
1289 2903 276 52 l'hypothèse
1579 2905 52 39 de
1651 2904 61 40 M.
1739 2904 235 43 Riemann.

1500 2996 123 41 LÉON
1648 2997 265 53 BOUTROUX,

1209 3076 207 32 Professeur
1431 3078 17 30 à
1469 3074 227 34 l'Université
1718 3076 41 32 de
1780 3077 197 40 Besançon.

178 3228 46 41 (1)
248 3229 173 40 L'emploi
441 3229 166 42 fréquent
629 3228 46 33 du
695 3230 32 31 si
742 3234 17 36 [?
782 3230 88 32 dans
891 3232 48 30 les
981 3228 121 33 modes
1132 3227 213 44 grégoriens
1365 3229 43 32 de
1430 3230 36 30 ré
1487 3236 31 25 et
1542 3228 42 33 de
1607 3229 44 42 fa
1658 3254 7 12 ,
1689 3229 61 41 qui
1772 3230 135 32 tendait
1945 3233 17 30 à
1983 3231 127 33 effacei*

136 3279 29 30 la
189 3278 192 33 différence
406 3287 100 24 entre
531 3283 31 28 le
585 3279 104 32 mode
708 3280 43 30 de
772 3280 37 29 ré
833 3287 31 24 et
889 3279 90 32 celui
1000 3279 42 30 de
1064 3278 33 31 la
1120 3279 105 31 d'une
1242 3286 91 32 part,
1357 3286 99 24 entre
1482 3289 87 22 ceux
1592 3278 43 33 de
1653 3279 32 30 la
1709 3286 33 25 et
1764 3279 76 33 d'ut
1861 3280 136 33 d'autre
2016 3290 91 31 part,

136 3327 91 32 avait
252 3328 149 38 préparé
427 3338 56 22 ces
504 3328 153 33 fusions.
