2237 3853
131 239 77 49 654

806 650 329 42 GEORGES
1196 649 254 41 MARTY

186 908 67 41 M.
286 908 188 55 Georges
491 908 158 54 Marty,
674 924 51 25 ne
743 911 23 36 à
784 908 130 40 Paris
936 908 35 40 le
997 907 51 41 16
1071 923 82 24 mai
1177 907 125 49 1860,
1329 923 22 23 a
1362 907 95 53 fait
1498 913 132 34 toutes
1652 921 62 25 ses
1733 906 140 40 études
1895 904 219 41 musicales

133 993 53 24 au
215 976 341 49 Conservatoire,
582 991 54 26 ou
666 977 32 38 il
720 977 134 39 obtint
881 991 83 24 :en
990 975 126 54 1873,
1145 991 18 23 I
1172 976 27 39 8
1206 973 3 58 r
1210 991 45 37 j4
1272 982 37 33 et
1334 975 81 53 187
1422 989 38 42 3,
1487 982 131 33 toutes
1638 975 57 39 les
1718 974 219 40 médailles
1956 974 50 39 de
2026 973 66 39 sol-

128 1045 102 53 fège
246 1060 83 31 ;en
352 1044 127 55 1876,
502 1045 35 38 le
560 1060 20 22 2
587 1049 15 17 e
618 1043 101 57 prix
740 1042 264 40 d'harmonie
1029 1054 76 37 ;en
1131 1042 127 54 1878,
1281 1042 35 39 le
1342 1057 18 24 i
1366 1047 33 17 er
1416 1042 115 54 prix.
1550 1042 58 40 Le
1629 1042 156 40 second
1800 1041 102 55 prix
1916 1042 50 38 de
1980 1040 135 40 Rome

133 1127 49 24 en
209 1113 106 38 1881
328 1145 7 17 ,
355 1118 36 33 e/
413 1112 35 39 /e
467 1111 183 54 premier
688 1111 144 52 grand
867 1109 102 54 prix
990 1123 47 25 en
1065 1109 126 48 1882,
1213 1109 165 40 vinrent
1401 1110 111 39 clore
1531 1110 40 39 la
1592 1110 105 39 série
1731 1110 49 39 de
1815 1124 63 24 ces
1919 1109 195 39 brillants

131 1183 137 36 succès
286 1179 216 50 scolaires,
524 1178 72 54 qui
611 1177 300 55 présageaient
929 1191 80 25 une
1032 1177 181 39 carrière
1232 1191 86 25 non
1334 1177 140 39 moins
1506 1178 212 39 brillante.
1755 1177 359 40 Successivement

131 1247 104 54 chef
246 1249 70 38 des
338 1247 161 39 chœurs
521 1245 191 40 àl'Eden
735 1244 165 57 (18(72),
921 1245 97 54 puis
1038 1244 104 55 chef
1153 1246 49 38 de
1225 1243 124 41 chant
1367 1248 22 35 à
1414 1243 25 40 V
1446 1243 367 56 Opéra-Comique
1835 1250 36 33 et
1887 1243 104 53 chef
1999 1243 37 39 dé
2043 1258 48 25 or-

131 1313 155 41 chestre
302 1330 52 24 au
373 1317 129 37 même
524 1313 155 40 théâtre
703 1312 163 57 (1900),
886 1314 246 53 professeur
1152 1314 49 39 de
1224 1313 40 39 la
1288 1313 129 39 classe
1436 1311 249 41 d'ensemble
1711 1312 121 40 vocal
1853 1327 53 24 au
1930 1310 158 41 Conser-

129 1382 174 48 vatoire,
324 1381 61 41 M.
412 1381 189 54 Georges
622 1381 140 53 Marty
797 1388 56 33 est
876 1381 147 55 depuis
1050 1397 107 39 igoi
1182 1381 35 40 le
1256 1381 103 53 chef
1390 1380 39 40 d'
1435 1379 208 42 orchestre
1677 1381 49 39 de
1761 1381 41 39 la
1839 1379 165 41 Société
2044 1381 70 38 des

132 1449 215 41 Concerts.
371 1449 114 41 Cette
506 1449 165 40 Société
710 1449 169 40 illustre
898 1464 50 25 ne
978 1456 100 48 peut
1110 1450 117 39 obéir
1250 1450 95 53 qu'à
1380 1464 56 25 un
1457 1449 208 40 musicien
1696 1448 183 40 éminent
1904 1463 10 33 ;
1938 1448 114 40 aussi
2073 1463 41 24 ce

129 1518 125 40 choix
267 1518 122 52 fut-il
404 1518 218 40 considéré
644 1532 166 26 comme
832 1518 70 39 des
919 1518 99 54 plus
1037 1518 197 39 heureux.
1260 1517 64 40 De
1330 1517 108 53 fait,
1464 1516 59 42 M.
1549 1517 141 52 Marty
1716 1531 50 25 ne
1780 1532 18 24 s
1817 1523 56 34 est
1883 1524 80 47 pas
1986 1517 128 39 borné

128 1590 23 35 à
173 1590 156 50 régner
349 1602 12 33 ;
383 1586 32 39 il
437 1602 24 24 a
479 1590 235 50 gouverné,
737 1602 53 24 au
814 1600 96 25 nom
934 1587 71 39 des
1016 1585 216 55 principes
1256 1586 56 38 les
1327 1585 98 53 plus
1447 1585 130 41 élevés
1605 1591 34 33 et
1660 1585 58 39 les
1745 1585 98 53 plus
1863 1585 172 48 solides,
2058 1585 55 38 du

128 1657 106 50 goût
253 1654 35 39 le
306 1654 98 54 plus
422 1657 70 36 sûr
512 1661 37 33 et
572 1654 35 39 le
625 1654 98 54 plus
747 1654 165 39 éclairé.
939 1654 109 39 C'est
1068 1653 112 39 ainsi
1200 1668 77 38 que
1295 1651 85 41 l'on
1396 1653 199 40 n'entend
1624 1654 97 52 plus
1745 1652 274 53 aujourd'hui
2046 1666 65 25 ces

128 1728 137 33 courts
291 1722 197 54 préludes
507 1722 194 54 d'orgue,
726 1722 181 39 destinés
930 1726 22 35 à
975 1722 164 39 donner
1164 1722 37 38 le
1236 1727 73 33 ton
1345 1735 84 25 aux
1451 1720 214 49 choristes,
1690 1727 127 34 avant
1851 1720 57 40 les
1944 1720 162 40 chœurs

129 1804 22 26 a
175 1790 212 52 cappella.
409 1790 124 41 Nous
570 1805 179 25 sommes
783 1788 195 42 d'autant
994 1790 99 54 plus
1115 1789 183 39 heureux
1321 1790 49 38 de
1390 1789 41 39 la
1450 1788 259 54 disparition
1732 1790 50 38 de
1814 1795 59 33 cet
1907 1789 103 39 abus
2033 1803 78 39 que

128 1872 105 25 nous
245 1873 27 23 n
291 1858 148 40 avions
463 1861 107 35 cessé
585 1858 50 38 de
651 1858 35 39 le
698 1858 209 53 signaler.
934 1857 70 39 En
1034 1858 234 51 défendant
1293 1856 114 40 ainsi
1425 1855 232 55 l'intégrité
1676 1857 72 39 des
1765 1856 346 54 chefs-d'œuvre,

126 1924 61 40 M.
213 1924 141 52 Marty
369 1940 42 24 se
432 1932 164 33 montre
625 1925 132 54 digne
792 1926 56 39 du
872 1925 99 39 beau
1011 1939 98 25 nom
1130 1925 48 39 de
1200 1924 219 40 musicien.
1450 1924 43 40 Il
1531 1925 36 39 le
1591 1925 146 39 mérite
1766 1939 149 25 encore
1942 1932 81 47 par
2051 1939 63 25 ses

128 2008 172 36 œuvres,
317 2007 110 25 assez
443 2002 78 45 peu
539 1993 281 48 nombreuses,
841 1993 106 40 mais
963 1993 92 52 fort
1073 1992 276 54 distinguées,
1372 1999 36 33 et
1431 1993 71 53 qui
1521 1999 301 47 comprennent
1841 1993 71 39 des
1930 1992 179 50 chœurs,

128 2062 70 37 des
216 2061 216 47 mélodies,
454 2060 161 41 Merlin
642 2062 232 48 enchanté,
909 2061 250 47 Balthazar,
1195 2060 194 41 Matinée
1421 2061 52 39 de
1492 2061 270 52 Printemps,
1796 2068 36 33 et
1869 2061 35 39 le
1936 2061 95 40 Duc
2060 2061 52 40 de

124 2129 197 50 Ferrare,
357 2132 235 51 représenté
621 2144 49 24 en
706 2130 110 55 iBgç
839 2145 53 24 au
930 2128 175 40 Théâtre
1142 2128 182 53 Lyrique
1356 2143 95 26 avec
1485 2144 58 24 un
1572 2132 80 36 très
1687 2130 144 53 grand
1859 2135 35 33 et
1924 2129 189 54 légitime

121 2200 152 36 succès.
310 2196 137 53 Enfin
470 2197 93 39 c'est
580 2195 61 41 M.
669 2195 189 54 Georges
867 2195 141 53 Marty
1032 2195 72 54 qui
1118 2201 55 33 est
1188 2195 157 54 chargé
1367 2196 49 39 de
1445 2195 40 40 la
1502 2195 268 55 publication
1793 2197 70 38 des
1886 2211 159 25 œuvres
2064 2197 50 38 de

121 2264 50 40 F.
197 2263 230 56 Couperin,
452 2279 76 38 que
547 2279 105 24 nous
675 2279 249 36 annonçons
947 2261 162 42 d'autre
1123 2269 112 48 part.
1262 2262 94 40 Son
1394 2278 98 25 nom
1514 2263 144 40 mérite
1682 2264 109 39 donc
1822 2262 126 41 d'être
1975 2263 139 52 ajouté

126 2336 24 36 à
169 2332 108 39 celui
292 2332 48 39 de
364 2346 62 25 ces
444 2337 169 34 maîtres
632 2332 106 39 amis
769 2334 56 38 du
837 2334 137 52 passé,
1003 2332 103 38 dont
1138 2346 106 24 nous
1258 2331 246 53 signalions
1517 2332 335 54 précédemment
1871 2331 242 54 Vinfluence

125 2399 37 40 si
183 2399 197 40 heureuse
400 2415 71 24 sur
494 2400 35 39 le
545 2400 340 54 développement
904 2400 48 39 de
986 2399 40 39 la
1048 2398 187 54 musique
1250 2400 198 39 moderne
1473 2397 76 55 (1).

170 2559 48 41 (1)
241 2560 117 32 Revue
377 2560 45 32 du
454 2572 9 19 i
473 2565 26 16 3r
521 2561 193 32 novembre
742 2570 85 33 1903
851 2570 6 22 :
881 2559 122 34 article
1018 2570 59 22 sur
1292 2565 31 27 et
1343 2561 47 31 les
1408 2561 177 41 Primitifs
1604 2562 39 31 de
1664 2560 145 43 Vorgue.
