<?xml version="1.0" encoding="UTF-8"?>
<alto xmlns:xsi="http://www.w3.org/2001/XMLSchema-instance" xmlns="http://www.loc.gov/standards/alto/ns-v2#" xsi:schemaLocation="http://www.loc.gov/standards/alto/ns-v2# http://www.loc.gov/standards/alto/alto-v2.0.xsd" xmlns:xlink="http://www.w3.org/1999/xlink">
	<Description>
		<MeasurementUnit>mm10</MeasurementUnit>
		<sourceImageInformation>
			<fileName>//fileserver7/IN2-2/Princeton/bmtnabj/1903/12/01_01/00000693.tif</fileName>
		</sourceImageInformation>
		<OCRProcessing ID="OCRPROCESSING_1">
			<preProcessingStep>
				<processingSoftware>
					<softwareCreator>CCS Content Conversion Specialists GmbH, Germany</softwareCreator>
					<softwareName>CCS docWorks</softwareName>
					<softwareVersion>6.7-1.20</softwareVersion>
				</processingSoftware>
			</preProcessingStep>
			<ocrProcessingStep>
				<processingSoftware>
					<softwareCreator>ABBYY (BIT Software), Russia</softwareCreator>
					<softwareName>FineReader</softwareName>
					<softwareVersion>10.0</softwareVersion>
				</processingSoftware>
			</ocrProcessingStep>
		</OCRProcessing>
	</Description>
	<Styles>
		<TextStyle ID="TXT_0" FONTSIZE="14" FONTFAMILY="Times New Roman"/>
		<TextStyle ID="TXT_1" FONTSIZE="12" FONTFAMILY="Times New Roman"/>
		<TextStyle ID="TXT_2" FONTSIZE="13" FONTFAMILY="Times New Roman"/>
		<TextStyle ID="TXT_3" FONTSIZE="14" FONTFAMILY="Times New Roman" FONTSTYLE="italics"/>
		<ParagraphStyle ID="PAR_RIGHT" ALIGN="Right"/>
		<ParagraphStyle ID="PAR_CENTER" ALIGN="Center"/>
		<ParagraphStyle ID="PAR_LEFT" ALIGN="Left"/>
		<ParagraphStyle ID="PAR_BLOCK" ALIGN="Block"/>
	</Styles>
	<Layout>
		<Page ID="P21" PHYSICAL_IMG_NR="21" HEIGHT="3853" WIDTH="2237" PRINTED_IMG_NR="673" PC="0.950">
			<TopMargin ID="P21_TM00001" HPOS="0" VPOS="0" WIDTH="2237" HEIGHT="323">
				<TextBlock ID="P21_TB00001" HPOS="2019" VPOS="274" WIDTH="76" HEIGHT="46" STYLEREFS="TXT_0 PAR_RIGHT">
					<TextLine ID="P21_TL00001" HPOS="2020" VPOS="275" WIDTH="75" HEIGHT="45">
						<String ID="P21_ST00001" HPOS="2020" VPOS="275" WIDTH="75" HEIGHT="45" CONTENT="673" WC="0.48" CC="509"/>
					</TextLine>
				</TextBlock>
				<TextBlock ID="P21_TB00002" HPOS="954" VPOS="284" WIDTH="320" HEIGHT="28" STYLEREFS="TXT_1 PAR_CENTER">
					<TextLine ID="P21_TL00002" HPOS="954" VPOS="285" WIDTH="320" HEIGHT="27">
						<String ID="P21_ST00002" HPOS="954" VPOS="285" WIDTH="320" HEIGHT="27" CONTENT="INFORMATIONS" WC="0.99" CC="037051750002"/>
					</TextLine>
				</TextBlock>
			</TopMargin>
			<LeftMargin ID="P21_LM00001" HPOS="0" VPOS="323" WIDTH="127" HEIGHT="3258"/>
			<RightMargin ID="P21_RM00001" HPOS="2109" VPOS="323" WIDTH="128" HEIGHT="3258"/>
			<BottomMargin ID="P21_BM00001" HPOS="0" VPOS="3581" WIDTH="2237" HEIGHT="272"/>
			<PrintSpace ID="P21_PS00001" HPOS="127" VPOS="323" WIDTH="1982" HEIGHT="3258">
				<TextBlock ID="P21_TB00003" HPOS="127" VPOS="372" WIDTH="1974" HEIGHT="128" STYLEREFS="TXT_0 PAR_LEFT">
					<TextLine ID="P21_TL00003" HPOS="128" VPOS="373" WIDTH="1970" HEIGHT="56">
						<String ID="P21_ST00003" HPOS="128" VPOS="385" WIDTH="259" HEIGHT="44" CONTENT="attrayante." WC="1.00" CC="00000000502"/>
						<SP ID="P21_SP00001" HPOS="387" VPOS="429" WIDTH="25"/>
						<String ID="P21_ST00004" HPOS="412" VPOS="374" WIDTH="125" HEIGHT="42" CONTENT="Nous" WC="0.97" CC="2360"/>
						<SP ID="P21_SP00002" HPOS="537" VPOS="429" WIDTH="20"/>
						<String ID="P21_ST00005" HPOS="557" VPOS="390" WIDTH="53" HEIGHT="26" CONTENT="en" WC="0.70" CC="05"/>
						<SP ID="P21_SP00003" HPOS="610" VPOS="429" WIDTH="19"/>
						<String ID="P21_ST00006" HPOS="629" VPOS="385" WIDTH="232" HEIGHT="43" CONTENT="extrayons" WC="1.00" CC="006000001"/>
						<SP ID="P21_SP00004" HPOS="861" VPOS="429" WIDTH="21"/>
						<String ID="P21_ST00007" HPOS="882" VPOS="385" WIDTH="107" HEIGHT="32" CONTENT="cette" WC="0.99" CC="10050"/>
						<SP ID="P21_SP00005" HPOS="989" VPOS="429" WIDTH="21"/>
						<String ID="P21_ST00008" HPOS="1010" VPOS="378" WIDTH="234" HEIGHT="40" CONTENT="excellente" WC="1.00" CC="1000540040"/>
						<SP ID="P21_SP00006" HPOS="1244" VPOS="429" WIDTH="22"/>
						<String ID="P21_ST00009" HPOS="1266" VPOS="376" WIDTH="229" HEIGHT="41" CONTENT="définition" WC="1.00" CC="0011004030"/>
						<SP ID="P21_SP00007" HPOS="1495" VPOS="429" WIDTH="26"/>
						<String ID="P21_ST00010" HPOS="1521" VPOS="388" WIDTH="47" HEIGHT="28" CONTENT=":((" WC="0.98" CC="188"/>
						<SP ID="P21_SP00008" HPOS="1568" VPOS="429" WIDTH="20"/>
						<String ID="P21_ST00011" HPOS="1588" VPOS="376" WIDTH="70" HEIGHT="42" CONTENT="Un" WC="1.00" CC="00"/>
						<SP ID="P21_SP00009" HPOS="1658" VPOS="429" WIDTH="20"/>
						<String ID="P21_ST00012" HPOS="1678" VPOS="378" WIDTH="125" HEIGHT="38" CONTENT="traité" WC="0.99" CC="600000"/>
						<SP ID="P21_SP00010" HPOS="1803" VPOS="429" WIDTH="21"/>
						<String ID="P21_ST00013" HPOS="1824" VPOS="373" WIDTH="274" HEIGHT="43" CONTENT="d'harmonie" WC="1.00" CC="0020000740"/>
					</TextLine>
					<TextLine ID="P21_TL00004" HPOS="127" VPOS="444" WIDTH="1971" HEIGHT="53">
						<String ID="P21_ST00014" HPOS="127" VPOS="456" WIDTH="19" HEIGHT="27" CONTENT="((" WC="0.47" CC="37"/>
						<SP ID="P21_SP00011" HPOS="146" VPOS="483" WIDTH="35"/>
						<String ID="P21_ST00015" HPOS="181" VPOS="444" WIDTH="109" HEIGHT="39" CONTENT="n'est" WC="0.98" CC="24005"/>
						<SP ID="P21_SP00012" HPOS="290" VPOS="483" WIDTH="31"/>
						<String ID="P21_ST00016" HPOS="321" VPOS="458" WIDTH="54" HEIGHT="26" CONTENT="en" WC="1.00" CC="00"/>
						<SP ID="P21_SP00013" HPOS="375" VPOS="484" WIDTH="30"/>
						<String ID="P21_ST00017" HPOS="405" VPOS="457" WIDTH="170" HEIGHT="27" CONTENT="somme" WC="1.00" CC="00000"/>
						<SP ID="P21_SP00014" HPOS="575" VPOS="484" WIDTH="24"/>
						<String ID="P21_ST00018" HPOS="599" VPOS="458" WIDTH="83" HEIGHT="38" CONTENT="que" WC="0.97" CC="060"/>
						<SP ID="P21_SP00015" HPOS="682" VPOS="496" WIDTH="33"/>
						<String ID="P21_ST00019" HPOS="715" VPOS="445" WIDTH="39" HEIGHT="39" CONTENT="la" WC="1.00" CC="00"/>
						<SP ID="P21_SP00016" HPOS="754" VPOS="496" WIDTH="24"/>
						<String ID="P21_ST00020" HPOS="778" VPOS="458" WIDTH="218" HEIGHT="39" CONTENT="moyenne" WC="0.99" CC="0000660"/>
						<SP ID="P21_SP00017" HPOS="996" VPOS="497" WIDTH="31"/>
						<String ID="P21_ST00021" HPOS="1027" VPOS="446" WIDTH="248" HEIGHT="51" CONTENT="d'opinions" WC="1.00" CC="0000100000"/>
						<SP ID="P21_SP00018" HPOS="1275" VPOS="497" WIDTH="30"/>
						<String ID="P21_ST00022" HPOS="1305" VPOS="446" WIDTH="191" HEIGHT="40" CONTENT="admises" WC="1.00" CC="0004000"/>
						<SP ID="P21_SP00019" HPOS="1496" VPOS="497" WIDTH="34"/>
						<String ID="P21_ST00023" HPOS="1530" VPOS="459" WIDTH="73" HEIGHT="26" CONTENT="sur" WC="0.97" CC="060"/>
						<SP ID="P21_SP00020" HPOS="1603" VPOS="497" WIDTH="21"/>
						<String ID="P21_ST00024" HPOS="1624" VPOS="453" WIDTH="109" HEIGHT="32" CONTENT="cette" WC="1.00" CC="00400"/>
						<SP ID="P21_SP00021" HPOS="1733" VPOS="497" WIDTH="23"/>
						<String ID="P21_ST00025" HPOS="1756" VPOS="446" WIDTH="180" HEIGHT="37" CONTENT="matière" WC="0.99" CC="0051600"/>
						<SP ID="P21_SP00022" HPOS="1936" VPOS="497" WIDTH="23"/>
						<String ID="P21_ST00026" HPOS="1959" VPOS="458" WIDTH="78" HEIGHT="37" CONTENT="par" WC="1.00" CC="000"/>
						<SP ID="P21_SP00023" HPOS="2037" VPOS="497" WIDTH="22"/>
						<String ID="P21_ST00027" HPOS="2059" VPOS="444" WIDTH="39" HEIGHT="39" CONTENT="le" WC="0.76" CC="40"/>
					</TextLine>
				</TextBlock>
				<TextBlock ID="P21_TB00004" HPOS="127" VPOS="509" WIDTH="853" HEIGHT="46" STYLEREFS="TXT_0 PAR_LEFT">
					<TextLine ID="P21_TL00005" HPOS="128" VPOS="513" WIDTH="849" HEIGHT="40">
						<String ID="P21_ST00028" HPOS="128" VPOS="524" WIDTH="19" HEIGHT="26" CONTENT="((" WC="0.63" CC="24"/>
						<SP ID="P21_SP00024" HPOS="147" VPOS="550" WIDTH="37"/>
						<String ID="P21_ST00029" HPOS="184" VPOS="524" WIDTH="100" HEIGHT="29" CONTENT="sens" WC="0.98" CC="7001"/>
						<SP ID="P21_SP00025" HPOS="284" VPOS="553" WIDTH="39"/>
						<String ID="P21_ST00030" HPOS="323" VPOS="525" WIDTH="207" HEIGHT="28" CONTENT="commun" WC="0.99" CC="500060"/>
						<SP ID="P21_SP00026" HPOS="530" VPOS="553" WIDTH="32"/>
						<String ID="P21_ST00031" HPOS="562" VPOS="513" WIDTH="75" HEIGHT="39" CONTENT="des" WC="0.98" CC="031"/>
						<SP ID="P21_SP00027" HPOS="637" VPOS="553" WIDTH="32"/>
						<String ID="P21_ST00032" HPOS="669" VPOS="514" WIDTH="237" HEIGHT="38" CONTENT="musiciens" WC="1.00" CC="060200002"/>
						<SP ID="P21_SP00028" HPOS="906" VPOS="553" WIDTH="35"/>
						<String ID="P21_ST00033" HPOS="941" VPOS="524" WIDTH="36" HEIGHT="28" CONTENT="))." WC="0.69" CC="503"/>
					</TextLine>
				</TextBlock>
				<TextBlock ID="P21_TB00005" HPOS="1618" VPOS="508" WIDTH="255" HEIGHT="47" STYLEREFS="TXT_2 PAR_RIGHT">
					<TextLine ID="P21_TL00006" HPOS="1622" VPOS="510" WIDTH="250" HEIGHT="41">
						<String ID="P21_ST00034" HPOS="1622" VPOS="511" WIDTH="50" HEIGHT="40" CONTENT="A." WC="0.81" CC="03"/>
						<SP ID="P21_SP00029" HPOS="1672" VPOS="551" WIDTH="32"/>
						<String ID="P21_ST00035" HPOS="1704" VPOS="510" WIDTH="168" HEIGHT="41" CONTENT="MONIC." WC="0.63" CC="902035"/>
					</TextLine>
				</TextBlock>
				<TextBlock ID="P21_TB00006" HPOS="182" VPOS="644" WIDTH="279" HEIGHT="46" STYLEREFS="TXT_1 PAR_LEFT">
					<TextLine ID="P21_TL00007" HPOS="184" VPOS="647" WIDTH="274" HEIGHT="40">
						<String ID="P21_ST00036" HPOS="184" VPOS="647" WIDTH="274" HEIGHT="40" CONTENT="MARSEILLE." WC="0.99" CC="0060002703"/>
						<SP ID="P21_SP00030" HPOS="458" VPOS="687" WIDTH="0"/>
					</TextLine>
				</TextBlock>
				<TextBlock ID="P21_TB00007" HPOS="481" VPOS="644" WIDTH="1619" HEIGHT="56" STYLEREFS="TXT_0 PAR_RIGHT">
					<TextLine ID="P21_TL00008" HPOS="554" VPOS="646" WIDTH="1544" HEIGHT="51">
						<String ID="P21_ST00037" HPOS="554" VPOS="647" WIDTH="94" HEIGHT="41" CONTENT="Une" WC="0.98" CC="050"/>
						<SP ID="P21_SP00031" HPOS="648" VPOS="688" WIDTH="32"/>
						<String ID="P21_ST00038" HPOS="680" VPOS="649" WIDTH="75" HEIGHT="38" CONTENT="des" WC="1.00" CC="000"/>
						<SP ID="P21_SP00032" HPOS="755" VPOS="688" WIDTH="24"/>
						<String ID="P21_ST00039" HPOS="779" VPOS="648" WIDTH="163" HEIGHT="49" CONTENT="gloires" WC="0.99" CC="0414000"/>
						<SP ID="P21_SP00033" HPOS="942" VPOS="697" WIDTH="35"/>
						<String ID="P21_ST00040" HPOS="977" VPOS="648" WIDTH="311" HEIGHT="39" CONTENT="marseillaises" WC="1.00" CC="0400004400300"/>
						<SP ID="P21_SP00034" HPOS="1288" VPOS="697" WIDTH="28"/>
						<String ID="P21_ST00041" HPOS="1316" VPOS="649" WIDTH="52" HEIGHT="38" CONTENT="de" WC="1.00" CC="00"/>
						<SP ID="P21_SP00035" HPOS="1368" VPOS="697" WIDTH="23"/>
						<String ID="P21_ST00042" HPOS="1391" VPOS="648" WIDTH="94" HEIGHT="39" CONTENT="l'art" WC="0.99" CC="20700"/>
						<SP ID="P21_SP00036" HPOS="1485" VPOS="697" WIDTH="23"/>
						<String ID="P21_ST00043" HPOS="1508" VPOS="649" WIDTH="197" HEIGHT="45" CONTENT="musical," WC="0.99" CC="05010044"/>
						<SP ID="P21_SP00037" HPOS="1705" VPOS="697" WIDTH="22"/>
						<String ID="P21_ST00044" HPOS="1727" VPOS="647" WIDTH="60" HEIGHT="40" CONTENT="M." WC="0.89" CC="02"/>
						<SP ID="P21_SP00038" HPOS="1787" VPOS="697" WIDTH="36"/>
						<String ID="P21_ST00045" HPOS="1823" VPOS="647" WIDTH="146" HEIGHT="40" CONTENT="Alexis" WC="0.99" CC="032052"/>
						<SP ID="P21_SP00039" HPOS="1969" VPOS="697" WIDTH="21"/>
						<String ID="P21_ST00046" HPOS="1990" VPOS="646" WIDTH="108" HEIGHT="40" CONTENT="Ros-" WC="0.98" CC="6004"/>
					</TextLine>
				</TextBlock>
				<TextBlock ID="P21_TB00008" HPOS="130" VPOS="712" WIDTH="1979" HEIGHT="2407" STYLEREFS="TXT_0 PAR_RIGHT">
					<TextLine ID="P21_TL00009" HPOS="131" VPOS="715" WIDTH="1964" HEIGHT="52">
						<String ID="P21_ST00047" HPOS="131" VPOS="715" WIDTH="119" HEIGHT="50" CONTENT="tand," WC="0.98" CC="20604"/>
						<SP ID="P21_SP00040" HPOS="250" VPOS="765" WIDTH="27"/>
						<String ID="P21_ST00048" HPOS="277" VPOS="717" WIDTH="176" HEIGHT="38" CONTENT="écrivait" WC="0.99" CC="02000045"/>
						<SP ID="P21_SP00041" HPOS="453" VPOS="765" WIDTH="20"/>
						<String ID="P21_ST00049" HPOS="473" VPOS="715" WIDTH="125" HEIGHT="52" CONTENT="jadis," WC="0.99" CC="000334"/>
						<SP ID="P21_SP00042" HPOS="598" VPOS="767" WIDTH="26"/>
						<String ID="P21_ST00050" HPOS="624" VPOS="720" WIDTH="20" HEIGHT="34" CONTENT="à" WC="0.71" CC="2"/>
						<SP ID="P21_SP00043" HPOS="644" VPOS="767" WIDTH="17"/>
						<String ID="P21_ST00051" HPOS="661" VPOS="729" WIDTH="161" HEIGHT="37" CONTENT="propos" WC="1.00" CC="000004"/>
						<SP ID="P21_SP00044" HPOS="822" VPOS="767" WIDTH="24"/>
						<String ID="P21_ST00052" HPOS="846" VPOS="715" WIDTH="52" HEIGHT="39" CONTENT="de" WC="0.86" CC="02"/>
						<SP ID="P21_SP00045" HPOS="898" VPOS="767" WIDTH="19"/>
						<String ID="P21_ST00053" HPOS="917" VPOS="715" WIDTH="384" HEIGHT="40" CONTENT="décentralisation" WC="1.00" CC="0000050032100420"/>
						<SP ID="P21_SP00046" HPOS="1301" VPOS="767" WIDTH="21"/>
						<String ID="P21_ST00054" HPOS="1322" VPOS="718" WIDTH="242" HEIGHT="49" CONTENT="artistique," WC="1.00" CC="00000000631"/>
						<SP ID="P21_SP00047" HPOS="1564" VPOS="767" WIDTH="26"/>
						<String ID="P21_ST00055" HPOS="1590" VPOS="717" WIDTH="61" HEIGHT="38" CONTENT="les" WC="0.98" CC="202"/>
						<SP ID="P21_SP00048" HPOS="1651" VPOS="767" WIDTH="24"/>
						<String ID="P21_ST00056" HPOS="1675" VPOS="716" WIDTH="141" HEIGHT="49" CONTENT="lignes" WC="0.99" CC="400602"/>
						<SP ID="P21_SP00049" HPOS="1816" VPOS="767" WIDTH="24"/>
						<String ID="P21_ST00057" HPOS="1840" VPOS="717" WIDTH="223" HEIGHT="38" CONTENT="suivantes" WC="0.99" CC="063004600"/>
						<SP ID="P21_SP00050" HPOS="2063" VPOS="767" WIDTH="25"/>
						<String ID="P21_ST00058" HPOS="2088" VPOS="727" WIDTH="7" HEIGHT="25" CONTENT=":" WC="0.33" CC="6"/>
					</TextLine>
					<TextLine ID="P21_TL00010" HPOS="187" VPOS="780" WIDTH="1912" HEIGHT="54">
						<String ID="P21_ST00059" HPOS="187" VPOS="794" WIDTH="20" HEIGHT="26" CONTENT="((" WC="0.53" CC="62"/>
						<SP ID="P21_SP00051" HPOS="207" VPOS="820" WIDTH="35"/>
						<String ID="P21_ST00060" HPOS="242" VPOS="781" WIDTH="71" HEIGHT="41" CONTENT="On" WC="0.82" CC="03"/>
						<SP ID="P21_SP00052" HPOS="313" VPOS="822" WIDTH="20"/>
						<String ID="P21_ST00061" HPOS="333" VPOS="797" WIDTH="21" HEIGHT="24" CONTENT="a" WC="1.00" CC="0"/>
						<SP ID="P21_SP00053" HPOS="354" VPOS="822" WIDTH="22"/>
						<String ID="P21_ST00062" HPOS="376" VPOS="782" WIDTH="227" HEIGHT="52" CONTENT="beaucoup" WC="1.00" CC="00020060"/>
						<SP ID="P21_SP00054" HPOS="603" VPOS="834" WIDTH="21"/>
						<String ID="P21_ST00063" HPOS="624" VPOS="783" WIDTH="121" HEIGHT="51" CONTENT="parlé" WC="1.00" CC="00020"/>
						<SP ID="P21_SP00055" HPOS="745" VPOS="834" WIDTH="34"/>
						<String ID="P21_ST00064" HPOS="779" VPOS="783" WIDTH="52" HEIGHT="39" CONTENT="de" WC="0.72" CC="05"/>
						<SP ID="P21_SP00056" HPOS="831" VPOS="834" WIDTH="28"/>
						<String ID="P21_ST00065" HPOS="859" VPOS="783" WIDTH="385" HEIGHT="39" CONTENT="décentralisation" WC="1.00" CC="0000440041300305"/>
						<SP ID="P21_SP00057" HPOS="1244" VPOS="834" WIDTH="26"/>
						<String ID="P21_ST00066" HPOS="1270" VPOS="794" WIDTH="8" HEIGHT="36" CONTENT=";" WC="0.37" CC="6"/>
						<SP ID="P21_SP00058" HPOS="1278" VPOS="834" WIDTH="26"/>
						<String ID="P21_ST00067" HPOS="1304" VPOS="796" WIDTH="56" HEIGHT="26" CONTENT="on" WC="1.00" CC="00"/>
						<SP ID="P21_SP00059" HPOS="1360" VPOS="834" WIDTH="24"/>
						<String ID="P21_ST00068" HPOS="1384" VPOS="781" WIDTH="89" HEIGHT="40" CONTENT="s'en" WC="1.00" CC="0200"/>
						<SP ID="P21_SP00060" HPOS="1473" VPOS="834" WIDTH="23"/>
						<String ID="P21_ST00069" HPOS="1496" VPOS="792" WIDTH="62" HEIGHT="30" CONTENT="est" WC="0.98" CC="013"/>
						<SP ID="P21_SP00061" HPOS="1558" VPOS="834" WIDTH="23"/>
						<String ID="P21_ST00070" HPOS="1581" VPOS="782" WIDTH="101" HEIGHT="39" CONTENT="bien" WC="0.99" CC="0300"/>
						<SP ID="P21_SP00062" HPOS="1682" VPOS="834" WIDTH="20"/>
						<String ID="P21_ST00071" HPOS="1702" VPOS="796" WIDTH="82" HEIGHT="38" CONTENT="peu" WC="0.98" CC="005"/>
						<SP ID="P21_SP00063" HPOS="1784" VPOS="834" WIDTH="25"/>
						<String ID="P21_ST00072" HPOS="1809" VPOS="791" WIDTH="39" HEIGHT="30" CONTENT="et" WC="0.71" CC="05"/>
						<SP ID="P21_SP00064" HPOS="1848" VPOS="834" WIDTH="22"/>
						<String ID="P21_ST00073" HPOS="1870" VPOS="782" WIDTH="101" HEIGHT="39" CONTENT="bien" WC="0.97" CC="0507"/>
						<SP ID="P21_SP00065" HPOS="1971" VPOS="834" WIDTH="22"/>
						<String ID="P21_ST00074" HPOS="1993" VPOS="780" WIDTH="85" HEIGHT="41" CONTENT="inef" SUBS_TYPE="HypPart1" SUBS_CONTENT="inefficacement" WC="0.99" CC="0000"/>
						<HYP HPOS="2078" VPOS="780" WIDTH="21" CONTENT="-"/>
					</TextLine>
					<TextLine ID="P21_TL00011" HPOS="132" VPOS="848" WIDTH="1967" HEIGHT="53">
						<String ID="P21_ST00075" HPOS="132" VPOS="848" WIDTH="254" HEIGHT="41" CONTENT="ficacement" SUBS_TYPE="HypPart2" SUBS_CONTENT="inefficacement" WC="0.99" CC="2220000064"/>
						<SP ID="P21_SP00066" HPOS="386" VPOS="889" WIDTH="20"/>
						<String ID="P21_ST00076" HPOS="406" VPOS="854" WIDTH="175" HEIGHT="47" CONTENT="occupé." WC="1.00" CC="0006000"/>
						<SP ID="P21_SP00067" HPOS="581" VPOS="901" WIDTH="27"/>
						<String ID="P21_ST00077" HPOS="608" VPOS="849" WIDTH="181" HEIGHT="40" CONTENT="Ceux-là" WC="0.98" CC="0304059"/>
						<SP ID="P21_SP00068" HPOS="789" VPOS="901" WIDTH="40"/>
						<String ID="P21_ST00078" HPOS="829" VPOS="854" WIDTH="164" HEIGHT="35" CONTENT="mêmes" WC="0.99" CC="06003"/>
						<SP ID="P21_SP00069" HPOS="993" VPOS="901" WIDTH="37"/>
						<String ID="P21_ST00079" HPOS="1030" VPOS="863" WIDTH="112" HEIGHT="38" CONTENT="pour" WC="0.99" CC="0300"/>
						<SP ID="P21_SP00070" HPOS="1142" VPOS="901" WIDTH="32"/>
						<String ID="P21_ST00080" HPOS="1174" VPOS="851" WIDTH="71" HEIGHT="50" CONTENT="qui" WC="0.99" CC="003"/>
						<SP ID="P21_SP00071" HPOS="1245" VPOS="901" WIDTH="38"/>
						<String ID="P21_ST00081" HPOS="1283" VPOS="850" WIDTH="81" HEIGHT="39" CONTENT="elle" WC="0.98" CC="0430"/>
						<SP ID="P21_SP00072" HPOS="1364" VPOS="901" WIDTH="38"/>
						<String ID="P21_ST00082" HPOS="1402" VPOS="858" WIDTH="62" HEIGHT="31" CONTENT="est" WC="0.99" CC="020"/>
						<SP ID="P21_SP00073" HPOS="1464" VPOS="901" WIDTH="32"/>
						<String ID="P21_ST00083" HPOS="1496" VPOS="850" WIDTH="38" HEIGHT="39" CONTENT="le" WC="0.95" CC="00"/>
						<SP ID="P21_SP00074" HPOS="1534" VPOS="901" WIDTH="17"/>
						<String ID="P21_ST00084" HPOS="1551" VPOS="854" WIDTH="189" HEIGHT="47" CONTENT="prétexte" WC="1.00" CC="00000000"/>
						<SP ID="P21_SP00075" HPOS="1740" VPOS="901" WIDTH="34"/>
						<String ID="P21_ST00085" HPOS="1774" VPOS="850" WIDTH="52" HEIGHT="39" CONTENT="de" WC="0.87" CC="02"/>
						<SP ID="P21_SP00076" HPOS="1826" VPOS="901" WIDTH="35"/>
						<String ID="P21_ST00086" HPOS="1861" VPOS="849" WIDTH="238" HEIGHT="51" CONTENT="bruyantes" WC="0.99" CC="030504400"/>
					</TextLine>
					<TextLine ID="P21_TL00012" HPOS="132" VPOS="915" WIDTH="1968" HEIGHT="53">
						<String ID="P21_ST00087" HPOS="132" VPOS="918" WIDTH="346" HEIGHT="39" CONTENT="revendications" WC="1.00" CC="00000000000000"/>
						<SP ID="P21_SP00077" HPOS="478" VPOS="957" WIDTH="23"/>
						<String ID="P21_ST00088" HPOS="501" VPOS="918" WIDTH="110" HEIGHT="39" CONTENT="dans" WC="1.00" CC="0000"/>
						<SP ID="P21_SP00078" HPOS="611" VPOS="957" WIDTH="23"/>
						<String ID="P21_ST00089" HPOS="634" VPOS="915" WIDTH="332" HEIGHT="51" CONTENT="l'organisation" WC="1.00" CC="52000003400400"/>
						<SP ID="P21_SP00079" HPOS="966" VPOS="966" WIDTH="23"/>
						<String ID="P21_ST00090" HPOS="989" VPOS="917" WIDTH="212" HEIGHT="51" CONTENT="politique" WC="0.99" CC="005042050"/>
						<SP ID="P21_SP00080" HPOS="1201" VPOS="968" WIDTH="23"/>
						<String ID="P21_ST00091" HPOS="1224" VPOS="917" WIDTH="56" HEIGHT="39" CONTENT="du" WC="1.00" CC="00"/>
						<SP ID="P21_SP00081" HPOS="1280" VPOS="968" WIDTH="24"/>
						<String ID="P21_ST00092" HPOS="1304" VPOS="931" WIDTH="106" HEIGHT="37" CONTENT="pays" WC="1.00" CC="0000"/>
						<SP ID="P21_SP00082" HPOS="1410" VPOS="968" WIDTH="16"/>
						<String ID="P21_ST00093" HPOS="1426" VPOS="933" WIDTH="26" HEIGHT="35" CONTENT="y" WC="1.00" CC="0"/>
						<SP ID="P21_SP00083" HPOS="1452" VPOS="968" WIDTH="17"/>
						<String ID="P21_ST00094" HPOS="1469" VPOS="919" WIDTH="246" HEIGHT="49" CONTENT="paraissent" WC="1.00" CC="0000300055"/>
						<SP ID="P21_SP00084" HPOS="1715" VPOS="968" WIDTH="14"/>
						<String ID="P21_ST00095" HPOS="1729" VPOS="923" WIDTH="85" HEIGHT="34" CONTENT="très" WC="0.97" CC="4070"/>
						<SP ID="P21_SP00085" HPOS="1814" VPOS="968" WIDTH="14"/>
						<String ID="P21_ST00096" HPOS="1828" VPOS="916" WIDTH="272" HEIGHT="40" CONTENT="indifférents" WC="0.99" CC="460400010602"/>
					</TextLine>
					<TextLine ID="P21_TL00013" HPOS="133" VPOS="982" WIDTH="1966" HEIGHT="54">
						<String ID="P21_ST00097" HPOS="133" VPOS="985" WIDTH="147" HEIGHT="51" CONTENT="quand" WC="0.99" CC="06000"/>
						<SP ID="P21_SP00086" HPOS="280" VPOS="1036" WIDTH="33"/>
						<String ID="P21_ST00098" HPOS="313" VPOS="985" WIDTH="28" HEIGHT="38" CONTENT="il" WC="0.56" CC="17"/>
						<SP ID="P21_SP00087" HPOS="341" VPOS="1036" WIDTH="30"/>
						<String ID="P21_ST00099" HPOS="371" VPOS="982" WIDTH="128" HEIGHT="52" CONTENT="s'agit" WC="0.99" CC="022004"/>
						<SP ID="P21_SP00088" HPOS="499" VPOS="1036" WIDTH="28"/>
						<String ID="P21_ST00100" HPOS="527" VPOS="985" WIDTH="52" HEIGHT="39" CONTENT="de" WC="1.00" CC="00"/>
						<SP ID="P21_SP00089" HPOS="579" VPOS="1036" WIDTH="35"/>
						<String ID="P21_ST00101" HPOS="614" VPOS="993" WIDTH="153" HEIGHT="31" CONTENT="mettre" WC="1.00" CC="000000"/>
						<SP ID="P21_SP00090" HPOS="767" VPOS="1036" WIDTH="35"/>
						<String ID="P21_ST00102" HPOS="802" VPOS="998" WIDTH="53" HEIGHT="26" CONTENT="en" WC="1.00" CC="00"/>
						<SP ID="P21_SP00091" HPOS="855" VPOS="1036" WIDTH="35"/>
						<String ID="P21_ST00103" HPOS="890" VPOS="985" WIDTH="181" HEIGHT="39" CONTENT="lumière" WC="0.99" CC="5500800"/>
						<SP ID="P21_SP00092" HPOS="1071" VPOS="1036" WIDTH="22"/>
						<String ID="P21_ST00104" HPOS="1093" VPOS="993" WIDTH="40" HEIGHT="31" CONTENT="et" WC="0.78" CC="04"/>
						<SP ID="P21_SP00093" HPOS="1133" VPOS="1036" WIDTH="32"/>
						<String ID="P21_ST00105" HPOS="1165" VPOS="985" WIDTH="51" HEIGHT="39" CONTENT="de" WC="1.00" CC="00"/>
						<SP ID="P21_SP00094" HPOS="1216" VPOS="1036" WIDTH="31"/>
						<String ID="P21_ST00106" HPOS="1247" VPOS="984" WIDTH="264" HEIGHT="51" CONTENT="développer" WC="1.00" CC="0700300000"/>
						<SP ID="P21_SP00095" HPOS="1511" VPOS="1036" WIDTH="22"/>
						<String ID="P21_ST00107" HPOS="1533" VPOS="984" WIDTH="38" HEIGHT="39" CONTENT="le" WC="0.69" CC="60"/>
						<SP ID="P21_SP00096" HPOS="1571" VPOS="1036" WIDTH="19"/>
						<String ID="P21_ST00108" HPOS="1590" VPOS="987" WIDTH="128" HEIGHT="47" CONTENT="génie" WC="0.99" CC="00700"/>
						<SP ID="P21_SP00097" HPOS="1718" VPOS="1036" WIDTH="23"/>
						<String ID="P21_ST00109" HPOS="1741" VPOS="984" WIDTH="52" HEIGHT="39" CONTENT="de" WC="1.00" CC="00"/>
						<SP ID="P21_SP00098" HPOS="1793" VPOS="1036" WIDTH="19"/>
						<String ID="P21_ST00110" HPOS="1812" VPOS="985" WIDTH="169" HEIGHT="50" CONTENT="chaque" WC="0.99" CC="070040"/>
						<SP ID="P21_SP00099" HPOS="1981" VPOS="1036" WIDTH="19"/>
						<String ID="P21_ST00111" HPOS="2000" VPOS="997" WIDTH="75" HEIGHT="38" CONTENT="pro" SUBS_TYPE="HypPart1" SUBS_CONTENT="province." WC="0.99" CC="000"/>
						<HYP HPOS="2075" VPOS="997" WIDTH="24" CONTENT="-"/>
					</TextLine>
					<TextLine ID="P21_TL00014" HPOS="131" VPOS="1053" WIDTH="141" HEIGHT="38">
						<String ID="P21_ST00112" HPOS="131" VPOS="1053" WIDTH="141" HEIGHT="38" CONTENT="vince." SUBS_TYPE="HypPart2" SUBS_CONTENT="province." WC="0.99" CC="045001"/>
					</TextLine>
					<TextLine ID="P21_TL00015" HPOS="188" VPOS="1119" WIDTH="1914" HEIGHT="50">
						<String ID="P21_ST00113" HPOS="188" VPOS="1131" WIDTH="20" HEIGHT="26" CONTENT="((" WC="0.61" CC="07"/>
						<SP ID="P21_SP00100" HPOS="208" VPOS="1157" WIDTH="32"/>
						<String ID="P21_ST00114" HPOS="240" VPOS="1119" WIDTH="121" HEIGHT="39" CONTENT="Dans" WC="0.99" CC="4000"/>
						<SP ID="P21_SP00101" HPOS="361" VPOS="1158" WIDTH="28"/>
						<String ID="P21_ST00115" HPOS="389" VPOS="1119" WIDTH="39" HEIGHT="39" CONTENT="le" WC="1.00" CC="00"/>
						<SP ID="P21_SP00102" HPOS="428" VPOS="1158" WIDTH="29"/>
						<String ID="P21_ST00116" HPOS="457" VPOS="1119" WIDTH="105" HEIGHT="39" CONTENT="midi" WC="1.00" CC="0000"/>
						<SP ID="P21_SP00103" HPOS="562" VPOS="1158" WIDTH="41"/>
						<String ID="P21_ST00117" HPOS="603" VPOS="1119" WIDTH="52" HEIGHT="40" CONTENT="de" WC="1.00" CC="00"/>
						<SP ID="P21_SP00104" HPOS="655" VPOS="1159" WIDTH="36"/>
						<String ID="P21_ST00118" HPOS="691" VPOS="1119" WIDTH="39" HEIGHT="39" CONTENT="la" WC="0.94" CC="10"/>
						<SP ID="P21_SP00105" HPOS="730" VPOS="1159" WIDTH="36"/>
						<String ID="P21_ST00119" HPOS="766" VPOS="1120" WIDTH="180" HEIGHT="49" CONTENT="France," WC="0.99" CC="6000004"/>
						<SP ID="P21_SP00106" HPOS="946" VPOS="1169" WIDTH="23"/>
						<String ID="P21_ST00120" HPOS="969" VPOS="1120" WIDTH="109" HEIGHT="40" CONTENT="dans" WC="1.00" CC="0000"/>
						<SP ID="P21_SP00107" HPOS="1078" VPOS="1169" WIDTH="30"/>
						<String ID="P21_ST00121" HPOS="1108" VPOS="1121" WIDTH="38" HEIGHT="38" CONTENT="le" WC="0.81" CC="30"/>
						<SP ID="P21_SP00108" HPOS="1146" VPOS="1169" WIDTH="28"/>
						<String ID="P21_ST00122" HPOS="1174" VPOS="1119" WIDTH="283" HEIGHT="50" CONTENT="Languedoc," WC="1.00" CC="4000400004"/>
						<SP ID="P21_SP00109" HPOS="1457" VPOS="1169" WIDTH="28"/>
						<String ID="P21_ST00123" HPOS="1485" VPOS="1120" WIDTH="110" HEIGHT="38" CONTENT="dans" WC="0.98" CC="0061"/>
						<SP ID="P21_SP00110" HPOS="1595" VPOS="1169" WIDTH="35"/>
						<String ID="P21_ST00124" HPOS="1630" VPOS="1128" WIDTH="123" HEIGHT="31" CONTENT="notre" WC="1.00" CC="00100"/>
						<SP ID="P21_SP00111" HPOS="1753" VPOS="1169" WIDTH="32"/>
						<String ID="P21_ST00125" HPOS="1785" VPOS="1119" WIDTH="238" HEIGHT="45" CONTENT="Provence," WC="1.00" CC="000000204"/>
						<SP ID="P21_SP00112" HPOS="2023" VPOS="1169" WIDTH="23"/>
						<String ID="P21_ST00126" HPOS="2046" VPOS="1131" WIDTH="56" HEIGHT="27" CONTENT="on" WC="0.96" CC="00"/>
					</TextLine>
					<TextLine ID="P21_TL00016" HPOS="132" VPOS="1185" WIDTH="1967" HEIGHT="53">
						<String ID="P21_ST00127" HPOS="132" VPOS="1196" WIDTH="151" HEIGHT="31" CONTENT="trouve" WC="0.99" CC="000600"/>
						<SP ID="P21_SP00113" HPOS="283" VPOS="1227" WIDTH="14"/>
						<String ID="P21_ST00128" HPOS="297" VPOS="1187" WIDTH="77" HEIGHT="39" CONTENT="des" WC="1.00" CC="000"/>
						<SP ID="P21_SP00114" HPOS="374" VPOS="1227" WIDTH="31"/>
						<String ID="P21_ST00129" HPOS="405" VPOS="1185" WIDTH="181" HEIGHT="41" CONTENT="facultés" WC="1.00" CC="00303000"/>
						<SP ID="P21_SP00115" HPOS="586" VPOS="1227" WIDTH="34"/>
						<String ID="P21_ST00130" HPOS="620" VPOS="1189" WIDTH="251" HEIGHT="49" CONTENT="artistiques" WC="1.00" CC="00000610050"/>
						<SP ID="P21_SP00116" HPOS="871" VPOS="1238" WIDTH="26"/>
						<String ID="P21_ST00131" HPOS="897" VPOS="1187" WIDTH="156" HEIGHT="50" CONTENT="dignes" WC="0.99" CC="030500"/>
						<SP ID="P21_SP00117" HPOS="1053" VPOS="1238" WIDTH="35"/>
						<String ID="P21_ST00132" HPOS="1088" VPOS="1188" WIDTH="51" HEIGHT="39" CONTENT="de" WC="1.00" CC="00"/>
						<SP ID="P21_SP00118" HPOS="1139" VPOS="1238" WIDTH="36"/>
						<String ID="P21_ST00133" HPOS="1175" VPOS="1201" WIDTH="69" HEIGHT="26" CONTENT="ces" WC="1.00" CC="000"/>
						<SP ID="P21_SP00119" HPOS="1244" VPOS="1238" WIDTH="23"/>
						<String ID="P21_ST00134" HPOS="1267" VPOS="1201" WIDTH="107" HEIGHT="37" CONTENT="pays" WC="1.00" CC="0001"/>
						<SP ID="P21_SP00120" HPOS="1374" VPOS="1238" WIDTH="35"/>
						<String ID="P21_ST00135" HPOS="1409" VPOS="1187" WIDTH="184" HEIGHT="50" CONTENT="baignés" WC="1.00" CC="0010000"/>
						<SP ID="P21_SP00121" HPOS="1593" VPOS="1238" WIDTH="33"/>
						<String ID="P21_ST00136" HPOS="1626" VPOS="1187" WIDTH="109" HEIGHT="39" CONTENT="d'air" WC="1.00" CC="00000"/>
						<SP ID="P21_SP00122" HPOS="1735" VPOS="1238" WIDTH="24"/>
						<String ID="P21_ST00137" HPOS="1759" VPOS="1195" WIDTH="39" HEIGHT="31" CONTENT="et" WC="0.89" CC="02"/>
						<SP ID="P21_SP00123" HPOS="1798" VPOS="1238" WIDTH="23"/>
						<String ID="P21_ST00138" HPOS="1821" VPOS="1187" WIDTH="52" HEIGHT="38" CONTENT="de" WC="1.00" CC="00"/>
						<SP ID="P21_SP00124" HPOS="1873" VPOS="1238" WIDTH="30"/>
						<String ID="P21_ST00139" HPOS="1903" VPOS="1187" WIDTH="196" HEIGHT="38" CONTENT="lumière." WC="0.99" CC="25007400"/>
					</TextLine>
					<TextLine ID="P21_TL00017" HPOS="135" VPOS="1253" WIDTH="1968" HEIGHT="52">
						<String ID="P21_ST00140" HPOS="135" VPOS="1253" WIDTH="47" HEIGHT="41" CONTENT="Si" WC="0.88" CC="02"/>
						<SP ID="P21_SP00125" HPOS="182" VPOS="1294" WIDTH="20"/>
						<String ID="P21_ST00141" HPOS="202" VPOS="1255" WIDTH="105" HEIGHT="38" CONTENT="elles" WC="0.99" CC="01600"/>
						<SP ID="P21_SP00126" HPOS="307" VPOS="1294" WIDTH="18"/>
						<String ID="P21_ST00142" HPOS="325" VPOS="1255" WIDTH="160" HEIGHT="38" CONTENT="étaient" WC="0.99" CC="0004046"/>
						<SP ID="P21_SP00127" HPOS="485" VPOS="1294" WIDTH="20"/>
						<String ID="P21_ST00143" HPOS="505" VPOS="1254" WIDTH="250" HEIGHT="40" CONTENT="hardiment" WC="0.99" CC="500040005"/>
						<SP ID="P21_SP00128" HPOS="755" VPOS="1294" WIDTH="19"/>
						<String ID="P21_ST00144" HPOS="774" VPOS="1255" WIDTH="206" HEIGHT="40" CONTENT="cultivées" WC="0.99" CC="452520000"/>
						<SP ID="P21_SP00129" HPOS="980" VPOS="1295" WIDTH="20"/>
						<String ID="P21_ST00145" HPOS="1000" VPOS="1263" WIDTH="40" HEIGHT="32" CONTENT="et" WC="0.85" CC="02"/>
						<SP ID="P21_SP00130" HPOS="1040" VPOS="1295" WIDTH="16"/>
						<String ID="P21_ST00146" HPOS="1056" VPOS="1255" WIDTH="109" HEIGHT="40" CONTENT="dans" WC="0.99" CC="0060"/>
						<SP ID="P21_SP00131" HPOS="1165" VPOS="1295" WIDTH="25"/>
						<String ID="P21_ST00147" HPOS="1190" VPOS="1255" WIDTH="93" HEIGHT="40" CONTENT="leur" WC="0.98" CC="4050"/>
						<SP ID="P21_SP00132" HPOS="1283" VPOS="1295" WIDTH="21"/>
						<String ID="P21_ST00148" HPOS="1304" VPOS="1255" WIDTH="166" HEIGHT="47" CONTENT="milieu," WC="1.00" CC="0331000"/>
						<SP ID="P21_SP00133" HPOS="1470" VPOS="1302" WIDTH="27"/>
						<String ID="P21_ST00149" HPOS="1497" VPOS="1268" WIDTH="56" HEIGHT="26" CONTENT="on" WC="0.64" CC="07"/>
						<SP ID="P21_SP00134" HPOS="1553" VPOS="1302" WIDTH="20"/>
						<String ID="P21_ST00150" HPOS="1573" VPOS="1269" WIDTH="28" HEIGHT="36" CONTENT="y" WC="1.00" CC="0"/>
						<SP ID="P21_SP00135" HPOS="1601" VPOS="1305" WIDTH="19"/>
						<String ID="P21_ST00151" HPOS="1620" VPOS="1255" WIDTH="291" HEIGHT="39" CONTENT="découvrirait" WC="1.00" CC="000050000015"/>
						<SP ID="P21_SP00136" HPOS="1911" VPOS="1305" WIDTH="22"/>
						<String ID="P21_ST00152" HPOS="1933" VPOS="1267" WIDTH="170" HEIGHT="26" CONTENT="comme" WC="0.99" CC="00006"/>
					</TextLine>
					<TextLine ID="P21_TL00018" HPOS="135" VPOS="1320" WIDTH="1189" HEIGHT="51">
						<String ID="P21_ST00153" HPOS="135" VPOS="1336" WIDTH="59" HEIGHT="25" CONTENT="un" WC="0.72" CC="05"/>
						<SP ID="P21_SP00137" HPOS="194" VPOS="1361" WIDTH="23"/>
						<String ID="P21_ST00154" HPOS="217" VPOS="1320" WIDTH="106" HEIGHT="41" CONTENT="filon" WC="0.98" CC="22500"/>
						<SP ID="P21_SP00138" HPOS="323" VPOS="1361" WIDTH="23"/>
						<String ID="P21_ST00155" HPOS="346" VPOS="1335" WIDTH="202" HEIGHT="26" CONTENT="nouveau" WC="0.99" CC="0040004"/>
						<SP ID="P21_SP00139" HPOS="548" VPOS="1361" WIDTH="20"/>
						<String ID="P21_ST00156" HPOS="568" VPOS="1330" WIDTH="40" HEIGHT="31" CONTENT="et" WC="0.66" CC="06"/>
						<SP ID="P21_SP00140" HPOS="608" VPOS="1361" WIDTH="23"/>
						<String ID="P21_ST00157" HPOS="631" VPOS="1324" WIDTH="155" HEIGHT="47" CONTENT="ignoré" WC="0.99" CC="006000"/>
						<SP ID="P21_SP00141" HPOS="786" VPOS="1371" WIDTH="18"/>
						<String ID="P21_ST00158" HPOS="804" VPOS="1322" WIDTH="53" HEIGHT="39" CONTENT="de" WC="1.00" CC="00"/>
						<SP ID="P21_SP00142" HPOS="857" VPOS="1371" WIDTH="21"/>
						<String ID="P21_ST00159" HPOS="878" VPOS="1322" WIDTH="141" HEIGHT="49" CONTENT="gloire" WC="1.00" CC="030000"/>
						<SP ID="P21_SP00143" HPOS="1019" VPOS="1371" WIDTH="22"/>
						<String ID="P21_ST00160" HPOS="1041" VPOS="1322" WIDTH="236" HEIGHT="40" CONTENT="nationale." WC="1.00" CC="0010200404"/>
						<SP ID="P21_SP00144" HPOS="1277" VPOS="1371" WIDTH="26"/>
						<String ID="P21_ST00161" HPOS="1303" VPOS="1333" WIDTH="21" HEIGHT="27" CONTENT="))" WC="0.41" CC="46"/>
					</TextLine>
					<TextLine ID="P21_TL00019" HPOS="187" VPOS="1387" WIDTH="1916" HEIGHT="53">
						<String ID="P21_ST00162" HPOS="187" VPOS="1388" WIDTH="124" HEIGHT="41" CONTENT="Nous" WC="0.98" CC="3060"/>
						<SP ID="P21_SP00145" HPOS="311" VPOS="1429" WIDTH="35"/>
						<String ID="P21_ST00163" HPOS="346" VPOS="1402" WIDTH="191" HEIGHT="26" CONTENT="sommes" WC="1.00" CC="010000"/>
						<SP ID="P21_SP00146" HPOS="537" VPOS="1429" WIDTH="32"/>
						<String ID="P21_ST00164" HPOS="569" VPOS="1389" WIDTH="429" HEIGHT="40" CONTENT="malheureusement" WC="1.00" CC="003500000000056"/>
						<SP ID="P21_SP00147" HPOS="998" VPOS="1429" WIDTH="29"/>
						<String ID="P21_ST00165" HPOS="1027" VPOS="1390" WIDTH="110" HEIGHT="39" CONTENT="dans" WC="1.00" CC="0000"/>
						<SP ID="P21_SP00148" HPOS="1137" VPOS="1429" WIDTH="29"/>
						<String ID="P21_ST00166" HPOS="1166" VPOS="1387" WIDTH="276" HEIGHT="52" CONTENT="l'obligation" WC="1.00" CC="630040005100"/>
						<SP ID="P21_SP00149" HPOS="1442" VPOS="1439" WIDTH="22"/>
						<String ID="P21_ST00167" HPOS="1464" VPOS="1388" WIDTH="205" HEIGHT="41" CONTENT="d'avouer" WC="1.00" CC="04000600"/>
						<SP ID="P21_SP00150" HPOS="1669" VPOS="1439" WIDTH="23"/>
						<String ID="P21_ST00168" HPOS="1692" VPOS="1402" WIDTH="82" HEIGHT="38" CONTENT="que" WC="1.00" CC="000"/>
						<SP ID="P21_SP00151" HPOS="1774" VPOS="1440" WIDTH="31"/>
						<String ID="P21_ST00169" HPOS="1805" VPOS="1402" WIDTH="82" HEIGHT="37" CONTENT="peu" WC="1.00" CC="000"/>
						<SP ID="P21_SP00152" HPOS="1887" VPOS="1440" WIDTH="25"/>
						<String ID="P21_ST00170" HPOS="1912" VPOS="1387" WIDTH="191" HEIGHT="40" CONTENT="d'efforts" WC="1.00" CC="000000034"/>
					</TextLine>
					<TextLine ID="P21_TL00020" HPOS="137" VPOS="1455" WIDTH="1967" HEIGHT="52">
						<String ID="P21_ST00171" HPOS="137" VPOS="1465" WIDTH="75" HEIGHT="31" CONTENT="ont" WC="0.98" CC="060"/>
						<SP ID="P21_SP00153" HPOS="212" VPOS="1496" WIDTH="19"/>
						<String ID="P21_ST00172" HPOS="231" VPOS="1461" WIDTH="66" HEIGHT="35" CONTENT="été" WC="0.98" CC="060"/>
						<SP ID="P21_SP00154" HPOS="297" VPOS="1496" WIDTH="22"/>
						<String ID="P21_ST00173" HPOS="319" VPOS="1456" WIDTH="100" HEIGHT="40" CONTENT="faits" WC="0.99" CC="10400"/>
						<SP ID="P21_SP00155" HPOS="419" VPOS="1496" WIDTH="31"/>
						<String ID="P21_ST00174" HPOS="450" VPOS="1469" WIDTH="52" HEIGHT="26" CONTENT="en" WC="1.00" CC="00"/>
						<SP ID="P21_SP00156" HPOS="502" VPOS="1496" WIDTH="36"/>
						<String ID="P21_ST00175" HPOS="538" VPOS="1458" WIDTH="205" HEIGHT="49" CONTENT="province" WC="1.00" CC="00000000"/>
						<SP ID="P21_SP00157" HPOS="743" VPOS="1507" WIDTH="33"/>
						<String ID="P21_ST00176" HPOS="776" VPOS="1470" WIDTH="111" HEIGHT="37" CONTENT="pour" WC="0.99" CC="0060"/>
						<SP ID="P21_SP00158" HPOS="887" VPOS="1507" WIDTH="28"/>
						<String ID="P21_ST00177" HPOS="915" VPOS="1456" WIDTH="39" HEIGHT="39" CONTENT="la" WC="0.74" CC="50"/>
						<SP ID="P21_SP00159" HPOS="954" VPOS="1507" WIDTH="32"/>
						<String ID="P21_ST00178" HPOS="986" VPOS="1456" WIDTH="382" HEIGHT="40" CONTENT="décentralisation" WC="1.00" CC="0000610000003006"/>
						<SP ID="P21_SP00160" HPOS="1368" VPOS="1507" WIDTH="36"/>
						<String ID="P21_ST00179" HPOS="1404" VPOS="1456" WIDTH="223" HEIGHT="39" CONTENT="musicale." WC="0.99" CC="060300404"/>
						<SP ID="P21_SP00161" HPOS="1627" VPOS="1507" WIDTH="99"/>
						<String ID="P21_ST00180" HPOS="1726" VPOS="1455" WIDTH="224" HEIGHT="52" CONTENT="Quelques" WC="1.00" CC="00020000"/>
						<SP ID="P21_SP00162" HPOS="1950" VPOS="1507" WIDTH="20"/>
						<String ID="P21_ST00181" HPOS="1970" VPOS="1463" WIDTH="112" HEIGHT="32" CONTENT="tenta" SUBS_TYPE="HypPart1" SUBS_CONTENT="tentatives" WC="0.99" CC="00700"/>
						<HYP HPOS="2082" VPOS="1463" WIDTH="22" CONTENT="-"/>
					</TextLine>
					<TextLine ID="P21_TL00021" HPOS="135" VPOS="1521" WIDTH="1969" HEIGHT="54">
						<String ID="P21_ST00182" HPOS="135" VPOS="1525" WIDTH="107" HEIGHT="38" CONTENT="tives" SUBS_TYPE="HypPart2" SUBS_CONTENT="tentatives" WC="0.99" CC="51000"/>
						<SP ID="P21_SP00163" HPOS="242" VPOS="1563" WIDTH="23"/>
						<String ID="P21_ST00183" HPOS="265" VPOS="1524" WIDTH="110" HEIGHT="39" CONTENT="dans" WC="1.00" CC="0000"/>
						<SP ID="P21_SP00164" HPOS="375" VPOS="1563" WIDTH="26"/>
						<String ID="P21_ST00184" HPOS="401" VPOS="1537" WIDTH="46" HEIGHT="26" CONTENT="ce" WC="1.00" CC="00"/>
						<SP ID="P21_SP00165" HPOS="447" VPOS="1563" WIDTH="28"/>
						<String ID="P21_ST00185" HPOS="475" VPOS="1536" WIDTH="99" HEIGHT="27" CONTENT="sens" WC="1.00" CC="0000"/>
						<SP ID="P21_SP00166" HPOS="574" VPOS="1563" WIDTH="24"/>
						<String ID="P21_ST00186" HPOS="598" VPOS="1532" WIDTH="74" HEIGHT="31" CONTENT="ont" WC="0.97" CC="305"/>
						<SP ID="P21_SP00167" HPOS="672" VPOS="1563" WIDTH="22"/>
						<String ID="P21_ST00187" HPOS="694" VPOS="1523" WIDTH="102" HEIGHT="40" CONTENT="bien" WC="0.99" CC="0040"/>
						<SP ID="P21_SP00168" HPOS="796" VPOS="1563" WIDTH="20"/>
						<String ID="P21_ST00188" HPOS="816" VPOS="1528" WIDTH="65" HEIGHT="35" CONTENT="été" WC="0.98" CC="040"/>
						<SP ID="P21_SP00169" HPOS="881" VPOS="1563" WIDTH="28"/>
						<String ID="P21_ST00189" HPOS="909" VPOS="1524" WIDTH="243" HEIGHT="40" CONTENT="ébauchées" WC="0.99" CC="020506003"/>
						<SP ID="P21_SP00170" HPOS="1152" VPOS="1564" WIDTH="23"/>
						<String ID="P21_ST00190" HPOS="1175" VPOS="1538" WIDTH="79" HEIGHT="37" CONTENT="par" WC="1.00" CC="000"/>
						<SP ID="P21_SP00171" HPOS="1254" VPOS="1575" WIDTH="34"/>
						<String ID="P21_ST00191" HPOS="1288" VPOS="1524" WIDTH="62" HEIGHT="39" CONTENT="les" WC="0.98" CC="500"/>
						<SP ID="P21_SP00172" HPOS="1350" VPOS="1575" WIDTH="21"/>
						<String ID="P21_ST00192" HPOS="1371" VPOS="1523" WIDTH="189" HEIGHT="40" CONTENT="fervents" WC="1.00" CC="30200100"/>
						<SP ID="P21_SP00173" HPOS="1560" VPOS="1575" WIDTH="20"/>
						<String ID="P21_ST00193" HPOS="1580" VPOS="1524" WIDTH="52" HEIGHT="39" CONTENT="de" WC="1.00" CC="00"/>
						<SP ID="P21_SP00174" HPOS="1632" VPOS="1575" WIDTH="29"/>
						<String ID="P21_ST00194" HPOS="1661" VPOS="1523" WIDTH="94" HEIGHT="40" CONTENT="l'art" WC="0.98" CC="54005"/>
						<SP ID="P21_SP00175" HPOS="1755" VPOS="1575" WIDTH="26"/>
						<String ID="P21_ST00195" HPOS="1781" VPOS="1535" WIDTH="8" HEIGHT="38" CONTENT=";" WC="0.74" CC="2"/>
						<SP ID="P21_SP00176" HPOS="1789" VPOS="1575" WIDTH="28"/>
						<String ID="P21_ST00196" HPOS="1817" VPOS="1525" WIDTH="110" HEIGHT="38" CONTENT="mais" WC="1.00" CC="0000"/>
						<SP ID="P21_SP00177" HPOS="1927" VPOS="1575" WIDTH="21"/>
						<String ID="P21_ST00197" HPOS="1948" VPOS="1521" WIDTH="137" HEIGHT="41" CONTENT="l'indif" SUBS_TYPE="HypPart1" SUBS_CONTENT="l'indifférence" WC="0.99" CC="4020030"/>
						<HYP HPOS="2085" VPOS="1521" WIDTH="19" CONTENT="-"/>
					</TextLine>
					<TextLine ID="P21_TL00022" HPOS="135" VPOS="1589" WIDTH="1294" HEIGHT="53">
						<String ID="P21_ST00198" HPOS="135" VPOS="1589" WIDTH="171" HEIGHT="41" CONTENT="férence" SUBS_TYPE="HypPart2" SUBS_CONTENT="l'indifférence" WC="1.00" CC="0000050"/>
						<SP ID="P21_SP00178" HPOS="306" VPOS="1630" WIDTH="24"/>
						<String ID="P21_ST00199" HPOS="330" VPOS="1590" WIDTH="222" HEIGHT="40" CONTENT="ambiante" WC="1.00" CC="00020050"/>
						<SP ID="P21_SP00179" HPOS="552" VPOS="1630" WIDTH="20"/>
						<String ID="P21_ST00200" HPOS="572" VPOS="1605" WIDTH="21" HEIGHT="24" CONTENT="a" WC="1.00" CC="0"/>
						<SP ID="P21_SP00180" HPOS="593" VPOS="1630" WIDTH="24"/>
						<String ID="P21_ST00201" HPOS="617" VPOS="1590" WIDTH="247" HEIGHT="50" CONTENT="découragé" WC="1.00" CC="000160000"/>
						<SP ID="P21_SP00181" HPOS="864" VPOS="1640" WIDTH="23"/>
						<String ID="P21_ST00202" HPOS="887" VPOS="1591" WIDTH="61" HEIGHT="39" CONTENT="les" WC="0.98" CC="500"/>
						<SP ID="P21_SP00182" HPOS="948" VPOS="1640" WIDTH="20"/>
						<String ID="P21_ST00203" HPOS="968" VPOS="1591" WIDTH="98" HEIGHT="51" CONTENT="plus" WC="0.98" CC="0304"/>
						<SP ID="P21_SP00183" HPOS="1066" VPOS="1642" WIDTH="23"/>
						<String ID="P21_ST00204" HPOS="1089" VPOS="1591" WIDTH="340" HEIGHT="40" CONTENT="enthousiastes." WC="1.00" CC="06060003035000"/>
					</TextLine>
					<TextLine ID="P21_TL00023" HPOS="191" VPOS="1657" WIDTH="1915" HEIGHT="53">
						<String ID="P21_ST00205" HPOS="191" VPOS="1657" WIDTH="259" HEIGHT="52" CONTENT="Cependant" WC="0.99" CC="300030035"/>
						<SP ID="P21_SP00184" HPOS="450" VPOS="1709" WIDTH="38"/>
						<String ID="P21_ST00206" HPOS="488" VPOS="1657" WIDTH="260" HEIGHT="40" CONTENT="l'éducation" WC="1.00" CC="30004004100"/>
						<SP ID="P21_SP00185" HPOS="748" VPOS="1709" WIDTH="33"/>
						<String ID="P21_ST00207" HPOS="781" VPOS="1658" WIDTH="212" HEIGHT="39" CONTENT="musicale" WC="0.99" CC="05420030"/>
						<SP ID="P21_SP00186" HPOS="993" VPOS="1709" WIDTH="30"/>
						<String ID="P21_ST00208" HPOS="1023" VPOS="1659" WIDTH="99" HEIGHT="39" CONTENT="tend" WC="0.98" CC="3030"/>
						<SP ID="P21_SP00187" HPOS="1122" VPOS="1709" WIDTH="28"/>
						<String ID="P21_ST00209" HPOS="1150" VPOS="1658" WIDTH="155" HEIGHT="51" CONTENT="depuis" WC="0.99" CC="000410"/>
						<SP ID="P21_SP00188" HPOS="1305" VPOS="1709" WIDTH="36"/>
						<String ID="P21_ST00210" HPOS="1341" VPOS="1659" WIDTH="213" HEIGHT="51" CONTENT="quelques" WC="1.00" CC="00000000"/>
						<SP ID="P21_SP00189" HPOS="1554" VPOS="1710" WIDTH="24"/>
						<String ID="P21_ST00211" HPOS="1578" VPOS="1663" WIDTH="161" HEIGHT="35" CONTENT="années" WC="0.99" CC="065000"/>
						<SP ID="P21_SP00190" HPOS="1739" VPOS="1710" WIDTH="23"/>
						<String ID="P21_ST00212" HPOS="1762" VPOS="1663" WIDTH="20" HEIGHT="35" CONTENT="à" WC="1.00" CC="0"/>
						<SP ID="P21_SP00191" HPOS="1782" VPOS="1710" WIDTH="39"/>
						<String ID="P21_ST00213" HPOS="1821" VPOS="1672" WIDTH="45" HEIGHT="26" CONTENT="se" WC="1.00" CC="00"/>
						<SP ID="P21_SP00192" HPOS="1866" VPOS="1710" WIDTH="21"/>
						<String ID="P21_ST00214" HPOS="1887" VPOS="1670" WIDTH="219" HEIGHT="39" CONTENT="propager" WC="1.00" CC="00000000"/>
					</TextLine>
					<TextLine ID="P21_TL00024" HPOS="136" VPOS="1723" WIDTH="1969" HEIGHT="54">
						<String ID="P21_ST00215" HPOS="136" VPOS="1734" WIDTH="41" HEIGHT="31" CONTENT="et" WC="0.72" CC="05"/>
						<SP ID="P21_SP00193" HPOS="177" VPOS="1765" WIDTH="17"/>
						<String ID="P21_ST00216" HPOS="194" VPOS="1730" WIDTH="21" HEIGHT="34" CONTENT="à" WC="1.00" CC="0"/>
						<SP ID="P21_SP00194" HPOS="215" VPOS="1765" WIDTH="23"/>
						<String ID="P21_ST00217" HPOS="238" VPOS="1726" WIDTH="128" HEIGHT="38" CONTENT="sortir" WC="0.99" CC="100430"/>
						<SP ID="P21_SP00195" HPOS="366" VPOS="1765" WIDTH="17"/>
						<String ID="P21_ST00218" HPOS="383" VPOS="1725" WIDTH="76" HEIGHT="39" CONTENT="des" WC="0.99" CC="002"/>
						<SP ID="P21_SP00196" HPOS="459" VPOS="1765" WIDTH="20"/>
						<String ID="P21_ST00219" HPOS="479" VPOS="1725" WIDTH="161" HEIGHT="39" CONTENT="limites" WC="1.00" CC="0001004"/>
						<SP ID="P21_SP00197" HPOS="640" VPOS="1765" WIDTH="22"/>
						<String ID="P21_ST00220" HPOS="662" VPOS="1728" WIDTH="249" HEIGHT="37" CONTENT="restreintes" WC="1.00" CC="10040005501"/>
						<SP ID="P21_SP00198" HPOS="911" VPOS="1765" WIDTH="38"/>
						<String ID="P21_ST00221" HPOS="949" VPOS="1726" WIDTH="110" HEIGHT="39" CONTENT="dans" WC="0.99" CC="0003"/>
						<SP ID="P21_SP00199" HPOS="1059" VPOS="1765" WIDTH="42"/>
						<String ID="P21_ST00222" HPOS="1101" VPOS="1726" WIDTH="233" HEIGHT="51" CONTENT="lesquelles" WC="1.00" CC="0000605400"/>
						<SP ID="P21_SP00200" HPOS="1334" VPOS="1777" WIDTH="35"/>
						<String ID="P21_ST00223" HPOS="1369" VPOS="1726" WIDTH="81" HEIGHT="40" CONTENT="elle" WC="1.00" CC="0000"/>
						<SP ID="P21_SP00201" HPOS="1450" VPOS="1777" WIDTH="23"/>
						<String ID="P21_ST00224" HPOS="1473" VPOS="1727" WIDTH="232" HEIGHT="50" CONTENT="paraissait" WC="1.00" CC="0000100003"/>
						<SP ID="P21_SP00202" HPOS="1705" VPOS="1777" WIDTH="31"/>
						<String ID="P21_ST00225" HPOS="1736" VPOS="1724" WIDTH="125" HEIGHT="41" CONTENT="s'être" WC="0.99" CC="035000"/>
						<SP ID="P21_SP00203" HPOS="1861" VPOS="1777" WIDTH="32"/>
						<String ID="P21_ST00226" HPOS="1893" VPOS="1723" WIDTH="212" HEIGHT="41" CONTENT="confinée." WC="0.99" CC="007226803"/>
					</TextLine>
					<TextLine ID="P21_TL00025" HPOS="138" VPOS="1791" WIDTH="1967" HEIGHT="53">
						<String ID="P21_ST00227" HPOS="138" VPOS="1791" WIDTH="116" HEIGHT="41" CONTENT="Sous" WC="0.99" CC="0050"/>
						<SP ID="P21_SP00204" HPOS="254" VPOS="1832" WIDTH="17"/>
						<String ID="P21_ST00228" HPOS="271" VPOS="1793" WIDTH="61" HEIGHT="38" CONTENT="les" WC="1.00" CC="001"/>
						<SP ID="P21_SP00205" HPOS="332" VPOS="1832" WIDTH="26"/>
						<String ID="P21_ST00229" HPOS="358" VPOS="1791" WIDTH="148" HEIGHT="41" CONTENT="efforts" WC="1.00" CC="0000000"/>
						<SP ID="P21_SP00206" HPOS="506" VPOS="1832" WIDTH="20"/>
						<String ID="P21_ST00230" HPOS="526" VPOS="1794" WIDTH="189" HEIGHT="49" CONTENT="patients" WC="0.99" CC="00000760"/>
						<SP ID="P21_SP00207" HPOS="715" VPOS="1843" WIDTH="20"/>
						<String ID="P21_ST00231" HPOS="735" VPOS="1793" WIDTH="52" HEIGHT="39" CONTENT="de" WC="1.00" CC="00"/>
						<SP ID="P21_SP00208" HPOS="787" VPOS="1843" WIDTH="23"/>
						<String ID="P21_ST00232" HPOS="810" VPOS="1793" WIDTH="213" HEIGHT="51" CONTENT="quelques" WC="0.99" CC="04050701"/>
						<SP ID="P21_SP00209" HPOS="1023" VPOS="1844" WIDTH="22"/>
						<String ID="P21_ST00233" HPOS="1045" VPOS="1792" WIDTH="232" HEIGHT="47" CONTENT="dilettanti," WC="0.78" CC="00300305522"/>
						<SP ID="P21_SP00210" HPOS="1277" VPOS="1844" WIDTH="21"/>
						<String ID="P21_ST00234" HPOS="1298" VPOS="1794" WIDTH="94" HEIGHT="38" CONTENT="l'art" WC="0.99" CC="33000"/>
						<SP ID="P21_SP00211" HPOS="1392" VPOS="1844" WIDTH="21"/>
						<String ID="P21_ST00235" HPOS="1413" VPOS="1794" WIDTH="184" HEIGHT="38" CONTENT="musical" WC="1.00" CC="0020003"/>
						<SP ID="P21_SP00212" HPOS="1597" VPOS="1844" WIDTH="19"/>
						<String ID="P21_ST00236" HPOS="1616" VPOS="1806" WIDTH="45" HEIGHT="26" CONTENT="se" WC="1.00" CC="00"/>
						<SP ID="P21_SP00213" HPOS="1661" VPOS="1844" WIDTH="21"/>
						<String ID="P21_ST00237" HPOS="1682" VPOS="1802" WIDTH="112" HEIGHT="30" CONTENT="trace" WC="1.00" CC="00000"/>
						<SP ID="P21_SP00214" HPOS="1794" VPOS="1844" WIDTH="20"/>
						<String ID="P21_ST00238" HPOS="1814" VPOS="1808" WIDTH="58" HEIGHT="24" CONTENT="un" WC="0.69" CC="06"/>
						<SP ID="P21_SP00215" HPOS="1872" VPOS="1844" WIDTH="20"/>
						<String ID="P21_ST00239" HPOS="1892" VPOS="1793" WIDTH="173" HEIGHT="39" CONTENT="chemin" WC="0.98" CC="060028"/>
						<SP ID="P21_SP00216" HPOS="2065" VPOS="1844" WIDTH="19"/>
						<String ID="P21_ST00240" HPOS="2084" VPOS="1796" WIDTH="21" HEIGHT="34" CONTENT="à" WC="1.00" CC="0"/>
					</TextLine>
					<TextLine ID="P21_TL00026" HPOS="135" VPOS="1857" WIDTH="1966" HEIGHT="55">
						<String ID="P21_ST00241" HPOS="135" VPOS="1869" WIDTH="165" HEIGHT="31" CONTENT="travers" WC="1.00" CC="5000020"/>
						<SP ID="P21_SP00217" HPOS="300" VPOS="1900" WIDTH="24"/>
						<String ID="P21_ST00242" HPOS="324" VPOS="1860" WIDTH="39" HEIGHT="38" CONTENT="la" WC="0.76" CC="40"/>
						<SP ID="P21_SP00218" HPOS="363" VPOS="1900" WIDTH="23"/>
						<String ID="P21_ST00243" HPOS="386" VPOS="1858" WIDTH="118" HEIGHT="41" CONTENT="foule" WC="0.99" CC="00620"/>
						<SP ID="P21_SP00219" HPOS="504" VPOS="1900" WIDTH="19"/>
						<String ID="P21_ST00244" HPOS="523" VPOS="1865" WIDTH="194" HEIGHT="44" CONTENT="naguère" WC="0.99" CC="6000800"/>
						<SP ID="P21_SP00220" HPOS="717" VPOS="1909" WIDTH="15"/>
						<String ID="P21_ST00245" HPOS="732" VPOS="1859" WIDTH="289" HEIGHT="49" CONTENT="indifférente," WC="1.00" CC="0600000006203"/>
						<SP ID="P21_SP00221" HPOS="1021" VPOS="1909" WIDTH="14"/>
						<String ID="P21_ST00246" HPOS="1035" VPOS="1869" WIDTH="40" HEIGHT="31" CONTENT="et" WC="0.70" CC="05"/>
						<SP ID="P21_SP00222" HPOS="1075" VPOS="1909" WIDTH="19"/>
						<String ID="P21_ST00247" HPOS="1094" VPOS="1861" WIDTH="38" HEIGHT="39" CONTENT="le" WC="0.76" CC="40"/>
						<SP ID="P21_SP00223" HPOS="1132" VPOS="1909" WIDTH="19"/>
						<String ID="P21_ST00248" HPOS="1151" VPOS="1862" WIDTH="190" HEIGHT="50" CONTENT="premier" WC="1.00" CC="0600000"/>
						<SP ID="P21_SP00224" HPOS="1341" VPOS="1912" WIDTH="21"/>
						<String ID="P21_ST00249" HPOS="1362" VPOS="1874" WIDTH="94" HEIGHT="37" CONTENT="pas," WC="0.98" CC="0024"/>
						<SP ID="P21_SP00225" HPOS="1456" VPOS="1912" WIDTH="26"/>
						<String ID="P21_ST00250" HPOS="1482" VPOS="1860" WIDTH="38" HEIGHT="39" CONTENT="le" WC="0.94" CC="10"/>
						<SP ID="P21_SP00226" HPOS="1520" VPOS="1912" WIDTH="21"/>
						<String ID="P21_ST00251" HPOS="1541" VPOS="1860" WIDTH="98" HEIGHT="51" CONTENT="plus" WC="0.97" CC="0343"/>
						<SP ID="P21_SP00227" HPOS="1639" VPOS="1912" WIDTH="24"/>
						<String ID="P21_ST00252" HPOS="1663" VPOS="1858" WIDTH="191" HEIGHT="53" CONTENT="pénible," WC="0.99" CC="00500503"/>
						<SP ID="P21_SP00228" HPOS="1854" VPOS="1912" WIDTH="26"/>
						<String ID="P21_ST00253" HPOS="1880" VPOS="1873" WIDTH="21" HEIGHT="25" CONTENT="a" WC="1.00" CC="0"/>
						<SP ID="P21_SP00229" HPOS="1901" VPOS="1912" WIDTH="23"/>
						<String ID="P21_ST00254" HPOS="1924" VPOS="1863" WIDTH="66" HEIGHT="35" CONTENT="été" WC="0.98" CC="040"/>
						<SP ID="P21_SP00230" HPOS="1990" VPOS="1912" WIDTH="21"/>
						<String ID="P21_ST00255" HPOS="2011" VPOS="1857" WIDTH="90" HEIGHT="41" CONTENT="fait." WC="0.99" CC="00204"/>
					</TextLine>
					<TextLine ID="P21_TL00027" HPOS="189" VPOS="1926" WIDTH="1917" HEIGHT="53">
						<String ID="P21_ST00256" HPOS="189" VPOS="1926" WIDTH="61" HEIGHT="40" CONTENT="M." WC="0.84" CC="03"/>
						<SP ID="P21_SP00231" HPOS="250" VPOS="1966" WIDTH="25"/>
						<String ID="P21_ST00257" HPOS="275" VPOS="1926" WIDTH="283" HEIGHT="53" CONTENT="Barthélémy" WC="1.00" CC="0000204000"/>
						<SP ID="P21_SP00232" HPOS="558" VPOS="1979" WIDTH="19"/>
						<String ID="P21_ST00258" HPOS="577" VPOS="1928" WIDTH="51" HEIGHT="38" CONTENT="de" WC="1.00" CC="00"/>
						<SP ID="P21_SP00233" HPOS="628" VPOS="1979" WIDTH="28"/>
						<String ID="P21_ST00259" HPOS="656" VPOS="1927" WIDTH="140" HEIGHT="50" CONTENT="Roux," WC="0.98" CC="30704"/>
						<SP ID="P21_SP00234" HPOS="796" VPOS="1979" WIDTH="26"/>
						<String ID="P21_ST00260" HPOS="822" VPOS="1930" WIDTH="74" HEIGHT="49" CONTENT="qui" WC="1.00" CC="000"/>
						<SP ID="P21_SP00235" HPOS="896" VPOS="1979" WIDTH="22"/>
						<String ID="P21_ST00261" HPOS="918" VPOS="1928" WIDTH="94" HEIGHT="51" CONTENT="déjà" WC="1.00" CC="0000"/>
						<SP ID="P21_SP00236" HPOS="1012" VPOS="1979" WIDTH="31"/>
						<String ID="P21_ST00262" HPOS="1043" VPOS="1928" WIDTH="169" HEIGHT="39" CONTENT="l'année" WC="0.98" CC="4405504"/>
						<SP ID="P21_SP00237" HPOS="1212" VPOS="1979" WIDTH="31"/>
						<String ID="P21_ST00263" HPOS="1243" VPOS="1928" WIDTH="199" HEIGHT="40" CONTENT="dernière" WC="1.00" CC="00000700"/>
						<SP ID="P21_SP00238" HPOS="1442" VPOS="1979" WIDTH="34"/>
						<String ID="P21_ST00264" HPOS="1476" VPOS="1930" WIDTH="115" HEIGHT="38" CONTENT="avait" WC="0.99" CC="00040"/>
						<SP ID="P21_SP00239" HPOS="1591" VPOS="1979" WIDTH="19"/>
						<String ID="P21_ST00265" HPOS="1610" VPOS="1927" WIDTH="77" HEIGHT="40" CONTENT="fait" WC="0.99" CC="0020"/>
						<SP ID="P21_SP00240" HPOS="1687" VPOS="1979" WIDTH="23"/>
						<String ID="P21_ST00266" HPOS="1710" VPOS="1929" WIDTH="141" HEIGHT="39" CONTENT="éclore" WC="0.84" CC="602000"/>
						<SP ID="P21_SP00241" HPOS="1851" VPOS="1979" WIDTH="29"/>
						<String ID="P21_ST00267" HPOS="1880" VPOS="1941" WIDTH="85" HEIGHT="26" CONTENT="une" WC="0.98" CC="600"/>
						<SP ID="P21_SP00242" HPOS="1965" VPOS="1979" WIDTH="24"/>
						<String ID="P21_ST00268" HPOS="1989" VPOS="1940" WIDTH="94" HEIGHT="26" CONTENT="asso" SUBS_TYPE="HypPart1" SUBS_CONTENT="association" WC="0.99" CC="0100"/>
						<HYP HPOS="2083" VPOS="1940" WIDTH="23" CONTENT="-"/>
					</TextLine>
					<TextLine ID="P21_TL00028" HPOS="134" VPOS="1993" WIDTH="1972" HEIGHT="54">
						<String ID="P21_ST00269" HPOS="134" VPOS="1996" WIDTH="161" HEIGHT="38" CONTENT="ciation" SUBS_TYPE="HypPart2" SUBS_CONTENT="association" WC="0.99" CC="1303230"/>
						<SP ID="P21_SP00243" HPOS="295" VPOS="2034" WIDTH="35"/>
						<String ID="P21_ST00270" HPOS="330" VPOS="1994" WIDTH="191" HEIGHT="48" CONTENT="chorale," WC="1.00" CC="00000200"/>
						<SP ID="P21_SP00244" HPOS="521" VPOS="2042" WIDTH="26"/>
						<String ID="P21_ST00271" HPOS="547" VPOS="1996" WIDTH="259" HEIGHT="38" CONTENT="dénommée" WC="0.99" CC="06000060"/>
						<SP ID="P21_SP00245" HPOS="806" VPOS="2042" WIDTH="34"/>
						<String ID="P21_ST00272" HPOS="840" VPOS="2006" WIDTH="19" HEIGHT="28" CONTENT="((" WC="0.33" CC="57"/>
						<SP ID="P21_SP00246" HPOS="859" VPOS="2042" WIDTH="30"/>
						<String ID="P21_ST00273" HPOS="889" VPOS="1994" WIDTH="160" HEIGHT="40" CONTENT="Schola" WC="0.96" CC="020000"/>
						<SP ID="P21_SP00247" HPOS="1049" VPOS="2042" WIDTH="26"/>
						<String ID="P21_ST00274" HPOS="1075" VPOS="2004" WIDTH="228" HEIGHT="31" CONTENT="cantorum" WC="0.92" CC="00000050"/>
						<SP ID="P21_SP00248" HPOS="1303" VPOS="2042" WIDTH="30"/>
						<String ID="P21_ST00275" HPOS="1333" VPOS="2006" WIDTH="20" HEIGHT="27" CONTENT="))" WC="0.45" CC="55"/>
						<SP ID="P21_SP00249" HPOS="1353" VPOS="2042" WIDTH="38"/>
						<String ID="P21_ST00276" HPOS="1391" VPOS="1994" WIDTH="283" HEIGHT="53" CONTENT="(association" WC="0.99" CC="700000005426"/>
						<SP ID="P21_SP00250" HPOS="1674" VPOS="2047" WIDTH="34"/>
						<String ID="P21_ST00277" HPOS="1708" VPOS="1999" WIDTH="249" HEIGHT="48" CONTENT="approuvée" WC="1.00" CC="000002000"/>
						<SP ID="P21_SP00251" HPOS="1957" VPOS="2047" WIDTH="31"/>
						<String ID="P21_ST00278" HPOS="1988" VPOS="1993" WIDTH="99" HEIGHT="40" CONTENT="d'ail" SUBS_TYPE="HypPart1" SUBS_CONTENT="d'ailleurs" WC="0.99" CC="04032"/>
						<HYP HPOS="2087" VPOS="1993" WIDTH="19" CONTENT="-"/>
					</TextLine>
					<TextLine ID="P21_TL00029" HPOS="136" VPOS="2060" WIDTH="1970" HEIGHT="54">
						<String ID="P21_ST00279" HPOS="136" VPOS="2063" WIDTH="115" HEIGHT="38" CONTENT="leurs" SUBS_TYPE="HypPart2" SUBS_CONTENT="d'ailleurs" WC="1.00" CC="40000"/>
						<SP ID="P21_SP00252" HPOS="251" VPOS="2101" WIDTH="31"/>
						<String ID="P21_ST00280" HPOS="282" VPOS="2076" WIDTH="78" HEIGHT="37" CONTENT="par" WC="1.00" CC="000"/>
						<SP ID="P21_SP00253" HPOS="360" VPOS="2113" WIDTH="36"/>
						<String ID="P21_ST00281" HPOS="396" VPOS="2061" WIDTH="61" HEIGHT="39" CONTENT="M." WC="0.83" CC="03"/>
						<SP ID="P21_SP00254" HPOS="457" VPOS="2113" WIDTH="33"/>
						<String ID="P21_ST00282" HPOS="490" VPOS="2062" WIDTH="82" HEIGHT="39" CONTENT="Ch." WC="0.97" CC="403"/>
						<SP ID="P21_SP00255" HPOS="572" VPOS="2113" WIDTH="36"/>
						<String ID="P21_ST00283" HPOS="608" VPOS="2062" WIDTH="202" HEIGHT="51" CONTENT="Bordes)," WC="1.00" CC="00000054"/>
						<SP ID="P21_SP00256" HPOS="810" VPOS="2113" WIDTH="27"/>
						<String ID="P21_ST00284" HPOS="837" VPOS="2060" WIDTH="60" HEIGHT="40" CONTENT="M." WC="0.82" CC="03"/>
						<SP ID="P21_SP00257" HPOS="897" VPOS="2113" WIDTH="35"/>
						<String ID="P21_ST00285" HPOS="932" VPOS="2062" WIDTH="53" HEIGHT="39" CONTENT="de" WC="1.00" CC="00"/>
						<SP ID="P21_SP00258" HPOS="985" VPOS="2113" WIDTH="33"/>
						<String ID="P21_ST00286" HPOS="1018" VPOS="2062" WIDTH="141" HEIGHT="48" CONTENT="Roux," WC="0.99" CC="00004"/>
						<SP ID="P21_SP00259" HPOS="1159" VPOS="2113" WIDTH="41"/>
						<String ID="P21_ST00287" HPOS="1200" VPOS="2063" WIDTH="144" HEIGHT="51" CONTENT="dis-je," WC="0.83" CC="0003304"/>
						<SP ID="P21_SP00260" HPOS="1344" VPOS="2114" WIDTH="42"/>
						<String ID="P21_ST00288" HPOS="1386" VPOS="2078" WIDTH="38" HEIGHT="31" CONTENT="a," WC="0.78" CC="04"/>
						<SP ID="P21_SP00261" HPOS="1424" VPOS="2114" WIDTH="20"/>
						<String ID="P21_ST00289" HPOS="1444" VPOS="2071" WIDTH="107" HEIGHT="31" CONTENT="cette" WC="0.99" CC="10600"/>
						<SP ID="P21_SP00262" HPOS="1551" VPOS="2114" WIDTH="42"/>
						<String ID="P21_ST00290" HPOS="1593" VPOS="2067" WIDTH="138" HEIGHT="35" CONTENT="année" WC="0.99" CC="01500"/>
						<SP ID="P21_SP00263" HPOS="1731" VPOS="2114" WIDTH="37"/>
						<String ID="P21_ST00291" HPOS="1768" VPOS="2075" WIDTH="170" HEIGHT="36" CONTENT="encore," WC="1.00" CC="0000003"/>
						<SP ID="P21_SP00264" HPOS="1938" VPOS="2114" WIDTH="34"/>
						<String ID="P21_ST00292" HPOS="1972" VPOS="2062" WIDTH="134" HEIGHT="38" CONTENT="voulu" WC="0.98" CC="00655"/>
					</TextLine>
					<TextLine ID="P21_TL00030" HPOS="135" VPOS="2127" WIDTH="1972" HEIGHT="54">
						<String ID="P21_ST00293" HPOS="135" VPOS="2130" WIDTH="263" HEIGHT="50" CONTENT="développer" WC="1.00" CC="0000300004"/>
						<SP ID="P21_SP00265" HPOS="398" VPOS="2180" WIDTH="37"/>
						<String ID="P21_ST00294" HPOS="435" VPOS="2142" WIDTH="46" HEIGHT="26" CONTENT="ce" WC="0.80" CC="30"/>
						<SP ID="P21_SP00266" HPOS="481" VPOS="2180" WIDTH="30"/>
						<String ID="P21_ST00295" HPOS="511" VPOS="2144" WIDTH="184" HEIGHT="36" CONTENT="groupe," WC="1.00" CC="0010004"/>
						<SP ID="P21_SP00267" HPOS="695" VPOS="2180" WIDTH="24"/>
						<String ID="P21_ST00296" HPOS="719" VPOS="2127" WIDTH="233" HEIGHT="49" CONTENT="l'affirmer," WC="1.00" CC="42000010324"/>
						<SP ID="P21_SP00268" HPOS="952" VPOS="2180" WIDTH="24"/>
						<String ID="P21_ST00297" HPOS="976" VPOS="2130" WIDTH="38" HEIGHT="38" CONTENT="le" WC="1.00" CC="00"/>
						<SP ID="P21_SP00269" HPOS="1014" VPOS="2180" WIDTH="19"/>
						<String ID="P21_ST00298" HPOS="1033" VPOS="2129" WIDTH="190" HEIGHT="51" CONTENT="parfaire" WC="1.00" CC="00000020"/>
						<SP ID="P21_SP00270" HPOS="1223" VPOS="2180" WIDTH="19"/>
						<String ID="P21_ST00299" HPOS="1242" VPOS="2144" WIDTH="8" HEIGHT="32" CONTENT=";" WC="0.34" CC="6"/>
						<SP ID="P21_SP00271" HPOS="1250" VPOS="2180" WIDTH="27"/>
						<String ID="P21_ST00300" HPOS="1277" VPOS="2138" WIDTH="55" HEIGHT="39" CONTENT="et," WC="0.97" CC="034"/>
						<SP ID="P21_SP00272" HPOS="1332" VPOS="2180" WIDTH="24"/>
						<String ID="P21_ST00301" HPOS="1356" VPOS="2144" WIDTH="101" HEIGHT="25" CONTENT="avec" WC="1.00" CC="0000"/>
						<SP ID="P21_SP00273" HPOS="1457" VPOS="2180" WIDTH="21"/>
						<String ID="P21_ST00302" HPOS="1478" VPOS="2131" WIDTH="40" HEIGHT="38" CONTENT="la" WC="0.86" CC="20"/>
						<SP ID="P21_SP00274" HPOS="1518" VPOS="2180" WIDTH="24"/>
						<String ID="P21_ST00303" HPOS="1542" VPOS="2132" WIDTH="223" HEIGHT="49" CONTENT="précieuse" WC="1.00" CC="000000010"/>
						<SP ID="P21_SP00275" HPOS="1765" VPOS="2181" WIDTH="23"/>
						<String ID="P21_ST00304" HPOS="1788" VPOS="2129" WIDTH="319" HEIGHT="40" CONTENT="collaboration" WC="1.00" CC="0202000003105"/>
					</TextLine>
					<TextLine ID="P21_TL00031" HPOS="137" VPOS="2194" WIDTH="1969" HEIGHT="54">
						<String ID="P21_ST00305" HPOS="137" VPOS="2197" WIDTH="52" HEIGHT="38" CONTENT="de" WC="1.00" CC="00"/>
						<SP ID="P21_SP00276" HPOS="189" VPOS="2235" WIDTH="32"/>
						<String ID="P21_ST00306" HPOS="221" VPOS="2195" WIDTH="59" HEIGHT="40" CONTENT="M." WC="0.81" CC="03"/>
						<SP ID="P21_SP00277" HPOS="280" VPOS="2235" WIDTH="25"/>
						<String ID="P21_ST00307" HPOS="305" VPOS="2194" WIDTH="232" HEIGHT="49" CONTENT="Messerer," WC="0.86" CC="000004034"/>
						<SP ID="P21_SP00278" HPOS="537" VPOS="2243" WIDTH="23"/>
						<String ID="P21_ST00308" HPOS="560" VPOS="2197" WIDTH="214" HEIGHT="39" CONTENT="directeur" WC="0.99" CC="041021060"/>
						<SP ID="P21_SP00279" HPOS="774" VPOS="2243" WIDTH="34"/>
						<String ID="P21_ST00309" HPOS="808" VPOS="2197" WIDTH="57" HEIGHT="38" CONTENT="du" WC="1.00" CC="00"/>
						<SP ID="P21_SP00280" HPOS="865" VPOS="2243" WIDTH="35"/>
						<String ID="P21_ST00310" HPOS="900" VPOS="2196" WIDTH="340" HEIGHT="40" CONTENT="Conservatoire" WC="1.00" CC="0050000070300"/>
						<SP ID="P21_SP00281" HPOS="1240" VPOS="2243" WIDTH="35"/>
						<String ID="P21_ST00311" HPOS="1275" VPOS="2198" WIDTH="254" HEIGHT="50" CONTENT="municipal," WC="1.00" CC="0500000034"/>
						<SP ID="P21_SP00282" HPOS="1529" VPOS="2248" WIDTH="35"/>
						<String ID="P21_ST00312" HPOS="1564" VPOS="2205" WIDTH="39" HEIGHT="31" CONTENT="et" WC="0.71" CC="05"/>
						<SP ID="P21_SP00283" HPOS="1603" VPOS="2248" WIDTH="22"/>
						<String ID="P21_ST00313" HPOS="1625" VPOS="2197" WIDTH="52" HEIGHT="39" CONTENT="de" WC="1.00" CC="00"/>
						<SP ID="P21_SP00284" HPOS="1677" VPOS="2248" WIDTH="41"/>
						<String ID="P21_ST00314" HPOS="1718" VPOS="2196" WIDTH="60" HEIGHT="39" CONTENT="M." WC="0.92" CC="01"/>
						<SP ID="P21_SP00285" HPOS="1778" VPOS="2248" WIDTH="32"/>
						<String ID="P21_ST00315" HPOS="1810" VPOS="2196" WIDTH="211" HEIGHT="50" CONTENT="Drogoul," WC="0.88" CC="30000600"/>
						<SP ID="P21_SP00286" HPOS="2021" VPOS="2248" WIDTH="28"/>
						<String ID="P21_ST00316" HPOS="2049" VPOS="2210" WIDTH="57" HEIGHT="24" CONTENT="un" WC="0.70" CC="50"/>
					</TextLine>
					<TextLine ID="P21_TL00032" HPOS="137" VPOS="2262" WIDTH="1856" HEIGHT="52">
						<String ID="P21_ST00317" HPOS="137" VPOS="2264" WIDTH="214" HEIGHT="38" CONTENT="musicien" WC="1.00" CC="06010100"/>
						<SP ID="P21_SP00287" HPOS="351" VPOS="2302" WIDTH="23"/>
						<String ID="P21_ST00318" HPOS="374" VPOS="2262" WIDTH="172" HEIGHT="52" CONTENT="parfait," WC="1.00" CC="00400014"/>
						<SP ID="P21_SP00288" HPOS="546" VPOS="2314" WIDTH="25"/>
						<String ID="P21_ST00319" HPOS="571" VPOS="2264" WIDTH="29" HEIGHT="38" CONTENT="il" WC="0.65" CC="24"/>
						<SP ID="P21_SP00289" HPOS="600" VPOS="2314" WIDTH="31"/>
						<String ID="P21_ST00320" HPOS="631" VPOS="2262" WIDTH="197" HEIGHT="52" CONTENT="s'occupe" WC="1.00" CC="00000600"/>
						<SP ID="P21_SP00290" HPOS="828" VPOS="2314" WIDTH="23"/>
						<String ID="P21_ST00321" HPOS="851" VPOS="2265" WIDTH="260" HEIGHT="37" CONTENT="activement" WC="0.99" CC="0066000060"/>
						<SP ID="P21_SP00291" HPOS="1111" VPOS="2314" WIDTH="24"/>
						<String ID="P21_ST00322" HPOS="1135" VPOS="2264" WIDTH="52" HEIGHT="38" CONTENT="de" WC="1.00" CC="00"/>
						<SP ID="P21_SP00292" HPOS="1187" VPOS="2314" WIDTH="19"/>
						<String ID="P21_ST00323" HPOS="1206" VPOS="2262" WIDTH="417" HEIGHT="52" CONTENT="l'épanouissement" WC="1.00" CC="4400000600000006"/>
						<SP ID="P21_SP00293" HPOS="1623" VPOS="2314" WIDTH="31"/>
						<String ID="P21_ST00324" HPOS="1654" VPOS="2264" WIDTH="52" HEIGHT="39" CONTENT="de" WC="1.00" CC="00"/>
						<SP ID="P21_SP00294" HPOS="1706" VPOS="2314" WIDTH="23"/>
						<String ID="P21_ST00325" HPOS="1729" VPOS="2277" WIDTH="80" HEIGHT="26" CONTENT="son" WC="1.00" CC="000"/>
						<SP ID="P21_SP00295" HPOS="1809" VPOS="2314" WIDTH="23"/>
						<String ID="P21_ST00326" HPOS="1832" VPOS="2276" WIDTH="161" HEIGHT="26" CONTENT="œuvre." WC="0.98" CC="050604"/>
					</TextLine>
					<TextLine ID="P21_TL00033" HPOS="193" VPOS="2328" WIDTH="1912" HEIGHT="51">
						<String ID="P21_ST00327" HPOS="193" VPOS="2330" WIDTH="106" HEIGHT="38" CONTENT="Plus" WC="0.99" CC="0400"/>
						<SP ID="P21_SP00296" HPOS="299" VPOS="2368" WIDTH="19"/>
						<String ID="P21_ST00328" HPOS="318" VPOS="2330" WIDTH="53" HEIGHT="38" CONTENT="de" WC="1.00" CC="00"/>
						<SP ID="P21_SP00297" HPOS="371" VPOS="2368" WIDTH="34"/>
						<String ID="P21_ST00329" HPOS="405" VPOS="2333" WIDTH="50" HEIGHT="36" CONTENT="60" WC="1.00" CC="00"/>
						<SP ID="P21_SP00298" HPOS="455" VPOS="2369" WIDTH="27"/>
						<String ID="P21_ST00330" HPOS="482" VPOS="2330" WIDTH="227" HEIGHT="49" CONTENT="choristes," WC="0.99" CC="2620002004"/>
						<SP ID="P21_SP00299" HPOS="709" VPOS="2379" WIDTH="28"/>
						<String ID="P21_ST00331" HPOS="737" VPOS="2330" WIDTH="201" HEIGHT="39" CONTENT="hommes" WC="1.00" CC="000001"/>
						<SP ID="P21_SP00300" HPOS="938" VPOS="2379" WIDTH="25"/>
						<String ID="P21_ST00332" HPOS="963" VPOS="2338" WIDTH="40" HEIGHT="31" CONTENT="et" WC="0.85" CC="02"/>
						<SP ID="P21_SP00301" HPOS="1003" VPOS="2379" WIDTH="28"/>
						<String ID="P21_ST00333" HPOS="1031" VPOS="2328" WIDTH="199" HEIGHT="47" CONTENT="femmes," WC="1.00" CC="0000003"/>
						<SP ID="P21_SP00302" HPOS="1230" VPOS="2379" WIDTH="31"/>
						<String ID="P21_ST00334" HPOS="1261" VPOS="2338" WIDTH="98" HEIGHT="32" CONTENT="tous" WC="0.99" CC="3001"/>
						<SP ID="P21_SP00303" HPOS="1359" VPOS="2379" WIDTH="29"/>
						<String ID="P21_ST00335" HPOS="1388" VPOS="2337" WIDTH="170" HEIGHT="34" CONTENT="exercés" WC="1.00" CC="0000002"/>
						<SP ID="P21_SP00304" HPOS="1558" VPOS="2379" WIDTH="27"/>
						<String ID="P21_ST00336" HPOS="1585" VPOS="2336" WIDTH="21" HEIGHT="34" CONTENT="à" WC="1.00" CC="0"/>
						<SP ID="P21_SP00305" HPOS="1606" VPOS="2379" WIDTH="24"/>
						<String ID="P21_ST00337" HPOS="1630" VPOS="2332" WIDTH="38" HEIGHT="38" CONTENT="la" WC="0.94" CC="10"/>
						<SP ID="P21_SP00306" HPOS="1668" VPOS="2379" WIDTH="35"/>
						<String ID="P21_ST00338" HPOS="1703" VPOS="2331" WIDTH="159" HEIGHT="39" CONTENT="lecture" WC="0.99" CC="5201000"/>
						<SP ID="P21_SP00307" HPOS="1862" VPOS="2379" WIDTH="19"/>
						<String ID="P21_ST00339" HPOS="1881" VPOS="2330" WIDTH="224" HEIGHT="47" CONTENT="musicale," WC="1.00" CC="000300403"/>
					</TextLine>
					<TextLine ID="P21_TL00034" HPOS="142" VPOS="2394" WIDTH="921" HEIGHT="54">
						<String ID="P21_ST00340" HPOS="142" VPOS="2405" WIDTH="75" HEIGHT="31" CONTENT="ont" WC="0.97" CC="043"/>
						<SP ID="P21_SP00308" HPOS="217" VPOS="2436" WIDTH="20"/>
						<String ID="P21_ST00341" HPOS="237" VPOS="2396" WIDTH="199" HEIGHT="51" CONTENT="répondu" WC="1.00" CC="0000005"/>
						<SP ID="P21_SP00309" HPOS="436" VPOS="2447" WIDTH="26"/>
						<String ID="P21_ST00342" HPOS="462" VPOS="2400" WIDTH="20" HEIGHT="35" CONTENT="à" WC="1.00" CC="0"/>
						<SP ID="P21_SP00310" HPOS="482" VPOS="2447" WIDTH="26"/>
						<String ID="P21_ST00343" HPOS="508" VPOS="2394" WIDTH="154" HEIGHT="54" CONTENT="l'appel" WC="1.00" CC="0000003"/>
						<SP ID="P21_SP00311" HPOS="662" VPOS="2448" WIDTH="23"/>
						<String ID="P21_ST00344" HPOS="685" VPOS="2397" WIDTH="52" HEIGHT="39" CONTENT="de" WC="1.00" CC="00"/>
						<SP ID="P21_SP00312" HPOS="737" VPOS="2448" WIDTH="23"/>
						<String ID="P21_ST00345" HPOS="760" VPOS="2396" WIDTH="60" HEIGHT="40" CONTENT="M." WC="0.78" CC="04"/>
						<SP ID="P21_SP00313" HPOS="820" VPOS="2448" WIDTH="27"/>
						<String ID="P21_ST00346" HPOS="847" VPOS="2397" WIDTH="52" HEIGHT="39" CONTENT="de" WC="1.00" CC="00"/>
						<SP ID="P21_SP00314" HPOS="899" VPOS="2448" WIDTH="23"/>
						<String ID="P21_ST00347" HPOS="922" VPOS="2397" WIDTH="141" HEIGHT="40" CONTENT="Roux." WC="0.99" CC="01003"/>
					</TextLine>
					<TextLine ID="P21_TL00035" HPOS="192" VPOS="2464" WIDTH="1917" HEIGHT="53">
						<String ID="P21_ST00348" HPOS="192" VPOS="2464" WIDTH="86" HEIGHT="40" CONTENT="Les" WC="0.98" CC="301"/>
						<SP ID="P21_SP00315" HPOS="278" VPOS="2504" WIDTH="21"/>
						<String ID="P21_ST00349" HPOS="299" VPOS="2465" WIDTH="203" HEIGHT="40" CONTENT="résultats" WC="1.00" CC="000030051"/>
						<SP ID="P21_SP00316" HPOS="502" VPOS="2505" WIDTH="23"/>
						<String ID="P21_ST00350" HPOS="525" VPOS="2465" WIDTH="94" HEIGHT="52" CONTENT="déjà" WC="1.00" CC="0000"/>
						<SP ID="P21_SP00317" HPOS="619" VPOS="2517" WIDTH="25"/>
						<String ID="P21_ST00351" HPOS="644" VPOS="2465" WIDTH="188" HEIGHT="40" CONTENT="obtenus" WC="0.99" CC="0050602"/>
						<SP ID="P21_SP00318" HPOS="832" VPOS="2517" WIDTH="22"/>
						<String ID="P21_ST00352" HPOS="854" VPOS="2479" WIDTH="112" HEIGHT="26" CONTENT="nous" WC="0.99" CC="5000"/>
						<SP ID="P21_SP00319" HPOS="966" VPOS="2517" WIDTH="34"/>
						<String ID="P21_ST00353" HPOS="1000" VPOS="2464" WIDTH="94" HEIGHT="41" CONTENT="font" WC="0.98" CC="0056"/>
						<SP ID="P21_SP00320" HPOS="1094" VPOS="2517" WIDTH="35"/>
						<String ID="P21_ST00354" HPOS="1129" VPOS="2471" WIDTH="174" HEIGHT="46" CONTENT="espérer" WC="1.00" CC="0000040"/>
						<SP ID="P21_SP00321" HPOS="1303" VPOS="2517" WIDTH="22"/>
						<String ID="P21_ST00355" HPOS="1325" VPOS="2464" WIDTH="119" HEIGHT="41" CONTENT="enfin" WC="1.00" CC="00000"/>
						<SP ID="P21_SP00322" HPOS="1444" VPOS="2517" WIDTH="20"/>
						<String ID="P21_ST00356" HPOS="1464" VPOS="2465" WIDTH="105" HEIGHT="52" CONTENT="qu'il" WC="0.99" CC="05004"/>
						<SP ID="P21_SP00323" HPOS="1569" VPOS="2517" WIDTH="22"/>
						<String ID="P21_ST00357" HPOS="1591" VPOS="2479" WIDTH="94" HEIGHT="26" CONTENT="sera" WC="1.00" CC="0000"/>
						<SP ID="P21_SP00324" HPOS="1685" VPOS="2517" WIDTH="25"/>
						<String ID="P21_ST00358" HPOS="1710" VPOS="2464" WIDTH="195" HEIGHT="53" CONTENT="possible" WC="1.00" CC="00004020"/>
						<SP ID="P21_SP00325" HPOS="1905" VPOS="2517" WIDTH="19"/>
						<String ID="P21_ST00359" HPOS="1924" VPOS="2465" WIDTH="185" HEIGHT="39" CONTENT="d'élever" WC="1.00" CC="00000000"/>
					</TextLine>
					<TextLine ID="P21_TL00036" HPOS="140" VPOS="2530" WIDTH="1965" HEIGHT="54">
						<String ID="P21_ST00360" HPOS="140" VPOS="2537" WIDTH="21" HEIGHT="34" CONTENT="à" WC="1.00" CC="0"/>
						<SP ID="P21_SP00326" HPOS="161" VPOS="2571" WIDTH="23"/>
						<String ID="P21_ST00361" HPOS="184" VPOS="2531" WIDTH="224" HEIGHT="41" CONTENT="Marseille" WC="1.00" CC="000000000"/>
						<SP ID="P21_SP00327" HPOS="408" VPOS="2572" WIDTH="23"/>
						<String ID="P21_ST00362" HPOS="431" VPOS="2530" WIDTH="96" HEIGHT="42" CONTENT="l'art" WC="0.98" CC="01606"/>
						<SP ID="P21_SP00328" HPOS="527" VPOS="2572" WIDTH="29"/>
						<String ID="P21_ST00363" HPOS="556" VPOS="2533" WIDTH="183" HEIGHT="40" CONTENT="musical" WC="0.99" CC="0005004"/>
						<SP ID="P21_SP00329" HPOS="739" VPOS="2573" WIDTH="26"/>
						<String ID="P21_ST00364" HPOS="765" VPOS="2538" WIDTH="21" HEIGHT="34" CONTENT="à" WC="1.00" CC="0"/>
						<SP ID="P21_SP00330" HPOS="786" VPOS="2573" WIDTH="20"/>
						<String ID="P21_ST00365" HPOS="806" VPOS="2548" WIDTH="59" HEIGHT="24" CONTENT="un" WC="0.69" CC="06"/>
						<SP ID="P21_SP00331" HPOS="865" VPOS="2573" WIDTH="23"/>
						<String ID="P21_ST00366" HPOS="888" VPOS="2534" WIDTH="157" HEIGHT="38" CONTENT="niveau" WC="0.99" CC="040005"/>
						<SP ID="P21_SP00332" HPOS="1045" VPOS="2573" WIDTH="24"/>
						<String ID="P21_ST00367" HPOS="1069" VPOS="2533" WIDTH="277" HEIGHT="51" CONTENT="appréciable" WC="1.00" CC="00020100050"/>
						<SP ID="P21_SP00333" HPOS="1346" VPOS="2584" WIDTH="20"/>
						<String ID="P21_ST00368" HPOS="1366" VPOS="2547" WIDTH="53" HEIGHT="25" CONTENT="au" WC="1.00" CC="00"/>
						<SP ID="P21_SP00334" HPOS="1419" VPOS="2584" WIDTH="23"/>
						<String ID="P21_ST00369" HPOS="1442" VPOS="2534" WIDTH="122" HEIGHT="50" CONTENT="point" WC="0.99" CC="00460"/>
						<SP ID="P21_SP00335" HPOS="1564" VPOS="2584" WIDTH="22"/>
						<String ID="P21_ST00370" HPOS="1586" VPOS="2533" WIDTH="53" HEIGHT="39" CONTENT="de" WC="1.00" CC="00"/>
						<SP ID="P21_SP00336" HPOS="1639" VPOS="2584" WIDTH="15"/>
						<String ID="P21_ST00371" HPOS="1654" VPOS="2547" WIDTH="84" HEIGHT="26" CONTENT="vue" WC="0.98" CC="050"/>
						<SP ID="P21_SP00337" HPOS="1738" VPOS="2584" WIDTH="19"/>
						<String ID="P21_ST00372" HPOS="1757" VPOS="2533" WIDTH="51" HEIGHT="39" CONTENT="de" WC="1.00" CC="00"/>
						<SP ID="P21_SP00338" HPOS="1808" VPOS="2584" WIDTH="26"/>
						<String ID="P21_ST00373" HPOS="1834" VPOS="2533" WIDTH="271" HEIGHT="39" CONTENT="l'exécution." WC="1.00" CC="330000003063"/>
					</TextLine>
					<TextLine ID="P21_TL00037" HPOS="138" VPOS="2598" WIDTH="1970" HEIGHT="54">
						<String ID="P21_ST00374" HPOS="138" VPOS="2599" WIDTH="62" HEIGHT="40" CONTENT="Le" WC="1.00" CC="00"/>
						<SP ID="P21_SP00339" HPOS="200" VPOS="2639" WIDTH="38"/>
						<String ID="P21_ST00375" HPOS="238" VPOS="2613" WIDTH="282" HEIGHT="38" CONTENT="programme" WC="1.00" CC="000000000"/>
						<SP ID="P21_SP00340" HPOS="520" VPOS="2651" WIDTH="33"/>
						<String ID="P21_ST00376" HPOS="553" VPOS="2601" WIDTH="52" HEIGHT="38" CONTENT="de" WC="1.00" CC="00"/>
						<SP ID="P21_SP00341" HPOS="605" VPOS="2651" WIDTH="36"/>
						<String ID="P21_ST00377" HPOS="641" VPOS="2601" WIDTH="39" HEIGHT="38" CONTENT="la" WC="0.96" CC="00"/>
						<SP ID="P21_SP00342" HPOS="680" VPOS="2651" WIDTH="26"/>
						<String ID="P21_ST00378" HPOS="706" VPOS="2599" WIDTH="162" HEIGHT="40" CONTENT="Schola" WC="0.84" CC="024020"/>
						<SP ID="P21_SP00343" HPOS="868" VPOS="2651" WIDTH="32"/>
						<String ID="P21_ST00379" HPOS="900" VPOS="2614" WIDTH="53" HEIGHT="25" CONTENT="ne" WC="0.72" CC="05"/>
						<SP ID="P21_SP00344" HPOS="953" VPOS="2651" WIDTH="31"/>
						<String ID="P21_ST00380" HPOS="984" VPOS="2609" WIDTH="225" HEIGHT="43" CONTENT="comporte" WC="0.99" CC="50000260"/>
						<SP ID="P21_SP00345" HPOS="1209" VPOS="2652" WIDTH="32"/>
						<String ID="P21_ST00381" HPOS="1241" VPOS="2598" WIDTH="222" HEIGHT="41" CONTENT="d'ailleurs" WC="0.99" CC="0400530600"/>
						<SP ID="P21_SP00346" HPOS="1463" VPOS="2652" WIDTH="33"/>
						<String ID="P21_ST00382" HPOS="1496" VPOS="2613" WIDTH="83" HEIGHT="37" CONTENT="que" WC="1.00" CC="000"/>
						<SP ID="P21_SP00347" HPOS="1579" VPOS="2652" WIDTH="32"/>
						<String ID="P21_ST00383" HPOS="1611" VPOS="2600" WIDTH="74" HEIGHT="39" CONTENT="des" WC="1.00" CC="000"/>
						<SP ID="P21_SP00348" HPOS="1685" VPOS="2652" WIDTH="33"/>
						<String ID="P21_ST00384" HPOS="1718" VPOS="2613" WIDTH="171" HEIGHT="26" CONTENT="œuvres" WC="1.00" CC="000000"/>
						<SP ID="P21_SP00349" HPOS="1889" VPOS="2652" WIDTH="35"/>
						<String ID="P21_ST00385" HPOS="1924" VPOS="2599" WIDTH="52" HEIGHT="39" CONTENT="de" WC="1.00" CC="00"/>
						<SP ID="P21_SP00350" HPOS="1976" VPOS="2652" WIDTH="24"/>
						<String ID="P21_ST00386" HPOS="2000" VPOS="2600" WIDTH="108" HEIGHT="50" CONTENT="style" WC="0.99" CC="00050"/>
					</TextLine>
					<TextLine ID="P21_TL00038" HPOS="139" VPOS="2665" WIDTH="1969" HEIGHT="54">
						<String ID="P21_ST00387" HPOS="139" VPOS="2671" WIDTH="161" HEIGHT="42" CONTENT="sévère," WC="0.99" CC="4007003"/>
						<SP ID="P21_SP00351" HPOS="300" VPOS="2713" WIDTH="27"/>
						<String ID="P21_ST00388" HPOS="327" VPOS="2667" WIDTH="121" HEIGHT="40" CONTENT="telles" WC="0.98" CC="604500"/>
						<SP ID="P21_SP00352" HPOS="448" VPOS="2713" WIDTH="33"/>
						<String ID="P21_ST00389" HPOS="481" VPOS="2681" WIDTH="84" HEIGHT="37" CONTENT="que" WC="1.00" CC="000"/>
						<SP ID="P21_SP00353" HPOS="565" VPOS="2718" WIDTH="22"/>
						<String ID="P21_ST00390" HPOS="587" VPOS="2667" WIDTH="129" HEIGHT="39" CONTENT="celles" WC="0.99" CC="004302"/>
						<SP ID="P21_SP00354" HPOS="716" VPOS="2718" WIDTH="24"/>
						<String ID="P21_ST00391" HPOS="740" VPOS="2667" WIDTH="51" HEIGHT="39" CONTENT="de" WC="1.00" CC="00"/>
						<SP ID="P21_SP00355" HPOS="791" VPOS="2718" WIDTH="23"/>
						<String ID="P21_ST00392" HPOS="814" VPOS="2667" WIDTH="264" HEIGHT="47" CONTENT="Palestrina," WC="0.84" CC="00300005403"/>
						<SP ID="P21_SP00356" HPOS="1078" VPOS="2718" WIDTH="30"/>
						<String ID="P21_ST00393" HPOS="1108" VPOS="2666" WIDTH="174" HEIGHT="41" CONTENT="Roland" WC="0.99" CC="344000"/>
						<SP ID="P21_SP00357" HPOS="1282" VPOS="2718" WIDTH="31"/>
						<String ID="P21_ST00394" HPOS="1313" VPOS="2667" WIDTH="53" HEIGHT="38" CONTENT="de" WC="0.82" CC="03"/>
						<SP ID="P21_SP00358" HPOS="1366" VPOS="2718" WIDTH="22"/>
						<String ID="P21_ST00395" HPOS="1388" VPOS="2666" WIDTH="167" HEIGHT="40" CONTENT="Lassus" WC="0.95" CC="000200"/>
						<SP ID="P21_SP00359" HPOS="1555" VPOS="2718" WIDTH="23"/>
						<String ID="P21_ST00396" HPOS="1578" VPOS="2674" WIDTH="39" HEIGHT="31" CONTENT="et" WC="1.00" CC="00"/>
						<SP ID="P21_SP00360" HPOS="1617" VPOS="2718" WIDTH="30"/>
						<String ID="P21_ST00397" HPOS="1647" VPOS="2665" WIDTH="110" HEIGHT="54" CONTENT="J.-S." WC="0.92" CC="00300"/>
						<SP ID="P21_SP00361" HPOS="1757" VPOS="2719" WIDTH="24"/>
						<String ID="P21_ST00398" HPOS="1781" VPOS="2666" WIDTH="134" HEIGHT="49" CONTENT="Bach," WC="0.99" CC="03004"/>
						<SP ID="P21_SP00362" HPOS="1915" VPOS="2719" WIDTH="22"/>
						<String ID="P21_ST00399" HPOS="1937" VPOS="2679" WIDTH="171" HEIGHT="26" CONTENT="œuvres" WC="0.99" CC="000640"/>
					</TextLine>
					<TextLine ID="P21_TL00039" HPOS="140" VPOS="2734" WIDTH="1027" HEIGHT="53">
						<String ID="P21_ST00400" HPOS="140" VPOS="2737" WIDTH="73" HEIGHT="49" CONTENT="qui" WC="0.98" CC="005"/>
						<SP ID="P21_SP00363" HPOS="213" VPOS="2786" WIDTH="23"/>
						<String ID="P21_ST00401" HPOS="236" VPOS="2749" WIDTH="52" HEIGHT="25" CONTENT="ne" WC="0.81" CC="30"/>
						<SP ID="P21_SP00364" HPOS="288" VPOS="2786" WIDTH="21"/>
						<String ID="P21_ST00402" HPOS="309" VPOS="2734" WIDTH="211" HEIGHT="40" CONTENT="souffrent" WC="0.99" CC="206001006"/>
						<SP ID="P21_SP00365" HPOS="520" VPOS="2786" WIDTH="20"/>
						<String ID="P21_ST00403" HPOS="540" VPOS="2749" WIDTH="79" HEIGHT="38" CONTENT="pas" WC="0.99" CC="002"/>
						<SP ID="P21_SP00366" HPOS="619" VPOS="2787" WIDTH="23"/>
						<String ID="P21_ST00404" HPOS="642" VPOS="2734" WIDTH="271" HEIGHT="40" CONTENT="d'exécution" WC="1.00" CC="03005340300"/>
						<SP ID="P21_SP00367" HPOS="913" VPOS="2787" WIDTH="22"/>
						<String ID="P21_ST00405" HPOS="935" VPOS="2735" WIDTH="232" HEIGHT="39" CONTENT="médiocre." WC="0.99" CC="000200544"/>
					</TextLine>
					<TextLine ID="P21_TL00040" HPOS="193" VPOS="2800" WIDTH="1915" HEIGHT="53">
						<String ID="P21_ST00406" HPOS="193" VPOS="2801" WIDTH="165" HEIGHT="51" CONTENT="Depuis" WC="0.99" CC="100640"/>
						<SP ID="P21_SP00368" HPOS="358" VPOS="2852" WIDTH="20"/>
						<String ID="P21_ST00407" HPOS="378" VPOS="2802" WIDTH="213" HEIGHT="51" CONTENT="quelques" WC="1.00" CC="00040003"/>
						<SP ID="P21_SP00369" HPOS="591" VPOS="2853" WIDTH="23"/>
						<String ID="P21_ST00408" HPOS="614" VPOS="2803" WIDTH="119" HEIGHT="50" CONTENT="jours" WC="1.00" CC="00003"/>
						<SP ID="P21_SP00370" HPOS="733" VPOS="2853" WIDTH="23"/>
						<String ID="P21_ST00409" HPOS="756" VPOS="2803" WIDTH="259" HEIGHT="48" CONTENT="seulement," WC="0.99" CC="0005000634"/>
						<SP ID="P21_SP00371" HPOS="1015" VPOS="2853" WIDTH="22"/>
						<String ID="P21_ST00410" HPOS="1037" VPOS="2803" WIDTH="61" HEIGHT="38" CONTENT="les" WC="0.98" CC="400"/>
						<SP ID="P21_SP00372" HPOS="1098" VPOS="2853" WIDTH="20"/>
						<String ID="P21_ST00411" HPOS="1118" VPOS="2803" WIDTH="256" HEIGHT="50" CONTENT="répétitions" WC="1.00" CC="50000002500"/>
						<SP ID="P21_SP00373" HPOS="1374" VPOS="2853" WIDTH="19"/>
						<String ID="P21_ST00412" HPOS="1393" VPOS="2810" WIDTH="75" HEIGHT="31" CONTENT="ont" WC="0.98" CC="004"/>
						<SP ID="P21_SP00374" HPOS="1468" VPOS="2853" WIDTH="23"/>
						<String ID="P21_ST00413" HPOS="1491" VPOS="2805" WIDTH="265" HEIGHT="44" CONTENT="commencé," WC="1.00" CC="000303003"/>
						<SP ID="P21_SP00375" HPOS="1756" VPOS="2853" WIDTH="25"/>
						<String ID="P21_ST00414" HPOS="1781" VPOS="2809" WIDTH="40" HEIGHT="30" CONTENT="et" WC="0.80" CC="03"/>
						<SP ID="P21_SP00376" HPOS="1821" VPOS="2853" WIDTH="36"/>
						<String ID="P21_ST00415" HPOS="1857" VPOS="2800" WIDTH="61" HEIGHT="39" CONTENT="les" WC="0.98" CC="400"/>
						<SP ID="P21_SP00377" HPOS="1918" VPOS="2853" WIDTH="30"/>
						<String ID="P21_ST00416" HPOS="1948" VPOS="2802" WIDTH="138" HEIGHT="49" CONTENT="princi" SUBS_TYPE="HypPart1" SUBS_CONTENT="principaux" WC="0.99" CC="000600"/>
						<HYP HPOS="2086" VPOS="2802" WIDTH="22" CONTENT="-"/>
					</TextLine>
					<TextLine ID="P21_TL00041" HPOS="139" VPOS="2867" WIDTH="1969" HEIGHT="53">
						<String ID="P21_ST00417" HPOS="139" VPOS="2883" WIDTH="113" HEIGHT="37" CONTENT="paux" SUBS_TYPE="HypPart2" SUBS_CONTENT="principaux" WC="0.99" CC="0060"/>
						<SP ID="P21_SP00378" HPOS="252" VPOS="2920" WIDTH="20"/>
						<String ID="P21_ST00418" HPOS="272" VPOS="2867" WIDTH="274" HEIGHT="53" CONTENT="professeurs" WC="1.00" CC="00000000000"/>
						<SP ID="P21_SP00379" HPOS="546" VPOS="2920" WIDTH="22"/>
						<String ID="P21_ST00419" HPOS="568" VPOS="2869" WIDTH="53" HEIGHT="39" CONTENT="de" WC="1.00" CC="00"/>
						<SP ID="P21_SP00380" HPOS="621" VPOS="2920" WIDTH="17"/>
						<String ID="P21_ST00420" HPOS="638" VPOS="2878" WIDTH="124" HEIGHT="30" CONTENT="notre" WC="0.99" CC="50000"/>
						<SP ID="P21_SP00381" HPOS="762" VPOS="2920" WIDTH="17"/>
						<String ID="P21_ST00421" HPOS="779" VPOS="2870" WIDTH="102" HEIGHT="39" CONTENT="ville" WC="0.98" CC="03650"/>
						<SP ID="P21_SP00382" HPOS="881" VPOS="2920" WIDTH="26"/>
						<String ID="P21_ST00422" HPOS="907" VPOS="2872" WIDTH="74" HEIGHT="48" CONTENT="qui" WC="0.97" CC="053"/>
						<SP ID="P21_SP00383" HPOS="981" VPOS="2920" WIDTH="18"/>
						<String ID="P21_ST00423" HPOS="999" VPOS="2883" WIDTH="27" HEIGHT="37" CONTENT="y" WC="1.00" CC="0"/>
						<SP ID="P21_SP00384" HPOS="1026" VPOS="2920" WIDTH="23"/>
						<String ID="P21_ST00424" HPOS="1049" VPOS="2878" WIDTH="74" HEIGHT="31" CONTENT="ont" WC="0.96" CC="054"/>
						<SP ID="P21_SP00385" HPOS="1123" VPOS="2920" WIDTH="24"/>
						<String ID="P21_ST00425" HPOS="1147" VPOS="2871" WIDTH="155" HEIGHT="38" CONTENT="assisté" WC="0.99" CC="0020050"/>
						<SP ID="P21_SP00386" HPOS="1302" VPOS="2920" WIDTH="33"/>
						<String ID="P21_ST00426" HPOS="1335" VPOS="2877" WIDTH="74" HEIGHT="30" CONTENT="ont" WC="0.98" CC="005"/>
						<SP ID="P21_SP00387" HPOS="1409" VPOS="2920" WIDTH="32"/>
						<String ID="P21_ST00427" HPOS="1441" VPOS="2883" WIDTH="58" HEIGHT="35" CONTENT="pu" WC="0.71" CC="05"/>
						<SP ID="P21_SP00388" HPOS="1499" VPOS="2920" WIDTH="22"/>
						<String ID="P21_ST00428" HPOS="1521" VPOS="2873" WIDTH="210" HEIGHT="47" CONTENT="présager" WC="1.00" CC="00000000"/>
						<SP ID="P21_SP00389" HPOS="1731" VPOS="2920" WIDTH="22"/>
						<String ID="P21_ST00429" HPOS="1753" VPOS="2881" WIDTH="84" HEIGHT="37" CONTENT="que" WC="1.00" CC="000"/>
						<SP ID="P21_SP00390" HPOS="1837" VPOS="2920" WIDTH="23"/>
						<String ID="P21_ST00430" HPOS="1860" VPOS="2867" WIDTH="39" HEIGHT="39" CONTENT="la" WC="0.60" CC="70"/>
						<SP ID="P21_SP00391" HPOS="1899" VPOS="2920" WIDTH="23"/>
						<String ID="P21_ST00431" HPOS="1922" VPOS="2869" WIDTH="109" HEIGHT="37" CONTENT="mise" WC="0.99" CC="0400"/>
						<SP ID="P21_SP00392" HPOS="2031" VPOS="2920" WIDTH="24"/>
						<String ID="P21_ST00432" HPOS="2055" VPOS="2882" WIDTH="53" HEIGHT="24" CONTENT="au" WC="1.00" CC="00"/>
					</TextLine>
					<TextLine ID="P21_TL00042" HPOS="140" VPOS="2934" WIDTH="1966" HEIGHT="53">
						<String ID="P21_ST00433" HPOS="140" VPOS="2937" WIDTH="122" HEIGHT="50" CONTENT="point" WC="0.99" CC="00150"/>
						<SP ID="P21_SP00393" HPOS="262" VPOS="2987" WIDTH="23"/>
						<String ID="P21_ST00434" HPOS="285" VPOS="2948" WIDTH="54" HEIGHT="26" CONTENT="ne" WC="1.00" CC="00"/>
						<SP ID="P21_SP00394" HPOS="339" VPOS="2987" WIDTH="29"/>
						<String ID="P21_ST00435" HPOS="368" VPOS="2949" WIDTH="93" HEIGHT="25" CONTENT="sera" WC="1.00" CC="0000"/>
						<SP ID="P21_SP00395" HPOS="461" VPOS="2987" WIDTH="22"/>
						<String ID="P21_ST00436" HPOS="483" VPOS="2949" WIDTH="79" HEIGHT="38" CONTENT="pas" WC="1.00" CC="001"/>
						<SP ID="P21_SP00396" HPOS="562" VPOS="2987" WIDTH="22"/>
						<String ID="P21_ST00437" HPOS="584" VPOS="2935" WIDTH="263" HEIGHT="47" CONTENT="laborieuse," WC="0.99" CC="40000406204"/>
						<SP ID="P21_SP00397" HPOS="847" VPOS="2987" WIDTH="23"/>
						<String ID="P21_ST00438" HPOS="870" VPOS="2946" WIDTH="39" HEIGHT="29" CONTENT="et" WC="1.00" CC="00"/>
						<SP ID="P21_SP00398" HPOS="909" VPOS="2987" WIDTH="30"/>
						<String ID="P21_ST00439" HPOS="939" VPOS="2950" WIDTH="83" HEIGHT="37" CONTENT="que" WC="1.00" CC="000"/>
						<SP ID="P21_SP00399" HPOS="1022" VPOS="2987" WIDTH="22"/>
						<String ID="P21_ST00440" HPOS="1044" VPOS="2937" WIDTH="38" HEIGHT="38" CONTENT="la" WC="0.79" CC="40"/>
						<SP ID="P21_SP00400" HPOS="1082" VPOS="2987" WIDTH="21"/>
						<String ID="P21_ST00441" HPOS="1103" VPOS="2935" WIDTH="160" HEIGHT="40" CONTENT="Schola" WC="0.92" CC="000040"/>
						<SP ID="P21_SP00401" HPOS="1263" VPOS="2987" WIDTH="24"/>
						<String ID="P21_ST00442" HPOS="1287" VPOS="2936" WIDTH="52" HEIGHT="39" CONTENT="de" WC="1.00" CC="00"/>
						<SP ID="P21_SP00402" HPOS="1339" VPOS="2987" WIDTH="21"/>
						<String ID="P21_ST00443" HPOS="1360" VPOS="2934" WIDTH="223" HEIGHT="41" CONTENT="Marseille" WC="1.00" CC="000000230"/>
						<SP ID="P21_SP00403" HPOS="1583" VPOS="2987" WIDTH="19"/>
						<String ID="P21_ST00444" HPOS="1602" VPOS="2948" WIDTH="158" HEIGHT="38" CONTENT="pourra" WC="1.00" CC="000000"/>
						<SP ID="P21_SP00404" HPOS="1760" VPOS="2987" WIDTH="24"/>
						<String ID="P21_ST00445" HPOS="1784" VPOS="2936" WIDTH="117" HEIGHT="37" CONTENT="vivre" WC="1.00" CC="00000"/>
						<SP ID="P21_SP00405" HPOS="1901" VPOS="2987" WIDTH="23"/>
						<String ID="P21_ST00446" HPOS="1924" VPOS="2935" WIDTH="156" HEIGHT="49" CONTENT="longue" SUBS_TYPE="HypPart1" SUBS_CONTENT="longuement" WC="0.99" CC="206000"/>
						<HYP HPOS="2080" VPOS="2935" WIDTH="26" CONTENT="-"/>
					</TextLine>
					<TextLine ID="P21_TL00043" HPOS="140" VPOS="3001" WIDTH="954" HEIGHT="42">
						<String ID="P21_ST00447" HPOS="140" VPOS="3011" WIDTH="119" HEIGHT="31" CONTENT="ment" SUBS_TYPE="HypPart2" SUBS_CONTENT="longuement" WC="0.97" CC="0076"/>
						<SP ID="P21_SP00406" HPOS="259" VPOS="3042" WIDTH="19"/>
						<String ID="P21_ST00448" HPOS="278" VPOS="3013" WIDTH="40" HEIGHT="29" CONTENT="et" WC="0.69" CC="06"/>
						<SP ID="P21_SP00407" HPOS="318" VPOS="3042" WIDTH="19"/>
						<String ID="P21_ST00449" HPOS="337" VPOS="3004" WIDTH="164" HEIGHT="38" CONTENT="arriver" WC="0.99" CC="0440000"/>
						<SP ID="P21_SP00408" HPOS="501" VPOS="3042" WIDTH="27"/>
						<String ID="P21_ST00450" HPOS="528" VPOS="3007" WIDTH="22" HEIGHT="34" CONTENT="à" WC="0.66" CC="3"/>
						<SP ID="P21_SP00409" HPOS="550" VPOS="3042" WIDTH="25"/>
						<String ID="P21_ST00451" HPOS="575" VPOS="3001" WIDTH="275" HEIGHT="41" CONTENT="d'excellents" WC="1.00" CC="010000530000"/>
						<SP ID="P21_SP00410" HPOS="850" VPOS="3042" WIDTH="25"/>
						<String ID="P21_ST00452" HPOS="875" VPOS="3003" WIDTH="219" HEIGHT="40" CONTENT="résultats." WC="1.00" CC="0003000012"/>
					</TextLine>
					<TextLine ID="P21_TL00044" HPOS="194" VPOS="3067" WIDTH="1914" HEIGHT="52">
						<String ID="P21_ST00453" HPOS="194" VPOS="3069" WIDTH="213" HEIGHT="41" CONTENT="Laissons" WC="0.99" CC="50020050"/>
						<SP ID="P21_SP00411" HPOS="407" VPOS="3110" WIDTH="22"/>
						<String ID="P21_ST00454" HPOS="429" VPOS="3071" WIDTH="113" HEIGHT="39" CONTENT="donc" WC="1.00" CC="0000"/>
						<SP ID="P21_SP00412" HPOS="542" VPOS="3110" WIDTH="23"/>
						<String ID="P21_ST00455" HPOS="565" VPOS="3070" WIDTH="124" HEIGHT="39" CONTENT="l'idée" WC="0.99" CC="520000"/>
						<SP ID="P21_SP00413" HPOS="689" VPOS="3110" WIDTH="29"/>
						<String ID="P21_ST00456" HPOS="718" VPOS="3070" WIDTH="52" HEIGHT="39" CONTENT="de" WC="1.00" CC="00"/>
						<SP ID="P21_SP00414" HPOS="770" VPOS="3110" WIDTH="30"/>
						<String ID="P21_ST00457" HPOS="800" VPOS="3068" WIDTH="61" HEIGHT="41" CONTENT="M." WC="0.82" CC="03"/>
						<SP ID="P21_SP00415" HPOS="861" VPOS="3110" WIDTH="27"/>
						<String ID="P21_ST00458" HPOS="888" VPOS="3071" WIDTH="51" HEIGHT="38" CONTENT="de" WC="1.00" CC="00"/>
						<SP ID="P21_SP00416" HPOS="939" VPOS="3110" WIDTH="30"/>
						<String ID="P21_ST00459" HPOS="969" VPOS="3069" WIDTH="125" HEIGHT="41" CONTENT="Roux" WC="0.98" CC="0460"/>
						<SP ID="P21_SP00417" HPOS="1094" VPOS="3110" WIDTH="39"/>
						<String ID="P21_ST00460" HPOS="1133" VPOS="3078" WIDTH="138" HEIGHT="31" CONTENT="tracer" WC="1.00" CC="000000"/>
						<SP ID="P21_SP00418" HPOS="1271" VPOS="3110" WIDTH="37"/>
						<String ID="P21_ST00461" HPOS="1308" VPOS="3083" WIDTH="81" HEIGHT="26" CONTENT="son" WC="0.96" CC="236"/>
						<SP ID="P21_SP00419" HPOS="1389" VPOS="3110" WIDTH="23"/>
						<String ID="P21_ST00462" HPOS="1412" VPOS="3069" WIDTH="146" HEIGHT="45" CONTENT="sillon," WC="0.99" CC="0303004"/>
						<SP ID="P21_SP00420" HPOS="1558" VPOS="3114" WIDTH="23"/>
						<String ID="P21_ST00463" HPOS="1581" VPOS="3077" WIDTH="40" HEIGHT="30" CONTENT="et" WC="0.69" CC="06"/>
						<SP ID="P21_SP00421" HPOS="1621" VPOS="3114" WIDTH="41"/>
						<String ID="P21_ST00464" HPOS="1662" VPOS="3069" WIDTH="37" HEIGHT="38" CONTENT="le" WC="0.90" CC="10"/>
						<SP ID="P21_SP00422" HPOS="1699" VPOS="3114" WIDTH="37"/>
						<String ID="P21_ST00465" HPOS="1736" VPOS="3078" WIDTH="138" HEIGHT="41" CONTENT="temps" WC="0.99" CC="00005"/>
						<SP ID="P21_SP00423" HPOS="1874" VPOS="3119" WIDTH="21"/>
						<String ID="P21_ST00466" HPOS="1895" VPOS="3067" WIDTH="107" HEIGHT="40" CONTENT="faire" WC="0.99" CC="00500"/>
						<SP ID="P21_SP00424" HPOS="2002" VPOS="3119" WIDTH="26"/>
						<String ID="P21_ST00467" HPOS="2028" VPOS="3081" WIDTH="80" HEIGHT="26" CONTENT="son" WC="0.99" CC="030"/>
					</TextLine>
				</TextBlock>
				<TextBlock ID="P21_TB00009" HPOS="1463" VPOS="3129" WIDTH="439" HEIGHT="47" STYLEREFS="TXT_2 PAR_RIGHT">
					<TextLine ID="P21_TL00045" HPOS="1467" VPOS="3133" WIDTH="433" HEIGHT="41">
						<String ID="P21_ST00468" HPOS="1467" VPOS="3134" WIDTH="178" HEIGHT="40" CONTENT="ERNEST" WC="0.99" CC="051100"/>
						<SP ID="P21_SP00425" HPOS="1645" VPOS="3174" WIDTH="20"/>
						<String ID="P21_ST00469" HPOS="1665" VPOS="3133" WIDTH="235" HEIGHT="41" CONTENT="GUEYDON." WC="0.92" CC="02002000"/>
					</TextLine>
				</TextBlock>
				<TextBlock ID="P21_TB00010" HPOS="138" VPOS="3146" WIDTH="171" HEIGHT="32" STYLEREFS="TXT_0 PAR_LEFT">
					<TextLine ID="P21_TL00046" HPOS="140" VPOS="3150" WIDTH="165" HEIGHT="27">
						<String ID="P21_ST00470" HPOS="140" VPOS="3150" WIDTH="165" HEIGHT="27" CONTENT="œuvre." WC="0.99" CC="060001"/>
					</TextLine>
				</TextBlock>
				<TextBlock ID="P21_TB00011" HPOS="193" VPOS="3254" WIDTH="180" HEIGHT="47" STYLEREFS="TXT_1 PAR_LEFT">
					<TextLine ID="P21_TL00047" HPOS="194" VPOS="3259" WIDTH="176" HEIGHT="40">
						<String ID="P21_ST00471" HPOS="194" VPOS="3259" WIDTH="176" HEIGHT="40" CONTENT="ROUEN." WC="0.99" CC="305006"/>
						<SP ID="P21_SP00426" HPOS="370" VPOS="3299" WIDTH="0"/>
					</TextLine>
				</TextBlock>
				<TextBlock ID="P21_TB00012" HPOS="397" VPOS="3247" WIDTH="1712" HEIGHT="61" STYLEREFS="TXT_0 PAR_RIGHT">
					<TextLine ID="P21_TL00048" HPOS="466" VPOS="3259" WIDTH="1640" HEIGHT="49">
						<String ID="P21_ST00472" HPOS="466" VPOS="3259" WIDTH="62" HEIGHT="40" CONTENT="Ce" WC="0.81" CC="30"/>
						<SP ID="P21_SP00427" HPOS="528" VPOS="3299" WIDTH="21"/>
						<String ID="P21_ST00473" HPOS="549" VPOS="3260" WIDTH="173" HEIGHT="39" CONTENT="dernier" WC="0.98" CC="6363532"/>
						<SP ID="P21_SP00428" HPOS="722" VPOS="3299" WIDTH="34"/>
						<String ID="P21_ST00474" HPOS="756" VPOS="3260" WIDTH="127" HEIGHT="48" CONTENT="mois," WC="0.99" CC="00214"/>
						<SP ID="P21_SP00429" HPOS="883" VPOS="3308" WIDTH="23"/>
						<String ID="P21_ST00475" HPOS="906" VPOS="3272" WIDTH="84" HEIGHT="25" CONTENT="une" WC="0.95" CC="570"/>
						<SP ID="P21_SP00430" HPOS="990" VPOS="3308" WIDTH="33"/>
						<String ID="P21_ST00476" HPOS="1023" VPOS="3259" WIDTH="165" HEIGHT="48" CONTENT="grande" WC="0.99" CC="702000"/>
						<SP ID="P21_SP00431" HPOS="1188" VPOS="3308" WIDTH="38"/>
						<String ID="P21_ST00477" HPOS="1226" VPOS="3259" WIDTH="313" HEIGHT="39" CONTENT="effervescence" WC="1.00" CC="0000020130020"/>
						<SP ID="P21_SP00432" HPOS="1539" VPOS="3308" WIDTH="33"/>
						<String ID="P21_ST00478" HPOS="1572" VPOS="3273" WIDTH="21" HEIGHT="24" CONTENT="a" WC="1.00" CC="0"/>
						<SP ID="P21_SP00433" HPOS="1593" VPOS="3308" WIDTH="23"/>
						<String ID="P21_ST00479" HPOS="1616" VPOS="3262" WIDTH="133" HEIGHT="46" CONTENT="régné" WC="0.97" CC="06906"/>
						<SP ID="P21_SP00434" HPOS="1749" VPOS="3308" WIDTH="25"/>
						<String ID="P21_ST00480" HPOS="1774" VPOS="3273" WIDTH="52" HEIGHT="25" CONTENT="au" WC="0.72" CC="05"/>
						<SP ID="P21_SP00435" HPOS="1826" VPOS="3308" WIDTH="18"/>
						<String ID="P21_ST00481" HPOS="1844" VPOS="3259" WIDTH="168" HEIGHT="39" CONTENT="théâtre" WC="0.99" CC="3006500"/>
						<SP ID="P21_SP00436" HPOS="2012" VPOS="3308" WIDTH="20"/>
						<String ID="P21_ST00482" HPOS="2032" VPOS="3259" WIDTH="74" HEIGHT="39" CONTENT="des" WC="0.98" CC="006"/>
					</TextLine>
				</TextBlock>
				<TextBlock ID="P21_TB00013" HPOS="137" VPOS="3323" WIDTH="1972" HEIGHT="258" STYLEREFS="TXT_0 PAR_BLOCK">
					<TextLine ID="P21_TL00049" HPOS="138" VPOS="3324" WIDTH="1969" HEIGHT="53">
						<String ID="P21_ST00483" HPOS="138" VPOS="3324" WIDTH="116" HEIGHT="42" CONTENT="Arts." WC="0.99" CC="00530"/>
						<SP ID="P21_SP00437" HPOS="254" VPOS="3366" WIDTH="26"/>
						<String ID="P21_ST00484" HPOS="280" VPOS="3327" WIDTH="226" HEIGHT="40" CONTENT="Plusieurs" WC="1.00" CC="150030000"/>
						<SP ID="P21_SP00438" HPOS="506" VPOS="3367" WIDTH="23"/>
						<String ID="P21_ST00485" HPOS="529" VPOS="3329" WIDTH="113" HEIGHT="38" CONTENT="soirs" WC="0.99" CC="00301"/>
						<SP ID="P21_SP00439" HPOS="642" VPOS="3367" WIDTH="34"/>
						<String ID="P21_ST00486" HPOS="676" VPOS="3324" WIDTH="278" HEIGHT="48" CONTENT="consécutifs," WC="1.00" CC="303000002032"/>
						<SP ID="P21_SP00440" HPOS="954" VPOS="3372" WIDTH="26"/>
						<String ID="P21_ST00487" HPOS="980" VPOS="3326" WIDTH="38" HEIGHT="38" CONTENT="la" WC="0.80" CC="30"/>
						<SP ID="P21_SP00441" HPOS="1018" VPOS="3372" WIDTH="38"/>
						<String ID="P21_ST00488" HPOS="1056" VPOS="3326" WIDTH="106" HEIGHT="39" CONTENT="salle" WC="0.99" CC="00430"/>
						<SP ID="P21_SP00442" HPOS="1162" VPOS="3372" WIDTH="23"/>
						<String ID="P21_ST00489" HPOS="1185" VPOS="3324" WIDTH="100" HEIGHT="41" CONTENT="s'est" WC="0.99" CC="03010"/>
						<SP ID="P21_SP00443" HPOS="1285" VPOS="3372" WIDTH="21"/>
						<String ID="P21_ST00490" HPOS="1306" VPOS="3331" WIDTH="178" HEIGHT="34" CONTENT="trouvée" WC="1.00" CC="5000000"/>
						<SP ID="P21_SP00444" HPOS="1484" VPOS="3372" WIDTH="38"/>
						<String ID="P21_ST00491" HPOS="1522" VPOS="3326" WIDTH="185" HEIGHT="39" CONTENT="envahie" WC="0.99" CC="0600440"/>
						<SP ID="P21_SP00445" HPOS="1707" VPOS="3372" WIDTH="24"/>
						<String ID="P21_ST00492" HPOS="1731" VPOS="3340" WIDTH="78" HEIGHT="37" CONTENT="par" WC="0.96" CC="550"/>
						<SP ID="P21_SP00446" HPOS="1809" VPOS="3377" WIDTH="31"/>
						<String ID="P21_ST00493" HPOS="1840" VPOS="3339" WIDTH="85" HEIGHT="26" CONTENT="une" WC="0.95" CC="670"/>
						<SP ID="P21_SP00447" HPOS="1925" VPOS="3377" WIDTH="38"/>
						<String ID="P21_ST00494" HPOS="1963" VPOS="3325" WIDTH="144" HEIGHT="40" CONTENT="bande" WC="0.99" CC="00601"/>
					</TextLine>
					<TextLine ID="P21_TL00050" HPOS="139" VPOS="3392" WIDTH="1968" HEIGHT="54">
						<String ID="P21_ST00495" HPOS="139" VPOS="3393" WIDTH="52" HEIGHT="39" CONTENT="de" WC="1.00" CC="00"/>
						<SP ID="P21_SP00448" HPOS="191" VPOS="3432" WIDTH="35"/>
						<String ID="P21_ST00496" HPOS="226" VPOS="3394" WIDTH="202" HEIGHT="40" CONTENT="hurleurs" WC="0.99" CC="06040540"/>
						<SP ID="P21_SP00449" HPOS="428" VPOS="3434" WIDTH="35"/>
						<String ID="P21_ST00497" HPOS="463" VPOS="3396" WIDTH="73" HEIGHT="50" CONTENT="qui" WC="1.00" CC="000"/>
						<SP ID="P21_SP00450" HPOS="536" VPOS="3446" WIDTH="38"/>
						<String ID="P21_ST00498" HPOS="574" VPOS="3396" WIDTH="204" HEIGHT="38" CONTENT="venaient" WC="0.99" CC="00602060"/>
						<SP ID="P21_SP00451" HPOS="778" VPOS="3446" WIDTH="29"/>
						<String ID="P21_ST00499" HPOS="807" VPOS="3394" WIDTH="39" HEIGHT="39" CONTENT="là" WC="0.52" CC="35"/>
						<SP ID="P21_SP00452" HPOS="846" VPOS="3446" WIDTH="44"/>
						<String ID="P21_ST00500" HPOS="890" VPOS="3395" WIDTH="286" HEIGHT="49" CONTENT="uniquement" WC="0.99" CC="6010505000"/>
						<SP ID="P21_SP00453" HPOS="1176" VPOS="3446" WIDTH="34"/>
						<String ID="P21_ST00501" HPOS="1210" VPOS="3407" WIDTH="112" HEIGHT="38" CONTENT="pour" WC="0.98" CC="3050"/>
						<SP ID="P21_SP00454" HPOS="1322" VPOS="3446" WIDTH="30"/>
						<String ID="P21_ST00502" HPOS="1352" VPOS="3396" WIDTH="109" HEIGHT="37" CONTENT="crier" WC="1.00" CC="00000"/>
						<SP ID="P21_SP00455" HPOS="1461" VPOS="3446" WIDTH="31"/>
						<String ID="P21_ST00503" HPOS="1492" VPOS="3401" WIDTH="40" HEIGHT="32" CONTENT="et" WC="1.00" CC="00"/>
						<SP ID="P21_SP00456" HPOS="1532" VPOS="3446" WIDTH="37"/>
						<String ID="P21_ST00504" HPOS="1569" VPOS="3407" WIDTH="110" HEIGHT="38" CONTENT="pour" WC="1.00" CC="0000"/>
						<SP ID="P21_SP00457" HPOS="1679" VPOS="3446" WIDTH="40"/>
						<String ID="P21_ST00505" HPOS="1719" VPOS="3393" WIDTH="144" HEIGHT="39" CONTENT="siffler." WC="0.99" CC="13160003"/>
						<SP ID="P21_SP00458" HPOS="1863" VPOS="3446" WIDTH="39"/>
						<String ID="P21_ST00506" HPOS="1902" VPOS="3392" WIDTH="205" HEIGHT="41" CONTENT="Certaine" WC="0.99" CC="10060470"/>
					</TextLine>
					<TextLine ID="P21_TL00051" HPOS="140" VPOS="3460" WIDTH="1966" HEIGHT="54">
						<String ID="P21_ST00507" HPOS="140" VPOS="3463" WIDTH="347" HEIGHT="48" CONTENT="représentation" WC="1.00" CC="00000003000305"/>
						<SP ID="P21_SP00459" HPOS="487" VPOS="3511" WIDTH="31"/>
						<String ID="P21_ST00508" HPOS="518" VPOS="3462" WIDTH="76" HEIGHT="39" CONTENT="des" WC="1.00" CC="000"/>
						<SP ID="P21_SP00460" HPOS="594" VPOS="3511" WIDTH="21"/>
						<String ID="P21_ST00509" HPOS="615" VPOS="3460" WIDTH="255" HEIGHT="54" CONTENT="Huguenots" WC="0.99" CC="074047160" STYLEREFS="TXT_3"/>
						<SP ID="P21_SP00461" HPOS="870" VPOS="3514" WIDTH="22"/>
						<String ID="P21_ST00510" HPOS="892" VPOS="3460" WIDTH="62" HEIGHT="41" CONTENT="fut" WC="0.95" CC="065"/>
						<SP ID="P21_SP00462" HPOS="954" VPOS="3514" WIDTH="20"/>
						<String ID="P21_ST00511" HPOS="974" VPOS="3469" WIDTH="170" HEIGHT="32" CONTENT="surtout" WC="1.00" CC="3000100"/>
						<SP ID="P21_SP00463" HPOS="1144" VPOS="3514" WIDTH="25"/>
						<String ID="P21_ST00512" HPOS="1169" VPOS="3463" WIDTH="154" HEIGHT="48" CONTENT="agitée." WC="0.99" CC="0013003"/>
						<SP ID="P21_SP00464" HPOS="1323" VPOS="3514" WIDTH="28"/>
						<String ID="P21_ST00513" HPOS="1351" VPOS="3461" WIDTH="30" HEIGHT="38" CONTENT="Il" WC="0.76" CC="04"/>
						<SP ID="P21_SP00465" HPOS="1381" VPOS="3514" WIDTH="26"/>
						<String ID="P21_ST00514" HPOS="1407" VPOS="3475" WIDTH="21" HEIGHT="25" CONTENT="a" WC="1.00" CC="0"/>
						<SP ID="P21_SP00466" HPOS="1428" VPOS="3514" WIDTH="31"/>
						<String ID="P21_ST00515" HPOS="1459" VPOS="3464" WIDTH="65" HEIGHT="36" CONTENT="été" WC="1.00" CC="000"/>
						<SP ID="P21_SP00467" HPOS="1524" VPOS="3514" WIDTH="40"/>
						<String ID="P21_ST00516" HPOS="1564" VPOS="3460" WIDTH="259" HEIGHT="52" CONTENT="impossible" WC="1.00" CC="1000005040"/>
						<SP ID="P21_SP00468" HPOS="1823" VPOS="3514" WIDTH="22"/>
						<String ID="P21_ST00517" HPOS="1845" VPOS="3461" WIDTH="52" HEIGHT="39" CONTENT="de" WC="1.00" CC="00"/>
						<SP ID="P21_SP00469" HPOS="1897" VPOS="3514" WIDTH="31"/>
						<String ID="P21_ST00518" HPOS="1928" VPOS="3462" WIDTH="122" HEIGHT="51" CONTENT="jouer" WC="1.00" CC="10000"/>
						<SP ID="P21_SP00470" HPOS="2050" VPOS="3514" WIDTH="19"/>
						<String ID="P21_ST00519" HPOS="2069" VPOS="3462" WIDTH="37" HEIGHT="39" CONTENT="le" WC="0.87" CC="20"/>
					</TextLine>
					<TextLine ID="P21_TL00052" HPOS="139" VPOS="3526" WIDTH="1969" HEIGHT="55">
						<String ID="P21_ST00520" HPOS="139" VPOS="3528" WIDTH="172" HEIGHT="40" CONTENT="dernier" WC="0.99" CC="0003500"/>
						<SP ID="P21_SP00471" HPOS="311" VPOS="3568" WIDTH="19"/>
						<String ID="P21_ST00521" HPOS="330" VPOS="3538" WIDTH="91" HEIGHT="31" CONTENT="acte" WC="1.00" CC="0000"/>
						<SP ID="P21_SP00472" HPOS="421" VPOS="3569" WIDTH="23"/>
						<String ID="P21_ST00522" HPOS="444" VPOS="3544" WIDTH="7" HEIGHT="33" CONTENT=";" WC="0.43" CC="5"/>
						<SP ID="P21_SP00473" HPOS="451" VPOS="3577" WIDTH="27"/>
						<String ID="P21_ST00523" HPOS="478" VPOS="3534" WIDTH="20" HEIGHT="34" CONTENT="à" WC="0.87" CC="1"/>
						<SP ID="P21_SP00474" HPOS="498" VPOS="3577" WIDTH="26"/>
						<String ID="P21_ST00524" HPOS="524" VPOS="3532" WIDTH="98" HEIGHT="48" CONTENT="cinq" WC="0.99" CC="0400"/>
						<SP ID="P21_SP00475" HPOS="622" VPOS="3580" WIDTH="25"/>
						<String ID="P21_ST00525" HPOS="647" VPOS="3530" WIDTH="186" HEIGHT="51" CONTENT="reprises" WC="1.00" CC="00003021"/>
						<SP ID="P21_SP00476" HPOS="833" VPOS="3581" WIDTH="24"/>
						<String ID="P21_ST00526" HPOS="857" VPOS="3527" WIDTH="263" HEIGHT="51" CONTENT="différentes," WC="1.00" CC="040000000003"/>
						<SP ID="P21_SP00477" HPOS="1120" VPOS="3581" WIDTH="23"/>
						<String ID="P21_ST00527" HPOS="1143" VPOS="3526" WIDTH="250" HEIGHT="42" CONTENT="l'orchestre" WC="1.00" CC="03000200000"/>
						<SP ID="P21_SP00478" HPOS="1393" VPOS="3581" WIDTH="20"/>
						<String ID="P21_ST00528" HPOS="1413" VPOS="3542" WIDTH="152" HEIGHT="39" CONTENT="essaya" WC="0.99" CC="001050"/>
						<SP ID="P21_SP00479" HPOS="1565" VPOS="3581" WIDTH="21"/>
						<String ID="P21_ST00529" HPOS="1586" VPOS="3530" WIDTH="249" HEIGHT="38" CONTENT="vainement" WC="1.00" CC="000000070"/>
						<SP ID="P21_SP00480" HPOS="1835" VPOS="3581" WIDTH="23"/>
						<String ID="P21_ST00530" HPOS="1858" VPOS="3528" WIDTH="52" HEIGHT="40" CONTENT="de" WC="1.00" CC="00"/>
						<SP ID="P21_SP00481" HPOS="1910" VPOS="3581" WIDTH="24"/>
						<String ID="P21_ST00531" HPOS="1934" VPOS="3542" WIDTH="44" HEIGHT="28" CONTENT="se" WC="0.65" CC="06"/>
						<SP ID="P21_SP00482" HPOS="1978" VPOS="3581" WIDTH="22"/>
						<String ID="P21_ST00532" HPOS="2000" VPOS="3528" WIDTH="108" HEIGHT="43" CONTENT="faire" WC="0.98" CC="06307"/>
					</TextLine>
				</TextBlock>
			</PrintSpace>
		</Page>
	</Layout>
</alto>
