3439 4417
1646 159 67 49 39

127 296 292 67 Requiem*),
464 314 82 32 von
591 297 84 47 den
720 297 243 47 Künstlern
1006 296 80 50 der
1131 297 513 50 Concert-Geseilschaft

131 375 77 47 des
254 374 366 48 Conservatoires
676 374 89 45 und
822 372 80 47 der
951 391 183 46 grossen
1179 375 126 63 Oper
1353 374 288 63 ausgeführt,

135 450 159 49 wurde
324 451 80 47 mit
431 450 292 62 andächtiger
752 450 123 46 Stiüe
917 451 222 64 angehört
1183 451 87 47 und
1303 452 177 47 machte
1514 450 130 48 einen

132 527 135 47 tiefen
290 525 245 48 Eindruck.
567 526 91 46 Das
682 523 297 49 Offertorium
1012 527 88 46 und
1132 526 84 48 den
1244 529 184 52 Auszug
1457 543 79 30 aus
1565 525 79 47 der

1400 574 25 16 c?

131 604 168 45 Kirche
324 601 239 62 begleitete
589 600 70 47 die
683 601 155 62 Orgel.
871 604 84 44 Arn
982 604 151 48 Grabe
1164 604 81 46 auf
1268 604 100 46 dem
1395 601 246 48 Kirchhofe

131 678 76 47 des
238 680 299 45 Montmartre
578 694 112 47 sang
732 677 78 47 der
841 678 122 47 Chor
1005 680 79 47 der
1127 678 517 50 Concert-Geseilschaft

131 756 69 44 ein
229 753 77 49 De
324 750 255 68 profundis
606 753 80 47 mit
713 755 306 62 ergreifender
1045 757 246 62 Wirkung.
1322 757 212 47 Mehrere
1555 756 58 47 Ge-

131 828 365 50 dächtnissreden
527 828 280 49 beschlossen
838 830 70 48 die
936 840 146 39 ernste
1111 832 147 47 Feier.

244 906 86 45 Die
349 904 511 50 Concert-Geseilschaft
884 907 75 48 hat
981 926 99 28 zum
1104 908 192 47 Zeichen
1318 908 124 47 ihrer
1465 907 177 48 Trauer

131 981 79 47 das
231 981 172 57 zweite,
432 981 83 48 auf
536 981 85 48 den
653 982 84 48 21.
760 983 38 47 d.
817 985 100 45 Mts.
950 985 252 45 bestimmte
1227 985 194 46 Concert
1449 983 82 50 auf
1555 985 85 46 den

132 1057 54 48 5-
207 1057 211 48 Februar
445 1058 181 64 verlegt.
657 1059 71 46 An
753 1059 200 47 Girard's
983 1061 135 45 Stelle
1148 1061 78 45 hat
1252 1061 61 45 sie
1346 1062 148 44 Herrn
1524 1061 88 45 Til-

130 1141 151 40 raant
309 1134 211 64 gewählt,
549 1133 80 47 der
657 1134 137 47 schon
827 1134 282 49 Habeneck's
1133 1134 224 49 Substitut
1386 1152 110 40 war,
1525 1136 112 48 aber

127 1226 79 32 vor
235 1211 163 47 Girard
440 1211 273 45 zurücktrat.
769 1211 85 45 Die
885 1212 229 46 Direction
1152 1211 75 47 des
1258 1212 269 47 Orchesters
1556 1212 84 47 der

127 1302 186 47 grossen
351 1287 125 62 Oper
513 1285 54 47 ist
602 1287 153 45 Herrn
799 1287 257 57 Dietsch,
1101 1288 273 62 bisherigem
1412 1289 201 46 Ghor-Di-

127 1369 164 47 rector,
333 1360 278 65 übertragen
654 1362 200 48 worden.
916 1364 115 47 Wer
1073 1363 70 47 die
1181 1364 342 47 llof-Coneerte
1565 1364 79 47 der

127 1437 297 47 kaiserlichen
445 1437 181 64 Capelle
650 1438 131 47 leiten
807 1438 128 56 wird,
964 1439 55 47 ist
1047 1440 115 47 noch
1188 1440 122 47 nicht
1335 1440 306 64 ausgemacht.

130 1513 106 47 Man
267 1512 138 49 denkt
433 1513 60 47 im
523 1514 237 47 Publicum
791 1532 54 29 an
882 1517 53 45 H.
969 1517 184 46 sierlioz.

425 1772 178 70 Tages-
633 1772 89 70 und
752 1772 594 70 Unterhaltungs-Blatt.

209 1894 266 38 Cöbleiftz«
513 1896 43 33 In
586 1895 80 33 dem
695 1896 143 33 vierten
867 1895 481 36 Abonnements-Coneerte
1378 1908 153 24 unseres
1559 1898 58 33 Mu-

129 1955 253 35 sik-Instituts
409 1957 108 31 unter
546 1955 192 34 Direction
765 1955 63 34 des
857 1955 122 34 Herin
1008 1957 340 34 Musik-Directors
1377 1958 100 32 Lenz
1515 1957 132 35 hörten

127 2014 67 33 wir
224 2014 69 33 den
325 2013 205 34 trefflichen
560 2014 263 45 Violinspieler
851 2015 311 34 Maximilian
1194 2016 168 45 Wolff,
1393 2017 230 34 Concertmei-

127 2077 75 32 ster
229 2086 69 22 aus
327 2075 207 33 Frankfurt
562 2086 34 22 a.
628 2075 65 42 M.,
739 2074 147 45 wieder,
932 2075 62 35 der
1024 2087 68 23 uns
1121 2076 136 35 bereits
1285 2077 51 33 im
1365 2079 155 33 zweiten
1549 2077 71 35 Con-

126 2138 98 30 oerte
264 2133 117 35 durch
426 2133 70 35 den
524 2134 163 44 Vortrag
731 2134 63 34 des
824 2133 205 35 Coneertes
1057 2147 74 22 von
1160 2136 267 36 Mendelssohn
1465 2137 78 33 und
1583 2138 64 33 der

132 2192 188 35 Fantaisie
348 2192 172 35 militaire
548 2202 71 24 von
648 2192 181 43 Leonard,
857 2192 76 34 und
961 2194 35 33 in
1028 2194 99 34 einer
1155 2195 151 44 eigenen
1338 2195 123 34 Soiree
1488 2196 67 32 mit
1583 2195 64 35 der

127 2252 265 44 Gesangscene
421 2263 71 23 von
512 2251 121 46 Spolir
661 2253 142 33 erfreut
830 2251 114 38 hatte,
974 2253 132 34 Dieses
1136 2254 77 33 Mal
1243 2255 132 44 spielte
1405 2266 38 22 er
1471 2255 64 33 das
1567 2256 78 34 hier

125 2310 97 35 noch
250 2310 105 33 nicht
381 2310 154 46 gehörte
565 2312 228 44 grossartige
823 2310 161 36 Concert
1013 2324 71 23 von
1104 2313 214 34 Beethoven
1347 2314 76 33 und
1440 2315 204 34 Leonard's

128 2370 177 34 Souvenir
333 2370 41 34 de
403 2370 132 46 Haydn
540 2397 8 11 .
577 2371 76 33 Der
676 2371 118 44 junge
823 2371 181 35 Künstler
1032 2373 65 32 hat
1125 2373 79 33 sich
1233 2373 106 34 nicht
1367 2385 73 23 nur
1468 2373 71 35 den
1565 2375 58 33 leb-

126 2427 188 36 haftesten
341 2430 137 33 Beifall
506 2430 97 33 beim
631 2441 154 33 grossen
816 2430 220 44 Publicum,'
1071 2431 159 34 sondern
1274 2432 96 34 auch
1412 2432 58 35 die
1513 2432 108 35 ehren-

123 2489 136 34 vollste
287 2490 282 44 Anerkennung
598 2501 71 22 von
701 2489 123 34 Seiten
866 2489 63 34 der
957 2491 150 33 Kenner
1147 2491 76 33 und
1251 2491 156 35 Männer
1435 2504 73 23 von
1535 2492 105 34 Fach

124 2549 202 35 erworben.
351 2550 51 32 Er
429 2549 93 33 wird
551 2550 80 32 eine
661 2549 230 34 bedeutende
921 2550 168 33 Zukunft
1117 2550 134 34 haben.

201 2608 228 34 Ausserdem
457 2608 129 36 hörten
618 2610 65 31 wir
711 2609 37 32 in
779 2609 82 33 dem
889 2609 138 33 letzten
1057 2610 180 34 Coneerte
1268 2610 170 35 Gade's
1477 2611 136 35 Sinfo-

121 2669 78 34 nie
227 2669 61 35 Nr.
316 2667 91 37 4in
436 2669 134 41 ß-dur,
619 2669 92 33 zwei
753 2669 269 45 vierstimmige
1059 2668 268 48 Chorgesänge
1367 2670 93 34 ohne
1498 2671 124 45 Beglei-

122 2731 94 42 tung
245 2722 84 53 (Öp.
363 2727 83 43 100)
476 2740 71 22 von
577 2728 376 43 Mendelssohn,
998 2728 201 36 Cherub
1212 2729 12 34 i
1227 2732 10 11 r
1238 2731 42 32 ni
1284 2729 6 14 1
1306 2741 16 22 s
1353 2730 212 34 Ouvertüre
1595 2742 47 22 zu

123 2787 133 35 Medea
283 2787 79 35 und
390 2799 86 23 zum
503 2787 156 35 Schluss
690 2788 58 34 die
779 2787 218 47 Einleitung
1037 2789 63 34 des
1143 2789 134 34 dritten
1305 2791 114 36 Actes
1461 2790 77 35 und
1573 2790 70 35 den

123 2847 211 35 Brautchor
360 2859 66 23 aus
453 2849 43 35 R.
525 2848 47 35 W
588 2848 187 45 agner's
807 2849 226 47 Lohengiin.

202 2985 352 46 OlcleaitllU'g)«
593 2989 78 32 Das
702 2987 110 35 dritte
840 2987 456 36 Abonnements-Concert
1326 2988 64 35 der
1417 2990 222 46 Hofcapelle

125 3057 60 22 am
214 3044 34 37 6.
280 3045 34 37 d.
342 3046 100 44 Mts.,
485 3046 122 35 dieses
636 3047 71 34 31al
736 3050 109 32 unter
874 3047 165 45 Leitung
1068 3048 63 34 des
1160 3048 122 35 Herrn
1312 3049 331 36 Concertmeisters

125 3104 242 45 Franzen,
396 3105 156 35 hrachte
578 3106 57 34 die
663 3107 166 33 Sinfonie
856 3107 38 33 in
922 3107 122 33 A-duv
1073 3119 72 23 von
1173 3108 367 46 Mendelssohn,
1585 3111 58 34 die

124 3164 79 35 hier
230 3176 40 23 so
300 3168 68 42 gut
395 3167 71 33 wie
493 3177 72 23 neu
595 3177 78 26 war
700 3166 77 33 und
806 3166 85 34 sehr
919 3167 204 45 ansprach;
1165 3169 218 34 ausserdem
1412 3170 57 34 die
1500 3170 119 35 Ouver-

120 3225 85 32 türe
235 3224 73 45 Op»
342 3223 72 37 124
452 3236 73 24 von
554 3225 281 34 Beethoven
878 3225 76 34 und
996 3226 57 34 die
1081 3227 459 37 Freischütz-Ouverture
1569 3243 73 23 von

125 3283 179 37 Weber.
360 3285 84 35 Alle
483 3286 100 33 diese
613 3284 344 36 Orchestersaelien
984 3288 137 43 gingen
1149 3288 86 33 sehr
1261 3291 70 42 gut
1404 3290 71 33 Ein
1505 3291 115 33 Glanz-

123 3344 122 45 punkt
273 3356 122 23 waren
425 3345 58 34 die
511 3347 330 44 Violin-Vorträge
881 3346 63 34 des
973 3346 337 36 Concertmeisters
1337 3348 41 34 F.
1411 3349 132 35 Laub
1574 3362 68 23 aus

123 3404 136 35 Berlin.
311 3405 51 34 Er
389 3405 134 45 spielte
551 3406 393 35 Mendelssohn's
983 3406 157 35 Concert
1179 3406 85 46 (das
1294 3410 345 46 unvermeidliche),

123 3464 124 34 ferner
275 3464 58 33 ein
361 3463 147 46 Adagio
537 3464 77 33 und
643 3464 102 45 Fuge
774 3476 70 22 von
875 3464 33 36 J.
940 3465 36 33 S.
1004 3465 123 33 Bach
1164 3465 76 34 und
1270 3467 57 33 ein
1358 3466 129 36 Rondo
1516 3469 105 35 scher-

122 3535 79 23 zoso
231 3535 73 23 von
332 3525 120 33 seiner
478 3523 256 46 Composition
763 3525 54 34 als
847 3524 230 35 vollendeter
1097 3525 213 34 Techniker
1338 3526 76 34 und
1444 3528 55 35 als
1527 3531 96 43 geist-

121 3583 121 35 voller
270 3584 192 36 Künstler.
492 3584 86 34 Sein
603 3584 131 34 Rondo
766 3596 77 22 war
870 3584 203 47 allerdings
1103 3586 181 44 geeignet,
1315 3585 56 35 die
1400 3599 130 33 grosse
1558 3590 62 34 Vir-

108 3644 174 34 tuosität
311 3644 64 34 des
405 3644 162 46 Spielers
596 3655 47 23 zu
672 3646 141 44 zeigen,
850 3646 141 36 konnte
1019 3646 90 34 aber
1137 3645 55 34 als
1222 3645 256 46 Composition
1505 3649 136 36 keinen

119 3701 303 47 befriedigenden
449 3705 193 34 Eindruck
670 3705 264 36 hinterlassen.
989 3705 41 35 In
1068 3707 99 33 einer
1202 3707 153 44 eigenen
1395 3707 126 36 Soiree
1551 3709 89 45 (den

121 3762 61 40 14,
212 3763 32 36 d.
272 3764 108 46 Mts.)
410 3765 133 45 spielte
563 3766 98 33 Herr
679 3765 108 34 Laub
817 3766 59 33 ein
897 3765 174 42 Quartett
1100 3777 72 23 von
1200 3767 194 45 Haydn,
1426 3768 64 35 das
1508 3770 131 35 Rondo

120 3835 73 24 von
221 3824 42 36 F.
294 3825 242 35 Schubert
564 3827 60 35 für
647 3827 214 35 Fianoforte
889 3829 77 33 und
995 3828 158 43 Violine,
1183 3828 57 34 ein
1258 3828 183 36 Notturno
1470 3830 78 34 und
1567 3832 48 35 Po-

120 3885 144 34 lonaise
292 3885 148 46 eigener
469 3885 257 47 Composition
756 3886 77 37 und
861 3887 242 35 Bazzini's
1134 3886 121 35 Danse
1283 3888 58 34 des
1370 3888 138 40 Lutins,

183 4005 38 50 *)
246 4008 79 35 Das
354 4007 80 36 also
462 4008 49 33 im
540 4006 244 39 Erzbisthum
812 4010 138 35 Paris
979 4011 96 36 noch
1104 4011 115 45 Dicht,
1244 4013 68 33 wie
1332 4013 48 33 im
1398 4013 242 36 Erzbisthum

247 4067 149 46 Köln,
426 4071 158 42 verpönt
612 4070 61 35 ist»

1793 297 122 35 Herrn
1945 297 206 36 Schulze
2178 299 130 34 hörten
2339 301 66 33 wir
2433 300 102 36 darin
2564 302 56 34 als
2648 300 161 36 Solisten
2837 314 70 24 nur
2933 305 37 34 in
3001 304 61 38 der

1715 356 110 34 schen
1843 357 254 45 Bearbeitung
2126 358 63 34 des
2206 357 294 46 Wagnerischen
2517 361 360 44 Einzugsmarsches
2905 374 68 23 aus
3002 363 82 35 dem
3103 365 98 35 Tann-

1715 415 148 37 häuser.
1919 417 74 34 Der
2021 417 151 34 Marsch
2214 419 70 32 wie
2313 418 58 34 die
2400 419 206 37 Liszt'sche
2634 420 258 46 Bearbeitung
2933 423 83 33 sind
3053 424 85 33 weit
3165 424 42 35 be-

1715 474 136 44 rühmt,
1894 475 93 35 doch
2016 476 119 35 haben
2166 478 66 33 wir
2260 488 70 22 uns
2359 489 73 21 von
2459 477 130 34 beiden
2625 480 104 33 nicht
2763 481 106 33 recht
2897 484 173 32 erwärmt
3099 483 128 34 fühlen

1715 534 158 36 können.
1902 536 95 32 Dem
2024 535 173 34 Marsche
2223 537 51 33 ist
2300 536 37 33 in
2366 537 120 33 seiner
2507 537 149 44 Anlage
2683 540 67 32 mit
2772 538 265 47 Verwendung
3063 541 63 34 des
3150 542 47 34 Ge-

1715 594 202 44 sangchors
1959 594 76 32 und
2078 595 91 32 aller
2210 595 208 43 möglichen
2456 597 310 36 instrumentalen
2794 598 125 35 Mittel
2953 601 39 32 in
3034 600 64 34 der
3128 600 98 45 Oper

1715 655 80 33 eine
1823 656 160 43 gewisse
2014 655 223 44 Steigerung
2265 656 75 33 und
2369 656 190 46 Wirkung
2596 657 104 35 nicht
2728 659 292 47 abzusprechen,
3064 673 77 23 was
3165 663 36 43 je-

1716 713 92 35 doch
1837 715 60 35 bei
1925 716 121 33 seiner
2073 715 254 45 Bearbeitung
2354 717 58 32 für
2429 715 149 35 Ciavier
2605 717 115 34 kaum
2741 730 84 21 zum
2844 720 204 35 Ausdruck
3070 722 158 38 kommt*

1716 774 59 33 Sie
1804 774 49 33 ist
1881 775 59 34 für
1969 774 67 33 den
2065 775 202 32 Virtuosen
2294 773 213 44 berechnet,
2552 774 76 34 und
2664 776 55 33 als
2749 777 150 34 solchen
2926 779 190 35 bewährte
3146 780 82 35 sich

1713 833 98 33 Herr
1839 832 160 34 Schulze
2028 833 117 34 durch
2176 833 70 34 den
2274 833 164 45 Vortrag
2466 833 205 37 derselben.
2725 835 109 34 Auch
2875 848 37 22 er
2950 838 87 33 fand
3073 840 149 34 reichen

1713 891 157 42 Beifall;
1899 892 67 33 wir
1996 892 147 33 können
2173 892 88 34 aber
2289 892 70 34 den
2386 892 169 34 Wunsch
2585 892 105 35 nicht
2717 894 289 44 unterdrücken,
3034 897 64 34 ihn
3124 898 105 34 recht

1714 951 89 35 bald
1832 950 146 43 wieder,
2020 950 87 35 aber
2147 951 38 34 in
2213 951 161 34 Werken
2404 962 48 23 zu
2481 951 125 44 hören,
2646 952 141 34 welche
2817 953 83 34 dem
2926 955 299 39 musicalischen,

1713 1022 106 22 wenn
1847 1010 98 34 auch
1973 1010 191 34 kleineren
2193 1011 131 34 Theile
2353 1011 65 35 des
2446 1012 222 35 Publicums
2709 1014 105 33 einen
2853 1014 127 34 reinen
3010 1014 144 37 Genuss
3183 1026 46 23 zu

1712 1071 200 46 gewähren
1941 1073 201 43 vermögen

1788 1187 306 40 München«
2150 1191 78 34 Das
2268 1190 230 36 Abendblatt
2538 1202 68 24 zur
2643 1192 131 34 Neuen
2802 1191 228 36 Münchener
3058 1193 161 45 Zeitung

1713 1260 85 23 vom
1826 1248 33 37 9.
1889 1250 33 34 d.
1951 1251 89 35 Mts.
2069 1251 146 34 enthält
2244 1252 105 33 einen
2379 1251 154 35 starken
2562 1252 157 34 Aufsatz
2748 1251 93 35 über
2875 1251 152 34 Liszt'
3040 1263 16 23 s
3096 1264 133 24 neuere

1715 1309 315 45 Compositionen,
2074 1311 62 33 der
2166 1322 47 23 zu
2240 1313 143 33 animos
2413 1311 245 46 geschrieben
2686 1313 61 42 ist,
2790 1323 62 22 um
2881 1312 64 33 ihn
2973 1323 94 34 ganz
3095 1313 110 34 mitzu-

1715 1369 152 35 theilen.
1908 1369 127 34 Allein
2063 1370 55 33 als
2146 1370 203 36 Ausdruck
2378 1371 63 35 der
2470 1372 214 45 Stimmung
2722 1371 65 35 des
2816 1372 169 46 dortigen
3011 1371 220 36 Publicums

1715 1441 120 33 gegen
1877 1430 58 34 die
1973 1429 321 35 Zukunftsmusik
2334 1432 66 33 hat
2440 1443 38 23 er
2518 1432 203 47 allerdings
2764 1433 102 34 seine
2892 1432 234 45 Bedeutung.
3179 1432 50 34 Es

1715 1490 119 33 heisst
1861 1492 111 32 unter
1999 1489 185 34 Anderem
2215 1491 105 34 darin
2336 1503 7 21 :

1793 1550 230 45 „Bezüglich
2053 1550 63 33 der
2143 1561 60 22 am
2220 1550 179 34 Schlüsse
2427 1551 61 34 des
2510 1552 198 34 Coneertes
2726 1552 239 46 producirten
2983 1552 245 46 Festklänge,

1716 1611 100 33 einer
1858 1611 64 34 der
1956 1611 318 45 symphonischen
2315 1611 242 44 Dichtungen
2598 1623 72 22 von
2707 1613 120 33 Franz
2856 1613 116 42 Liszt,
3016 1614 126 34 lassen
3169 1613 60 34 Sie

1717 1670 99 33 mich
1846 1671 182 34 zunächst
2056 1671 65 34 der
2143 1670 196 35 Wahrheit
2367 1673 149 43 gemäss
2545 1672 238 42 constatiren,
2815 1672 87 34 dass
2928 1673 66 34 das
3016 1673 105 46 Opus
3149 1684 60 24 ver-

1718 1729 140 33 dienter
1887 1730 124 33 Weise
2040 1729 66 34 das
2136 1729 299 35 entschiedenste
2453 1730 135 34 Fiasco
2611 1730 151 43 erlebte,
2790 1731 122 35 indem
2943 1733 56 33 die
3023 1734 206 44 gesammte

1718 1790 304 42 Zuhörerschaft,
2054 1790 117 34 durch
2201 1790 71 33 den
2301 1801 73 22 von
2402 1790 91 33 zwei
2522 1789 89 35 oder
2639 1790 78 33 drei
2743 1791 98 34 Paar
2857 1792 160 35 Händen
3046 1792 157 35 versuch-

1718 1856 60 29 ten
1806 1851 170 45 Applaus
2017 1863 73 22 nur
2125 1863 64 21 um
2232 1862 40 23 so
2313 1850 103 35 mehr
2453 1851 153 45 gereizt,
2652 1851 119 34 durch
2799 1851 161 35 Zischen
2988 1853 76 34 und
3094 1853 136 34 andere

1717 1911 162 34 Zeichen
1908 1911 63 34 der
2000 1910 235 46 Entrüstung
2261 1911 104 34 ihren
2392 1911 151 34 wahren
2571 1910 243 46 Standpunkt
2854 1912 107 35 kund
3001 1912 87 46 gab.
3138 1913 91 34 Was

1717 1971 92 35 über
1837 1971 69 34 den
1935 1971 173 45 Orpheus
2150 1971 64 34 des
2243 1971 203 33 seltsamen
2474 1970 141 35 Autors
2642 1972 39 32 in
2710 1973 62 35 Nr.
2802 1970 72 37 299
2905 1973 64 34 des
3002 1972 206 36 Abendblat-

1718 2034 54 31 tes
1802 2043 73 22 von
1905 2030 97 37 1858
2041 2034 135 43 gesagt
2216 2032 63 44 ist,
2321 2030 78 34 und
2439 2042 78 23 was
2554 2032 38 33 in
2620 2031 295 37 vollkommener
2941 2032 268 36 Uebereinstim-

1718 2102 114 34 mung
1860 2091 148 36 hiermit
2035 2102 67 22 vor
2130 2091 147 43 einigen
2306 2090 166 34 Wochen
2502 2091 59 34 die
2589 2091 143 35 Graner
2759 2092 211 35 Festmesse
2999 2094 131 43 zeigte,
3162 2093 67 34 das

1719 2150 120 35 haben
1869 2150 98 34 auch
1997 2150 58 33 die
2084 2149 230 45 Festklänge
2355 2160 47 22 zu
2436 2149 104 33 nicht
2568 2150 191 45 geringem
2785 2151 141 35 Horror
2961 2152 271 45 unschuldiger

1718 2211 75 33 und
1823 2211 202 35 harmloser
2052 2210 345 35 Concertbesucher
2424 2209 244 46 geofFenbart.

1715 2283 71 22 nen
1814 2272 130 44 zeigen
1970 2270 123 34 nichts
2124 2270 55 34 als
2206 2271 78 33 eine
2308 2270 223 34 neber-und
2546 2270 254 46 krampfhafte
2815 2272 276 46 Anstrengung,
3114 2274 115 34 etwas

1715 2342 95 34 ganz
1840 2331 262 35 absonderlich
2131 2329 251 35 Geistreiches
2412 2341 46 23 zu
2488 2341 135 35 sagen;
2667 2331 52 33 sie
2747 2331 125 35 lassen
2915 2331 61 36 bei
3020 2332 64 34 der
3112 2343 94 23 unzu-

1713 2390 224 37 reichenden
1966 2391 351 34 Produetionskraft
2345 2390 136 35 Liszt's
2519 2391 256 34 fortwährend
2802 2391 70 35 den
2900 2392 195 34 Eindruck
3125 2392 100 35 einer

1713 2450 151 35 inneren
1893 2451 389 45 Lebensunfähigkeit
2310 2451 155 36 zurück.
2517 2451 80 34 Wir
2624 2451 82 34 sind
2733 2451 219 46 überzeugt,
2990 2451 86 35 dass
3104 2451 122 35 nichts

1715 2511 63 34 der
1804 2510 296 38 musicalischen
2127 2512 298 43 Donquixoterie
2467 2510 185 35 schneller
2688 2511 76 34 und
2792 2512 219 34 wirksamer
3039 2515 68 32 den
3135 2512 69 35 Gar-

1713 2582 68 22 aus
1811 2571 156 33 machen
1996 2572 152 41 könnte,
2179 2571 56 34 als
2264 2571 57 33 die
2349 2571 139 33 nähere
2507 2571 298 34 Bekanntschaft
2833 2572 62 34 des
2911 2572 222 34 Publicums
3161 2572 68 35 mit

1714 2630 127 34 diesen
1870 2630 190 35 Geburten
2087 2632 101 32 einer
2216 2631 68 32 auf
2308 2630 58 34 die
2389 2630 126 34 Folter
2538 2634 231 42 gespannten
2786 2631 208 46 Erfindung
3011 2632 77 35 und
3106 2631 97 35 Phan-

1713 2691 106 33 tasie.
1865 2689 81 35 Von
1989 2689 69 35 den
2087 2715 23 19 ~
2121 2690 295 43 „Emanationen
2455 2691 100 33 einer
2595 2690 289 35 überirdischen

1713 2753 51 34 ist
1789 2750 39 33 in
1856 2749 257 45 glücklichere
2142 2749 77 34 und
2248 2750 179 34 schönere
2454 2749 201 46 Gegenden
2695 2750 59 35 bis
2787 2751 95 44 jetzt
2907 2751 95 34 noch
3032 2751 85 34 kein
3146 2752 81 34 Ton

1714 2809 231 47 gedrungen,
1988 2809 78 35 und
2095 2810 80 35 dort
2206 2811 50 33 ist
2291 2822 38 22 es
2359 2809 91 35 eben
2479 2809 73 47 (wo
2579 2811 96 34 noch
2703 2811 66 34 mit
2795 2810 184 35 Aussicht
3006 2812 71 34 auf
3097 2811 130 46 Erfolg

1715 2870 211 45 geschehen
1953 2870 113 44 kann,
2109 2882 75 23 was
2212 2870 110 35 Riehl
2364 2870 225 35 vortrefflich
2618 2870 252 47 gelegentlich
2899 2873 100 36 eines
3027 2872 200 35 Aufsatzes

1715 2931 94 35 über
1835 2931 36 35 W
1872 2932 10 9 T
1886 2931 86 35 eber
2013 2933 37 33 in
2094 2931 63 35 der
2199 2930 207 37 deutschen
2434 2931 406 45 Vierteljahresschrift
2879 2933 50 33 im
2969 2931 257 47 Vorbeigehen

1716 2990 191 47 berührte)
1924 3012 61 25 —,
2015 2992 81 34 dort
2124 2993 52 33 ist
2213 3003 48 31 es,
2298 3003 58 22 wo
2385 3017 20 18 „
2421 2990 129 44 „Liszt
2578 2992 77 35 und
2683 2991 204 36 Consoi-ten
2914 2993 68 34 mit
3008 2992 81 34 dem
3103 2992 128 34 Buche

1714 3053 78 34 und
1821 3053 63 35 der
1900 3054 161 44 Zeitung
2088 3053 36 33 in
2154 3052 64 34 der
2246 3053 113 33 Hand
2385 3052 70 34 den
2484 3052 244 36 Concertsaal
2755 3065 47 22 zu
2831 3053 152 35 erobern

1715 3112 131 35 Indess
1875 3114 112 45 greift
2016 3124 37 23 es
2083 3112 58 33 die
2169 3112 180 45 leipziger
2377 3112 309 46 Musik-Zeitung
2714 3114 66 34 mit
2806 3112 105 35 ihren
2928 3111 273 35 Verhimmelun-

1717 3185 69 34 gen
1815 3173 136 35 Liszt's
1979 3173 128 45 plump
2135 3184 126 34 genug
2289 3183 57 23 an.
2400 3173 42 33 In
2483 3173 100 33 einer
2619 3172 100 34 ihrer
2742 3173 141 33 letzten
2910 3173 205 35 Nummern
3143 3176 84 42 sagt

1715 3235 53 33 sie
1796 3245 30 23 z.
1858 3234 38 35 B.
1927 3233 91 35 über
2045 3234 79 33 eine
2155 3232 62 33 der
2245 3231 317 45 symphonischen
2590 3231 254 47 Dichtungen,
2875 3232 68 35 den
2967 3232 256 44 Prometheus,

1715 3297 110 31 unter
1852 3293 208 35 Anderem:
2103 3293 103 42 „„Es
2242 3291 82 34 sind
2361 3292 215 45 tiefsinnige
2621 3292 253 45 symbolische
2902 3293 142 45 Worte,
3086 3292 141 35 welche

1715 3353 63 34 des
1806 3353 245 36 Prometheus
2080 3352 181 34 irdisches
2279 3351 94 34 Leid
2401 3352 50 33 im
2479 3352 217 35 verklärten
2714 3352 141 35 Glänze
2878 3354 123 33 seiner
3018 3352 209 47 Apotheose

1713 3413 55 34 als
1800 3413 73 34 den
1904 3411 185 47 Triumph
2119 3411 62 35 der
2209 3411 318 34 Menschlichkeit
2553 3413 161 44 preisen.
2764 3412 154 34 Welche
2945 3412 110 35 Fülle
3081 3413 62 33 der
3171 3424 35 22 er-

1713 3472 251 46 greifendsten
1991 3472 223 45 Klagetöne,
2245 3471 63 34 der
2336 3472 232 46 wonnigsten
2598 3472 262 45 Freudelaute,
2888 3473 161 34 welcher
3076 3471 127 37 bacchi-

1713 3532 89 36 sche
1826 3532 116 34 Jubel
1969 3531 77 34 und
2074 3531 317 46 Freiheitsdrang,
2433 3531 141 35 welche
2616 3532 330 34 schwärmerische
2982 3531 221 44 Naturbegei-

1713 3598 165 40 sterung,
1917 3592 76 34 und
2021 3591 136 36 wieder
2185 3592 139 35 welche
2353 3592 193 35 feierliche
2573 3592 254 36 Erhabenheit
2855 3592 73 33 und
2956 3591 210 45 Majestät!'
3173 3593 7 17 4
3197 3589 23 19 u

1711 3655 81 33 Auf
1816 3652 195 36 derselben
2040 3652 100 34 Seite
2178 3651 81 35 hält
2301 3651 90 35 aber
2434 3652 66 34 das
2538 3652 180 46 leipziger
2745 3653 102 34 Blatt
2875 3653 104 33 einen
3006 3663 95 34 ganz
3130 3651 69 35 ähn-

1710 3714 76 34 lich
1814 3712 229 35 verzückten
2070 3712 75 34 und
2174 3712 301 34 visionenhaften
2502 3712 264 46 Panegyrikus
2795 3712 91 35 über
2909 3738 22 18 ~
2943 3711 261 47 ~Reminiscenz-

1711 3785 66 23 en
1806 3785 67 23 aus
1900 3772 182 43 Verdi'"",
2119 3772 142 35 welche
2289 3773 106 33 Liszt
2434 3774 38 32 in
2500 3773 101 34 einer
2629 3772 163 34 schönen
2820 3770 141 35 Stunde
2989 3772 60 33 für
3077 3770 149 36 Ciavier

1713 3860 21 20 ~
2253 3833 86 34 fällt
2367 3833 63 35 der
2768 3831 191 35 bisweilen
2995 3832 98 33 auch
3130 3832 95 44 jetzt

1710 3893 97 35 noch
1836 3895 37 31 in
1896 3893 85 44 jene
2003 3892 213 34 Ohnmacht
2245 3893 156 44 zurück,
2440 3893 75 34 und
2552 3893 57 33 die
2637 3893 103 34 Neue
2766 3890 218 36 Zeitschrift
3010 3893 60 34 für
3098 3892 128 34 Musik

1712 3955 96 34 setzt
1836 3952 128 35 solche
1985 3951 186 35 Producte
2200 3951 70 35 den
2294 3952 219 45 „„Werken
2543 3952 63 34 der
2632 3962 119 24 neuen
2948 3951 145 45 äqual?
3121 3951 106 35 Doch

1712 4013 145 47 genug!
1912 4015 44 33 In
1984 4012 190 34 München
2218 4012 91 34 wird
2352 4023 83 23 man
2479 4010 80 36 sich
2598 4010 97 35 nach
2735 4009 64 36 der
2832 4010 284 35 schrecklichen
3149 4009 77 36 und

1714 4072 288 37 schauervollen
2030 4073 108 34 Trias
2153 4084 7 22 :
2190 4071 180 46 Orpheus,
2398 4073 210 34 Festmesse
2638 4070 75 36 und
2739 4070 243 46 Festklänge,
3008 4070 59 36 bei
3101 4069 123 46 jedem
