3982 3665
368 78 284 39 POESIA

650 256 731 114 GUSTAVE
1482 264 445 109 KAHN
2023 269 427 142 glorifié
2534 309 203 104 par
2821 276 104 110 la
3027 276 437 117 France.

507 506 71 46 Le
615 520 394 48 gouvernement
1053 511 222 57 francais,
1335 515 409 50 admirablement
1800 518 183 62 inspiré

363 594 88 44 par
488 577 47 47 la
572 577 148 47 haute
760 579 311 64 intelligence
1110 584 61 45 de
1209 601 89 30 son
1338 586 114 47 chef
1489 587 226 65 Georges
1762 587 191 49 Clémen-

362 664 136 39 ceau,
539 647 134 47 vient
713 648 61 47 de
814 666 223 32 nommer
1076 653 244 49 chevalier
1359 657 61 46 de
1458 657 46 46 la
1545 660 189 61 Légion
1773 657 46 49 d'
1847 660 101 47 Hon-

365 735 120 29 neur
543 728 139 37 notre
737 718 220 50 éminent
1012 723 362 50 collaborateur
1432 728 220 49 Gustave
1716 731 164 56 Kahn,
1938 732 45 46 le

362 789 160 63 grand
562 788 146 62 poète
744 792 65 46 du
856 788 149 55 Conte
1725 794 56 46 de
1909 794 32 47 l'
1687 812 49 36 et
1757 803 87 46 des

363 860 98 46 lais
498 860 226 46 nomcides
729 900 8 16 ,
779 862 44 45 le
863 866 273 45 romancier
1172 866 268 49 émouvant
1477 872 62 46 de
1579 869 277 50 XAdultere
1885 891 75 28 sen-

371 932 234 55 timental,
638 932 44 47 le
719 944 174 37 savant
930 935 206 63 critique
1161 937 130 48 d'art
1316 952 48 34 et
1390 942 44 45 le
1462 942 196 48 brillant
1675 944 306 63 journaliste.

508 1003 144 47 Cette
689 1003 311 64 désignation
1039 1024 252 32 couronne
1329 1013 128 46 enfin
1490 1014 286 62 dignement
1814 1014 147 48 l'ener-

362 1074 83 63 gie
482 1074 289 62 infatigable
808 1076 62 46 de
908 1088 76 37 cet
1020 1076 212 50 écrivain
1260 1081 62 46 de
1358 1084 159 61 genie,
1560 1087 81 61 qui
1679 1085 145 64 aprés
1851 1088 135 46 avoir

365 1144 341 48 révolutionné
744 1145 46 47 la
831 1146 165 62 poésie
1037 1149 237 49 francaise
1313 1169 88 45 par
1438 1155 47 46 la
1534 1155 215 47 création
1801 1160 154 60 magni-

365 1216 132 61 fique
536 1216 64 46 du
638 1233 114 30 vers
790 1216 136 64 libre,
968 1220 126 46 dont
1133 1221 29 46 il
1203 1240 28 28 a
1269 1222 165 49 donné
1472 1225 88 47 des
1604 1228 249 63 exemples
1908 1228 52 48 vé-

363 1287 229 47 hements
629 1297 48 37 et
714 1300 297 51 somptueux
1049 1291 123 48 dans
1209 1310 80 31 ses
1959 1316 27 30 a

366 1374 116 30 sans
518 1374 135 30 cesse
690 1360 267 58 combattu,
997 1379 84 29 sur
1119 1362 70 47 les
1216 1365 146 47 hauts
1390 1366 231 61 plateaux
1646 1368 61 47 de
1734 1370 44 45 la
1806 1377 182 54 pensée

365 1428 249 56 humaine,
656 1446 124 47 pour
818 1448 66 30 un
924 1448 156 47 rouge
1120 1433 125 49 idéal
1285 1436 61 46 de
1385 1437 177 48 beauté
1600 1440 122 47 libre
1760 1451 50 36 et
1852 1459 134 44 pure.

513 1501 40 45 L
576 1517 63 29 on
680 1512 118 51 peut
836 1502 216 48 affirmer
1090 1522 96 46 que
1226 1506 180 48 durant
1443 1509 141 64 vingt
1611 1527 90 29 ans
1726 1512 61 47 de
1814 1512 174 47 travail

366 1569 229 56 acharné,
625 1570 45 47 le
696 1588 207 32 cerveau
944 1574 310 50 intarissable
1280 1578 61 46 de
1371 1578 221 48 Gustave
1619 1581 148 47 Kahn
1792 1598 29 31 a
1847 1582 141 47 versé

366 1659 29 30 a
435 1652 188 37 travers
659 1643 70 47 les
753 1644 234 48 colonnes
1014 1647 87 47 des
1127 1649 188 61 grands
1343 1650 283 61 quotidiens
1656 1663 49 36 et
1731 1653 87 47 des
1840 1669 116 46 gran-

366 1713 86 47 des
490 1729 191 45 revues,
723 1715 87 46 des
850 1727 214 36 torrents
1103 1719 45 44 d'
1175 1719 132 47 idées
1348 1722 251 47 nouvelles
1633 1733 50 37 et
1731 1722 258 66 d'images

369 1783 320 64 fulgurantes,
730 1786 122 46 dont
896 1785 409 52 l'intellectualité
1354 1791 316 63 européenne
1725 1791 121 50 s'est
1901 1796 66 46 lar-

367 1865 202 52 gement
611 1855 262 62 illuminée,
913 1857 245 50 abreuvée
1197 1871 49 36 et
1285 1863 215 48 nourrie.

511 1926 73 47 La
624 1927 206 63 France,
870 1945 61 31 en
970 1930 248 48 honorant
1255 1949 55 30 ce
1346 1935 163 61 grand
1546 1936 150 61 esprit
1735 1946 251 46 novateur,

370 1996 79 47 n'a
492 1997 128 47 donc
661 1997 85 48 fait
783 2015 96 46 que
917 2000 184 48 ratifier
1150 2000 330 52 l'admiration
1537 2015 49 35 et
1641 2005 46 47 la
1741 2006 248 64 gratitude

369 2066 118 64 qu'il
526 2068 131 47 avait
694 2068 113 65 déjà
843 2073 263 61 conquises
1143 2073 125 47 dans
1306 2085 112 35 tous
1456 2075 69 48 les
1564 2076 252 49 domaines
1856 2078 62 46 de
1943 2077 47 47 la

369 2137 199 63 pensée,
610 2138 61 48 de
709 2138 198 50 l'action
946 2153 51 36 et
1033 2143 63 47 du
1137 2142 127 49 rève.

504 2208 256 51 L'illustre
798 2212 242 49 directeur
1077 2216 65 45 du
1471 2218 68 48 M.
1571 2218 64 48 A.
1666 2217 228 57 Périvier,
1924 2219 44 47 in-

367 2280 275 64 terprétant
680 2283 70 47 les
788 2285 293 47 sentiments
1108 2287 61 45 de
1197 2297 110 37 tous
1345 2287 73 47 les
1448 2288 221 47 cénacles
1707 2299 48 37 et
1792 2289 62 47 de
1880 2301 110 36 tous

369 2351 71 47 les
476 2351 183 47 cercles
697 2353 258 48 littéraires
992 2357 62 47 de
1096 2357 150 54 Paris,
1289 2358 173 46 voulut
1501 2360 198 46 convier
1749 2377 61 29 en
1865 2371 125 36 cette

370 2423 226 47 occasion
635 2423 70 48 les
744 2425 370 48 innombrables
1151 2429 326 47 admirateurs
1522 2430 64 46 du
1644 2429 146 62 poète
1839 2433 29 44 à
1924 2449 66 29 un

369 2495 219 62 banquet
626 2495 221 48 solennel
887 2498 61 47 de
984 2498 327 64 glorification
1350 2511 50 36 et
1426 2501 63 46 de
1510 2500 253 48 solidarité
1790 2503 174 47 enthou-

369 2567 161 49 siaste.

511 2637 155 47 Etant
703 2637 166 48 donné
910 2638 45 47 le
995 2640 205 47 nombre
1226 2641 246 47 vraiment
1496 2642 388 49 extraordinaire
1904 2644 88 47 des

369 2706 264 49 adhésions
671 2725 275 47 parvenues
983 2726 62 31 au
1095 2711 93 47 Gii
1219 2711 127 48 Blas
1382 2712 70 47 les
1489 2715 369 61 organisateurs
1908 2715 56 45 du-

370 2788 109 37 rent
517 2779 180 47 retenir
734 2796 125 46 pour
896 2797 55 31 ce
978 2781 222 63 banquet
1226 2781 44 48 la
1297 2783 192 62 grande
1515 2783 121 47 salle
1664 2785 86 45 des
1777 2782 121 50 fètes
1926 2786 63 46 du

372 2851 160 47 Palais
569 2848 233 65 d'Orsay.

512 2920 146 47 Cette
696 2920 118 49 salle
854 2922 238 48 immense
1129 2934 51 36 et
1202 2924 302 62 magnifique
1525 2936 211 52 apparut
1755 2926 233 55 comblée,

369 2990 350 50 littéralement
757 2994 62 46 de
859 3003 161 38 toutes
1049 2994 71 47 les
1147 2995 361 63 personnalités
1546 2997 44 47 le
1628 2997 111 62 plus
1778 2997 212 48 illustres

370 3064 66 46 du
476 3063 181 47 monde
695 3060 232 51 littéraire
965 3074 50 37 et
1052 3065 239 64 politique
1327 3066 63 46 de
1432 3066 45 47 la
1518 3068 237 62 Capitale.

512 3135 47 46 A
598 3134 46 47 la
683 3134 64 47 fin
788 3135 64 46 du
892 3134 151 56 diner,
1084 3135 45 48 le
1166 3136 147 63 poète
1340 3136 178 49 Albert
1546 3138 270 57 Saint-Poi,
1847 3139 143 62 après

369 3220 97 32 une
504 3204 228 48 brillante
770 3205 282 56 allocution,
1087 3206 73 47 lut
1211 3207 69 47 les
1327 3207 169 49 lettres
1533 3219 50 37 et
1626 3210 68 47 les
1752 3209 240 63 dépèches

371 3293 273 45 parvenues
681 3277 61 46 de
780 3277 46 47 la
863 3280 232 61 province
1134 3289 49 37 et
1221 3280 62 47 de
1307 3279 282 64 Tétranger
1628 3299 60 30 en
1729 3282 263 64 hommage

370 3348 28 46 à
456 3347 220 47 Gustave
747 3348 161 49 Kahn.
970 3348 133 49 Elles
1157 3351 186 47 étaient
1398 3351 388 61 innombrables,
1832 3364 48 36 et
1936 3370 53 32 ce

2128 537 59 29 ne
2238 520 71 46 fut
2355 537 97 47 que
2496 520 98 49 trés
2632 523 109 46 tard
2779 539 95 46 que
2923 524 68 50 M.
3043 526 59 49 A.
3149 524 221 51 Périvier
3424 531 97 58 prit
3579 531 47 47 la
3663 550 53 44 pa-

2126 592 103 47 role
2285 608 61 29 au
2405 608 114 31 nom
2575 593 65 46 du
3280 593 91 47 Gii
3565 594 140 50 Blas.
3052 595 102 47 Son
3212 598 235 62 éloquent
3502 599 241 57 discours,

2126 673 108 35 tout
2270 660 240 64 crépitant
2548 661 206 65 d'esprit
2791 675 50 35 et
2882 666 164 46 nourri
3085 666 61 47 de
3187 668 151 47 fortes
3379 666 151 59 idées,
3572 669 71 48 fut
3680 687 63 29 un

2125 734 104 46 vrai
2267 733 275 62 dityrambe
2581 752 61 31 en
2683 735 263 48 l'honneur
2981 738 65 45 du
3085 736 146 63 poète
3269 749 49 37 et
3357 739 70 47 fut
3464 739 156 63 coupé
3659 740 66 47 fre-

2126 816 287 51 quemment
2450 821 90 47 par
2577 806 88 47 des
2704 807 478 63 applaudissements
3219 810 373 50 enthousiastes.

2271 877 68 47 M.
2383 877 194 47 Catulle
2618 879 209 47 Mendés
2866 880 227 61 répandit
3131 882 188 46 ensuite
3339 899 84 29 sur
3442 880 306 49 l'assistance

2128 946 45 47 la
2210 946 162 63 gaieté
2411 947 274 48 lumineuse
2723 961 50 36 et
2810 950 296 63 chatoyante
3144 952 62 47 de
3244 970 53 30 sa
3334 970 164 44 verve,
3523 971 124 46 pour
3673 952 48 50 ré-

2129 1035 166 29 sumer
2332 1018 382 63 glorieusement
2751 1031 108 37 tout
2897 1022 44 47 le
2979 1035 317 35 mouvement
3344 1023 232 65 poétique
3630 1042 87 31 con-

2129 1091 290 59 temporain.
2463 1089 37 47 Il
2538 1091 193 62 évoqua
2768 1108 118 32 avec
2925 1111 96 29 une
3059 1092 285 49 délicatesse
3382 1097 285 47 charmante
3697 1106 50 37 et

2129 1159 296 47 affectueuse
2464 1161 69 47 les
2573 1161 223 47 Samedis
2824 1164 290 63 populaires
3151 1166 63 45 de
3259 1166 158 47 Sarah
3466 1167 281 47 Bernhardt

2129 1239 48 36 et
2214 1230 61 46 de
2313 1228 230 63 l'Odeon,
2594 1252 21 27 «
2638 1232 62 47 où
2739 1249 123 31 vous
2901 1246 48 35 et
2989 1235 96 47 moi
3112 1265 65 5 —
3205 1235 120 49 dit-il
3353 1253 60 31 en
3447 1237 301 49 s'adressant

2128 1300 30 46 à
2196 1301 224 47 Gustave
2459 1300 151 52 Kahn
2653 1333 63 8 —
2755 1322 154 30 avons
2949 1307 83 47 fait
3088 1324 170 31 oeuvre
3314 1326 259 30 commune
3622 1326 126 48 pour

2128 1371 44 46 le
2210 1373 244 61 triomphe
2491 1375 254 62 populaire
2783 1376 61 47 de
2881 1376 47 49 la
2967 1376 220 64 multiple
3225 1389 50 37 et
3311 1379 235 49 éternelle
3578 1380 170 64 poésie

2130 1441 62 47 de
2232 1442 201 49 France.
2459 1462 23 26 »

2274 1515 303 62 Emergeant
2615 1516 129 47 enfin
2784 1516 113 47 hors
2928 1519 63 45 du
3032 1519 251 48 brouhaha
3339 1521 46 46 d'
3408 1521 312 62 applaudisse-

2132 1595 160 35 ments
2331 1583 314 65 frénétiques,
2687 1587 43 47 le
2769 1590 192 59 peintre
3001 1590 227 47 Raffaelli
3266 1592 137 61 parla
3424 1594 60 45 de
3523 1594 226 47 Gustave

2133 1655 147 45 Kahn
2319 1656 205 61 critique
2561 1655 139 57 d'art,
2742 1675 60 29 en
2841 1657 171 48 louant
3051 1677 62 30 un
3154 1661 61 49 de
3254 1677 79 32 ses
3370 1662 145 48 livres
3551 1663 165 47 immor-

2132 1726 92 47 tels
2242 1745 9 29 :
2292 1723 27 48 1'
2532 1724 282 66 Esthètique
3168 1728 56 46 de
3352 1729 51 45 la
3527 1746 104 30 rue.

2275 1797 70 46 Le
2383 1797 149 62 poète
2572 1798 285 48 Ferdinand
2897 1799 191 49 Hérold
3126 1818 51 31 se
3233 1802 108 48 leva
3379 1804 189 46 ensuite
3624 1820 125 45 pour

2132 1864 217 64 évoquer
2379 1884 64 30 on
2483 1884 60 31 ne
2581 1881 118 50 peut
2736 1869 111 62 plus
2885 1870 329 50 brillamment
3250 1873 70 47 les
3357 1884 169 54 gestes
3553 1874 196 47 fameux

2132 1948 50 35 et
2219 1938 70 47 les
2321 1939 139 62 jours
2499 1940 259 63 héroi'ques
2796 1942 87 47 des
2930 1961 21 26 «
2962 1949 86 57 pei
3050 1944 61 46 ile
3112 1962 23 29 s
3160 1961 169 30 revues
3351 1964 45 37 >,
3426 1945 325 49 mémorables

2133 2008 122 47 dans
2293 2006 246 51 l'histoire
2576 2011 64 45 du
2679 2024 316 34 mouvement
3032 2014 298 62 symboliste.

2276 2080 80 46 M.'
2361 2085 32 18 ne
2433 2081 132 47 Vera
2605 2081 224 49 Starkoff
2860 2084 70 46 dit
2968 2095 108 36 tout
3113 2103 54 29 ce
3205 2103 96 46 que
3339 2086 46 47 le
3436 2086 143 63 poète
3617 2088 134 48 avait

2135 2149 84 47 fait
2257 2166 123 45 pour
2422 2149 204 49 l'oeuvre
2674 2152 87 47 des
2815 2154 310 48 Universités
3177 2156 302 62 Populaires,
3536 2168 51 36 et
3634 2157 28 47 1'
3686 2175 62 31 en

2133 2221 247 48 remercia.
2434 2222 113 47 Puis
2595 2224 66 48 M.
2709 2224 237 48 Alcanter
2996 2226 61 47 de
3116 2226 179 48 Brahm
3337 2227 137 63 parla
3523 2245 63 31 au
3634 2246 115 31 nom

2134 2291 61 47 de
2234 2291 46 46 la
2318 2291 195 48 Société
2552 2293 85 47 des
2678 2295 177 47 Poètes
2914 2295 230 49 Francais
3167 2315 7 37 ;
3236 2298 69 50 M.
3343 2298 131 47 Abel
3513 2301 236 47 Bonnard

2134 2378 61 30 au
2236 2378 115 31 nom
2389 2363 61 46 de
2488 2380 121 30 ceux
2646 2366 98 62 qui,
2787 2368 200 59 n'ayant
3024 2367 139 62 point
3200 2386 62 28 en
3309 2380 77 37 art
3440 2370 71 48 les
3565 2370 186 49 mèmes

2134 2433 212 47 theories
2383 2451 96 46 que
2520 2436 220 48 Gustave
2791 2434 169 63 Kahn,
3017 2437 279 49 l'admirent
3352 2442 231 48 toutefois
3626 2460 126 45 pour

2135 2521 90 29 son
2262 2503 148 63 génie
2448 2505 321 58 multiforme;
2812 2509 69 46 M.
2911 2509 473 50 Toucas-Massillon
3415 2530 61 29 au
3513 2530 115 31 nom
3664 2514 88 47 des

2128 2574 200 64 jeunes;
2361 2575 68 49 M.
2454 2577 165 47 Pierre
2648 2574 152 52 Kahn
2827 2596 61 29 au
2918 2596 114 31 nom
3059 2580 61 47 de
3146 2580 46 49 la
3220 2582 182 48 famille
3421 2601 8 38 ;
3459 2583 70 51 M.
3553 2583 198 49 Coulon

2135 2662 61 29 au
2227 2662 113 29 nom
2379 2646 64 46 du
2483 2648 223 47 ministre
2742 2650 202 47 Briand.

2278 2716 223 49 Gustave
2565 2719 146 47 Kahn
2775 2721 233 47 remercia
3069 2721 185 49 chacun
3313 2724 62 47 de
3428 2740 80 32 ses
3563 2726 190 47 bonnes

2135 2785 195 63 paroles
2366 2798 50 36 et
2452 2798 111 38 tous
2601 2790 61 47 de
2699 2790 107 47 leur
2843 2799 236 56 présence
3098 2810 8 38 ;
3148 2804 48 37 et
3233 2812 87 29 son
3349 2795 235 57 discours,
3616 2798 140 63 point

2135 2856 223 63 préparé,
2398 2857 98 48 très
2535 2861 218 62 spirituel
2792 2874 48 34 et
2878 2862 254 64 dépourvu
3172 2866 62 45 de
3277 2865 257 65 solennité,
3592 2885 29 31 a
3676 2867 80 50 été

2135 2940 209 35 souvent
2380 2930 304 66 interrompu
2723 2950 89 46 par
2860 2933 70 49 les
2987 2936 479 62 applaudissements
3521 2940 71 48 les
3647 2940 110 63 plus

2138 2999 308 49 chaleureux.

2281 3072 71 46 La
2391 3071 158 49 soirée
2587 3073 119 48 s'est
2745 3074 236 50 terminée
3019 3093 89 46 par
3150 3076 28 48 1'
3201 3078 222 48 audition
3464 3081 61 47 de
3555 3081 201 63 poèmes

2137 3142 407 49 admirablement
2582 3144 245 50 déclamés
2867 3165 87 44 par
3000 3148 69 47 M.
3118 3149 225 47 Rameau
3382 3161 51 35 et
3555 3157 15 19 e
3598 3153 159 47 Marie

2139 3213 238 62 Marcilly,
2420 3215 67 46 M.
2496 3220 41 18 me
2563 3217 271 58 Thomsen,
2864 3219 69 47 M.
2965 3219 214 64 Bourny,
3211 3220 67 50 M.
3283 3226 42 19 me
3353 3222 160 47 Marie
3541 3223 214 57 Mockel,

2140 3284 66 47 M.
2215 3283 37 25 lie
2290 3285 192 51 Sirben.

1971 3483 200 51 2
