3982 3665
3177 71 272 46 POESÌA

1371 361 792 116 AURORE

238 676 69 38 Un
340 688 79 37 coq
454 673 211 40 m'éveille
696 673 23 40 à
752 673 159 40 l'heure
943 671 55 40 où
1030 672 58 39 les
1118 679 144 39 astres,
1296 675 23 35 à
1352 670 122 52 peine

470 744 201 51 pàlissent
705 744 105 39 dans
843 743 147 48 l'azur;

232 829 151 27 encore
415 815 302 48 ensommeillé,
747 816 44 52 je
824 828 151 38 pousse
1009 828 87 25 mes
1129 813 245 51 persiennes

469 887 72 50 qui
575 886 202 51 claquent
808 899 72 26 sur
913 885 37 39 le
982 897 105 27 mur.

241 1052 59 39 La
332 1052 143 46 ferme,
503 1051 38 39 le
567 1051 143 53 jardin
743 1058 39 31 et
815 1050 38 39 le
883 1049 88 40 clos
1002 1057 96 32 sont
1129 1062 152 25 encore

473 1120 259 52 enveloppés
764 1121 52 38 de
849 1120 105 47 nuit,

240 1191 103 40 mais
375 1191 39 39 la
447 1191 93 51 pale
571 1191 120 39 lueur
724 1191 72 51 qui
828 1188 236 53 s'épanche,
1099 1190 140 38 colore

474 1263 40 38 la
546 1262 203 50 margelle
781 1260 103 39 d'un
917 1261 125 49 puits.

242 1430 70 38 Un
345 1427 130 39 fracas
507 1427 53 39 de
591 1427 143 39 sabots
768 1433 142 32 monte
941 1425 105 39 dans
1079 1425 37 38 le
1147 1424 174 47 silence;

478 1512 84 25 une
594 1505 121 43 porte
747 1511 23 25 a
802 1496 85 40 crié
905 1510 10 35 ;

241 1570 36 39 le
310 1569 61 40 fils
404 1569 52 39 de
486 1569 40 38 la
558 1568 176 47 maison,
768 1567 190 40 lanterne
990 1580 51 25 en
1076 1566 125 48 main,
1237 1565 194 39 s'avance

477 1652 125 26 encor
634 1637 82 40 mal
748 1637 161 48 éveillé,

787 1708 10 13 *

242 1813 52 40 et,
329 1804 39 39 la
400 1817 101 26 cour
533 1802 224 47 traversée,
791 1808 116 32 entre
939 1804 23 35 à
993 1797 179 51 l'étable,
1207 1806 41 32 et
1279 1798 139 40 donne

479 1888 46 25 sa
557 1872 214 52 provende
802 1886 54 25 au
889 1868 138 50 bétail,

245 1945 239 52 cependant
515 1957 83 39 que
631 1943 38 39 le
701 1942 158 54 maitre,
893 1955 51 26 en
976 1940 295 53 grommelant,
1305 1936 171 42 tàtonne

481 2028 83 26 aux
595 2014 143 39 barres
770 2013 57 40 du
861 2011 162 52 portail.

247 2183 70 38 Du
349 2179 236 41 brouillard
616 2178 117 51 léger
766 2176 51 40 de
848 2175 151 47 l'aube,
1032 2187 93 26 vers
1158 2188 67 25 ma
1257 2173 155 39 fenétre

484 2258 141 32 monte
660 2262 54 25 un
747 2247 382 52 bourdonnement,

1167 2302 18 12 A

247 2322 328 40 fourmillement
606 2319 160 54 confus,
800 2317 211 52 pulsation
1044 2316 53 39 de
1128 2315 12 39 1
1160 2315 100 39 Etre

482 2406 53 26 au
569 2404 115 27 coeur
717 2389 52 39 de
800 2387 239 49 FElément,

247 2572 82 25 une
364 2570 170 26 rumeur
566 2555 73 52 qui
672 2555 130 53 flotte,
836 2561 41 31 et
907 2551 155 54 s'enfle,
1096 2559 41 31 et
1168 2564 42 26 se
1243 2549 172 52 déplace

483 2640 162 27 comme
678 2639 56 25 un
767 2637 140 38 nuage
939 2637 52 25 au
1024 2629 115 40 vent,

250 2700 52 39 de
336 2712 155 26 neuves
524 2698 125 38 fleurs
682 2696 52 39 de
764 2695 68 40 vie
862 2709 83 25 aux
975 2693 148 40 landes
1156 2692 53 39 de
1240 2691 194 50 l'Espace

484 2767 383 53 épanouissement.

257 2933 111 53 Puis,
402 2932 38 39 le
466 2933 101 51 jour
599 2931 69 52 qui
701 2928 213 47 s'accroìt,
948 2924 170 55 épandu
1152 2938 71 26 sur
1255 2925 38 38 la
1326 2923 150 52 plaine,

489 3003 128 49 glisse
649 3001 104 39 dans
786 3000 60 39 les
878 2997 176 51 vallons,

1985 670 196 44 traquant
2213 661 37 39 le
2283 673 137 37 vague
2453 658 149 40 essaim
2636 657 74 39 des
2743 656 171 40 ombres
2946 655 71 51 qui
3051 654 71 52 s'y
3155 651 181 43 traìnent

2218 746 100 25 avec
2351 739 96 32 tous
2480 744 66 25 ses
2578 742 166 37 rayons.

1987 901 36 38 O
2056 906 172 44 gouttes
2261 897 53 39 de
2348 910 120 26 rosee
2501 909 82 25 aux
2613 894 306 40 chatoiements
2952 892 51 39 de
3038 891 135 51 perles

2223 969 72 51 qui
2329 967 202 40 tremblez
2563 965 103 40 dans
2698 965 58 39 les
2789 962 106 54 prés,

1990 1056 97 25 sous
2120 1041 37 39 la
2192 1042 146 37 brume
2369 1037 141 52 légère
2542 1040 55 36 où
2630 1037 178 39 l'aurore
2841 1036 157 41 déferle

2226 1125 51 25 en
2312 1109 253 41 tourbillons
2589 1108 158 54 nacrés,

1990 1277 25 37 ò
2047 1275 143 39 rideau
2224 1274 256 39 frissonnant
2511 1270 243 52 transpercé
2787 1272 52 38 de
2870 1272 172 38 lumière

2223 1345 75 39 des
2329 1344 154 39 sveltes
2517 1343 220 54 peupliers,

1988 1416 24 40 ò
2045 1416 157 40 fouillis
2234 1415 213 39 miroitant
2479 1414 73 39 des
2580 1415 121 51 joncs
2734 1427 69 26 sur
2834 1414 41 39 la
2907 1414 154 39 rivière

2223 1494 44 32 et
2299 1486 74 38 des
2406 1485 197 39 buissons
2636 1482 205 55 mouillés,

1990 1651 25 40 ò
2049 1649 265 53 pépiements
2346 1649 217 40 d'oiseaux
2595 1649 103 38 dans
2731 1649 57 38 les
2820 1662 194 25 rameaux
3046 1648 26 38 d
3090 1662 127 37 yeuse

2226 1721 181 40 inondés
2440 1721 53 38 de
2525 1719 132 54 soleil,

1993 1794 25 38 ò
2051 1800 117 32 toute
2200 1792 37 38 la
2270 1790 113 40 carté
2414 1790 260 40 frémissante
2706 1797 41 31 et
2773 1790 176 51 joyeuse

2227 1861 71 53 qui
2333 1861 210 40 ruisselles
2575 1861 56 39 du
2667 1861 87 53 del,

1992 2036 41 31 et
2066 2035 93 32 tout
2191 2025 355 41 l'enchantement
2579 2025 52 38 de
2663 2024 158 39 l'heure
2851 2027 56 35 où
2940 2023 38 39 la
3009 2024 161 39 Nature

2231 2096 208 40 s'arrache
2470 2095 53 39 de
2554 2095 39 39 la
2625 2096 104 52 nuit,

1987 2170 43 51 je
2063 2182 105 26 vous
2200 2182 110 25 veux
2341 2167 202 39 absorber
2574 2180 163 26 comme
2766 2166 73 39 des
2872 2165 259 39 nourritures

2227 2239 106 38 dans
2367 2251 99 26 mon
2500 2237 88 40 étre
2620 2234 158 41 ébloui!

2000 2404 52 38 Et
2078 2404 44 52 je
2152 2417 110 25 veux
2294 2416 82 39 que
2408 2416 98 26 mon
2540 2402 137 47 diant,
2711 2402 109 39 enflé
2851 2401 52 40 de
2936 2416 75 25 vos
3042 2402 232 54 cantiques,

2202 2473 165 41 célèbre
2398 2474 38 40 le
2470 2474 129 40 matin

1996 2545 87 51 qui,
2117 2545 98 38 d'un
2247 2545 110 39 voile
2390 2542 100 43 tissé
2524 2559 75 37 par
2630 2545 139 40 l'astre
2801 2544 257 52 magnifique

2221 2629 72 25 sur
2325 2615 39 39 le
2397 2615 148 40 métier
2576 2616 129 54 divin,

1997 2787 211 32 caressant
2241 2787 121 33 notre
2393 2788 125 46 terre,
2554 2780 319 51 imperceptible
2904 2779 126 40 boule

2232 2849 55 40 où
2320 2850 183 51 grouille
2533 2850 118 40 Tètre
2683 2850 187 54 humain,

2002 2922 115 37 séme
2148 2934 56 25 un
2239 2935 81 36 peu
2354 2921 53 39 de
2439 2921 152 40 beauté
2623 2921 105 39 dans
2760 2920 227 49 l'Univers,
3020 2933 82 38 que
3134 2920 117 39 roule

2205 3004 56 27 un
2294 2991 179 50 aveugle
2505 2992 155 40 destin.

2561 3124 189 48 Marie
3014 3122 56 50 et
3185 3122 205 60 Jacques
3389 3122 1 60 Nervat.

1679 3443 225 79 39
