3982 3665
395 71 278 40 POESIA

1523 282 203 97 LE
1848 282 790 98 VERGINI

2608 493 178 40 Fratelli
2811 508 24 26 a
2860 506 59 27 un
2939 499 149 45 tempo
3116 497 157 44 stesso,
3302 491 166 40 Amore
3495 504 22 27 e
3544 489 150 41 Morte

2653 556 213 52 ingenerò
2893 556 40 41 la
2956 563 188 35 sorte....

3327 642 231 53 Leopardi.

455 809 38 39 E
523 822 86 27 ima
640 821 111 36 sera,
785 815 170 34 mentre
987 809 199 41 Beatrice
1218 809 208 40 lavorava
1453 823 84 26 con
1569 809 40 40 la
1640 808 147 40 buona
1819 820 190 27 mamma

399 873 178 40 intorno
614 873 39 40 al
689 873 147 49 telaio,
877 874 309 49 componendo
1224 873 190 41 l'intrico
1454 873 110 40 delle
1602 879 90 34 sete
1727 872 280 48 multicolori,

402 938 74 40 noi
509 937 214 41 uscimmo
759 938 181 40 insieme
969 938 68 39 nel
1072 951 133 37 parco
1240 937 73 51 già
1346 938 132 51 pieno
1514 937 41 39 di
1590 936 169 42 ombra.

457 1002 143 51 Quale
629 1002 173 40 destino
833 1002 37 39 ci
900 1002 147 51 spinse
1062 1002 16 38 ?

454 1067 36 39 Il
522 1066 93 41 sole
645 1079 172 38 appena
847 1079 257 36 scomparso
1135 1066 236 41 all'occaso
1404 1080 137 26 aveva
1572 1065 181 41 lasciato
1784 1065 69 40 nel
1886 1065 123 48 cielo,

402 1133 42 38 in
471 1131 214 40 memoria
711 1131 112 40 della
852 1145 77 26 sua
957 1130 181 49 maestà,
1170 1143 86 27 una
1280 1130 144 51 gloria
1453 1131 43 39 di
1524 1131 94 39 luce
1647 1128 364 52 fiammeggiante

404 1195 79 40 che
518 1195 153 40 faceva
702 1194 223 40 sembrare
962 1194 150 51 gonfie
1149 1194 41 40 di
1226 1206 169 38 sangue
1431 1193 39 40 le
1506 1194 103 40 nubi
1645 1193 156 41 isolate
1837 1192 153 40 nell'az-

405 1272 144 28 zurro.

459 1324 88 40 Noi
578 1323 352 41 camminavamo
961 1322 143 50 vicini,
1140 1334 131 28 senza
1303 1328 200 34 contatto
1521 1336 6 25 :
1564 1321 94 41 anzi
1690 1322 41 40 io
1764 1321 57 39 mi
1852 1326 159 34 tenevo

406 1401 171 37 sempre
611 1400 58 26 un
703 1400 113 37 poco
850 1386 194 40 discosto
1110 1385 54 40 da
1200 1385 78 40 Lei
1306 1398 77 37 per
1416 1386 171 49 poterla
1621 1383 73 52 più
1728 1384 284 40 liberamente

404 1450 233 51 guardare'.
676 1449 164 41 Poiché
875 1449 212 40 salivamo
1124 1449 127 39 l'erta
1285 1448 41 40 di
1362 1462 57 26 un
1450 1448 170 50 piccolo
1655 1448 110 40 colle
1800 1453 215 35 coronato

407 1515 41 40 di
479 1514 194 52 cipressi,
714 1514 97 40 Ella
848 1528 74 26 era
958 1514 118 40 lenta
1111 1513 112 39 nelle
1261 1526 76 27 sue
1376 1526 213 26 movenze
1626 1525 22 26 e
1686 1511 222 40 mutevole
1945 1510 69 39 nei

408 1581 95 39 suoi
538 1578 355 52 atteggiamenti.

462 1644 150 40 Giunti
642 1643 87 41 alla
755 1642 132 41 breve
916 1641 125 49 cima,
1076 1642 34 40 si
1140 1641 136 40 assise
1306 1654 153 37 presso
1485 1653 59 26 un
1573 1650 132 40 cespo
1737 1639 41 40 di
1809 1653 99 26 rose
1936 1637 60 40 sel-

405 1707 186 48 vatiche,
628 1721 129 26 verso
792 1707 27 39 il
851 1705 161 52 pendìo
1047 1705 78 40 che
1158 1705 171 49 guarda
1362 1705 42 40 lo
1440 1703 202 52 specchio
1677 1703 237 51 tranquillo
1950 1702 67 40 del

409 1774 118 50 lago,
567 1773 51 40 ed
655 1773 42 40 io
733 1771 38 40 le
806 1771 157 41 sedetti
1000 1776 198 35 accanto.
1238 1769 103 39 Non
1371 1769 271 50 parlavamo.
1681 1767 172 51 Sapevo
1891 1766 78 40 che
2005 1766 10 38 i

409 1836 156 52 grandi
602 1836 211 40 tramonti
856 1834 226 42 autunnali
1124 1834 40 39 la
1206 1832 211 52 rapivano
1461 1833 43 39 in
1546 1832 211 40 un'estasi
1802 1829 215 52 gaudiosa

408 1900 41 40 di
473 1900 67 40 cui
565 1899 80 41 ella
669 1912 89 27 non
781 1898 189 41 avrebbe
993 1898 85 40 mai
1100 1898 154 39 voluto
1278 1897 159 40 vedere
1461 1896 40 40 la
1526 1896 99 48 fine,
1653 1909 21 26 e
1699 1909 138 26 avevo
1862 1894 157 40 timore

410 1965 41 39 di
482 1978 203 37 rompere
716 1963 322 41 l'incantesimo
1069 1962 110 41 delle
1212 1975 76 28 sue
1321 1961 207 48 illusioni,
1564 1966 146 35 strane
1744 1971 124 28 come
1901 1963 116 34 tutto

409 2029 26 39 il
462 2042 80 27 suo
569 2041 160 27 essere.

463 2093 41 39 A
530 2106 113 36 poco
672 2105 25 26 a
723 2105 113 37 poco
863 2090 188 41 l'ombra
1078 2090 157 48 cadde;
1264 2089 27 40 il
1321 2089 133 41 fuoco
1484 2088 41 39 in
1555 2088 108 40 cielo
1694 2088 33 40 si
1759 2087 95 41 fuse
1882 2100 83 27 con
1994 2086 27 40 il

409 2159 185 40 violétto
627 2171 23 26 e
678 2158 68 39 col
777 2156 164 52 grig*io,
975 2156 58 38 fin
1063 2155 78 41 che
1170 2155 267 39 lentamente
1468 2154 33 39 si
1532 2164 177 39 spense;
1740 2164 125 28 come
1896 2151 39 40 la
1966 2151 40 38 lu-

410 2236 56 27 na
501 2233 90 29 non
628 2234 74 28 era
738 2234 163 27 ancora
938 2232 188 38 apparsa
1162 2218 141 40 dietro
1341 2217 121 40 l'alta
1495 2216 144 41 roccia
1677 2216 66 40 del
1785 2215 115 50 Sina,
1942 2214 60 41 l'o-

413 2286 162 41 scurità
607 2285 185 41 divenne
823 2284 123 51 quasi
979 2281 345 52 impenetrabile.

468 2351 50 40 Io
548 2363 88 27 non
666 2347 169 42 vedevo
865 2347 78 40 che
969 2347 336 39 confusamente
1335 2345 40 38 la
1404 2344 114 40 linea
1549 2343 67 39 del
1649 2354 80 28 suo
1760 2353 136 39 corpo
1922 2354 75 38 pro-

412 2421 97 35 teso
548 2415 43 40 in
630 2411 147 44 avanti
817 2425 125 26 come
982 2411 42 39 in
1064 2422 86 28 una
1183 2408 314 41 ammirazione
1536 2407 127 50 piena
1704 2406 41 39 di
1786 2405 232 49 desiderio,

412 2493 71 27 ma
511 2491 83 27 con
622 2477 40 40 la
689 2476 189 40 fantasia
904 2474 58 40 mi
990 2475 210 39 dilettavo
1230 2488 25 26 a
1283 2472 290 52 immaginare
1602 2472 40 39 la
1669 2484 110 38 posa
1808 2470 111 41 delle
1948 2484 76 26 sue

415 2544 196 40 membra
646 2546 230 46 composte
912 2553 22 26 e
969 2538 311 51 l'espressione
1315 2537 68 40 del
1419 2550 80 27 suo
1529 2537 111 47 viso,
1678 2549 22 26 e
1736 2535 69 39 nei
1842 2533 179 51 giuochi

415 2623 21 25 e
466 2607 119 51 negli
617 2606 180 52 inganni
829 2604 111 41 delle
967 2604 153 40 ombre
1151 2603 27 40 il
1211 2615 144 38 sogno
1388 2602 57 39 mi
1478 2600 231 41 sembrava
1739 2598 151 41 realtà.

467 2672 181 40 Sentivo
672 2683 180 28 nascere
876 2669 42 38 in
943 2681 69 26 me
1037 2665 193 53 (vieppiù
1254 2665 35 40 si
1313 2665 311 41 addensavano
1651 2664 38 40 le
1713 2662 179 41 tenebre
1919 2661 86 41 d'in-

414 2737 152 50 torno)
606 2735 171 42 sentivo
816 2747 180 27 nascere
1034 2733 43 39 in
1115 2745 69 26 me
1222 2730 201 41 un'ansia
1461 2742 162 28 ancora
1662 2728 155 50 ignota
1855 2726 78 41 che
1967 2726 58 40 mi

417 2801 171 52 empiva
615 2801 41 39 di
683 2805 238 46 sgomento
950 2811 22 26 e
999 2797 41 40 di
1066 2797 171 51 piacere
1259 2795 116 40 nello
1403 2801 142 34 stesso
1574 2799 165 44 tempo.
1771 2791 64 40 Mi
1863 2803 161 39 pareva

417 2867 79 40 che
532 2867 69 38 nel
642 2863 179 42 silenzio
861 2863 41 40 di
941 2861 216 51 quell'ora
1197 2860 174 40 fossero
1405 2857 238 48 racchiuse,
1685 2869 126 27 come
1851 2856 45 38 in
1936 2868 87 27 uno

419 2930 193 50 scrigno,
652 2933 114 35 tutte
804 2927 38 39 le
881 2925 198 40 armonie
1113 2923 112 41 della
1263 2928 119 34 terra
1421 2937 21 25 e
1482 2921 78 40 che
1600 2921 239 40 dovessero
1880 2920 53 39 ad
1967 2931 58 27 un

415 2999 137 35 tratto
586 2991 228 52 scoppiare
847 3005 21 26 e
901 2988 205 41 invadere
1139 2987 106 51 ogni
1278 2987 87 40 mio
1400 2999 146 26 senso.
1582 2985 65 39 Mi
1678 2998 161 38 pareva
1871 2982 79 42 che
1983 2997 22 26 o-

420 3059 75 51 gni
528 3071 104 27 cosa
660 3055 255 41 all'intorno
948 3059 261 34 contenesse
1241 3065 58 25 un
1331 3049 206 52 presagio
1573 3062 22 26 e
1628 3048 78 40 che
1739 3061 87 27 una
1858 3046 167 53 grande

417 3136 79 27 ora
525 3121 120 40 fosse
671 3133 77 38 per
776 3131 218 28 scoccare.

471 3186 51 49 E,
556 3186 42 40 in
628 3185 146 48 breve,
808 3197 58 27 un
897 3181 180 42 silenzio
1108 3180 59 40 mi
1196 3193 141 28 venne
1369 3177 367 51 insopportabile;
1769 3175 157 42 l'ansia
1956 3188 50 27 au-

421 3251 149 41 mentò
603 3264 25 26 a
658 3250 60 38 tal
749 3253 139 47 punto
922 3248 54 39 da
1007 3260 88 26 non
1123 3244 249 42 consentire
1404 3257 58 26 un
1494 3243 160 40 istante
1688 3242 41 39 di
1762 3253 106 39 pace
1900 3238 55 41 nè
1986 3238 40 40 al

421 3315 88 40 mio
541 3327 135 37 corpo
703 3312 54 41 nè
788 3312 83 42 alla
901 3311 86 41 mia
1017 3309 159 42 anima.
1210 3307 154 42 Allora
1395 3307 151 51 parlai.

2217 806 142 41 Parlai
2394 807 284 51 lungamente
2711 807 160 42 rivolto
2906 824 24 25 a
2965 809 92 48 Lei,
3093 822 24 25 a
3146 808 78 40 Lei
3259 809 107 47 sola,
3403 805 166 42 benché
3603 805 162 41 tenessi

2166 871 60 51 gli
2257 871 123 39 occhi
2412 871 90 40 fissi
2532 873 69 38 nel
2631 878 137 35 vuoto
2797 886 125 27 come
2952 885 58 27 un
3041 871 105 41 ebro
3179 886 25 26 o
3235 885 58 26 un
3319 884 152 38 pazzo.

2219 934 104 40 Non
2351 934 174 42 ricordo
2556 935 38 40 le
2624 936 83 40 mie
2737 936 165 50 parole.
2934 936 194 40 Ricordo
3156 936 242 40 solamente
3428 934 78 41 che
3537 935 41 41 io
3610 933 154 51 piansi,

2166 1005 79 39 che
2272 1004 98 40 Ella
2397 1005 150 51 pianse
2575 1019 83 26 con
2687 1019 69 27 me
2784 1021 21 26 e
2829 1006 79 40 che
2936 1019 57 27 un
3022 1005 124 41 bacio
3178 1019 179 35 sonoro,
3390 1018 125 27 come
3544 1004 27 39 il
3602 1016 140 39 gorgo-

2166 1068 91 52 glìo
2290 1069 42 40 di
2360 1082 86 27 una
2478 1069 137 49 fonte,
2651 1070 72 40 unì
2756 1071 38 39 le
2826 1075 150 36 nostre
3009 1069 165 49 labbra,
3210 1069 38 41 le
3281 1069 84 39 mie
3393 1068 149 42 labbra
3574 1073 194 35 assetate

2166 1134 43 39 di
2236 1133 91 40 vita
2351 1147 22 26 e
2400 1133 38 40 le
2465 1147 76 27 sue
2566 1133 150 41 labbra
2739 1134 250 40 vivificanti.

2220 1197 194 41 Ricordo
2441 1197 78 40 che
2549 1198 213 40 cercando
2793 1198 113 40 nella
2934 1205 137 42 notte,
3104 1198 42 40 io
3177 1198 188 51 spogliai
3395 1198 38 40 le
3464 1197 106 52 siepi
3600 1197 40 40 di
3666 1192 102 45 tutti

2168 1263 11 38 i
2208 1261 98 41 fiori
2337 1276 23 26 e
2389 1261 42 40 di
2461 1267 112 35 tutte
2605 1262 38 39 le
2669 1262 101 40 erbe
2800 1262 270 41 aromatiche
3102 1262 11 39 i
3144 1263 112 50 prati
3288 1262 195 48 odorosi,
3518 1275 22 26 e
3572 1261 78 41 che
3680 1266 68 35 tor-

2166 1339 178 28 nammo
2371 1326 182 40 insieme
2576 1340 128 28 verso
2731 1326 41 41 la
2796 1341 99 26 casa
2923 1327 207 49 solitaria,
3161 1327 217 40 cantando
3406 1339 124 28 come
3560 1325 207 47 fanciulli,

2168 1390 158 40 carichi
2356 1390 41 40 di
2422 1390 97 40 fiori
2551 1404 21 26 e
2601 1390 114 51 pieni
2746 1390 40 40 di
2816 1390 214 52 profumi;
3061 1391 174 40 ricordo
3266 1390 40 39 la
3337 1390 115 40 festa
3481 1390 112 40 della
3622 1390 148 39 buona

2167 1467 190 27 mamma
2392 1467 22 27 e
2449 1454 40 39 la
2523 1454 120 51 gioia
2678 1454 111 40 della
2824 1454 181 51 vergine
3040 1467 228 37 promessa
3303 1454 175 50 quando
3516 1454 257 40 rivelammo

2169 1520 95 39 loro
2306 1518 26 39 il
2375 1525 178 44 segreto
2597 1518 111 40 della
2749 1525 152 34 nostra
2944 1518 269 50 improvvisa
3248 1517 182 47 unione;
3473 1516 174 41 ricordo
3692 1516 79 40 che

2168 1595 171 38 sempre
2374 1581 194 49 insieme,
2604 1583 335 50 accompagnati
2975 1581 110 40 dalle
3122 1581 273 40 benedizioni
3432 1581 67 40 dei
3539 1580 237 52 famigliari

2171 1647 89 41 lieti
2302 1646 111 41 della
2455 1646 188 49 novella,
2688 1646 233 41 andammo
2959 1646 88 41 fino
3092 1645 109 41 sulla
3243 1644 144 51 soglia
3430 1645 112 40 della
3586 1658 78 26 sua
3706 1658 45 26 ca-

2172 1724 119 27 mera
2311 1732 16 7 -
2352 1711 78 41 che
2459 1711 182 41 sarebbe
2669 1717 114 35 stata
2813 1710 42 40 la
2886 1715 154 35 nostra
3059 1722 172 28 camera
3262 1708 169 41 nuziale
3446 1730 15 6 -
3489 1723 22 25 e
3544 1708 79 40 che
3658 1709 43 39 io
3735 1708 39 39 le

2170 1775 138 51 sparsi
2338 1775 176 40 intorno
2544 1774 243 49 all'alcova,
2822 1774 65 40 sui
2915 1773 179 51 tappeti,
3127 1774 65 39 sui
3222 1773 164 48 mobili,
3419 1778 116 36 tutto
3568 1772 27 40 il
3624 1778 151 35 tesoro

2171 1839 112 40 della
2314 1844 152 35 nostra
2499 1837 204 42 raccolta.

2224 1906 30 33 E
2279 1902 105 50 poi?
2415 1902 73 41 Ha
2513 1901 73 52 più
2611 1902 82 40 luci
2719 1901 176 41 l'anima
2922 1901 116 40 mia?
3070 1901 72 40 Ha
3168 1900 73 50 più
3265 1901 150 50 palpiti
3440 1901 26 39 il
3493 1900 87 40 mio
3608 1899 164 42 cuore?

2174 1968 104 40 Non
2305 1968 34 39 si
2366 1967 134 51 perde
2528 1967 40 39 la
2596 1967 85 39 mia
2706 1966 212 41 memoria
2947 1966 42 39 in
3017 1979 84 27 una
3130 1971 123 33 notte
3278 1963 361 52 impenetrabile?

2225 2030 181 41 Ahimè!
2445 2032 64 40 La
2540 2030 129 42 trovò
2702 2030 40 41 la
2773 2030 182 41 nutrice,
2991 2028 38 41 al
3062 2028 200 44 mattino,
3294 2028 164 40 distesa
3492 2028 107 39 sulle
3631 2026 141 44 coltri,

2174 2108 163 28 ancora
2365 2094 162 52 tiepida
2554 2108 70 26 ma
2655 2094 72 51 già
2757 2100 160 44 troppo
2950 2093 152 40 fredda
3133 2105 75 38 per
3239 2106 118 26 esser
3387 2091 114 40 viva.
3531 2091 36 38 E
3598 2091 176 39 intorno

2175 2160 38 40 le
2241 2166 184 33 stavano
2453 2160 102 39 tutti
2584 2159 11 38 i
2623 2158 97 40 fiori
2750 2173 21 25 e
2799 2164 112 34 tutte
2935 2157 38 40 le
3003 2157 101 39 erbe
3131 2156 78 40 che
3238 2169 134 26 erano
3402 2155 27 40 il
3459 2155 118 40 dono
3607 2154 169 40 nuziale

2172 2223 303 41 dell'autunno
2506 2237 22 25 e
2558 2222 78 41 che
2667 2221 229 41 l'avevano
2927 2221 159 40 uccisa.

2227 2287 191 52 Quando
2452 2287 40 40 la
2521 2286 88 41 vidi
2638 2286 136 41 allora
2805 2286 58 39 mi
2895 2286 169 40 ritornò
3098 2285 84 40 alla
3215 2285 213 39 memoria
3460 2284 39 40 la
3532 2284 139 50 prima
3704 2282 50 40 im-

2175 2353 228 51 pressione
2436 2352 79 40 che
2549 2354 57 38 mi
2640 2365 135 27 aveva
2809 2351 112 40 fatto
2951 2364 184 37 pensare
3168 2350 82 39 alle
3283 2349 82 40 due
3399 2348 171 52 vergini
3600 2348 174 51 greche,

2175 2433 24 25 a
2229 2416 228 41 Polisséna
2488 2416 244 40 sacrificata
2761 2416 38 40 al
2831 2414 239 52 piè-veloce
3102 2414 169 40 Achille
3302 2428 22 26 e
3351 2428 24 26 a
3407 2413 248 41 Cassandra
3685 2426 70 37 per-

2175 2482 259 41 sonificante
2466 2482 40 40 la
2536 2487 221 34 sventura.
2794 2479 66 41 Ed
2895 2478 96 41 ebbi
3026 2478 41 41 la
3098 2478 170 41 visione
3301 2478 67 40 del
3403 2476 172 52 tragico
3605 2476 172 41 destino

2175 2547 169 40 disceso
2375 2546 42 39 di
2447 2546 133 48 stirpe
2610 2545 42 38 in
2682 2544 147 50 stirpe,
2863 2543 41 40 di
2934 2543 205 51 genitura
3168 2542 42 39 in
3240 2540 217 53 genitura,
3492 2548 245 34 attraverso
3770 2540 11 40 i

2177 2611 147 49 secoli,
2360 2611 88 40 fino
2481 2610 84 40 alla
2596 2608 183 51 vergine
2808 2605 377 52 fiammeggiante.

2232 2741 67 41 Fu
2340 2745 230 45 composta
2607 2738 113 40 nella
2764 2750 77 27 sua
2883 2742 122 34 veste
3048 2735 251 51 vermiglia;
3346 2735 46 40 fu
3435 2735 259 39 incoronata
3738 2733 41 40 di

2178 2805 204 41 anèmoni
2410 2803 158 41 cercati
2601 2808 119 35 sotto
2754 2802 26 39 il
2813 2802 98 40 velo
2945 2801 112 40 della
3090 2800 139 51 prima
3261 2799 212 49 nevicata,
3511 2813 22 26 e
3565 2798 103 41 volli
3702 2798 79 40 che

2178 2871 38 39 le
2254 2870 119 40 fosse
2410 2869 181 40 lasciato
2629 2872 204 46 scoperto
2866 2867 26 38 il
2930 2865 129 49 collo,
3098 2870 125 35 tanto
3262 2863 77 40 che
3377 2864 35 39 si
3450 2869 177 45 potesse
3665 2876 94 27 scor-

2180 2949 108 38 gere
2327 2934 41 40 la
2404 2931 169 53 piccola
2613 2931 200 41 cicatrice
2856 2943 128 28 rosea
3026 2929 69 40 nel
3139 2928 191 41 candore
3374 2928 114 40 della
3530 2938 79 29 sua
3652 2940 129 27 carne

2179 2999 179 40 ninfale.

2234 3065 66 40 La
2326 3063 159 41 sorella
2512 3062 148 40 chiuse
2686 3060 114 40 nella
2824 3060 104 40 bara
2955 3059 41 39 di
3024 3057 191 41 cristallo
3245 3057 27 39 il
3300 3070 79 27 suo
3408 3056 170 51 piccolo
3609 3055 141 41 anello
3769 3069 6 26 :

2177 3129 42 40 io
2250 3127 106 41 celai
2385 3126 114 40 nella
2528 3138 78 28 sua
2636 3124 122 40 fossa
2786 3123 40 40 la
2855 3123 87 40 mia
2970 3122 143 40 anima
3140 3121 235 40 ammalata
3404 3119 41 40 di
3476 3119 256 50 giovinezza
3765 3133 21 25 e

2182 3193 291 52 agonizzante
2500 3204 77 39 per
2608 3190 28 40 il
2668 3190 168 40 dolore.

3041 3276 275 48 Umberto
3345 3276 295 48 Francchia.

1990 3461 231 51 46
