<?xml version="1.0" encoding="UTF-8"?>
<alto xmlns:xsi="http://www.w3.org/2001/XMLSchema-instance" xmlns="http://www.loc.gov/standards/alto/ns-v2#" xsi:schemaLocation="http://www.loc.gov/standards/alto/ns-v2# http://www.loc.gov/standards/alto/alto-v2.0.xsd" xmlns:xlink="http://www.w3.org/1999/xlink">
	<Description>
		<MeasurementUnit>mm10</MeasurementUnit>
		<sourceImageInformation>
			<fileName>//fileserver7/IN2/Princeton/Batch3/bmtnaai/1907/10_01/00000026.tif</fileName>
		</sourceImageInformation>
		<OCRProcessing ID="OCRPROCESSING_1">
			<preProcessingStep>
				<processingSoftware>
					<softwareCreator>CCS Content Conversion Specialists GmbH, Germany</softwareCreator>
					<softwareName>CCS docWORKS</softwareName>
					<softwareVersion>6.6-1.18</softwareVersion>
				</processingSoftware>
			</preProcessingStep>
			<ocrProcessingStep>
				<processingSoftware>
					<softwareCreator>ABBYY (BIT Software), Russia</softwareCreator>
					<softwareName>FineReader</softwareName>
					<softwareVersion>10.0</softwareVersion>
				</processingSoftware>
			</ocrProcessingStep>
		</OCRProcessing>
		<OCRProcessing ID="OCRPROCESSING_2">
			<preProcessingStep>
				<processingSoftware>
					<softwareCreator>CCS Content Conversion Specialists GmbH, Germany</softwareCreator>
					<softwareName>CCS docWORKS</softwareName>
					<softwareVersion>6.6-1.18</softwareVersion>
				</processingSoftware>
			</preProcessingStep>
			<ocrProcessingStep>
				<processingSoftware>
					<softwareCreator>ABBYY (BIT Software), Russia</softwareCreator>
					<softwareName>NA</softwareName>
				</processingSoftware>
			</ocrProcessingStep>
		</OCRProcessing>
	</Description>
	<Styles>
		<TextStyle ID="TXT_0" FONTSIZE="16" FONTFAMILY="Times New Roman"/>
		<TextStyle ID="TXT_1" FONTSIZE="17" FONTFAMILY="Times New Roman"/>
		<TextStyle ID="TXT_2" FONTSIZE="16" FONTFAMILY="Times New Roman" FONTSTYLE="italics"/>
		<TextStyle ID="TXT_3" FONTSIZE="12" FONTFAMILY="Times New Roman" FONTSTYLE="bold"/>
		<TextStyle ID="TXT_4" FONTSIZE="15" FONTFAMILY="Times New Roman" FONTSTYLE="bold italics"/>
		<TextStyle ID="TXT_5" FONTSIZE="34" FONTFAMILY="Times New Roman"/>
		<ParagraphStyle ID="PAR_LEFT" ALIGN="Left"/>
		<ParagraphStyle ID="PAR_RIGHT" ALIGN="Right"/>
		<ParagraphStyle ID="PAR_CENTER" ALIGN="Center"/>
	</Styles>
	<Layout>
		<Page ID="P26" PHYSICAL_IMG_NR="26" HEIGHT="3665" WIDTH="3982" PRINTED_IMG_NR="24" PC="0.895">
			<TopMargin ID="P26_TM00001" HPOS="0" VPOS="0" WIDTH="3982" HEIGHT="142">
				<TextBlock ID="P26_TB00001" HPOS="446" VPOS="63" WIDTH="280" HEIGHT="76" STYLEREFS="TXT_0 PAR_LEFT">
					<TextLine ID="P26_TL00001" HPOS="446" VPOS="99" WIDTH="280" HEIGHT="40">
						<String ID="P26_ST00001" HPOS="446" VPOS="99" WIDTH="280" HEIGHT="40" CONTENT="POESIA" WC="0.99" CC="040060"/>
					</TextLine>
				</TextBlock>
			</TopMargin>
			<LeftMargin ID="P26_LM00001" HPOS="0" VPOS="142" WIDTH="446" HEIGHT="3404"/>
			<RightMargin ID="P26_RM00001" HPOS="3843" VPOS="142" WIDTH="139" HEIGHT="3404"/>
			<BottomMargin ID="P26_BM00001" HPOS="0" VPOS="3546" WIDTH="3982" HEIGHT="119"/>
			<PrintSpace ID="P26_PS00001" HPOS="446" VPOS="142" WIDTH="3397" HEIGHT="3404">
				<TextBlock ID="P26_TB00002" HPOS="1320" VPOS="236" WIDTH="1638" HEIGHT="2545" STYLEREFS="TXT_1 PAR_LEFT">
					<TextLine ID="P26_TL00002" HPOS="1462" VPOS="236" WIDTH="1477" HEIGHT="63">
						<String ID="P26_ST00002" HPOS="1462" VPOS="238" WIDTH="126" HEIGHT="47" CONTENT="L'un" WC="0.84" CC="0303"/>
						<SP ID="P26_SP00001" HPOS="1588" VPOS="285" WIDTH="39"/>
						<String ID="P26_ST00003" HPOS="1627" VPOS="240" WIDTH="88" HEIGHT="44" CONTENT="des" WC="0.95" CC="100"/>
						<SP ID="P26_SP00002" HPOS="1715" VPOS="285" WIDTH="37"/>
						<String ID="P26_ST00004" HPOS="1752" VPOS="245" WIDTH="226" HEIGHT="40" CONTENT="énormes" WC="0.73" CC="0632006"/>
						<SP ID="P26_SP00003" HPOS="1978" VPOS="285" WIDTH="38"/>
						<String ID="P26_ST00005" HPOS="2016" VPOS="237" WIDTH="245" HEIGHT="47" CONTENT="revolvers" WC="0.98" CC="000010000"/>
						<SP ID="P26_SP00004" HPOS="2261" VPOS="285" WIDTH="38"/>
						<String ID="P26_ST00006" HPOS="2299" VPOS="255" WIDTH="95" HEIGHT="30" CONTENT="aux" WC="0.69" CC="072"/>
						<SP ID="P26_SP00005" HPOS="2394" VPOS="285" WIDTH="32"/>
						<String ID="P26_ST00007" HPOS="2426" VPOS="238" WIDTH="254" HEIGHT="46" CONTENT="tambours" WC="0.83" CC="02033400"/>
						<SP ID="P26_SP00006" HPOS="2680" VPOS="285" WIDTH="27"/>
						<String ID="P26_ST00008" HPOS="2707" VPOS="236" WIDTH="232" HEIGHT="63" CONTENT="explosifs" WC="0.82" CC="003420050"/>
					</TextLine>
					<TextLine ID="P26_TL00003" HPOS="1320" VPOS="307" WIDTH="1620" HEIGHT="56">
						<String ID="P26_ST00009" HPOS="1320" VPOS="308" WIDTH="274" HEIGHT="49" CONTENT="bondissait" WC="0.79" CC="4103300150"/>
						<SP ID="P26_SP00007" HPOS="1594" VPOS="357" WIDTH="54"/>
						<String ID="P26_ST00010" HPOS="1648" VPOS="307" WIDTH="212" HEIGHT="48" CONTENT="derrière" WC="0.83" CC="00006600"/>
						<SP ID="P26_SP00008" HPOS="1860" VPOS="357" WIDTH="53"/>
						<String ID="P26_ST00011" HPOS="1913" VPOS="307" WIDTH="80" HEIGHT="56" CONTENT="lui," WC="0.99" CC="3002"/>
						<SP ID="P26_SP00009" HPOS="1993" VPOS="363" WIDTH="42"/>
						<String ID="P26_ST00012" HPOS="2035" VPOS="307" WIDTH="207" HEIGHT="48" CONTENT="criblant" WC="0.83" CC="00606000"/>
						<SP ID="P26_SP00010" HPOS="2242" VPOS="363" WIDTH="42"/>
						<String ID="P26_ST00013" HPOS="2284" VPOS="307" WIDTH="28" HEIGHT="47" CONTENT="1'" WC="1.00" CC="00"/>
						<SP ID="P26_SP00011" HPOS="2312" VPOS="363" WIDTH="25"/>
						<String ID="P26_ST00014" HPOS="2337" VPOS="308" WIDTH="195" HEIGHT="47" CONTENT="horizon" WC="0.93" CC="0000102"/>
						<SP ID="P26_SP00012" HPOS="2532" VPOS="363" WIDTH="58"/>
						<String ID="P26_ST00015" HPOS="2590" VPOS="318" WIDTH="136" HEIGHT="37" CONTENT="vaste" WC="1.00" CC="00001"/>
						<SP ID="P26_SP00013" HPOS="2726" VPOS="363" WIDTH="38"/>
						<String ID="P26_ST00016" HPOS="2764" VPOS="308" WIDTH="61" HEIGHT="46" CONTENT="de" WC="1.00" CC="00"/>
						<SP ID="P26_SP00014" HPOS="2825" VPOS="363" WIDTH="37"/>
						<String ID="P26_ST00017" HPOS="2862" VPOS="324" WIDTH="78" HEIGHT="30" CONTENT="ses" WC="0.99" CC="000"/>
					</TextLine>
					<TextLine ID="P26_TL00004" HPOS="1322" VPOS="378" WIDTH="1245" HEIGHT="50">
						<String ID="P26_ST00018" HPOS="1322" VPOS="379" WIDTH="152" HEIGHT="49" CONTENT="éclats" WC="0.95" CC="300000"/>
						<SP ID="P26_SP00015" HPOS="1474" VPOS="428" WIDTH="35"/>
						<String ID="P26_ST00019" HPOS="1509" VPOS="381" WIDTH="64" HEIGHT="47" CONTENT="de" WC="0.99" CC="00"/>
						<SP ID="P26_SP00016" HPOS="1573" VPOS="428" WIDTH="36"/>
						<String ID="P26_ST00020" HPOS="1609" VPOS="379" WIDTH="192" HEIGHT="47" CONTENT="vitesse." WC="0.88" CC="07000002"/>
						<SP ID="P26_SP00017" HPOS="1801" VPOS="428" WIDTH="42"/>
						<String ID="P26_ST00021" HPOS="1843" VPOS="379" WIDTH="65" HEIGHT="46" CONTENT="Et" WC="1.00" CC="00"/>
						<SP ID="P26_SP00018" HPOS="1908" VPOS="428" WIDTH="37"/>
						<String ID="P26_ST00022" HPOS="1945" VPOS="396" WIDTH="90" HEIGHT="30" CONTENT="son" WC="0.75" CC="007"/>
						<SP ID="P26_SP00019" HPOS="2035" VPOS="428" WIDTH="39"/>
						<String ID="P26_ST00023" HPOS="2074" VPOS="378" WIDTH="294" HEIGHT="48" CONTENT="mécanicien" WC="0.70" CC="0140610707"/>
						<SP ID="P26_SP00020" HPOS="2368" VPOS="428" WIDTH="40"/>
						<String ID="P26_ST00024" HPOS="2408" VPOS="379" WIDTH="159" HEIGHT="46" CONTENT="criait:" WC="0.79" CC="0170302"/>
					</TextLine>
					<TextLine ID="P26_TL00005" HPOS="1465" VPOS="448" WIDTH="1477" HEIGHT="63">
						<String ID="P26_ST00025" HPOS="1465" VPOS="481" WIDTH="67" HEIGHT="5" CONTENT="—" WC="0.20" CC="8"/>
						<SP ID="P26_SP00021" HPOS="1532" VPOS="486" WIDTH="38"/>
						<String ID="P26_ST00026" HPOS="1570" VPOS="451" WIDTH="137" HEIGHT="47" CONTENT="Voici" WC="0.76" CC="00506"/>
						<SP ID="P26_SP00022" HPOS="1707" VPOS="498" WIDTH="38"/>
						<String ID="P26_ST00027" HPOS="1745" VPOS="461" WIDTH="84" HEIGHT="37" CONTENT="ton" WC="0.91" CC="001"/>
						<SP ID="P26_SP00023" HPOS="1829" VPOS="498" WIDTH="41"/>
						<String ID="P26_ST00028" HPOS="1870" VPOS="449" WIDTH="192" HEIGHT="49" CONTENT="ennemi" WC="0.88" CC="002004"/>
						<SP ID="P26_SP00024" HPOS="2062" VPOS="498" WIDTH="19"/>
						<String ID="P26_ST00029" HPOS="2081" VPOS="467" WIDTH="9" HEIGHT="29" CONTENT=":" WC="0.99" CC="0"/>
						<SP ID="P26_SP00025" HPOS="2090" VPOS="498" WIDTH="39"/>
						<String ID="P26_ST00030" HPOS="2129" VPOS="448" WIDTH="316" HEIGHT="63" CONTENT="l'Espace!..." WC="0.93" CC="010020000012"/>
						<SP ID="P26_SP00026" HPOS="2445" VPOS="511" WIDTH="42"/>
						<String ID="P26_ST00031" HPOS="2487" VPOS="448" WIDTH="238" HEIGHT="63" CONTENT="l'Espace" WC="0.89" CC="40003001"/>
						<SP ID="P26_SP00027" HPOS="2725" VPOS="511" WIDTH="35"/>
						<String ID="P26_ST00032" HPOS="2760" VPOS="449" WIDTH="182" HEIGHT="47" CONTENT="devant" WC="0.90" CC="000060"/>
					</TextLine>
					<TextLine ID="P26_TL00006" HPOS="1324" VPOS="518" WIDTH="1616" HEIGHT="65">
						<String ID="P26_ST00033" HPOS="1324" VPOS="522" WIDTH="68" HEIGHT="48" CONTENT="toi" WC="0.79" CC="014"/>
						<SP ID="P26_SP00028" HPOS="1392" VPOS="570" WIDTH="19"/>
						<String ID="P26_ST00034" HPOS="1411" VPOS="522" WIDTH="61" HEIGHT="47" CONTENT="!..." WC="0.99" CC="0300"/>
						<SP ID="P26_SP00029" HPOS="1472" VPOS="570" WIDTH="60"/>
						<String ID="P26_ST00035" HPOS="1532" VPOS="520" WIDTH="173" HEIGHT="49" CONTENT="Tue-le" WC="0.92" CC="000040"/>
						<SP ID="P26_SP00030" HPOS="1705" VPOS="570" WIDTH="54"/>
						<String ID="P26_ST00036" HPOS="1759" VPOS="522" WIDTH="127" HEIGHT="45" CONTENT="donc" WC="0.95" CC="0010"/>
						<SP ID="P26_SP00031" HPOS="1886" VPOS="570" WIDTH="24"/>
						<String ID="P26_ST00037" HPOS="1910" VPOS="520" WIDTH="61" HEIGHT="50" CONTENT="!..." WC="0.99" CC="0004"/>
						<SP ID="P26_SP00032" HPOS="1971" VPOS="570" WIDTH="68"/>
						<String ID="P26_ST00038" HPOS="2039" VPOS="519" WIDTH="348" HEIGHT="64" CONTENT="Décharge-toi" WC="0.79" CC="054200012025"/>
						<SP ID="P26_SP00033" HPOS="2387" VPOS="583" WIDTH="57"/>
						<String ID="P26_ST00039" HPOS="2444" VPOS="537" WIDTH="84" HEIGHT="29" CONTENT="sur" WC="1.00" CC="000"/>
						<SP ID="P26_SP00034" HPOS="2528" VPOS="583" WIDTH="53"/>
						<String ID="P26_ST00040" HPOS="2581" VPOS="519" WIDTH="66" HEIGHT="47" CONTENT="lui" WC="0.98" CC="005"/>
						<SP ID="P26_SP00035" HPOS="2647" VPOS="583" WIDTH="56"/>
						<String ID="P26_ST00041" HPOS="2703" VPOS="520" WIDTH="29" HEIGHT="47" CONTENT="à" WC="0.67" CC="3"/>
						<SP ID="P26_SP00036" HPOS="2732" VPOS="583" WIDTH="55"/>
						<String ID="P26_ST00042" HPOS="2787" VPOS="518" WIDTH="128" HEIGHT="48" CONTENT="brule" SUBS_TYPE="HypPart1" SUBS_CONTENT="brulepourpoint" WC="0.87" CC="00520"/>
						<HYP HPOS="2915" VPOS="518" WIDTH="25" CONTENT="-"/>
					</TextLine>
					<TextLine ID="P26_TL00007" HPOS="1324" VPOS="591" WIDTH="355" HEIGHT="65">
						<String ID="P26_ST00043" HPOS="1324" VPOS="591" WIDTH="269" HEIGHT="65" CONTENT="pourpoint" SUBS_TYPE="HypPart2" SUBS_CONTENT="brulepourpoint" WC="0.80" CC="734000200"/>
						<SP ID="P26_SP00037" HPOS="1593" VPOS="656" WIDTH="24"/>
						<String ID="P26_ST00044" HPOS="1617" VPOS="591" WIDTH="62" HEIGHT="47" CONTENT="!..." WC="0.98" CC="0421"/>
					</TextLine>
					<TextLine ID="P26_TL00008" HPOS="1471" VPOS="659" WIDTH="1472" HEIGHT="66">
						<String ID="P26_ST00045" HPOS="1471" VPOS="664" WIDTH="95" HEIGHT="47" CONTENT="Les" WC="0.90" CC="300"/>
						<SP ID="P26_SP00038" HPOS="1566" VPOS="711" WIDTH="37"/>
						<String ID="P26_ST00046" HPOS="1603" VPOS="663" WIDTH="207" HEIGHT="47" CONTENT="bombes" WC="1.00" CC="000000"/>
						<SP ID="P26_SP00039" HPOS="1810" VPOS="711" WIDTH="37"/>
						<String ID="P26_ST00047" HPOS="1847" VPOS="660" WIDTH="291" HEIGHT="65" CONTENT="galopantes" WC="0.90" CC="4000004000"/>
						<SP ID="P26_SP00040" HPOS="2138" VPOS="725" WIDTH="26"/>
						<String ID="P26_ST00048" HPOS="2164" VPOS="659" WIDTH="257" HEIGHT="48" CONTENT="éclataient" WC="0.85" CC="5050000030"/>
						<SP ID="P26_SP00041" HPOS="2421" VPOS="725" WIDTH="19"/>
						<String ID="P26_ST00049" HPOS="2440" VPOS="677" WIDTH="84" HEIGHT="30" CONTENT="sur" WC="0.99" CC="030"/>
						<SP ID="P26_SP00042" HPOS="2524" VPOS="725" WIDTH="24"/>
						<String ID="P26_ST00050" HPOS="2548" VPOS="670" WIDTH="112" HEIGHT="37" CONTENT="tous" WC="0.89" CC="0400"/>
						<SP ID="P26_SP00043" HPOS="2660" VPOS="725" WIDTH="24"/>
						<String ID="P26_ST00051" HPOS="2684" VPOS="659" WIDTH="70" HEIGHT="48" CONTENT="les" WC="0.86" CC="400"/>
						<SP ID="P26_SP00044" HPOS="2754" VPOS="725" WIDTH="26"/>
						<String ID="P26_ST00052" HPOS="2780" VPOS="659" WIDTH="163" HEIGHT="62" CONTENT="points" WC="0.80" CC="006500"/>
					</TextLine>
					<TextLine ID="P26_TL00009" HPOS="1324" VPOS="730" WIDTH="1620" HEIGHT="66">
						<String ID="P26_ST00053" HPOS="1324" VPOS="735" WIDTH="66" HEIGHT="47" CONTENT="du" WC="1.00" CC="00"/>
						<SP ID="P26_SP00045" HPOS="1390" VPOS="782" WIDTH="38"/>
						<String ID="P26_ST00054" HPOS="1428" VPOS="735" WIDTH="180" HEIGHT="55" CONTENT="circuit," WC="0.80" CC="06200402"/>
						<SP ID="P26_SP00046" HPOS="1608" VPOS="790" WIDTH="42"/>
						<String ID="P26_ST00055" HPOS="1650" VPOS="743" WIDTH="198" HEIGHT="53" CONTENT="partout" WC="0.91" CC="0030200"/>
						<SP ID="P26_SP00047" HPOS="1848" VPOS="796" WIDTH="38"/>
						<String ID="P26_ST00056" HPOS="1886" VPOS="730" WIDTH="392" HEIGHT="63" CONTENT="omniprésentes" WC="0.87" CC="0050004006000"/>
						<SP ID="P26_SP00048" HPOS="2278" VPOS="796" WIDTH="36"/>
						<String ID="P26_ST00057" HPOS="2314" VPOS="741" WIDTH="50" HEIGHT="37" CONTENT="et" WC="1.00" CC="00"/>
						<SP ID="P26_SP00049" HPOS="2364" VPOS="796" WIDTH="43"/>
						<String ID="P26_ST00058" HPOS="2407" VPOS="730" WIDTH="310" HEIGHT="48" CONTENT="rancunières" WC="0.90" CC="00500005000"/>
						<SP ID="P26_SP00050" HPOS="2717" VPOS="796" WIDTH="37"/>
						<String ID="P26_ST00059" HPOS="2754" VPOS="746" WIDTH="190" HEIGHT="32" CONTENT="comme" WC="0.99" CC="00000"/>
					</TextLine>
					<TextLine ID="P26_TL00010" HPOS="1324" VPOS="801" WIDTH="1089" HEIGHT="67">
						<String ID="P26_ST00060" HPOS="1324" VPOS="805" WIDTH="71" HEIGHT="48" CONTENT="les" WC="0.89" CC="300"/>
						<SP ID="P26_SP00051" HPOS="1395" VPOS="853" WIDTH="37"/>
						<String ID="P26_ST00061" HPOS="1432" VPOS="805" WIDTH="251" HEIGHT="63" CONTENT="drapeaux" WC="1.00" CC="00000000"/>
						<SP ID="P26_SP00052" HPOS="1683" VPOS="868" WIDTH="38"/>
						<String ID="P26_ST00062" HPOS="1721" VPOS="820" WIDTH="181" HEIGHT="46" CONTENT="rouges" WC="0.79" CC="401700"/>
						<SP ID="P26_SP00053" HPOS="1902" VPOS="868" WIDTH="36"/>
						<String ID="P26_ST00063" HPOS="1938" VPOS="801" WIDTH="150" HEIGHT="47" CONTENT="d'une" WC="0.99" CC="00050"/>
						<SP ID="P26_SP00054" HPOS="2088" VPOS="868" WIDTH="38"/>
						<String ID="P26_ST00064" HPOS="2126" VPOS="801" WIDTH="287" HEIGHT="47" CONTENT="revolution." WC="1.00" CC="00004002000"/>
					</TextLine>
					<TextLine ID="P26_TL00011" HPOS="1471" VPOS="871" WIDTH="1472" HEIGHT="63">
						<String ID="P26_ST00065" HPOS="1471" VPOS="877" WIDTH="70" HEIGHT="46" CONTENT="Le" WC="0.93" CC="10"/>
						<SP ID="P26_SP00055" HPOS="1541" VPOS="923" WIDTH="35"/>
						<String ID="P26_ST00066" HPOS="1576" VPOS="873" WIDTH="159" HEIGHT="50" CONTENT="levain" WC="0.76" CC="100075"/>
						<SP ID="P26_SP00056" HPOS="1735" VPOS="923" WIDTH="38"/>
						<String ID="P26_ST00067" HPOS="1773" VPOS="875" WIDTH="63" HEIGHT="45" CONTENT="de" WC="1.00" CC="00"/>
						<SP ID="P26_SP00057" HPOS="1836" VPOS="923" WIDTH="35"/>
						<String ID="P26_ST00068" HPOS="1871" VPOS="872" WIDTH="400" HEIGHT="48" CONTENT="l'enthousiasme" WC="0.92" CC="12020010020000"/>
						<SP ID="P26_SP00058" HPOS="2271" VPOS="923" WIDTH="37"/>
						<String ID="P26_ST00069" HPOS="2308" VPOS="871" WIDTH="197" HEIGHT="63" CONTENT="général" WC="0.76" CC="9060000"/>
						<SP ID="P26_SP00059" HPOS="2505" VPOS="934" WIDTH="39"/>
						<String ID="P26_ST00070" HPOS="2544" VPOS="871" WIDTH="206" HEIGHT="63" CONTENT="gonflait" WC="0.80" CC="02070060"/>
						<SP ID="P26_SP00060" HPOS="2750" VPOS="934" WIDTH="48"/>
						<String ID="P26_ST00071" HPOS="2798" VPOS="871" WIDTH="121" HEIGHT="47" CONTENT="bizar" SUBS_TYPE="HypPart1" SUBS_CONTENT="bizarrement" WC="0.92" CC="04000"/>
						<HYP HPOS="2919" VPOS="871" WIDTH="24" CONTENT="-"/>
					</TextLine>
					<TextLine ID="P26_TL00012" HPOS="1326" VPOS="941" WIDTH="1618" HEIGHT="68">
						<String ID="P26_ST00072" HPOS="1326" VPOS="959" WIDTH="191" HEIGHT="36" CONTENT="rement" SUBS_TYPE="HypPart2" SUBS_CONTENT="bizarrement" WC="1.00" CC="000000"/>
						<SP ID="P26_SP00061" HPOS="1517" VPOS="995" WIDTH="35"/>
						<String ID="P26_ST00073" HPOS="1552" VPOS="946" WIDTH="47" HEIGHT="48" CONTENT="la" WC="1.00" CC="00"/>
						<SP ID="P26_SP00062" HPOS="1599" VPOS="995" WIDTH="38"/>
						<String ID="P26_ST00074" HPOS="1637" VPOS="946" WIDTH="113" HEIGHT="63" CONTENT="pàté" WC="0.99" CC="0700"/>
						<SP ID="P26_SP00063" HPOS="1750" VPOS="1009" WIDTH="37"/>
						<String ID="P26_ST00075" HPOS="1787" VPOS="946" WIDTH="66" HEIGHT="47" CONTENT="du" WC="1.00" CC="00"/>
						<SP ID="P26_SP00064" HPOS="1853" VPOS="1009" WIDTH="40"/>
						<String ID="P26_ST00076" HPOS="1893" VPOS="945" WIDTH="193" HEIGHT="54" CONTENT="terrain," WC="0.79" CC="31000540"/>
						<SP ID="P26_SP00065" HPOS="2086" VPOS="1009" WIDTH="42"/>
						<String ID="P26_ST00077" HPOS="2128" VPOS="943" WIDTH="122" HEIGHT="47" CONTENT="dont" WC="0.80" CC="0142"/>
						<SP ID="P26_SP00066" HPOS="2250" VPOS="1009" WIDTH="36"/>
						<String ID="P26_ST00078" HPOS="2286" VPOS="943" WIDTH="47" HEIGHT="47" CONTENT="la" WC="0.76" CC="40"/>
						<SP ID="P26_SP00067" HPOS="2333" VPOS="1009" WIDTH="37"/>
						<String ID="P26_ST00079" HPOS="2370" VPOS="953" WIDTH="168" HEIGHT="37" CONTENT="croute" WC="0.80" CC="006120"/>
						<SP ID="P26_SP00068" HPOS="2538" VPOS="1009" WIDTH="38"/>
						<String ID="P26_ST00080" HPOS="2576" VPOS="945" WIDTH="156" HEIGHT="45" CONTENT="brune" WC="0.99" CC="04020"/>
						<SP ID="P26_SP00069" HPOS="2732" VPOS="1009" WIDTH="43"/>
						<String ID="P26_ST00081" HPOS="2775" VPOS="959" WIDTH="55" HEIGHT="30" CONTENT="se" WC="1.00" CC="00"/>
						<SP ID="P26_SP00070" HPOS="2830" VPOS="1009" WIDTH="53"/>
						<String ID="P26_ST00082" HPOS="2883" VPOS="941" WIDTH="41" HEIGHT="47" CONTENT="lé" SUBS_TYPE="HypPart1" SUBS_CONTENT="lézardait" WC="0.93" CC="02"/>
						<HYP HPOS="2924" VPOS="941" WIDTH="20" CONTENT="-"/>
					</TextLine>
					<TextLine ID="P26_TL00013" HPOS="1325" VPOS="1017" WIDTH="432" HEIGHT="63">
						<String ID="P26_ST00083" HPOS="1325" VPOS="1019" WIDTH="184" HEIGHT="47" CONTENT="zardait" SUBS_TYPE="HypPart2" SUBS_CONTENT="lézardait" WC="0.89" CC="0000043"/>
						<SP ID="P26_SP00071" HPOS="1509" VPOS="1066" WIDTH="36"/>
						<String ID="P26_ST00084" HPOS="1545" VPOS="1018" WIDTH="62" HEIGHT="47" CONTENT="de" WC="1.00" CC="00"/>
						<SP ID="P26_SP00072" HPOS="1607" VPOS="1066" WIDTH="30"/>
						<String ID="P26_ST00085" HPOS="1637" VPOS="1017" WIDTH="120" HEIGHT="63" CONTENT="joie." WC="0.64" CC="50704"/>
					</TextLine>
					<TextLine ID="P26_TL00014" HPOS="1471" VPOS="1082" WIDTH="1472" HEIGHT="62">
						<String ID="P26_ST00086" HPOS="1471" VPOS="1089" WIDTH="72" HEIGHT="46" CONTENT="La" WC="0.98" CC="00"/>
						<SP ID="P26_SP00073" HPOS="1543" VPOS="1135" WIDTH="36"/>
						<String ID="P26_ST00087" HPOS="1579" VPOS="1087" WIDTH="113" HEIGHT="47" CONTENT="folie" WC="0.74" CC="40340"/>
						<SP ID="P26_SP00074" HPOS="1692" VPOS="1135" WIDTH="36"/>
						<String ID="P26_ST00088" HPOS="1728" VPOS="1086" WIDTH="175" HEIGHT="48" CONTENT="souffla" WC="0.91" CC="0320000"/>
						<SP ID="P26_SP00075" HPOS="1903" VPOS="1135" WIDTH="37"/>
						<String ID="P26_ST00089" HPOS="1940" VPOS="1086" WIDTH="38" HEIGHT="45" CONTENT="si" WC="0.76" CC="04"/>
						<SP ID="P26_SP00076" HPOS="1978" VPOS="1135" WIDTH="40"/>
						<String ID="P26_ST00090" HPOS="2018" VPOS="1083" WIDTH="314" HEIGHT="47" CONTENT="violemment" WC="0.87" CC="0606000000"/>
						<SP ID="P26_SP00077" HPOS="2332" VPOS="1135" WIDTH="38"/>
						<String ID="P26_ST00091" HPOS="2370" VPOS="1083" WIDTH="123" HEIGHT="46" CONTENT="dans" WC="0.88" CC="0130"/>
						<SP ID="P26_SP00078" HPOS="2493" VPOS="1135" WIDTH="25"/>
						<String ID="P26_ST00092" HPOS="2518" VPOS="1082" WIDTH="45" HEIGHT="47" CONTENT="le" WC="0.84" CC="30"/>
						<SP ID="P26_SP00079" HPOS="2563" VPOS="1135" WIDTH="31"/>
						<String ID="P26_ST00093" HPOS="2594" VPOS="1082" WIDTH="349" HEIGHT="62" CONTENT="pneumatique" WC="0.98" CC="00000001000"/>
					</TextLine>
					<TextLine ID="P26_TL00015" HPOS="1329" VPOS="1152" WIDTH="1618" HEIGHT="64">
						<String ID="P26_ST00094" HPOS="1329" VPOS="1158" WIDTH="381" HEIGHT="49" CONTENT="immensurable" WC="0.91" CC="600220000000"/>
						<SP ID="P26_SP00080" HPOS="1710" VPOS="1207" WIDTH="35"/>
						<String ID="P26_ST00095" HPOS="1745" VPOS="1158" WIDTH="66" HEIGHT="46" CONTENT="du" WC="1.00" CC="00"/>
						<SP ID="P26_SP00081" HPOS="1811" VPOS="1207" WIDTH="39"/>
						<String ID="P26_ST00096" HPOS="1850" VPOS="1155" WIDTH="180" HEIGHT="55" CONTENT="circuit," WC="0.79" CC="05100701"/>
						<SP ID="P26_SP00082" HPOS="2030" VPOS="1210" WIDTH="42"/>
						<String ID="P26_ST00097" HPOS="2072" VPOS="1153" WIDTH="81" HEIGHT="63" CONTENT="qu'" WC="0.56" CC="471"/>
						<SP ID="P26_SP00083" HPOS="2153" VPOS="1216" WIDTH="19"/>
						<String ID="P26_ST00098" HPOS="2172" VPOS="1153" WIDTH="29" HEIGHT="47" CONTENT="il" WC="1.00" CC="00"/>
						<SP ID="P26_SP00084" HPOS="2201" VPOS="1216" WIDTH="38"/>
						<String ID="P26_ST00099" HPOS="2239" VPOS="1153" WIDTH="97" HEIGHT="62" CONTENT="prit" WC="0.87" CC="0050"/>
						<SP ID="P26_SP00085" HPOS="2336" VPOS="1216" WIDTH="37"/>
						<String ID="P26_ST00100" HPOS="2373" VPOS="1153" WIDTH="45" HEIGHT="46" CONTENT="la" WC="1.00" CC="00"/>
						<SP ID="P26_SP00086" HPOS="2418" VPOS="1216" WIDTH="39"/>
						<String ID="P26_ST00101" HPOS="2457" VPOS="1153" WIDTH="155" HEIGHT="47" CONTENT="forme" WC="0.99" CC="30030"/>
						<SP ID="P26_SP00087" HPOS="2612" VPOS="1216" WIDTH="47"/>
						<String ID="P26_ST00102" HPOS="2659" VPOS="1153" WIDTH="130" HEIGHT="47" CONTENT="d'un" WC="0.84" CC="0140"/>
						<SP ID="P26_SP00088" HPOS="2789" VPOS="1216" WIDTH="38"/>
						<String ID="P26_ST00103" HPOS="2827" VPOS="1152" WIDTH="96" HEIGHT="47" CONTENT="coli" SUBS_TYPE="HypPart1" SUBS_CONTENT="colima9on," WC="0.74" CC="0044"/>
						<HYP HPOS="2923" VPOS="1152" WIDTH="24" CONTENT="-"/>
					</TextLine>
					<TextLine ID="P26_TL00016" HPOS="1329" VPOS="1223" WIDTH="1618" HEIGHT="70">
						<String ID="P26_ST00104" HPOS="1329" VPOS="1248" WIDTH="188" HEIGHT="45" CONTENT="ma9on," SUBS_TYPE="HypPart2" SUBS_CONTENT="colima9on," WC="0.83" CC="009000"/>
						<SP ID="P26_SP00089" HPOS="1517" VPOS="1293" WIDTH="42"/>
						<String ID="P26_ST00105" HPOS="1559" VPOS="1239" WIDTH="226" HEIGHT="38" CONTENT="montant" WC="1.00" CC="0000000"/>
						<SP ID="P26_SP00090" HPOS="1785" VPOS="1293" WIDTH="37"/>
						<String ID="P26_ST00106" HPOS="1822" VPOS="1246" WIDTH="59" HEIGHT="29" CONTENT="en" WC="0.83" CC="03"/>
						<SP ID="P26_SP00091" HPOS="1881" VPOS="1293" WIDTH="38"/>
						<String ID="P26_ST00107" HPOS="1919" VPOS="1228" WIDTH="74" HEIGHT="45" CONTENT="vis" WC="0.98" CC="060"/>
						<SP ID="P26_SP00092" HPOS="1993" VPOS="1293" WIDTH="36"/>
						<String ID="P26_ST00108" HPOS="2029" VPOS="1243" WIDTH="110" HEIGHT="29" CONTENT="vers" WC="1.00" CC="0000"/>
						<SP ID="P26_SP00093" HPOS="2139" VPOS="1293" WIDTH="37"/>
						<String ID="P26_ST00109" HPOS="2176" VPOS="1224" WIDTH="44" HEIGHT="48" CONTENT="le" WC="0.79" CC="40"/>
						<SP ID="P26_SP00094" HPOS="2220" VPOS="1293" WIDTH="37"/>
						<String ID="P26_ST00110" HPOS="2257" VPOS="1224" WIDTH="187" HEIGHT="55" CONTENT="Zénith," WC="0.70" CC="0056034"/>
						<SP ID="P26_SP00095" HPOS="2444" VPOS="1293" WIDTH="53"/>
						<String ID="P26_ST00111" HPOS="2497" VPOS="1224" WIDTH="121" HEIGHT="47" CONTENT="dont" WC="0.88" CC="0300"/>
						<SP ID="P26_SP00096" HPOS="2618" VPOS="1293" WIDTH="47"/>
						<String ID="P26_ST00112" HPOS="2665" VPOS="1224" WIDTH="46" HEIGHT="47" CONTENT="le" WC="0.92" CC="10"/>
						<SP ID="P26_SP00097" HPOS="2711" VPOS="1293" WIDTH="36"/>
						<String ID="P26_ST00113" HPOS="2747" VPOS="1223" WIDTH="200" HEIGHT="63" CONTENT="plafond" WC="1.00" CC="0403000"/>
					</TextLine>
					<TextLine ID="P26_TL00017" HPOS="1329" VPOS="1293" WIDTH="1614" HEIGHT="71">
						<String ID="P26_ST00114" HPOS="1329" VPOS="1318" WIDTH="231" HEIGHT="46" CONTENT="nuageux" WC="0.83" CC="2000009"/>
						<SP ID="P26_SP00098" HPOS="1560" VPOS="1364" WIDTH="37"/>
						<String ID="P26_ST00115" HPOS="1597" VPOS="1300" WIDTH="120" HEIGHT="47" CONTENT="était" WC="0.83" CC="31030"/>
						<SP ID="P26_SP00099" HPOS="1717" VPOS="1364" WIDTH="37"/>
						<String ID="P26_ST00116" HPOS="1754" VPOS="1305" WIDTH="141" HEIGHT="41" CONTENT="troué" WC="0.98" CC="00001"/>
						<SP ID="P26_SP00100" HPOS="1895" VPOS="1364" WIDTH="38"/>
						<String ID="P26_ST00117" HPOS="1933" VPOS="1299" WIDTH="55" HEIGHT="46" CONTENT="cà" WC="1.00" CC="00"/>
						<SP ID="P26_SP00101" HPOS="1988" VPOS="1364" WIDTH="37"/>
						<String ID="P26_ST00118" HPOS="2025" VPOS="1308" WIDTH="51" HEIGHT="35" CONTENT="et" WC="0.94" CC="01"/>
						<SP ID="P26_SP00102" HPOS="2076" VPOS="1364" WIDTH="35"/>
						<String ID="P26_ST00119" HPOS="2111" VPOS="1295" WIDTH="47" HEIGHT="47" CONTENT="là" WC="0.96" CC="00"/>
						<SP ID="P26_SP00103" HPOS="2158" VPOS="1364" WIDTH="38"/>
						<String ID="P26_ST00120" HPOS="2196" VPOS="1312" WIDTH="88" HEIGHT="45" CONTENT="par" WC="0.99" CC="003"/>
						<SP ID="P26_SP00104" HPOS="2284" VPOS="1364" WIDTH="35"/>
						<String ID="P26_ST00121" HPOS="2319" VPOS="1294" WIDTH="72" HEIGHT="47" CONTENT="les" WC="0.94" CC="100"/>
						<SP ID="P26_SP00105" HPOS="2391" VPOS="1364" WIDTH="25"/>
						<String ID="P26_ST00122" HPOS="2416" VPOS="1294" WIDTH="253" HEIGHT="47" CONTENT="curiosités" WC="0.90" CC="0002200030"/>
						<SP ID="P26_SP00106" HPOS="2669" VPOS="1364" WIDTH="19"/>
						<String ID="P26_ST00123" HPOS="2688" VPOS="1295" WIDTH="64" HEIGHT="46" CONTENT="du" WC="1.00" CC="00"/>
						<SP ID="P26_SP00107" HPOS="2752" VPOS="1364" WIDTH="30"/>
						<String ID="P26_ST00124" HPOS="2782" VPOS="1293" WIDTH="161" HEIGHT="48" CONTENT="Soleil." WC="0.92" CC="0000300"/>
					</TextLine>
					<TextLine ID="P26_TL00018" HPOS="1474" VPOS="1365" WIDTH="1337" HEIGHT="55">
						<String ID="P26_ST00125" HPOS="1474" VPOS="1373" WIDTH="63" HEIGHT="47" CONTENT="Et" WC="1.00" CC="00"/>
						<SP ID="P26_SP00108" HPOS="1537" VPOS="1420" WIDTH="38"/>
						<String ID="P26_ST00126" HPOS="1575" VPOS="1371" WIDTH="70" HEIGHT="47" CONTENT="les" WC="0.98" CC="000"/>
						<SP ID="P26_SP00109" HPOS="1645" VPOS="1420" WIDTH="38"/>
						<String ID="P26_ST00127" HPOS="1683" VPOS="1370" WIDTH="276" HEIGHT="48" CONTENT="chauffeurs" WC="0.77" CC="0506720000"/>
						<SP ID="P26_SP00110" HPOS="1959" VPOS="1420" WIDTH="38"/>
						<String ID="P26_ST00128" HPOS="1997" VPOS="1366" WIDTH="230" HEIGHT="48" CONTENT="mèlaient" WC="0.88" CC="07002000"/>
						<SP ID="P26_SP00111" HPOS="2227" VPOS="1420" WIDTH="37"/>
						<String ID="P26_ST00129" HPOS="2264" VPOS="1365" WIDTH="130" HEIGHT="48" CONTENT="leurs" WC="0.87" CC="00500"/>
						<SP ID="P26_SP00112" HPOS="2394" VPOS="1420" WIDTH="37"/>
						<String ID="P26_ST00130" HPOS="2431" VPOS="1365" WIDTH="92" HEIGHT="47" CONTENT="cris" WC="0.96" CC="0010"/>
						<SP ID="P26_SP00113" HPOS="2523" VPOS="1420" WIDTH="36"/>
						<String ID="P26_ST00131" HPOS="2559" VPOS="1365" WIDTH="224" HEIGHT="48" CONTENT="déments" WC="0.89" CC="0400300"/>
						<SP ID="P26_SP00114" HPOS="2783" VPOS="1420" WIDTH="19"/>
						<String ID="P26_ST00132" HPOS="2802" VPOS="1383" WIDTH="9" HEIGHT="29" CONTENT=":" WC="0.94" CC="0"/>
					</TextLine>
					<TextLine ID="P26_TL00019" HPOS="1472" VPOS="1433" WIDTH="1477" HEIGHT="69">
						<String ID="P26_ST00133" HPOS="1472" VPOS="1472" WIDTH="68" HEIGHT="5" CONTENT="—" WC="0.20" CC="8"/>
						<SP ID="P26_SP00115" HPOS="1540" VPOS="1477" WIDTH="42"/>
						<String ID="P26_ST00134" HPOS="1582" VPOS="1441" WIDTH="113" HEIGHT="47" CONTENT="Plus" WC="1.00" CC="0000"/>
						<SP ID="P26_SP00116" HPOS="1695" VPOS="1488" WIDTH="36"/>
						<String ID="P26_ST00135" HPOS="1731" VPOS="1441" WIDTH="98" HEIGHT="46" CONTENT="vite" WC="0.98" CC="0603"/>
						<SP ID="P26_SP00117" HPOS="1829" VPOS="1488" WIDTH="37"/>
						<String ID="P26_ST00136" HPOS="1866" VPOS="1456" WIDTH="97" HEIGHT="46" CONTENT="que" WC="1.00" CC="000"/>
						<SP ID="P26_SP00118" HPOS="1963" VPOS="1502" WIDTH="36"/>
						<String ID="P26_ST00137" HPOS="1999" VPOS="1437" WIDTH="46" HEIGHT="49" CONTENT="le" WC="0.81" CC="03"/>
						<SP ID="P26_SP00119" HPOS="2045" VPOS="1502" WIDTH="37"/>
						<String ID="P26_ST00138" HPOS="2082" VPOS="1436" WIDTH="188" HEIGHT="48" CONTENT="venti..." WC="0.99" CC="00306320"/>
						<SP ID="P26_SP00120" HPOS="2270" VPOS="1502" WIDTH="44"/>
						<String ID="P26_ST00139" HPOS="2314" VPOS="1436" WIDTH="113" HEIGHT="46" CONTENT="Plus" WC="0.98" CC="7000"/>
						<SP ID="P26_SP00121" HPOS="2427" VPOS="1502" WIDTH="37"/>
						<String ID="P26_ST00140" HPOS="2464" VPOS="1436" WIDTH="98" HEIGHT="46" CONTENT="vite" WC="0.99" CC="0300"/>
						<SP ID="P26_SP00122" HPOS="2562" VPOS="1502" WIDTH="50"/>
						<String ID="P26_ST00141" HPOS="2612" VPOS="1453" WIDTH="96" HEIGHT="44" CONTENT="que" WC="0.78" CC="600"/>
						<SP ID="P26_SP00123" HPOS="2708" VPOS="1502" WIDTH="44"/>
						<String ID="P26_ST00142" HPOS="2752" VPOS="1433" WIDTH="47" HEIGHT="49" CONTENT="la" WC="1.00" CC="00"/>
						<SP ID="P26_SP00124" HPOS="2799" VPOS="1502" WIDTH="49"/>
						<String ID="P26_ST00143" HPOS="2848" VPOS="1433" WIDTH="76" HEIGHT="47" CONTENT="fou" SUBS_TYPE="HypPart1" SUBS_CONTENT="foudre!..." WC="1.00" CC="000"/>
						<HYP HPOS="2924" VPOS="1433" WIDTH="25" CONTENT="-"/>
					</TextLine>
					<TextLine ID="P26_TL00020" HPOS="1330" VPOS="1505" WIDTH="1621" HEIGHT="67">
						<String ID="P26_ST00144" HPOS="1330" VPOS="1512" WIDTH="163" HEIGHT="50" CONTENT="dre!..." SUBS_TYPE="HypPart2" SUBS_CONTENT="foudre!..." WC="0.85" CC="0000414"/>
						<SP ID="P26_SP00125" HPOS="1493" VPOS="1562" WIDTH="43"/>
						<String ID="P26_ST00145" HPOS="1536" VPOS="1511" WIDTH="114" HEIGHT="48" CONTENT="Plus" WC="1.00" CC="0200"/>
						<SP ID="P26_SP00126" HPOS="1650" VPOS="1562" WIDTH="37"/>
						<String ID="P26_ST00146" HPOS="1687" VPOS="1512" WIDTH="99" HEIGHT="46" CONTENT="vite" WC="0.99" CC="0300"/>
						<SP ID="P26_SP00127" HPOS="1786" VPOS="1562" WIDTH="37"/>
						<String ID="P26_ST00147" HPOS="1823" VPOS="1526" WIDTH="96" HEIGHT="46" CONTENT="que" WC="1.00" CC="000"/>
						<SP ID="P26_SP00128" HPOS="1919" VPOS="1572" WIDTH="37"/>
						<String ID="P26_ST00148" HPOS="1956" VPOS="1508" WIDTH="45" HEIGHT="49" CONTENT="le" WC="1.00" CC="00"/>
						<SP ID="P26_SP00129" HPOS="2001" VPOS="1572" WIDTH="38"/>
						<String ID="P26_ST00149" HPOS="2039" VPOS="1524" WIDTH="172" HEIGHT="31" CONTENT="curaro" WC="0.99" CC="040022"/>
						<SP ID="P26_SP00130" HPOS="2211" VPOS="1572" WIDTH="37"/>
						<String ID="P26_ST00150" HPOS="2248" VPOS="1505" WIDTH="139" HEIGHT="49" CONTENT="lancé" WC="0.74" CC="10604"/>
						<SP ID="P26_SP00131" HPOS="2387" VPOS="1572" WIDTH="38"/>
						<String ID="P26_ST00151" HPOS="2425" VPOS="1506" WIDTH="123" HEIGHT="47" CONTENT="dans" WC="0.90" CC="0040"/>
						<SP ID="P26_SP00132" HPOS="2548" VPOS="1572" WIDTH="36"/>
						<String ID="P26_ST00152" HPOS="2584" VPOS="1505" WIDTH="45" HEIGHT="48" CONTENT="le" WC="1.00" CC="00"/>
						<SP ID="P26_SP00133" HPOS="2629" VPOS="1572" WIDTH="37"/>
						<String ID="P26_ST00153" HPOS="2666" VPOS="1505" WIDTH="166" HEIGHT="48" CONTENT="circuit" WC="0.80" CC="0510060"/>
						<SP ID="P26_SP00134" HPOS="2832" VPOS="1572" WIDTH="30"/>
						<String ID="P26_ST00154" HPOS="2862" VPOS="1505" WIDTH="89" HEIGHT="47" CONTENT="des" WC="1.00" CC="000"/>
					</TextLine>
					<TextLine ID="P26_TL00021" HPOS="1330" VPOS="1576" WIDTH="1621" HEIGHT="62">
						<String ID="P26_ST00155" HPOS="1330" VPOS="1583" WIDTH="241" HEIGHT="49" CONTENT="veines!..." WC="0.83" CC="7061000100"/>
						<SP ID="P26_SP00135" HPOS="1571" VPOS="1632" WIDTH="42"/>
						<String ID="P26_ST00156" HPOS="1613" VPOS="1583" WIDTH="78" HEIGHT="46" CONTENT="En" WC="0.82" CC="03"/>
						<SP ID="P26_SP00136" HPOS="1691" VPOS="1632" WIDTH="39"/>
						<String ID="P26_ST00157" HPOS="1730" VPOS="1582" WIDTH="221" HEIGHT="47" CONTENT="vérité...." WC="0.81" CC="0406013200"/>
						<SP ID="P26_SP00137" HPOS="1951" VPOS="1632" WIDTH="41"/>
						<String ID="P26_ST00158" HPOS="1992" VPOS="1596" WIDTH="59" HEIGHT="31" CONTENT="en" WC="0.84" CC="03"/>
						<SP ID="P26_SP00138" HPOS="2051" VPOS="1632" WIDTH="40"/>
						<String ID="P26_ST00159" HPOS="2091" VPOS="1578" WIDTH="164" HEIGHT="55" CONTENT="vérité," WC="0.84" CC="0151002"/>
						<SP ID="P26_SP00139" HPOS="2255" VPOS="1633" WIDTH="42"/>
						<String ID="P26_ST00160" HPOS="2297" VPOS="1595" WIDTH="64" HEIGHT="29" CONTENT="on" WC="0.63" CC="07"/>
						<SP ID="P26_SP00140" HPOS="2361" VPOS="1633" WIDTH="40"/>
						<String ID="P26_ST00161" HPOS="2401" VPOS="1586" WIDTH="118" HEIGHT="52" CONTENT="peut" WC="0.97" CC="0010"/>
						<SP ID="P26_SP00141" HPOS="2519" VPOS="1638" WIDTH="35"/>
						<String ID="P26_ST00162" HPOS="2554" VPOS="1577" WIDTH="113" HEIGHT="47" CONTENT="bien" WC="0.84" CC="0600"/>
						<SP ID="P26_SP00142" HPOS="2667" VPOS="1638" WIDTH="38"/>
						<String ID="P26_ST00163" HPOS="2705" VPOS="1576" WIDTH="163" HEIGHT="47" CONTENT="lancer" WC="0.86" CC="005002"/>
						<SP ID="P26_SP00143" HPOS="2868" VPOS="1638" WIDTH="28"/>
						<String ID="P26_ST00164" HPOS="2896" VPOS="1591" WIDTH="55" HEIGHT="30" CONTENT="sa" WC="1.00" CC="00"/>
					</TextLine>
					<TextLine ID="P26_TL00022" HPOS="1333" VPOS="1646" WIDTH="1619" HEIGHT="58">
						<String ID="P26_ST00165" HPOS="1333" VPOS="1654" WIDTH="223" HEIGHT="49" CONTENT="machine" WC="0.99" CC="0700720"/>
						<SP ID="P26_SP00144" HPOS="1556" VPOS="1703" WIDTH="37"/>
						<String ID="P26_ST00166" HPOS="1593" VPOS="1671" WIDTH="84" HEIGHT="30" CONTENT="sur" WC="1.00" CC="000"/>
						<SP ID="P26_SP00145" HPOS="1677" VPOS="1703" WIDTH="37"/>
						<String ID="P26_ST00167" HPOS="1714" VPOS="1653" WIDTH="47" HEIGHT="47" CONTENT="la" WC="1.00" CC="00"/>
						<SP ID="P26_SP00146" HPOS="1761" VPOS="1703" WIDTH="36"/>
						<String ID="P26_ST00168" HPOS="1797" VPOS="1652" WIDTH="204" HEIGHT="47" CONTENT="cascade" WC="0.97" CC="0000100"/>
						<SP ID="P26_SP00147" HPOS="2001" VPOS="1703" WIDTH="35"/>
						<String ID="P26_ST00169" HPOS="2036" VPOS="1651" WIDTH="62" HEIGHT="47" CONTENT="de" WC="1.00" CC="00"/>
						<SP ID="P26_SP00148" HPOS="2098" VPOS="1703" WIDTH="37"/>
						<String ID="P26_ST00170" HPOS="2135" VPOS="1649" WIDTH="217" HEIGHT="55" CONTENT="l'averse," WC="0.96" CC="020000000"/>
						<SP ID="P26_SP00149" HPOS="2352" VPOS="1704" WIDTH="42"/>
						<String ID="P26_ST00171" HPOS="2394" VPOS="1665" WIDTH="61" HEIGHT="30" CONTENT="en" WC="0.90" CC="10"/>
						<SP ID="P26_SP00150" HPOS="2455" VPOS="1704" WIDTH="28"/>
						<String ID="P26_ST00172" HPOS="2483" VPOS="1657" WIDTH="225" HEIGHT="38" CONTENT="montant" WC="1.00" CC="0000000"/>
						<SP ID="P26_SP00151" HPOS="2708" VPOS="1704" WIDTH="27"/>
						<String ID="P26_ST00173" HPOS="2735" VPOS="1663" WIDTH="110" HEIGHT="31" CONTENT="vers" WC="1.00" CC="0000"/>
						<SP ID="P26_SP00152" HPOS="2845" VPOS="1704" WIDTH="36"/>
						<String ID="P26_ST00174" HPOS="2881" VPOS="1646" WIDTH="71" HEIGHT="47" CONTENT="les" WC="1.00" CC="000"/>
					</TextLine>
					<TextLine ID="P26_TL00023" HPOS="1334" VPOS="1715" WIDTH="1614" HEIGHT="73">
						<String ID="P26_ST00175" HPOS="1334" VPOS="1742" WIDTH="133" HEIGHT="39" CONTENT="nues," WC="0.91" CC="30001"/>
						<SP ID="P26_SP00153" HPOS="1467" VPOS="1781" WIDTH="42"/>
						<String ID="P26_ST00176" HPOS="1509" VPOS="1726" WIDTH="31" HEIGHT="47" CONTENT="à" WC="0.88" CC="1"/>
						<SP ID="P26_SP00154" HPOS="1540" VPOS="1781" WIDTH="36"/>
						<String ID="P26_ST00177" HPOS="1576" VPOS="1724" WIDTH="185" HEIGHT="64" CONTENT="grands" WC="0.92" CC="000400"/>
						<SP ID="P26_SP00155" HPOS="1761" VPOS="1788" WIDTH="36"/>
						<String ID="P26_ST00178" HPOS="1797" VPOS="1740" WIDTH="154" HEIGHT="45" CONTENT="coups" WC="0.98" CC="00000"/>
						<SP ID="P26_SP00156" HPOS="1951" VPOS="1788" WIDTH="37"/>
						<String ID="P26_ST00179" HPOS="1988" VPOS="1722" WIDTH="62" HEIGHT="46" CONTENT="de" WC="1.00" CC="00"/>
						<SP ID="P26_SP00157" HPOS="2050" VPOS="1788" WIDTH="37"/>
						<String ID="P26_ST00180" HPOS="2087" VPOS="1729" WIDTH="193" HEIGHT="39" CONTENT="moteur" WC="1.00" CC="000000"/>
						<SP ID="P26_SP00158" HPOS="2280" VPOS="1788" WIDTH="23"/>
						<String ID="P26_ST00181" HPOS="2303" VPOS="1718" WIDTH="61" HEIGHT="50" CONTENT="!..." WC="0.99" CC="0310"/>
						<SP ID="P26_SP00159" HPOS="2364" VPOS="1788" WIDTH="43"/>
						<String ID="P26_ST00182" HPOS="2407" VPOS="1718" WIDTH="95" HEIGHT="46" CONTENT="Sur" WC="0.99" CC="010"/>
						<SP ID="P26_SP00160" HPOS="2502" VPOS="1788" WIDTH="54"/>
						<String ID="P26_ST00183" HPOS="2556" VPOS="1717" WIDTH="311" HEIGHT="48" CONTENT="l'arc-en-ciel" WC="0.89" CC="0000030400500"/>
						<SP ID="P26_SP00161" HPOS="2867" VPOS="1788" WIDTH="20"/>
						<String ID="P26_ST00184" HPOS="2887" VPOS="1715" WIDTH="61" HEIGHT="49" CONTENT="!..." WC="0.98" CC="0222"/>
					</TextLine>
					<TextLine ID="P26_TL00024" HPOS="1333" VPOS="1785" WIDTH="1620" HEIGHT="71">
						<String ID="P26_ST00185" HPOS="1333" VPOS="1797" WIDTH="96" HEIGHT="47" CONTENT="Sur" WC="0.99" CC="001"/>
						<SP ID="P26_SP00162" HPOS="1429" VPOS="1844" WIDTH="56"/>
						<String ID="P26_ST00186" HPOS="1485" VPOS="1797" WIDTH="88" HEIGHT="47" CONTENT="des" WC="1.00" CC="000"/>
						<SP ID="P26_SP00163" HPOS="1573" VPOS="1844" WIDTH="56"/>
						<String ID="P26_ST00187" HPOS="1629" VPOS="1811" WIDTH="177" HEIGHT="45" CONTENT="rayons" WC="0.98" CC="000010"/>
						<SP ID="P26_SP00164" HPOS="1806" VPOS="1856" WIDTH="55"/>
						<String ID="P26_ST00188" HPOS="1861" VPOS="1794" WIDTH="62" HEIGHT="46" CONTENT="de" WC="1.00" CC="00"/>
						<SP ID="P26_SP00165" HPOS="1923" VPOS="1856" WIDTH="55"/>
						<String ID="P26_ST00189" HPOS="1978" VPOS="1790" WIDTH="192" HEIGHT="49" CONTENT="lune!..." WC="1.00" CC="01100040"/>
						<SP ID="P26_SP00166" HPOS="2170" VPOS="1856" WIDTH="44"/>
						<String ID="P26_ST00190" HPOS="2214" VPOS="1789" WIDTH="38" HEIGHT="48" CONTENT="Il" WC="0.81" CC="30"/>
						<SP ID="P26_SP00167" HPOS="2252" VPOS="1856" WIDTH="37"/>
						<String ID="P26_ST00191" HPOS="2289" VPOS="1789" WIDTH="159" HEIGHT="62" CONTENT="s'agit" WC="0.96" CC="020000"/>
						<SP ID="P26_SP00168" HPOS="2448" VPOS="1856" WIDTH="35"/>
						<String ID="P26_ST00192" HPOS="2483" VPOS="1789" WIDTH="62" HEIGHT="46" CONTENT="de" WC="1.00" CC="00"/>
						<SP ID="P26_SP00169" HPOS="2545" VPOS="1856" WIDTH="36"/>
						<String ID="P26_ST00193" HPOS="2581" VPOS="1788" WIDTH="264" HEIGHT="51" CONTENT="vouloir!..." WC="0.94" CC="01200200000"/>
						<SP ID="P26_SP00170" HPOS="2845" VPOS="1856" WIDTH="43"/>
						<String ID="P26_ST00194" HPOS="2888" VPOS="1785" WIDTH="65" HEIGHT="49" CONTENT="Se" WC="1.00" CC="00"/>
					</TextLine>
					<TextLine ID="P26_TL00025" HPOS="1331" VPOS="1858" WIDTH="1621" HEIGHT="71">
						<String ID="P26_ST00195" HPOS="1331" VPOS="1868" WIDTH="209" HEIGHT="47" CONTENT="détache" WC="1.00" CC="0000000"/>
						<SP ID="P26_SP00171" HPOS="1540" VPOS="1915" WIDTH="38"/>
						<String ID="P26_ST00196" HPOS="1578" VPOS="1867" WIDTH="84" HEIGHT="62" CONTENT="qui" WC="0.99" CC="002"/>
						<SP ID="P26_SP00172" HPOS="1662" VPOS="1929" WIDTH="38"/>
						<String ID="P26_ST00197" HPOS="1700" VPOS="1864" WIDTH="195" HEIGHT="50" CONTENT="veut!..." WC="0.90" CC="00300004"/>
						<SP ID="P26_SP00173" HPOS="1895" VPOS="1929" WIDTH="43"/>
						<String ID="P26_ST00198" HPOS="1938" VPOS="1865" WIDTH="174" HEIGHT="46" CONTENT="Monte" WC="0.99" CC="05100"/>
						<SP ID="P26_SP00174" HPOS="2112" VPOS="1929" WIDTH="36"/>
						<String ID="P26_ST00199" HPOS="2148" VPOS="1879" WIDTH="62" HEIGHT="29" CONTENT="au" WC="0.82" CC="03"/>
						<SP ID="P26_SP00175" HPOS="2210" VPOS="1929" WIDTH="40"/>
						<String ID="P26_ST00200" HPOS="2250" VPOS="1860" WIDTH="87" HEIGHT="48" CONTENT="ciel" WC="0.79" CC="1700"/>
						<SP ID="P26_SP00176" HPOS="2337" VPOS="1929" WIDTH="38"/>
						<String ID="P26_ST00201" HPOS="2375" VPOS="1860" WIDTH="84" HEIGHT="62" CONTENT="qui" WC="0.98" CC="004"/>
						<SP ID="P26_SP00177" HPOS="2459" VPOS="1929" WIDTH="27"/>
						<String ID="P26_ST00202" HPOS="2486" VPOS="1860" WIDTH="159" HEIGHT="47" CONTENT="désire" WC="0.85" CC="040400"/>
						<SP ID="P26_SP00178" HPOS="2645" VPOS="1929" WIDTH="16"/>
						<String ID="P26_ST00203" HPOS="2661" VPOS="1859" WIDTH="61" HEIGHT="47" CONTENT="!..." WC="0.99" CC="0202"/>
						<SP ID="P26_SP00179" HPOS="2722" VPOS="1929" WIDTH="42"/>
						<String ID="P26_ST00204" HPOS="2764" VPOS="1858" WIDTH="157" HEIGHT="47" CONTENT="Triom" SUBS_TYPE="HypPart1" SUBS_CONTENT="Triomphe" WC="0.88" CC="00410"/>
						<HYP HPOS="2921" VPOS="1858" WIDTH="31" CONTENT="-"/>
					</TextLine>
					<TextLine ID="P26_TL00026" HPOS="1334" VPOS="1929" WIDTH="1618" HEIGHT="72">
						<String ID="P26_ST00205" HPOS="1334" VPOS="1939" WIDTH="96" HEIGHT="62" CONTENT="phe" SUBS_TYPE="HypPart2" SUBS_CONTENT="Triomphe" WC="0.84" CC="040"/>
						<SP ID="P26_SP00180" HPOS="1430" VPOS="2001" WIDTH="37"/>
						<String ID="P26_ST00206" HPOS="1467" VPOS="1938" WIDTH="85" HEIGHT="62" CONTENT="qui" WC="0.97" CC="061"/>
						<SP ID="P26_SP00181" HPOS="1552" VPOS="2001" WIDTH="38"/>
						<String ID="P26_ST00207" HPOS="1590" VPOS="1935" WIDTH="195" HEIGHT="48" CONTENT="croit!..." WC="0.92" CC="000300001"/>
						<SP ID="P26_SP00182" HPOS="1785" VPOS="2001" WIDTH="43"/>
						<String ID="P26_ST00208" HPOS="1828" VPOS="1934" WIDTH="37" HEIGHT="47" CONTENT="Il" WC="0.76" CC="04"/>
						<SP ID="P26_SP00183" HPOS="1865" VPOS="2001" WIDTH="38"/>
						<String ID="P26_ST00209" HPOS="1903" VPOS="1934" WIDTH="104" HEIGHT="47" CONTENT="faut" WC="0.92" CC="0020"/>
						<SP ID="P26_SP00184" HPOS="2007" VPOS="2001" WIDTH="37"/>
						<String ID="P26_ST00210" HPOS="2044" VPOS="1933" WIDTH="155" HEIGHT="47" CONTENT="croire" WC="0.93" CC="000400"/>
						<SP ID="P26_SP00185" HPOS="2199" VPOS="2001" WIDTH="37"/>
						<String ID="P26_ST00211" HPOS="2236" VPOS="1941" WIDTH="50" HEIGHT="37" CONTENT="et" WC="1.00" CC="00"/>
						<SP ID="P26_SP00186" HPOS="2286" VPOS="2001" WIDTH="36"/>
						<String ID="P26_ST00212" HPOS="2322" VPOS="1930" WIDTH="268" HEIGHT="48" CONTENT="vouloir!..." WC="0.86" CC="00003600013"/>
						<SP ID="P26_SP00187" HPOS="2590" VPOS="2001" WIDTH="37"/>
						<String ID="P26_ST00213" HPOS="2627" VPOS="1929" WIDTH="45" HEIGHT="47" CONTENT="O" WC="1.00" CC="0"/>
						<SP ID="P26_SP00188" HPOS="2672" VPOS="2001" WIDTH="46"/>
						<String ID="P26_ST00214" HPOS="2718" VPOS="1929" WIDTH="145" HEIGHT="61" CONTENT="désir," WC="0.96" CC="002000"/>
						<SP ID="P26_SP00189" HPOS="2863" VPOS="2001" WIDTH="60"/>
						<String ID="P26_ST00215" HPOS="2923" VPOS="1929" WIDTH="29" HEIGHT="46" CONTENT="ò" WC="0.29" CC="7"/>
					</TextLine>
					<TextLine ID="P26_TL00027" HPOS="1334" VPOS="1999" WIDTH="1614" HEIGHT="69">
						<String ID="P26_ST00216" HPOS="1334" VPOS="2009" WIDTH="143" HEIGHT="56" CONTENT="désir," WC="0.76" CC="060313"/>
						<SP ID="P26_SP00190" HPOS="1477" VPOS="2065" WIDTH="41"/>
						<String ID="P26_ST00217" HPOS="1518" VPOS="2006" WIDTH="235" HEIGHT="50" CONTENT="éternelle" WC="0.76" CC="430060060"/>
						<SP ID="P26_SP00191" HPOS="1753" VPOS="2065" WIDTH="37"/>
						<String ID="P26_ST00218" HPOS="1790" VPOS="2004" WIDTH="314" HEIGHT="64" CONTENT="magnéto!..." WC="0.88" CC="00004020112"/>
						<SP ID="P26_SP00192" HPOS="2104" VPOS="2068" WIDTH="43"/>
						<String ID="P26_ST00219" HPOS="2147" VPOS="2004" WIDTH="63" HEIGHT="47" CONTENT="Et" WC="1.00" CC="00"/>
						<SP ID="P26_SP00193" HPOS="2210" VPOS="2068" WIDTH="37"/>
						<String ID="P26_ST00220" HPOS="2247" VPOS="2004" WIDTH="81" HEIGHT="53" CONTENT="toi," WC="0.92" CC="0003"/>
						<SP ID="P26_SP00194" HPOS="2328" VPOS="2068" WIDTH="43"/>
						<String ID="P26_ST00221" HPOS="2371" VPOS="2019" WIDTH="80" HEIGHT="30" CONTENT="ma" WC="1.00" CC="00"/>
						<SP ID="P26_SP00195" HPOS="2451" VPOS="2068" WIDTH="49"/>
						<String ID="P26_ST00222" HPOS="2500" VPOS="1999" WIDTH="198" HEIGHT="49" CONTENT="volonté" WC="0.85" CC="0001332"/>
						<SP ID="P26_SP00196" HPOS="2698" VPOS="2068" WIDTH="54"/>
						<String ID="P26_ST00223" HPOS="2752" VPOS="1999" WIDTH="196" HEIGHT="54" CONTENT="torride," WC="1.00" CC="00005001"/>
					</TextLine>
					<TextLine ID="P26_TL00028" HPOS="1334" VPOS="2071" WIDTH="1620" HEIGHT="72">
						<String ID="P26_ST00224" HPOS="1334" VPOS="2079" WIDTH="160" HEIGHT="64" CONTENT="grand" WC="1.00" CC="00000"/>
						<SP ID="P26_SP00197" HPOS="1494" VPOS="2143" WIDTH="38"/>
						<String ID="P26_ST00225" HPOS="1532" VPOS="2079" WIDTH="318" HEIGHT="47" CONTENT="carburateur" WC="1.00" CC="00000000000"/>
						<SP ID="P26_SP00198" HPOS="1850" VPOS="2143" WIDTH="47"/>
						<String ID="P26_ST00226" HPOS="1897" VPOS="2076" WIDTH="62" HEIGHT="47" CONTENT="de" WC="1.00" CC="00"/>
						<SP ID="P26_SP00199" HPOS="1959" VPOS="2143" WIDTH="54"/>
						<String ID="P26_ST00227" HPOS="2013" VPOS="2072" WIDTH="139" HEIGHT="50" CONTENT="rèves" WC="0.78" CC="07020"/>
						<SP ID="P26_SP00200" HPOS="2152" VPOS="2143" WIDTH="18"/>
						<String ID="P26_ST00228" HPOS="2170" VPOS="2074" WIDTH="61" HEIGHT="47" CONTENT="!..." WC="0.98" CC="0333"/>
						<SP ID="P26_SP00201" HPOS="2231" VPOS="2143" WIDTH="58"/>
						<String ID="P26_ST00229" HPOS="2289" VPOS="2071" WIDTH="391" HEIGHT="48" CONTENT="Transmissions" WC="0.91" CC="0003005002000"/>
						<SP ID="P26_SP00202" HPOS="2680" VPOS="2143" WIDTH="53"/>
						<String ID="P26_ST00230" HPOS="2733" VPOS="2071" WIDTH="63" HEIGHT="46" CONTENT="de" WC="1.00" CC="00"/>
						<SP ID="P26_SP00203" HPOS="2796" VPOS="2143" WIDTH="54"/>
						<String ID="P26_ST00231" HPOS="2850" VPOS="2085" WIDTH="104" HEIGHT="30" CONTENT="mes" WC="1.00" CC="000"/>
					</TextLine>
					<TextLine ID="P26_TL00029" HPOS="1336" VPOS="2138" WIDTH="1617" HEIGHT="73">
						<String ID="P26_ST00232" HPOS="1336" VPOS="2151" WIDTH="144" HEIGHT="53" CONTENT="nerfs," WC="1.00" CC="000000"/>
						<SP ID="P26_SP00204" HPOS="1480" VPOS="2204" WIDTH="42"/>
						<String ID="P26_ST00233" HPOS="1522" VPOS="2150" WIDTH="289" HEIGHT="61" CONTENT="embrayant" WC="0.93" CC="000000050"/>
						<SP ID="P26_SP00205" HPOS="1811" VPOS="2211" WIDTH="37"/>
						<String ID="P26_ST00234" HPOS="1848" VPOS="2146" WIDTH="70" HEIGHT="47" CONTENT="les" WC="0.83" CC="400"/>
						<SP ID="P26_SP00206" HPOS="1918" VPOS="2211" WIDTH="37"/>
						<String ID="P26_ST00235" HPOS="1955" VPOS="2145" WIDTH="183" HEIGHT="48" CONTENT="orbites" WC="0.92" CC="0005000"/>
						<SP ID="P26_SP00207" HPOS="2138" VPOS="2211" WIDTH="38"/>
						<String ID="P26_ST00236" HPOS="2176" VPOS="2141" WIDTH="368" HEIGHT="66" CONTENT="planétaires!..." WC="0.84" CC="010440050000051"/>
						<SP ID="P26_SP00208" HPOS="2544" VPOS="2211" WIDTH="45"/>
						<String ID="P26_ST00237" HPOS="2589" VPOS="2141" WIDTH="203" HEIGHT="47" CONTENT="Instinct" WC="0.95" CC="00000202"/>
						<SP ID="P26_SP00209" HPOS="2792" VPOS="2211" WIDTH="44"/>
						<String ID="P26_ST00238" HPOS="2836" VPOS="2138" WIDTH="94" HEIGHT="49" CONTENT="divi" SUBS_TYPE="HypPart1" SUBS_CONTENT="divinateur," WC="0.88" CC="0005"/>
						<HYP HPOS="2930" VPOS="2138" WIDTH="23" CONTENT="-"/>
					</TextLine>
					<TextLine ID="P26_TL00030" HPOS="1336" VPOS="2211" WIDTH="1618" HEIGHT="65">
						<String ID="P26_ST00239" HPOS="1336" VPOS="2232" WIDTH="186" HEIGHT="44" CONTENT="nateur," SUBS_TYPE="HypPart2" SUBS_CONTENT="divinateur," WC="0.96" CC="0000001"/>
						<SP ID="P26_SP00210" HPOS="1522" VPOS="2276" WIDTH="43"/>
						<String ID="P26_ST00240" HPOS="1565" VPOS="2222" WIDTH="29" HEIGHT="45" CONTENT="ó" WC="0.31" CC="6"/>
						<SP ID="P26_SP00211" HPOS="1594" VPOS="2276" WIDTH="40"/>
						<String ID="P26_ST00241" HPOS="1634" VPOS="2218" WIDTH="133" HEIGHT="49" CONTENT="boite" WC="0.83" CC="00800"/>
						<SP ID="P26_SP00212" HPOS="1767" VPOS="2276" WIDTH="37"/>
						<String ID="P26_ST00242" HPOS="1804" VPOS="2218" WIDTH="87" HEIGHT="47" CONTENT="des" WC="0.85" CC="021"/>
						<SP ID="P26_SP00213" HPOS="1891" VPOS="2276" WIDTH="37"/>
						<String ID="P26_ST00243" HPOS="1928" VPOS="2217" WIDTH="203" HEIGHT="47" CONTENT="vitesses" WC="0.91" CC="06000000"/>
						<SP ID="P26_SP00214" HPOS="2131" VPOS="2276" WIDTH="18"/>
						<String ID="P26_ST00244" HPOS="2149" VPOS="2215" WIDTH="62" HEIGHT="48" CONTENT="!..." WC="0.98" CC="0403"/>
						<SP ID="P26_SP00215" HPOS="2211" VPOS="2276" WIDTH="44"/>
						<String ID="P26_ST00245" HPOS="2255" VPOS="2215" WIDTH="45" HEIGHT="47" CONTENT="O" WC="1.00" CC="0"/>
						<SP ID="P26_SP00216" HPOS="2300" VPOS="2276" WIDTH="41"/>
						<String ID="P26_ST00246" HPOS="2341" VPOS="2231" WIDTH="113" HEIGHT="31" CONTENT="mon" WC="0.93" CC="002"/>
						<SP ID="P26_SP00217" HPOS="2454" VPOS="2276" WIDTH="39"/>
						<String ID="P26_ST00247" HPOS="2493" VPOS="2230" WIDTH="135" HEIGHT="30" CONTENT="coeur" WC="0.77" CC="07400"/>
						<SP ID="P26_SP00218" HPOS="2628" VPOS="2276" WIDTH="34"/>
						<String ID="P26_ST00248" HPOS="2662" VPOS="2211" WIDTH="214" HEIGHT="63" CONTENT="explosif" WC="0.81" CC="00040062"/>
						<SP ID="P26_SP00219" HPOS="2876" VPOS="2276" WIDTH="29"/>
						<String ID="P26_ST00249" HPOS="2905" VPOS="2221" WIDTH="49" HEIGHT="35" CONTENT="et" WC="1.00" CC="00"/>
					</TextLine>
					<TextLine ID="P26_TL00031" HPOS="1335" VPOS="2281" WIDTH="1619" HEIGHT="72">
						<String ID="P26_ST00250" HPOS="1335" VPOS="2295" WIDTH="287" HEIGHT="50" CONTENT="détonnant," WC="0.86" CC="0043000003"/>
						<SP ID="P26_SP00220" HPOS="1622" VPOS="2345" WIDTH="41"/>
						<String ID="P26_ST00251" HPOS="1663" VPOS="2291" WIDTH="84" HEIGHT="62" CONTENT="qui" WC="0.98" CC="005"/>
						<SP ID="P26_SP00221" HPOS="1747" VPOS="2353" WIDTH="48"/>
						<String ID="P26_ST00252" HPOS="1795" VPOS="2286" WIDTH="278" HEIGHT="64" CONTENT="t'empèche" WC="0.85" CC="021007020"/>
						<SP ID="P26_SP00222" HPOS="2073" VPOS="2353" WIDTH="48"/>
						<String ID="P26_ST00253" HPOS="2121" VPOS="2288" WIDTH="61" HEIGHT="45" CONTENT="de" WC="1.00" CC="00"/>
						<SP ID="P26_SP00223" HPOS="2182" VPOS="2353" WIDTH="38"/>
						<String ID="P26_ST00254" HPOS="2220" VPOS="2297" WIDTH="235" HEIGHT="36" CONTENT="terrasser" WC="1.00" CC="000000000"/>
						<SP ID="P26_SP00224" HPOS="2455" VPOS="2353" WIDTH="37"/>
						<String ID="P26_ST00255" HPOS="2492" VPOS="2284" WIDTH="46" HEIGHT="47" CONTENT="la" WC="0.84" CC="30"/>
						<SP ID="P26_SP00225" HPOS="2538" VPOS="2353" WIDTH="52"/>
						<String ID="P26_ST00256" HPOS="2590" VPOS="2283" WIDTH="133" HEIGHT="47" CONTENT="Mort" WC="0.82" CC="0033"/>
						<SP ID="P26_SP00226" HPOS="2723" VPOS="2353" WIDTH="21"/>
						<String ID="P26_ST00257" HPOS="2744" VPOS="2282" WIDTH="67" HEIGHT="48" CONTENT="?..." WC="0.99" CC="1300"/>
						<SP ID="P26_SP00227" HPOS="2811" VPOS="2353" WIDTH="43"/>
						<String ID="P26_ST00258" HPOS="2854" VPOS="2281" WIDTH="100" HEIGHT="61" CONTENT="Qui" WC="0.94" CC="654"/>
					</TextLine>
					<TextLine ID="P26_TL00032" HPOS="1338" VPOS="2352" WIDTH="1619" HEIGHT="66">
						<String ID="P26_ST00259" HPOS="1338" VPOS="2375" WIDTH="51" HEIGHT="36" CONTENT="te" WC="0.94" CC="10"/>
						<SP ID="P26_SP00228" HPOS="1389" VPOS="2411" WIDTH="35"/>
						<String ID="P26_ST00260" HPOS="1424" VPOS="2361" WIDTH="180" HEIGHT="49" CONTENT="défend" WC="0.91" CC="050000"/>
						<SP ID="P26_SP00229" HPOS="1604" VPOS="2411" WIDTH="37"/>
						<String ID="P26_ST00261" HPOS="1641" VPOS="2362" WIDTH="62" HEIGHT="47" CONTENT="de" WC="0.52" CC="81"/>
						<SP ID="P26_SP00230" HPOS="1703" VPOS="2411" WIDTH="37"/>
						<String ID="P26_ST00262" HPOS="1740" VPOS="2359" WIDTH="317" HEIGHT="49" CONTENT="commander" WC="0.89" CC="040003002"/>
						<SP ID="P26_SP00231" HPOS="2057" VPOS="2411" WIDTH="35"/>
						<String ID="P26_ST00263" HPOS="2092" VPOS="2358" WIDTH="31" HEIGHT="46" CONTENT="à" WC="0.46" CC="5"/>
						<SP ID="P26_SP00232" HPOS="2123" VPOS="2411" WIDTH="35"/>
						<String ID="P26_ST00264" HPOS="2158" VPOS="2356" WIDTH="337" HEIGHT="62" CONTENT="l'Impossible" WC="0.93" CC="100005000000"/>
						<SP ID="P26_SP00233" HPOS="2495" VPOS="2418" WIDTH="14"/>
						<String ID="P26_ST00265" HPOS="2509" VPOS="2354" WIDTH="69" HEIGHT="49" CONTENT="?*.." WC="0.58" CC="2616"/>
						<SP ID="P26_SP00234" HPOS="2578" VPOS="2418" WIDTH="44"/>
						<String ID="P26_ST00266" HPOS="2622" VPOS="2354" WIDTH="63" HEIGHT="47" CONTENT="Et" WC="1.00" CC="00"/>
						<SP ID="P26_SP00235" HPOS="2685" VPOS="2418" WIDTH="38"/>
						<String ID="P26_ST00267" HPOS="2723" VPOS="2352" WIDTH="234" HEIGHT="51" CONTENT="rends-toi" WC="0.89" CC="000002032"/>
					</TextLine>
					<TextLine ID="P26_TL00033" HPOS="1339" VPOS="2425" WIDTH="999" HEIGHT="68">
						<String ID="P26_ST00268" HPOS="1339" VPOS="2432" WIDTH="257" HEIGHT="56" CONTENT="immortel," WC="0.91" CC="100200004"/>
						<SP ID="P26_SP00236" HPOS="1596" VPOS="2488" WIDTH="41"/>
						<String ID="P26_ST00269" HPOS="1637" VPOS="2432" WIDTH="119" HEIGHT="47" CONTENT="d'un" WC="0.98" CC="0405"/>
						<SP ID="P26_SP00237" HPOS="1756" VPOS="2488" WIDTH="39"/>
						<String ID="P26_ST00270" HPOS="1795" VPOS="2447" WIDTH="128" HEIGHT="46" CONTENT="coup" WC="1.00" CC="0000"/>
						<SP ID="P26_SP00238" HPOS="1923" VPOS="2493" WIDTH="37"/>
						<String ID="P26_ST00271" HPOS="1960" VPOS="2429" WIDTH="62" HEIGHT="47" CONTENT="de" WC="1.00" CC="00"/>
						<SP ID="P26_SP00239" HPOS="2022" VPOS="2493" WIDTH="36"/>
						<String ID="P26_ST00272" HPOS="2058" VPOS="2425" WIDTH="200" HEIGHT="54" CONTENT="volonté" WC="0.66" CC="7801203"/>
						<SP ID="P26_SP00240" HPOS="2258" VPOS="2493" WIDTH="20"/>
						<String ID="P26_ST00273" HPOS="2278" VPOS="2427" WIDTH="60" HEIGHT="47" CONTENT="!..." WC="0.98" CC="0224"/>
					</TextLine>
					<TextLine ID="P26_TL00034" HPOS="1481" VPOS="2490" WIDTH="1477" HEIGHT="73">
						<String ID="P26_ST00274" HPOS="1481" VPOS="2504" WIDTH="139" HEIGHT="47" CONTENT="C'est" WC="0.91" CC="13000"/>
						<SP ID="P26_SP00241" HPOS="1620" VPOS="2551" WIDTH="36"/>
						<String ID="P26_ST00275" HPOS="1656" VPOS="2502" WIDTH="124" HEIGHT="48" CONTENT="ainsi" WC="0.80" CC="07001"/>
						<SP ID="P26_SP00242" HPOS="1780" VPOS="2551" WIDTH="38"/>
						<String ID="P26_ST00276" HPOS="1818" VPOS="2517" WIDTH="96" HEIGHT="46" CONTENT="que" WC="0.90" CC="011"/>
						<SP ID="P26_SP00243" HPOS="1914" VPOS="2563" WIDTH="37"/>
						<String ID="P26_ST00277" HPOS="1951" VPOS="2499" WIDTH="46" HEIGHT="47" CONTENT="le" WC="1.00" CC="00"/>
						<SP ID="P26_SP00244" HPOS="1997" VPOS="2563" WIDTH="32"/>
						<String ID="P26_ST00278" HPOS="2029" VPOS="2500" WIDTH="181" HEIGHT="63" CONTENT="Jaguar" WC="0.99" CC="500001"/>
						<SP ID="P26_SP00245" HPOS="2210" VPOS="2563" WIDTH="37"/>
						<String ID="P26_ST00279" HPOS="2247" VPOS="2496" WIDTH="296" HEIGHT="63" CONTENT="métallique," WC="0.88" CC="03000050102"/>
						<SP ID="P26_SP00246" HPOS="2543" VPOS="2563" WIDTH="42"/>
						<String ID="P26_ST00280" HPOS="2585" VPOS="2494" WIDTH="198" HEIGHT="47" CONTENT="avalant" WC="0.75" CC="0064050"/>
						<SP ID="P26_SP00247" HPOS="2783" VPOS="2563" WIDTH="43"/>
						<String ID="P26_ST00281" HPOS="2826" VPOS="2490" WIDTH="47" HEIGHT="48" CONTENT="d'" WC="1.00" CC="00"/>
						<SP ID="P26_SP00248" HPOS="2873" VPOS="2563" WIDTH="20"/>
						<String ID="P26_ST00282" HPOS="2893" VPOS="2508" WIDTH="65" HEIGHT="29" CONTENT="un" WC="0.68" CC="06"/>
					</TextLine>
					<TextLine ID="P26_TL00035" HPOS="1338" VPOS="2564" WIDTH="1620" HEIGHT="68">
						<String ID="P26_ST00283" HPOS="1338" VPOS="2575" WIDTH="104" HEIGHT="48" CONTENT="seul" WC="1.00" CC="0000"/>
						<SP ID="P26_SP00249" HPOS="1442" VPOS="2623" WIDTH="39"/>
						<String ID="P26_ST00284" HPOS="1481" VPOS="2575" WIDTH="116" HEIGHT="47" CONTENT="trait" WC="0.95" CC="00020"/>
						<SP ID="P26_SP00250" HPOS="1597" VPOS="2623" WIDTH="24"/>
						<String ID="P26_ST00285" HPOS="1621" VPOS="2573" WIDTH="284" HEIGHT="47" CONTENT="l'immense" WC="0.89" CC="204000200"/>
						<SP ID="P26_SP00251" HPOS="1905" VPOS="2623" WIDTH="36"/>
						<String ID="P26_ST00286" HPOS="1941" VPOS="2580" WIDTH="199" HEIGHT="52" CONTENT="serpent" WC="0.92" CC="0000005"/>
						<SP ID="P26_SP00252" HPOS="2140" VPOS="2632" WIDTH="38"/>
						<String ID="P26_ST00287" HPOS="2178" VPOS="2570" WIDTH="65" HEIGHT="46" CONTENT="du" WC="1.00" CC="00"/>
						<SP ID="P26_SP00253" HPOS="2243" VPOS="2632" WIDTH="40"/>
						<String ID="P26_ST00288" HPOS="2283" VPOS="2569" WIDTH="179" HEIGHT="53" CONTENT="circuit," WC="0.86" CC="04003200"/>
						<SP ID="P26_SP00254" HPOS="2462" VPOS="2632" WIDTH="54"/>
						<String ID="P26_ST00289" HPOS="2516" VPOS="2566" WIDTH="230" HEIGHT="64" CONTENT="enjamba" WC="0.94" CC="0030000"/>
						<SP ID="P26_SP00255" HPOS="2746" VPOS="2632" WIDTH="37"/>
						<String ID="P26_ST00290" HPOS="2783" VPOS="2564" WIDTH="44" HEIGHT="47" CONTENT="le" WC="1.00" CC="00"/>
						<SP ID="P26_SP00256" HPOS="2827" VPOS="2632" WIDTH="37"/>
						<String ID="P26_ST00291" HPOS="2864" VPOS="2574" WIDTH="71" HEIGHT="37" CONTENT="tor" SUBS_TYPE="HypPart1" SUBS_CONTENT="torpilleur" WC="0.81" CC="070"/>
						<HYP HPOS="2935" VPOS="2574" WIDTH="23" CONTENT="-"/>
					</TextLine>
					<TextLine ID="P26_TL00036" HPOS="1339" VPOS="2635" WIDTH="1619" HEIGHT="75">
						<String ID="P26_ST00292" HPOS="1339" VPOS="2645" WIDTH="175" HEIGHT="65" CONTENT="pilleur" SUBS_TYPE="HypPart2" SUBS_CONTENT="torpilleur" WC="0.78" CC="0052023"/>
						<SP ID="P26_SP00257" HPOS="1514" VPOS="2710" WIDTH="37"/>
						<String ID="P26_ST00293" HPOS="1551" VPOS="2644" WIDTH="203" HEIGHT="48" CONTENT="funèbre" WC="0.90" CC="0006000"/>
						<SP ID="P26_SP00258" HPOS="1754" VPOS="2710" WIDTH="37"/>
						<String ID="P26_ST00294" HPOS="1791" VPOS="2644" WIDTH="62" HEIGHT="46" CONTENT="de" WC="1.00" CC="00"/>
						<SP ID="P26_SP00259" HPOS="1853" VPOS="2710" WIDTH="36"/>
						<String ID="P26_ST00295" HPOS="1889" VPOS="2641" WIDTH="47" HEIGHT="47" CONTENT="la" WC="1.00" CC="00"/>
						<SP ID="P26_SP00260" HPOS="1936" VPOS="2710" WIDTH="39"/>
						<String ID="P26_ST00296" HPOS="1975" VPOS="2641" WIDTH="148" HEIGHT="54" CONTENT="Mort," WC="0.72" CC="05034"/>
						<SP ID="P26_SP00261" HPOS="2123" VPOS="2710" WIDTH="41"/>
						<String ID="P26_ST00297" HPOS="2164" VPOS="2650" WIDTH="50" HEIGHT="37" CONTENT="et" WC="0.97" CC="00"/>
						<SP ID="P26_SP00262" HPOS="2214" VPOS="2710" WIDTH="37"/>
						<String ID="P26_ST00298" HPOS="2251" VPOS="2640" WIDTH="180" HEIGHT="47" CONTENT="mordit" WC="0.75" CC="050360"/>
						<SP ID="P26_SP00263" HPOS="2431" VPOS="2710" WIDTH="37"/>
						<String ID="P26_ST00299" HPOS="2468" VPOS="2654" WIDTH="60" HEIGHT="30" CONTENT="en" WC="0.63" CC="15"/>
						<SP ID="P26_SP00264" HPOS="2528" VPOS="2710" WIDTH="42"/>
						<String ID="P26_ST00300" HPOS="2570" VPOS="2636" WIDTH="128" HEIGHT="64" CONTENT="plein" WC="0.98" CC="03065"/>
						<SP ID="P26_SP00265" HPOS="2698" VPOS="2710" WIDTH="28"/>
						<String ID="P26_ST00301" HPOS="2726" VPOS="2635" WIDTH="124" HEIGHT="47" CONTENT="dans" WC="0.81" CC="0240"/>
						<SP ID="P26_SP00266" HPOS="2850" VPOS="2710" WIDTH="19"/>
						<String ID="P26_ST00302" HPOS="2869" VPOS="2650" WIDTH="89" HEIGHT="32" CONTENT="son" WC="0.90" CC="030"/>
					</TextLine>
					<TextLine ID="P26_TL00037" HPOS="1338" VPOS="2711" WIDTH="849" HEIGHT="69">
						<String ID="P26_ST00303" HPOS="1338" VPOS="2716" WIDTH="306" HEIGHT="64" CONTENT="scaphandre" WC="0.91" CC="0000404000"/>
						<SP ID="P26_SP00267" HPOS="1644" VPOS="2780" WIDTH="24"/>
						<String ID="P26_ST00304" HPOS="1668" VPOS="2711" WIDTH="123" HEIGHT="50" CONTENT="vitré" WC="0.86" CC="02004"/>
						<SP ID="P26_SP00268" HPOS="1791" VPOS="2780" WIDTH="38"/>
						<String ID="P26_ST00305" HPOS="1829" VPOS="2714" WIDTH="62" HEIGHT="47" CONTENT="de" WC="0.89" CC="02"/>
						<SP ID="P26_SP00269" HPOS="1891" VPOS="2780" WIDTH="37"/>
						<String ID="P26_ST00306" HPOS="1928" VPOS="2712" WIDTH="259" HEIGHT="47" CONTENT="diamants." WC="0.96" CC="020000010"/>
					</TextLine>
				</TextBlock>
				<TextBlock ID="P26_TB00003" HPOS="1455" VPOS="2859" WIDTH="1122" HEIGHT="57" STYLEREFS="TXT_2 PAR_LEFT">
					<TextLine ID="P26_TL00038" HPOS="1458" VPOS="2863" WIDTH="1117" HEIGHT="53">
						<String ID="P26_ST00307" HPOS="1458" VPOS="2876" WIDTH="230" HEIGHT="39" CONTENT="BRESCIA," WC="0.99" CC="72000223" STYLEREFS="TXT_3"/>
						<SP ID="P26_SP00270" HPOS="1688" VPOS="2915" WIDTH="294"/>
						<String ID="P26_ST00308" HPOS="1982" VPOS="2867" WIDTH="37" HEIGHT="38" CONTENT="le" WC="0.78" CC="40"/>
						<SP ID="P26_SP00271" HPOS="2019" VPOS="2915" WIDTH="85"/>
						<String ID="P26_ST00309" HPOS="2104" VPOS="2867" WIDTH="109" HEIGHT="49" CONTENT="jour" WC="0.65" CC="0814"/>
						<SP ID="P26_SP00272" HPOS="2213" VPOS="2916" WIDTH="169"/>
						<String ID="P26_ST00310" HPOS="2382" VPOS="2866" WIDTH="49" HEIGHT="38" CONTENT="de" WC="0.96" CC="00"/>
						<SP ID="P26_SP00273" HPOS="2431" VPOS="2916" WIDTH="101"/>
						<String ID="P26_ST00311" HPOS="2532" VPOS="2863" WIDTH="43" HEIGHT="41" CONTENT="la" WC="0.37" CC="75"/>
					</TextLine>
				</TextBlock>
				<TextBlock ID="P26_TB00004" HPOS="2288" VPOS="2987" WIDTH="528" HEIGHT="76" STYLEREFS="TXT_4 PAR_RIGHT">
					<TextLine ID="P26_TL00039" HPOS="2293" VPOS="3014" WIDTH="523" HEIGHT="49">
						<String ID="P26_ST00312" HPOS="2293" VPOS="3015" WIDTH="63" HEIGHT="48" CONTENT="F." WC="0.51" CC="54"/>
						<SP ID="P26_SP00274" HPOS="2356" VPOS="3063" WIDTH="52"/>
						<String ID="P26_ST00313" HPOS="2408" VPOS="3015" WIDTH="44" HEIGHT="47" CONTENT="T." WC="0.98" CC="00"/>
						<SP ID="P26_SP00275" HPOS="2452" VPOS="3063" WIDTH="264"/>
						<String ID="P26_ST00314" HPOS="2716" VPOS="3014" WIDTH="100" HEIGHT="48" CONTENT="Marinetti." WC="1.00" CC="4190000000"/>
					</TextLine>
				</TextBlock>
				<TextBlock ID="P26_TB00005" HPOS="2040" VPOS="3508" WIDTH="230" HEIGHT="38" STYLEREFS="TXT_5 PAR_CENTER">
					<TextLine ID="P26_TL00040" HPOS="2040" VPOS="3508" WIDTH="230" HEIGHT="38">
						<String ID="P26_ST00315" HPOS="2040" VPOS="3508" WIDTH="230" HEIGHT="38" CONTENT="24" WC="1.00" CC="00"/>
					</TextLine>
				</TextBlock>
			</PrintSpace>
		</Page>
	</Layout>
</alto>
