3982 3665
3452 99 278 40 POESIA

417 236 53 33 La
495 235 354 42 rappresentazione
874 235 117 42 perde
1025 234 36 33 di
1088 234 100 34 forza
1219 233 83 34 solo
1334 233 62 33 nel-

369 282 161 35 l'ultimo
542 293 109 24 verso
663 283 68 33 che
742 282 144 34 ricorda
900 282 107 33 l'arte
1020 281 120 36 solita.
1156 293 19 22 «
1186 282 53 33 La
1250 281 116 34 Fame
1377 295 14 15 »
1405 291 8 23 :

493 365 50 28 La
566 373 63 20 sua
651 364 110 30 bocca
783 372 72 21 non
880 364 46 29 ha
948 363 112 37 denti,
1086 371 72 21 non
1182 363 45 29 ha

492 405 138 37 labbra,
655 414 57 20 ma
736 408 97 26 tutta
856 414 80 20 rosa
959 404 96 29 dalla
1079 405 79 29 tabe

494 446 161 36 mastica,
681 446 122 37 ingoia
825 454 67 21 con
916 445 182 38 cupidigie
1121 454 131 21 oscene

493 487 104 30 l'aria
620 487 64 30 che
707 496 106 28 passa
836 487 108 37 piena
966 486 37 29 di
1028 486 133 38 sapori,

494 538 65 21 con
583 528 169 30 velenosa
775 527 45 30 ed
843 527 107 30 avida
972 526 152 32 ansietà.

497 569 59 30 Pel
580 578 68 21 suo
671 578 108 29 corpo
803 578 72 20 non
900 569 152 37 pulsano
1076 568 33 30 le
1132 578 104 28 vene,

494 620 18 20 e
536 611 33 29 le
595 610 96 29 mani
716 610 120 29 hanno
860 609 76 30 dita
959 609 240 38 polpacciute,

495 651 252 37 senz'unghie,
772 660 106 20 senza
902 651 71 38 peli
998 650 45 30 nè
1064 650 174 37 giunture

493 692 66 30 che
582 701 149 21 cercano
755 693 58 29 nel
837 696 124 32 vuoto,
985 691 256 38 brancolando,

492 733 265 30 stiracchiando
781 734 32 29 le
837 733 141 30 braccia
1001 741 100 21 come
1124 733 144 38 impure

493 774 139 39 spatole
655 783 106 21 senza
783 774 77 30 vita
881 784 19 20 e
923 783 105 21 senza
1051 777 96 27 cute.

416 849 89 36 Così
541 850 120 33 scrive
699 849 23 34 il
759 849 238 35 Cavacchioli
1036 849 36 33 in
1109 850 88 42 quel
1237 850 180 34 macabro

369 898 59 34 eh'
446 900 21 33 è
491 901 104 30 tanta
633 901 106 39 parte
775 897 171 34 dell'arte
973 907 67 23 sua
1055 907 7 29 ;
1102 907 62 23 ma
1202 896 22 33 il
1252 897 165 34 volubile

369 950 101 29 estro
496 945 50 42 gli
571 944 48 34 dà
644 944 35 34 la
705 954 113 24 mano
844 955 65 32 per
928 943 227 43 espressioni
1174 943 37 33 di
1230 944 187 35 tutt'altro

369 999 105 35 tono,
501 1001 149 33 sempre
676 991 220 35 rimanendo
923 1002 70 23 con
1013 992 87 42 quel
1119 990 143 35 fascino
1281 992 36 34 di
1341 992 76 35 vita

369 1050 126 25 nuova
520 1039 69 33 che
615 1039 35 33 lo
677 1038 202 43 distingue.
909 1058 44 7 —
979 1050 18 20 «
1018 1039 59 34 Un
1104 1038 117 34 flauto
1241 1051 17 21 »
1276 1050 9 24 :

453 1110 50 30 Su
527 1117 63 30 per
614 1108 9 30 i
651 1109 112 29 monti
787 1108 19 30 è
829 1108 154 30 chiarità
1005 1108 186 39 profonda,

486 1150 191 37 immensa,
702 1160 18 20 e
744 1150 24 29 il
793 1150 152 30 flautato
968 1150 122 29 animo
1114 1150 167 37 informe,

493 1201 109 28 grave
626 1191 199 37 s'espande
848 1201 66 20 con
940 1200 49 20 un
1012 1190 104 38 grido
1139 1200 148 21 enorme

494 1233 65 29 che
583 1232 145 29 sembra
750 1232 36 29 di
809 1232 152 30 lontano
983 1232 30 29 si
1037 1232 183 38 risponda.

455 1286 50 28 La
529 1288 86 26 nota
637 1288 116 33 acuta,
777 1284 105 38 quasi
906 1284 30 29 si
961 1284 183 30 nasconda

495 1329 54 26 tra
571 1326 33 29 le
627 1325 170 29 alberelle
820 1324 58 30 del
904 1326 109 28 bosco
1036 1325 65 29 che
1124 1325 136 38 dorme,

494 1366 89 30 ristà
606 1366 56 29 sul
686 1366 82 29 l'ale
791 1366 58 29 del
874 1366 160 30 silenzio.
1069 1367 28 28 A
1121 1369 137 37 torme,]

495 1417 19 20 a
536 1416 154 29 gamme,
715 1407 121 37 infine,
862 1407 24 29 il
912 1411 85 26 tono
1012 1407 24 29 il
1060 1408 90 29 cielo
1174 1408 147 31 inonda.

456 1462 65 29 Per
545 1461 10 29 i
580 1460 121 30 falcati
725 1459 99 30 archi
849 1460 118 29 lunari
991 1458 179 40 ondeggia

496 1503 35 29 la
553 1502 175 30 vellutata
750 1501 186 29 armonica
959 1500 102 30 follia

496 1545 66 28 che
585 1543 46 30 ha
653 1542 92 38 gridi
769 1551 18 20 e
811 1542 102 37 sogni
938 1542 37 29 di
1000 1541 139 30 lontani
1163 1543 127 32 amori.

455 1606 18 21 e
496 1596 104 30 vibra
624 1594 211 38 meraviglia
859 1594 37 29 in
921 1594 87 29 tutti
1034 1595 8 28 i
1068 1594 96 29 cuori

495 1646 63 30 per
581 1639 129 35 questa
733 1635 236 30 affascinante
994 1636 156 29 melodia

495 1679 66 29 che
585 1686 72 21 non
680 1677 45 30 ha
741 1686 110 28 regno
867 1686 18 20 e
902 1677 145 37 alberga
1063 1676 38 30 in
1117 1686 73 21 una
1204 1677 132 39 reggia.

421 1755 65 33 Ho
512 1754 183 42 riportato
720 1752 63 35 tali
812 1752 144 42 esempi
990 1752 60 42 pei
1088 1753 101 43 quali
1227 1754 193 42 possiamo

373 1801 228 35 concludere
627 1800 87 43 quel
740 1800 68 33 che
833 1800 32 33 ci
900 1810 167 23 occorre.
1108 1800 136 35 Enrico
1276 1801 122 35 Cavac-

373 1849 111 34 chioli
510 1849 156 41 dunque
692 1848 21 33 è
738 1857 49 23 un
816 1851 112 37 poeta
949 1857 19 23 e
986 1847 102 33 batte
1105 1848 34 32 la
1157 1848 60 33 via
1236 1849 182 34 dell'arte.

375 1897 53 33 La
454 1895 222 43 sua'parola
702 1893 211 34 malleabile
939 1905 109 22 come
1079 1893 97 35 l'oro
1202 1905 20 23 e
1248 1897 173 33 versatile

374 1954 108 23 come
508 1944 34 33 la
567 1943 82 32 luce
675 1942 47 33 ha
749 1942 22 32 il
797 1952 122 23 suono
945 1951 133 24 sereno
1105 1952 19 23 e
1147 1942 195 42 gagliardo
1361 1944 59 33 del

375 1990 152 35 metallo
554 1990 127 33 buono
708 1989 121 33 anche
853 1989 35 33 là
914 1989 97 33 dove
1037 1989 35 32 la
1106 1999 68 23 sua
1210 1990 211 34 intenzione

375 2049 74 23 non
475 2037 48 34 ha
550 2041 114 29 avuto
689 2036 124 41 quella
862 2041 146 36 tempra
1034 2036 69 33 che
1129 2037 34 32 le
1196 2047 63 23 era
1292 2048 108 24 neces-

375 2086 97 33 saria
488 2094 8 31 ;
524 2093 109 25 come
659 2083 176 33 abbiamo
861 2088 140 38 notato,
1034 2093 83 23 essa
1154 2085 20 32 è
1206 2090 215 36 sopratutto

375 2144 74 22 una
477 2131 129 42 parola
632 2130 284 34 esteticamente
933 2130 89 45 (non
1049 2140 114 32 posso
1182 2130 78 35 dire
1287 2133 113 33 moral-

375 2182 140 38 mente)
559 2188 110 34 sana,
709 2188 109 23 senza
860 2177 266 34 accademiche
1166 2178 252 43 simulazioni,

375 2236 111 25 senza
513 2225 9 33 i
549 2224 144 34 lustrini
725 2235 20 22 e
773 2225 9 32 i
807 2225 224 42 campanelli
1070 2224 69 34 che
1176 2225 34 34 le
1248 2227 68 33 arti
1355 2237 44 32 po-

376 2284 87 24 vere
488 2272 152 34 devono
666 2272 167 33 mettersi
851 2277 149 29 attorno
1019 2282 65 32 per
1102 2271 167 36 chiamar
1296 2280 124 36 gente,

376 2319 258 36 Esaminando
660 2330 21 22 a
707 2324 116 37 parte,
849 2331 21 22 a
898 2324 105 37 parte
1029 2329 49 23 un
1116 2329 70 23 suo
1220 2321 176 42 componi-

376 2373 129 30 mento
531 2368 61 33 noi
619 2368 249 33 constatiamo
895 2377 70 23 con
985 2366 147 43 piacere
1150 2377 108 24 come
1276 2368 36 33 di
1331 2378 69 32 que-

376 2421 58 29 sto
462 2419 111 38 poeta
611 2424 76 22 non
724 2415 30 31 si
793 2415 76 40 può
907 2415 79 33 dire
1024 2413 69 34 che
1126 2414 111 34 abbia
1264 2416 136 41 gioche-

377 2464 131 33 rellato
534 2462 36 32 di
597 2461 259 42 aggettivuzzi,
884 2461 36 32 di
947 2460 167 41 nometti,
1143 2461 35 32 di
1216 2463 206 33 avverbioli

376 2520 109 24 come
519 2508 173 42 sogliono
719 2508 76 34 fare
822 2509 8 32 i
857 2509 166 40 passanti
1049 2518 20 22 e
1096 2509 166 40 presunti
1294 2511 107 33 fauto-

377 2558 63 33 lini
466 2556 97 33 della
587 2566 108 23 musa
721 2556 177 40 lattaiola,
928 2556 96 33 nelle
1062 2556 128 40 poesie
1225 2556 59 33 dei
1321 2557 102 42 quali

378 2615 73 23 una
477 2603 129 42 parola
634 2603 74 42 più,
736 2612 74 24 una
837 2603 129 41 parola
993 2612 112 23 meno
1130 2613 75 23 non
1227 2610 134 35 guasta
1382 2624 40 5 —

377 2653 37 33 in
439 2651 51 34 lui
517 2651 21 32 è
562 2651 184 33 tutt'altra
772 2660 100 25 cosa.
899 2649 43 34 E'
971 2649 36 33 in
1037 2649 51 32 lui
1116 2649 34 33 la
1176 2652 176 33 coesione
1386 2651 37 34 di

376 2697 174 35 elementi
569 2697 70 34 che
656 2699 236 32 caratterizza
910 2707 20 22 e
950 2707 115 32 prova
1084 2698 341 41 perentoriamente

377 2747 142 40 l'opera
545 2744 122 35 d'arte
680 2756 8 31 ;
717 2755 49 23 un
799 2745 219 41 organismo
1050 2754 20 22 a
1104 2744 59 33 cui
1194 2745 30 33 si
1259 2756 165 31 possono

377 2794 295 40 impunemente,
693 2802 112 24 senza
831 2792 69 33 che
918 2802 40 22 se
976 2802 46 22 ne
1041 2791 149 43 risenta,
1215 2797 209 39 strappare,

379 2840 205 41 mettiamo,
612 2850 50 22 un
695 2839 146 40 occhio,
879 2850 49 22 un
961 2848 112 32 pezzo
1111 2838 236 43 d'intestino,
1375 2851 50 23 un

378 2888 176 43 polmone
580 2897 74 24 non
681 2887 21 33 è
727 2886 64 42 più
817 2897 50 22 un
893 2886 219 42 organismo
1138 2907 43 4 —
1207 2897 83 24 esso
1324 2889 21 32 è
1375 2899 49 22 un

378 2935 195 34 cadavere.

847 2982 210 51 Emilio
1093 2982 254 51 Zanette.

399 3093 125 54 Dal
711 3097 268 49 Mercure
1321 3095 71 48 de

426 3222 60 35 Un
505 3220 214 35 irrésistible
737 3219 130 34 besoin
886 3220 47 33 de
951 3221 220 32 renouveler
1196 3231 69 23 nos
1285 3221 141 34 visions

380 3275 37 29 et
443 3280 69 24 nos
536 3268 213 34 sensations
777 3278 95 31 pour
907 3267 115 33 aimer
1053 3273 37 27 et
1123 3278 95 31 pour
1244 3269 182 41 reprende

380 3318 34 33 la
441 3318 59 32 vie
525 3315 93 34 d'un
642 3325 133 23 amour
808 3323 186 33 nouveau,
1022 3315 155 41 sincère,
1206 3313 105 36 nòtre
1316 3342 8 15 ,
1352 3316 49 33 do-

381 3365 100 34 mine
506 3368 86 30 tous
618 3374 61 22 ces
701 3361 134 42 jeunes
862 3361 146 35 talents.

1569 232 58 33 De
1642 232 134 42 mème,
1792 231 49 34 M.
1860 229 139 34 Enrico
2014 228 248 41 Cavacchioli,
2278 228 93 33 dont
2387 226 184 42 l'étrange

1522 284 37 28 et
1593 279 95 33 forte
1714 277 171 34 fantaisie
1910 287 21 23 a
1957 278 134 33 trouvé
2116 276 66 33 des
2209 275 169 45 rythmes
2417 274 154 42 parfaits

1522 336 96 32 pour
1643 325 272 34 s'extérioriser
1940 334 47 23 en
2025 324 147 39 beauté,
2211 328 148 29 montre
2396 322 34 33 la
2471 332 73 23 nou-

1522 374 136 33 veauté
1682 372 47 34 de
1755 383 40 23 sa
1821 371 121 35 vision
1969 372 47 33 de
2042 371 32 33 la
2102 371 71 34 vie.

1568 421 79 33 Son
1673 430 142 30 oeuvre,
1843 417 45 34 V
1894 419 45 33 hi
1943 418 89 34 cubo
2059 418 139 40 Velaio,
2227 428 21 21 a
2274 418 60 32 été
2354 418 217 31 couronnée

1522 478 68 31 par
1615 468 34 33 la
1677 477 113 24 revue
1816 466 208 39 Poesia
2050 465 64 43 qui
2142 464 49 34 l'a
2216 465 127 33 saluée
2369 463 181 42 triompha-

1523 515 152 34 lement.

1569 562 59 34 Un
1655 571 133 24 amour
1812 571 167 31 sauvage
2004 559 47 33 de
2077 559 33 33 la
2137 562 144 38 nature,
2307 567 73 23 une
2403 558 146 40 compré-

1523 608 158 34 hension
1707 608 179 34 farouche
1912 608 66 33 des
1997 611 174 37 rapports
2197 611 105 27 entre
2324 605 53 32 les
2399 604 174 33 hommes

1523 661 36 28 et
1594 656 54 33 les
1674 656 148 39 choses,
1858 665 74 23 une
1966 653 253 43 signification
2265 651 309 42 singulièrement

1523 703 170 43 ironique
1712 703 227 34 découverte
1952 701 94 34 dans
2060 700 147 42 chaque
2221 699 157 34 attitude
2394 698 47 34 de
2454 699 119 43 l'ètre,

1523 750 163 35 forment
1712 750 33 35 le
1771 750 151 34 charme
1941 754 36 29 et
1995 748 239 41 l'envergure
2260 746 47 34 de
2325 757 59 23 ses
2403 747 168 41 poèmes.

2319 808 267 59 picciotto

1531 920 129 52 Dal
1842 921 271 50 Palvese:

1685 999 208 31 Accasciata
1915 1007 41 21 su
1980 997 35 30 le
2037 997 126 38 gambe
2187 995 222 39 impudiche,

1648 1041 160 36 flaccide,
1833 1041 36 29 la
1892 1039 151 30 cadente
2065 1039 120 29 anima
2206 1039 104 28 triste

1646 1083 109 37 guata
1778 1091 38 20 se
1841 1081 71 29 mai
1936 1081 56 29 nel
2016 1089 149 28 vespero
2190 1087 197 29 passarono

1645 1125 32 27 le
1701 1122 122 39 prede,
1849 1121 53 31 coi
1927 1121 192 38 sanguigni
2153 1121 102 29 occhi
2280 1120 149 31 stellari.

1644 1164 84 30 Sale
1750 1173 49 20 un
1823 1172 82 21 coro
1928 1162 37 30 di
1988 1162 159 38 prefiche
2170 1162 159 35 lontane,

1647 1208 185 33 nascoste;
1858 1213 51 20 un
1932 1203 200 34 bubbolare
2156 1202 34 29 di
2215 1211 175 29 campane

1648 1247 73 30 alto
1744 1245 176 30 s'effonde
1943 1254 63 28 per
2030 1244 10 29 i
2063 1244 79 31 cieli
2167 1244 123 29 chiari.

1649 1288 51 28 La
1722 1296 65 20 sua
1810 1287 110 29 bocca
1944 1295 72 20 non
2040 1284 20 30 à
2081 1284 116 37 denti,
2223 1294 72 20 non
2319 1284 19 30 à

1648 1328 137 37 labbra,
1811 1336 58 21 ma
1891 1329 98 27 tutta
2012 1325 81 30 ròsa
2115 1325 98 30 dalia
2236 1326 81 29 tabe

1649 1369 162 36 mastica,
1838 1368 119 37 ingoia
1979 1376 67 21 con
2070 1366 185 38 cupidigie
2281 1375 130 22 oscene

1648 1410 99 31 l'aria
1770 1409 65 30 che
1858 1418 106 28 passa
1987 1408 107 38 piena
2116 1407 36 30 di
2177 1408 132 36 sapori,

1648 1460 68 21 con
1738 1450 172 31 velenosa
1931 1449 46 30 ed
2000 1448 107 31 avida
2129 1448 152 31 ansietà.

1572 1528 55 33 La
1645 1526 130 42 fame:
1802 1525 87 35 Così
1907 1527 21 32 è
1954 1526 144 33 ritratta
2116 1524 48 33 da
2183 1524 138 35 Enrico
2340 1524 238 34 Cavacchioli

1526 1574 59 33 nel
1611 1585 69 23 suo
1706 1575 153 32 volume
1885 1571 187 35 VIncubo
2099 1573 124 32 Velato
2229 1601 6 5 .
2256 1572 52 33 La
2334 1572 143 33 visione
2504 1582 74 23 non

1527 1621 129 34 finisce
1684 1621 63 42 qui
1761 1632 8 30 ;
1791 1621 22 32 il
1832 1625 112 37 poeta
1963 1619 178 34 continua
2168 1620 47 32 ad
2234 1620 190 41 inciderla,
2443 1631 20 22 a
2481 1629 73 22 sma-

1526 1668 117 34 niarla
1670 1679 72 23 con
1769 1669 9 31 i
1805 1668 83 33 suoi
1919 1666 190 43 corrosivi,
2145 1665 123 35 finché
2293 1677 75 23 non
2395 1677 46 23 ne
2468 1667 110 32 abbia

1527 1721 153 28 esausto
1715 1720 98 29 tutto
1850 1714 24 33 1'
1893 1724 141 30 orrore,
2074 1724 71 24 non
2186 1724 46 23 ne
2270 1714 111 33 abbia
2413 1714 165 40 aspirato

1526 1765 97 32 tutto
1649 1764 23 32 ii
1698 1762 99 34 lezzo
1835 1761 98 34 dalla
1970 1762 118 32 bocca
2125 1761 182 34 famelica.
2347 1762 68 32 Per
2455 1761 124 42 quella

1526 1810 119 33 bocca
1679 1819 207 32 passarono
1911 1819 23 24 «
1959 1809 219 34 membrane
2204 1818 125 23 marce
2354 1819 21 22 e
2400 1809 104 40 corpi
2541 1808 37 33 di

1526 1856 208 44 lombrichi,
1759 1862 96 28 teste
1881 1856 36 33 di
1952 1856 96 33 sorci
2074 1867 20 22 e
2133 1860 96 29 tutta
2253 1855 281 33 l'immondizia
2559 1866 21 22 e

1526 1904 35 33 la
1587 1904 170 32 barbarie
1782 1904 96 33 delle
1903 1904 101 32 carni
2022 1903 121 33 sfatte.
2161 1914 17 21 »
2207 1903 143 42 Questa
2377 1902 202 42 purulenza

1526 1961 73 23 non
1625 1951 29 33 si
1682 1956 115 29 mette
1823 1952 36 32 in
1885 1951 96 32 versi
2008 1960 65 32 per
2097 1950 34 33 la
2158 1950 121 42 prima
2296 1949 120 41 volta;
2444 1950 135 32 Enrico

1528 1997 236 35 Cavacchioli
1796 1997 179 34 discende
2013 1997 263 33 direttamente
2315 1997 98 33 dalla
2451 1997 128 33 scuola

1526 2046 70 32 che
1623 2045 149 33 celebrò
1799 2044 23 33 il
1849 2055 69 23 suo
1956 2044 213 42 leggittimo
2207 2050 163 27 avvento
2395 2044 22 33 il
2444 2044 134 42 giorno

1527 2094 69 31 che
1623 2092 110 34 Carlo
1774 2091 220 35 Baudelaire
2032 2091 227 34 incominciò
2289 2102 20 22 a
2335 2091 54 32 far
2416 2102 19 22 «
2455 2091 125 33 fiorire

1528 2139 23 33 il
1578 2139 96 34 male
1702 2154 14 15 »
1747 2149 20 23 e
1793 2149 20 22 a
1839 2138 187 35 condurre
2056 2138 35 34 la
2129 2138 206 33 schifiltosa
2378 2138 109 33 Musa
2514 2149 65 32 per

1527 2186 34 33 le
1586 2186 59 33 vie
1671 2185 272 35 malinconiche
1969 2196 43 23 su
2039 2185 33 33 le
2098 2185 100 42 quali
2225 2185 30 33 si
2297 2185 222 34 incontrano
2545 2186 34 32 la

1528 2243 165 32 carogna
1717 2244 21 23 e
1764 2233 35 33 la
1833 2232 266 44 putrefazione.
2130 2244 20 22 «
2168 2232 116 33 Santa
2312 2233 202 33 Putredine
2532 2243 18 22 »
2571 2243 7 22 :

1528 2291 76 23 uno
1631 2280 59 34 dei
1718 2280 241 42 personaggi,
1987 2290 19 22 e
2032 2279 23 33 il
2083 2280 60 41 più
2172 2280 167 43 solenne,
2381 2279 60 33 del
2467 2291 23 22 «
2509 2280 70 33 Roi

1529 2328 214 33 Bombance
1754 2338 19 21 »
1789 2327 36 32 di
1841 2328 40 34 F.
1895 2328 44 35 T.
1952 2326 188 34 Marinetti
2154 2337 7 23 :
2177 2326 34 35 la
2226 2326 111 33 fatale
2350 2326 155 34 divinità
2520 2327 59 33 dei

1529 2376 102 41 poeti
1658 2375 68 33 che
1752 2374 148 34 vedono
1927 2374 23 32 il
1985 2375 140 32 mondo
2163 2384 71 23 con
2271 2373 105 33 occhi
2404 2375 154 40 pessimi-

1529 2422 80 33 stici
1628 2432 8 30 ;
1665 2421 70 34 che
1773 2432 76 23 non
1888 2420 28 34 si
1955 2431 214 31 accorgono
2204 2420 164 34 soltanto
2411 2421 169 34 dell'aria

1529 2479 106 32 pura,
1656 2469 58 32 del
1741 2469 128 40 verde,
1888 2467 59 33 dei
1973 2469 131 40 sereni,
2132 2467 97 34 della
2255 2478 171 31 capanna
2453 2479 71 23 ove
2550 2469 30 33 si

1529 2516 270 33 baciucchiano
1827 2516 48 41 gli
1902 2515 151 41 ingenui
2082 2516 152 42 amanti,
2254 2526 60 21 ma
2340 2525 95 23 sono
2462 2516 119 33 anche

1529 2563 258 34 orribilmente
1829 2562 275 41 impressionati
2147 2563 99 41 dagli
2289 2562 195 38 scirocchi,
2521 2563 60 33 dai

1529 2611 96 34 torvi
1651 2610 115 37 rovai,
1791 2610 100 41 dagli
1931 2608 207 43 acquitrini,
2178 2608 98 34 dalle
2313 2610 126 40 mefiti,
2479 2610 102 41 dagli

1530 2657 184 43 ospedali,
1741 2656 98 34 dalle
1874 2666 148 24 camere
2052 2656 158 34 funebri.
2246 2656 82 32 Essi
2356 2657 125 33 hanno
2507 2668 75 22 una

1531 2704 193 42 mitologia
1762 2704 70 33 che
1864 2704 83 32 vale
1988 2704 113 41 quell'
2123 2704 93 32 altra
2235 2714 7 22 :
2277 2714 75 22 una
2387 2704 196 41 mitologia

1533 2752 98 33 della
1658 2755 104 30 notte
1788 2761 20 23 e
1840 2750 59 34 del
1931 2750 124 42 fango,
2092 2756 271 36 contrapposta
2401 2763 21 21 a
2458 2752 125 42 quella

1531 2798 86 34 dell'
1639 2799 154 40 Olimpo
1819 2808 20 21 e
1865 2797 96 34 della
2001 2808 85 23 rosa
2123 2797 59 34 dei
2209 2797 93 43 cieli,
2333 2803 96 29 tutta
2455 2799 107 42 limpi-

1531 2846 111 33 dezza
1669 2856 20 23 e
1714 2845 215 43 splendore.
1959 2845 92 33 Pare
2078 2843 125 35 altresì
2229 2844 69 33 che
2324 2845 153 34 talvolta
2503 2857 61 30 sap-

1532 2894 113 41 piano
1671 2892 148 33 vincere
1845 2892 97 33 nella
1969 2903 91 31 gara
2087 2893 147 40 poetica
2248 2902 6 23 :
2283 2892 119 33 infatti
2421 2893 162 33 VIncubo

1533 2941 122 33 velaio
1681 2939 97 34 ebbe
1803 2939 22 33 il
1852 2940 145 41 premio
2022 2939 60 33 nel
2108 2949 184 23 concorso
2309 2939 156 34 bandito
2484 2940 100 33 dalla

1532 2987 129 34 rivista
1688 2986 155 34 Poesia:
1869 2997 20 22 e
1916 2987 171 41 giustizia
2114 2997 82 23 resa
2221 2986 47 33 ad
2296 2996 73 23 una
2396 2987 97 33 dalle
2520 2987 63 42 più

1531 3034 164 43 lugubri,
1720 3044 60 23 ma
1806 3033 121 34 anche
1952 3034 64 42 più
2042 3039 105 28 vaste
2173 3045 19 21 e
2229 3032 62 42 più
2318 3032 108 35 fertili
2453 3035 110 41 imagi-

1532 3081 147 35 nazioni
1704 3081 71 33 che
1801 3084 238 38 promettano
2073 3081 35 32 di
2141 3086 286 37 rappresentare
2453 3081 113 42 l'enig-

1533 3140 61 23 ma
1620 3127 97 35 della
1743 3128 75 33 vita
1856 3138 70 24 con
1964 3139 75 22 una
2070 3133 109 28 acuta
2206 3139 19 22 e
2251 3126 190 44 disperata
2467 3129 98 34 sensi-

1533 3176 118 35 tività.

1580 3223 68 34 Per
1672 3226 144 39 quanto
1842 3220 23 34 il
1891 3227 113 37 poeta
2037 3222 96 33 trovi
2168 3222 35 33 in
2230 3227 143 29 cotesta
2404 3233 68 23 sua
2498 3223 65 32 ima-

1533 3270 193 42 ginazione
1751 3269 226 42 espressioni
2005 3269 167 40 mirabili,
2200 3280 74 23 non
2293 3269 204 34 dobbiamo
2524 3281 40 21 na-

1531 3316 196 35 sconderci
1752 3316 70 34 che
1847 3316 10 33 i
1883 3317 83 33 suoi
1993 3317 143 40 mostri,
2164 3317 9 32 i
2199 3317 82 33 suoi
2309 3317 138 40 incubi,
2469 3317 8 32 i
2502 3316 82 34 suoi

1531 3365 145 41 lemuri,
1704 3364 34 34 le
1763 3374 67 24 sue
1856 3364 173 43 versiere,
2056 3365 33 33 le
2114 3374 67 24 sue
2209 3365 140 43 piovre,
2375 3365 33 33 le
2433 3375 67 23 sue
2526 3375 58 23 ca-

2679 237 130 34 rogne,
2836 236 95 23 sono
2957 226 118 33 orami
3102 236 73 23 una
3200 226 194 43 mitologia
3410 238 6 23 :
3443 230 290 39 appartengono

2679 275 32 32 ai
2740 273 99 43 poeti
2866 273 98 33 della
2989 283 69 23 sua
3095 273 137 43 stirpe;
3272 284 75 23 non
3374 285 20 21 a
3432 273 49 34 lui
3508 274 105 41 solo;
3657 284 73 23 non

2679 321 270 34 costituiscono
2987 330 73 24 una
3093 330 68 23 sua
3211 322 204 41 proprietà,
3459 332 60 23 ma
3561 332 171 31 segnano

2679 379 74 23 una
2779 368 187 33 direzione
2992 377 110 32 presa
3128 367 61 33 dal
3215 377 69 23 suo
3311 368 142 42 spirito.
3467 368 69 34 Ciò
3562 368 70 34 che
3658 368 73 42 egli

2679 421 110 37 porta
2815 416 36 32 di
2879 415 63 42 più
2969 415 154 41 proprio
3151 415 34 32 in
3211 421 136 36 questo
3384 415 140 34 mondo
3550 421 180 28 notturno

2680 463 36 33 di
2743 463 251 33 smarrimenti
3021 473 20 22 e
3067 461 223 42 d'angoscie
3322 463 20 33 è
3372 461 33 33 la
3431 461 254 36 inesauribiltà
3711 473 21 23 e

2679 510 35 33 la
2742 515 175 37 possente
2936 509 152 42 energia
3105 510 96 32 della
3219 508 229 42 sensazione,
3467 510 97 33 colta
3582 520 151 33 sempre

2680 557 96 34 nella
2803 557 168 33 tensione
2998 557 177 32 massima
3201 557 59 33 del
3301 557 154 33 sistema
3486 567 174 26 nervoso.
3700 558 32 33 E

2681 605 59 33 del
2768 609 113 37 poeta
2907 605 21 33 è
2965 604 119 33 anche
3121 604 23 32 il
3183 604 117 33 nerbo
3326 603 24 33 1'
3368 608 78 28 atto
3488 604 158 41 plastico
3672 605 60 33 nel

2681 652 171 42 foggiare
2877 651 23 33 il
2926 661 123 26 verso.
3077 651 14 33 I
3118 651 161 33 desideri
3307 651 35 32 di
3362 651 126 32 novità
3506 661 20 22 e
3544 652 36 32 di
3601 652 131 33 libertà

2681 699 155 33 metrica
2863 698 59 33 del
2949 698 236 33 Cavacchioli
3212 709 72 22 non
3307 698 230 41 prevalgono
3551 709 43 22 su
3613 699 33 33 la
3665 710 67 22 sua

2681 745 169 34 naturale
2874 744 182 34 tendenza
3082 757 20 21 a
3119 745 139 34 sentire
3276 746 36 32 in
3330 744 262 35 endecasillabi
3613 746 8 33 i
3649 757 63 31 pro-

2681 793 113 33 blemi
2820 791 37 35 d'
2874 792 170 34 armonia
3069 792 69 34 che
3176 792 72 42 egli
3288 791 183 34 vorrebbe
3509 792 165 43 imporre
3699 793 34 33 al

2682 851 70 23 suo
2778 840 186 34 orecchio.
2992 840 28 33 Il
3048 838 76 35 fato
3151 839 36 33 di
3217 839 233 43 Baudelaire,
3468 840 69 33 che
3563 840 96 37 ebbe
3685 840 48 33 da

2683 894 132 27 natura
2839 887 251 33 l'osservanza
3116 886 96 34 della
3227 886 120 35 forma
3364 886 195 44 quadrata,
3585 887 150 33 sembra

2683 936 29 33 si
2739 934 185 44 propaghi
2952 934 59 33 nei
3038 934 284 34 baudelairiani.
3359 934 119 42 Quasi
3515 940 133 27 contro
3675 945 39 22 vo-

2684 983 86 43 glia,
2795 982 23 33 il
2844 981 236 34 Cavacchioli
3105 983 21 31 è
3151 986 154 29 attratto
3331 980 98 34 dalla
3446 981 121 33 forma
3592 981 142 35 chiusa.

2683 1030 144 42 Aperta
2851 1034 99 29 resta
2975 1028 154 33 talvolta
3155 1028 23 33 1'
3196 1029 95 43 idea,
3328 1039 20 22 e
3385 1039 110 22 come
3532 1039 157 33 sospesa
3714 1039 21 24 e

2684 1077 287 33 indeterminata
2997 1087 20 22 e
3044 1079 213 38 aspettante
3283 1075 60 34 dal
3380 1075 133 34 lettore
3540 1076 196 42 perplesso

2684 1125 22 33 il
2732 1134 70 24 suo
2820 1124 257 41 compimento
3095 1133 7 30 ;
3119 1123 98 33 forse
3236 1123 118 34 anche
3373 1123 152 34 talvolta
3544 1123 34 34 fa
3596 1129 139 37 troppo

2684 1183 21 22 a
2732 1171 145 33 fidanza
2895 1171 58 34 col
2976 1171 127 32 valore
3129 1170 243 34 intellettuale
3391 1171 37 33 di
3446 1181 50 22 un
3515 1181 116 23 uomo
3649 1181 65 31 sug-

2686 1219 145 42 gestivo
2857 1218 36 33 di
2921 1218 138 41 parole.
3100 1218 143 41 Queste
3269 1228 75 23 non
3375 1218 126 33 hanno
3526 1228 150 31 sempre
3702 1218 34 33 la

2684 1266 132 41 ragion
2843 1266 181 33 meditata
3050 1275 20 23 e
3096 1265 22 31 il
3146 1275 92 31 peso
3265 1264 173 35 dell'oro.
3458 1265 202 41 Togliamo
3685 1275 50 23 un

2686 1313 167 42 esempio
2880 1313 59 32 dal
2959 1313 225 33 frammento
3210 1313 127 42 breve,
3356 1323 62 23 ma
3436 1311 30 35 sì
3485 1312 177 42 vigoroso
3689 1312 47 33 ed

2685 1360 161 40 intenso,
2875 1360 68 33 che
2969 1360 177 33 abbiamo
3185 1364 180 38 preposto
3399 1371 21 22 a
3445 1365 135 37 queste
3606 1359 106 43 righe
3726 1371 7 23 :

2686 1408 22 32 il
2735 1406 236 35 Cavacchioli
3015 1407 144 41 adopra
3191 1407 22 33 il
3254 1407 184 33 vocabolo
3477 1417 20 23 «
3513 1407 172 33 barbarie
3703 1416 32 34 »,

2686 1454 69 35 che
2781 1455 49 43 gli
2856 1454 115 33 stride
2997 1454 96 34 bene
3119 1453 59 34 all'
3196 1454 188 44 orecchio,
3410 1465 19 22 e
3456 1453 36 34 lo
3518 1454 217 33 attribuisce

2686 1502 70 33 alle
2782 1502 99 34 carni
2908 1501 110 33 sfatte
3036 1512 8 23 :
3072 1511 65 23 ora
3167 1514 16 18 «
3202 1501 171 33 barbarie
3387 1512 19 22 »
3434 1501 21 33 è
3480 1511 50 23 un
3557 1501 180 34 attributo

2686 1560 141 23 umano
2852 1560 20 21 e
2899 1559 74 22 non
3001 1548 47 33 ha
3074 1559 20 21 a
3121 1548 68 33 che
3216 1548 76 33 fare
3317 1559 68 22 con
3417 1548 33 32 la
3476 1548 140 34 sfacelo
3641 1548 97 33 delle

2686 1597 112 34 carni.
2837 1597 61 33 Ma
2936 1601 142 37 quanta
3111 1595 168 35 efficacia
3305 1606 20 22 e
3350 1600 142 38 quanta
3518 1595 219 34 inventività

2686 1646 35 31 in
2749 1644 92 33 altre
2866 1642 226 43 espressioni
3109 1653 6 23 :
3145 1654 19 21 e
3191 1654 71 22 non
3289 1642 93 41 solo,
3410 1642 325 38 fortunatamente,

2686 1691 96 33 delle
2808 1690 107 34 ridde
2942 1691 179 33 macabre
3145 1700 20 22 e
3191 1691 59 33 dei
3282 1690 81 33 cieli
3396 1690 193 37 sabbatici,
3632 1689 106 35 bensì

2686 1738 59 34 del
2773 1748 113 30 mare,
2912 1737 98 34 della
3036 1747 223 32 campagna,
3278 1736 222 35 dell'amore
3514 1738 6 33 !
3551 1736 186 36 L'incubo

2687 1787 20 33 è
2733 1786 35 32 in
2794 1796 84 23 esse
2903 1789 216 29 veramente
3145 1795 19 23 «
3181 1785 122 33 velato
3322 1794 32 24 »:
3385 1785 20 32 è
3430 1784 33 34 la
3483 1785 255 34 concitazione

2686 1832 133 35 l'ansia
2844 1832 220 34 dell'animo
3091 1831 69 34 che
3185 1837 106 28 sente
3309 1832 169 33 lavorare
3497 1832 35 33 in
3557 1834 41 32 sè
3615 1838 122 27 stesso

2686 1891 21 23 e
2731 1881 30 31 si
2790 1880 118 35 turba.
2934 1880 27 33 Il
2989 1879 235 34 Cavacchioli
3244 1881 19 32 è
3291 1879 284 40 giovanissimo:
3603 1879 117 34 analiz-

2686 1927 122 34 zando
2835 1927 63 42 più
2925 1927 314 41 profondamente
3269 1926 33 33 le
3334 1936 67 23 sue
3427 1926 140 39 liriche,
3596 1926 35 33 vi
3662 1931 54 30 tro-

2686 1985 193 22 veremmo
2904 1973 108 42 forse,
3041 1974 115 34 libera
3190 1985 20 22 e
3251 1974 108 42 quasi
3395 1973 191 35 inconscia
3621 1973 36 34 di
3697 1974 42 34 sè

2686 2028 132 38 stessa,
2844 2021 33 34 la
2903 2032 107 23 sacra
3045 2021 159 34 frenesia
3230 2020 216 35 dell'anima
3472 2021 37 33 di
3544 2021 193 42 gioventù.

2707 2195 160 53 Dall'
3062 2198 115 50 Ora
3315 2215 16 33 :

2734 2279 46 32 Z,'
2783 2277 121 35 Esilio
2930 2278 36 32 di
2995 2277 114 34 Paolo
3136 2277 120 41 Buzzi,
3284 2277 23 33 il
3333 2277 205 35 bellissimo
3562 2288 178 25 romanzo

2688 2326 219 42 pubblicato
2933 2325 96 33 nelle
3053 2324 179 34 Edizio?ii
3248 2324 40 34 di
3312 2324 207 37 Poesia
3547 2326 133 42 giunto
3703 2326 36 33 in

2688 2373 110 42 pochi
2837 2373 93 32 mesi
2964 2371 35 35 al
3038 2383 69 22 suo
3145 2377 136 37 quarto
3319 2372 176 43 migliaio,
3535 2374 21 32 è
3591 2373 149 42 seguito

2688 2420 88 42 oggi
2804 2419 49 34 da
2878 2430 49 23 un
2954 2430 127 23 nuovo
3107 2420 163 44 volume,
3295 2420 33 32 L
3333 2418 8 16 1
3347 2419 138 34 Incubo
3518 2420 128 35 Velato
3671 2421 70 34 che

2688 2467 156 35 rivelerà
2872 2467 31 33 al
2932 2477 133 30 grosso
3092 2467 180 41 pubblico
3291 2477 49 21 un
3361 2467 143 41 grande
3523 2472 113 37 poeta
3654 2478 65 24 ven-

2689 2522 130 27 tenne:
2836 2514 137 33 Enrico
2988 2514 251 41 Cavacchioli,
3255 2514 23 33 il
3292 2514 183 33 vincitore
3493 2514 60 33 del
3572 2516 168 33 secondo

2690 2563 205 40 Concorso,
2921 2561 69 33 che
3008 2561 33 32 la
3069 2571 179 32 rassegna
3277 2561 289 33 internazionale
3600 2563 105 34 Poe-

2691 2609 87 37 sia
2805 2608 140 34 indisse
2970 2619 20 22 e
3016 2609 143 32 coronò
3185 2608 56 33 col
3268 2608 146 41 premio
3440 2609 36 33 di
3504 2608 99 34 mille
3629 2609 78 35 lire.

2737 2656 71 34 Già
2836 2655 83 34 tutti
2947 2655 9 32 i
2984 2656 130 40 grandi
3141 2655 208 43 quotidiani
3377 2657 28 32 si
3433 2666 95 23 sono
3563 2657 174 41 occupati

2690 2703 97 33 delle
2813 2702 134 34 letture
2973 2702 85 33 dell'
3065 2703 137 33 Incubo
3238 2702 134 40 Velato,
3408 2703 68 33 che
3502 2703 136 33 Enrico
3673 2704 45 34 Ca-

2691 2750 181 33 vacchioli
2900 2749 78 34 fece
3004 2760 66 31 per
3098 2749 148 41 l'Italia,
3276 2750 152 33 davanti
3455 2762 19 21 a
3494 2750 165 42 pubblici
3678 2751 42 33 im-

2691 2808 126 32 ponen
2838 2797 8 32 i
2865 2797 69 33 che
2952 2796 35 33 lo
3006 2797 191 33 accolsero
3216 2808 70 22 con
3305 2797 233 33 entusiasmo
3552 2797 47 33 ed
3619 2797 123 34 hanno

2691 2847 182 40 riportato
2901 2844 137 41 giudizi
3064 2844 158 42 elogiosi
3248 2844 36 33 di
3319 2844 128 35 illustri
3475 2844 160 33 scrittori
3673 2846 69 33 che

2691 2893 218 33 salutarono
2928 2891 21 32 il
2970 2897 112 35 poeta
3102 2892 69 32 alla
3189 2902 65 23 sua
3275 2892 120 41 prima
3413 2891 241 42 apparizione
3672 2893 70 33 alla

2691 2938 212 36 Università
2931 2938 183 42 Popolare
3140 2938 47 34 ed
3206 2938 71 33 alla
3299 2939 184 41 Famiglia
3508 2939 178 34 Artistica
3705 2940 36 33 di

2693 2987 151 42 Milano,
2864 2986 97 33 dóve
2981 2986 37 32 fu
3046 2990 219 37 presentato
3291 2986 100 33 dallo
3417 2992 121 28 stesso
3563 2987 179 33 direttore

2691 3034 37 33 di
2755 3032 207 37 Poesia
2990 3033 42 34 F.
3060 3033 44 34 T.
3135 3034 202 43 Marinetti,
3363 3044 71 23 con
3460 3043 49 24 un
3540 3034 202 42 eloquente

2691 3092 21 23 e
2737 3080 199 43 simpatico
2962 3079 183 35 discorso.

2740 3128 98 42 Oggi
2867 3127 68 34 che
2957 3138 18 21 «
2996 3126 43 33 V
3053 3126 136 34 Incubo
3223 3128 124 33 Velato
3368 3137 17 22 »
3410 3137 141 32 appare
3577 3126 35 33 in
3638 3131 104 30 veste

2693 3174 213 43 magnifica,
2931 3184 71 23 con
3021 3175 193 40 copertina
3232 3175 219 41 suggestiva
3468 3173 60 34 del
3546 3173 197 35 notissimo

2693 3223 139 42 pittore
2859 3222 163 33 Romolo
3057 3222 173 43 Romani,
3264 3232 74 23 non
3365 3222 31 33 ci
3431 3222 149 33 sembra
3615 3220 128 35 inutile

2693 3271 156 33 rilevare
2875 3269 34 33 la
2937 3269 142 41 grande
3105 3280 20 22 e
3152 3273 153 37 potente
3331 3269 213 42 originalità
3571 3268 152 43 d'ispira-

2693 3318 106 33 zione
2825 3316 69 34 che
2920 3316 124 33 anima
3071 3321 136 37 questo
3234 3317 151 32 volume
3411 3316 36 33 di
3474 3316 110 35 versi.

2742 3364 136 34 Enrico
2913 3363 239 35 Cavacchioli
3187 3370 108 36 porta
3329 3375 49 22 un
3405 3375 126 23 nuovo
3564 3363 115 35 fascio
3705 3363 37 33 di

1965 3481 202 51 7
