2476 4168
387 267 86 54 356

1079 275 59 29 LE
1173 274 240 30 MERCURE
1446 272 217 32 MUSICAL

386 501 339 52 campagnes
748 483 67 50 de
840 480 299 66 Souvarof,
1160 480 299 53 l'invasion
1482 480 75 53 du
1586 502 24 27 «
1648 479 356 54 tzar-démon
2023 478 294 70 Napoléon
2336 502 44 47 »,

386 578 70 33 en
490 559 96 69 qui
618 557 274 53 certaines
947 571 175 38 sectes
1164 558 343 52 dissidentes
1540 569 99 40 ont
1680 555 171 52 voulu
1884 555 122 51 voir
2052 555 47 50 le
2133 572 247 41 nouveau

386 634 58 53 M
449 634 140 52 essie
613 647 53 38 et
692 651 106 52 que
821 634 285 69 plusieurs
1126 635 253 65 adorent,
1406 634 139 51 dans
1567 634 48 50 le
1639 632 205 52 silence
1867 633 96 49 des
2173 648 207 38 comme

386 729 76 35 un
489 709 274 70 prophète
790 709 322 53 malfaisant
1139 712 138 50 dont
1299 710 37 51 il
1378 709 245 70 importe
1646 710 67 51 de
1738 706 263 68 conjurer
2027 708 50 51 la
2104 706 201 54 colère.

454 785 240 55 Comme
717 804 104 35 nos
844 788 332 51 ménestrels
1276 790 291 50 trouvères
1583 799 55 38 et
1660 785 381 52 troubadours
2061 784 245 66 d'antan,

384 865 97 50 des
654 863 143 53 kaliéki
798 864 205 70 aveugles
1030 865 318 69 colportent
1374 864 66 51 de
1472 863 201 68 village
1708 880 70 34 en
1808 861 199 69 village
2033 861 96 53 des
2157 861 226 69 hymnes

384 939 328 71 religieuses
754 940 243 51 exaltant
1031 940 79 51 les
1149 953 192 39 vertus
1376 941 96 51 des
1529 940 174 51 saints
1728 938 206 52 favoris
1967 938 67 52 de
2067 938 52 50 la
2143 936 202 54 Russie
2369 955 12 37 :

386 1015 144 52 saint
583 1014 247 71 Georges
873 1016 47 51 le
956 1018 196 62 Brave,
1192 1015 183 60 Boris,
1426 1016 86 51 fils
1546 1018 67 49 de
1657 1014 282 53 Vladimir
1972 1015 48 50 le
2046 1014 297 68 Baptiseur
2366 1037 11 45 ;

383 1090 200 53 Daniel
637 1091 47 51 le
735 1091 248 66 Pèlerin,
1013 1090 98 71 qui
1163 1091 80 54 fut
1294 1095 29 48 à
1369 1091 338 64 Jérusalem,
1737 1090 149 52 saint
1940 1089 252 66 Dimitri,
2244 1089 138 56 saint

384 1169 320 52 Théodose.

457 1246 76 50 Le
553 1251 183 46 même
763 1245 377 70 phénomène,
1165 1245 53 52 la
1248 1246 224 51 marche
1513 1263 108 52 que
1649 1261 145 36 nous
1827 1260 217 36 venons
2077 1242 309 55 d'observer

384 1322 140 51 dans
560 1321 329 54 l'évolution
923 1324 74 52 du
1041 1324 169 51 chant
1242 1321 294 70 populaire
1563 1339 179 47 russe,
1770 1338 145 35 nous
1967 1320 49 51 la
2058 1331 328 42 retrouvons

384 1397 133 51 chez
546 1399 77 49 les
652 1399 270 68 Bulgares
950 1413 14 53 ;
1000 1399 332 62 seulement,
1369 1416 132 33 avec
1534 1400 96 49 des
1662 1414 249 35 nuances
1947 1409 52 38 et
2030 1396 103 52 des
2165 1395 193 53 distinc-

384 1474 150 52 tions
566 1474 401 53 intéressantes
1000 1480 28 47 à
1054 1489 180 38 noter.

457 1551 44 51 Il
525 1565 83 37 est
642 1551 131 52 hors
814 1554 66 49 de
923 1554 170 50 doute
1144 1570 108 51 que
1294 1551 273 52 l'histoire
1602 1552 135 52 d'un
1770 1569 136 51 pays
1940 1568 208 52 occupe
2175 1550 139 51 dans
2344 1551 43 52 la

386 1626 305 52 formation
717 1630 95 49 des
847 1627 280 52 chansons
1154 1627 325 70 populaires
1522 1645 111 34 une
1666 1627 151 69 place
1844 1630 473 66 prépondérante,
2343 1640 44 38 et

386 1703 131 63 cela,
574 1721 115 33 non
731 1705 314 52 seulement
1078 1722 68 36 au
1174 1705 162 70 point
1383 1706 66 50 de
1483 1722 104 35 vue
1621 1703 287 68 littéraire,
1953 1703 143 53 mais
2133 1702 150 52 aussi
2326 1721 59 35 au

387 1778 160 70 point
575 1781 65 51 de
665 1797 106 35 vue
801 1781 255 51 musical.
1098 1782 75 50 Le
1196 1785 414 63 tempérament
1634 1780 254 52 national
1916 1799 36 50 y
1977 1794 83 36 est
2086 1780 301 68 également

386 1872 146 52 pour
577 1856 310 70 beaucoup,
925 1874 220 34 comme
1179 1857 78 51 les
1285 1857 390 51 accointances
1715 1858 68 50 de
1804 1874 143 34 race.
1994 1857 106 51 Les
2128 1874 136 50 pays
2289 1874 97 50 peu

384 1932 362 52 bouleversés
772 1946 54 39 et
871 1935 115 68 qui,
1025 1938 27 47 à
1079 1947 216 40 travers
1332 1935 77 50 les
1450 1940 149 63 âges,
1646 1947 99 38 ont
1771 1933 117 68 joui
1914 1935 168 52 d'une
2109 1932 128 70 paix
2263 1933 99 51 rela-

386 2008 110 51 tive
552 2022 98 38 ont
683 2015 236 64 marqué
953 2011 439 70 profondément
1426 2011 122 52 leur
1587 2025 146 37 trace
1767 2011 141 51 dans
1949 2011 79 51 les
2075 2008 310 65 traditions,

387 2084 77 51 les
491 2084 197 54 chants
706 2086 322 70 populaires
1055 2105 10 45 ;
1093 2087 144 51 ainsi
1258 2087 95 51 des
1375 2088 253 68 Basques
1646 2087 66 52 de
1741 2086 250 70 Biscaye,
2009 2102 103 54 par
2129 2086 259 68 exemple.

386 2161 144 52 Mais
566 2180 108 50 que
721 2164 301 51 survienne
1063 2182 77 33 un
1174 2163 371 52 envahisseur
1572 2178 10 37 :
1611 2163 242 52 aussitôt
1892 2163 51 52 la
1991 2180 262 35 rancœur
2295 2180 62 52 pu-

387 2237 189 70 blique
626 2239 48 51 le
717 2239 280 68 maudira,
1045 2241 47 50 le
1125 2252 269 41 tournera
1435 2257 68 34 en
1557 2239 241 52 ridicule
1831 2241 141 50 dans
2013 2258 85 33 ses
2145 2239 243 70 couplets

386 2313 321 70 satiriques.
755 2317 51 51 A
851 2317 251 51 Athènes
1159 2333 74 35 on
1286 2317 362 51 chansonnait
1684 2316 52 50 la
1794 2317 231 51 rudesse
2080 2316 98 52 des
2231 2316 126 69 Spar-

387 2389 182 65 tiates,
604 2391 51 50 la
682 2392 219 52 lenteur
927 2392 395 52 intellectuelle
1352 2393 97 51 des
1487 2392 286 67 Béotiens,
1803 2406 52 38 et
1878 2410 74 34 on
1974 2393 117 51 s'en

387 2469 29 49 à
444 2468 201 63 Rome,
688 2486 131 34 sous
863 2469 50 51 la
945 2483 147 56 toge,
1121 2469 326 54 circulaient
1489 2472 97 49 des
1625 2471 255 68 couplets
1919 2471 297 50 mordants
2241 2473 29 47 à
2302 2469 65 51 l'a-

388 2543 188 51 dresse
610 2544 428 70 d'Héliogabale
1073 2559 51 39 et
1154 2547 66 51 de
1249 2565 85 33 ses
1367 2545 289 53 fantaisies
1685 2561 10 47 ;
1741 2563 73 35 on
1840 2545 127 53 riait
1994 2547 109 51 fort
2136 2547 96 51 des
2260 2544 96 55 Car-

387 2619 282 70 thaginois
702 2622 98 68 qui
834 2622 296 52 mettaient
1162 2627 28 47 à
1226 2636 150 38 mort
1409 2639 78 36 un
1533 2623 223 70 général
1813 2623 200 52 vaincu
2041 2637 13 53 ;
2088 2641 74 33 on
2195 2620 193 55 raillait

387 2697 79 49 les
499 2698 359 51 moustaches
885 2699 96 51 des
1016 2697 252 54 Gaulois.

459 2772 59 52 Si
546 2772 296 53 l'invasion
890 2792 56 34 se
979 2774 340 52 transforme
1347 2792 69 34 en
1449 2774 359 52 domination
1840 2787 294 40 constante
2162 2787 55 39 et
2240 2778 117 48 écra-

388 2862 176 52 sante,
603 2850 79 51 les
724 2850 234 54 vaincus
994 2852 432 66 s'habitueront,
1469 2852 530 67 inconsciemment,
2034 2855 29 49 à
2096 2869 224 52 penser,
2363 2853 25 48 à

390 2925 175 52 sentir
595 2943 224 37 comme
847 2928 150 52 leurs
1019 2928 367 70 vainqueurs,
1493 2928 47 52 le
1568 2947 90 33 cas
1693 2929 66 51 de
1779 2928 52 52 la
1859 2928 175 53 Grèce
2063 2928 325 71 s'imposant

390 3005 29 48 à
445 3004 181 51 Rome
651 3018 83 37 est
762 3022 106 34 une
904 3005 314 69 exception.
1257 3006 162 65 D'où,
1446 3024 69 33 au
1567 3006 140 51 bout
1751 3006 66 51 de
1853 3006 275 69 quelques
2174 3005 204 61 siècles,

387 3079 347 52 orientation
762 3080 292 53 différente
1082 3083 75 50 du
1209 3086 280 47 caractère
1535 3081 272 68 national,
1836 3100 249 53 manque
2128 3083 222 52 d'homo-

390 3156 215 69 généité
641 3158 138 50 dans
814 3158 78 52 les
920 3158 371 69 productions
1341 3159 299 52 littéraires
1682 3177 74 34 ou
1781 3160 323 52 musicales.

459 3231 151 54 C'est
631 3233 49 52 là
703 3248 349 38 exactement
1079 3234 271 53 l'histoire
1371 3235 66 52 de
1465 3235 51 51 la
1539 3235 253 52 chanson
1817 3235 296 70 populaire
2137 3235 245 69 bulgare.

390 3310 124 51 Elle
541 3310 144 52 n'est
710 3310 59 52 ni
804 3311 273 70 originale
1103 3311 60 54 ni
1202 3313 339 69 homogène.

459 3387 332 54 Descendus
831 3389 100 52 des
962 3389 223 66 Tatars,
1220 3389 145 52 mais
1395 3390 115 52 très
1555 3389 112 52 vite
1707 3387 250 65 slavisés,
2013 3389 80 52 les
2127 3389 261 68 Bulgares

390 3476 129 41 sont
567 3464 251 66 atteints,
871 3483 67 35 au
974 3484 67 33 vn
1046 3475 18 22 e
1098 3465 187 66 siècle,
1329 3484 99 51 par
1474 3466 52 52 la
1554 3466 365 70 propagande
1963 3464 324 54 chrétienne
2326 3462 62 50 de

391 3541 181 51 Rome
626 3554 53 38 et
711 3541 66 51 de
819 3541 499 70 Constantinople.
1370 3544 253 67 Byzance
1657 3541 279 53 introduit
1978 3542 135 51 chez
2159 3559 104 34 eux
2314 3539 71 50 les

390 3630 297 38 coutumes
720 3617 357 54 chrétiennes
1103 3631 54 38 et
1190 3619 52 50 la
1261 3619 225 68 liturgie
1521 3635 69 34 en
1618 3617 200 70 langue
1850 3619 170 50 slave.
2048 3614 340 73 L'apostolat

391 3695 95 49 des
514 3695 178 51 saints
718 3694 213 69 Cyrille
986 3709 54 38 et
1084 3695 268 52 Méthode
1379 3695 148 70 (855)
1557 3710 265 38 accentue
1849 3713 59 34 ce
1952 3705 365 43 mouvement
2339 3700 48 41 et

391 3768 48 51 le
461 3788 284 35 consacre.
777 3770 211 71 Cyrille
1030 3771 261 62 réforme,
1324 3789 148 52 pour
1503 3790 89 33 ces
1616 3789 299 35 nouveaux
1947 3770 302 66 convertis,
2277 3765 88 54 l'al-

388 3845 209 70 phabet
622 3865 147 52 grec,
798 3847 214 55 traduit
1044 3850 80 51 les
1158 3848 185 69 pièces
1371 3848 360 69 liturgiques.
1769 3847 348 55 L'influence
2152 3859 231 58 grecque
