2476 4168
605 956 367 84 REVUE
1038 958 137 84 DE
1243 961 130 79 LA
1442 961 655 100 QUINZAINE

475 1377 131 47 LES
802 1367 210 58 IDÉES
1280 1378 99 47 DE
1387 1367 17 58 M.
1412 1367 57 58 HOUDARD

1513 1376 82 63 (*)•

395 1524 86 43 J'ai
526 1525 197 42 attendu
766 1524 72 43 six
883 1524 239 43 semaines
1163 1538 96 29 une
1290 1525 207 56 réponse
1542 1525 25 42 à
1608 1524 46 43 la
1680 1525 226 56 question
1948 1539 92 43 que
2077 1525 40 55 je
2141 1525 159 56 posais
2324 1528 23 40 à

343 1589 65 41 M.
434 1589 233 41 Houdard
687 1606 12 33 ;
725 1587 102 43 rien
852 1589 118 41 n'est
996 1601 142 41 venu,
1162 1589 48 40 ni
1236 1589 57 41 de
1322 1587 83 51 lui,
1440 1587 49 43 ni
1505 1589 206 43 d'aucun
1745 1589 59 44 de
1828 1602 75 30 ses
1937 1589 239 55 partisans
2195 1597 45 35 et
2263 1589 64 43 dis-

341 1649 167 58 ciples.
537 1652 138 41 Nous
701 1651 181 43 devons
901 1651 127 42 donc
1053 1649 154 44 croire
1228 1663 94 44 que
1348 1651 66 43 M.
1463 1651 235 43 Houdard
1741 1652 118 42 n'est
1892 1652 140 56 point
2055 1651 217 54 licencié,
2299 1666 48 29 ce

341 1712 82 57 qui
457 1712 240 43 d'ailleurs
738 1726 60 30 ne
832 1712 213 44 diminue
1071 1726 59 29 en
1166 1712 104 43 rien
1311 1727 87 28 son
1444 1712 191 44 mérite.
1669 1714 122 42 Mais
1818 1713 127 43 alors
1969 1713 243 57 pourquoi
2230 1727 117 29 nous

341 1776 100 42 dire
466 1776 145 56 qu'on
638 1775 75 43 n'a
728 1789 86 42 pas
832 1775 147 43 voulu
1002 1775 97 43 être
1123 1776 217 54 docteur,
1363 1790 24 28 «
1411 1775 307 45 l'Université
1739 1778 192 56 n'ayant
1946 1790 86 44 pas
2060 1776 25 42 à
2107 1778 239 43 connaître

338 1839 60 42 de
424 1839 149 56 sujets
598 1839 60 42 de
682 1837 273 58 rythmique
972 1855 24 22 »
1019 1836 19 43 ?
1071 1837 128 44 C'est
1233 1837 233 45 chercher
1497 1851 97 31 une
1632 1839 293 57 explication
1967 1839 112 43 bien
2121 1839 225 44 lointaine

338 1901 127 42 alors
490 1900 116 56 qu'il
625 1914 58 29 en
706 1909 73 34 est
802 1914 95 30 une
931 1900 172 57 simple
1127 1914 9 29 :
1166 1916 20 24 «
1223 1900 145 44 Point
1388 1902 57 42 de
1480 1901 200 53 licence,
1725 1901 138 57 point
1889 1902 57 43 de
1971 1901 222 44 doctorat
2215 1920 42 37 »,
2282 1912 66 35 est

335 1976 69 30 un
429 1962 188 44 axiome
640 1962 120 43 dont
785 1963 152 43 même
962 1977 66 29 un
1048 1962 147 57 esprit
1219 1963 130 43 aussi
1369 1963 264 59 paradoxal
1659 1977 91 43 que
1778 1966 71 43 M.
1880 1966 236 43 Houdard
2158 1977 60 31 ne
2243 1978 78 31 con-

335 2033 178 34 testera
535 2038 86 43 pas
647 2024 282 46 l'évidence.
953 2025 70 44 De
1047 2027 170 52 même,
1242 2025 46 44 la
1312 2025 199 55 licence,
1538 2025 81 58 qui
1647 2036 71 34 est
1741 2027 46 42 la
1811 2025 254 45 condition
2091 2027 64 43 du
2191 2027 130 43 docto-

337 2095 89 47 rat,
452 2100 26 31 a
498 2100 124 44 pour
647 2088 252 44 condition
927 2088 43 43 le
996 2088 212 57 diplôme
1237 2089 59 43 de
1332 2089 258 44 bachelier.
1630 2091 71 46 M.
1746 2090 239 43 Houdard
2008 2090 131 43 est-il
2160 2103 59 30 en
2238 2104 81 43 pos-

338 2150 190 44 session
567 2151 58 42 de
666 2164 53 30 ce
758 2151 299 56 parchemin,
1091 2165 113 29 sans
1243 2151 166 45 valeur
1445 2154 25 40 à
1500 2152 100 44 vrai
1650 2152 119 56 dire,
1814 2152 111 45 sauf
1957 2168 127 42 pour
2115 2166 119 31 ceux
2272 2154 73 56 qui

341 2226 187 31 comme
550 2212 67 43 lui
639 2222 85 35 ont
749 2215 84 42 des
860 2212 259 45 ambitions
1139 2213 362 45 universitaires
1518 2215 19 44 ?
1567 2216 78 42 Ou
1678 2216 350 53 devons-nous,
2052 2229 97 30 une
2176 2215 91 44 fois
2293 2216 52 43 de

335 2276 127 57 plus,
489 2274 67 44 lui
577 2276 260 43 conseiller
857 2277 59 42 de
937 2276 139 43 relire
1103 2276 271 58 l'apologue
1397 2277 64 43 du
1485 2278 174 43 renard
1671 2278 83 57 qui
1771 2278 170 45 voulut
1961 2292 194 45 manger
2179 2278 166 43 raisins

338 2342 25 39 à
386 2339 46 42 la
451 2338 155 44 treille
625 2337 18 43 ?

391 2401 55 44 Je
480 2401 305 56 m'empresse
810 2401 230 56 d'ajouter
1061 2401 115 57 qu'il
1214 2401 270 57 m'importe
1514 2417 94 43 peu
1633 2417 93 44 que
1751 2405 68 46 M.
1844 2405 238 43 Houdard
2112 2405 161 57 puisse
2298 2418 44 30 se

337 2476 141 45 parer
498 2464 112 41 d'un
640 2462 108 57 plus
769 2478 63 29 ou
857 2464 157 43 moins
1035 2465 150 57 grand
1207 2466 203 42 nombre
1435 2466 57 43 de
1517 2480 156 43 peaux
1699 2467 159 45 d'âne.
1890 2469 60 42 Et
1971 2469 46 54 je
2042 2480 59 31 ne
2129 2467 67 44 lui
2215 2481 105 44 pose-

339 2526 94 43 rais
457 2538 85 45 pas
578 2526 84 43 des
701 2526 249 57 questions
992 2526 234 57 peut-être
1269 2528 425 54 embarrassantes,
1722 2530 73 44 s'il
1838 2530 174 44 n'avait
2044 2531 185 43 montré
2265 2530 60 43 lui-

339 2589 170 51 même,
535 2597 47 35 et
607 2589 26 42 à
658 2589 202 45 maintes
887 2591 221 54 reprises,
1130 2605 68 27 un
1223 2592 112 54 âpre
1362 2601 45 33 et
1430 2591 206 45 envieux
1669 2592 128 44 désir
1833 2593 292 45 d'honneurs
2152 2593 190 45 officiels

338 2650 83 59 qui
443 2664 60 31 ne
534 2652 181 43 semble
739 2652 145 57 guère
902 2652 141 57 digne
1062 2653 112 43 d'un
1194 2653 122 43 libre
1345 2654 163 56 esprit.

1762 2719 146 43 Louis
1943 2719 181 43 Laloy.

431 3072 250 61 ÉCHOS

390 3267 344 51 L'Enfant-Roi,
761 3267 156 44 déchu
959 3266 83 45 dès
1086 3281 51 30 sa
1158 3267 272 54 naissance,
1477 3278 45 33 et
1570 3269 306 54 aujourd'hui
1900 3269 183 56 défunt,
2124 3270 62 43 du
2211 3269 127 42 triste

334 3330 165 43 Alfred
521 3331 240 52 Bruneau,
789 3344 25 28 a
837 3330 177 57 inspiré
1033 3331 26 42 à
1083 3331 97 42 l'un
1205 3331 58 42 de
1292 3345 75 29 ses
1406 3331 316 44 admirateurs
1776 3345 96 30 une
1915 3346 120 43 page
2082 3334 58 41 de
2196 3330 145 59 grand

337 3392 118 58 style
479 3406 90 43 que
595 3392 43 43 le
1000 3393 222 42 Mercure
1484 3393 226 55 Musical,
1153 3402 183 45 ouvert,
1364 3407 187 31 comme
1572 3407 64 31 on
1661 3394 104 53 sait,
1793 3396 26 42 à
1839 3403 160 35 toutes
2017 3396 68 43 les
2105 3394 236 58 opinions,

338 3469 50 28 se
434 3455 84 44 fait
561 3468 94 31 une
699 3455 94 56 joie
835 3454 181 45 d'offrir
1036 3455 26 44 à
1085 3469 75 31 ses
1185 3455 225 55 lecteurs,
1442 3471 59 29 en
1544 3471 59 29 en
1628 3467 273 48 respectant
1943 3458 186 57 jusqu'à
2150 3457 168 43 l'ortho-

334 3519 182 56 graphe
536 3532 10 29 :

454 3623 88 45 J'ai
682 3626 193 43 entendu
1114 3626 160 43 l'autre
1472 3627 93 43 soir
1011 3627 25 42 f
1044 3624 177 46 Enfant
1249 3626 108 55 Roi,

384 3795 59 48 (i)
465 3795 102 39 Voir
589 3796 41 39 le
655 3795 202 41 Mercure
878 3797 181 39 musical
1062 3826 10 19 ,
1091 3808 132 39 pages
1251 3796 75 39 138
1348 3806 43 30 et
1409 3798 94 49 263.
