2476 4168
351 215 90 54 360

1056 224 57 29 LE
1149 223 244 30 MERCURE
1428 223 220 30 MUSICAL

346 437 241 53 décisive
621 448 54 39 et
700 435 79 51 les
826 431 287 54 différents
1212 453 38 27 ot
1286 433 75 51 du
1395 434 246 69 système
1683 430 199 54 ancien
1933 430 231 54 doivent
2209 450 137 39 nous

348 514 179 52 servir
565 514 68 51 de
686 510 151 52 base.
893 509 46 52 Il
991 509 245 70 importe
1287 510 143 51 donc
1480 511 67 50 de
1601 509 135 52 fixer
1778 508 79 53 les
1903 508 239 53 échelles
2194 510 66 52 de
2293 529 53 37 ce

346 594 263 65 système,
635 588 110 50 afin
770 586 93 70 d'y
886 602 260 36 ramener
1178 586 76 52 les
1282 585 273 53 mélodies
1585 584 327 71 populaires
1945 584 99 71 qui
2069 586 131 51 n'en
2224 603 125 39 sont

345 683 110 52 que
491 661 382 73 l'application
898 661 102 70 (i).

414 2482 151 53 C'est
597 2482 140 52 dans
792 2482 123 51 leur
955 2493 234 58 rapport
1235 2498 131 35 avec
1424 2481 79 52 les
1554 2479 288 54 différents
1881 2481 200 52 modes
2121 2481 222 52 anciens

342 2557 136 70 qu'il
521 2558 119 54 faut
671 2557 328 53 considérer
1051 2557 78 52 les
1174 2557 198 53 chants
1416 2556 315 68 orientaux,
1780 2570 53 39 et
1877 2575 115 35 non
2016 2575 99 52 pas
2163 2575 67 34 en
2270 2557 72 51 les

342 2634 180 70 pliant
576 2652 106 34 aux
727 2634 289 70 exigences
1051 2636 66 50 de
1166 2634 51 52 la
1264 2633 265 71 musique
1575 2636 294 52 moderne.
1918 2636 105 50 Les
2068 2634 274 52 chansons

343 2711 325 69 populaires
715 2711 262 69 bulgares
1019 2709 376 70 n'échappent
1418 2727 100 52 pas
1573 2714 30 49 à
1636 2723 141 40 cette
1822 2711 74 52 loi
1924 2723 54 40 et
2016 2727 68 36 ne
2114 2728 57 35 se
2196 2727 110 36 com-

339 2801 282 56 prennent
662 2806 108 51 que
816 2793 160 64 grâce
1010 2792 29 47 à
1094 2788 124 52 elle.
1269 2789 105 50 Les
1419 2788 284 70 exemples
1738 2806 70 34 en
1857 2788 333 71 pourraient
2233 2791 109 49 être

341 2864 291 70 multiples
653 2878 14 55 ;
698 2864 137 70 qu'il
869 2864 191 52 suffise
1086 2866 127 50 d'en
1253 2877 165 39 noter
1442 2866 438 68 quelques-uns.
1917 2866 277 52 L'échelle
2225 2881 117 37 cor-

394 3056 62 56 (i)
489 3053 399 47 Dénominations
913 3059 59 41 de
997 3073 78 27 ces
1100 3071 212 43 gammes
1340 3060 136 40 selon
1501 3060 68 43 les
1597 3060 241 57 époques:

1228 3120 215 58 Système
1470 3135 10 26 :

353 3180 122 44 Grec
496 3182 180 43 ancien.
1583 3184 249 45 Moderne.

341 3243 183 57 Lydien
552 3259 10 28 :
962 3248 310 56 Hypolydien
1298 3248 223 57 (dorien),
1722 3257 82 35 vu®
1825 3258 104 36 ton.

339 3335 239 58 Phrygien
606 3349 10 30 :
912 3314 14 81 \
958 3311 198 55 Dorien,
1681 3315 14 38 (
1725 3328 15 26 i
1745 3321 30 21 ei

510 3367 2 56 •
912 3368 14 47 (
960 3367 464 56 Hyponuxolydien,
1681 3370 12 48 (
1722 3384 83 26 vm
1808 3374 15 20 c

338 3426 181 43 Dorien
546 3443 11 27 :
919 3426 3 61 '
960 3429 257 58 Phrygien,
1724 3447 33 27 11
1762 3440 15 19 e
1796 3440 104 36 ton.

338 3517 328 58 Hypolydien:
907 3502 15 99 [
1664 3499 18 104 \
1857 3532 104 38 ton.

338 3608 396 58 Hypophrygien.
1310 3639 54 6 —
1385 3634 6 5 •
1929 3638 54 10 —

337 3672 335 56 Hypodorien.
1044 3676 317 56 Hypodorien
1397 3677 198 56 (éolien)
1889 3692 28 29 V
1922 3687 18 24 e
1998 3686 104 38 ton.

337 3733 312 57 Mixolydien.
1038 3738 399 57 Hypophrygien.
1875 3755 46 30 vi
1923 3752 18 23 e
1985 3748 101 36 ton.

338 3795 73 42 Cf.
445 3798 220 53 Sbornik,
696 3808 33 35 t.
756 3800 124 54 XIV,
910 3799 148 46 Sofia.
