2476 4168
612 227 87 31 LES
737 226 263 33 CHANSONS
1037 227 312 33 POPULAIRES
1387 230 262 31 BULGARES

2034 232 85 45 359

138 438 169 70 règles
331 435 66 53 de
423 434 51 52 la
491 433 301 71 technique
818 447 54 38 et
897 435 178 68 prend
1103 434 195 69 plaisir
1323 438 29 48 à
1384 437 250 68 choquer
1653 437 48 51 le
1725 439 135 66 goût
1880 435 235 54 musical

140 529 49 40 et
219 519 27 46 à
269 512 179 52 briser
482 510 79 52 les
594 510 369 54 conventions
986 510 312 70 plastiques
1339 512 250 53 établies.
1626 510 107 55 Ces
1767 512 194 52 chants
1989 513 104 51 lais-

136 603 116 42 sent
271 606 109 35 une
425 585 343 71 impression
808 588 66 52 de
907 587 328 53 mélancolie
1287 601 52 38 et
1382 589 68 51 de
1502 588 265 61 malaise;
1818 604 146 54 pour
2005 606 104 34 nos

135 667 211 54 oreilles
401 668 406 66 européennes,
872 668 391 48 accoutumées
1324 668 29 48 à
1399 664 203 53 l'ordre
1662 667 97 52 des
1813 683 300 34 morceaux

135 743 264 71 rythmés,
443 759 105 35 aux
573 742 195 50 finales
788 740 235 70 pleines,
1053 740 37 51 il
1114 758 37 51 y
1169 758 29 33 a
1224 740 49 51 là
1306 742 244 68 quelque
1575 743 168 51 chose
1779 742 334 52 d'anormal.

136 822 101 54 Ces
262 818 328 66 anomalies,
610 816 46 53 si
672 818 324 68 fréquentes
1023 816 138 51 dans
1185 816 49 51 le
1254 819 245 66 système
1518 819 234 52 musical
1767 816 344 69 del'Orient,

135 916 64 34 ne
223 908 310 56 manquent
572 894 57 52 ni
676 895 66 51 de
783 893 226 52 charme
1036 891 57 52 ni
1127 894 66 51 de
1239 894 288 68 souplesse
1561 895 141 51 dans
1735 895 79 51 les
1861 894 227 52 intermi-

136 973 185 53 nables
354 971 279 51 chansons
666 984 235 55 turques
925 984 14 52 ;
981 969 132 52 elles
1155 983 264 56 rompent
1452 970 51 51 la
1533 970 333 52 monotonie
1893 971 66 50 de
1986 970 108 52 l'en-

136 1046 223 55 semble.
392 1048 153 49 Dans
572 1046 79 51 les
685 1046 199 51 chants
917 1045 280 69 bulgares,
1235 1045 130 52 bien
1390 1046 127 68 plus
1551 1059 211 52 courts,
1798 1046 133 50 elles
1965 1050 124 47 éton-

136 1138 127 40 nent
285 1138 10 38 :
332 1124 48 52 le
412 1123 306 53 sentiment
743 1124 79 67 s'y
855 1123 248 68 exprime
1123 1136 125 39 tout
1281 1124 169 51 d'une
1472 1123 246 64 haleine,
1748 1128 29 45 à
1820 1124 299 65 l'avenant,

136 1208 27 45 à
180 1203 47 49 la
248 1200 161 67 façon
434 1200 96 51 des
557 1199 287 70 primitifs.
870 1199 88 49 En
970 1196 144 54 voici
1131 1197 96 51 des
1254 1197 300 69 exemples,
1578 1199 157 51 avecl
2024 1197 96 69 qui

136 1280 115 51 leur
271 1289 83 41 est
379 1293 225 51 propre.

207 3034 45 51 Il
286 3033 170 52 serait
488 3049 128 34 sans
656 3033 170 50 doute
864 3029 231 52 malaisé
1128 3030 68 51 de
1236 3027 208 53 classer
1477 3026 530 70 méthodiquement
2039 3044 89 34 ces

140 3109 268 52 mélodies
460 3124 220 36 comme
726 3118 373 58 appartenant
1132 3107 29 49 à
1189 3104 74 50 tel
1302 3121 71 35 ou
1401 3102 73 52 tel
1519 3120 168 52 genre
1714 3105 66 51 de
1813 3115 162 39 notre
2016 3120 86 51 sys-

140 3187 141 51 tème
313 3185 236 53 musical
575 3185 290 51 moderne.
896 3185 300 66 Beaucoup
1229 3181 212 51 d'entre
1475 3180 132 51 elles
1634 3194 245 54 peuvent
1909 3179 220 52 s'écrire

143 3279 64 35 au
237 3261 240 65 naturel,
511 3278 70 34 en
611 3267 77 56 ut,
723 3259 142 52 mais
892 3276 69 33 ne
996 3257 257 54 suivront
1284 3274 99 52 pas
1418 3271 146 54 pour
1596 3255 115 52 cela
1752 3256 79 50 les
1853 3255 181 68 règles
2062 3255 67 51 de

141 3339 49 50 la
227 3339 275 69 première
535 3354 243 53 gamme.

206 3415 191 65 Aussi,
446 3415 203 51 l'étude
694 3412 349 52 strictement
1086 3408 270 54 musicale
1410 3408 98 51 des
1549 3407 282 52 chansons
1871 3406 259 67 bulgares

143 3506 64 36 ne
247 3490 343 53 saurait-elle
641 3506 57 33 se
729 3487 136 52 faire
896 3505 128 34 sans
1057 3485 405 53 connaissance
1493 3485 98 50 des
1627 3482 239 52 échelles
1907 3481 75 51 du
2017 3499 85 50 sys-

143 3568 141 53 tème
307 3585 125 52 grec
459 3567 96 69 qui
590 3567 120 51 leur
735 3584 29 33 a
787 3563 142 54 servi
961 3565 66 50 de
1053 3562 212 52 moule.
1301 3561 342 52 L'influence
1678 3575 240 52 grecque
1946 3570 81 37 est
2060 3554 70 54 ici

195 3737 58 55 (1)
286 3753 22 26 «
342 3737 66 42 La
431 3737 141 56 jeune
596 3734 174 43 mariée
793 3748 57 28 va
873 3734 24 40 à
921 3741 177 33 travers
1119 3730 45 42 la
1188 3729 122 41 forêt
1333 3736 145 34 verte.
1509 3740 23 28 »

195 3800 57 54 (2)
286 3814 23 28 «
343 3801 206 48 Maman,
575 3810 59 30 ne
658 3810 74 29 me
751 3796 159 42 donne
935 3807 84 43 pas
1042 3807 58 28 au
1124 3805 196 43 paysan.
1353 3802 24 29 »
