2476 4168
472 642 466 84 MIETTES
1007 639 787 98 HISTORIQUES

1330 1124 82 42 LA
1562 1123 235 43 MORTE

216 1264 78 50 De
326 1273 187 39 toutes
536 1260 78 51 les
641 1259 240 70 grandes
918 1256 333 54 cantatrices
1284 1256 99 70 qui
1430 1269 99 40 ont
1562 1255 217 54 illustré
1813 1255 233 70 l'Opéra
2077 1273 69 34 au

155 1336 406 56 dix-neuvième
611 1335 184 69 siècle,
862 1334 52 52 la
959 1334 188 52 moins
1183 1333 132 52 bien
1361 1350 221 35 connue
1651 1347 84 38 est
1780 1333 60 50 M
1844 1345 66 24 me
1964 1333 180 50 Rose-

152 1411 624 56 Timoléone-Caroline
821 1410 281 53 Branchu.
1155 1409 101 54 Ses
1308 1409 341 71 biographes
1696 1422 100 39 ont
1849 1408 295 69 beaucoup

155 1491 143 70 parlé
326 1490 66 51 de
419 1489 253 65 l'artiste,
714 1488 143 52 mais
881 1488 69 50 ils
983 1499 99 39 ont
1114 1486 195 69 ignoré
1345 1485 49 51 la
1426 1485 207 51 femme
1667 1485 139 52 dont
1848 1484 48 52 le
1934 1488 174 64 tempé-

159 1578 210 42 rament
401 1565 241 52 excessif
672 1564 78 53 lui
787 1564 156 52 valut
975 1564 97 51 des
1106 1574 297 39 aventures
1441 1563 335 50 demeurées
1806 1561 142 51 dans
1985 1560 129 51 l'om-

157 1646 104 63 bre,
299 1645 67 51 de
393 1660 100 52 par
515 1646 50 47 la
597 1644 284 68 prudence
908 1640 301 70 appliquée
1249 1640 66 51 de
1349 1639 292 51 l'héroïne.
1676 1639 65 51 Je
1764 1636 274 54 révélerai
2070 1653 84 37 un

156 1723 118 66 jour
294 1720 273 52 certaines
606 1734 228 37 amours
879 1715 242 53 tardives
1159 1730 54 38 et
1255 1715 274 52 violentes
1577 1714 98 68 qui
1724 1712 324 54 détruiront
2095 1714 54 50 la

156 1801 315 49 renommée
519 1796 68 51 de
633 1808 161 38 vertu
835 1792 268 52 farouche
1141 1792 172 69 qu'on
1351 1790 78 53 lui
1465 1791 79 51 fit.
1594 1791 91 51 En
1740 1790 315 65 attendant,
2100 1786 49 67 je

155 1890 134 36 veux
321 1871 230 53 éclairer
583 1871 49 51 la
655 1867 396 73 physionomie
1103 1869 66 50 de
1230 1879 141 39 cette
1415 1865 222 70 lyrique
1676 1865 310 52 admirable
2039 1881 108 52 que

157 1950 88 52 des
275 1949 289 52 malheurs
589 1946 318 52 nombreux
931 1944 336 52 assaillirent
1294 1960 68 34 au
1387 1942 194 52 milieu
1609 1942 67 51 de
1695 1959 85 34 ses
1801 1940 340 70 triomphes.

221 2026 190 51 Rabbe
437 2037 53 39 et
515 2021 279 70 Boisjolin
825 2022 51 51 la
900 2021 122 51 font
1054 2021 179 50 naître
1260 2021 29 48 à
1326 2017 515 70 Saint-Domingue
1869 2035 69 33 en
1984 2018 156 66 1782,

159 2102 132 52 mais
307 2101 36 52 il
363 2104 182 66 paraît
571 2098 210 53 certain
800 2097 201 69 qu'elle
1021 2095 77 52 vit
1119 2096 47 51 le
1191 2096 126 66 jour
1342 2112 69 33 en
1446 2096 158 67 1780,
1625 2095 140 50 dans
1789 2092 357 53 l'habitation

159 2180 59 51 de
242 2180 57 51 M
302 2178 53 37 lle
381 2176 316 62 Chevalier,
734 2173 315 71 petite-fille
1087 2172 74 52 du
1196 2171 225 52 dernier
1449 2187 355 52 gouverneur
1837 2171 75 51 du
1939 2168 119 69 Cap
2093 2181 52 38 et

157 2255 196 52 filleule
378 2255 75 50 du
481 2251 278 53 maréchal
795 2251 66 51 de
885 2248 223 52 Brissac
1134 2260 52 38 et
1205 2248 65 51 de
1305 2247 51 51 la
1378 2258 277 40 comtesse
1680 2244 246 53 Maillot.

222 2351 23 28 «
286 2332 138 50 Mon
473 2332 130 67 père
651 2328 99 69 (1),
810 2325 324 63 américain,
1188 2341 30 33 a
1266 2323 81 52 dit
1392 2323 59 51 M
1456 2336 65 24 me
1572 2321 262 53 Branchu
1876 2321 139 52 dans
2069 2336 76 35 un

159 2407 219 53 curieux
419 2405 273 53 mémoire
739 2402 195 63 inédit,
985 2399 325 54 descendait
1356 2399 165 53 d'une
1571 2398 209 52 famille
1835 2396 310 53 honorable

159 2485 128 50 dans
321 2482 236 70 laquelle
585 2482 50 50 la
668 2481 222 68 loyauté
917 2491 52 38 et
1002 2478 77 51 les
1110 2487 192 41 vertus
1328 2474 206 52 étaient
1559 2473 369 52 héréditaires
1950 2486 13 52 ;
1991 2472 38 51 il
2062 2472 84 52 fut

161 2563 202 66 envoyé
404 2576 69 34 en
518 2559 211 50 France
769 2571 145 53 pour
954 2571 101 34 son
1089 2552 319 66 éducation,
1451 2563 54 40 et
1558 2551 109 52 fort
1714 2551 164 66 jeune
1912 2548 37 52 il
1975 2549 61 50 fit
2067 2548 78 52 les

160 2652 327 54 campagnes
526 2636 66 50 de
635 2634 291 63 Hanovre,
973 2646 221 35 comme
1224 2625 315 54 volontaire
1596 2642 131 36 sous
1776 2642 105 36 son
1916 2628 130 65 père
2094 2636 52 39 et

162 2731 124 34 sous
319 2714 76 50 les
419 2713 194 51 ordres
644 2712 66 51 de
734 2709 79 51 M.
853 2709 48 51 le
934 2719 183 40 comte
1152 2704 316 69 d'Estaing.
1505 2704 141 51 Lors
1683 2703 73 52 du
1784 2702 321 52 bouleverse-

162 2802 149 38 ment
335 2789 66 51 de
451 2784 530 69 Saint-Domingue,
1026 2782 37 51 il
1091 2779 188 71 perdit
1312 2797 58 33 sa
1402 2779 246 62 fortune,
1684 2791 53 39 et
1770 2778 109 51 afin
1911 2777 67 50 de
2006 2793 106 51 pou-

161 2866 116 52 voir
307 2866 182 52 élever
519 2862 506 53 convenablement
1051 2877 59 33 sa
1131 2857 234 66 famille,
1406 2857 34 50 il
1468 2854 178 70 reprit
1683 2855 73 51 du
1792 2853 227 52 service.
2051 2873 24 29 »

225 2944 43 49 A
297 2942 138 52 neuf
457 2958 119 47 ans,
606 2937 265 56 Caroline
995 2935 133 52 c'est
1163 2934 102 51 elle
1305 2932 97 69 qui
1429 2933 48 49 le
1503 2932 82 50 dit
1708 2930 135 52 était
1879 2929 124 67 déjà
2034 2933 112 48 très

162 3017 178 53 bonne
373 3017 349 53 musicienne
759 3027 52 39 et
843 3014 166 51 d'une
1046 3012 149 50 force
1222 3008 459 65 extraordinaire,
1707 3023 146 53 pour
1886 3023 103 34 son
2027 3012 119 62 âge,

164 3111 88 34 sur
296 3095 48 51 le
385 3094 189 70 piano.
620 3092 124 52 Elle
799 3090 144 52 avait
995 3092 31 48 à
1078 3087 164 71 peine
1289 3103 136 34 onze
1479 3102 118 48 ans,
1648 3084 228 69 lorsque
1938 3081 209 52 certain

161 3169 71 53 M.
270 3170 225 68 Gosset,
524 3168 111 53 ami
659 3169 67 51 de
762 3167 52 52 la
838 3165 231 65 famille,
1106 3163 268 53 conseilla
1397 3163 66 51 de
1497 3164 291 66 présenter
1812 3158 232 52 l'enfant
2077 3174 70 34 au

164 3243 439 56 Conservatoire.
641 3244 126 51 Elle
818 3260 35 51 y
887 3243 84 51 fut
1025 3239 216 53 admise
1296 3240 159 67 après
1506 3253 79 34 un
1634 3252 234 35 examen
1890 3248 13 53 ;
1953 3250 74 35 on
2070 3231 79 52 lui

166 3321 182 55 donna
379 3323 209 52 Richer
618 3333 54 41 et
698 3321 145 69 Lays
891 3334 146 55 pour
1073 3316 350 71 professeurs
1470 3314 68 51 de
1586 3314 187 63 chant,
1807 3310 156 69 Rigel
2005 3325 146 52 pour

167 3395 585 74 l'accompagnement,
769 3398 271 67 Dugazon
1063 3409 145 53 pour
1232 3393 50 49 la
1305 3387 393 64 déclamation,
1714 3399 52 38 et
1793 3386 147 51 enfin
1957 3384 190 63 Garat,

166 3475 90 66 qui
292 3476 76 51 lui
391 3475 278 70 prodigua
696 3484 122 43 tant
848 3471 136 70 qu'il
1009 3473 166 49 vécut
1204 3469 67 51 de
1304 3465 260 71 précieux
1589 3462 261 54 conseils.

232 3553 179 68 Après
451 3551 155 54 avoir
647 3553 284 66 remporté
965 3548 48 50 le
1048 3545 245 70 premier
1324 3541 124 71 prix
1492 3541 66 52 de
1591 3540 168 52 chant
1803 3550 52 39 et
1895 3537 142 54 celui
2085 3537 66 52 de

224 3707 59 54 (1)
309 3708 62 44 M.
399 3709 56 43 de
485 3707 149 45 Lavit.
