2949 5659
1045 456 424 69 BRUNO'S
1520 455 431 70 WEEKLY

191 466 119 56 140

2205 3265 331 77 Milligan
2576 3267 211 68 Place

168 3419 496 126 Passing
706 3417 330 109 Paris

1790 3549 234 83 Paris,
2073 3549 308 68 October
2425 3557 127 72 Ist,
2605 3557 181 60 1915.

256 3656 288 67 Charles
651 3656 349 79 Grolleau,
1103 3656 240 66 whose
1442 3666 249 69 poetry
1790 3678 293 57 appears
2190 3656 117 66 for
2412 3654 120 68 the
2632 3656 154 66 first

166 3740 166 66 time
421 3740 69 65 in
580 3742 323 80 England
990 3740 69 66 in
1147 3742 117 64 the
1354 3740 308 68 October
1746 3739 190 69 issue
2021 3740 81 66 of

172 3825 127 66 has
346 3849 90 42 on
485 3827 267 66 several
798 3825 361 66 occasions
1206 3827 173 64 been
1425 3825 117 66 the
1587 3823 308 68 medium
1948 3822 83 69 of
2080 3823 296 82 English
2424 3823 362 70 literature

173 3908 70 64 in
316 3908 286 69 France.
715 3910 136 67 His
920 3910 420 67 translation
1408 3908 81 68 of
1558 3910 276 69 Blake's
1902 3910 364 79 Marriage
2337 3908 83 83 of
2483 3906 303 71 Heaven

172 3998 138 64 and
383 3998 170 64 Hell
625 3996 425 80 necessarily
1123 3996 259 80 figures
1459 4018 257 58 among
1790 3994 290 80 literary
2153 4004 198 58 tours
2422 3994 86 68 de
2580 3994 203 83 force

173 4082 137 65 and
370 4082 411 78 curiosities,
844 4084 137 64 and
1042 4081 225 69 Oscar
1325 4082 237 68 Wilde
1619 4082 127 68 has
1816 4081 227 67 found
2099 4081 72 67 in
2227 4081 146 67 him
2429 4079 113 73 his
2598 4091 188 61 most

173 4165 332 68 sensitive
564 4167 437 80 interpreter,
1064 4191 132 44 one
1254 4167 83 66 of
1394 4169 119 64 the
1575 4167 141 66 few
1774 4167 159 66 who
1992 4167 59 66 is
2110 4177 127 58 not
2293 4189 90 44 an
2442 4165 337 71 Iscariot!

173 4252 143 67 For
371 4253 100 68 M.
529 4253 330 68 Grolleau
913 4255 290 78 belongs
1260 4264 73 57 to
1387 4253 155 68 that
1594 4275 227 60 group
1875 4253 83 68 of
2017 4252 275 69 French
2344 4253 312 70 erudites
2710 4252 74 69 in

172 4336 294 82 English
551 4338 239 68 letters
874 4340 429 79 comprising
1394 4340 100 67 M.
1579 4338 357 81 Augustin
2024 4338 224 83 Filon,
2334 4338 102 68 M.
2520 4338 264 81 Joseph

172 4424 311 80 Aynard,
564 4426 99 66 M.
742 4426 376 68 Theodore
1194 4428 87 64 de
1355 4426 354 78 Wyzewa,
1790 4426 100 68 M.
1967 4424 328 68 Edmond
2375 4424 227 82 Pilon,
2679 4426 104 66 M.

172 4509 250 80 Henry
497 4511 301 79 Davray,
876 4511 97 67 M.
1047 4512 296 78 Jacques
1420 4511 301 81 Copeau,
1794 4512 137 78 &c.,
2006 4512 138 66 and
2217 4533 261 59 among
2547 4511 236 69 whom

168 4595 120 66 the
343 4607 235 54 recent
636 4597 206 66 death
898 4597 80 68 of
1037 4597 100 66 M.
1194 4597 268 66 Robert
1516 4594 452 71 d'Humieres
2024 4597 127 68 has
2205 4597 310 81 brought
2568 4597 216 70 about

167 4704 44 44 a
256 4692 188 56 most
483 4682 424 79 regrettable
945 4683 270 70 fissure.

255 4768 100 66 M.
414 4766 330 70 Grolleau
798 4770 59 64 is
913 4780 126 56 not
1091 4768 417 68 introduced
1562 4768 167 68 here
1785 4790 77 48 as
1917 4768 121 68 the
2092 4766 554 83 representative
2696 4768 85 71 of

170 4873 137 59 any
363 4853 190 66 form
607 4854 81 65 of
744 4853 511 68 secessionistic
1308 4854 394 80 departure,
1755 4854 127 67 but
1933 4875 78 46 as
2061 4875 44 46 a
2156 4865 166 71 poet
2373 4853 83 68 of
2510 4854 271 70 culture

167 4939 137 66 and
358 4939 440 81 spirituality.
893 4939 152 68 The
1096 4939 557 68 immaterialism
1702 4939 83 68 of
1836 4939 110 68 his
1997 4941 449 79 conceptions
2495 4939 63 70 is
2608 4939 171 73 such

168 5048 78 44 as
317 5026 203 67 often
585 5036 76 57 to
724 5046 247 61 escape
1035 5026 119 67 the
1216 5026 265 67 mental
1543 5048 214 59 grasp
1821 5024 81 69 of
1970 5026 120 67 the
2153 5027 271 80 reader,
2491 5026 163 69 who
2717 5026 62 71 is

168 5110 402 80 frequently
617 5110 222 68 called
888 5134 186 57 upon
1127 5120 72 58 to
1250 5110 220 68 strain
1521 5112 119 66 the
1691 5110 284 81 spheres
2026 5110 73 68 in
2148 5110 230 70 which
2422 5108 114 75 his
2583 5110 196 70 mind
