<?xml version="1.0" encoding="UTF-8"?>
<alto xmlns:xsi="http://www.w3.org/2001/XMLSchema-instance" xmlns="http://www.loc.gov/standards/alto/ns-v2#" xsi:schemaLocation="http://www.loc.gov/standards/alto/ns-v2# http://www.loc.gov/standards/alto/alto-v2.0.xsd" xmlns:xlink="http://www.w3.org/1999/xlink">
	<Description>
		<MeasurementUnit>mm10</MeasurementUnit>
		<sourceImageInformation>
			<fileName>//fileserver7/IN2/Princeton/Batch3/bmtnabc/1875/12/15_01/00000258.tif</fileName>
		</sourceImageInformation>
		<OCRProcessing ID="OCRPROCESSING_1">
			<preProcessingStep>
				<processingSoftware>
					<softwareCreator>CCS Content Conversion Specialists GmbH, Germany</softwareCreator>
					<softwareName>CCS docWORKS</softwareName>
					<softwareVersion>6.6-1.18</softwareVersion>
				</processingSoftware>
			</preProcessingStep>
			<ocrProcessingStep>
				<processingSoftware>
					<softwareCreator>ABBYY (BIT Software), Russia</softwareCreator>
					<softwareName>FineReader</softwareName>
					<softwareVersion>10.0</softwareVersion>
				</processingSoftware>
			</ocrProcessingStep>
		</OCRProcessing>
	</Description>
	<Styles>
		<TextStyle ID="TXT_0" FONTSIZE="16" FONTFAMILY="Times New Roman"/>
		<TextStyle ID="TXT_1" FONTSIZE="26" FONTFAMILY="Times New Roman"/>
		<TextStyle ID="TXT_2" FONTSIZE="17" FONTFAMILY="Times New Roman" FONTSTYLE="italics"/>
		<TextStyle ID="TXT_3" FONTSIZE="12" FONTFAMILY="Times New Roman"/>
		<TextStyle ID="TXT_4" FONTSIZE="12" FONTFAMILY="Times New Roman" FONTSTYLE="bold italics"/>
		<TextStyle ID="TXT_5" FONTSIZE="7" FONTFAMILY="Fraktur"/>
		<ParagraphStyle ID="PAR_RIGHT" ALIGN="Right"/>
		<ParagraphStyle ID="PAR_LEFT" ALIGN="Left"/>
	</Styles>
	<Layout>
		<Page ID="P2" PHYSICAL_IMG_NR="2" HEIGHT="4183" WIDTH="2603" PRINTED_IMG_NR="242" PC="0.942">
			<TopMargin ID="P2_TM00001" HPOS="0" VPOS="0" WIDTH="2603" HEIGHT="473">
				<TextBlock ID="P2_TB00001" HPOS="953" VPOS="401" WIDTH="852" HEIGHT="63" STYLEREFS="TXT_0 PAR_RIGHT">
					<TextLine ID="P2_TL00001" HPOS="953" VPOS="403" WIDTH="852" HEIGHT="61">
						<String ID="P2_ST00001" HPOS="953" VPOS="415" WIDTH="77" HEIGHT="43" CONTENT="LA" WC="0.72" CC="50"/>
						<SP ID="P2_SP00001" HPOS="1030" VPOS="458" WIDTH="31"/>
						<String ID="P2_ST00002" HPOS="1061" VPOS="403" WIDTH="388" HEIGHT="61" CONTENT="CHRONIQUË" WC="0.76" CC="060102407"/>
						<SP ID="P2_SP00002" HPOS="1449" VPOS="464" WIDTH="33"/>
						<String ID="P2_ST00003" HPOS="1482" VPOS="411" WIDTH="323" HEIGHT="43" CONTENT="MUSICALE" WC="1.00" CC="13000000"/>
					</TextLine>
				</TextBlock>
				<TextBlock ID="P2_TB00002" HPOS="502" VPOS="428" WIDTH="83" HEIGHT="43" STYLEREFS="TXT_1 PAR_LEFT">
					<TextLine ID="P2_TL00002" HPOS="502" VPOS="428" WIDTH="83" HEIGHT="43">
						<String ID="P2_ST00004" HPOS="502" VPOS="428" WIDTH="83" HEIGHT="43" CONTENT="242" WC="1.00" CC="000"/>
					</TextLine>
				</TextBlock>
			</TopMargin>
			<LeftMargin ID="P2_LM00001" HPOS="0" VPOS="473" WIDTH="489" HEIGHT="3070"/>
			<RightMargin ID="P2_RM00001" HPOS="2263" VPOS="473" WIDTH="340" HEIGHT="3070"/>
			<BottomMargin ID="P2_BM00001" HPOS="0" VPOS="3543" WIDTH="2603" HEIGHT="640"/>
			<PrintSpace ID="P2_PS00001" HPOS="489" VPOS="473" WIDTH="1774" HEIGHT="3070">
				<TextBlock ID="P2_TB00003" HPOS="489" VPOS="558" WIDTH="1774" HEIGHT="1913" STYLEREFS="TXT_2 PAR_LEFT">
					<TextLine ID="P2_TL00003" HPOS="499" VPOS="559" WIDTH="1759" HEIGHT="65">
						<String ID="P2_ST00005" HPOS="499" VPOS="563" WIDTH="137" HEIGHT="47" CONTENT="d'elle" WC="0.98" CC="037006"/>
						<SP ID="P2_SP00003" HPOS="636" VPOS="610" WIDTH="28"/>
						<String ID="P2_ST00006" HPOS="664" VPOS="572" WIDTH="108" HEIGHT="39" CONTENT="tous" WC="0.99" CC="0050"/>
						<SP ID="P2_SP00004" HPOS="772" VPOS="611" WIDTH="27"/>
						<String ID="P2_ST00007" HPOS="799" VPOS="565" WIDTH="67" HEIGHT="46" CONTENT="les" WC="1.00" CC="000"/>
						<SP ID="P2_SP00005" HPOS="866" VPOS="611" WIDTH="27"/>
						<String ID="P2_ST00008" HPOS="893" VPOS="566" WIDTH="220" HEIGHT="47" CONTENT="éléments" WC="0.99" CC="50546020"/>
						<SP ID="P2_SP00006" HPOS="1113" VPOS="613" WIDTH="26"/>
						<String ID="P2_ST00009" HPOS="1139" VPOS="565" WIDTH="58" HEIGHT="46" CONTENT="de" WC="1.00" CC="00"/>
						<SP ID="P2_SP00007" HPOS="1197" VPOS="613" WIDTH="24"/>
						<String ID="P2_ST00010" HPOS="1221" VPOS="562" WIDTH="399" HEIGHT="62" CONTENT="rajeunissement" WC="1.00" CC="14008300005030"/>
						<SP ID="P2_SP00008" HPOS="1620" VPOS="624" WIDTH="27"/>
						<String ID="P2_ST00011" HPOS="1647" VPOS="568" WIDTH="45" HEIGHT="39" CONTENT="et" WC="0.64" CC="51"/>
						<SP ID="P2_SP00009" HPOS="1692" VPOS="624" WIDTH="20"/>
						<String ID="P2_ST00012" HPOS="1712" VPOS="559" WIDTH="437" HEIGHT="48" CONTENT="d'embellissement" WC="0.75" CC="0308060040058002"/>
						<SP ID="P2_SP00010" HPOS="2149" VPOS="624" WIDTH="20"/>
						<String ID="P2_ST00013" HPOS="2169" VPOS="572" WIDTH="89" HEIGHT="47" CONTENT="que" WC="0.96" CC="083"/>
					</TextLine>
					<TextLine ID="P2_TL00004" HPOS="501" VPOS="639" WIDTH="1586" HEIGHT="71">
						<String ID="P2_ST00014" HPOS="501" VPOS="661" WIDTH="117" HEIGHT="32" CONTENT="nous" WC="0.96" CC="2680"/>
						<SP ID="P2_SP00011" HPOS="618" VPOS="693" WIDTH="21"/>
						<String ID="P2_ST00015" HPOS="639" VPOS="646" WIDTH="177" HEIGHT="63" CONTENT="offrent" WC="0.99" CC="3004031"/>
						<SP ID="P2_SP00012" HPOS="816" VPOS="709" WIDTH="21"/>
						<String ID="P2_ST00016" HPOS="837" VPOS="646" WIDTH="67" HEIGHT="47" CONTENT="les" WC="1.00" CC="000"/>
						<SP ID="P2_SP00013" HPOS="904" VPOS="709" WIDTH="6"/>
						<String ID="P2_ST00017" HPOS="910" VPOS="647" WIDTH="218" HEIGHT="63" CONTENT="progrès" WC="0.98" CC="6804630"/>
						<SP ID="P2_SP00014" HPOS="1128" VPOS="710" WIDTH="21"/>
						<String ID="P2_ST00018" HPOS="1149" VPOS="647" WIDTH="56" HEIGHT="46" CONTENT="de" WC="1.00" CC="00"/>
						<SP ID="P2_SP00015" HPOS="1205" VPOS="710" WIDTH="21"/>
						<String ID="P2_ST00019" HPOS="1226" VPOS="645" WIDTH="47" HEIGHT="46" CONTENT="la" WC="0.78" CC="04"/>
						<SP ID="P2_SP00016" HPOS="1273" VPOS="710" WIDTH="18"/>
						<String ID="P2_ST00020" HPOS="1291" VPOS="659" WIDTH="219" HEIGHT="48" CONTENT="gravure" WC="0.99" CC="7003500"/>
						<SP ID="P2_SP00017" HPOS="1510" VPOS="710" WIDTH="21"/>
						<String ID="P2_ST00021" HPOS="1531" VPOS="650" WIDTH="46" HEIGHT="39" CONTENT="et" WC="0.96" CC="00"/>
						<SP ID="P2_SP00018" HPOS="1577" VPOS="710" WIDTH="20"/>
						<String ID="P2_ST00022" HPOS="1597" VPOS="642" WIDTH="58" HEIGHT="46" CONTENT="de" WC="1.00" CC="00"/>
						<SP ID="P2_SP00019" HPOS="1655" VPOS="710" WIDTH="22"/>
						<String ID="P2_ST00023" HPOS="1677" VPOS="642" WIDTH="47" HEIGHT="45" CONTENT="la" WC="0.60" CC="34"/>
						<SP ID="P2_SP00020" HPOS="1724" VPOS="710" WIDTH="24"/>
						<String ID="P2_ST00024" HPOS="1748" VPOS="639" WIDTH="339" HEIGHT="64" CONTENT="typographie." WC="0.99" CC="177000073602"/>
					</TextLine>
					<TextLine ID="P2_TL00005" HPOS="558" VPOS="717" WIDTH="1703" HEIGHT="68">
						<String ID="P2_ST00025" HPOS="558" VPOS="727" WIDTH="141" HEIGHT="47" CONTENT="Nous" WC="0.99" CC="0030"/>
						<SP ID="P2_SP00021" HPOS="699" VPOS="774" WIDTH="26"/>
						<String ID="P2_ST00026" HPOS="725" VPOS="743" WIDTH="117" HEIGHT="33" CONTENT="nous" WC="0.98" CC="0530"/>
						<SP ID="P2_SP00022" HPOS="842" VPOS="776" WIDTH="30"/>
						<String ID="P2_ST00027" HPOS="872" VPOS="736" WIDTH="205" HEIGHT="38" CONTENT="mettons" WC="1.00" CC="0000000"/>
						<SP ID="P2_SP00023" HPOS="1077" VPOS="776" WIDTH="25"/>
						<String ID="P2_ST00028" HPOS="1102" VPOS="728" WIDTH="82" HEIGHT="46" CONTENT="dès" WC="0.98" CC="040"/>
						<SP ID="P2_SP00024" HPOS="1184" VPOS="776" WIDTH="34"/>
						<String ID="P2_ST00029" HPOS="1218" VPOS="726" WIDTH="299" HEIGHT="47" CONTENT="maintenant" WC="0.99" CC="0505016470"/>
						<SP ID="P2_SP00025" HPOS="1517" VPOS="776" WIDTH="31"/>
						<String ID="P2_ST00030" HPOS="1548" VPOS="739" WIDTH="54" HEIGHT="31" CONTENT="en" WC="0.82" CC="03"/>
						<SP ID="P2_SP00026" HPOS="1602" VPOS="776" WIDTH="28"/>
						<String ID="P2_ST00031" HPOS="1630" VPOS="721" WIDTH="136" HEIGHT="64" CONTENT="quête" WC="0.99" CC="00600"/>
						<SP ID="P2_SP00027" HPOS="1766" VPOS="785" WIDTH="25"/>
						<String ID="P2_ST00032" HPOS="1791" VPOS="720" WIDTH="298" HEIGHT="61" CONTENT="d'estampes," WC="0.91" CC="07000020000"/>
						<SP ID="P2_SP00028" HPOS="2089" VPOS="785" WIDTH="38"/>
						<String ID="P2_ST00033" HPOS="2127" VPOS="717" WIDTH="134" HEIGHT="46" CONTENT="telles" WC="0.99" CC="200009"/>
					</TextLine>
					<TextLine ID="P2_TL00006" HPOS="501" VPOS="799" WIDTH="1760" HEIGHT="73">
						<String ID="P2_ST00034" HPOS="501" VPOS="823" WIDTH="86" HEIGHT="47" CONTENT="que" WC="0.98" CC="050"/>
						<SP ID="P2_SP00029" HPOS="587" VPOS="870" WIDTH="11"/>
						<String ID="P2_ST00035" HPOS="598" VPOS="809" WIDTH="275" HEIGHT="61" CONTENT="portraits," WC="0.99" CC="0005000309"/>
						<SP ID="P2_SP00030" HPOS="873" VPOS="870" WIDTH="24"/>
						<String ID="P2_ST00036" HPOS="897" VPOS="809" WIDTH="280" HEIGHT="63" CONTENT="allégories," WC="1.00" CC="00004000000"/>
						<SP ID="P2_SP00031" HPOS="1177" VPOS="872" WIDTH="23"/>
						<String ID="P2_ST00037" HPOS="1200" VPOS="807" WIDTH="304" HEIGHT="47" CONTENT="caricatures" WC="1.00" CC="45000002000"/>
						<SP ID="P2_SP00032" HPOS="1504" VPOS="872" WIDTH="21"/>
						<String ID="P2_ST00038" HPOS="1525" VPOS="812" WIDTH="45" HEIGHT="39" CONTENT="et" WC="1.00" CC="00"/>
						<SP ID="P2_SP00033" HPOS="1570" VPOS="872" WIDTH="23"/>
						<String ID="P2_ST00039" HPOS="1593" VPOS="804" WIDTH="158" HEIGHT="46" CONTENT="scènes" WC="0.99" CC="009000"/>
						<SP ID="P2_SP00034" HPOS="1751" VPOS="872" WIDTH="20"/>
						<String ID="P2_ST00040" HPOS="1771" VPOS="801" WIDTH="57" HEIGHT="46" CONTENT="de" WC="1.00" CC="00"/>
						<SP ID="P2_SP00035" HPOS="1828" VPOS="872" WIDTH="23"/>
						<String ID="P2_ST00041" HPOS="1851" VPOS="799" WIDTH="228" HEIGHT="59" CONTENT="comédie," WC="0.99" CC="00500801"/>
						<SP ID="P2_SP00036" HPOS="2079" VPOS="872" WIDTH="25"/>
						<String ID="P2_ST00042" HPOS="2104" VPOS="805" WIDTH="157" HEIGHT="40" CONTENT="toutes" WC="0.98" CC="506600"/>
					</TextLine>
					<TextLine ID="P2_TL00007" HPOS="499" VPOS="880" WIDTH="1758" HEIGHT="71">
						<String ID="P2_ST00043" HPOS="499" VPOS="889" WIDTH="226" HEIGHT="49" CONTENT="relatives" WC="0.99" CC="780000400"/>
						<SP ID="P2_SP00037" HPOS="725" VPOS="938" WIDTH="19"/>
						<String ID="P2_ST00044" HPOS="744" VPOS="890" WIDTH="91" HEIGHT="46" CONTENT="àla" WC="1.00" CC="000"/>
						<SP ID="P2_SP00038" HPOS="835" VPOS="938" WIDTH="22"/>
						<String ID="P2_ST00045" HPOS="857" VPOS="891" WIDTH="232" HEIGHT="60" CONTENT="musique," WC="1.00" CC="14000300"/>
						<SP ID="P2_SP00039" HPOS="1089" VPOS="951" WIDTH="21"/>
						<String ID="P2_ST00046" HPOS="1110" VPOS="896" WIDTH="99" HEIGHT="53" CONTENT="o/m" WC="0.11" CC="889"/>
						<SP ID="P2_SP00040" HPOS="1209" VPOS="951" WIDTH="15"/>
						<String ID="P2_ST00047" HPOS="1224" VPOS="903" WIDTH="87" HEIGHT="48" CONTENT="que" WC="1.00" CC="010"/>
						<SP ID="P2_SP00041" HPOS="1311" VPOS="951" WIDTH="18"/>
						<String ID="P2_ST00048" HPOS="1329" VPOS="895" WIDTH="139" HEIGHT="39" CONTENT="notre" WC="0.99" CC="50000"/>
						<SP ID="P2_SP00042" HPOS="1468" VPOS="951" WIDTH="17"/>
						<String ID="P2_ST00049" HPOS="1485" VPOS="886" WIDTH="310" HEIGHT="47" CONTENT="illustration" WC="0.99" CC="000580000705"/>
						<SP ID="P2_SP00043" HPOS="1795" VPOS="951" WIDTH="24"/>
						<String ID="P2_ST00050" HPOS="1819" VPOS="898" WIDTH="55" HEIGHT="31" CONTENT="ne" WC="0.76" CC="40"/>
						<SP ID="P2_SP00044" HPOS="1874" VPOS="951" WIDTH="15"/>
						<String ID="P2_ST00051" HPOS="1889" VPOS="880" WIDTH="159" HEIGHT="48" CONTENT="chôme" WC="0.99" CC="05500"/>
						<SP ID="P2_SP00045" HPOS="2048" VPOS="951" WIDTH="3"/>
						<String ID="P2_ST00052" HPOS="2051" VPOS="882" WIDTH="206" HEIGHT="61" CONTENT="jamais." WC="0.99" CC="0070006"/>
					</TextLine>
					<TextLine ID="P2_TL00008" HPOS="600" VPOS="961" WIDTH="1658" HEIGHT="69">
						<String ID="P2_ST00053" HPOS="600" VPOS="969" WIDTH="145" HEIGHT="47" CONTENT="même" WC="0.99" CC="0400"/>
						<SP ID="P2_SP00046" HPOS="745" VPOS="1016" WIDTH="22"/>
						<String ID="P2_ST00054" HPOS="767" VPOS="977" WIDTH="167" HEIGHT="53" CONTENT="temps," WC="0.98" CC="201904"/>
						<SP ID="P2_SP00047" HPOS="934" VPOS="1030" WIDTH="24"/>
						<String ID="P2_ST00055" HPOS="958" VPOS="985" WIDTH="117" HEIGHT="30" CONTENT="/zoz/s" WC="0.14" CC="888888"/>
						<SP ID="P2_SP00048" HPOS="1075" VPOS="1030" WIDTH="21"/>
						<String ID="P2_ST00056" HPOS="1096" VPOS="984" WIDTH="143" HEIGHT="32" CONTENT="avons" WC="0.98" CC="04060"/>
						<SP ID="P2_SP00049" HPOS="1239" VPOS="1030" WIDTH="20"/>
						<String ID="P2_ST00057" HPOS="1259" VPOS="967" WIDTH="272" HEIGHT="48" CONTENT="commandé" WC="0.99" CC="05000602"/>
						<SP ID="P2_SP00050" HPOS="1531" VPOS="1030" WIDTH="22"/>
						<String ID="P2_ST00058" HPOS="1553" VPOS="982" WIDTH="87" HEIGHT="30" CONTENT="une" WC="0.96" CC="630"/>
						<SP ID="P2_SP00051" HPOS="1640" VPOS="1030" WIDTH="20"/>
						<String ID="P2_ST00059" HPOS="1660" VPOS="965" WIDTH="126" HEIGHT="47" CONTENT="série" WC="0.99" CC="05000"/>
						<SP ID="P2_SP00052" HPOS="1786" VPOS="1030" WIDTH="22"/>
						<String ID="P2_ST00060" HPOS="1808" VPOS="963" WIDTH="58" HEIGHT="46" CONTENT="de" WC="1.00" CC="00"/>
						<SP ID="P2_SP00053" HPOS="1866" VPOS="1030" WIDTH="21"/>
						<String ID="P2_ST00061" HPOS="1887" VPOS="962" WIDTH="169" HEIGHT="46" CONTENT="lettres" WC="1.00" CC="0000000"/>
						<SP ID="P2_SP00054" HPOS="2056" VPOS="1030" WIDTH="22"/>
						<String ID="P2_ST00062" HPOS="2078" VPOS="961" WIDTH="180" HEIGHT="53" CONTENT="ornées," WC="0.99" CC="0500005"/>
					</TextLine>
					<TextLine ID="P2_TL00009" HPOS="497" VPOS="1039" WIDTH="1760" HEIGHT="70">
						<String ID="P2_ST00063" HPOS="497" VPOS="1049" WIDTH="58" HEIGHT="45" CONTENT="de" WC="0.07" CC="98"/>
						<SP ID="P2_SP00055" HPOS="555" VPOS="1094" WIDTH="34"/>
						<String ID="P2_ST00064" HPOS="589" VPOS="1049" WIDTH="371" HEIGHT="60" CONTENT="culs-de-lampe" WC="1.00" CC="0500500800000"/>
						<SP ID="P2_SP00056" HPOS="960" VPOS="1109" WIDTH="45"/>
						<String ID="P2_ST00065" HPOS="1005" VPOS="1055" WIDTH="45" HEIGHT="38" CONTENT="et" WC="0.82" CC="03"/>
						<SP ID="P2_SP00057" HPOS="1050" VPOS="1109" WIDTH="33"/>
						<String ID="P2_ST00066" HPOS="1083" VPOS="1047" WIDTH="58" HEIGHT="46" CONTENT="de" WC="1.00" CC="00"/>
						<SP ID="P2_SP00058" HPOS="1141" VPOS="1109" WIDTH="29"/>
						<String ID="P2_ST00067" HPOS="1170" VPOS="1048" WIDTH="217" HEIGHT="59" CONTENT="fleurons" WC="0.99" CC="05080010"/>
						<SP ID="P2_SP00059" HPOS="1387" VPOS="1109" WIDTH="22"/>
						<String ID="P2_ST00068" HPOS="1409" VPOS="1062" WIDTH="134" HEIGHT="46" CONTENT="pour" WC="0.99" CC="0060"/>
						<SP ID="P2_SP00060" HPOS="1543" VPOS="1109" WIDTH="29"/>
						<String ID="P2_ST00069" HPOS="1572" VPOS="1053" WIDTH="140" HEIGHT="38" CONTENT="notre" WC="0.99" CC="10105"/>
						<SP ID="P2_SP00061" HPOS="1712" VPOS="1109" WIDTH="32"/>
						<String ID="P2_ST00070" HPOS="1744" VPOS="1058" WIDTH="147" HEIGHT="47" CONTENT="usage" WC="0.99" CC="70000"/>
						<SP ID="P2_SP00062" HPOS="1891" VPOS="1109" WIDTH="23"/>
						<String ID="P2_ST00071" HPOS="1914" VPOS="1039" WIDTH="196" HEIGHT="64" CONTENT="spécial," WC="0.99" CC="00006007"/>
						<SP ID="P2_SP00063" HPOS="2110" VPOS="1109" WIDTH="23"/>
						<String ID="P2_ST00072" HPOS="2133" VPOS="1054" WIDTH="124" HEIGHT="30" CONTENT="ainsi" WC="0.99" CC="00600"/>
					</TextLine>
					<TextLine ID="P2_TL00010" HPOS="499" VPOS="1118" WIDTH="1762" HEIGHT="72">
						<String ID="P2_ST00073" HPOS="499" VPOS="1129" WIDTH="167" HEIGHT="61" CONTENT="qu'une" WC="0.98" CC="073060"/>
						<SP ID="P2_SP00064" HPOS="666" VPOS="1190" WIDTH="35"/>
						<String ID="P2_ST00074" HPOS="701" VPOS="1127" WIDTH="125" HEIGHT="46" CONTENT="suite" WC="0.98" CC="07060"/>
						<SP ID="P2_SP00065" HPOS="826" VPOS="1190" WIDTH="35"/>
						<String ID="P2_ST00075" HPOS="861" VPOS="1127" WIDTH="223" HEIGHT="46" CONTENT="cTen-tête" WC="0.67" CC="680612300" STYLEREFS="TXT_0"/>
						<SP ID="P2_SP00066" HPOS="1084" VPOS="1190" WIDTH="37"/>
						<String ID="P2_ST00076" HPOS="1121" VPOS="1127" WIDTH="57" HEIGHT="45" CONTENT="de" WC="0.85" CC="02" STYLEREFS="TXT_0"/>
						<SP ID="P2_SP00067" HPOS="1178" VPOS="1190" WIDTH="35"/>
						<String ID="P2_ST00077" HPOS="1213" VPOS="1142" WIDTH="142" HEIGHT="45" CONTENT="pages" WC="0.98" CC="54300" STYLEREFS="TXT_0"/>
						<SP ID="P2_SP00068" HPOS="1355" VPOS="1190" WIDTH="31"/>
						<String ID="P2_ST00078" HPOS="1386" VPOS="1126" WIDTH="64" HEIGHT="45" CONTENT="du" WC="0.61" CC="07"/>
						<SP ID="P2_SP00069" HPOS="1450" VPOS="1190" WIDTH="25"/>
						<String ID="P2_ST00079" HPOS="1475" VPOS="1126" WIDTH="115" HEIGHT="60" CONTENT="plus" WC="0.96" CC="8026"/>
						<SP ID="P2_SP00070" HPOS="1590" VPOS="1190" WIDTH="36"/>
						<String ID="P2_ST00080" HPOS="1626" VPOS="1126" WIDTH="117" HEIGHT="44" CONTENT="haut" WC="0.97" CC="8330"/>
						<SP ID="P2_SP00071" HPOS="1743" VPOS="1190" WIDTH="32"/>
						<String ID="P2_ST00081" HPOS="1775" VPOS="1122" WIDTH="140" HEIGHT="59" CONTENT="style," WC="0.99" CC="019002"/>
						<SP ID="P2_SP00072" HPOS="1915" VPOS="1190" WIDTH="46"/>
						<String ID="P2_ST00082" HPOS="1961" VPOS="1120" WIDTH="193" HEIGHT="62" CONTENT="d'après" WC="0.99" CC="0490050"/>
						<SP ID="P2_SP00073" HPOS="2154" VPOS="1190" WIDTH="40"/>
						<String ID="P2_ST00083" HPOS="2194" VPOS="1118" WIDTH="67" HEIGHT="46" CONTENT="les" WC="1.00" CC="000"/>
					</TextLine>
					<TextLine ID="P2_TL00011" HPOS="497" VPOS="1204" WIDTH="1764" HEIGHT="64">
						<String ID="P2_ST00084" HPOS="497" VPOS="1207" WIDTH="202" HEIGHT="46" CONTENT="maîtres" WC="1.00" CC="0070000"/>
						<SP ID="P2_SP00074" HPOS="699" VPOS="1253" WIDTH="26"/>
						<String ID="P2_ST00085" HPOS="725" VPOS="1207" WIDTH="212" HEIGHT="58" CONTENT="italiens," WC="0.99" CC="048000304"/>
						<SP ID="P2_SP00075" HPOS="937" VPOS="1265" WIDTH="9"/>
						<String ID="P2_ST00086" HPOS="946" VPOS="1206" WIDTH="253" HEIGHT="62" CONTENT="flamands" WC="0.99" CC="63000300"/>
						<SP ID="P2_SP00076" HPOS="1199" VPOS="1268" WIDTH="21"/>
						<String ID="P2_ST00087" HPOS="1220" VPOS="1213" WIDTH="44" HEIGHT="38" CONTENT="et" WC="1.00" CC="00"/>
						<SP ID="P2_SP00077" HPOS="1264" VPOS="1268" WIDTH="16"/>
						<String ID="P2_ST00088" HPOS="1280" VPOS="1204" WIDTH="241" HEIGHT="62" CONTENT="français." WC="0.99" CC="001153005"/>
						<SP ID="P2_SP00078" HPOS="1521" VPOS="1268" WIDTH="39"/>
						<String ID="P2_ST00089" HPOS="1560" VPOS="1205" WIDTH="230" HEIGHT="44" CONTENT="Certains" WC="1.00" CC="00004000"/>
						<SP ID="P2_SP00079" HPOS="1790" VPOS="1268" WIDTH="31"/>
						<String ID="P2_ST00090" HPOS="1821" VPOS="1204" WIDTH="185" HEIGHT="44" CONTENT="d'entre" WC="0.99" CC="0403300"/>
						<SP ID="P2_SP00080" HPOS="2006" VPOS="1268" WIDTH="28"/>
						<String ID="P2_ST00091" HPOS="2034" VPOS="1216" WIDTH="92" HEIGHT="30" CONTENT="eux" WC="0.96" CC="072"/>
						<SP ID="P2_SP00081" HPOS="2126" VPOS="1268" WIDTH="29"/>
						<String ID="P2_ST00092" HPOS="2155" VPOS="1214" WIDTH="80" HEIGHT="31" CONTENT="con" SUBS_TYPE="HypPart1" SUBS_CONTENT="constituent" WC="0.98" CC="002"/>
						<HYP HPOS="2235" VPOS="1214" WIDTH="26" CONTENT="-"/>
					</TextLine>
					<TextLine ID="P2_TL00012" HPOS="496" VPOS="1279" WIDTH="1764" HEIGHT="68">
						<String ID="P2_ST00093" HPOS="496" VPOS="1288" WIDTH="207" HEIGHT="46" CONTENT="stituent" SUBS_TYPE="HypPart2" SUBS_CONTENT="constituent" WC="0.99" CC="03006050"/>
						<SP ID="P2_SP00082" HPOS="703" VPOS="1334" WIDTH="25"/>
						<String ID="P2_ST00094" HPOS="728" VPOS="1288" WIDTH="57" HEIGHT="45" CONTENT="de" WC="1.00" CC="00"/>
						<SP ID="P2_SP00083" HPOS="785" VPOS="1334" WIDTH="27"/>
						<String ID="P2_ST00095" HPOS="812" VPOS="1287" WIDTH="258" HEIGHT="47" CONTENT="véritables" WC="1.00" CC="0000150000"/>
						<SP ID="P2_SP00084" HPOS="1070" VPOS="1334" WIDTH="31"/>
						<String ID="P2_ST00096" HPOS="1101" VPOS="1285" WIDTH="372" HEIGHT="62" CONTENT="reproductions" WC="1.00" CC="0000000300030"/>
						<SP ID="P2_SP00085" HPOS="1473" VPOS="1347" WIDTH="25"/>
						<String ID="P2_ST00097" HPOS="1498" VPOS="1284" WIDTH="58" HEIGHT="45" CONTENT="de" WC="1.00" CC="00"/>
						<SP ID="P2_SP00086" HPOS="1556" VPOS="1347" WIDTH="23"/>
						<String ID="P2_ST00098" HPOS="1579" VPOS="1299" WIDTH="244" HEIGHT="46" CONTENT="gravures" WC="0.99" CC="00086000"/>
						<SP ID="P2_SP00087" HPOS="1823" VPOS="1347" WIDTH="35"/>
						<String ID="P2_ST00099" HPOS="1858" VPOS="1282" WIDTH="250" HEIGHT="46" CONTENT="anciennes" WC="0.99" CC="060003060"/>
						<SP ID="P2_SP00088" HPOS="2108" VPOS="1347" WIDTH="33"/>
						<String ID="P2_ST00100" HPOS="2141" VPOS="1279" WIDTH="119" HEIGHT="46" CONTENT="dont" WC="0.99" CC="0021"/>
					</TextLine>
					<TextLine ID="P2_TL00013" HPOS="496" VPOS="1357" WIDTH="1758" HEIGHT="73">
						<String ID="P2_ST00101" HPOS="496" VPOS="1368" WIDTH="67" HEIGHT="46" CONTENT="les" WC="1.00" CC="000"/>
						<SP ID="P2_SP00089" HPOS="563" VPOS="1414" WIDTH="33"/>
						<String ID="P2_ST00102" HPOS="596" VPOS="1368" WIDTH="272" HEIGHT="62" CONTENT="originaux" WC="0.99" CC="000005603"/>
						<SP ID="P2_SP00090" HPOS="868" VPOS="1430" WIDTH="32"/>
						<String ID="P2_ST00103" HPOS="900" VPOS="1375" WIDTH="107" HEIGHT="38" CONTENT="sont" WC="0.99" CC="0030"/>
						<SP ID="P2_SP00091" HPOS="1007" VPOS="1430" WIDTH="23"/>
						<String ID="P2_ST00104" HPOS="1030" VPOS="1365" WIDTH="291" HEIGHT="48" CONTENT="eux-mêmes" WC="0.99" CC="600479000"/>
						<SP ID="P2_SP00092" HPOS="1321" VPOS="1430" WIDTH="18"/>
						<String ID="P2_ST00105" HPOS="1339" VPOS="1366" WIDTH="139" HEIGHT="45" CONTENT="d'une" WC="0.97" CC="04618"/>
						<SP ID="P2_SP00093" HPOS="1478" VPOS="1430" WIDTH="21"/>
						<String ID="P2_ST00106" HPOS="1499" VPOS="1364" WIDTH="214" HEIGHT="46" CONTENT="extrême" WC="1.00" CC="0000700"/>
						<SP ID="P2_SP00094" HPOS="1713" VPOS="1430" WIDTH="22"/>
						<String ID="P2_ST00107" HPOS="1735" VPOS="1365" WIDTH="176" HEIGHT="44" CONTENT="rareté." WC="0.99" CC="0000446"/>
						<SP ID="P2_SP00095" HPOS="1911" VPOS="1430" WIDTH="32"/>
						<String ID="P2_ST00108" HPOS="1943" VPOS="1362" WIDTH="89" HEIGHT="45" CONTENT="Cet" WC="0.99" CC="003"/>
						<SP ID="P2_SP00096" HPOS="2032" VPOS="1430" WIDTH="22"/>
						<String ID="P2_ST00109" HPOS="2054" VPOS="1357" WIDTH="200" HEIGHT="49" CONTENT="attirail" WC="0.99" CC="40300530"/>
					</TextLine>
					<TextLine ID="P2_TL00014" HPOS="499" VPOS="1438" WIDTH="1761" HEIGHT="72">
						<String ID="P2_ST00110" HPOS="499" VPOS="1448" WIDTH="263" HEIGHT="62" CONTENT="artistique" WC="1.00" CC="0050000020"/>
						<SP ID="P2_SP00097" HPOS="762" VPOS="1510" WIDTH="33"/>
						<String ID="P2_ST00111" HPOS="795" VPOS="1464" WIDTH="118" HEIGHT="31" CONTENT="nous" WC="0.97" CC="7070"/>
						<SP ID="P2_SP00098" HPOS="913" VPOS="1510" WIDTH="33"/>
						<String ID="P2_ST00112" HPOS="946" VPOS="1456" WIDTH="70" HEIGHT="38" CONTENT="est" WC="0.99" CC="003"/>
						<SP ID="P2_SP00099" HPOS="1016" VPOS="1510" WIDTH="10"/>
						<String ID="P2_ST00113" HPOS="1026" VPOS="1446" WIDTH="367" HEIGHT="63" CONTENT="formellement" WC="1.00" CC="400000000061"/>
						<SP ID="P2_SP00100" HPOS="1393" VPOS="1510" WIDTH="26"/>
						<String ID="P2_ST00114" HPOS="1419" VPOS="1461" WIDTH="195" HEIGHT="46" CONTENT="promis" WC="0.99" CC="009000"/>
						<SP ID="P2_SP00101" HPOS="1614" VPOS="1510" WIDTH="25"/>
						<String ID="P2_ST00115" HPOS="1639" VPOS="1460" WIDTH="100" HEIGHT="45" CONTENT="par" WC="1.00" CC="000"/>
						<SP ID="P2_SP00102" HPOS="1739" VPOS="1510" WIDTH="33"/>
						<String ID="P2_ST00116" HPOS="1772" VPOS="1458" WIDTH="84" HEIGHT="31" CONTENT="nos" WC="0.99" CC="300"/>
						<SP ID="P2_SP00103" HPOS="1856" VPOS="1510" WIDTH="29"/>
						<String ID="P2_ST00117" HPOS="1885" VPOS="1455" WIDTH="246" HEIGHT="49" CONTENT="graveurs" WC="1.00" CC="00400600"/>
						<SP ID="P2_SP00104" HPOS="2131" VPOS="1510" WIDTH="31"/>
						<String ID="P2_ST00118" HPOS="2162" VPOS="1439" WIDTH="28" HEIGHT="45" CONTENT="à" WC="0.68" CC="3"/>
						<SP ID="P2_SP00105" HPOS="2190" VPOS="1510" WIDTH="22"/>
						<String ID="P2_ST00119" HPOS="2212" VPOS="1438" WIDTH="48" HEIGHT="46" CONTENT="la" WC="1.00" CC="00"/>
					</TextLine>
					<TextLine ID="P2_TL00015" HPOS="498" VPOS="1521" WIDTH="1760" HEIGHT="70">
						<String ID="P2_ST00120" HPOS="498" VPOS="1530" WIDTH="112" HEIGHT="46" CONTENT="date" WC="1.00" CC="0000"/>
						<SP ID="P2_SP00106" HPOS="610" VPOS="1576" WIDTH="17"/>
						<String ID="P2_ST00121" HPOS="627" VPOS="1530" WIDTH="126" HEIGHT="60" CONTENT="fixée" WC="1.00" CC="30000"/>
						<SP ID="P2_SP00107" HPOS="753" VPOS="1590" WIDTH="12"/>
						<String ID="P2_ST00122" HPOS="765" VPOS="1545" WIDTH="132" HEIGHT="46" CONTENT="pour" WC="0.98" CC="8000"/>
						<SP ID="P2_SP00108" HPOS="897" VPOS="1591" WIDTH="20"/>
						<String ID="P2_ST00123" HPOS="917" VPOS="1536" WIDTH="140" HEIGHT="39" CONTENT="notre" WC="0.99" CC="70000"/>
						<SP ID="P2_SP00109" HPOS="1057" VPOS="1591" WIDTH="22"/>
						<String ID="P2_ST00124" HPOS="1079" VPOS="1530" WIDTH="355" HEIGHT="60" CONTENT="réapparition," WC="1.00" CC="0700000020060"/>
						<SP ID="P2_SP00110" HPOS="1434" VPOS="1591" WIDTH="24"/>
						<String ID="P2_ST00125" HPOS="1458" VPOS="1533" WIDTH="45" HEIGHT="38" CONTENT="et" WC="0.92" CC="01"/>
						<SP ID="P2_SP00111" HPOS="1503" VPOS="1591" WIDTH="21"/>
						<String ID="P2_ST00126" HPOS="1524" VPOS="1525" WIDTH="48" HEIGHT="46" CONTENT="la" WC="1.00" CC="00"/>
						<SP ID="P2_SP00112" HPOS="1572" VPOS="1591" WIDTH="23"/>
						<String ID="P2_ST00127" HPOS="1595" VPOS="1524" WIDTH="271" HEIGHT="59" CONTENT="Chronique" WC="0.99" CC="616043147" STYLEREFS="TXT_0"/>
						<SP ID="P2_SP00113" HPOS="1866" VPOS="1591" WIDTH="21"/>
						<String ID="P2_ST00128" HPOS="1887" VPOS="1521" WIDTH="226" HEIGHT="47" CONTENT="Musicale" WC="0.99" CC="03230040" STYLEREFS="TXT_0"/>
						<SP ID="P2_SP00114" HPOS="2113" VPOS="1591" WIDTH="22"/>
						<String ID="P2_ST00129" HPOS="2135" VPOS="1534" WIDTH="123" HEIGHT="31" CONTENT="aura" WC="0.97" CC="8300"/>
					</TextLine>
					<TextLine ID="P2_TL00016" HPOS="499" VPOS="1606" WIDTH="943" HEIGHT="64">
						<String ID="P2_ST00130" HPOS="499" VPOS="1609" WIDTH="129" HEIGHT="47" CONTENT="ainsi" WC="0.99" CC="50000"/>
						<SP ID="P2_SP00115" HPOS="628" VPOS="1656" WIDTH="21"/>
						<String ID="P2_ST00131" HPOS="649" VPOS="1609" WIDTH="160" HEIGHT="47" CONTENT="revêtu" WC="0.99" CC="005004"/>
						<SP ID="P2_SP00116" HPOS="809" VPOS="1656" WIDTH="22"/>
						<String ID="P2_ST00132" HPOS="831" VPOS="1609" WIDTH="82" HEIGHT="47" CONTENT="des" WC="1.00" CC="000"/>
						<SP ID="P2_SP00117" HPOS="913" VPOS="1656" WIDTH="20"/>
						<String ID="P2_ST00133" HPOS="933" VPOS="1616" WIDTH="183" HEIGHT="54" CONTENT="aspects" WC="1.00" CC="6000000"/>
						<SP ID="P2_SP00118" HPOS="1116" VPOS="1670" WIDTH="13"/>
						<String ID="P2_ST00134" HPOS="1129" VPOS="1607" WIDTH="115" HEIGHT="62" CONTENT="plus" WC="0.99" CC="0050"/>
						<SP ID="P2_SP00119" HPOS="1244" VPOS="1670" WIDTH="20"/>
						<String ID="P2_ST00135" HPOS="1264" VPOS="1606" WIDTH="178" HEIGHT="46" CONTENT="variés." WC="0.99" CC="0500604"/>
					</TextLine>
					<TextLine ID="P2_TL00017" HPOS="557" VPOS="1682" WIDTH="1703" HEIGHT="68">
						<String ID="P2_ST00136" HPOS="557" VPOS="1690" WIDTH="71" HEIGHT="45" CONTENT="Le" WC="0.72" CC="05"/>
						<SP ID="P2_SP00120" HPOS="628" VPOS="1735" WIDTH="21"/>
						<String ID="P2_ST00137" HPOS="649" VPOS="1689" WIDTH="182" HEIGHT="46" CONTENT="lecteur" WC="1.00" CC="0000060"/>
						<SP ID="P2_SP00121" HPOS="831" VPOS="1735" WIDTH="10"/>
						<String ID="P2_ST00138" HPOS="841" VPOS="1704" WIDTH="196" HEIGHT="46" CONTENT="pourra" WC="1.00" CC="004000"/>
						<SP ID="P2_SP00122" HPOS="1037" VPOS="1750" WIDTH="21"/>
						<String ID="P2_ST00139" HPOS="1058" VPOS="1688" WIDTH="112" HEIGHT="57" CONTENT="lire," WC="1.00" CC="00000"/>
						<SP ID="P2_SP00123" HPOS="1170" VPOS="1750" WIDTH="25"/>
						<String ID="P2_ST00140" HPOS="1195" VPOS="1687" WIDTH="123" HEIGHT="46" CONTENT="dans" WC="1.00" CC="0000"/>
						<SP ID="P2_SP00124" HPOS="1318" VPOS="1750" WIDTH="22"/>
						<String ID="P2_ST00141" HPOS="1340" VPOS="1686" WIDTH="43" HEIGHT="45" CONTENT="le" WC="1.00" CC="00"/>
						<SP ID="P2_SP00125" HPOS="1383" VPOS="1750" WIDTH="17"/>
						<String ID="P2_ST00142" HPOS="1400" VPOS="1688" WIDTH="197" HEIGHT="44" CONTENT="numéro" WC="0.99" CC="630000"/>
						<SP ID="P2_SP00126" HPOS="1597" VPOS="1750" WIDTH="19"/>
						<String ID="P2_ST00143" HPOS="1616" VPOS="1685" WIDTH="65" HEIGHT="45" CONTENT="du" WC="1.00" CC="00"/>
						<SP ID="P2_SP00127" HPOS="1681" VPOS="1750" WIDTH="28"/>
						<String ID="P2_ST00144" HPOS="1709" VPOS="1700" WIDTH="22" HEIGHT="30" CONTENT="lerI" WC="1.00" CC="0000" STYLEREFS="TXT_3"/>
						<String ID="P2_ST00145" HPOS="1741" VPOS="1689" WIDTH="29" HEIGHT="16" CONTENT="er" STYLE="superscript" WC="0.29" CC="67" STYLEREFS="TXT_4"/>
						<SP ID="P2_SP00128" HPOS="1770" VPOS="1750" WIDTH="17"/>
						<String ID="P2_ST00146" HPOS="1787" VPOS="1682" WIDTH="149" HEIGHT="59" CONTENT="avril," WC="0.99" CC="000801"/>
						<SP ID="P2_SP00129" HPOS="1936" VPOS="1750" WIDTH="24"/>
						<String ID="P2_ST00147" HPOS="1960" VPOS="1682" WIDTH="68" HEIGHT="46" CONTENT="les" WC="0.98" CC="400"/>
						<SP ID="P2_SP00130" HPOS="2028" VPOS="1750" WIDTH="25"/>
						<String ID="P2_ST00148" HPOS="2053" VPOS="1688" WIDTH="207" HEIGHT="54" CONTENT="comptes" WC="1.00" CC="0000000"/>
					</TextLine>
					<TextLine ID="P2_TL00018" HPOS="499" VPOS="1763" WIDTH="1761" HEIGHT="66">
						<String ID="P2_ST00149" HPOS="499" VPOS="1769" WIDTH="177" HEIGHT="46" CONTENT="rendus" WC="0.98" CC="046060"/>
						<SP ID="P2_SP00131" HPOS="676" VPOS="1815" WIDTH="34"/>
						<String ID="P2_ST00150" HPOS="710" VPOS="1768" WIDTH="227" HEIGHT="61" CONTENT="complets" WC="1.00" CC="00000000"/>
						<SP ID="P2_SP00132" HPOS="937" VPOS="1829" WIDTH="33"/>
						<String ID="P2_ST00151" HPOS="970" VPOS="1768" WIDTH="82" HEIGHT="45" CONTENT="des" WC="1.00" CC="000"/>
						<SP ID="P2_SP00133" HPOS="1052" VPOS="1829" WIDTH="33"/>
						<String ID="P2_ST00152" HPOS="1085" VPOS="1768" WIDTH="286" HEIGHT="45" CONTENT="nouveautés" WC="0.99" CC="6970007073"/>
						<SP ID="P2_SP00134" HPOS="1371" VPOS="1829" WIDTH="37"/>
						<String ID="P2_ST00153" HPOS="1408" VPOS="1766" WIDTH="201" HEIGHT="45" CONTENT="données" WC="1.00" CC="0023000"/>
						<SP ID="P2_SP00135" HPOS="1609" VPOS="1829" WIDTH="19"/>
						<String ID="P2_ST00154" HPOS="1628" VPOS="1780" WIDTH="101" HEIGHT="45" CONTENT="par" WC="1.00" CC="000"/>
						<SP ID="P2_SP00136" HPOS="1729" VPOS="1829" WIDTH="31"/>
						<String ID="P2_ST00155" HPOS="1760" VPOS="1763" WIDTH="66" HEIGHT="46" CONTENT="les" WC="1.00" CC="000"/>
						<SP ID="P2_SP00137" HPOS="1826" VPOS="1829" WIDTH="31"/>
						<String ID="P2_ST00156" HPOS="1857" VPOS="1769" WIDTH="218" HEIGHT="39" CONTENT="concerts" WC="1.00" CC="00100000"/>
						<SP ID="P2_SP00138" HPOS="2075" VPOS="1829" WIDTH="29"/>
						<String ID="P2_ST00157" HPOS="2104" VPOS="1768" WIDTH="45" HEIGHT="39" CONTENT="et" WC="1.00" CC="00"/>
						<SP ID="P2_SP00139" HPOS="2149" VPOS="1829" WIDTH="12"/>
						<String ID="P2_ST00158" HPOS="2161" VPOS="1775" WIDTH="99" HEIGHT="47" CONTENT="par" WC="1.00" CC="000"/>
					</TextLine>
					<TextLine ID="P2_TL00019" HPOS="497" VPOS="1841" WIDTH="1758" HEIGHT="71">
						<String ID="P2_ST00159" HPOS="497" VPOS="1849" WIDTH="67" HEIGHT="46" CONTENT="les" WC="1.00" CC="000"/>
						<SP ID="P2_SP00140" HPOS="564" VPOS="1895" WIDTH="22"/>
						<String ID="P2_ST00160" HPOS="586" VPOS="1849" WIDTH="209" HEIGHT="47" CONTENT="théâtres" WC="1.00" CC="00700000"/>
						<SP ID="P2_SP00141" HPOS="795" VPOS="1896" WIDTH="11"/>
						<String ID="P2_ST00161" HPOS="806" VPOS="1849" WIDTH="218" HEIGHT="63" CONTENT="pendant" WC="0.99" CC="0030050"/>
						<SP ID="P2_SP00142" HPOS="1024" VPOS="1912" WIDTH="21"/>
						<String ID="P2_ST00162" HPOS="1045" VPOS="1848" WIDTH="42" HEIGHT="45" CONTENT="le" WC="1.00" CC="00"/>
						<SP ID="P2_SP00143" HPOS="1087" VPOS="1912" WIDTH="26"/>
						<String ID="P2_ST00163" HPOS="1113" VPOS="1848" WIDTH="251" HEIGHT="45" CONTENT="trimestre" WC="1.00" CC="000000200"/>
						<SP ID="P2_SP00144" HPOS="1364" VPOS="1912" WIDTH="12"/>
						<String ID="P2_ST00164" HPOS="1376" VPOS="1846" WIDTH="264" HEIGHT="62" CONTENT="précédent" WC="0.99" CC="005500002"/>
						<SP ID="P2_SP00145" HPOS="1640" VPOS="1912" WIDTH="8"/>
						<String ID="P2_ST00165" HPOS="1648" VPOS="1862" WIDTH="18" HEIGHT="38" CONTENT=";" WC="1.00" CC="0"/>
						<SP ID="P2_SP00146" HPOS="1666" VPOS="1912" WIDTH="28"/>
						<String ID="P2_ST00166" HPOS="1694" VPOS="1844" WIDTH="37" HEIGHT="45" CONTENT="il" WC="1.00" CC="00"/>
						<SP ID="P2_SP00147" HPOS="1731" VPOS="1912" WIDTH="8"/>
						<String ID="P2_ST00167" HPOS="1739" VPOS="1860" WIDTH="48" HEIGHT="45" CONTENT="y" WC="0.15" CC="8"/>
						<SP ID="P2_SP00148" HPOS="1787" VPOS="1912" WIDTH="23"/>
						<String ID="P2_ST00168" HPOS="1810" VPOS="1851" WIDTH="230" HEIGHT="39" CONTENT="trouvera" WC="1.00" CC="00060000"/>
						<SP ID="P2_SP00149" HPOS="2040" VPOS="1912" WIDTH="20"/>
						<String ID="P2_ST00169" HPOS="2060" VPOS="1858" WIDTH="128" HEIGHT="31" CONTENT="aussi" WC="0.99" CC="80000"/>
						<SP ID="P2_SP00150" HPOS="2188" VPOS="1912" WIDTH="20"/>
						<String ID="P2_ST00170" HPOS="2208" VPOS="1841" WIDTH="47" HEIGHT="47" CONTENT="la" WC="1.00" CC="00"/>
					</TextLine>
					<TextLine ID="P2_TL00020" HPOS="496" VPOS="1929" WIDTH="820" HEIGHT="47">
						<String ID="P2_ST00171" HPOS="496" VPOS="1929" WIDTH="126" HEIGHT="47" CONTENT="suite" WC="0.99" CC="06000"/>
						<SP ID="P2_SP00151" HPOS="622" VPOS="1976" WIDTH="21"/>
						<String ID="P2_ST00172" HPOS="643" VPOS="1930" WIDTH="81" HEIGHT="46" CONTENT="des" WC="1.00" CC="000"/>
						<SP ID="P2_SP00152" HPOS="724" VPOS="1976" WIDTH="20"/>
						<String ID="P2_ST00173" HPOS="744" VPOS="1929" WIDTH="225" HEIGHT="47" CONTENT="matières" WC="1.00" CC="05100000"/>
						<SP ID="P2_SP00153" HPOS="969" VPOS="1976" WIDTH="21"/>
						<String ID="P2_ST00174" HPOS="990" VPOS="1930" WIDTH="326" HEIGHT="45" CONTENT="commencées." WC="1.00" CC="00660230000"/>
					</TextLine>
					<TextLine ID="P2_TL00021" HPOS="556" VPOS="2001" WIDTH="1700" HEIGHT="72">
						<String ID="P2_ST00175" HPOS="556" VPOS="2011" WIDTH="78" HEIGHT="44" CONTENT="Au" WC="1.00" CC="00"/>
						<SP ID="P2_SP00154" HPOS="634" VPOS="2055" WIDTH="26"/>
						<String ID="P2_ST00176" HPOS="660" VPOS="2010" WIDTH="143" HEIGHT="63" CONTENT="point" WC="0.98" CC="90250"/>
						<SP ID="P2_SP00155" HPOS="803" VPOS="2073" WIDTH="32"/>
						<String ID="P2_ST00177" HPOS="835" VPOS="2008" WIDTH="59" HEIGHT="47" CONTENT="de" WC="1.00" CC="00"/>
						<SP ID="P2_SP00156" HPOS="894" VPOS="2073" WIDTH="28"/>
						<String ID="P2_ST00178" HPOS="922" VPOS="2024" WIDTH="87" HEIGHT="31" CONTENT="vue" WC="0.95" CC="570"/>
						<SP ID="P2_SP00157" HPOS="1009" VPOS="2073" WIDTH="33"/>
						<String ID="P2_ST00179" HPOS="1042" VPOS="2009" WIDTH="57" HEIGHT="45" CONTENT="de" WC="1.00" CC="00"/>
						<SP ID="P2_SP00158" HPOS="1099" VPOS="2073" WIDTH="34"/>
						<String ID="P2_ST00180" HPOS="1133" VPOS="2008" WIDTH="214" HEIGHT="46" CONTENT="l'abonné" WC="0.99" CC="04000427"/>
						<SP ID="P2_SP00159" HPOS="1347" VPOS="2073" WIDTH="33"/>
						<String ID="P2_ST00181" HPOS="1380" VPOS="2021" WIDTH="174" HEIGHT="32" CONTENT="comme" WC="0.99" CC="27000"/>
						<SP ID="P2_SP00160" HPOS="1554" VPOS="2073" WIDTH="29"/>
						<String ID="P2_ST00182" HPOS="1583" VPOS="2005" WIDTH="28" HEIGHT="46" CONTENT="à" WC="1.00" CC="0"/>
						<SP ID="P2_SP00161" HPOS="1611" VPOS="2073" WIDTH="33"/>
						<String ID="P2_ST00183" HPOS="1644" VPOS="2004" WIDTH="124" HEIGHT="47" CONTENT="celui" WC="1.00" CC="00000"/>
						<SP ID="P2_SP00162" HPOS="1768" VPOS="2073" WIDTH="32"/>
						<String ID="P2_ST00184" HPOS="1800" VPOS="2004" WIDTH="64" HEIGHT="46" CONTENT="du" WC="0.77" CC="04"/>
						<SP ID="P2_SP00163" HPOS="1864" VPOS="2073" WIDTH="23"/>
						<String ID="P2_ST00185" HPOS="1887" VPOS="2003" WIDTH="298" HEIGHT="62" CONTENT="bibliophile," WC="1.00" CC="000000090000"/>
						<SP ID="P2_SP00164" HPOS="2185" VPOS="2073" WIDTH="23"/>
						<String ID="P2_ST00186" HPOS="2208" VPOS="2001" WIDTH="48" HEIGHT="46" CONTENT="la" WC="1.00" CC="00"/>
					</TextLine>
					<TextLine ID="P2_TL00022" HPOS="497" VPOS="2081" WIDTH="1764" HEIGHT="67">
						<String ID="P2_ST00187" HPOS="497" VPOS="2090" WIDTH="253" HEIGHT="47" CONTENT="collection" WC="1.00" CC="5000600004"/>
						<SP ID="P2_SP00165" HPOS="750" VPOS="2137" WIDTH="26"/>
						<String ID="P2_ST00188" HPOS="776" VPOS="2089" WIDTH="57" HEIGHT="46" CONTENT="de" WC="1.00" CC="00"/>
						<SP ID="P2_SP00166" HPOS="833" VPOS="2137" WIDTH="28"/>
						<String ID="P2_ST00189" HPOS="861" VPOS="2089" WIDTH="48" HEIGHT="46" CONTENT="la" WC="1.00" CC="00"/>
						<SP ID="P2_SP00167" HPOS="909" VPOS="2137" WIDTH="28"/>
						<String ID="P2_ST00190" HPOS="937" VPOS="2088" WIDTH="271" HEIGHT="60" CONTENT="Chronique" WC="0.99" CC="506073000" STYLEREFS="TXT_0"/>
						<SP ID="P2_SP00168" HPOS="1208" VPOS="2148" WIDTH="25"/>
						<String ID="P2_ST00191" HPOS="1233" VPOS="2086" WIDTH="227" HEIGHT="47" CONTENT="Musicale" WC="1.00" CC="00000060" STYLEREFS="TXT_0"/>
						<SP ID="P2_SP00169" HPOS="1460" VPOS="2148" WIDTH="29"/>
						<String ID="P2_ST00192" HPOS="1489" VPOS="2086" WIDTH="99" HEIGHT="45" CONTENT="n'en" WC="0.98" CC="1404"/>
						<SP ID="P2_SP00170" HPOS="1588" VPOS="2148" WIDTH="27"/>
						<String ID="P2_ST00193" HPOS="1615" VPOS="2101" WIDTH="109" HEIGHT="30" CONTENT="sera" WC="0.98" CC="0009"/>
						<SP ID="P2_SP00171" HPOS="1724" VPOS="2148" WIDTH="30"/>
						<String ID="P2_ST00194" HPOS="1754" VPOS="2084" WIDTH="271" HEIGHT="47" CONTENT="désormais" WC="1.00" CC="040000200"/>
						<SP ID="P2_SP00172" HPOS="2025" VPOS="2148" WIDTH="21"/>
						<String ID="P2_ST00195" HPOS="2046" VPOS="2099" WIDTH="85" HEIGHT="46" CONTENT="que" WC="0.98" CC="040"/>
						<SP ID="P2_SP00173" HPOS="2131" VPOS="2148" WIDTH="11"/>
						<String ID="P2_ST00196" HPOS="2142" VPOS="2081" WIDTH="119" HEIGHT="63" CONTENT="plus" WC="0.99" CC="0060"/>
					</TextLine>
					<TextLine ID="P2_TL00023" HPOS="489" VPOS="2170" WIDTH="267" HEIGHT="62">
						<String ID="P2_ST00197" HPOS="489" VPOS="2170" WIDTH="267" HEIGHT="62" CONTENT="précieuse." WC="1.00" CC="0070001000"/>
					</TextLine>
					<TextLine ID="P2_TL00024" HPOS="557" VPOS="2244" WIDTH="1701" HEIGHT="66">
						<String ID="P2_ST00198" HPOS="557" VPOS="2250" WIDTH="122" HEIGHT="47" CONTENT="Rien" WC="1.00" CC="0020"/>
						<SP ID="P2_SP00174" HPOS="679" VPOS="2297" WIDTH="29"/>
						<String ID="P2_ST00199" HPOS="708" VPOS="2265" WIDTH="55" HEIGHT="30" CONTENT="ne" WC="0.73" CC="50"/>
						<SP ID="P2_SP00175" HPOS="763" VPOS="2297" WIDTH="29"/>
						<String ID="P2_ST00200" HPOS="792" VPOS="2264" WIDTH="107" HEIGHT="31" CONTENT="sera" WC="1.00" CC="0000"/>
						<SP ID="P2_SP00176" HPOS="899" VPOS="2297" WIDTH="30"/>
						<String ID="P2_ST00201" HPOS="929" VPOS="2248" WIDTH="181" HEIGHT="62" CONTENT="changé" WC="1.00" CC="000400"/>
						<SP ID="P2_SP00177" HPOS="1110" VPOS="2310" WIDTH="21"/>
						<String ID="P2_ST00202" HPOS="1131" VPOS="2248" WIDTH="120" HEIGHT="45" CONTENT="dans" WC="0.99" CC="0040"/>
						<SP ID="P2_SP00178" HPOS="1251" VPOS="2310" WIDTH="21"/>
						<String ID="P2_ST00203" HPOS="1272" VPOS="2247" WIDTH="43" HEIGHT="46" CONTENT="le" WC="1.00" CC="00"/>
						<SP ID="P2_SP00179" HPOS="1315" VPOS="2310" WIDTH="19"/>
						<String ID="P2_ST00204" HPOS="1334" VPOS="2247" WIDTH="121" HEIGHT="62" CONTENT="plan" WC="0.99" CC="0050"/>
						<SP ID="P2_SP00180" HPOS="1455" VPOS="2310" WIDTH="25"/>
						<String ID="P2_ST00205" HPOS="1480" VPOS="2246" WIDTH="52" HEIGHT="46" CONTENT="ni" WC="0.61" CC="70"/>
						<SP ID="P2_SP00181" HPOS="1532" VPOS="2310" WIDTH="20"/>
						<String ID="P2_ST00206" HPOS="1552" VPOS="2246" WIDTH="121" HEIGHT="46" CONTENT="dans" WC="0.99" CC="0040"/>
						<SP ID="P2_SP00182" HPOS="1673" VPOS="2310" WIDTH="19"/>
						<String ID="P2_ST00207" HPOS="1692" VPOS="2246" WIDTH="48" HEIGHT="45" CONTENT="la" WC="1.00" CC="00"/>
						<SP ID="P2_SP00183" HPOS="1740" VPOS="2310" WIDTH="27"/>
						<String ID="P2_ST00208" HPOS="1767" VPOS="2245" WIDTH="252" HEIGHT="47" CONTENT="rédaction" WC="1.00" CC="000040001"/>
						<SP ID="P2_SP00184" HPOS="2019" VPOS="2310" WIDTH="21"/>
						<String ID="P2_ST00209" HPOS="2040" VPOS="2244" WIDTH="58" HEIGHT="46" CONTENT="de" WC="1.00" CC="00"/>
						<SP ID="P2_SP00185" HPOS="2098" VPOS="2310" WIDTH="21"/>
						<String ID="P2_ST00210" HPOS="2119" VPOS="2253" WIDTH="139" HEIGHT="38" CONTENT="notre" WC="0.98" CC="40064"/>
					</TextLine>
					<TextLine ID="P2_TL00025" HPOS="497" VPOS="2324" WIDTH="1761" HEIGHT="67">
						<String ID="P2_ST00211" HPOS="497" VPOS="2331" WIDTH="169" HEIGHT="53" CONTENT="Revue," WC="0.98" CC="060661"/>
						<SP ID="P2_SP00186" HPOS="666" VPOS="2384" WIDTH="26"/>
						<String ID="P2_ST00212" HPOS="692" VPOS="2330" WIDTH="83" HEIGHT="61" CONTENT="qui" WC="0.94" CC="860"/>
						<SP ID="P2_SP00187" HPOS="775" VPOS="2391" WIDTH="28"/>
						<String ID="P2_ST00213" HPOS="803" VPOS="2336" WIDTH="185" HEIGHT="39" CONTENT="restera" WC="1.00" CC="0000005"/>
						<SP ID="P2_SP00188" HPOS="988" VPOS="2391" WIDTH="31"/>
						<String ID="P2_ST00214" HPOS="1019" VPOS="2344" WIDTH="48" HEIGHT="29" CONTENT="ce" WC="1.00" CC="00"/>
						<SP ID="P2_SP00189" HPOS="1067" VPOS="2391" WIDTH="27"/>
						<String ID="P2_ST00215" HPOS="1094" VPOS="2327" WIDTH="167" HEIGHT="62" CONTENT="qu'elle" WC="0.99" CC="0370000"/>
						<SP ID="P2_SP00190" HPOS="1261" VPOS="2391" WIDTH="22"/>
						<String ID="P2_ST00216" HPOS="1283" VPOS="2328" WIDTH="122" HEIGHT="45" CONTENT="était" WC="0.99" CC="70010"/>
						<SP ID="P2_SP00191" HPOS="1405" VPOS="2391" WIDTH="13"/>
						<String ID="P2_ST00217" HPOS="1418" VPOS="2343" WIDTH="102" HEIGHT="45" CONTENT="par" WC="1.00" CC="000"/>
						<SP ID="P2_SP00192" HPOS="1520" VPOS="2391" WIDTH="21"/>
						<String ID="P2_ST00218" HPOS="1541" VPOS="2327" WIDTH="42" HEIGHT="45" CONTENT="le" WC="1.00" CC="00"/>
						<SP ID="P2_SP00193" HPOS="1583" VPOS="2391" WIDTH="9"/>
						<String ID="P2_ST00219" HPOS="1592" VPOS="2328" WIDTH="146" HEIGHT="60" CONTENT="passé" WC="0.98" CC="08007"/>
						<SP ID="P2_SP00194" HPOS="1738" VPOS="2391" WIDTH="20"/>
						<String ID="P2_ST00220" HPOS="1758" VPOS="2345" WIDTH="13" HEIGHT="27" CONTENT=":" WC="1.00" CC="0"/>
						<SP ID="P2_SP00195" HPOS="1771" VPOS="2391" WIDTH="37"/>
						<String ID="P2_ST00221" HPOS="1808" VPOS="2325" WIDTH="41" HEIGHT="46" CONTENT="le" WC="0.67" CC="06"/>
						<SP ID="P2_SP00196" HPOS="1849" VPOS="2391" WIDTH="21"/>
						<String ID="P2_ST00222" HPOS="1870" VPOS="2325" WIDTH="101" HEIGHT="46" CONTENT="seul" WC="0.99" CC="0030"/>
						<SP ID="P2_SP00197" HPOS="1971" VPOS="2391" WIDTH="24"/>
						<String ID="P2_ST00223" HPOS="1995" VPOS="2340" WIDTH="183" HEIGHT="47" CONTENT="organe" WC="1.00" CC="000030"/>
						<SP ID="P2_SP00198" HPOS="2178" VPOS="2391" WIDTH="22"/>
						<String ID="P2_ST00224" HPOS="2200" VPOS="2324" WIDTH="58" HEIGHT="46" CONTENT="de" WC="1.00" CC="00"/>
					</TextLine>
					<TextLine ID="P2_TL00026" HPOS="496" VPOS="2406" WIDTH="1301" HEIGHT="65">
						<String ID="P2_ST00225" HPOS="496" VPOS="2409" WIDTH="55" HEIGHT="48" CONTENT="la*" WC="0.95" CC="507"/>
						<SP ID="P2_SP00199" HPOS="551" VPOS="2457" WIDTH="16"/>
						<String ID="P2_ST00226" HPOS="567" VPOS="2409" WIDTH="212" HEIGHT="62" CONTENT="musique" WC="0.99" CC="0500850"/>
						<SP ID="P2_SP00200" HPOS="779" VPOS="2471" WIDTH="21"/>
						<String ID="P2_ST00227" HPOS="800" VPOS="2425" WIDTH="53" HEIGHT="30" CONTENT="en" WC="1.00" CC="00"/>
						<SP ID="P2_SP00201" HPOS="853" VPOS="2471" WIDTH="22"/>
						<String ID="P2_ST00228" HPOS="875" VPOS="2409" WIDTH="195" HEIGHT="46" CONTENT="France" WC="1.00" CC="000300"/>
						<SP ID="P2_SP00202" HPOS="1070" VPOS="2471" WIDTH="21"/>
						<String ID="P2_ST00229" HPOS="1091" VPOS="2408" WIDTH="83" HEIGHT="61" CONTENT="qui" WC="0.97" CC="080"/>
						<SP ID="P2_SP00203" HPOS="1174" VPOS="2471" WIDTH="20"/>
						<String ID="P2_ST00230" HPOS="1194" VPOS="2407" WIDTH="98" HEIGHT="46" CONTENT="soit" WC="0.99" CC="0030"/>
						<SP ID="P2_SP00204" HPOS="1292" VPOS="2471" WIDTH="24"/>
						<String ID="P2_ST00231" HPOS="1316" VPOS="2406" WIDTH="254" HEIGHT="63" CONTENT="impartial" WC="1.00" CC="000605000"/>
						<SP ID="P2_SP00205" HPOS="1570" VPOS="2471" WIDTH="22"/>
						<String ID="P2_ST00232" HPOS="1592" VPOS="2412" WIDTH="45" HEIGHT="40" CONTENT="et" WC="1.00" CC="00"/>
						<SP ID="P2_SP00206" HPOS="1637" VPOS="2471" WIDTH="18"/>
						<String ID="P2_ST00233" HPOS="1655" VPOS="2406" WIDTH="142" HEIGHT="45" CONTENT="libre." WC="1.00" CC="000004"/>
					</TextLine>
				</TextBlock>
				<ComposedBlock ID="P2_CB00001" HPOS="951" VPOS="2593" WIDTH="849" HEIGHT="681" STYLEREFS="TXT_5 PAR_LEFT" TYPE="Illustration">
					<GraphicalElement ID="P2_CB00001_SUB" HPOS="951" VPOS="2593" WIDTH="849" HEIGHT="681"/>
				</ComposedBlock>
			</PrintSpace>
		</Page>
	</Layout>
</alto>
