2603 4183
923 461 461 43 CHRONOLOGIE

1941 486 76 43 271

332 612 14 23 R
353 612 37 36 9-
468 603 214 39 VARIÉTÉS.
708 608 205 38 Première
929 611 321 47 représentation
1268 612 84 37 :La
1367 612 258 51 Boulangère
1647 627 23 23 a
1692 615 67 37 des
1781 618 88 36 écus
1875 649 7 15 ,
1907 621 118 47 opéra

278 665 138 39 bouile
438 680 50 25 en
511 671 100 37 trois
630 681 122 39 actes,
775 676 157 47 paroles
952 677 48 36 de
1025 678 102 35 MM.
1150 678 129 36 Henri
1299 678 173 37 Meilhac
1493 687 37 28 et
1548 680 179 38 Ludovic
1747 683 166 48 Halévy,
1940 699 58 24 mu-

278 732 117 50 sique
416 736 48 36 de
489 739 56 38 M.
565 739 173 49 Jacques
761 741 238 38 Offenbach.

329 856 61 25 22.
481 848 189 39 ALGAZAR
685 852 169 38 D'HIVER.
882 852 201 37 Première
1107 854 321 46 représentation
1449 866 8 25 :
1482 855 58 36 Le
1557 856 199 37 chevalier
1778 857 118 49 Bijou
1903 888 7 17 ,
1933 861 71 47 opé-

279 919 103 29 rette
404 925 50 24 en
477 928 55 23 un
559 925 100 39 acte,
693 918 162 48 poroles
889 919 48 36 de
973 920 104 35 MM.
1110 919 129 37 Henri
1276 920 111 37 Millé
1418 929 38 28 et
1487 922 239 47 d'Hervillé,
1758 923 185 49 musique
1978 926 47 36 de

282 979 55 38 M.
368 980 189 50 Adolphe
580 984 257 38 Deslandres.
863 985 302 38 Mademoiselle
1187 988 191 36 Caroline
1411 988 155 48 Girard,
1601 991 194 37 ancienne
1817 991 137 37 artiste
1975 993 52 36 du

290 1045 373 52 Théâtre-Lyrique
684 1058 38 28 et
744 1052 47 35 de
814 1051 399 52 l'Opéra-Comique,
1238 1056 89 50 joue
1350 1056 99 36 dans
1467 1068 55 25 un
1545 1069 188 37 ouvrage.

329 1169 19 24 2
358 1157 32 36 3-
481 1160 284 40 RENAISSANCE.
798 1163 204 37 Première
1036 1165 319 48 représentation
1381 1179 7 23 :
1425 1167 59 37 La
1514 1167 172 37 Filleule
1712 1168 50 36 du
1791 1169 79 36 Roi
1876 1199 6 17 ,
1907 1169 120 49 opéra

279 1224 187 50 comique
489 1238 49 26 en
560 1229 100 36 trois
680 1238 122 39 actes,
824 1231 159 48 paroles
998 1232 47 36 de
1066 1233 108 37 MM.
1200 1233 182 37 Gormon
1399 1242 39 28 et
1460 1235 212 49 Raymond
1687 1235 235 44 Deslandes,
1941 1249 58 24 mu-

278 1292 117 50 sique
414 1294 49 37 de
484 1296 57 38 M.
565 1297 141 47 Vogel,
731 1299 233 47 représenté
984 1300 328 48 précédemment
1340 1304 21 33 à
1385 1301 228 40 Bruxelles.

330 1398 63 37 25.
487 1401 150 37 OPÉRA.
663 1402 136 37 Début
822 1404 47 35 de
892 1404 56 38 M.
971 1404 220 36 Couturier
1209 1404 99 36 dans
1329 1404 231 37 Guillaume
1585 1405 104 39 Tell.
1771 1406 133 36 GAITÉ.
1931 1408 72 34 Pre-

280 1464 126 39 mière
430 1468 323 49 représentation
772 1480 8 26 :
803 1470 57 36 Le
891 1471 168 50 Voyage
1080 1471 99 35 dans
1200 1470 37 36 la
1258 1471 110 37 Lune
1375 1501 8 18 ,
1414 1471 148 49 grande
1581 1471 119 37 féerie
1728 1470 206 47 musicale,
1957 1484 46 36 pa-

281 1532 107 37 roles
421 1534 49 37 de
501 1536 104 38 MM.
627 1538 166 47 Eugène
823 1538 199 36 Leterrier
1056 1545 39 29 et
1125 1537 143 37 Albert
1286 1538 175 48 Vanloo,
1497 1538 186 48 musique
1706 1538 48 36 de
1778 1539 56 35 M.
1856 1539 171 48 Jacques

281 1600 239 39 Offenbach.

331 1701 63 37 30.
484 1701 152 38 Séance
658 1702 196 50 publique
877 1701 191 38 annuelle
1089 1703 48 36 de
1160 1702 242 37 l'Académie
1425 1703 69 36 des
1516 1703 263 36 Beaux-Arts.
1805 1703 223 37 Exécution

280 1768 122 37 d'une
442 1778 219 28 ouverture
695 1771 48 36 de
783 1772 59 35 M.
885 1770 154 37 Gaston
1072 1770 196 49 Serpette,
1301 1769 284 50 pensionnaire
1620 1771 47 36 de
1706 1770 241 36 l'Académie
1982 1771 46 35 de

284 1837 151 36 France
458 1840 22 33 à
517 1839 142 45 Rome,
682 1837 175 49 premier
877 1837 127 48 grand
1028 1837 89 48 prix
1142 1838 47 35 de
1212 1836 272 49 composition
1505 1837 191 36 musicale
1718 1837 49 36 de
1801 1837 89 48 1871
1909 1849 8 35 ;
1941 1840 67 33 exé-

281 1903 142 37 cution
445 1905 49 35 de
517 1904 35 36 la
574 1913 158 28 cantate
752 1906 48 35 de
826 1906 56 37 M.
908 1905 225 45 Wormser,
1157 1904 69 48 qui
1248 1917 21 23 a
1291 1905 153 35 obtenu
1465 1912 102 29 cette
1589 1905 128 35 année
1739 1904 35 36 le
1797 1904 126 48 grand
1941 1903 88 49 prix

280 1971 49 36 de
353 1972 149 47 Rome;
525 1961 134 62 Éloge
677 1973 191 45 d'Auber,
892 1972 210 47 prononcé
1124 1983 70 38 par
1217 1972 53 36 M.
1295 1971 37 36 le
1351 1971 175 37 vicomte
1553 1971 129 37 Henri
1707 1970 238 47 Delaborde,
1968 1982 42 25 se-

282 2038 169 38 crétaire
471 2040 211 48 perpétuel
706 2040 47 36 de
776 2039 265 38 l'Académie.

334 2138 59 36 31.
488 2138 260 36 ASSOCIATION
774 2148 249 30 ARTISTIQUE.
1052 2136 291 37 Réouverture.
1374 2135 225 37 Premières
1630 2135 233 37 exécutions
1895 2146 8 26 :
1937 2137 32 35 A
1994 2136 37 36 la

282 2204 195 37 mémoire
499 2204 48 36 de
571 2202 221 51 Georges
887 2202 31 51 «
950 2202 221 51 lamento
1194 2220 18 14 «
1248 2202 47 35 de
1320 2203 58 35 M.
1413 2202 111 37 Jules
1560 2203 225 46 Massenet;
1821 2202 207 47 Souvenir,

280 2272 136 48 poésie
435 2272 49 36 de
507 2272 57 38 M.
592 2272 125 36 Louis
739 2270 146 46 Gallet,
907 2269 81 36 dite
1011 2282 70 35 par
1103 2269 181 36 madame
1319 2268 276 45 Galli-Marié;
1631 2282 25 33 4
1658 2276 14 15 E
1703 2270 203 36 Concerto
1929 2281 101 36 pour

280 2339 137 49 piano,
435 2350 95 27 avec
545 2344 388 43 accompagnement
948 2335 261 48 d'orchestre,
1233 2335 47 36 de
1304 2336 56 38 M.
1380 2336 170 37 Camille
1573 2334 269 49 Saint-Saèns,
1863 2336 166 37 exécuté

282 2418 71 38 par
374 2406 191 38 l'auteur.

331 2507 104 36 Sans
457 2505 112 38 dates
586 2506 188 50 précises.
861 2503 224 37 Premières
1106 2499 338 50 représentations
1468 2511 7 25 :
1501 2501 366 36 FOLIES-BERGÈRE.
1889 2499 142 46 Quand

282 2587 47 24 on
352 2574 62 37 n'a
433 2585 74 37 pas
528 2574 49 37 de
588 2573 233 52 parapluie,
844 2574 164 47 saynète
1030 2583 50 26 en
1102 2582 57 24 un
1187 2578 97 39 acte,
1307 2567 158 50 paroles
1495 2575 39 29 et
1557 2567 188 47 musique
1767 2568 47 35 de
1837 2567 59 37 M.
1928 2566 100 36 Edé.

347 2694 132 37 TURIN
513 2689 172 51 (théâtre
724 2686 424 48 Victor-Emmanuel)
1183 2696 8 26 :
1227 2686 184 37 Claretta
1438 2684 136 51 Angot
1579 2710 8 21 ,
1614 2698 14 21 «
1660 2684 120 36 ballet
1802 2682 178 47 brillant,
2015 2698 13 19 »

294 2761 184 37 scénario
501 2761 50 36 de
575 2761 56 34 M.
658 2757 216 47 Smeroldi,
899 2755 188 49 musique
1108 2755 49 36 de
1179 2751 246 49 M.Borelli;
1526 2752 160 36 MADRID
1708 2750 167 49 (théâtre
1910 2750 47 36 de
1995 2750 36 35 la

300 2828 207 45 Zarzuela)
532 2840 8 23 :
564 2827 54 37 El
639 2825 260 52 Hidalguillo
934 2823 47 37 de
1011 2821 144 39 Ronda
1161 2853 7 16 ,
1202 2820 183 37 zarzuela
1421 2831 49 25 en
1509 2818 98 38 trois
1641 2825 120 38 actes,
1785 2816 155 49 paroles
1982 2817 48 36 de

284 2897 104 36 MM.
417 2896 119 37 Retés
576 2903 38 29 et
638 2893 254 47 Echevarria,
918 2891 185 48 musique
1126 2897 38 29 et
1201 2887 174 51 premier
1402 2898 176 37 ouvrage
1618 2886 47 36 de
1690 2886 54 36 M»
1772 2884 203 49 Almagro.

912 3161 323 62 V^OVE£M
1242 3160 13 20 c
1256 3160 35 41 B
1305 3159 11 21 c
1317 3155 94 54 KE

333 3368 20 24 '2
388 3352 239 40 Novembre.
731 3352 280 35 RENAISSANCE.
1052 3345 201 35 Première
1293 3345 321 44 repiesentation
1640 3367 7 7 .
1675 3338 127 35 Deujc

282 3423 182 49 opérette
487 3433 51 26 en
562 3432 56 26 un
633 3427 102 39 acte,
757 3416 157 51 paroles
930 3415 48 35 de
995 3413 56 37 M.
1067 3409 170 39 Charles
1260 3406 227 49 Raymond,
1508 3404 186 49 musique
1713 3404 48 37 de
1780 3404 53 36 M.
1853 3403 178 47 Sauvage

282 3491 176 38 Trudin.
