2603 4183
556 403 82 54 278

1004 409 79 42 LA
1115 410 388 58 CHRONIQUE
1536 418 321 46 MUSICALE

554 550 55 39 du
633 556 128 36 mètre
790 557 111 39 carré
920 558 22 37 à
965 560 74 52 617
1059 561 153 50 francs;
1233 563 39 39 la
1291 564 228 50 deuxième,
1538 567 37 38 le
1598 568 22 37 6
1642 572 239 49 novembre,
1905 586 20 25 a
1947 575 167 48 produit
2147 578 169 49 5i6,500

548 619 135 40 francs
705 635 104 38 pour
831 626 74 49 842
928 631 161 47 mètres,
1111 630 78 39 soit
1210 632 74 38 625
1307 633 132 38 francs
1461 634 36 38 le
1521 640 127 35 mètre
1670 640 129 38 carré.

602 690 154 47 Quatre
778 692 68 39 des
868 694 79 39 lots
967 706 154 31 restant
1140 697 22 40 à
1180 702 151 37 vendre
1350 715 41 26 se
1407 710 194 33 trouvent
1621 704 123 40 situés
1766 708 99 38 dans
1884 709 101 38 l'îlot
2006 720 46 28 n°
2079 725 31 35 1,
2131 713 56 38 les
2209 715 107 38 deux

549 765 138 32 autres
708 763 317 48 appartiennent
1045 771 21 33 à
1087 767 103 39 l'îlot
1209 777 45 30 n°
1270 784 38 27 2.

598 826 116 39 Voici
739 828 35 38 la
799 830 99 40 mise
916 836 20 34 à
959 835 90 47 prix
1072 836 48 38 de
1137 849 63 26 ces
1222 838 77 38 lots
1321 851 8 26 :

1336 928 238 49 Superficie.
1649 931 103 39 Mise
1775 933 21 37 à
1817 934 102 49 prix.

953 988 77 37 Ilot
1058 996 46 29 n°
1137 1004 30 23 1.
1202 993 76 37 Lot
1328 1007 26 35 4
1357 1001 13 15 e
1425 997 71 49 373
1503 1007 24 16 m
1562 999 47 38 o5
1667 1013 172 37 209,000
1867 1003 48 37 fr.

1202 1059 78 37 Lot
1335 1061 16 37 5
1359 1070 13 15 e
1422 1076 71 36 471
1565 1067 48 37 88
1669 1069 171 48 302,0c0

1203 1125 77 39 Lot
1333 1128 22 37 6
1358 1137 14 18 e
1421 1131 80 46 450
1569 1146 40 25 12
1666 1137 173 46 248,000

1204 1193 76 37 Lot
1332 1204 42 40 7«
1422 1209 72 36 491
1565 1200 51 47 48
1669 1214 172 37 271,000

953 1256 79 37 Ilot
1059 1267 45 26 n°
1132 1272 35 24 2.
1203 1261 75 37 Lot
1330 1275 22 36 9
1356 1272 13 17 e
1420 1265 76 47 418
1562 1268 48 48 98
1664 1269 48 36 23
1723 1283 113 34 1,000

1200 1329 79 37 Lot
1312 1343 43 25 10
1359 1340 14 16 e
1422 1345 78 34 400
1565 1335 49 37 06
1668 1350 19 23 2
1697 1337 143 48 56,000

597 1404 55 37 La
675 1406 215 48 superficie
913 1411 122 37 totale
1056 1412 70 37 des
1148 1415 171 37 terrains
1338 1425 58 30 est
1415 1418 107 39 donc
1540 1419 48 39 de
1608 1423 115 45 2,605
1748 1437 59 27 m.
1832 1426 62 51 57,
1919 1430 20 34 à
1961 1428 167 51 adjuger
2148 1443 68 25 sur
2232 1444 80 24 une

548 1471 100 38 mise
667 1475 22 34 à
707 1473 90 49 prix
818 1476 49 37 de
890 1477 211 51 1,517,000
1121 1480 145 40 francs.

1183 1788 504 63 NOUVELLES

771 1980 104 29 ARIS.
971 1971 136 51 Opéra
1118 2004 8 9 .
1251 1977 307 41 Mademoiselle
1594 1981 167 51 Vergin,
1791 1983 177 39 lauréate
2010 1986 68 37 des
2124 1987 183 39 derniers

773 2043 202 26 concours
1019 2035 54 35 du
1113 2036 316 42 Conservatoire
1468 2041 49 38 de
1555 2042 206 51 musique,
1804 2046 112 38 vient
1955 2047 49 37 de
2039 2047 135 51 signer
2213 2061 98 27 avec

774 2093 56 36 M.
856 2093 216 40 Halanzier
1095 2110 55 24 un
1178 2110 270 40 engagement
1487 2103 50 38 de
1566 2104 107 37 deux
1714 2118 85 25 ans.
1825 2108 309 39 Mademoiselle
2156 2111 153 49 Vergin

771 2155 107 37 avait
895 2157 61 36 été
979 2162 238 47 remarquée
1251 2174 79 26 aux
1365 2164 107 37 deux
1496 2166 210 38 auditions
1738 2168 49 37 de
1818 2170 153 36 Roméo
1994 2178 38 29 et
2051 2171 167 38 Juliette
2241 2173 70 37 oui

548 2223 73 28 ont
644 2228 50 25 eu
717 2214 83 39 lieu
817 2218 253 38 récemment
1090 2232 51 25 au
1158 2222 203 40 Chatelet.
1380 2226 84 37 Son
1484 2228 126 37 début
1629 2240 98 25 aura
1748 2228 81 39 lieu
1848 2231 340 50 prochainement
2211 2235 102 37 dans

548 2277 39 36 la
609 2277 131 37 Juive.

598 2339 307 39 Mademoiselle
928 2342 190 38 Mauduit
1138 2345 130 49 quitte
1286 2347 163 50 l'Opéra
1470 2362 106 36 pour
1599 2354 227 36 embrasser
1844 2353 40 37 la
1905 2355 173 38 carrière
2101 2356 209 39 italienne.

597 2401 62 34 En
684 2401 191 47 présence
893 2403 54 37 du
969 2405 130 48 grand
1121 2410 139 34 succès
1281 2410 234 48 qu'obtient
1542 2413 92 37 Don
1665 2415 105 37 Juan
1777 2443 8 19 )
1806 2427 55 25 on
1882 2415 115 38 vient
2018 2418 49 36 de
2089 2417 227 39 distribuer

545 2462 57 36 les
626 2461 105 37 rôles
753 2474 51 25 en
825 2463 166 39 double.

597 2524 118 38 Voici
738 2523 36 39 la
795 2525 269 40 distribution
1089 2543 9 25 :

873 2589 119 36 Dona
1016 2589 136 40 Elvire
1542 2597 106 37 jVJmes
1678 2598 341 39 Fursch-Madier

862 2649 120 37 Dona
1006 2651 121 38 Anna
1672 2659 190 38 Ferrucci

865 2711 163 38 Zerline
1675 2721 148 37 Daram

870 2773 92 36 Don
985 2773 106 37 Juan
1541 2781 105 37 MM.
1672 2782 207 50 Manoury

868 2832 165 39 Ottavio
1679 2843 186 48 Bosquin

872 2897 214 50 Leporello
1684 2905 170 40 Bataille

869 2959 178 37 Mazetto
1685 2967 171 49 Auguez

599 3076 393 51 Théâtre-Lyrique.
1084 3077 56 38 M.
1169 3078 208 40 Vizentini
1408 3090 161 42 compte
1604 3082 223 51 inaugurer
1846 3097 75 26 son
1943 3083 157 41 théâtre
2121 3098 50 26 en
2195 3088 114 47 avril,

543 3150 95 26 avec
674 3138 35 38 le
738 3138 174 37 Dimitri
932 3139 49 36 de
1013 3140 60 38 M.
1101 3140 224 40 Joncières.
1367 3143 76 38 Cet
1477 3145 124 49 opéra
1632 3145 203 39 alternera
1870 3159 96 26 avec
2005 3148 38 37 la
2079 3149 143 38 Statue
2262 3150 50 37 de

548 3199 61 39 M.
640 3201 131 49 Reyer
792 3197 158 52 jusqu'à
978 3201 38 36 la
1037 3199 58 38 fin
1118 3201 49 38 de
1189 3201 36 37 la
1248 3201 152 40 saison.

594 3261 61 35 En
694 3263 231 46 septembre
957 3275 55 25 on
1048 3263 187 38 rouvrira
1273 3276 96 26 avec
1392 3265 36 38 le
1457 3267 167 38 Timbre
1651 3269 187 52 d'argent
1871 3271 49 36 de
1945 3272 57 36 M.
2026 3272 282 49 Saint-Saëns,

539 3321 91 47 puis
645 3322 171 38 viendra
836 3324 106 37 Paul
958 3333 37 29 et
1017 3326 190 51 Virginie
1212 3356 8 19 ,
1245 3334 39 30 et
1307 3327 111 38 enfin
1435 3328 35 38 le
1491 3330 135 38 Bravo
1632 3360 8 19 ,
1665 3331 158 49 paroles
1842 3332 49 38 de
1916 3334 57 39 M.
1995 3334 133 37 Emile
2148 3333 157 51 Blavet,

547 3382 188 50 musique
754 3384 50 37 de
826 3386 62 39 M.
915 3386 207 52 Salvayre.

589 3445 55 37 M.
668 3444 148 39 Cœdès
837 3448 193 49 remplira
1052 3462 50 25 au
1133 3450 384 53 Théâtre-Lyrique
1547 3453 59 39 les
1627 3455 207 40 fonctions
1861 3457 49 39 de
1933 3457 94 40 chef
2042 3458 48 39 de
2114 3458 137 39 chant.
