3637 4432
1788 141 90 54 198

176 278 207 42 Frank's
430 275 172 41 Concert
644 287 70 28 aus
761 277 183 38 D-moll*
997 279 279 52 (vorgetragen
1304 289 92 29 vom
1425 277 137 40 Herrn
1593 276 145 53 Compo-

177 341 154 47 nisten),
374 339 244 41 Mozart's
666 339 229 42 Ouvertüre
941 354 71 27 zur
1041 341 264 45 Zauberflöte,
1350 341 63 39 für
1449 339 228 41 Pianoforte
1718 353 50 27 zu

177 404 96 40 zwei
302 402 175 40 Händen
508 402 263 53 eingerichtet
814 416 78 28 von
935 404 203 40 Frank*
1186 404 275 51 (vorgetragen
1491 414 77 28 von
1599 402 147 40 demsel-

176 465 103 52 ben),
320 465 424 41 Mendelssohn's
775 466 173 42 Concert
976 480 71 27 aus
1079 468 146 37 G-moll
1225 495 12 17 ,
1282 465 246 52 Chopin's
1558 465 213 48 Notturno,

176 526 310 41 Reinecke's
533 528 166 41 Ballade
743 529 123 51 (diese
905 529 86 40 drei
1030 529 146 40 Stücke
1222 533 261 47 vorgetragen
1526 540 78 27 von
1633 528 138 40 Herrn

174 588 134 40 Rein
326 588 151 53 ecke).
508 590 250 42 Ausserdem
788 592 170 40 wurden
988 604 79 27 von
1097 592 71 39 der
1196 590 182 52 hiesigen
1396 589 239 40 Liedertafel
1669 590 77 40 Lie-

174 653 97 38 der
315 663 79 28 von
432 653 187 47 Kücken,
669 654 164 51 Preyer,
876 654 250 47 Marschner,
1176 653 228 47 Reichardt,
1450 651 169 50 Silcher,
1665 651 106 48 Veit,

178 713 134 41 Häser
341 715 86 39 und
456 715 291 41 Mendelssohn
777 721 276 46 vorgetragen.

256 796 78 41 Die
363 797 126 40 Wahl
519 797 131 39 dieser
680 795 226 40 Tonwerke
948 796 153 50 spricht
1138 797 107 40 ohne
1275 796 258 40 Commentar
1561 797 102 40 über
1693 797 77 40 den

178 858 254 42 Geschmack
461 860 70 38 des
561 858 182 51 hiesigen
773 857 251 41 Publicums.
1055 859 75 39 Die
1160 860 270 40 herrschende
1446 860 203 52 Richtung
1677 860 93 52 geht

180 921 201 40 durchaus
425 921 71 40 auf
533 921 69 38 das
634 919 224 40 Classische
888 920 40 39 in
959 921 71 38 der
1060 921 230 47 Tonkunst;
1336 922 57 40 sie
1439 922 49 40 ist
1530 924 96 38 aber
1664 922 109 40 nicht

181 983 182 51 einseitig
392 983 82 39 und
505 983 66 39 hat
599 982 104 40 auch
733 983 65 39 ein
828 983 317 51 empfängliches
1176 983 87 40 Ohr
1300 985 64 38 für
1400 985 221 51 gediegene
1650 985 98 39 Schö-

180 1046 175 50 pfungen
385 1046 75 38 der
490 1044 255 52 Gegenwart.
800 1046 119 40 Diese
950 1047 206 52 Richtung
1185 1048 125 39 findet
1340 1048 117 40 einen
1488 1047 284 41 wesentlichen

179 1107 234 50 Stützpunct
442 1107 42 40 in
513 1108 72 39 der
615 1108 306 41 vortrefflichen
950 1110 88 46 Art,
1068 1110 42 39 in
1138 1110 175 39 welcher
1342 1110 64 39 die
1436 1110 240 47 Tonwerke,
1704 1122 46 27 na-

176 1169 190 39 mentlich
397 1170 65 40 die
491 1170 64 40 für
585 1170 231 49 Orchester,
853 1171 127 40 durch
1011 1172 78 39 den
1120 1171 183 40 Director
1332 1173 70 39 des
1431 1171 341 47 Musik-Vereins,

176 1232 137 40 Herrn
358 1234 129 40 Karl
529 1235 204 47 Müller,
778 1247 72 27 zur
886 1235 263 51 Aufführung
1178 1235 193 52 gebracht
1399 1236 177 40 werden.
1632 1234 139 40 Durch

175 1293 140 42 seinen
346 1295 126 41 Tasso
504 1297 42 39 in
574 1298 166 40 Sörrent
769 1298 56 39 als
855 1298 194 52 begabter
1073 1297 237 52 Componist
1341 1298 187 46 bekannt,
1559 1297 211 40 verbindet

180 1369 42 27 er
253 1358 55 38 als
338 1357 185 53 Dirigent
552 1360 68 39 des
639 1359 235 41 Orchesters
899 1361 82 38 und
1001 1359 128 40 Chors
1150 1360 73 39 mit
1243 1360 257 40 classischem
1517 1359 253 41 Geschmack

178 1420 83 38 und
291 1420 115 40 tiefer
426 1422 222 40 Kenntniss
677 1424 71 38 der
776 1423 240 40 classischen
1040 1423 229 39 Tonwerke
1298 1423 41 39 in
1370 1423 148 40 hohem
1541 1422 134 40 Grade
1705 1423 65 39 die

179 1482 144 48 Kunst,
369 1483 66 40 die
477 1484 317 42 Ausführenden
837 1485 42 41 in
922 1486 79 39 den
1045 1484 168 42 tieferen
1250 1486 99 40 Sinn
1391 1486 72 40 der
1493 1485 277 52 Composition

178 1544 266 41 einzuführen
472 1548 84 39 und
586 1547 206 41 dieselben
822 1548 126 39 durch
980 1548 110 40 seine
1119 1548 143 52 ruhige
1292 1548 85 39 und
1406 1549 103 39 doch
1540 1549 70 39 des
1640 1549 109 39 nöthi-

178 1620 78 38 gen
280 1609 150 40 Feuers
460 1610 112 40 nicht
602 1612 287 46 entbehrende,
918 1623 44 28 so
990 1611 77 40 wie
1096 1611 127 40 durch
1254 1611 110 42 seine
1394 1617 131 34 ernste
1553 1613 85 40 und
1667 1613 103 39 doch

180 1671 252 41 freundliche
463 1672 181 54 Haltung
674 1676 64 37 für
766 1674 78 40 den
872 1674 141 40 Dienst
1058 1674 72 39 der
1157 1674 117 41 Muse
1320 1688 49 25 zu
1406 1674 157 49 fesseln,
1608 1688 42 27 so
1681 1676 90 39 dass

179 1734 57 40 sie
267 1747 234 28 zusammen
529 1737 77 39 wie
630 1737 78 39 Ein
738 1737 244 39 Instrument
1010 1736 85 40 sich
1125 1737 227 47 darstellen,
1380 1738 172 40 welches
1582 1751 78 27 von
1689 1738 84 40 ihm

180 1796 170 52 gespielt
380 1810 49 26 zu
460 1799 162 39 werden
653 1798 166 41 scheint.
875 1798 75 40 Die
980 1799 123 51 Folge
1133 1799 129 39 davon
1301 1799 61 47 ist,
1408 1800 90 40 dass
1540 1802 103 39 auch
1688 1802 87 39 sein

184 1858 220 41 Orchester
432 1861 83 38 und
547 1858 109 42 Chor
685 1861 70 38 das
786 1860 163 51 Spielen
987 1860 111 40 nicht
1142 1862 56 38 als
1228 1861 121 51 Spiel,
1393 1863 173 40 sondern
1599 1865 56 39 als
1686 1864 89 40 eine

179 1926 133 35 ernste
337 1922 128 40 Sache
490 1923 238 47 betrachtet,
755 1923 63 38 für
848 1923 152 40 welche
1030 1935 77 26 nur
1135 1923 73 40 init
1236 1925 161 40 vollster
1413 1925 250 54 Hingebung
1692 1928 83 38 und

178 1984 129 40 durch
338 1998 138 39 grosse
508 1985 127 52 Opfer
677 1998 50 27 an
757 1985 127 40 Fleiss
931 1985 83 39 und
1042 1985 87 40 Zeit
1156 1986 165 52 Erfolge
1367 2000 200 39 errungen
1611 1990 164 39 werden

174 2045 179 41 können.
413 2048 125 40 Unter
583 2047 164 40 solchen
780 2046 306 40 Verhältnissen
1126 2060 83 27 war
1239 2049 106 39 denn
1375 2051 102 39 auch
1505 2052 64 39 die
1598 2052 150 40 Auffüh-

174 2121 106 38 rung
303 2110 117 51 jener
451 2109 226 40 Tonwerke
723 2109 257 40 hinsichtlich
1022 2110 70 39 des
1123 2109 237 42 Orchesters
1401 2114 83 38 und
1517 2113 127 41 Chors
1684 2115 89 40 eine

176 2171 221 51 durchweg
426 2173 239 49 gelungene,
705 2172 83 38 und
818 2172 124 39 selbst
970 2171 64 39 die
1065 2172 71 39 der
1166 2174 209 50 grösseren
1406 2174 84 39 und
1519 2175 231 52 schwierige-

174 2246 71 27 ren
275 2238 119 35 unter
422 2234 123 39 ihnen
577 2233 91 40 Hess
697 2233 41 39 in
769 2233 235 52 Beziehung
1048 2234 70 39 auf
1142 2235 255 53 Auffassung
1440 2237 84 39 und
1553 2238 219 40 Ausdruck

174 2296 59 39 bis
266 2309 47 26 zu
343 2297 78 38 den
453 2295 168 40 feinsten
651 2295 317 52 Nuancirungen
1013 2295 74 40 fast
1129 2298 131 39 nichts
1302 2311 49 26 zu
1390 2299 221 41 wünschen
1639 2300 132 53 übrig.

176 2360 121 39 Auch
329 2360 64 39 die
423 2358 240 40 Liedertafel
702 2358 173 42 erfreute
917 2359 215 51 allgemein
1173 2361 127 40 durch
1329 2361 118 40 ihren
1476 2362 178 53 innigen,
1684 2375 66 28 aus-

182 2420 281 40 drucksvollen
493 2420 189 51 Vortrag.

261 2502 99 38 Was
390 2500 64 40 die
484 2500 301 40 Solo-Partieen
822 2502 173 52 anlangt,
1040 2514 44 28 so
1130 2504 174 50 gebührt
1347 2505 193 40 zunächst
1583 2507 79 40 den
1705 2521 46 39 ge-

176 2568 178 35 nannten
371 2563 161 40 Herren
553 2563 202 40 Pianisten
785 2564 63 40 für
877 2565 63 39 ihr
968 2566 295 41 vortreffliches
1294 2567 110 52 Spiel
1433 2570 71 39 der
1534 2570 239 44 herzlichste

175 2626 131 40 Dank.
336 2627 60 39 Im
428 2626 203 53 Uebrigen
661 2627 96 40 aber
786 2628 95 39 lässt
910 2629 83 39 sich
1015 2630 71 39 der
1103 2630 186 39 Wunsch
1319 2631 110 40 nicht
1458 2634 315 43 unterdrücken,

175 2689 90 38 dass
296 2687 102 40 nach
428 2687 133 40 dieser
590 2688 107 40 Seite
741 2689 72 39 der
853 2690 307 41 musicalischen
1190 2692 247 40 Production
1481 2694 69 40 hin
1579 2696 194 41 Manches

176 2751 84 40 sich
304 2749 88 41 hier
436 2751 145 40 anders
628 2753 195 50 gestalten
871 2755 131 49 möge.
1060 2754 75 40 Die
1182 2755 262 53 Aufführung
1490 2757 69 39 des
1605 2758 168 42 Messias

178 2815 155 39 machte
373 2815 64 39 für
481 2815 67 39 die
576 2815 303 40 Solo-Partieen
918 2816 71 39 das
1018 2816 284 41 Heranziehen
1343 2819 261 52 auswärtiger
1633 2821 140 40 Kräfte

180 2877 278 51 nothwendig;
505 2877 64 39 die
599 2878 303 40 Solo-Partieen
931 2880 66 39 für
1026 2879 162 52 Gesang
1218 2880 41 40 in
1289 2881 79 39 den
1398 2881 172 53 übrigen
1599 2883 150 40 Auffüh-

181 2953 153 37 rungen
366 2941 144 38 Hessen
540 2941 195 40 Manches
765 2954 49 26 zu
844 2942 222 39 wünschen
1098 2942 132 52 übrig,
1260 2944 83 38 und
1366 2943 315 55 Solo-Vorträge
1710 2947 64 41 für

180 3003 267 39 Instrumente
487 3003 181 47 wurden,
713 3015 138 28 ausser
895 3005 133 39 denen
1074 3017 79 27 von
1197 3006 78 38 den
1319 3012 240 45 genannten,
1605 3019 169 29 unserer

182 3064 112 38 Stadt
322 3063 108 39 nicht
458 3064 273 52 angehörigen
761 3065 217 48 Pianisten,
1008 3066 111 40 nicht
1147 3067 153 51 gehört.
1342 3068 55 39 Es
1427 3069 94 39 lässt
1549 3069 85 41 sich
1664 3070 110 40 nicht

182 3125 243 47 verkennen,
465 3127 89 39 dass
595 3141 50 26 an
684 3128 195 40 leitender
909 3129 123 40 Stelle
1067 3130 69 39 das
1175 3131 76 39 alle
1281 3130 309 54 Anerkennung
1619 3133 132 39 verdie-

181 3188 133 40 nende
343 3188 125 39 Motiv
497 3191 216 46 vorwaltet,
741 3191 102 39 auch
874 3192 40 39 in
944 3193 131 39 dieser
1104 3193 235 52 Beziehung
1368 3194 70 39 das
1468 3195 306 53 Mittelmässige

183 3250 344 40 auszuschliessen
556 3253 81 38 und
667 3254 90 38 dem
787 3255 210 50 grösseren
1027 3255 306 42 musicalischen
1352 3257 214 40 Publicum
1596 3271 78 28 nur
1703 3261 70 38 das

184 3314 234 51 Gediegene
449 3313 277 41 vorzuführen.
781 3315 55 40 Es
876 3317 130 39 dürfte
1043 3317 149 52 jedoch
1222 3320 102 38 auch
1354 3320 237 52 Beachtung
1620 3322 131 39 verdie-

183 3389 91 33 nen,
318 3377 91 38 dass
442 3374 65 40 bei
538 3388 47 26 zu
614 3376 171 40 starkem
815 3378 180 40 Betonen
1026 3380 111 40 einer
1166 3393 70 27 aus
1266 3382 219 47 Ursachen,
1536 3383 64 40 die
1629 3383 41 39 in
1701 3384 71 41 der

181 3438 330 53 gegenwärtigen
541 3438 266 51 allgemeinen
835 3440 214 54 Strömung
1079 3443 70 40 des
1178 3444 308 41 musicalischen
1514 3447 159 40 Lebens
1701 3448 47 41 He-

183 3515 89 39 gen,
313 3501 74 40 mit
431 3502 93 39 dem
576 3501 336 41 Virtuosenthum
955 3505 167 40 vielfach
1164 3506 42 39 in
1255 3506 242 53 Opposition
1547 3510 224 41 stehenden

183 3567 204 52 Richtung
430 3567 71 38 das
545 3567 42 38 in
628 3567 72 39 der
739 3567 222 53 Zulassung
999 3570 70 39 der
1098 3571 458 43 Einzel-Productionen
1585 3576 186 51 liegende

185 3630 292 51 pädagogische
509 3630 188 39 Element
726 3630 111 40 nicht
874 3633 214 49 genügend
1129 3635 223 52 gewürdigt
1394 3636 114 47 wird,
1550 3638 85 39 und
1679 3639 92 39 dass

186 3692 100 39 auch
329 3692 63 40 für
435 3693 100 39 viele
565 3692 136 40 Hörer
742 3692 73 42 der
843 3693 288 51 Solo-Vortrag
1175 3696 70 39 der
1274 3697 391 55 Durchgangspunct
1708 3702 63 39 für

186 3754 70 39 das
287 3755 282 40 Verständniss
611 3755 71 40 der
723 3767 180 40 grossen,
945 3756 246 40 massenhaft
1231 3758 235 43 wirkenden
1503 3763 269 52 Erzeugnisse

188 3817 70 39 der
288 3816 256 40 schaffenden
576 3817 211 39 Tonkunst
817 3817 60 39 ist.

1606 3887 88 51 Kg.

2048 281 244 59 Tages-
2330 281 112 59 und
2480 281 750 59 Unterhaltungs-Blatt.

1949 374 320 37 Frankfurt
2302 385 93 25 am
2424 375 172 34 Main.
2656 371 238 42 Wiederum
2938 374 49 39 ist
3025 374 87 40 hier
3141 380 120 34 etwas
3291 374 64 40 für
3384 376 73 40 das

1869 434 181 51 gänzlich
2083 436 120 39 brach
2234 434 183 53 liegende
2445 434 98 39 Feld
2574 434 72 39 der
2674 433 334 43 Kirchen-Musik
3037 438 242 51 geschehen.
3332 439 126 40 Unter

1869 497 224 51 Anregung
2123 498 83 38 und
2237 498 168 50 Leitung
2435 496 69 39 des
2533 496 136 39 Herrn
2699 495 166 40 Jakob
2903 497 158 40 Bisch
3076 500 84 47 off,
3203 501 253 51 ehemaligen

1870 557 275 52 Stipendiaten
2175 560 71 39 der
2274 558 357 51 Mozart-Stiftung,
2670 558 67 39 hat
2763 557 84 40 sich
2878 559 64 38 ein
2975 560 149 41 Verein
3154 575 75 26 von
3259 564 198 51 ungefähr

1871 620 51 40 80
1951 621 269 51 Mitgliedern,
2251 622 159 40 Herren
2441 622 82 38 und
2553 622 167 44 Damen,
2749 622 189 51 gebildet,
2965 622 69 39 der
3062 624 83 38 sich
3175 637 72 26 zur
3269 626 189 51 Aufgabe

1870 684 115 45 stellt,
2024 696 70 25 zur
2126 684 344 52 Verherrlichung
2499 685 68 39 des
2599 684 312 40 Gottesdienstes
2941 686 41 38 in
3013 686 159 50 einigen
3203 688 71 38 der
3302 691 133 48 grösse-

1870 757 72 26 ren
1987 745 307 52 evangelischen
2339 746 178 40 Kirchen
2561 747 313 52 Gesang-Musik
2915 761 25 24 a
2982 749 155 50 Capella
3174 750 281 40 auszuführen.

1871 807 118 40 Seine
2020 808 289 40 Wirksamkeit
2351 811 160 51 begann
2554 824 44 27 er
2637 823 63 28 am
2730 812 347 51 Pfmgstsonntage
3106 812 39 39 in
3176 813 72 38 der
3277 813 158 41 Cathari-

1870 869 219 40 nenkirche
2121 870 82 39 und
2231 882 63 27 am
2325 872 109 50 Tage
2464 872 145 40 darauf
2646 873 42 39 in
2718 874 70 39 der
2817 874 277 39 Paulskirche.
3149 874 77 40 Die
3269 880 168 47 statutge-

1871 935 130 36 mässe
2031 933 276 51 Begründung
2337 933 69 39 des
2437 934 174 40 Vereins
2649 936 48 39 ist
2721 936 146 51 jedoch
2898 937 103 39 noch
3031 937 111 39 nicht
3170 938 156 52 erfolgt.
3367 939 62 41 Mö-

1871 1007 78 39 gen
1992 995 84 39 sich
2117 996 152 39 diesem
2312 996 203 39 löblichen
2546 997 302 40 Unternehmen
2885 999 109 40 nicht
3023 1000 267 41 Hindernisse
3321 1008 113 46 entge-

1871 1059 231 50 genstellen,
2149 1059 76 39 wie
2264 1058 136 51 jenem
2440 1058 69 40 des
2539 1059 137 39 Herrn
2704 1060 206 40 Henkel
2955 1063 71 38 mit
3067 1063 267 41 katholischer
3365 1066 68 38 Kir-

1871 1120 454 48 chen-Musikhierorts,
2354 1121 68 39 das
2453 1122 72 39 auf
2548 1121 99 40 zwei
2677 1123 97 38 oder
2803 1123 85 40 drei
2907 1126 313 51 Aufführungen
3250 1127 53 39 im
3334 1128 125 40 Jahre

1869 1182 243 40 beschränkt
2152 1183 138 46 bleibt,
2334 1183 161 52 folglich
2525 1196 42 27 so
2598 1190 68 46 gut
2711 1186 56 37 als
2803 1199 71 37 gar
2911 1188 110 37 nicht
3062 1188 218 41 existirend
3310 1203 45 26 zu
3388 1192 48 38 be-

1869 1246 181 38 trachten
2079 1246 68 38 ist!
2179 1246 79 39 Wo
2274 1246 336 41 Kirchen-Musik
2638 1247 110 39 nicht
2779 1248 216 50 gleichsam
3026 1250 158 39 radicirt
3216 1253 60 44 ist,
3309 1254 75 39 wie
3416 1254 39 39 in

1870 1308 102 38 allen
2003 1308 357 39 österreichischen
2389 1309 278 48 Dorfkirchen,
2713 1310 48 39 da
2803 1311 198 50 begegnet
3043 1324 92 26 man
3182 1313 142 41 immer
3353 1317 79 39 den-

1868 1371 137 39 selben
2039 1371 305 46 Hindernissen,
2375 1371 64 39 die
2469 1371 84 40 sich
2583 1372 214 40 ähnlichen
2827 1373 386 52 Unternehmungen
3242 1384 192 46 entgegen-

1867 1433 162 39 stellen:
2075 1433 373 52 Unzulänglichkeit
2478 1436 71 38 der
2577 1436 298 45 vorhandenen,
2920 1436 126 40 durch
3077 1438 204 41 Sammeln
3322 1443 113 50 aufge-

1867 1495 193 39 brachten
2093 1495 231 40 Geldmittel
2366 1497 83 38 und
2479 1497 430 52 Theilnahmlosigkeit
2952 1499 69 40 des
3061 1499 277 43 katholischen
3370 1504 66 40 Cle-

1865 1570 82 26 rus.
1994 1557 65 40 Ob
2090 1559 160 39 letztere
2290 1559 66 40 bei
2394 1559 91 40 dem
2515 1560 182 52 hiesigen
2727 1561 140 40 Clerus
2897 1563 104 38 eben
3031 1574 43 27 so
3104 1563 75 40 wie
3210 1566 247 40 anderwärts

1865 1620 269 47 vorherrscht,
2180 1622 81 38 will
2305 1622 65 39 ich
2409 1621 109 40 nicht
2567 1623 244 51 behaupten,
2856 1623 103 41 doch
3005 1624 86 40 fällt
3141 1638 41 27 es
3226 1627 77 40 mir
3346 1629 111 39 nicht

1867 1683 165 47 schwer,
2063 1684 332 51 auszusprechen,
2436 1684 90 39 dass
2555 1684 192 41 Ilenkel's
2777 1687 304 40 Unternehmen
3126 1701 50 27 an
3221 1690 72 39 der
3321 1691 138 51 Spitze

1869 1744 109 40 eines
2020 1745 211 40 wackeren
2264 1747 169 40 Vereins
2481 1748 90 39 eine
2617 1760 100 40 ganz
2763 1749 147 40 andere
2955 1750 122 51 Folge
3126 1750 132 41 haben
3302 1754 153 45 würde,

1869 1820 120 27 wenn
2031 1808 72 40 der
2144 1808 205 52 geistliche
2380 1810 199 40 Vorstand
2627 1811 72 39 der
2739 1810 276 43 katholischen
3046 1814 180 41 Kirchen
3264 1817 63 39 für
3356 1818 75 39 Auf-

1870 1870 202 52 bringung
2102 1871 71 39 der
2199 1871 263 52 benöthigten
2486 1872 231 40 Geldmittel
2747 1874 117 39 allein
2883 1874 124 53 Sorge
3038 1881 135 47 tragen
3207 1880 144 39 wollte.
3383 1881 75 40 Die

1870 1933 228 51 Erfahrung
2142 1933 103 40 lehrt
2286 1936 167 47 überall,
2502 1937 90 38 dass
2622 1936 333 41 Kirchen-Musik
2999 1951 78 28 nur
3116 1941 174 51 gedeiht,
3338 1956 118 27 wenn

1869 1994 88 40 ihre
1982 1996 219 39 materielle
2231 1997 292 52 Unterhaltung
2565 1998 110 40 nicht
2713 1999 70 40 auf
2817 2000 266 41 willkürliche
3109 2003 185 54 Beiträge
3333 2006 123 41 basirt

1870 2057 121 47 wird;
2020 2058 108 39 denn
2158 2059 64 40 die
2250 2059 315 53 Mildthätigkeit
2594 2060 43 40 in
2664 2061 152 41 diesem
2849 2062 149 41 Puncte
3029 2064 47 40 ist
3105 2078 77 27 von
3211 2079 70 39 gar
3311 2068 148 41 kurzer

1869 2119 148 40 Dauer.

1948 2293 58 39 Zu
2036 2293 90 39 dem
2157 2293 177 40 schönen
2363 2294 188 41 Berichte
2580 2309 165 28 unseres
2765 2298 208 40 Freundes
3003 2300 282 41 Mosewius
3314 2302 41 40 in
3384 2304 73 40 Nr.

1870 2356 46 38 17
1947 2356 131 39 dieser
2107 2356 183 52 Zeitung,
2327 2359 175 39 welcher
2531 2360 201 48 beweiset,
2772 2361 88 39 dass
2891 2361 39 40 in
2961 2362 71 39 der
3061 2364 206 40 breslauer
3294 2366 136 42 Akade-

1867 2417 80 41 mie
1977 2418 64 40 die
2069 2419 136 41 Musik
2234 2419 89 41 eine
2354 2420 216 41 Wahrheit
2599 2423 228 51 geworden,
2862 2424 122 51 fügen
3012 2426 73 39 wir

1878 2489 55 31 cet
2044 2495 220 37 componere
2455 2484 106 48 magnis
2562 2483 79 53 einige
2642 2484 196 41 Parallelen
2876 2499 70 27 aus
2984 2500 188 28 unserem
3212 2492 242 43 nordischen

1870 2542 369 50 Ostfriesland,
2271 2556 61 28 wo
2363 2558 105 26 zwar
2493 2545 119 41 keine
2632 2546 220 42 Virtuosen
2876 2549 84 39 und
2985 2550 470 46 Zukunfts-Musieanten

1869 2605 210 52 gedeihen,
2126 2607 97 40 aber
2261 2607 103 40 doch
2407 2607 184 41 ziemlich
2620 2615 70 47 gut
2720 2622 207 42 gesungen
2956 2612 113 48 wird,
3117 2627 69 28 um
3226 2616 79 41 den
3348 2620 109 39 alten

1870 2667 156 52 Spruch
2057 2681 45 25 zu
2133 2667 213 42 Schanden
2389 2682 50 27 zu
2467 2671 194 39 machen:
3167 2678 47 40 In
3258 2680 196 41 Emden

1870 2730 156 41 besteht
2054 2737 118 34 unter
2200 2732 172 53 Leitung
2401 2734 68 38 des
2496 2734 152 52 jungen
2678 2735 214 50 Storme,
2937 2738 110 42 eines
3076 2741 94 40 sehr
3198 2744 258 41 talentvollen

1869 2791 216 50 Musikers,
2128 2794 72 39 der
2228 2794 85 40 sich
2341 2795 182 41 kürzlich
2568 2798 103 39 auch
2699 2799 128 39 durch
2858 2799 328 53 Composilionen
3216 2817 70 28 zur
3313 2805 107 41 Ama-

1870 2856 148 38 ranth
2050 2855 195 48 (Minden,
2264 2857 21 38 1
2299 2856 161 52 issener)
2491 2859 178 42 bekannt
2697 2862 185 50 gemacht
2911 2864 80 48 hat,
3021 2864 63 40 ein
3104 2865 237 52 Singvercin
3371 2869 84 39 und

1870 2918 89 41 eine
1988 2920 260 47 Liedertafel;
2288 2921 158 39 letztere
2477 2922 128 41 leistet
2633 2923 94 41 sehr
2755 2926 231 52 Tüchtiges,
3014 2928 244 41 namentlich
3286 2930 42 39 in
3357 2931 73 41 Prä-

1869 2981 124 39 cision
2022 2982 82 38 und
2134 2982 283 51 Aussprache;
2453 2983 72 41 der
2554 2984 234 52 Singverein
2820 2987 66 39 hat
2914 2987 179 42 kürzlich
3122 2991 79 39 den
3230 2991 146 40 Elias
3403 3005 52 28 zu

1867 3044 285 52 vollständiger
2168 3047 80 38 und
2269 3045 322 54 befriedigender
2612 3049 266 53 Ausführung
2895 3052 213 50 gebracht;
3128 3053 139 41 früher
3285 3055 169 41 wurden

1866 3106 197 41 Paulus
2095 3108 82 39 und
2208 3109 152 39 Lowe's
2389 3109 440 43 Siebenschläfer
2863 3114 202 52 eingeübt.
3177 3116 44 40 In
3252 3118 203 42 Aurich

1866 3168 51 41 ist
1945 3175 117 34 unter
2088 3170 174 53 Leitung
2292 3171 69 39 des
2391 3172 69 41 Dr.
2491 3172 211 52 Krüger
2727 3174 333 54 einSingverein,
3089 3179 72 39 der
3189 3179 86 40 sich
3304 3194 51 27 an
3384 3182 54 40 alt-

1867 3231 220 40 deutschen
2116 3232 144 41 Volks-
2292 3233 82 40 und
2392 3233 336 45 Kirchenliedern
2758 3237 83 39 und
2872 3251 49 27 an
2952 3238 213 42 Oratorien
3194 3254 78 28 von
3292 3242 162 42 Händel

1869 3295 203 47 versucht;
2116 3308 43 27 er
2184 3295 68 40 hat
2280 3309 48 26 zu
2359 3295 250 42 öffentlicher
2637 3298 262 55 Aufführung
2928 3302 212 52 gebracht:
3170 3303 149 42 Ostern
3352 3306 103 42 1853

1866 3356 193 41 Händel's
2088 3358 124 40 Israel
2241 3358 39 40 in
2311 3359 229 53 Aegypten,
2580 3360 147 42 Ostern
2759 3363 103 40 1854
2890 3365 194 42 Händel's
3113 3365 183 51 Samson,
3335 3369 119 40 beide

1866 3420 72 41 mit
1983 3420 502 56 Orchester-Begleitung;
2542 3425 296 42 Weihnachten
2888 3429 102 39 1853
3040 3429 69 40 das
3159 3431 295 52 achtstimmige

1865 3485 161 40 Motctt:
2073 3485 165 52 „Singet
2266 3486 92 39 dem
2387 3487 137 40 Herrn
2553 3487 65 41 ein
2648 3501 124 28 neues
2966 3492 103 40 und:
3113 3492 141 49 „Hirte
3285 3494 171 39 Israels''

1866 3560 78 28 von
1963 3547 39 39 S.
2024 3547 129 46 Bach;
2610 3551 83 39 und
2722 3552 314 55 „Darbringung
3064 3555 56 39 im
3375 3567 77 28 von

1865 3610 167 40 Eccard.
2110 3609 48 40 In
2177 3609 187 41 früheren
2383 3610 161 49 Jahren,
2562 3613 74 39 seit
2655 3614 113 47 1834,
2798 3616 168 40 wurden
2996 3617 41 39 in
3065 3617 160 39 Emden
3255 3618 84 38 und
3367 3618 57 39 Au-

1867 3671 85 40 rich
1996 3670 203 40 öffentlich
2241 3670 238 52 aufgeführt,
2523 3673 118 40 theils
2681 3675 72 40 mit
2789 3675 226 50 Orchester,
3056 3678 117 40 theils
3203 3679 72 39 mit
3302 3679 154 53 Orgel:

1867 3734 182 50 Haydns
2093 3732 315 54 Schöpfung
2436 3735 83 39 und
2548 3736 389 51 Jahreszeiten,
2981 3740 118 39 beide
3128 3740 168 48 einmal;
3341 3741 85 42 Han-

1869 3797 95 41 dels
1993 3795 230 48 Messias,
2252 3796 186 49 viermal;
2487 3798 328 51 Maccabäus,
2844 3802 189 47 dreimal;
3078 3802 177 50 Josua,
3285 3805 167 48 einmal;

1869 3859 163 40 Israel
2064 3858 51 39 in
2144 3858 286 52 Aegypten,
2446 3862 202 49 zweimal;
2678 3863 31 41 B
2723 3864 74 40 eis
2812 3877 130 34 azar,
2961 3863 167 50 einmal;
3158 3866 292 52 Spohr'sFall

1869 3922 233 50 Babylon
2128 3932 30 34 s,
2189 3920 156 41 einmal.
2375 3923 259 43 Sämmlliche
2657 3925 271 41 Händel'sche
2958 3925 212 42 Oratorien
3198 3929 90 41 sind
3318 3930 137 41 ohne

1869 3985 259 50 Kürzung
2175 3985 99 38 und
2319 3985 481 55 Wegschneidung
2845 3988 238 52 aufgeführt,
3127 3991 81 39 und
3252 3991 200 42 Niemand

1870 4059 70 29 aus
1970 4047 90 40 dem
2092 4047 253 54 mannigfach
2375 4050 497 53 zusammengewürfelten
2900 4051 213 43 Publicum
3154 4054 67 42 hat
3258 4056 66 42 die
3352 4056 77 42 Auf-

1870 4110 180 50 führung
2079 4120 70 29 vor
2178 4110 91 40 dem
2299 4111 117 40 Ende
2444 4112 213 39 verlassen.
