3111 4450
2828 61 61 48 69

104 312 315 130 WHEN,
461 324 55 33 as
556 324 139 41 now,
738 301 19 56 I
796 324 83 33 am
917 299 212 74 reading
1156 298 86 56 the
1285 302 13 20 '
1327 298 115 74 Aga-

273 397 239 34 memnon
541 373 13 18 '
596 373 103 57 and
744 374 187 56 realize
983 374 105 56 that
1144 374 38 55 it
1240 396 107 33 was
1388 395 60 34 un-

107 447 241 58 derstood
386 449 71 71 by
493 448 86 57 the
617 472 117 33 man
772 451 52 54 in
862 448 85 57 the
988 462 151 42 street
1177 445 52 59 of
1256 447 76 57 his
1359 447 119 73 day,

107 523 138 57 what
283 547 83 33 am
406 523 18 57 I
465 537 51 43 to
556 523 139 57 think
746 523 52 57 of
836 547 91 34 our
964 546 127 49 poor
1148 546 117 33 man
1303 524 53 55 in
1393 517 87 63 the

109 611 151 43 street
300 597 53 57 of
390 597 171 57 whom
602 621 255 48 everyone
884 598 131 56 cries
1054 611 104 49 out,
1264 597 94 55 He
1384 619 97 35 can

108 670 314 59 understand
478 671 208 75 nothing
770 696 208 33 —even
1016 696 55 31 as
1128 670 122 74 they
1306 694 87 50 cry
1430 673 51 56 of

109 769 101 42 me,
315 746 91 58 He
446 748 42 56 is
546 746 120 74 only
723 746 120 58 able
881 762 52 42 to
992 745 310 59 understand
1360 769 121 50 very

113 820 140 74 plain
291 820 184 78 things,
519 821 87 58 the
664 845 127 49 poor
847 820 215 66 fellow;
1121 844 92 33 our
1270 820 211 59 subtlest

111 898 176 69 pieces
326 919 88 34 are
452 895 168 60 above
658 891 79 62 his
775 896 137 57 head

151 1208 108 58 np
275 1207 290 52 SCHYLUS,
609 1194 269 71 Jacopone
936 1192 69 57 da
1063 1191 161 65 Todi,
1286 1192 165 57 Shake-

124 1259 32 65 /
188 1259 19 65 I
256 1292 217 49 .ispeare.
539 1292 99 33 one
689 1270 205 55 ancient
956 1265 103 59 and
1130 1282 107 42 two
1273 1266 212 58 modern

115 1359 170 57 poets.

330 1418 39 57 It
407 1419 42 57 is
490 1416 120 60 well
650 1416 38 58 if
725 1416 86 59 the
850 1416 248 58 dramatic
1125 1429 122 58 poet
1272 1416 69 56 be
1367 1439 88 50 pos-

118 1493 179 58 sessed
354 1491 70 73 by
462 1515 65 33 an
577 1494 199 54 intense
815 1494 109 70 pity
975 1491 76 56 for
1108 1490 285 72 Humanity
1432 1514 55 32 or

119 1567 71 72 by
228 1592 31 33 a
298 1565 234 60 fabulous
591 1565 141 77 glory
790 1565 77 58 for
906 1564 144 58 God.
1130 1565 126 57 One
1294 1588 56 34 or
1402 1565 83 57 the

116 1642 159 58 other.

120 1879 236 127 THEY
397 1889 88 49 cry
523 1880 89 42 out
649 1866 151 72 again
840 1864 18 57 I
899 1888 81 33 am
1019 1888 132 41 sure,
1181 1888 84 49 my
1291 1865 196 57 critics:

231 1942 120 73 they
391 1965 86 48 cry
515 1955 88 42 out
640 1940 157 76 being
854 1954 88 43 out
980 1940 52 57 of
1088 1940 86 57 the
1239 1962 248 50 presence

132 2016 50 57 of
218 2016 145 57 these
401 2039 135 34 men.

232 2091 169 57 Come
442 2089 119 58 then
602 2092 104 55 into
744 2088 85 57 the
868 2112 248 49 presence
1155 2087 52 57 of
1245 2087 106 58 that
1383 2087 104 60 fool

119 2164 262 73 Jacopone
421 2164 51 56 in
511 2163 149 59 order
699 2177 51 42 to
788 2163 102 57 feel
915 2162 330 58 comfortable
1271 2162 105 57 that
1403 2163 85 57 the

120 2239 240 59 standard
398 2238 91 58 has
529 2239 137 57 been
704 2238 247 66 lowered,
991 2238 103 57 and
1131 2239 42 55 is
1214 2261 120 35 now
1372 2241 92 54 trai-

120 2316 104 73 ling
261 2314 158 59 down
458 2314 188 57 Strand
685 2313 103 58 and
829 2337 70 50 up
941 2313 59 57 St
1041 2312 239 58 Martin's
1320 2313 164 58 Lane.

123 2477 169 131 INTO
342 2463 86 60 the
486 2486 250 50 presence
793 2463 54 57 of
901 2462 263 73 Jacopone
1221 2460 69 60 da
1346 2460 142 60 Todi

166 2539 113 57 first.

233 2613 113 57 We
386 2611 103 59 find
527 2611 104 59 him
689 2613 198 73 singing
944 2609 155 61 aloud
1159 2610 78 59 his
1295 2610 193 59 Drama

120 2686 103 59 and
262 2689 78 57 his
378 2688 149 57 Faith
552 2690 66 55 in
656 2710 32 34 a
726 2688 193 57 latrine.
1000 2686 313 74 Imprisoned
1347 2686 141 59 there

119 2763 71 72 by
227 2761 77 59 his
345 2761 137 74 good
519 2760 192 58 friends
750 2761 87 59 the
877 2761 330 57 Franciscans
1248 2785 57 32 so
1343 2785 56 32 as
1436 2777 52 41 to

120 2860 120 35 cure
279 2837 105 58 him
421 2836 55 59 of
514 2860 30 33 a
581 2851 130 42 most
748 2835 383 72 reprehensible
1171 2835 101 58 and
1319 2837 169 56 carnal

119 2912 170 60 desire
330 2912 76 58 for
444 2912 140 58 liver.
727 2911 154 59 With
919 2911 164 57 sound
1112 2911 136 75 good
1276 2935 147 33 sense

120 2990 169 54 writes
325 2987 35 57 I.
388 2986 79 58 A.
499 2985 273 68 Symonds,
812 2987 52 56 of
903 2986 95 57 this
1036 2986 231 67 episode,
1371 2986 120 67 they

120 3062 122 57 then
280 3061 324 58 condemned
642 3060 104 57 him
784 3076 53 42 to
881 3062 384 70 imprisonment
1314 3062 52 56 in
1403 3061 85 57 the

119 3160 236 33 common
393 3138 215 72 privies;
650 3135 93 58 but
779 3135 66 58 he
897 3135 229 72 rejoiced
1167 3137 52 56 in
1258 3135 95 58 this
1393 3160 63 48 pu-

118 3212 265 65 nishment,
425 3211 103 57 and
567 3211 281 74 composed
887 3235 99 33 one
1026 3211 52 57 of
1115 3211 77 57 his
1230 3226 130 43 most
1397 3215 61 54 im-

119 3286 282 73 passioned
438 3286 129 57 odes
607 3287 52 55 in
696 3286 106 57 that
840 3285 106 58 foul
985 3285 150 73 place

231 3362 101 57 Let
370 3385 58 33 us
486 3361 99 57 first
636 3359 68 59 be
758 3359 226 59 shocked
1011 3385 11 32 :
1084 3359 247 75 secondly
1435 3384 56 33 as

118 3460 100 49 you
257 3460 138 34 were
515 3434 182 59 bored.
774 3436 235 57 Dressed
1047 3437 52 56 in
1126 3459 89 34 our
1242 3436 129 64 best,
1402 3459 90 34 our

120 3513 111 56 hats
269 3513 52 56 in
360 3535 90 34 our
489 3511 181 67 hands,
711 3535 84 34 we
847 3511 232 58 advance
1134 3526 52 42 to
1225 3513 266 56 interview

119 3611 30 32 a
188 3601 139 62 great
365 3586 247 57 dramatic
650 3588 167 56 writer
857 3586 53 57 of
948 3586 85 57 the
1071 3584 271 60 thirteenth
1369 3610 90 33 cen-

119 3676 124 58 tury,
289 3660 103 59 and
431 3685 84 34 we
555 3659 102 59 find
711 3659 104 59 him
853 3663 52 55 in
943 3685 31 33 a
1014 3659 193 59 latrine.
1286 3660 99 58 All
1425 3660 64 58 he

118 3761 97 33 can
254 3737 69 57 do
381 3760 67 34 on
494 3738 176 74 seeing
727 3760 59 33 us
817 3737 42 56 is
897 3749 53 44 to
988 3735 148 58 make
1188 3735 140 58 faces
1388 3735 101 58 and

117 3836 92 33 run
247 3826 51 43 to
344 3812 86 57 the
468 3812 146 57 other
666 3810 104 59 end
810 3810 53 59 of
900 3810 85 59 the
1023 3810 174 59 cellar.
1277 3812 94 55 He
1409 3834 53 33 re-

118 3887 136 57 fuses
311 3902 52 42 to
402 3887 116 74 give
576 3909 99 50 any
712 3884 302 58 reasonable
1071 3908 202 36 answer
1310 3900 52 42 to
1400 3909 92 33 our

118 3961 207 58 boldest
363 3961 253 73 curiosity.
696 3960 101 57 Let
835 3984 59 33 us
934 3986 68 50 go
1040 3975 87 44 out
1178 3960 103 57 and
1322 3960 71 57 let
1430 3984 58 35 us

119 4036 121 74 pick
278 4060 70 49 up
387 4058 142 36 some
566 4035 55 59 of
656 4035 80 59 his
774 4049 151 60 story.

231 4111 40 59 It
308 4115 42 55 is
407 4134 120 36 new
584 4125 52 45 to
674 4135 75 44 us,
790 4110 241 75 although
1087 4110 127 60 from
1271 4113 121 55 time
1436 4125 53 46 to

1527 151 121 56 time
1706 172 67 35 an
1836 150 333 75 Englishman
2225 151 91 58 has
2367 150 236 75 dropped
2655 176 31 33 a
2736 153 148 59 word

1526 248 57 32 or
1619 239 104 43 two
1761 224 158 57 about
1955 224 97 57 this
2091 224 176 58 author
2303 226 54 56 of
2381 225 86 59 the
2494 242 129 42 most
2649 229 241 74 poignant

1527 297 176 58 drama
1741 299 53 56 of
1830 299 86 57 the
1957 299 174 57 Italian
2169 299 193 66 school,
2404 300 101 56 and
2543 300 66 57 he
2636 301 85 57 the
2745 304 116 56 foun-

1527 372 93 58 der
1658 374 52 57 of
1748 372 87 56 the
1874 372 177 58 school
2089 372 104 58 and
2231 398 103 33 one
2373 374 54 57 of
2463 374 87 57 the
2575 374 239 58 founders
2841 375 53 57 of

1529 446 176 58 Italian
1745 446 270 58 literature.

1638 522 60 73 €J
1724 521 209 72 Jacomo
1960 522 84 57 de'
2068 520 271 59 Benedetti
2368 521 146 71 (later
2540 536 49 43 to
2617 522 69 57 be
2706 524 187 58 known

1526 621 55 33 as
1620 596 263 72 Jacopone
1924 598 52 55 in
2014 598 106 70 pity
2160 595 52 57 of
2237 596 77 56 his
2341 596 263 69 madness)
2632 621 108 33 was
2768 597 125 57 born

1527 675 51 53 in
1618 671 142 58 Todi
1799 671 156 57 about
1992 671 85 57 the
2128 694 122 49 year
2297 672 154 57 1228.
2528 671 142 58 Todi
2710 672 91 57 lies
2842 676 52 53 in

1529 747 85 56 the
1654 760 173 43 centre
1873 746 53 56 of
1967 746 123 73 Italy
2113 770 11 41 ;
2179 743 174 60 below
2391 747 38 56 it
2465 769 115 34 runs
2621 746 85 56 the
2763 750 131 54 river

1527 819 244 65 Tevere;
1813 822 38 55 it
1889 819 174 58 stands
2103 819 241 58 between
2382 819 86 58 the
2508 833 165 44 towns
2710 819 54 58 of
2791 821 68 56 Or-

1532 898 139 55 vieto
1709 893 103 59 and
1851 894 217 73 Spoleto
2091 920 13 40 ;
2145 894 104 58 and
2287 894 121 58 here
2444 893 210 73 Jacomo
2682 894 85 58 de'
2795 897 66 56 Be-

1527 968 193 58 nedetti
1759 967 188 72 passed
1986 968 85 57 the
2109 968 102 56 first
2247 968 127 72 forty
2411 992 145 50 years
2594 968 54 57 of
2684 969 77 57 his
2787 969 106 59 life.

1529 1042 336 75 Thoroughly
1903 1042 329 75 self-seeking
2272 1066 142 48 years
2452 1067 56 32 as
2556 1042 208 58 befitted
2809 1044 85 57 the

1531 1142 94 34 son
1662 1118 53 57 of
1753 1142 100 33 one
1892 1118 52 57 of
1981 1118 86 57 the
2094 1118 137 56 lords
2256 1118 54 57 of
2335 1118 85 56 the
2447 1117 168 72 place,
2644 1118 65 57 he
2735 1119 160 60 found

1530 1195 122 55 time
1690 1207 52 42 to
1788 1192 115 57 take
1941 1190 77 57 his
2071 1192 190 76 degree
2300 1216 55 31 as
2414 1192 197 57 Doctor
2648 1194 52 55 of
2740 1193 154 58 Laws

1531 1282 50 42 at
1619 1266 86 58 the
1743 1266 296 73 University
2077 1266 52 58 of
2167 1266 247 73 Bologna,
2456 1265 85 59 the
2568 1265 167 60 oldest
2762 1269 99 57 Uni-

1531 1344 184 71 versity
1753 1341 54 58 of
1868 1341 211 72 Europe
2137 1341 117 70 (but
2292 1364 169 52 young
2512 1355 52 42 at
2613 1341 106 58 that
2757 1345 139 64 time,

1540 1418 158 63 1250,
1738 1415 76 57 for
1858 1418 38 54 it
1934 1410 104 64 had
2095 1415 119 72 only
2272 1415 139 59 been
2468 1415 314 60 established
2844 1421 54 55 in

1532 1491 87 57 the
1658 1490 198 58 twelfth
1896 1489 251 73 century).

1644 1565 285 74 Returning
1985 1579 52 43 to
2074 1565 77 56 his
2208 1566 170 55 native
2434 1578 141 43 town
2634 1565 123 58 with
2814 1565 85 57 the

1534 1639 242 58 hallmark
1814 1639 52 57 of
1903 1639 87 58 the
2030 1639 239 57 Learned
2308 1663 68 34 on
2413 1639 119 67 him,
2561 1639 66 58 he
2655 1640 243 58 becomes

1534 1739 30 33 a
1602 1715 193 72 lawyer
1832 1739 140 33 more
2013 1714 119 58 able
2170 1714 121 58 than
2329 1715 330 72 scrupulous:
2701 1715 66 57 he
2805 1715 63 58 be-

1535 1813 173 34 comes
1729 1788 126 68 rich,
1883 1790 67 57 he
1978 1813 254 49 prospers.
2275 1790 158 56 Some
2460 1788 171 59 fifteen
2650 1805 52 42 to
2722 1814 149 33 seven-

1532 1879 120 42 teen
1689 1888 144 49 years
1873 1863 124 58 later
2034 1863 67 58 he
2140 1863 304 58 determines
2484 1877 51 42 to
2574 1863 114 58 take
2722 1889 30 32 a
2778 1865 122 57 wife

1534 1938 101 57 and
1696 1937 216 58 decides
1966 1961 138 50 upon
2160 1937 86 58 the
2305 1937 246 74 daughter
2587 1938 53 57 of
2698 1938 205 59 Messer

1535 2013 312 57 Bernardino
1888 2013 67 57 de
1996 2011 248 59 Guidone
2284 2012 88 57 dei
2430 2015 158 55 Conti
2626 2013 53 57 di
2720 2013 150 57 Coldi-

1534 2112 193 35 mezzo.
1806 2087 118 57 Her
1980 2111 149 33 name
2185 2112 108 33 was
2352 2087 207 57 Vanna.
2640 2087 107 58 She
2792 2112 107 35 was

1535 2163 124 57 both
1696 2166 221 54 virtuous
1976 2163 103 57 and
2128 2162 266 58 beautiful.
2472 2162 155 74 They
2667 2189 88 48 say
2792 2163 107 57 that

1532 2241 39 54 it
1607 2262 110 34 was
1756 2262 138 33 more
1933 2252 52 42 to
2024 2238 177 72 please
2239 2238 91 56 her
2366 2238 237 58 husband
2630 2238 119 57 than
2775 2239 127 57 from

1534 2314 170 70 vanity
1742 2336 55 33 or
1833 2312 78 57 for
1948 2336 100 48 any
2086 2310 145 59 other
2268 2336 180 33 reason
2486 2312 106 57 that
2631 2312 91 58 she
2761 2313 112 57 dres-

1535 2388 94 57 sed
1667 2382 187 63 herself
1892 2411 57 33 so
1987 2411 122 49 very
2147 2387 346 73 sumptuously
2527 2387 103 58 and
2656 2388 246 58 attended

1535 2486 154 50 every
1739 2486 100 34 one
1878 2460 52 59 of
1968 2462 84 57 the
2105 2462 158 58 social
2319 2462 250 58 functions
2608 2463 52 57 of
2697 2463 86 57 the
2824 2463 52 57 di-

1536 2540 137 55 strict
1720 2536 102 58 and
1880 2538 53 54 in
1990 2535 85 57 the
2133 2550 140 44 town
2330 2536 53 59 of
2438 2536 160 58 Todi.
2693 2538 210 71 Jacomo

1536 2611 85 59 de'
1663 2611 275 59 Benedetti
1976 2610 158 59 found
2174 2611 95 58 this
2308 2634 122 50 very
2481 2610 156 67 well;
2650 2611 172 58 —that
2858 2614 42 55 is

1536 2686 140 59 what
1712 2686 210 73 Jacomo
1960 2685 210 57 wanted
2209 2688 52 54 in
2300 2710 30 34 a
2369 2686 138 65 wife,
2514 2710 104 32 —a
2664 2686 238 58 valuable

1535 2777 132 41 asset
1703 2777 52 41 to
1793 2761 77 57 his
1911 2760 246 67 business,
2187 2785 30 31 a
2256 2760 245 60 beautiful
2541 2760 362 58 well-dressed

1536 2836 225 57 sensible
1799 2835 104 58 and
1962 2835 167 58 above
2170 2835 66 57 all
2279 2837 174 67 useful
2507 2836 120 57 wife
2667 2862 109 34 was
2815 2836 85 57 the

1535 2935 123 50 very
1701 2911 157 76 thing.
1938 2910 42 58 It
2016 2910 248 58 occurred
2324 2925 52 43 to
2414 2911 104 57 him
2556 2911 107 57 that
2700 2915 39 55 it
2794 2935 109 35 was

1535 2986 86 57 the
1661 2985 138 58 ideal
1839 2986 156 75 thing.

1649 3061 206 57 Messer
1893 3061 210 72 Jacomo
2141 3084 109 34 was
2288 3085 67 32 no
2394 3060 119 58 fool.
2594 3061 101 57 Let
2721 3062 179 71 priests

1536 3135 103 58 and
1679 3137 86 56 the
1804 3135 352 75 new-fangled
2184 3136 234 57 brethren
2446 3136 52 56 of
2523 3136 61 56 St
2611 3136 205 57 Francis
2844 3144 13 47 (
2862 3154 22 23 c
2886 3136 14 53 )

1538 3211 68 57 be
1646 3235 53 33 as
1746 3210 237 58 fanatical
2021 3234 55 33 as
2115 3210 120 73 they
2284 3208 200 59 wished
2508 3235 13 41 ;
2580 3210 66 57 he
2686 3210 101 57 and
2827 3210 77 57 his

1536 3285 123 58 kind
1710 3309 139 34 were
1906 3300 87 42 not
2025 3300 51 42 to
2134 3285 69 57 be
2242 3285 181 57 turned
2481 3285 145 57 aside
2664 3285 71 72 by
2773 3285 130 57 their

1536 3362 377 72 interpretation
1940 3359 52 58 of
2018 3361 85 57 the
2128 3359 145 59 word
2372 3359 138 58 ideal
2663 3361 92 57 On
2782 3361 124 57 with

1536 3437 271 63 business;
1866 3434 144 59 dress
2070 3434 85 58 the
2213 3450 109 57 part
2376 3434 363 74 handsomely:
2781 3434 125 58 trick

1538 3535 155 49 every
1728 3509 199 74 jackass
1966 3509 101 59 and
2128 3509 161 59 fleece
2330 3533 154 50 every
2543 3509 138 59 lamb
2705 3536 11 32 :
2758 3509 147 57 make

1536 3610 187 49 money
1761 3586 103 57 and
1903 3586 149 57 stand
2100 3584 121 59 well
2260 3584 126 59 with
2423 3580 96 63 this
2557 3584 169 59 world
2766 3587 139 56 since

1536 3685 68 33 no
1643 3660 143 58 other
1812 3659 165 59 world
2005 3674 199 44 matters
2232 3685 31 33 a
2288 3659 83 78 fig.
2437 3659 139 59 That
2602 3685 109 33 was
2739 3659 166 57 sound

1536 3758 170 52 young
1748 3735 200 58 Master
1993 3735 210 71 Jacomo
2254 3735 53 58 of
2357 3734 133 59 1267
2515 3758 13 42 ;
2569 3760 66 31 no
2674 3734 228 76 humbug

1538 3812 157 56 about
1733 3810 122 58 him.

1631 4007 56 56 (c)
1722 4005 29 43 It
1783 4022 82 28 was
1911 4005 68 43 but
2012 4023 24 25 a
2068 4005 78 45 few
2194 4005 109 44 miles
2351 4005 99 43 from
2497 4005 109 44 Todi
2652 4005 79 43 and
2763 4024 23 24 a
2830 4005 78 43 few

1535 4083 112 38 years
1679 4064 221 57 previously
1930 4065 82 42 that
2045 4066 45 42 St
2123 4064 160 45 Francis
2314 4064 81 44 had
2426 4083 112 26 come
2569 4083 53 25 on
2652 4064 120 50 earth,
2797 4064 90 43 foun-

1536 4125 82 46 ded
1651 4125 65 45 the
1747 4124 116 44 order
1894 4123 80 45 and
2007 4124 109 46 died.
