3111 4450
171 94 64 47 62

285 188 155 66 Final
487 188 286 83 expulsion
818 188 113 66 will
978 188 129 82 only
1155 188 127 64 take
1312 188 160 83 place
1503 188 55 63 in

172 307 168 58 grave
386 307 153 38 cases
586 277 113 66 and
745 277 139 66 after
931 277 96 65 the
1074 281 224 79 opinion
1360 279 57 63 of
1465 277 96 65 the

172 374 315 62 committee
533 370 99 65 has
680 369 144 65 been
873 368 183 66 taken.

292 463 103 65 79.
432 497 83 9 —
550 460 97 66 No
689 459 304 66 individual
1025 486 128 57 may
1194 459 194 65 absent
1420 460 106 64 him-

174 553 99 66 self
318 553 234 66 without
607 552 95 64 the
746 554 319 80 permission
1134 549 60 66 of
1239 549 95 66 the
1392 577 133 55 supe-

172 642 327 67 rintendent.

289 735 104 63 80.
447 769 85 7 —
583 732 217 65 Leaves
846 732 57 63 of
964 731 232 64 absense
1258 757 96 37 are
1399 733 160 78 given

174 826 77 81 by
297 825 94 64 the
437 822 463 85 superintendent,
950 822 136 66 who
1117 839 201 47 cannot
1351 821 207 65 accord

172 943 154 37 more
379 914 134 64 than
580 931 116 49 two
753 931 57 46 at
865 940 106 37 one
1041 916 149 70 time,
1239 938 98 38 nor
1392 912 85 64 for
1524 939 34 36 a

172 1006 187 83 longer
390 1004 195 84 period
617 1005 133 64 than
797 1022 118 48 two
962 1003 216 64 months
1210 1032 13 35 :
1260 1003 132 82 they
1425 1029 99 37 can-

172 1114 97 49 not
313 1096 129 65 take
487 1096 160 83 place
692 1123 132 38 save
854 1095 138 65 after
1026 1095 146 81 May
1206 1094 71 63 1st
1310 1091 111 68 and
1451 1094 70 63 be-

174 1188 118 67 fore
339 1185 325 66 November
712 1187 90 63 1st.

287 1278 139 81 Any
472 1277 301 65 individual
828 1276 152 72 who,
1030 1274 202 84 having
1293 1272 264 67 obtained

179 1397 34 36 a
244 1368 160 66 leave
434 1367 57 65 of
522 1367 250 74 absense,
807 1382 244 65 outstays
1094 1366 94 63 the
1228 1384 156 55 term,
1420 1391 137 55 pays

175 1489 34 34 a
254 1458 106 65 fine
405 1458 162 83 equal
613 1475 59 47 to
717 1458 97 64 the
860 1456 270 84 proceeds
1180 1456 57 65 of
1284 1456 82 65 his
1398 1456 159 65 share

176 1550 193 81 during
415 1549 70 64 all
531 1549 95 63 the
658 1551 128 61 time
816 1547 120 65 that
967 1546 72 65 he
1070 1547 136 64 shall
1238 1545 143 67 have
1413 1547 144 64 been

179 1640 197 65 absent
421 1640 140 65 from
608 1640 95 64 the
748 1639 231 65 theatre.

292 1731 106 64 82.
452 1766 85 7 —
588 1730 194 65 When
828 1756 71 38 an
945 1728 320 73 individual,
1299 1729 138 63 after
1468 1745 91 47 ten

179 1848 160 56 years
383 1820 59 65 of
487 1824 228 70 service,
766 1819 134 65 shall
947 1819 145 65 have
1140 1819 292 65 reiterated
1478 1819 84 65 for

174 1911 95 64 the
313 1938 168 55 space
542 1911 58 64 of
666 1938 51 37 a.
760 1937 135 55 year
956 1909 94 65 the
1098 1909 336 83 application
1479 1909 85 65 for

171 2002 84 67 his
332 2005 328 69 retirement,
741 2001 111 64 and
929 1999 135 66 shall
1149 2001 221 64 declare
1446 2001 120 64 that

172 2092 72 67 he
297 2092 99 66 has
465 2093 95 64 the
626 2096 263 61 intention
957 2092 59 64 of
1086 2109 95 48 not
1234 2093 333 82 performing

172 2210 108 55 any
326 2210 151 38 more
524 2187 55 60 in
647 2210 108 55 any
813 2182 229 77 theatre,
1115 2182 172 65 either
1348 2182 220 65 French

174 2300 62 39 or
307 2275 227 81 foreign,
606 2275 83 64 his
763 2278 309 61 retirement
1140 2302 128 56 may
1329 2292 98 47 not
1495 2275 74 64 be

178 2365 217 65 refused
456 2365 111 65 him
598 2393 13 47 ;
670 2364 99 65 but
830 2364 73 66 he
975 2364 111 67 will
1158 2382 95 48 not
1323 2365 144 65 have
1536 2392 33 35 a

175 2455 138 83 right
376 2473 58 48 to
495 2485 109 54 any
650 2459 249 80 pension,
933 2483 100 38 nor
1064 2473 58 47 to
1155 2455 299 68 withdraw
1487 2455 81 65 his

174 2547 158 65 share
378 2548 56 65 of
481 2548 95 65 the
623 2548 197 65 annual
867 2547 135 65 fund
1049 2547 58 65 of
1145 2547 118 82 fifty
1293 2546 276 66 thousand

175 2638 182 64 francs
392 2636 14 56 (
411 2654 22 24 z
435 2636 36 66 b

403 2867 569 65 CLAUSE
1069 2867 269 65 VII.

288 2982 415 46 GENERAL
764 2982 684 46 DISPOSITIONS.

291 3095 105 67 83.
449 3131 85 9 —
585 3094 131 65 The
749 3112 210 48 -actors
1031 3095 57 65 of
1158 3094 94 65 the
1322 3094 248 66 Theatre

173 3187 262 81 Frangais
514 3186 136 66 shall
720 3203 95 47 not
884 3186 75 64 be
1023 3186 127 64 able
1220 3203 59 47 to
1347 3205 223 64 exempt

173 3278 323 65 themselves
528 3278 140 65 from
699 3281 185 79 giving
931 3305 33 37 a
994 3277 381 83 performance
1406 3305 164 55 every

173 3367 112 84 day
332 3369 237 66 without
613 3396 34 36 a
694 3369 202 82 special
945 3367 398 65 authorization
1388 3369 58 64 of
1477 3369 93 63 the

173 3459 466 84 superintendent,
689 3459 176 64 under
909 3462 131 79 pain
1088 3460 57 63 of
1191 3462 223 79 paying,
1487 3460 82 65 for

173 3551 143 65 each
346 3551 232 73 closure,
613 3578 36 37 a
696 3578 118 37 sum
846 3550 58 65 of
933 3550 107 65 five
1077 3550 256 65 hundred
1368 3551 196 74 francs,

173 3642 189 67 which
409 3642 111 67 will
569 3642 73 64 be
691 3640 292 84 deposited
1028 3645 56 61 in
1131 3642 96 64 the
1275 3642 169 66 coffer
1484 3643 83 65 for

1602 188 96 64 the
1727 214 140 56 poor
1898 204 64 47 at
2008 187 95 65 the
2152 187 239 83 disposal
2439 188 59 65 of
2544 188 92 65 the
2690 188 208 83 prefect
2945 190 58 64 of

1605 279 201 82 police.

1724 369 107 63 84.
1898 403 75 9 —
2023 368 164 66 Each
2234 379 280 55 societaire
2546 369 201 82 having
2778 399 185 37 accom-

1614 458 217 82 plished
1902 456 168 83 thirty
2137 486 161 54 years
2368 460 59 64 of
2474 459 252 66 effective
2795 465 207 61 service

1613 549 137 65 shall
1798 549 75 64 be
1920 547 128 66 able
2094 566 58 47 to
2203 550 192 64 obtain
2442 577 34 37 a
2507 552 381 81 performance
2918 553 85 65 for

1608 642 82 62 his
1740 639 203 65 benefit
1990 657 57 47 at
2093 641 96 63 the
2234 644 130 61 time
2413 642 57 63 of
2516 642 83 63 his
2649 647 349 62 retirement:

1608 731 106 64 this
1782 731 381 82 performance
2231 732 136 63 shall
2438 749 97 46 not
2606 732 72 65 be
2745 735 129 64 able
2945 752 56 46 to

1608 821 127 65 take
1780 821 162 80 place
1989 849 132 38 save
2165 823 53 63 in
2282 822 94 64 the
2438 821 560 85 Theatre-Frangais,

1606 916 55 60 in
1691 914 329 81 conformity
2052 912 137 66 with
2222 914 127 63 Our
2381 912 202 66 decree
2615 916 58 62 of
2693 915 126 84 July
2853 916 149 65 29th

1622 1004 186 65 1807.

1723 1093 100 66 85.
1883 1127 84 9 —
2020 1098 139 77 Any
2207 1093 304 66 individual
2583 1095 135 65 who
2772 1095 100 65 has
2918 1123 56 37 re-

1606 1184 143 65 tired
1794 1184 141 64 from
1983 1183 94 65 the
2127 1184 547 66 Theatre-Francais
2721 1187 139 64 shall
2905 1206 97 45 not

2566 1253 25 15 _>

1605 1276 74 64 be
1757 1274 129 66 able
1964 1293 58 46 to
2102 1302 269 56 reappear
2448 1279 55 61 in
2582 1305 108 53 any
2767 1278 231 75 theatre,

1605 1366 253 66 whether
1934 1368 56 61 in
2060 1366 156 64 Paris
2295 1394 63 36 or
2434 1368 96 62 the
2607 1368 390 82 departments,

1604 1456 235 66 without
1909 1456 95 63 the
2080 1460 317 78 permission
2466 1458 58 64 of
2593 1458 94 64 the
2756 1462 213 79 superin-

1604 1546 226 66 tendent
1863 1544 14 57 (
1881 1560 78 27 ww
1967 1547 34 65 b

1724 1640 105 62 86.
1886 1673 86 9 —
2020 1638 102 64 All
2179 1657 224 47 matters
2474 1639 58 65 of
2579 1639 219 82 dispute
2866 1641 137 64 shall

1610 1729 75 65 be
1754 1728 303 66 submitted
2126 1745 59 46 to
2255 1730 95 64 the
2420 1733 374 62 examination
2865 1731 58 64 of
2970 1759 33 36 a

1611 1820 216 65 council
1874 1820 59 65 of
1981 1820 256 82 lawyers,
2303 1820 112 65 and
2462 1850 73 35 no
2582 1822 222 81 judicial
2866 1850 98 55 pro-

1613 1911 259 83 ceedings
1919 1909 137 65 shall
2103 1911 75 63 be
2222 1911 128 64 able
2397 1928 59 47 to
2507 1911 71 64 be
2624 1912 165 65 taken
2820 1916 55 61 in
2908 1913 94 64 the

1611 2030 164 37 name
1821 2002 63 65 of
1929 2002 94 63 the
2070 2006 211 77 society
2343 2002 234 66 without
2624 2003 95 64 the
2781 2007 221 79 opinion

1614 2093 58 65 of
1718 2093 94 64 the
1859 2092 212 64 council
2121 2093 200 82 having
2367 2093 145 64 been
2557 2093 182 65 taken.

1727 2185 145 67 This
1919 2185 214 63 council
2180 2185 112 65 will
2636 2204 57 46 to
2725 2185 74 65 be
2846 2213 114 38 com-

2324 2257 6 10 f
2777 2253 6 8 v

1616 2275 177 84 posed
1856 2303 61 37 as
1969 2278 42 61 it
2072 2279 46 61 is
2165 2293 56 47 at
2269 2275 93 65 the
2408 2293 217 65 present
2673 2280 149 70 time,
2889 2276 112 65 and

1618 2366 111 68 will
1778 2365 73 65 be
1898 2364 245 66 reduced
2189 2369 55 61 in
2292 2365 94 65 the
2441 2366 197 73 future,
2690 2366 76 82 by
2832 2366 170 65 death

1616 2485 64 38 or
1736 2459 344 80 resignation,
2145 2473 59 48 to
2262 2457 94 64 the
2417 2457 231 66 number
2718 2458 58 65 of
2848 2459 154 64 three

1616 2548 384 84 jurisconsults,
2052 2566 117 48 two
2215 2547 320 75 advocates,
2584 2548 125 67 and.
2743 2577 34 37 a
2809 2566 193 63 notary

1619 2640 58 64 of
1726 2640 96 64 the
1868 2638 232 65 theatre.

1732 2730 60 64 In
1862 2756 127 38 case
2036 2731 58 65 of
2163 2732 287 62 vacancies
2509 2731 95 63 the
2665 2732 337 64 nomination

1618 2820 110 67 will
1775 2821 75 65 be
1896 2820 165 66 made
2107 2820 77 82 by
2230 2820 95 65 the
2372 2825 314 61 committee
2731 2822 138 65 with
2907 2822 95 64 the

1618 2930 312 64 agreement
1978 2914 58 62 of
2084 2913 92 63 the
2223 2913 463 82 superintendent.

1732 3004 107 65 87.
1892 3041 85 7 —
2027 3004 130 65 The
2206 3004 445 83 superintendent
2698 3004 112 67 will
2842 3004 161 65 make

1619 3094 135 65 such
1801 3094 141 65 rules
1989 3122 60 37 as
2095 3095 74 64 he
2199 3094 139 65 shall
2384 3097 168 81 judge
2597 3122 291 55 necessary
2919 3094 84 64 for

1619 3186 70 64 all
1749 3184 375 84 departments
2196 3186 58 64 of
2324 3186 95 64 the
2486 3189 220 61 interior
2768 3186 198 64 admini-

1619 3280 243 62 stration.

1733 3370 107 63 88.
1896 3404 80 6 —
2028 3369 132 63 The
2208 3367 225 66 decrees
2480 3370 57 63 of
2575 3369 94 63 the
2706 3367 147 65 29th
2878 3367 124 83 July

1619 3459 110 64 and
1780 3459 70 64 1st
1906 3459 324 66 November
2298 3460 163 65 1807
2514 3487 93 36 are
2668 3457 335 66 maintained

1616 3554 55 61 in
1717 3550 71 64 all
1836 3550 187 65 which
2070 3554 43 61 is
2161 3568 94 48 not
2302 3568 255 66 contrary
2606 3569 58 46 to
2695 3550 94 65 the
2820 3550 182 65 above

1622 3643 340 80 disposition.

264 3903 57 57 (z)
354 3902 73 44 On
457 3903 195 55 receiving
683 3902 66 44 the
782 3902 78 44 first
891 3913 155 44 request
1096 3901 66 44 the
1194 3902 240 43 Committee
1476 3902 79 43 and

169 3964 335 55 Superintendant
551 3963 80 44 will
661 3982 219 35 encourage
913 3964 58 42 his
1003 3963 242 54 understudy
1278 3973 41 32 to
1351 3961 115 44 make
1498 3961 61 44 ef-

170 4025 94 44 forts
294 4043 44 24 so
370 4025 84 42 that
485 4036 39 31 at
556 4025 68 42 the
655 4024 79 43 end
766 4024 43 43 of
839 4025 68 42 the
937 4042 94 37 year
1064 4024 30 43 if
1126 4024 50 42 he
1207 4022 75 45 still
1315 4022 98 44 wish
1445 4034 42 32 to
1508 4041 49 37 go

167 4110 54 10 —
250 4085 132 43 which
413 4088 31 40 is
476 4103 94 37 very
602 4085 170 55 unlikely
794 4109 59 8 —
874 4085 65 43 the
970 4083 243 56 understudy
1245 4083 80 45 will
1347 4083 51 44 be
1419 4082 139 45 almost

168 4145 92 44 able
291 4158 42 31 to
365 4146 52 43 fill
450 4146 67 43 the
549 4158 143 32 vacant
722 4151 116 50 place
870 4158 40 31 to
942 4145 235 56 perfection.
1245 4143 117 51 And,
1396 4145 108 43 what
1526 4146 32 41 is

174 4224 120 32 more,
325 4207 59 44 his
414 4207 113 44 share
556 4205 44 45 of
631 4207 66 44 the
728 4206 143 45 annual
902 4205 99 46 fund
1033 4206 42 44 of
1110 4206 163 50 50,000
1306 4205 126 45 francs
1477 4205 80 45 will

1604 3913 85 42 stay
1722 3902 40 43 in
1793 3900 68 44 the
1893 3900 177 44 Theatre
2119 3899 151 52 coffers,
2303 3899 81 45 and
2427 3899 67 44 the
2541 3898 281 57 poor-spirited
2868 3899 133 44 fellow

1605 3962 80 44 will
1718 3961 104 44 have
1853 3963 146 43 caused
2030 3961 68 43 the
2129 3961 175 44 Theatre
2337 3973 41 30 to
2410 3961 168 43 become
2609 3960 68 44 the
2710 3960 139 44 richer,

1696 4022 118 59 (ww)
1850 4022 93 44 The
1988 4040 96 37 very
2136 4021 70 45 last
2259 4022 109 55 thing
2420 4040 78 37 any
2550 4032 125 33 actors
2726 4020 140 46 would
2899 4020 103 44 have

1603 4085 40 42 in
1673 4084 101 44 their
1805 4083 125 44 heads
1961 4094 42 33 to
2034 4083 56 43 do
2122 4083 43 44 of
2196 4100 136 27 course
2350 4102 10 25 :
2393 4083 71 44 but
2511 4081 96 45 until
2653 4100 24 25 a
2725 4081 154 44 Decree
2926 4080 76 45 like

1602 4144 76 44 this
1720 4161 77 27 one
1828 4144 52 44 be
1912 4144 130 49 made,
2079 4143 66 44 the
2178 4161 95 39 very
2305 4144 77 44 first
2422 4144 111 54 thing
2564 4142 95 56 they
2705 4142 148 56 always
2899 4142 104 44 have

1603 4204 122 47 done.
