3111 4450
184 91 64 47 90

185 183 327 60 EIGHT
569 183 522 61 REVIEWS.

179 280 112 37 THE
320 278 318 40 FOLLOWING
668 278 164 40 EIGHT
854 280 240 38 REVIEWS

179 339 111 38 ARE
310 339 69 38 OF
399 339 168 38 PLAYS
588 339 65 37 BY
676 339 168 38 POETS
865 343 35 33 &
933 341 129 36 PLAY-

179 400 246 38 WRIGHTS
460 400 276 37 REFERRED
780 400 75 37 TO
902 400 50 38 IN
983 400 111 38 THE

178 460 228 38 ARTICLE
474 461 166 37 PLAYS
662 461 107 38 OLD
789 461 114 38 AND
925 461 123 38 NEW

179 525 35 33 &
248 521 111 38 ARE
404 521 65 38 BY
515 521 110 38 THE
666 521 146 38 SAME
846 521 244 41 AUTHOR.

178 644 228 44 PLAYS
434 644 151 44 AND
623 644 420 45 CONTROVER-

178 704 125 44 SIES
322 705 52 53 by
415 704 65 46 W.
514 705 57 45 B.
614 704 136 46 Yeats.
786 706 300 58 (Macmillan),

185 767 18 41 /
215 767 118 49 923,
378 764 134 60 10/6.

176 853 173 101 THE
380 855 174 45 MASK
585 856 71 43 has
698 873 121 28 never
860 856 103 44 been
997 856 89 46 able

293 916 186 56 properly
519 928 43 32 to
608 918 113 42 write
767 917 44 43 of
842 917 71 43 Mr
962 918 124 43 Yeats

176 976 80 43 and
289 977 60 43 his
381 977 171 44 Dramas
594 976 187 56 although
813 979 28 41 it
873 977 70 44 has
974 978 111 44 often

173 1037 102 43 tried
307 1049 41 31 to
379 1055 157 37 express
567 1056 24 24 a
628 1037 82 43 firm
757 1037 238 45 admiration
1042 1039 44 43 of

174 1098 59 43 his
265 1099 149 53 genius.

233 1157 43 44 In
306 1158 77 43 this
416 1174 91 27 new
539 1157 154 44 edition
724 1156 44 45 of
799 1157 61 43 his
882 1157 112 58 plays
1017 1177 66 25 are

173 1221 58 41 six
261 1217 124 57 plays,
419 1217 81 43 and
533 1218 52 43 all
617 1218 43 43 of
690 1218 109 43 them
832 1218 118 55 good,
985 1220 97 44 with

173 1280 88 42 218
292 1296 119 38 pages
458 1279 120 43 about
625 1279 67 43 the
740 1278 94 44 Irish
877 1279 206 44 Dramatic

173 1339 253 44 Movement.

232 1399 15 43 I
268 1410 144 32 cannot
434 1399 172 55 pretend
628 1411 43 31 to
692 1397 151 45 admire
866 1399 69 43 Mr
957 1399 124 45 Yeats

171 1460 119 44 when
321 1460 52 43 he
405 1477 173 26 assumes
611 1460 66 43 the
710 1460 125 43 virtue
865 1458 45 44 of
941 1460 112 45 know-

170 1522 67 53 ing
269 1519 52 44 all
355 1519 121 44 about
507 1520 68 43 the
616 1519 190 50 Theatre,
841 1519 61 44 for
948 1520 52 44 he
1050 1523 31 41 is

170 1598 53 25 no
254 1580 129 43 better
414 1598 24 25 a
459 1579 192 45 dramatic
683 1592 93 43 poet
809 1579 62 44 for
902 1580 60 44 his
983 1581 98 44 little

169 1652 106 43 stage
306 1640 183 44 theories.
543 1640 32 44 If
605 1640 51 44 he
688 1639 93 57 only
811 1640 119 44 could
963 1640 116 56 laugh

167 1700 165 57 heartily
364 1712 38 31 at
434 1700 158 44 himself
632 1700 119 45 when
798 1701 52 44 he
898 1701 70 43 has
1009 1714 70 43 put

167 1761 103 43 forth
302 1778 109 26 some
441 1761 198 55 trifling....
676 1761 98 58 (and
806 1761 111 43 often
950 1763 109 43 incor-

166 1830 167 47 rect)....
366 1832 205 33 statement
603 1821 120 44 about
755 1822 68 44 the
860 1821 219 57 playhouse

165 1882 80 43 and
288 1884 47 42 its
367 1881 158 55 people.
586 1882 78 44 His
696 1900 139 37 power
865 1900 96 26 over
994 1900 56 26 ma-

165 1941 100 55 gical
296 1941 132 46 words
475 1959 52 27 no
557 1960 77 26 one
671 1961 74 26 can
793 1942 51 44 be
892 1943 98 45 slow
1037 1955 42 32 to

164 2002 299 55 acknowledge.

225 2063 101 44 This
357 2074 95 44 poet
501 2061 70 45 has
623 2062 170 45 suffered
840 2063 40 43 in
931 2063 146 54 having

164 2122 103 44 been
299 2123 100 43 born
430 2125 41 41 in
505 2140 23 25 a
559 2134 163 45 century
753 2122 121 45 when
906 2142 63 26 we
994 2124 81 44 had

162 2201 54 25 no
247 2184 176 43 Theatre
470 2195 40 32 to
541 2195 70 43 put
643 2195 46 32 at
738 2183 68 44 the
854 2186 148 42 service
1034 2185 43 43 of

162 2244 67 44 the
261 2255 125 45 poets.

162 2380 435 45 MELLONEY
647 2380 425 46 HOLTSPUR

160 2441 54 52 by
248 2440 125 52 John
426 2441 274 52 Masefield
747 2441 320 59 (Heinemann),

168 2502 148 44 1922.
351 2502 70 43 6/-

383 2547 6 13 i

160 2606 172 100 THE
362 2606 167 45 obvious
576 2606 216 57 happened
825 2618 42 33 to
898 2608 75 44 this
995 2608 76 45 fine

247 2667 106 57 play.
416 2668 30 44 It
479 2686 81 26 was
595 2679 70 44 put
696 2685 53 26 on
780 2679 43 33 to
860 2668 68 44 the
964 2680 106 44 stage

159 2730 41 42 in
232 2747 24 25 a
287 2746 164 26 manner
483 2729 133 44 which
649 2728 120 44 made
802 2730 29 42 it
863 2747 207 40 necessary

158 2801 42 32 to
231 2789 91 43 take
353 2790 29 42 it
414 2789 54 43 off
499 2791 127 53 again.

218 2850 102 44 This
351 2851 41 42 in
432 2867 53 26 no
533 2868 90 38 way
671 2867 143 38 proves
860 2850 84 43 that
976 2852 29 41 it
1037 2852 31 42 is

157 2922 68 32 not
258 2910 203 44 dramatic.
526 2910 68 44 To
640 2909 201 57 hurriedly
881 2911 100 54 push
1013 2928 54 26 on

155 2982 42 33 to
227 2971 68 44 the
326 2982 106 44 stage
465 2989 23 25 a
519 2970 120 44 noble
676 2970 81 44 and
789 2970 161 45 difficult
973 2971 94 56 play

155 3032 167 44 without
355 3032 68 43 the
456 3042 99 33 most
588 3031 204 54 searching
814 3034 253 54 preparation

153 3092 61 43 for
245 3093 30 43 it
305 3094 33 42 is
369 3094 167 53 treating
566 3093 29 42 it
627 3109 129 26 worse
779 3091 94 45 than
896 3091 171 56 refusing

152 3163 41 33 to
225 3153 177 55 produce
433 3154 28 42 it
494 3164 39 32 at
567 3152 65 46 all.

213 3213 113 45 How
363 3213 105 44 clear
499 3215 29 41 it
574 3212 186 45 becomes
806 3214 98 44 with
947 3232 120 39 every

152 3274 93 44 such
298 3274 98 43 false
448 3275 245 54 experiment
746 3274 83 44 that
882 3275 110 44 there
1034 3277 32 41 is

150 3335 166 43 another
348 3352 92 39 way
471 3347 41 31 to
559 3334 114 55 bring
705 3335 95 44 such
838 3335 112 56 plays
983 3335 82 44 and

149 3395 95 44 such
277 3394 192 44 dramatic
515 3406 113 44 poets
660 3396 84 42 into
775 3413 72 26 our
874 3396 191 45 Theatre.

216 3464 10 15 4
247 3456 127 43 What
408 3473 91 39 way
515 3460 21 39 ?
559 3456 10 13 '
602 3473 80 38 you
714 3455 83 45 ask.

209 3517 78 43 But
319 3534 79 38 you
431 3516 120 43 know
582 3515 139 44 before
751 3534 79 38 you
863 3515 68 44 ask
962 3519 42 42 it.

208 3575 247 45 Masefield's
520 3584 11 15 4
553 3577 183 55 Pompey
759 3576 11 15 '
812 3579 32 41 is
894 3595 25 25 a
971 3577 94 55 play

148 3638 131 44 worth
312 3639 156 53 putting
515 3654 53 26 on
617 3649 39 31 at
705 3638 95 43 least
842 3637 136 44 fifteen
1024 3649 43 32 to

146 3709 152 45 twenty
329 3697 128 55 nights
495 3698 98 44 each
640 3715 123 40 year:
814 3699 95 55 why
956 3700 32 42 is
1037 3700 28 42 it

148 3770 67 33 not
249 3758 108 43 done
373 3763 20 38 ?

207 3819 102 49 Still,
344 3818 53 44 let
428 3836 45 26 us
520 3836 99 40 pray
650 3819 83 44 that
774 3836 54 26 no
874 3836 79 26 one
994 3829 71 45 put

147 3881 28 42 it
207 3898 52 25 on
291 3879 31 44 if
352 3879 68 44 the
453 3892 156 42 present
643 3898 91 38 way
764 3879 44 44 of
839 3881 153 54 putting
1012 3897 53 26 on

146 3940 77 43 fine
254 3939 112 57 plays
397 3942 42 41 in
471 3940 176 44 London
679 3942 31 42 is
741 3952 42 32 to
815 3942 151 42 remain
997 3940 68 43 the

146 4001 205 44 standard.

207 4062 103 44 First
358 4060 52 45 let
442 4078 73 27 our
546 4060 191 45 standard
770 4060 51 44 be
843 4060 129 45 raised
990 4080 11 31 ;

144 4121 83 45 that
259 4139 136 27 means
427 4121 139 45 untold
614 4121 329 47 labour:after
979 4122 84 43 that

146 4191 11 16 4
175 4182 185 58 Pompey
381 4182 13 15 *
426 4182 82 45 and
540 4182 68 44 the
640 4194 89 33 rest.

1145 185 292 46 PHOENIX
1448 187 52 54 by
1517 186 206 45 Lascelles
1754 187 296 45 Ahercrombie.

1145 247 180 58 (Benn.)

1143 364 30 99 I
1208 364 79 45 feel
1317 365 120 45 about
1471 367 76 43 this
1578 365 94 58 play
1703 366 56 44 as*
1778 367 14 43 I
1825 365 68 46 felt
1926 366 122 45 about

1210 426 112 44 'The
1344 426 224 50 Deserter*,
1590 428 83 43 that
1705 428 97 43 with
1825 428 70 43 Mr
1914 428 108 43 Aber-

1139 486 175 44 crombie
1345 504 63 27 we
1440 488 102 44 have
1564 505 23 25 a
1609 505 92 26 man
1723 487 97 45 with
1842 498 67 33 too
1930 488 116 44 much

1137 545 165 58 ability:
1354 546 52 44 he
1451 549 32 42 is
1533 558 69 33 too
1655 546 104 56 good
1807 559 39 32 at
1899 550 43 43 it.
2004 548 42 43 In

1139 614 11 16 4
1173 605 212 46 Phoenix'
1416 607 52 44 he
1499 619 119 32 treats
1664 607 189 56 seriously
1891 607 80 44 and
2004 610 41 42 in

1136 684 111 27 verse
1277 666 44 45 of
1352 685 24 25 a
1407 668 119 43 noble
1558 668 157 56 rhythm
1736 686 25 25 a
1781 668 110 55 thing
1912 668 132 45 which

1135 727 142 44 should
1309 727 104 45 have
1444 727 103 45 been
1595 728 179 44 handled
1807 747 42 25 as
1881 748 23 24 a
1937 729 107 44 farce

1134 788 81 43 and
1248 790 40 41 in
1323 805 24 25 a
1378 791 159 52 jog-trot
1569 789 312 56 rhythmneat
1905 790 120 43 distin-

1133 849 164 54 guished
1330 849 220 56 jog-trot....

1192 910 104 45 And
1328 910 76 44 this
1434 912 33 42 is
1496 911 68 43 the
1596 910 167 45 obvious
1785 911 153 43 remark
1959 911 84 44 that

1131 970 68 44 the
1231 983 93 43 poet
1359 971 136 44 would
1527 971 102 45 have
1651 971 118 43 made
1792 981 40 33 to
1851 972 60 42 his
1933 989 110 27 muse

1131 1030 81 44 had
1235 1032 66 43 the
1324 1033 85 54 pair
1425 1031 103 44 been
1549 1033 41 42 in
1612 1030 81 44 and
1710 1042 67 33 out
1795 1031 42 44 of
1851 1032 68 43 the
1936 1050 107 26 same

1130 1091 151 44 theatre
1317 1091 99 57 (and
1448 1103 38 33 at
1519 1092 114 45 work
1665 1092 38 42 in
1736 1093 47 56 it)
1819 1092 61 44 for
1902 1110 24 26 a
1946 1111 71 26 cou-

1131 1152 66 55 ple
1227 1152 45 44 of
1301 1170 128 37 years.

1188 1212 43 44 In
1264 1221 11 16 4
1298 1212 94 44 The
1423 1213 190 43 Deserter
1630 1212 11 13 *
1673 1212 53 44 he
1773 1214 115 53 again
1920 1212 119 46 made

1129 1289 52 27 an
1212 1272 166 45 obvious
1410 1291 118 31 error,
1577 1272 122 57 easily
1747 1272 207 45 remedied
1986 1273 54 56 by

1129 1332 160 55 looking
1320 1333 67 43 the
1433 1333 169 44 obvious
1634 1334 42 42 in
1708 1333 68 44 the
1808 1352 88 38 eye.
1959 1333 78 44 His

1129 1404 183 44 peasants
1343 1392 134 45 talked
1520 1393 67 44 the
1619 1395 270 53 rustic-poetic
1920 1395 95 44 with-

1128 1465 67 32 out
1218 1454 155 54 ceasing
1391 1473 11 31 ;
1435 1453 266 45 over-loaded
1733 1454 161 55 phrases
1925 1472 112 27 came

1128 1525 67 32 out
1232 1514 80 44 like
1357 1513 173 45 thunder
1561 1516 40 41 in
1648 1514 130 55 June;
1827 1533 54 25 no
1928 1515 109 55 plain

1128 1574 158 55 speech,
1340 1592 53 26 no
1440 1577 222 52 suggestion
1709 1574 43 44 of
1792 1574 84 45 that
1916 1577 121 53 tragic

1127 1634 231 45 semi-silent
1381 1653 91 39 way
1502 1635 44 44 of
1569 1636 65 43 the
1657 1634 163 55 English
1843 1647 193 44 peasant;

1127 1694 51 44 all
1210 1713 41 25 as
1284 1695 159 44 voluble
1475 1714 42 25 as
1548 1696 148 54 though
1728 1697 41 41 in
1801 1694 168 46 Ireland.

1185 1755 68 44 To
1284 1755 51 44 be
1368 1755 90 44 able
1488 1768 42 31 to
1561 1759 113 42 write
1706 1755 94 44 such
1822 1755 112 58 plays
1956 1756 80 44 and

1125 1828 65 44 yet
1223 1828 68 31 not
1324 1828 42 32 to
1397 1815 51 45 be
1480 1816 90 44 able
1602 1828 41 32 to
1676 1815 113 55 glean
1820 1816 69 44 the
1910 1818 60 43 six
1990 1834 45 26 or

1126 1894 120 27 seven
1278 1875 166 46 obvious
1464 1877 124 44 truths
1610 1894 204 39 necessary
1835 1877 61 44 for
1917 1895 119 38 every

1126 1936 202 44 dramatist
1374 1948 41 32 to
1445 1936 121 51 learn,
1615 1938 32 42 is
1678 1937 68 43 the
1793 1939 84 55 pity
1916 1937 44 44 of
1990 1938 42 43 it.

1124 1996 103 46 And
1258 1997 83 44 that
1374 1999 31 42 is
1436 2009 69 33 not
1536 1997 68 45 the
1637 1996 136 46 Poet's
1805 1997 112 45 fault.

1125 2133 258 45 MISTER
1444 2133 379 45 BOSHERUS
1887 2134 150 44 AND

1130 2194 125 45 THE
1313 2194 211 45 MUSES
1571 2196 53 52 by
1677 2195 109 44 Ford
1843 2194 193 45 Maddox

1122 2255 173 53 Hueffer
1347 2256 92 42 with
1493 2256 268 43 Decorations
1807 2255 53 54 by
1921 2256 114 44 Paul

1121 2315 137 45 Nash.
1314 2316 267 57 (Duckworth
1615 2316 44 43 &
1693 2316 94 58 Co.)
1829 2316 94 57 15/-
1953 2326 79 36 net.

1122 2421 206 101 HOW
1361 2422 14 44 I
1406 2423 99 44 wish
1536 2422 84 45 that
1652 2422 16 44 I
1698 2422 82 44 had
1813 2441 23 24 a
1866 2423 164 45 theatre.

1253 2483 83 45 Not
1369 2495 42 32 to
1457 2495 151 43 suggest
1655 2495 43 32 to
1745 2482 71 44 Mr
1863 2483 169 44 Hueffer

1117 2544 84 44 that
1234 2543 59 44 his
1340 2543 226 57 Bospherus
1613 2542 137 47 would
1798 2543 51 44 be
1891 2556 39 31 at
1979 2544 53 43 all

1117 2604 172 56 possible
1336 2619 54 29 on
1422 2622 66 38 my
1540 2604 146 44 boards
1693 2604 139 44 that
1881 2605 149 44 sounds

1116 2666 90 50 fine,
1241 2674 27 17 44
1287 2683 67 38 my
1384 2664 145 45 boards
1576 2665 131 44 but
1738 2664 124 57 solely
1891 2677 43 32 to
1964 2684 66 26 see

1117 2726 179 45 whether
1342 2743 45 26 or
1420 2743 52 26 no
1518 2726 15 43 I
1564 2725 120 45 could
1716 2727 122 51 make
1879 2728 28 42 it
1939 2744 69 38 pos-

1115 2786 112 45 sible.
1274 2786 115 57 Why
1420 2797 68 32 not
1505 2790 20 40 ?
1555 2786 70 44 but
1657 2786 15 44 I
1710 2786 127 44 dread
1870 2786 85 50 lest,
1989 2789 40 42 in

1115 2848 137 54 asking
1283 2846 88 51 this,
1404 2865 110 25 some
1557 2865 61 26 ass
1649 2847 96 45 who
1776 2848 71 43 has
1879 2848 148 43 boards

1114 2908 82 44 will
1228 2908 51 43 be
1311 2926 24 24 a
1366 2907 86 56 silly
1484 2926 73 32 ass,
1606 2907 97 51 and,
1736 2909 145 54 puffing
1927 2909 76 43 him-

1114 2968 74 45 self
1218 2980 68 32 out
1319 2968 57 43 till
1407 2969 51 43 he
1489 2968 112 45 swell
1631 2980 41 33 to
1695 2969 71 44 Mr
1787 2968 240 56 Bospherus'

1114 3046 188 33 measure,
1325 3029 31 57 (I
1374 3046 115 26 mean
1509 3047 50 25 no
1576 3029 188 45 rudeness
1787 3030 47 43 F.
1857 3029 65 45 M.
1945 3030 78 54 H.)

1114 3090 82 45 will
1227 3090 103 43 blurt
1361 3100 68 33 out
1458 3107 54 26 on
1543 3090 61 43 his
1635 3089 214 45 damnable
1881 3090 146 45 boards

1112 3152 76 43 this
1240 3149 194 46 excellent
1484 3150 112 55 thing
1645 3150 45 44 of
1742 3149 138 46 shreds
1942 3151 82 45 and

1113 3211 177 56 patches.

1173 3272 207 56 Anyhow,
1404 3271 129 45 here's
1550 3271 91 45 luck
1662 3282 43 34 to
1726 3272 146 44 Sussex
1896 3271 127 51 1892,

1113 3332 81 45 and
1248 3350 109 27 more
1409 3344 41 32 to
1502 3332 207 45 Tarascon
1768 3333 125 49 1923,
1943 3333 81 44 and

1114 3405 99 33 most
1246 3405 42 32 to
1319 3393 214 57 anywhere
1565 3393 80 44 else
1677 3395 41 42 in
1758 3393 126 45 1924.

1174 3453 70 45 Mr
1275 3453 114 45 Nash
1420 3455 32 42 is
1484 3472 23 25 a
1538 3453 77 45 fine
1664 3453 248 45 woodcutter
1943 3453 82 44 and

1114 3533 121 26 never
1266 3515 93 56 slips
1380 3526 142 44 except
1554 3514 120 45 when
1705 3514 51 44 he
1777 3513 90 45 isn't
1890 3515 114 56 enjoy-

1114 3578 66 53 ing
1211 3575 60 44 his
1292 3575 127 45 work.
1474 3568 79 50 His
1575 3576 163 54 portrait
1759 3574 45 45 of
1825 3574 70 45 Mr
1917 3575 81 45 Ben-

1114 3648 83 32 nett
1228 3638 133 53 eating
1390 3636 61 43 his
1482 3635 120 44 lunch
1634 3653 54 26 on
1719 3653 24 26 a
1774 3634 131 45 bench
1936 3647 67 32 out-

1113 3697 86 43 side
1230 3697 68 44 the
1330 3696 145 45 British
1508 3696 190 44 Museum
1740 3697 33 42 is
1803 3695 223 56 something

1113 3775 120 39 every
1283 3756 172 45 admirer
1486 3756 43 43 of
1581 3756 83 45 Mr.
1718 3756 172 45 Bennett
1943 3756 83 45 will

1112 3819 141 43 collect
1300 3817 82 44 and
1422 3829 186 33 treasure.
1672 3817 79 44 His
1783 3819 163 54 portrait
1980 3817 45 45 of

1112 3878 194 45 Haldane
1328 3877 170 46 Macfall
1518 3879 42 42 in
1576 3877 280 45 Westminster
1872 3877 153 56 Abbey

1112 3941 31 42 is
1174 3939 129 44 better
1334 3939 96 43 than
1462 3956 25 25 a
1518 3940 163 53 portrait
1712 3938 45 44 of
1778 3937 171 45 Macfall
1971 3938 54 56 by

1112 4001 130 44 Lovat
1261 4000 140 44 Fraser
1422 3999 132 44 which
1576 3998 16 44 I
1613 4017 165 37 possess.
1811 3999 213 56 Everyone

1111 4061 94 44 who
1241 4078 109 26 cares
1397 4059 61 44 for
1500 4060 209 44 woodcuts
1754 4059 143 45 should
1943 4059 82 57 buy

1110 4121 77 44 this
1218 4120 120 45 book.

1171 4181 94 46 The
1298 4182 163 56 portrait
1493 4180 43 44 of
1568 4180 133 47 Maud
1732 4180 127 45 Allen
1880 4198 54 26 on
1955 4180 68 45 the

2097 203 118 28 cover
2248 189 31 42 is
2311 188 144 58 lovely.
2518 190 70 44 Mr
2624 191 111 45 Nash
2784 192 69 44 has
2885 212 24 25 a
2940 212 44 37 ge-

2097 249 87 41 nius
2215 247 61 45 for
2307 251 233 53 portraiture
2558 270 11 31 ;
2602 251 81 45 and
2714 252 82 44 that
2829 271 52 26 on
2904 273 100 37 page

2097 308 55 42 35
2187 310 31 41 is
2250 320 67 32 not
2364 310 68 43 the
2472 310 95 45 least
2614 315 203 42 attractive
2863 314 43 43 of
2936 315 67 43 the

2095 369 117 42 series
2231 386 9 26 :
2247 369 126 44 but
2404 370 16 43 I
2452 370 82 45 will
2584 371 113 45 leave
2744 374 68 43 the
2848 376 155 43 curious

2095 438 41 33 to
2166 445 111 39 guess
2309 430 92 44 who
2432 431 70 44 she
2533 433 45 44 is.

2093 563 264 46 SUCCESS
2391 567 52 53 by
2474 567 61 46 A.
2573 568 68 46 A:
2655 569 148 45 Milne.
2830 570 169 60 (Chatto

2094 624 44 43 &
2178 625 207 59 Windus).
2418 629 159 56 51-net.

2090 729 104 100 A
2227 744 90 32 neat
2351 733 129 57 nicely
2525 735 159 55 printed
2733 736 97 43 little
2877 736 119 52 book,

2224 792 82 44 and
2339 811 24 25 a
2393 793 189 45 readable
2623 795 95 57 play
2749 797 131 44 which
2928 798 70 44 has

2089 851 208 57 obviously
2327 854 164 55 pleased
2526 855 216 48 thousands
2772 857 44 43 of
2837 858 162 55 people.

2090 912 29 43 It
2151 912 116 44 offers
2298 926 129 44 pretty
2450 915 200 56 examples
2678 916 45 44 of
2742 917 67 43 the
2831 918 167 44 modern

2087 983 94 44 type
2213 985 106 43 stage
2351 974 208 47 direction.
2621 976 275 57 Shakespeare
2918 997 78 26 one

2090 1032 96 44 feels
2233 1034 119 55 ought
2385 1047 42 31 to
2473 1036 103 44 have
2622 1035 81 45 had
2745 1037 67 45 the
2845 1040 150 44 notion.

2088 1092 14 44 I
2133 1093 133 45 allude
2297 1106 41 32 to
2369 1095 76 44 this
2477 1096 97 44 kind
2592 1115 10 26 :

2147 1153 124 54 Lady
2297 1154 105 52 Jane
2404 1189 11 11 .
2479 1157 106 44 Dick
2602 1161 63 41 ?...
2698 1158 84 51 Oh,
2817 1176 67 39 my
2904 1159 68 45 hus-

2086 1211 123 53 band,
2241 1221 98 49 yes!
2388 1216 62 43 Of
2500 1224 167 39 course!
2725 1219 85 57 (she
2861 1223 135 41 smiles

2084 1275 236 53 pleasantly
2352 1284 44 36 at
2425 1277 98 45 him.
2585 1279 127 50 After
2758 1280 72 47 all,
2863 1281 50 43 he
2961 1287 33 37 is

2086 1342 124 48 going
2240 1343 38 36 to
2310 1336 53 44 do
2396 1338 64 43 the
2508 1338 174 55 gardens
2713 1346 45 36 at
2802 1339 191 54 Drayton

2077 1395 73 51 for
2179 1397 180 54 nothing,
2408 1397 87 43 and
2522 1399 66 59 [he
2620 1416 94 36 may
2759 1415 98 29 even
2889 1402 46 42 be
2968 1420 26 24 a

2086 1459 270 56 constituent).

2144 1516 101 44 This
2292 1519 32 42 is
2355 1536 53 26 on
2455 1536 101 38 page
2597 1520 49 43 12
2667 1538 9 26 :
2710 1520 81 44 and
2838 1538 54 26 on
2924 1539 47 38 pa-

2084 1594 66 37 ges
2182 1578 56 43 35
2271 1578 82 44 and
2386 1578 58 45 94
2478 1597 62 26 we
2572 1579 104 44 have
2716 1581 113 44 other
2862 1581 107 44 excel-

2084 1637 80 43 lent
2186 1639 214 55 examples.
2464 1639 91 44 The
2577 1639 71 45 last
2670 1642 32 42 is
2723 1659 101 25 even
2843 1653 151 45 twenty

2083 1697 76 44 five
2191 1697 111 46 lines.
2364 1699 30 44 It
2438 1698 200 46 describes
2685 1701 107 44 what
2825 1703 32 42 is
2904 1720 67 37 pas-

2083 1759 85 53 sing
2197 1759 42 43 in
2271 1759 67 44 the
2370 1759 111 45 mind
2503 1760 44 43 of
2568 1760 67 44 the
2657 1761 193 56 principal
2873 1762 119 55 figure

2084 1819 40 42 in
2157 1818 68 44 the
2257 1819 106 57 play.

2143 1879 107 44 Now
2281 1880 32 43 if
2344 1880 273 56 Shakespeare
2662 1880 82 46 had
2777 1881 107 45 done
2916 1882 75 44 this

2083 1949 38 32 at
2153 1939 67 43 the
2253 1940 80 43 end
2379 1940 44 43 of
2453 1942 84 42 Act
2567 1941 30 44 II
2629 1941 43 44 of
2719 1941 166 45 Hamlet
2927 1959 64 28 we

2084 1999 143 44 should
2258 2000 103 44 have
2392 2000 82 44 had
2506 2020 23 24 a
2561 2002 144 56 superb
2736 2013 106 45 stage
2864 2002 107 44 direc-

2083 2060 97 44 tion.
2244 2060 312 57 Unfortunately
2586 2062 52 44 he
2674 2062 118 44 made
2825 2063 165 44 Hamlet

2083 2120 121 55 speak
2227 2120 59 44 his
2307 2121 184 55 thoughts
2523 2121 134 52 aloud,
2692 2122 88 45 thus
2811 2123 178 57 clumsily

2083 2179 135 56 letting
2250 2199 45 26 us
2325 2183 84 42 into
2456 2182 68 44 the
2556 2194 137 33 secret.
2757 2183 70 44 Mr
2859 2183 131 45 Milne

2080 2240 44 44 of
2154 2259 137 26 course
2323 2242 69 44 has
2425 2254 69 32 not
2535 2260 44 26 so
2611 2261 118 37 many
2775 2255 142 33 secrets
2950 2256 41 32 to

2081 2300 52 44 let
2165 2314 83 38 out,
2282 2302 69 44 but
2399 2304 28 42 it
2459 2304 32 42 is
2523 2321 24 25 a
2578 2303 93 57 play
2719 2303 70 44 full
2820 2304 44 43 of
2895 2322 94 39 very

2079 2373 131 45 pretty
2242 2364 198 54 surprises,
2476 2363 81 44 and
2590 2364 31 43 if
2652 2382 78 38 you
2752 2382 67 25 are
2841 2364 148 57 always

2079 2423 41 42 in
2153 2422 177 45 London
2363 2423 80 44 and
2476 2423 106 44 can't
2625 2435 62 43 get
2720 2441 116 40 away
2866 2424 123 57 you'll

2078 2500 67 24 see
2176 2482 68 44 the
2276 2483 133 45 whole
2462 2483 128 46 world
2622 2486 42 42 in
2712 2492 26 17 44
2759 2485 166 44 Success

2077 2619 259 46 HASSAN
2368 2621 53 53 by
2462 2620 136 52 James
2629 2621 127 54 Elroy
2806 2622 183 52 Flecker.

2079 2681 279 58 (Heinemann
2363 2681 32 58 ).
2433 2683 92 56 6/-.

2076 2786 101 100 A
2209 2787 98 56 play
2337 2787 133 44 which
2504 2788 31 42 is
2556 2787 104 44 clear
2683 2787 101 44 from
2806 2787 67 45 the
2894 2787 92 46 first.

2206 2847 104 45 And
2333 2847 63 44 it's
2417 2847 119 44 made
2568 2865 55 38 up
2645 2848 78 43 like
2745 2866 51 25 an
2817 2859 108 33 actor
2942 2851 43 48 is,

2074 2926 45 26 or
2151 2908 79 44 like
2271 2926 24 25 a
2326 2907 99 45 cake
2458 2910 31 41 is
2521 2908 119 43 made
2664 2927 10 32 ;
2707 2908 93 45 well
2836 2909 148 50 mixed,

2074 2968 94 45 well
2209 2968 178 56 sugared,
2433 2969 102 55 pack
2567 2968 72 44 full
2669 2968 44 45 of
2745 2968 129 56 plums
2906 2969 80 43 and

2074 3031 122 53 spice.
2258 3029 127 54 Quite
2416 3028 52 45 all
2500 3029 99 55 right
2647 3028 81 45 and
2780 3029 128 45 useful
2945 3048 41 25 as

2073 3109 24 25 a
2128 3090 104 55 good
2263 3090 127 45 show.

2133 3151 14 43 1
2177 3150 97 44 read
2305 3152 28 42 it
2366 3149 97 46 with
2495 3161 82 33 two
2608 3149 127 45 better
2767 3151 124 55 plays,
2914 3150 70 44 but

2072 3211 15 44 I
2117 3211 110 44 liked
2250 3211 76 44 this
2356 3210 101 45 best.
2489 3210 121 45 Then
2640 3212 29 43 it
2692 3211 71 44 has
2785 3211 67 43 the
2873 3211 114 44 usual

2072 3272 194 44 bedroom
2315 3289 118 26 scene
2464 3271 43 44 of
2559 3271 70 44 the
2661 3271 98 45 wild
2812 3283 171 33 western

2072 3332 142 50 world,
2269 3332 83 44 and
2403 3331 113 45 there
2568 3349 68 26 are
2688 3331 223 44 references
2941 3344 43 32 to

2072 3395 142 54 magic.
2276 3393 16 44 I
2324 3410 83 28 was
2439 3392 91 44 able
2577 3403 43 32 to
2652 3404 90 44 stop
2773 3392 82 44 and
2888 3392 95 56 light

2072 3472 24 25 a
2127 3455 95 54 pipe
2254 3471 42 26 as
2327 3453 15 44 I
2372 3452 111 45 read.
2546 3452 143 45 That's
2724 3453 68 44 the
2822 3452 86 45 best
2940 3453 44 43 of

2072 3516 73 43 it...
2179 3532 53 26 no
2279 3514 299 44 concentration
2610 3514 33 43 is
2674 3512 185 56 required
2878 3532 11 32 ;
2921 3513 63 43 it's

2072 3575 52 44 all
2156 3592 42 27 as
2244 3592 93 39 easy
2385 3573 178 55 reading,
2614 3591 43 26 as
2695 3574 68 43 the
2796 3582 28 16 44
2846 3575 137 42 Secret

2072 3634 93 45 Life
2248 3634 53 58 by
2323 3634 149 45 Barker
2493 3636 32 42 is
2546 3634 100 43 hard
2669 3634 176 55 reading.
2899 3634 30 44 It
2952 3636 33 42 is

2070 3697 129 43 comic
2241 3695 81 44 and
2355 3697 29 42 it
2417 3697 31 42 is
2479 3694 186 56 thrilling,
2699 3695 69 44 but
2801 3696 67 42 the
2900 3706 82 33 two

2072 3756 128 56 things
2232 3756 93 45 well
2357 3754 134 46 mixed
2511 3773 11 32 ;
2554 3755 71 44 but
2669 3754 120 45 when
2831 3755 152 44 Ghosts

2070 3817 119 55 begin
2220 3829 43 31 to
2294 3835 114 26 come
2439 3834 55 25 on
2525 3827 38 32 at
2595 3816 68 43 the
2684 3815 81 44 end
2787 3815 15 44 I
2824 3827 106 32 want
2951 3817 29 42 it

2071 3878 53 44 all
2148 3878 145 43 turned
2314 3879 84 42 into
2420 3895 23 25 a
2464 3876 120 44 ballet
2607 3894 123 38 opera
2749 3895 10 30 ;
2782 3875 80 44 and
2885 3876 95 44 then

2071 3939 15 44 I
2117 3949 108 33 want
2247 3938 68 44 the
2347 3939 130 53 ghosts
2507 3948 64 33 cut
2604 3948 96 39 out;
2739 3936 69 44 but
2839 3936 96 44 then
2968 3936 14 44 I

2071 4010 108 33 want
2211 3998 68 44 the
2311 3999 132 54 ghosts
2479 4009 42 32 to
2553 4008 62 44 get
2665 3996 101 44 back
2799 3998 84 42 into
2912 3996 69 44 the

2070 4059 142 44 bodies
2244 4059 44 44 of
2324 4059 68 44 the
2424 4070 83 33 two
2554 4057 222 44 massacred
2823 4057 156 50 lovers;

2070 4120 70 44 but
2173 4120 96 44 then
2300 4119 17 44 I
2347 4130 108 35 want
2487 4118 68 45 the
2576 4117 133 46 whole
2730 4118 111 55 thing
2860 4118 98 43 chan-

2070 4180 92 56 ged.
2225 4180 58 55 Q,
2316 4180 50 45 E.
2400 4180 56 45 D.
2504 4179 132 45 which
2676 4180 31 43 is
2739 4177 240 57 impossible,
