3111 4450
218 79 59 47 78

215 168 101 96 A
448 166 589 98 PLEA
1167 166 427 98 FOR

217 300 676 99 BREAKING
1002 300 272 99 THE
1367 300 227 99 ICE.

395 441 142 64 BY
613 442 97 61 C.
793 441 105 64 G.
976 441 442 64 SMITH.

218 625 155 128 TO
414 619 156 72 begin
608 617 126 59 with
773 617 92 59 Mr
904 617 284 74 Walkley:
1215 650 69 7 —

330 694 133 58 And
492 694 176 57 before
694 694 105 57 him
825 694 78 57 for
928 719 31 32 a
984 708 226 43 moment
1213 692 271 77 —myself.

334 770 18 56 I
392 794 109 33 was
542 793 132 33 once
734 770 170 71 acting
961 769 196 76 nightly
1214 771 52 55 in
1305 794 31 32 a
1375 767 226 60 London

222 845 245 58 Theatre.
550 845 19 57 I
608 868 132 42 rose,
802 844 233 66 dressed,
1097 844 208 59 walked
1361 845 104 57 and
1506 859 93 52 sat,

217 920 164 58 dined
424 918 103 59 and
586 920 213 73 thought
852 920 101 57 and
1012 918 90 59 felt
1161 918 100 59 like
1319 943 66 33 an
1442 934 157 43 actor.

219 996 121 57 The
382 1019 185 49 square
608 995 51 57 of
698 996 87 56 the
824 1009 143 61 stage
1008 1009 76 43 set
1122 995 126 58 with
1288 997 173 55 scenic
1489 997 83 70 pic-

221 1086 134 42 tures
382 1070 70 73 by
480 1068 203 59 Hawes
711 1071 204 56 Craven
943 1092 108 35 was
1079 1084 52 41 to
1166 1094 83 33 me
1289 1094 84 48 my
1398 1068 164 59 world
1587 1094 12 33 :

221 1145 355 72 Shakespeare
616 1143 103 59 and
759 1145 144 57 other
942 1158 219 44 creators
1201 1145 53 57 of
1281 1143 85 59 the
1393 1145 179 57 charac-

219 1237 99 42 ters
359 1221 19 57 I
419 1214 103 63 had
561 1233 52 42 to
654 1219 218 74 perform
914 1218 18 57 1
974 1218 187 59 looked
1188 1244 68 33 on
1282 1244 56 33 as
1365 1244 58 33 so
1449 1218 155 59 much

218 1294 243 68 material,
501 1294 66 59 all
626 1310 52 43 to
719 1294 67 59 be
826 1294 163 59 useful
1030 1310 50 42 to
1120 1319 84 33 me
1242 1320 56 33 as
1337 1308 156 45 actor.

336 1372 115 57 Out
490 1371 53 57 of
583 1369 96 59 this
720 1372 195 74 egoism
956 1371 19 57 I
1014 1369 260 77 managed
1312 1383 52 45 to
1398 1395 206 49 emerge

221 1446 141 58 later.
444 1446 98 57 But
599 1444 97 59 this
735 1448 42 55 is
835 1444 122 59 how
998 1446 19 55 I
1064 1444 104 69 felt,
1230 1444 212 76 thought
1500 1444 102 57 and

221 1546 109 34 saw
393 1545 55 33 as
487 1545 66 33 an
611 1534 175 44 actor:
846 1519 104 59 and
1009 1519 144 57 other
1197 1534 165 44 actors
1369 1519 236 59 —better

219 1612 166 43 actors
391 1620 218 34 —were
649 1595 86 58 the
776 1620 138 33 same
955 1597 52 56 in
1045 1595 116 58 this.

334 1673 181 74 Irving,
559 1672 19 55 I
616 1672 303 66 remember,
948 1670 177 59 would
1155 1670 149 59 listen
1329 1686 52 41 to
1408 1673 193 65 music;

223 1747 68 58 he
327 1747 179 58 would
546 1745 140 59 often
726 1745 89 57 ask
853 1745 83 57 for
993 1749 39 53 it
1088 1760 51 44 to
1192 1745 70 57 be
1314 1745 249 74 repeated
1592 1772 12 39 ;

223 1821 106 60 and
369 1823 139 68 then,
613 1820 182 59 would
838 1821 69 58 do
945 1820 287 74 admirably
1270 1820 76 59 for
1384 1821 86 58 the
1510 1821 95 58 last

223 1922 159 33 scene
420 1900 53 56 in
515 1900 12 20 '
557 1896 137 58 Lear
818 1920 12 34 :
872 1920 57 32 or
967 1896 38 58 if
1061 1897 66 57 he
1173 1919 111 35 saw
1336 1920 32 32 a
1407 1898 197 71 picture

223 1975 52 55 in
302 1997 142 33 some
472 1970 207 76 gallery,
767 1970 141 75 good
936 1994 160 51 group
1121 1970 76 58 for
1223 1970 86 58 the
1332 1970 242 58 dethrone-

223 2063 139 43 ment
400 2046 53 59 of
491 2046 231 59 Richard
773 2046 42 56 II
904 2072 13 40 ;
971 2070 55 33 or
1074 2046 38 57 if
1162 2061 52 42 at
1263 2072 32 31 a
1352 2070 249 42 museum,

291 2125 157 71 Copy
486 2121 97 57 this
623 2121 196 76 dagger
856 2121 78 59 for
973 2147 100 40 me,
1115 2121 106 57 will
1261 2145 118 50 you,
1409 2122 197 58 Arnott

222 2199 155 57 —for
416 2197 235 58 Richard
693 2199 41 56 II

336 2272 135 59 And
512 2272 156 59 when
708 2272 18 57 1
767 2271 127 57 read
934 2271 86 58 the
1058 2272 198 57 notices
1295 2274 52 55 in
1387 2272 85 57 the
1512 2296 62 49 pa-

225 2374 115 48 pers
381 2348 53 58 of
471 2371 30 33 a
538 2348 355 73 performance
931 2371 86 50 my
1069 2346 189 60 betters
1308 2347 104 59 had
1455 2350 151 73 given

225 2440 52 42 at
313 2423 87 59 the
442 2422 235 74 Lyceum
716 2422 229 59 Theatre
987 2422 121 69 (and
1150 2423 19 56 I
1209 2423 319 58 somewhere
1555 2426 51 55 in

223 2501 88 57 the
350 2498 134 71 cast)
527 2500 18 57 I
586 2498 93 59 did
738 2514 88 41 not
877 2521 102 48 pay
1037 2498 154 57 much
1251 2502 246 55 attention
1555 2514 51 43 to

226 2576 139 58 what
415 2597 108 36 was
578 2577 214 55 written.
875 2573 40 57 If
952 2576 40 54 it
1030 2573 111 57 said
1183 2575 18 57 I
1242 2597 109 35 was
1407 2573 138 78 good
1588 2575 18 55 I

230 2674 109 34 was
379 2648 218 74 pleased
622 2675 11 41 ;
675 2648 40 59 if
752 2647 105 60 bad
900 2648 18 57 I
959 2672 110 35 was
1124 2648 246 59 ashamed
1394 2675 12 33 :
1448 2649 38 59 if
1522 2672 86 50 my

228 2727 191 57 betters
457 2749 140 34 were
658 2724 209 59 blamed
908 2727 37 56 it
992 2724 167 58 struck
1197 2750 85 33 me
1321 2750 55 33 as
1417 2727 192 72 merely

226 2815 376 61 preposterous.

340 2874 135 60 And
514 2876 144 57 there
698 2900 109 33 was
847 2898 101 36 one
988 2874 246 59 dramatic
1285 2877 141 56 critic
1465 2900 141 33 more

227 2950 314 60 intellectual
599 2950 121 59 than
777 2949 67 60 all
898 2950 85 59 the
1047 2966 139 43 rest:
1254 2950 108 59 Mr.
1423 2950 78 59 A.
1545 2950 61 58 B.

228 3027 273 75 Walkley.

343 3103 105 57 His
475 3105 195 55 notices
698 3103 52 56 in
774 3102 87 57 the
962 3102 181 58 Times
1235 3102 19 58 1
1281 3126 158 34 never
1464 3102 142 58 read.

226 3180 19 57 I
287 3177 178 62 would
505 3178 160 75 begin
703 3202 101 32 one
843 3175 103 59 and
1000 3177 130 72 drop
1169 3178 55 56 it.
1307 3177 40 57 It
1385 3177 221 58 seemed

226 3271 52 43 to
316 3278 84 34 me
440 3278 55 33 as
534 3253 195 75 though
755 3277 245 34 someone
1027 3248 121 63 who
1176 3277 108 34 was
1324 3253 285 76 something

226 3331 108 58 else
372 3329 120 57 than
539 3353 32 33 a
609 3329 248 57 dramatic
895 3331 142 55 critic
1096 3352 108 34 was
1243 3330 218 71 writing,
1491 3331 88 54 wri-

225 3410 107 71 ting
358 3422 52 42 to
451 3405 177 73 please
666 3404 219 61 himself,
927 3419 51 43 to
1017 3404 179 74 please
1235 3428 143 33 some
1418 3404 191 58 friends

226 3483 103 58 and
368 3481 142 57 there
550 3504 66 33 an
656 3480 121 58 end.

341 3558 19 58 I
401 3556 227 74 escaped
669 3556 128 57 from
825 3555 97 57 this
948 3558 277 71 ignorance
1253 3569 88 43 too
1369 3554 127 59 later
1520 3579 85 34 on.

227 3634 100 57 But
365 3632 107 58 that
510 3655 109 35 was
659 3630 123 58 how
823 3631 19 57 I
881 3630 93 58 felt
1012 3630 104 58 and
1155 3630 140 58 what
1334 3630 21 57 I
1394 3630 216 76 thought

227 3709 155 58 when
421 3732 66 33 an
527 3723 155 43 actor.

341 3784 19 57 I
401 3806 109 35 saw
548 3806 68 33 no
655 3805 183 34 reason
863 3781 79 58 for
969 3780 106 59 Mr.
1107 3780 250 75 Walkley
1384 3784 52 54 in
1464 3780 145 59 those

232 3859 146 74 days.

343 3935 19 58 I
402 3959 110 34 was
569 3932 235 74 repelled
849 3933 71 73 by
978 3931 77 60 his
1096 3935 228 71 superior
1381 3955 119 51 way
1558 3932 52 59 of

227 4010 191 75 talking
457 4010 157 58 about
653 4010 144 57 other
834 4008 166 75 things
1041 4007 122 60 than
1201 4008 302 59 theatres....
1531 4007 78 59 his

230 4086 353 67 indifference,
627 4086 93 66 his,
745 4085 257 73 scholarly
1040 4107 133 50 way,
1215 4083 213 59 seemed
1470 4083 136 60 cold.

344 4161 91 59 Mr
473 4161 242 59 Clement
763 4161 147 58 Scott
948 4161 214 57 seemed
1202 4160 240 74 glorious.
1486 4160 123 58 You

1646 169 67 59 all
1770 169 290 59 remember
2121 168 92 60 Mr
2272 169 241 60 Clement
2571 172 225 59 Scott....
2862 172 167 58 rather

1646 243 280 67 theatrical,
1968 244 79 59 his
2089 245 255 58 criticism.

1761 319 19 57 I
1821 318 108 58 will
1967 333 89 43 not
2094 318 70 57 be
2204 344 58 32 so
2300 319 128 58 rude
2474 344 56 33 as
2569 334 51 43 to
2660 346 91 48 say
2801 320 106 59 that
2945 322 77 59 A.

1647 394 61 57 B.
1750 394 122 66 W.,
1915 394 63 70 (if
2018 394 19 56 I
2076 417 118 49 may
2232 394 70 58 be
2362 394 226 58 allowed
2629 409 52 45 to
2720 410 51 44 at
2818 395 94 59 last
2947 422 52 32 re-

1647 470 217 73 cognize
1903 468 149 72 him),
2096 469 166 57 bored
2307 493 83 34 me
2396 470 299 57 —because
2735 485 51 42 at
2812 485 183 60 twenty-

1647 545 96 56 five
1783 568 101 34 one
1925 546 42 55 is
2006 559 89 43 not
2133 544 291 58 indifferent
2429 560 123 44 —at
2583 546 127 58 least
2738 548 18 56 I
2785 570 108 34 was
2919 563 106 43 not.

1647 617 136 59 And
1822 634 54 42 to
1916 619 69 57 be
2025 644 59 33 so
2123 623 43 53 is
2206 619 120 75 only
2364 644 101 33 one
2490 621 196 76 degree
2714 645 165 35 worse
2907 623 120 58 than

1646 695 304 74 pretending
1990 694 350 59 indifference.
2408 695 176 58 There
2624 700 43 53 is
2706 696 210 76 nothing
2955 701 48 54 ei-

1647 769 110 57 ther
1797 771 52 55 in
1906 770 86 57 the
2032 794 127 50 pose
2198 794 57 33 or
2292 771 52 56 in
2382 770 87 58 the
2508 771 317 57 unfortunate
2866 771 163 76 blight

1648 844 154 58 itself.

2851 904 9 9 4.

1761 918 102 59 But
1902 918 140 59 what
2079 944 31 33 a
2166 932 204 61 strange
2432 920 139 76 thing
2634 921 110 57 that
2782 921 19 57 I
2843 921 184 58 should

1648 995 134 57 have
1834 1019 133 34 once
2019 993 310 60 considered
2370 996 77 58 A.
2508 996 60 58 B.
2611 997 124 59 W's
2775 997 255 60 excellent

1649 1072 228 73 writings
1915 1070 166 58 rather
2119 1072 231 71 superior
2389 1070 102 59 and
2531 1071 127 58 dull.

1762 1146 78 58 A.
1883 1146 61 57 B.
1995 1146 96 57 W.
2135 1148 40 54 is
2236 1171 31 32 a
2305 1170 118 33 man
2480 1146 55 57 of
2573 1146 86 58 the
2719 1146 165 59 world
2888 1147 141 58 —all

1651 1218 86 59 the
1778 1223 123 55 time
1940 1219 68 58 he
2046 1222 43 56 is
2130 1221 161 73 trying
2331 1235 51 43 to
2420 1221 151 57 make
2624 1245 58 34 us
2739 1245 92 33 see
2888 1221 138 67 that;

1649 1317 93 35 nor
1782 1320 64 32 an
1886 1294 186 59 insular
2122 1319 101 33 one
2282 1294 178 69 either,
2500 1296 68 58 he
2606 1296 176 58 would
2842 1296 69 58 be
2950 1321 52 33 re-

1649 1369 233 78 minding
1924 1395 131 34 us....
2100 1371 68 57 all
2207 1369 88 59 the
2320 1373 122 56 time
2469 1371 287 77 reminding
2781 1396 76 34 us.
2937 1373 93 57 He

1652 1468 113 50 says
1794 1446 113 71 (not
1934 1447 53 56 in
2014 1470 56 33 so
2108 1468 154 51 many
2300 1446 171 58 words
2511 1447 91 57 but
2648 1446 71 58 all
2758 1447 85 57 the
2883 1447 146 70 time)

1653 1519 19 57 I
1713 1543 83 33 am
1835 1546 30 32 a
1907 1520 97 58 bon
2437 1529 230 49 viveur—
2282 1545 102 33 one
2423 1520 121 59 who
2570 1520 181 59 knows
2778 1520 67 59 all
2874 1522 157 58 about

1649 1597 182 64 wines,
1892 1598 180 74 cigars,
2136 1595 91 73 (he
2278 1620 118 50 may
2451 1612 87 43 not
2596 1597 193 67 smoke,
2831 1598 97 57 still
2979 1599 52 56 in

1649 1669 78 58 his
1766 1694 160 51 pages
1967 1670 243 59 twiddles
2250 1694 32 33 a
2319 1670 99 59 fine
2457 1670 163 78 cigar)
2650 1673 158 57 about
2832 1672 67 57 all
2927 1672 105 58 that

1651 1760 179 44 counts
1870 1749 53 55 in
1961 1745 86 59 the
2085 1747 88 58 life
2212 1747 55 57 of
2304 1772 31 33 a
2372 1772 119 33 man
2541 1747 159 59 about
2758 1762 201 44 town...
2999 1773 32 32 a

1651 1821 376 77 distinguished
2094 1820 207 78 elegant
2356 1846 116 34 man
2532 1823 122 57 who
2714 1823 179 57 knows
2952 1823 78 57 his

1651 1912 142 43 town
1834 1898 68 57 be
1942 1899 36 56 it
2030 1896 145 59 Paris
2234 1920 57 34 or
2349 1896 242 70 London,
2650 1898 268 73 Budapest
2975 1923 56 33 or

1653 1970 216 75 Napoli.

1766 2047 144 58 Now
1949 2072 85 33 we
2072 2045 68 60 all
2180 2047 154 59 know
2372 2046 107 59 that
2517 2046 91 59 Mr
2648 2046 249 75 Walkley
2927 2046 104 71 (not

1652 2122 77 59 A.
1760 2124 60 57 B.
1851 2122 124 72 W.)
2004 2147 108 34 was
2147 2125 52 56 in
2231 2124 86 57 the
2347 2122 340 74 Department
2714 2124 53 57 of
2792 2122 87 59 the
2908 2124 123 57 Post

1652 2197 201 59 Master
1893 2197 230 59 General
2161 2199 79 57 for
2279 2200 141 71 quite
2462 2223 31 33 a
2531 2199 214 57 number
2784 2199 53 57 of
2862 2223 164 48 years.

1653 2274 172 58 What
1863 2298 32 33 a
1961 2277 6 21 1
1999 2296 150 36 come
2189 2274 159 58 down
2439 2298 56 33 as
2524 2274 77 58 A.
2634 2274 61 58 B.
2725 2272 95 60 W.
2853 2272 178 60 would

1652 2373 201 34 comma
1889 2351 53 56 it.

1765 2423 109 58 Yet
1938 2448 67 34 no
2070 2448 148 34 come
2282 2422 159 60 down
2503 2439 51 42 at
2617 2423 103 66 all;
2763 2422 121 75 only
2944 2448 58 34 cu-

1652 2498 190 74 riously
1881 2498 110 59 sad.

1765 2573 86 59 To
1892 2590 144 42 enter
2072 2576 106 56 into
2204 2573 87 59 the
2317 2573 174 59 whole
2519 2576 235 70 question
2781 2573 122 74 why
2927 2576 38 54 it
2991 2576 40 54 is

1655 2648 95 60 sad
1780 2651 75 56 for
1882 2674 30 34 a
1939 2674 118 34 man
2083 2665 52 43 to
2161 2649 103 59 feel
2291 2649 67 59 he
2392 2652 41 55 is
2461 2649 179 59 forced
2668 2665 51 42 to
2757 2649 133 59 have
2928 2665 104 42 two

1652 2741 211 42 masters
1905 2724 176 59 would
2121 2726 69 57 be
2229 2741 86 42 too
2356 2726 139 75 large
2535 2750 31 32 a
2604 2741 180 42 matter
2834 2726 77 57 for
2949 2749 83 33 me

1653 2825 137 34 now.
1872 2799 236 69 Besides,
2150 2822 117 52 may
2306 2801 69 57 be
2420 2803 38 55 it
2497 2802 41 54 is
2579 2799 86 57 the
2719 2799 194 75 perfect
2951 2823 54 33 so-

1655 2877 160 58 lution
1854 2892 52 42 to
1945 2877 107 58 life.
2132 2876 160 59 Have
2350 2901 100 33 one
2499 2891 189 42 master
2747 2876 122 58 who
2908 2900 123 49 pays

1653 2976 101 49 you
1794 2950 252 78 regularly
2084 2950 105 60 and
2236 2966 54 43 to
2347 2950 172 59 whom
2578 2975 101 48 you
2733 2954 115 73 give
2908 2973 124 51 your

1653 3027 173 58 whole
1865 3030 215 63 service,
2122 3025 103 59 and
2253 3052 30 32 a
2311 3028 197 57 second
2535 3025 172 59 whom
2747 3050 100 50 you
2888 3050 146 33 serve

1653 3103 121 74 only
1794 3103 71 72 by
1884 3103 267 66 suffrance,
2182 3100 491 77 condescendingly,
2696 3126 99 34 one
2817 3124 100 51 you
2939 3124 96 35 can

1655 3179 148 57 leave
1842 3194 53 43 at
1933 3204 29 32 a
2001 3178 268 58 moment's
2310 3182 188 63 notice,
2526 3179 172 57 whom
2725 3202 100 49 you
2855 3179 181 71 permit

1655 3269 50 43 to
1745 3255 133 71 print
1915 3253 140 59 what
2094 3278 102 50 you
2235 3257 164 64 write,
2442 3253 121 58 who
2602 3255 42 55 is
2682 3277 67 33 no
2775 3267 184 44 master
2985 3267 51 42 at

1656 3329 84 67 all,
1783 3329 91 58 but
1912 3329 182 74 utterly
2133 3329 164 58 under
2335 3353 125 51 your
2498 3328 195 58 thumb.

1766 3405 123 57 The
1930 3404 188 75 having
2184 3420 104 42 two
2347 3404 127 58 such
2531 3418 209 43 masters
2798 3401 237 60 absolves

1655 3504 101 51 you
1794 3481 130 57 from
1963 3484 173 72 giving
2175 3504 126 51 your
2359 3483 196 55 service
2594 3495 54 42 to
2705 3503 100 51 any
2857 3480 179 69 thing:

1656 3556 120 66 Art,
1806 3556 217 68 Letters,
2065 3556 225 59 Science
2329 3579 100 51 you
2470 3570 185 43 cannot
2695 3578 161 35 serve.
2914 3552 121 58 The

1655 3631 356 59 Post-Master
2051 3632 230 59 General
2320 3631 160 59 looms
2519 3646 87 44 too
2646 3631 139 75 large
2812 3630 77 58 for
2913 3630 121 66 that,

1655 3707 104 59 and
1798 3706 142 59 there
1980 3709 42 56 is
2062 3707 195 74 always
2296 3707 86 58 the
2411 3706 186 59 Editor
2624 3706 52 57 of
2702 3706 121 57 The
2852 3705 182 58 Times

1655 3808 55 33 as
1762 3782 336 59 consolation.
2179 3776 168 66 What
2384 3782 87 57 the
2499 3798 144 61 great
2681 3796 186 43 master
2894 3794 142 43 wont

1655 3859 156 58 allow
1850 3859 86 58 the
1977 3859 125 58 little
2145 3859 86 58 'un
2270 3859 93 58 has
2401 3857 125 75 jolly
2563 3857 124 59 well
2726 3872 87 61 got
2851 3871 70 43 to.

1769 3933 167 69 Well,
1981 3935 19 57 I
2041 3933 104 59 find
2183 3935 96 57 this
2320 3959 67 33 no
2427 3958 150 33 come
2617 3932 197 66 down;
2856 3931 93 58 but
2983 3932 54 55 in

1656 4035 30 33 a
1726 4034 134 49 way,
1905 4035 53 33 as
2000 4010 19 58 I
2060 4034 105 49 say,
2198 4011 19 57 I
2257 4010 72 58 do
2368 4010 104 58 find
2511 4012 38 55 it
2585 4010 168 57 rather
2791 4007 111 59 sad.

1768 4085 135 58 And
1944 4085 95 59 this
2080 4088 42 55 is
2163 4085 139 58 what
2348 4085 19 58 !
2408 4083 105 60 find
2574 4085 91 57 Mr
2705 4082 327 75 Walkley....

1655 4160 121 62 The
1816 4160 94 63 sad
1962 4185 119 38 man
2119 4161 121 61 who
2298 4175 116 59 puts
2453 4185 69 34 on
2559 4158 335 61 indifference
2933 4156 103 61 and
