3536 4572
1008 359 114 58 154

1334 360 276 60 Bernard
1645 359 185 61 Shaw
1895 395 12 11 •
1959 359 200 60 Winke
2198 382 110 37 zur
2345 359 601 75 Friedenskonferenz

1009 546 167 70 altes
1228 546 286 92 System,
1584 546 124 70 das
1759 544 527 93 Gleichgewicht
2352 545 119 72 der
2528 545 289 84 Mächte,
2885 548 139 69 und
3088 550 148 78 dem

1009 638 228 72 bleibe
1286 640 103 71 ich
1439 648 207 62 treu.“
1759 638 393 92 Ebensogut
2208 640 254 70 könnte
2512 668 72 42 er
2631 667 230 63 sagen,
2914 667 72 43 er
3034 642 206 77 bleibt

1009 732 135 71 den
1218 733 259 71 Ruinen
1550 761 131 42 von
1756 733 226 70 Reims
2055 746 146 58 treu
2274 733 138 71 und
2479 733 176 83 dem,
2732 761 134 43 was
2934 761 152 43 man
3152 738 85 89 (in

1011 826 426 90 Frankreich)
1506 826 122 71 das
1679 824 423 73 Todesurteil
2168 831 181 66 einer
2399 827 258 70 Million
2709 826 376 71 Franzosen
3133 859 105 61 ge*

1007 932 212 58 nannt
1267 920 136 82 hat,
1457 918 109 72 die
1618 918 270 72 sterben
1939 927 291 75 müssen,
2283 920 210 72 damit
2542 918 306 92 England
2899 920 173 70 lebe.

1101 1012 143 70 Wir
1293 1011 337 71 brauchen
1681 1040 122 42 uns
1855 1012 144 70 also
2050 1012 181 73 nicht
2278 1018 228 67 weiter
2555 1014 133 70 den
2738 1012 189 91 Kopf
2982 1040 79 44 zu
3109 1042 97 44 zer-

1007 1104 312 82 brechen,
1387 1132 136 43 was
1592 1105 121 70 der
1759 1105 444 71 Völkerbund
2269 1111 143 65 sein
2479 1106 145 70 soll.
2739 1104 87 71 Er
2888 1106 178 69 kann
3130 1134 72 44 un-

1008 1197 295 91 möglich
1355 1198 189 71 mehr
1594 1204 162 76 sein,
1811 1199 98 70 als
1961 1204 106 66 ein
2100 1200 445 72 Völkerbund
2596 1204 118 65 mit
2743 1203 495 86 gemeinsamen

1006 1287 227 73 Zielen
1284 1291 139 69 und
1472 1297 500 85 gemeinsamen
2024 1294 390 69 Interessen.
2498 1291 96 72 Zu
2646 1297 310 85 erwägen
3007 1292 230 86 bleibt,

1004 1385 254 69 wieviel
1291 1414 132 42 von
1460 1388 186 68 ihren
1684 1391 413 66 souveränen
2125 1386 299 71 Rechten
2462 1386 110 71 die
2607 1386 340 70 einzelnen
2978 1385 262 73 Mächte

1004 1490 370 77 zugunsten
1403 1479 121 71 der
1548 1484 499 85 gemeinsamen
2076 1480 483 90 Organisation
2588 1479 335 90 aufgeben
2950 1480 287 70 können.

1069 1785 784 72 DEUTSCHLAND
1923 1787 215 71 UND
2207 1785 197 72 DER
2461 1776 725 84 VÖLKERBUND.

1098 1940 141 69 Auf
1305 1940 111 69 die
1474 1940 234 88 Frage,
1779 1941 92 70 ob
1931 1941 461 71 Deutschland
2457 1970 79 42 zu
2596 1942 156 70 dem
2801 1942 437 72 Völkerbund

1004 2034 394 88 zugelassen
1457 2025 269 78 werden
1801 2034 144 83 soll,
2023 2034 293 71 brauche
2390 2034 104 71 ich
2561 2035 182 71 nicht
2807 2036 431 90 einzugehen.

1006 2125 207 71 Ohne
1249 2125 463 70 Deutschland
1745 2126 165 70 wird
1962 2154 71 42 es
2078 2127 240 70 keinen
2352 2129 446 70 Völkerbund
2841 2129 245 89 geben,
3124 2158 116 42 nur

1006 2223 105 65 ein
1148 2219 320 82 Bündnis,
1507 2224 64 65 in
1608 2219 155 70 dem
1793 2219 398 71 Frankreich
2227 2220 138 70 und
2401 2221 225 70 Italien
2666 2221 109 70 die
2810 2221 430 91 Möglichkeit

1004 2312 247 82 haben,
1281 2326 192 57 unter
1491 2314 392 88 Benutzung
1900 2341 132 42 von
2052 2313 306 91 England
2379 2314 138 71 und
2535 2314 321 71 Amerika
2884 2315 353 72 deutsches

1004 2406 139 69 und
1194 2406 585 71 österreichisches
1816 2406 253 71 Gebiet
2117 2435 77 42 zu
2246 2408 453 73 annektieren.
2785 2409 142 70 Das
2969 2411 161 90 liegt
3162 2437 75 44 so

1003 2498 144 70 klar
1180 2498 111 71 auf
1327 2498 121 71 der
1483 2500 226 81 Hand,
1764 2498 136 70 daß
1937 2500 110 69 die
2084 2501 559 90 Hurrapatrioten
2678 2507 65 65 in
2779 2502 290 71 London
3105 2502 133 71 und

1002 2590 472 91 Washington,
1528 2599 246 83 mögen
1818 2597 96 64 sie
1966 2591 138 71 sich
2155 2594 102 68 für
2299 2594 174 69 noch
2517 2623 77 42 so
2641 2594 596 72 deutschfeindlich

1003 2682 249 84 halten,
1316 2684 162 71 bald
1538 2684 653 71 herausbekommen
2252 2686 283 83 dürften,
2587 2693 123 64 wie
2761 2693 96 64 sie
2908 2694 65 65 in
3024 2693 213 66 einem

1001 2778 445 71 Völkerbund
1506 2778 180 71 ohne
1742 2779 461 71 Deutschland
2255 2779 254 71 schwer
2566 2787 88 64 im
2709 2782 306 69 Nachteil
3066 2783 170 70 sind.

995 2872 86 87 Ja
1133 2870 174 72 noch
1347 2870 207 84 mehr,
1608 2877 96 65 sie
1755 2872 151 70 sind
1942 2872 209 71 schon
2188 2872 199 72 heute
2424 2873 206 71 durch
2674 2873 122 71 das
2834 2874 248 71 Fehlen
3119 2876 117 69 des

1001 2964 522 72 Völkerbundes
1590 2969 87 65 im
1740 2964 335 83 Nachteil,
2138 2966 178 70 denn
2379 2967 109 70 die
2545 2966 496 73 französischen
3102 2969 135 70 und

999 3058 456 72 italienischen
1493 3058 562 91 Hurrapatrioten
2089 3060 152 70 sind
2279 3060 110 70 die
2415 3061 378 71 wirklichen
2822 3062 260 71 Herren
3120 3062 117 71 der

1002 3150 355 84 Situation,
1412 3152 137 69 und
1601 3152 280 71 machen
1931 3154 241 69 keinen
2210 3154 179 69 Hehl
2439 3182 119 43 aus
2602 3155 174 70 ihrer
2809 3154 426 72 bestimmten

999 3244 314 81 Absicht,
1366 3244 186 71 Teile
1611 3245 121 70 des
1791 3245 414 71 Rheinlands
2263 3246 138 70 und
2462 3246 121 70 des
2644 3248 591 72 österreichischen

998 3337 220 71 Tirols
1253 3338 157 89 (von
1444 3338 429 90 Jugoslavien
1907 3366 121 62 gar
2061 3339 180 71 nicht
2274 3368 78 42 zu
2386 3340 235 88 reden)
2671 3370 78 41 zu
2784 3343 448 79 annektieren,

995 3431 185 71 ohne
1215 3431 361 72 Rücksicht
1625 3432 112 70 auf
1785 3432 110 70 die
1945 3433 610 71 irredentistischen
2592 3436 491 90 Bewegungen,
3128 3436 107 69 die

997 3524 141 72 sich
1190 3554 118 42 aus
1360 3524 276 72 solchen
1662 3526 479 72 Annektionen
2193 3527 296 90 ergeben
2541 3536 291 63 müssen.
2917 3531 128 70 Die
3080 3558 115 60 eng-

998 3617 251 71 lischen
1310 3618 139 70 und
1510 3618 571 72 amerikanischen
2133 3620 310 71 Schreier
2500 3629 247 82 mögen
2807 3650 83 42 an
2950 3622 138 70 und
3137 3622 98 69 für

998 3711 140 71 sich
1194 3739 221 64 gegen
1464 3711 231 71 solche
1745 3712 477 72 Annektionen
2274 3714 216 71 nichts
2541 3715 253 83 haben;
2846 3715 178 72 wohl
3076 3715 159 71 aber

993 3804 229 71 haben
1274 3810 97 65 sie
1406 3806 193 70 keine
1634 3805 181 83 Lust,
1868 3812 184 64 eines
2088 3806 222 92 Tages
2353 3809 238 70 nolens
2624 3809 236 71 volens
2903 3809 220 71 helfen
3158 3834 75 42 zu
