3572 4572
1472 504 250 60 Annette
2053 501 150 61 Kolb
1969 535 12 14 •
2628 499 133 60 Aus
2387 497 221 60 Berner

1092 507 113 59 176

1094 691 397 92 Geschöpfe
1526 690 247 72 Gottes
1818 686 327 81 denkbar,
2197 685 110 71 die
2358 713 84 43 an
2495 682 121 71 der
2648 694 660 80 entgegengesetzten

1093 785 385 92 Peripherie
1512 783 122 72 des
1661 781 265 73 Lebens
1953 778 380 72 beschattet
2357 775 237 76 stehen
2622 775 137 71 und
2794 774 514 92 hinausgerückt,

1094 880 139 72 und
1284 883 294 86 winzige,
1647 878 195 68 kaum
1910 873 442 72 bemerkbare
2401 873 224 89 Dinge
2689 869 271 72 können
3023 894 74 45 es
3161 878 147 82 sein,

1097 973 110 71 die
1266 972 199 70 ihnen
1525 974 105 68 ein
1696 969 198 70 leises
1945 967 273 72 Grauen
2283 993 122 45 vor
2470 964 211 71 ihrem
2747 967 283 84 eigenen
3079 960 233 79 Wesen

1096 1061 669 95 entgegenhauchen:
1818 1061 101 71 ihr
1952 1059 444 73 unakkurater
2429 1058 165 71 Sinn
2635 1056 103 70 für
2769 1052 541 91 Wirklichkeiten,

1096 1159 102 71 ihr
1244 1155 581 92 Vorwegnehmen
1886 1155 121 71 des
2065 1152 214 73 Zieles
2338 1152 166 71 über
2554 1148 442 72 Hindernisse
3045 1146 265 98 hinweg,

1096 1258 86 66 ist
1229 1255 133 67 wie
1409 1255 106 66 ein
1566 1256 332 84 gestörter
1948 1246 378 75 Sehwinkel
2386 1245 168 74 oder
2607 1247 124 68 wie
2796 1245 108 67 ein
2961 1241 355 75 verkürzter

1096 1343 166 85 Fuß,
1317 1344 133 71 den
1501 1343 231 72 solche
1766 1341 365 73 Menschen
2185 1339 240 72 durchs
2460 1336 232 73 Leben
2742 1334 254 80 ziehen,
3049 1335 136 70 und
3230 1343 84 66 sie

1093 1437 423 85 erschauern,
1568 1462 324 65 verzagen
1927 1435 139 70 und
2098 1438 459 66 vereinsamen
2590 1432 107 68 bis
2740 1433 101 65 ins
2877 1428 211 81 Mark,
3139 1456 175 45 wenn

1098 1537 97 66 sie
1248 1532 208 71 daran
1507 1534 291 68 erinnert
1844 1528 292 73 werden.
2220 1517 191 82 Über
2460 1524 110 70 die
2602 1523 251 70 fernest
2885 1520 431 92 abliegenden

1099 1626 225 89 Dinge
1375 1622 243 74 dachte
1684 1621 102 72 ich
1855 1622 112 71 hin
2034 1621 136 70 und
2239 1620 137 71 her.
2475 1616 192 72 Aber
2730 1641 246 45 warum
3046 1618 63 66 in
3175 1614 144 72 aller

1103 1719 179 69 Welt
1306 1717 320 71 überkam
1656 1714 171 73 mich
1856 1721 106 66 ein
1983 1712 350 73 Heimweh
2353 1708 169 74 nach
2545 1708 222 72 dieser
2783 1705 535 73 verschlossenen

1096 1811 158 82 Tür,
1324 1810 137 71 und
1527 1838 110 43 um
1703 1837 136 44 was
1906 1808 101 71 für
2056 1808 219 90 Dinge
2325 1833 137 42 war
2512 1808 120 66 mir
2697 1801 180 71 denn
2943 1800 187 71 leid?
3223 1800 96 71 Du

1098 1904 214 71 lieber
1364 1903 193 84 Gott,
1609 1903 222 71 wollte
1883 1900 102 73 ich
2039 1900 177 70 denn
2265 1927 132 42 von
2449 1896 195 72 allem
2696 1894 275 71 haben?

1195 1998 139 70 Der
1395 2023 214 64 ganze
1665 1993 544 74 tumultuarische
2268 1989 270 74 Betrieb
2597 2001 207 58 setzte
2853 1987 315 90 übrigens
3217 1993 105 65 mit

1101 2096 183 66 einer
1308 2091 353 89 spurlosen
1698 2087 458 74 Plötzlichkeit
2189 2114 137 53 aus,
2367 2086 95 68 als
2490 2084 182 70 hätte
2700 2111 71 43 er
2796 2086 106 66 nie
2927 2079 391 93 geherrscht.

1102 2183 143 70 Nur
1304 2189 142 64 eins
1511 2210 136 43 war
1705 2178 319 74 deutlich:
2089 2178 205 71 durch
2364 2178 110 69 die
2531 2176 175 70 Türe
2769 2200 247 63 verzog
3073 2200 70 43 er
3196 2172 126 72 sich

1099 2276 201 73 nicht.
1370 2276 88 71 Es
1507 2277 152 70 kam
1712 2289 204 58 etwas
1968 2272 305 73 anderes.
2350 2271 146 71 Aus
2548 2269 155 71 dem
2755 2280 299 70 unteren,
3106 2265 217 73 nachts

1099 2369 501 72 unbewohnten
1667 2366 391 74 Stockwerk
2126 2365 299 91 drangen
2494 2363 216 71 sanfte
2768 2359 556 73 Trommelwirbel

1102 2492 43 42 o
1169 2463 14 70 1
1237 2491 77 43 so
1366 2460 291 73 deutlich
1706 2490 79 41 zu
1837 2465 140 80 mir,
2033 2460 138 70 und
2207 2459 181 70 dann
2424 2463 309 65 ertönten
2766 2451 372 93 gedämpft,
3177 2453 149 70 aber

1102 2556 338 91 klangvoll
1510 2558 449 86 tamponierte
2028 2554 374 70 Posaunen.
2521 2548 161 72 Und
2752 2548 179 71 dann
2996 2540 152 77 kam
3215 2545 109 70 das

1103 2650 323 72 Huschen
1491 2648 135 71 und
1686 2648 225 90 Fegen
1978 2653 184 65 eines
2228 2643 296 83 Kleides,
2590 2643 125 71 das
2766 2641 336 72 Schleifen
3161 2644 166 65 einer

1102 2742 368 92 Schleppe,
1540 2742 106 90 ja!
1724 2747 87 65 im
1886 2740 174 71 Takt
2133 2740 220 70 dieser
2425 2736 355 71 erstickten
2863 2733 239 71 Musik.
3230 2730 96 72 Ich

1101 2836 280 73 horchte
1449 2835 203 71 hinab
1723 2840 117 66 mit
1900 2835 171 70 allen
2132 2835 268 69 Fasern.
2501 2830 97 71 So
2648 2829 156 82 fein,
2857 2857 79 41 so
2987 2824 337 92 spöttisch,

1101 2958 80 43 so
1245 2928 221 85 leicht,
1536 2928 80 71 o!
1670 2933 64 66 in
1803 2928 121 71 der
1972 2926 129 72 Tat
2164 2923 353 95 geistreich
2583 2949 136 45 war
2780 2920 120 72 der
2970 2919 357 91 Rhythmus

1103 3023 221 71 dieses
1376 3022 479 92 pas-de-deux
2048 3047 221 44 waren
2329 3018 109 70 die
2490 3015 211 76 Füße,
2757 3015 108 70 die
2917 3014 261 80 Grazie,
3229 3010 99 70 die

1103 3114 633 92 Unkörperlichkeit
1785 3116 222 69 dieses
2058 3111 565 73 balancierenden
2662 3108 303 91 Körpers
3001 3113 86 65 im
3124 3104 206 88 Klang

1103 3210 122 71 der
1272 3215 272 85 wonnig
1609 3208 364 71 umhüllten
2025 3205 463 73 Posaunchen.
2587 3202 155 71 Tod
2809 3202 137 72 und
2997 3198 226 75 Leben
3271 3199 56 65 in

1101 3302 387 73 lächelnder
1539 3302 416 90 Umarmung
2143 3300 230 71 Leben
2425 3296 176 72 noch
2654 3302 88 65 im
2791 3296 257 71 Tode?
3136 3288 194 75 Liebe

1102 3398 215 72 selbst
1366 3398 113 71 bei
1529 3395 134 72 ihm
1684 3398 42 71 ?
1788 3396 165 71 Was
2002 3394 257 92 verfing
2308 3392 139 73 sich
2499 3392 90 70 da
2639 3396 148 66 eine
2839 3390 167 82 Uhr,
3058 3391 118 66 mit
3205 3387 127 66 vier

1101 3492 263 92 groben
1414 3488 337 92 Schlägen
1802 3494 64 66 in
1919 3489 132 71 den
2101 3486 263 73 Zauber
2413 3483 543 75 hineinzufahren
2974 3483 42 69 ?
3109 3474 222 75 Nichts

1102 3586 223 73 rührte
1376 3583 140 72 sich
1568 3583 207 71 mehr.
1877 3584 90 69 Im
2016 3579 468 94 Augenblicke
2536 3580 160 72 alles
2747 3579 222 89 längst
2999 3572 332 90 verflogen

1102 3679 138 72 und
1287 3677 295 74 verweht
1739 3676 317 72 welchem
2108 3676 218 82 Stern,
2380 3673 283 73 welcher
2698 3671 221 72 Nacht
2954 3681 323 76 entgegen
3294 3660 38 69 ?

1197 3772 351 73 Nunmehr
1628 3771 285 71 versank
1995 3770 110 71 die
2180 3768 407 73 Dunkelheit
2662 3771 63 66 in
2808 3765 174 71 ihrer
3063 3766 269 84 eigenen

1103 3866 210 84 Stille,
1381 3865 139 72 und
1588 3865 122 71 der
1775 3862 229 74 Schlaf
2068 3876 247 59 atmete
2367 3869 121 63 mir
2532 3865 161 86 jetzt
2884 3857 96 71 als
3029 3855 191 70 käme
3271 3873 61 43 er

1094 3989 140 44 von
1303 3960 218 73 außen
1748 3959 271 72 seltsam
2086 3986 225 61 genug
2331 3958 14 68 I
2418 3960 117 66 mit
2587 3959 238 67 weiten
2877 3947 273 92 Flügeln
3201 3951 131 63 ent*
