<?xml version="1.0" encoding="UTF-8"?>
<alto xmlns:xsi="http://www.w3.org/2001/XMLSchema-instance" xmlns="http://www.loc.gov/standards/alto/ns-v2#" xsi:schemaLocation="http://www.loc.gov/standards/alto/ns-v2# http://www.loc.gov/standards/alto/v2/alto-2-0.xsd" xmlns:xlink="http://www.w3.org/1999/xlink">
	<Description>
		<MeasurementUnit>mm10</MeasurementUnit>
		<sourceImageInformation>
			<fileName>./bmtnabr_1919-04_01_0010.jp2</fileName>
		</sourceImageInformation>
		<OCRProcessing ID="OCRPROCESSING_1">
			<preProcessingStep>
				<processingSoftware>
					<softwareCreator>CCS Content Conversion Specialists GmbH, Germany</softwareCreator>
					<softwareName>CCS docWorks</softwareName>
					<softwareVersion>6.8-1.27</softwareVersion>
				</processingSoftware>
			</preProcessingStep>
			<ocrProcessingStep>
				<processingSoftware>
					<softwareCreator>ABBYY (BIT Software), Russia</softwareCreator>
					<softwareName>FineReader</softwareName>
					<softwareVersion>11.0</softwareVersion>
				</processingSoftware>
			</ocrProcessingStep>
			<postProcessingStep>
				<processingSoftware>
					<softwareCreator>CCS Content Conversion Specialists GmbH, Germany</softwareCreator>
					<softwareName>CCS docWorks</softwareName>
					<softwareVersion>6.8-1.27</softwareVersion>
					<applicationDescription>docWorks: Text modified manually, or automatically replaced</applicationDescription>
				</processingSoftware>
			</postProcessingStep>
		</OCRProcessing>
	</Description>
	<Styles>
		<TextStyle ID="TXT_0" FONTSIZE="21" FONTFAMILY="Times New Roman" FONTSTYLE="italics"/>
		<TextStyle ID="TXT_1" FONTSIZE="21" FONTFAMILY="Times New Roman"/>
		<TextStyle ID="TXT_2" FONTSIZE="19" FONTFAMILY="Times New Roman"/>
		<TextStyle ID="TXT_3" FONTSIZE="26" FONTFAMILY="Times New Roman"/>
		<ParagraphStyle ID="PAR_RIGHT" ALIGN="Right"/>
		<ParagraphStyle ID="PAR_LEFT" ALIGN="Left"/>
		<ParagraphStyle ID="PAR_BLOCK" ALIGN="Block"/>
	</Styles>
	<Layout>
		<Page ID="P10" PHYSICAL_IMG_NR="10" HEIGHT="4572" WIDTH="3520" PRINTED_IMG_NR="150" PC="0.982">
			<TopMargin ID="P10_TM00001" HPOS="0" VPOS="0" WIDTH="3520" HEIGHT="462">
				<TextBlock ID="P10_TB00001" HPOS="1309" VPOS="377" WIDTH="1621" HEIGHT="82" STYLEREFS="TXT_0 PAR_RIGHT">
					<TextLine ID="P10_TL00001" HPOS="1317" VPOS="380" WIDTH="1613" HEIGHT="79">
						<String ID="P10_ST00001" HPOS="1317" VPOS="380" WIDTH="274" HEIGHT="60" CONTENT="Bernard" WC="0.78" CC="5200500"/>
						<SP ID="P10_SP00001" HPOS="1591" VPOS="440" WIDTH="346"/>
						<String ID="P10_ST00002" HPOS="1937" VPOS="380" WIDTH="185" HEIGHT="61" CONTENT="Shaw" WC="0.99" CC="0012"/>
						<String ID="P10_ST00003" HPOS="1870" VPOS="416" WIDTH="12" HEIGHT="12" CONTENT="•" WC="0.54" CC="4" STYLEREFS="TXT_1"/>
						<SP ID="P10_SP00002" HPOS="2122" VPOS="441" WIDTH="210"/>
						<String ID="P10_ST00004" HPOS="2332" VPOS="383" WIDTH="287" HEIGHT="58" CONTENT="Winke" WC="0.98" CC="03029"/>
						<SP ID="P10_SP00003" HPOS="2619" VPOS="441" WIDTH="1"/>
						<String ID="P10_ST00005" HPOS="2620" VPOS="381" WIDTH="310" HEIGHT="78" CONTENT="Friedenskonferenz" WC="1.00" CC="00344641333240010"/>
					</TextLine>
				</TextBlock>
				<TextBlock ID="P10_TB00002" HPOS="989" VPOS="380" WIDTH="113" HEIGHT="58" STYLEREFS="TXT_2 PAR_LEFT">
					<TextLine ID="P10_TL00002" HPOS="989" VPOS="380" WIDTH="113" HEIGHT="58">
						<String ID="P10_ST00006" HPOS="989" VPOS="380" WIDTH="113" HEIGHT="58" CONTENT="150" WC="1.00" CC="000"/>
					</TextLine>
				</TextBlock>
			</TopMargin>
			<LeftMargin ID="P10_LM00001" HPOS="0" VPOS="462" WIDTH="68" HEIGHT="4048"/>
			<RightMargin ID="P10_RM00001" HPOS="3462" VPOS="462" WIDTH="58" HEIGHT="4048"/>
			<BottomMargin ID="P10_BM00001" HPOS="0" VPOS="4510" WIDTH="3520" HEIGHT="62"/>
			<PrintSpace ID="P10_PS00001" HPOS="68" VPOS="462" WIDTH="3394" HEIGHT="4048">
				<TextBlock ID="P10_TB00003" HPOS="967" VPOS="563" WIDTH="2255" HEIGHT="3345" STYLEREFS="TXT_3 PAR_BLOCK">
					<TextLine ID="P10_TL00003" HPOS="989" VPOS="564" WIDTH="2230" HEIGHT="93">
						<String ID="P10_ST00007" HPOS="989" VPOS="564" WIDTH="539" HEIGHT="73" CONTENT="Schwedischen." WC="1.00" CC="0060045006010"/>
						<SP ID="P10_SP00004" HPOS="1528" VPOS="637" WIDTH="61"/>
						<String ID="P10_ST00008" HPOS="1589" VPOS="565" WIDTH="115" HEIGHT="73" CONTENT="Sie" WC="0.98" CC="220"/>
						<SP ID="P10_SP00005" HPOS="1704" VPOS="638" WIDTH="28"/>
						<String ID="P10_ST00009" HPOS="1732" VPOS="574" WIDTH="246" HEIGHT="83" CONTENT="mögen" WC="0.97" CC="04726"/>
						<SP ID="P10_SP00006" HPOS="1978" VPOS="657" WIDTH="27"/>
						<String ID="P10_ST00010" HPOS="2005" VPOS="573" WIDTH="106" HEIGHT="65" CONTENT="ein" WC="0.99" CC="020"/>
						<SP ID="P10_SP00007" HPOS="2111" VPOS="657" WIDTH="27"/>
						<String ID="P10_ST00011" HPOS="2138" VPOS="567" WIDTH="234" HEIGHT="72" CONTENT="halbes" WC="1.00" CC="000000"/>
						<SP ID="P10_SP00008" HPOS="2372" VPOS="657" WIDTH="36"/>
						<String ID="P10_ST00012" HPOS="2408" VPOS="569" WIDTH="313" HEIGHT="70" CONTENT="Dutzend" WC="0.99" CC="4521006"/>
						<SP ID="P10_SP00009" HPOS="2721" VPOS="657" WIDTH="26"/>
						<String ID="P10_ST00013" HPOS="2747" VPOS="571" WIDTH="472" HEIGHT="80" CONTENT="verschiedene" WC="1.00" CC="001040100043"/>
					</TextLine>
					<TextLine ID="P10_TL00004" HPOS="985" VPOS="659" WIDTH="2234" HEIGHT="98">
						<String ID="P10_ST00014" HPOS="985" VPOS="659" WIDTH="400" HEIGHT="72" CONTENT="Ausdrücke" WC="1.00" CC="360000000"/>
						<SP ID="P10_SP00010" HPOS="1385" VPOS="731" WIDTH="65"/>
						<String ID="P10_ST00015" HPOS="1450" VPOS="661" WIDTH="224" HEIGHT="71" CONTENT="haben" WC="0.99" CC="00702"/>
						<SP ID="P10_SP00011" HPOS="1674" VPOS="732" WIDTH="73"/>
						<String ID="P10_ST00016" HPOS="1747" VPOS="661" WIDTH="102" HEIGHT="71" CONTENT="für" WC="0.98" CC="600"/>
						<SP ID="P10_SP00012" HPOS="1849" VPOS="732" WIDTH="66"/>
						<String ID="P10_ST00017" HPOS="1915" VPOS="662" WIDTH="524" HEIGHT="90" CONTENT="Gerechtigkeit," WC="1.00" CC="14000531940200"/>
						<SP ID="P10_SP00013" HPOS="2439" VPOS="752" WIDTH="70"/>
						<String ID="P10_ST00018" HPOS="2509" VPOS="663" WIDTH="190" HEIGHT="84" CONTENT="Frau," WC="1.00" CC="00000"/>
						<SP ID="P10_SP00014" HPOS="2699" VPOS="752" WIDTH="71"/>
						<String ID="P10_ST00019" HPOS="2770" VPOS="663" WIDTH="191" HEIGHT="84" CONTENT="Gott," WC="1.00" CC="00000"/>
						<SP ID="P10_SP00015" HPOS="2961" VPOS="752" WIDTH="70"/>
						<String ID="P10_ST00020" HPOS="3031" VPOS="667" WIDTH="188" HEIGHT="90" CONTENT="Ehre," WC="0.99" CC="10004"/>
					</TextLine>
					<TextLine ID="P10_TL00005" HPOS="988" VPOS="752" WIDTH="2234" HEIGHT="94">
						<String ID="P10_ST00021" HPOS="988" VPOS="752" WIDTH="568" HEIGHT="85" CONTENT="Menschlichkeit," WC="1.00" CC="003000200000403"/>
						<SP ID="P10_SP00016" HPOS="1556" VPOS="837" WIDTH="77"/>
						<String ID="P10_ST00022" HPOS="1633" VPOS="753" WIDTH="163" HEIGHT="73" CONTENT="aber" WC="0.98" CC="0700"/>
						<SP ID="P10_SP00017" HPOS="1796" VPOS="837" WIDTH="63"/>
						<String ID="P10_ST00023" HPOS="1859" VPOS="756" WIDTH="281" HEIGHT="90" CONTENT="solange" WC="1.00" CC="0030000"/>
						<SP ID="P10_SP00018" HPOS="2140" VPOS="846" WIDTH="84"/>
						<String ID="P10_ST00024" HPOS="2224" VPOS="757" WIDTH="110" HEIGHT="70" CONTENT="die" WC="0.99" CC="020"/>
						<SP ID="P10_SP00019" HPOS="2334" VPOS="846" WIDTH="71"/>
						<String ID="P10_ST00025" HPOS="2405" VPOS="756" WIDTH="523" HEIGHT="71" CONTENT="verschiedenen" WC="1.00" CC="0300060000000"/>
						<SP ID="P10_SP00020" HPOS="2928" VPOS="846" WIDTH="66"/>
						<String ID="P10_ST00026" HPOS="2994" VPOS="759" WIDTH="228" HEIGHT="77" CONTENT="Worte" WC="0.99" CC="30200"/>
					</TextLine>
					<TextLine ID="P10_TL00006" HPOS="987" VPOS="845" WIDTH="2235" HEIGHT="93">
						<String ID="P10_ST00027" HPOS="987" VPOS="845" WIDTH="181" HEIGHT="72" CONTENT="nicht" WC="1.00" CC="03000"/>
						<SP ID="P10_SP00021" HPOS="1168" VPOS="917" WIDTH="47"/>
						<String ID="P10_ST00028" HPOS="1215" VPOS="853" WIDTH="400" HEIGHT="83" CONTENT="wenigstens" WC="1.00" CC="1012000000"/>
						<SP ID="P10_SP00022" HPOS="1615" VPOS="936" WIDTH="51"/>
						<String ID="P10_ST00029" HPOS="1666" VPOS="846" WIDTH="326" HEIGHT="92" CONTENT="ungefähr" WC="0.99" CC="05016005"/>
						<SP ID="P10_SP00023" HPOS="1992" VPOS="938" WIDTH="49"/>
						<String ID="P10_ST00030" HPOS="2041" VPOS="849" WIDTH="172" HEIGHT="71" CONTENT="allen" WC="0.99" CC="07300"/>
						<SP ID="P10_SP00024" HPOS="2213" VPOS="938" WIDTH="52"/>
						<String ID="P10_ST00031" HPOS="2265" VPOS="849" WIDTH="124" HEIGHT="71" CONTENT="das" WC="1.00" CC="000"/>
						<SP ID="P10_SP00025" HPOS="2389" VPOS="938" WIDTH="36"/>
						<String ID="P10_ST00032" HPOS="2425" VPOS="849" WIDTH="281" HEIGHT="72" CONTENT="Gleiche" WC="1.00" CC="0002002"/>
						<SP ID="P10_SP00026" HPOS="2706" VPOS="938" WIDTH="36"/>
						<String ID="P10_ST00033" HPOS="2742" VPOS="849" WIDTH="360" HEIGHT="87" CONTENT="bedeuten," WC="1.00" CC="600000230"/>
						<SP ID="P10_SP00027" HPOS="3102" VPOS="938" WIDTH="38"/>
						<String ID="P10_ST00034" HPOS="3140" VPOS="861" WIDTH="82" HEIGHT="68" CONTENT="ist" WC="1.00" CC="000"/>
					</TextLine>
					<TextLine ID="P10_TL00007" HPOS="985" VPOS="941" WIDTH="2237" HEIGHT="93">
						<String ID="P10_ST00035" HPOS="985" VPOS="944" WIDTH="149" HEIGHT="67" CONTENT="eine" WC="0.99" CC="0500"/>
						<SP ID="P10_SP00028" HPOS="1134" VPOS="1011" WIDTH="47"/>
						<String ID="P10_ST00036" HPOS="1181" VPOS="946" WIDTH="455" HEIGHT="86" CONTENT="gemeinsame" WC="1.00" CC="0000030000"/>
						<SP ID="P10_SP00029" HPOS="1636" VPOS="1032" WIDTH="36"/>
						<String ID="P10_ST00037" HPOS="1672" VPOS="941" WIDTH="545" HEIGHT="93" CONTENT="Gesetzgebung," WC="1.00" CC="0000000000004"/>
						<SP ID="P10_SP00030" HPOS="2217" VPOS="1034" WIDTH="54"/>
						<String ID="P10_ST00038" HPOS="2271" VPOS="949" WIDTH="106" HEIGHT="65" CONTENT="ein" WC="0.99" CC="030"/>
						<SP ID="P10_SP00031" HPOS="2377" VPOS="1034" WIDTH="40"/>
						<String ID="P10_ST00039" HPOS="2417" VPOS="949" WIDTH="492" HEIGHT="85" CONTENT="gemeinsames" WC="1.00" CC="00001700000"/>
						<SP ID="P10_SP00032" HPOS="2909" VPOS="1034" WIDTH="40"/>
						<String ID="P10_ST00040" HPOS="2949" VPOS="945" WIDTH="273" HEIGHT="78" CONTENT="Gericht" WC="0.99" CC="0050360"/>
					</TextLine>
					<TextLine ID="P10_TL00008" HPOS="988" VPOS="1033" WIDTH="2231" HEIGHT="93">
						<String ID="P10_ST00041" HPOS="988" VPOS="1033" WIDTH="402" HEIGHT="91" CONTENT="unmöglich." WC="0.99" CC="0046030003"/>
						<SP ID="P10_SP00033" HPOS="1390" VPOS="1124" WIDTH="129"/>
						<String ID="P10_ST00042" HPOS="1519" VPOS="1034" WIDTH="340" HEIGHT="71" CONTENT="Versuche" WC="1.00" CC="00004400"/>
						<SP ID="P10_SP00034" HPOS="1859" VPOS="1124" WIDTH="80"/>
						<String ID="P10_ST00043" HPOS="1939" VPOS="1063" WIDTH="80" HEIGHT="42" CONTENT="zu" WC="0.89" CC="02"/>
						<SP ID="P10_SP00035" HPOS="2019" VPOS="1124" WIDTH="80"/>
						<String ID="P10_ST00044" HPOS="2099" VPOS="1035" WIDTH="725" HEIGHT="91" CONTENT="gemeinschaftlichem" WC="1.00" CC="010034020050323000"/>
						<SP ID="P10_SP00036" HPOS="2824" VPOS="1126" WIDTH="84"/>
						<String ID="P10_ST00045" HPOS="2908" VPOS="1038" WIDTH="311" HEIGHT="75" CONTENT="Handeln" WC="0.99" CC="0000072"/>
					</TextLine>
					<TextLine ID="P10_TL00009" HPOS="984" VPOS="1127" WIDTH="2235" HEIGHT="93">
						<String ID="P10_ST00046" HPOS="984" VPOS="1127" WIDTH="326" HEIGHT="70" CONTENT="zwischen" WC="1.00" CC="00200000"/>
						<SP ID="P10_SP00037" HPOS="1310" VPOS="1197" WIDTH="27"/>
						<String ID="P10_ST00047" HPOS="1337" VPOS="1127" WIDTH="319" HEIGHT="82" CONTENT="Völkern," WC="1.00" CC="00000300"/>
						<SP ID="P10_SP00038" HPOS="1656" VPOS="1209" WIDTH="32"/>
						<String ID="P10_ST00048" HPOS="1688" VPOS="1128" WIDTH="109" HEIGHT="71" CONTENT="die" WC="0.99" CC="020"/>
						<SP ID="P10_SP00039" HPOS="1797" VPOS="1209" WIDTH="34"/>
						<String ID="P10_ST00049" HPOS="1831" VPOS="1156" WIDTH="86" HEIGHT="43" CONTENT="an" WC="1.00" CC="00"/>
						<SP ID="P10_SP00040" HPOS="1917" VPOS="1209" WIDTH="36"/>
						<String ID="P10_ST00050" HPOS="1953" VPOS="1127" WIDTH="90" HEIGHT="72" CONTENT="50" WC="0.73" CC="50"/>
						<SP ID="P10_SP00041" HPOS="2043" VPOS="1209" WIDTH="29"/>
						<String ID="P10_ST00051" HPOS="2072" VPOS="1129" WIDTH="247" HEIGHT="71" CONTENT="Götter" WC="1.00" CC="000002"/>
						<SP ID="P10_SP00042" HPOS="2319" VPOS="1209" WIDTH="23"/>
						<String ID="P10_ST00052" HPOS="2342" VPOS="1129" WIDTH="293" HEIGHT="91" CONTENT="glauben" WC="0.99" CC="0200606"/>
						<SP ID="P10_SP00043" HPOS="2635" VPOS="1220" WIDTH="28"/>
						<String ID="P10_ST00053" HPOS="2663" VPOS="1129" WIDTH="137" HEIGHT="70" CONTENT="und" WC="0.98" CC="400"/>
						<SP ID="P10_SP00044" HPOS="2800" VPOS="1220" WIDTH="28"/>
						<String ID="P10_ST00054" HPOS="2828" VPOS="1129" WIDTH="348" HEIGHT="75" CONTENT="Menschen" SUBS_TYPE="HypPart1" SUBS_CONTENT="Menschenopfer" WC="0.99" CC="10000606"/>
						<HYP HPOS="3176" VPOS="1129" WIDTH="43" CONTENT="-"/>
					</TextLine>
					<TextLine ID="P10_TL00010" HPOS="987" VPOS="1218" WIDTH="2234" HEIGHT="93">
						<String ID="P10_ST00055" HPOS="987" VPOS="1218" WIDTH="195" HEIGHT="90" CONTENT="opfer" SUBS_TYPE="HypPart2" SUBS_CONTENT="Menschenopfer" WC="0.99" CC="00604"/>
						<SP ID="P10_SP00045" HPOS="1182" VPOS="1308" WIDTH="64"/>
						<String ID="P10_ST00056" HPOS="1246" VPOS="1220" WIDTH="407" HEIGHT="91" CONTENT="darbringen" WC="0.99" CC="0056003004"/>
						<SP ID="P10_SP00046" HPOS="1653" VPOS="1311" WIDTH="68"/>
						<String ID="P10_ST00057" HPOS="1721" VPOS="1222" WIDTH="137" HEIGHT="70" CONTENT="und" WC="1.00" CC="000"/>
						<SP ID="P10_SP00047" HPOS="1858" VPOS="1311" WIDTH="68"/>
						<String ID="P10_ST00058" HPOS="1926" VPOS="1221" WIDTH="318" HEIGHT="84" CONTENT="anderen," WC="1.00" CC="00004020"/>
						<SP ID="P10_SP00048" HPOS="2244" VPOS="1311" WIDTH="74"/>
						<String ID="P10_ST00059" HPOS="2318" VPOS="1223" WIDTH="110" HEIGHT="70" CONTENT="die" WC="0.99" CC="020"/>
						<SP ID="P10_SP00049" HPOS="2428" VPOS="1311" WIDTH="67"/>
						<String ID="P10_ST00060" HPOS="2495" VPOS="1251" WIDTH="85" HEIGHT="42" CONTENT="an" WC="1.00" CC="00"/>
						<SP ID="P10_SP00050" HPOS="2580" VPOS="1311" WIDTH="69"/>
						<String ID="P10_ST00061" HPOS="2649" VPOS="1228" WIDTH="194" HEIGHT="65" CONTENT="einen" WC="1.00" CC="03000"/>
						<SP ID="P10_SP00051" HPOS="2843" VPOS="1311" WIDTH="68"/>
						<String ID="P10_ST00062" HPOS="2911" VPOS="1225" WIDTH="169" HEIGHT="69" CONTENT="oder" WC="1.00" CC="0002"/>
						<SP ID="P10_SP00052" HPOS="3080" VPOS="1311" WIDTH="60"/>
						<String ID="P10_ST00063" HPOS="3140" VPOS="1255" WIDTH="81" HEIGHT="43" CONTENT="an" WC="0.91" CC="01"/>
					</TextLine>
					<TextLine ID="P10_TL00011" HPOS="984" VPOS="1312" WIDTH="2238" HEIGHT="93">
						<String ID="P10_ST00064" HPOS="984" VPOS="1312" WIDTH="241" HEIGHT="71" CONTENT="keinen" WC="1.00" CC="006000"/>
						<SP ID="P10_SP00053" HPOS="1225" VPOS="1383" WIDTH="52"/>
						<String ID="P10_ST00065" HPOS="1277" VPOS="1314" WIDTH="174" HEIGHT="71" CONTENT="Gott" WC="0.99" CC="0400"/>
						<SP ID="P10_SP00054" HPOS="1451" VPOS="1385" WIDTH="63"/>
						<String ID="P10_ST00066" HPOS="1514" VPOS="1315" WIDTH="321" HEIGHT="90" CONTENT="glauben," WC="1.00" CC="04000000"/>
						<SP ID="P10_SP00055" HPOS="1835" VPOS="1405" WIDTH="70"/>
						<String ID="P10_ST00067" HPOS="1905" VPOS="1316" WIDTH="153" HEIGHT="70" CONTENT="sind" WC="0.99" CC="0400"/>
						<SP ID="P10_SP00056" HPOS="2058" VPOS="1405" WIDTH="68"/>
						<String ID="P10_ST00068" HPOS="2126" VPOS="1316" WIDTH="660" HEIGHT="71" CONTENT="selbstverständlich" WC="1.00" CC="000000002000000316"/>
						<SP ID="P10_SP00057" HPOS="2786" VPOS="1405" WIDTH="57"/>
						<String ID="P10_ST00069" HPOS="2843" VPOS="1345" WIDTH="135" HEIGHT="42" CONTENT="von" WC="0.99" CC="011"/>
						<SP ID="P10_SP00058" HPOS="2978" VPOS="1405" WIDTH="56"/>
						<String ID="P10_ST00070" HPOS="3034" VPOS="1347" WIDTH="151" HEIGHT="44" CONTENT="vorn" SUBS_TYPE="HypPart1" SUBS_CONTENT="vornherein" WC="0.99" CC="0032"/>
						<HYP HPOS="3185" VPOS="1347" WIDTH="37" CONTENT="-"/>
					</TextLine>
					<TextLine ID="P10_TL00012" HPOS="981" VPOS="1405" WIDTH="2240" HEIGHT="86">
						<String ID="P10_ST00071" HPOS="981" VPOS="1405" WIDTH="228" HEIGHT="71" CONTENT="herein" SUBS_TYPE="HypPart2" SUBS_CONTENT="vornherein" WC="0.99" CC="006040"/>
						<SP ID="P10_SP00059" HPOS="1209" VPOS="1476" WIDTH="52"/>
						<String ID="P10_ST00072" HPOS="1261" VPOS="1407" WIDTH="455" HEIGHT="72" CONTENT="aussichtslos." WC="1.00" CC="0400100506303"/>
						<SP ID="P10_SP00060" HPOS="1716" VPOS="1479" WIDTH="59"/>
						<String ID="P10_ST00073" HPOS="1775" VPOS="1409" WIDTH="271" HEIGHT="82" CONTENT="Völker," WC="0.99" CC="0003041"/>
						<SP ID="P10_SP00061" HPOS="2046" VPOS="1491" WIDTH="53"/>
						<String ID="P10_ST00074" HPOS="2099" VPOS="1410" WIDTH="220" HEIGHT="70" CONTENT="denen" WC="0.98" CC="01703"/>
						<SP ID="P10_SP00062" HPOS="2319" VPOS="1491" WIDTH="38"/>
						<String ID="P10_ST00075" HPOS="2357" VPOS="1409" WIDTH="255" HEIGHT="71" CONTENT="Frauen" WC="0.98" CC="230405"/>
						<SP ID="P10_SP00063" HPOS="2612" VPOS="1491" WIDTH="56"/>
						<String ID="P10_ST00076" HPOS="2668" VPOS="1410" WIDTH="220" HEIGHT="70" CONTENT="nichts" WC="1.00" CC="000000"/>
						<SP ID="P10_SP00064" HPOS="2888" VPOS="1491" WIDTH="52"/>
						<String ID="P10_ST00077" HPOS="2940" VPOS="1411" WIDTH="152" HEIGHT="70" CONTENT="sind" WC="1.00" CC="0200"/>
						<SP ID="P10_SP00065" HPOS="3092" VPOS="1491" WIDTH="36"/>
						<String ID="P10_ST00078" HPOS="3128" VPOS="1414" WIDTH="93" HEIGHT="71" CONTENT="als" WC="0.99" CC="030"/>
					</TextLine>
					<TextLine ID="P10_TL00013" HPOS="979" VPOS="1500" WIDTH="2240" HEIGHT="92">
						<String ID="P10_ST00079" HPOS="979" VPOS="1500" WIDTH="392" HEIGHT="89" CONTENT="gebärende" WC="1.00" CC="006005000"/>
						<SP ID="P10_SP00066" HPOS="1371" VPOS="1589" WIDTH="33"/>
						<String ID="P10_ST00080" HPOS="1404" VPOS="1501" WIDTH="270" HEIGHT="84" CONTENT="Wesen," WC="1.00" CC="200020"/>
						<SP ID="P10_SP00067" HPOS="1674" VPOS="1589" WIDTH="54"/>
						<String ID="P10_ST00081" HPOS="1728" VPOS="1501" WIDTH="111" HEIGHT="72" CONTENT="die" WC="0.99" CC="002"/>
						<SP ID="P10_SP00068" HPOS="1839" VPOS="1589" WIDTH="49"/>
						<String ID="P10_ST00082" HPOS="1888" VPOS="1529" WIDTH="154" HEIGHT="44" CONTENT="man" WC="1.00" CC="000"/>
						<SP ID="P10_SP00069" HPOS="2042" VPOS="1589" WIDTH="44"/>
						<String ID="P10_ST00083" HPOS="2086" VPOS="1531" WIDTH="122" HEIGHT="61" CONTENT="per" WC="1.00" CC="000"/>
						<SP ID="P10_SP00070" HPOS="2208" VPOS="1592" WIDTH="33"/>
						<String ID="P10_ST00084" HPOS="2241" VPOS="1503" WIDTH="313" HEIGHT="70" CONTENT="Dutzend" WC="0.98" CC="6590100"/>
						<SP ID="P10_SP00071" HPOS="2554" VPOS="1592" WIDTH="37"/>
						<String ID="P10_ST00085" HPOS="2591" VPOS="1501" WIDTH="214" HEIGHT="83" CONTENT="kauft," WC="1.00" CC="000600"/>
						<SP ID="P10_SP00072" HPOS="2805" VPOS="1592" WIDTH="37"/>
						<String ID="P10_ST00086" HPOS="2842" VPOS="1531" WIDTH="193" HEIGHT="43" CONTENT="wenn" WC="0.98" CC="0064"/>
						<SP ID="P10_SP00073" HPOS="3035" VPOS="1592" WIDTH="36"/>
						<String ID="P10_ST00087" HPOS="3071" VPOS="1533" WIDTH="148" HEIGHT="43" CONTENT="man" WC="0.97" CC="006"/>
					</TextLine>
					<TextLine ID="P10_TL00014" HPOS="983" VPOS="1592" WIDTH="2239" HEIGHT="94">
						<String ID="P10_ST00088" HPOS="983" VPOS="1618" WIDTH="72" HEIGHT="43" CONTENT="es" WC="1.00" CC="00"/>
						<SP ID="P10_SP00074" HPOS="1055" VPOS="1661" WIDTH="66"/>
						<String ID="P10_ST00089" HPOS="1121" VPOS="1592" WIDTH="144" HEIGHT="71" CONTENT="sich" WC="0.98" CC="0036"/>
						<SP ID="P10_SP00075" HPOS="1265" VPOS="1663" WIDTH="52"/>
						<String ID="P10_ST00090" HPOS="1317" VPOS="1594" WIDTH="235" HEIGHT="70" CONTENT="leisten" WC="0.99" CC="7010001"/>
						<SP ID="P10_SP00076" HPOS="1552" VPOS="1664" WIDTH="58"/>
						<String ID="P10_ST00091" HPOS="1610" VPOS="1595" WIDTH="198" HEIGHT="82" CONTENT="kann," WC="1.00" CC="00003"/>
						<SP ID="P10_SP00077" HPOS="1808" VPOS="1677" WIDTH="62"/>
						<String ID="P10_ST00092" HPOS="1870" VPOS="1594" WIDTH="270" HEIGHT="71" CONTENT="können" WC="0.99" CC="007000"/>
						<SP ID="P10_SP00078" HPOS="2140" VPOS="1677" WIDTH="59"/>
						<String ID="P10_ST00093" HPOS="2199" VPOS="1594" WIDTH="185" HEIGHT="73" CONTENT="nicht" WC="0.99" CC="05000"/>
						<SP ID="P10_SP00079" HPOS="2384" VPOS="1677" WIDTH="55"/>
						<String ID="P10_ST00094" HPOS="2439" VPOS="1595" WIDTH="608" HEIGHT="91" CONTENT="Zusammengehen" WC="1.00" CC="0000300000000"/>
						<SP ID="P10_SP00080" HPOS="3047" VPOS="1686" WIDTH="62"/>
						<String ID="P10_ST00095" HPOS="3109" VPOS="1604" WIDTH="113" HEIGHT="66" CONTENT="mit" WC="1.00" CC="000"/>
					</TextLine>
					<TextLine ID="P10_TL00015" HPOS="981" VPOS="1686" WIDTH="2240" HEIGHT="82">
						<String ID="P10_ST00096" HPOS="981" VPOS="1686" WIDTH="317" HEIGHT="82" CONTENT="Völkern," WC="1.00" CC="00600300"/>
						<SP ID="P10_SP00081" HPOS="1298" VPOS="1768" WIDTH="54"/>
						<String ID="P10_ST00097" HPOS="1352" VPOS="1687" WIDTH="221" HEIGHT="71" CONTENT="denen" WC="1.00" CC="00000"/>
						<SP ID="P10_SP00082" HPOS="1573" VPOS="1768" WIDTH="54"/>
						<String ID="P10_ST00098" HPOS="1627" VPOS="1688" WIDTH="109" HEIGHT="71" CONTENT="die" WC="0.97" CC="034"/>
						<SP ID="P10_SP00083" HPOS="1736" VPOS="1768" WIDTH="43"/>
						<String ID="P10_ST00099" HPOS="1779" VPOS="1688" WIDTH="170" HEIGHT="70" CONTENT="Frau" WC="0.99" CC="0004"/>
						<SP ID="P10_SP00084" HPOS="1949" VPOS="1768" WIDTH="45"/>
						<String ID="P10_ST00100" HPOS="1994" VPOS="1689" WIDTH="247" HEIGHT="70" CONTENT="Mutter" WC="1.00" CC="000000"/>
						<SP ID="P10_SP00085" HPOS="2241" VPOS="1768" WIDTH="44"/>
						<String ID="P10_ST00101" HPOS="2285" VPOS="1688" WIDTH="137" HEIGHT="71" CONTENT="und" WC="0.98" CC="400"/>
						<SP ID="P10_SP00086" HPOS="2422" VPOS="1768" WIDTH="45"/>
						<String ID="P10_ST00102" HPOS="2467" VPOS="1688" WIDTH="237" HEIGHT="71" CONTENT="Gattin" WC="1.00" CC="020000"/>
						<SP ID="P10_SP00087" HPOS="2704" VPOS="1768" WIDTH="50"/>
						<String ID="P10_ST00103" HPOS="2754" VPOS="1696" WIDTH="84" HEIGHT="63" CONTENT="ist" WC="1.00" CC="000"/>
						<SP ID="P10_SP00088" HPOS="2838" VPOS="1768" WIDTH="50"/>
						<String ID="P10_ST00104" HPOS="2888" VPOS="1695" WIDTH="86" HEIGHT="64" CONTENT="im" WC="0.81" CC="30"/>
						<SP ID="P10_SP00089" HPOS="2974" VPOS="1768" WIDTH="45"/>
						<String ID="P10_ST00105" HPOS="3019" VPOS="1689" WIDTH="202" HEIGHT="74" CONTENT="Sinne" WC="0.98" CC="01560"/>
					</TextLine>
					<TextLine ID="P10_TL00016" HPOS="980" VPOS="1777" WIDTH="2241" HEIGHT="85">
						<String ID="P10_ST00106" HPOS="980" VPOS="1777" WIDTH="123" HEIGHT="71" CONTENT="des" WC="0.98" CC="040"/>
						<SP ID="P10_SP00090" HPOS="1103" VPOS="1848" WIDTH="33"/>
						<String ID="P10_ST00107" HPOS="1136" VPOS="1778" WIDTH="336" HEIGHT="71" CONTENT="Westens." WC="1.00" CC="00000000"/>
						<SP ID="P10_SP00091" HPOS="1472" VPOS="1849" WIDTH="80"/>
						<String ID="P10_ST00108" HPOS="1552" VPOS="1781" WIDTH="358" HEIGHT="81" CONTENT="Nationen," WC="0.99" CC="300102054"/>
						<SP ID="P10_SP00092" HPOS="1910" VPOS="1862" WIDTH="54"/>
						<String ID="P10_ST00109" HPOS="1964" VPOS="1782" WIDTH="112" HEIGHT="70" CONTENT="bei" WC="0.98" CC="600"/>
						<SP ID="P10_SP00093" HPOS="2076" VPOS="1862" WIDTH="42"/>
						<String ID="P10_ST00110" HPOS="2118" VPOS="1781" WIDTH="222" HEIGHT="71" CONTENT="denen" WC="1.00" CC="00000"/>
						<SP ID="P10_SP00094" HPOS="2340" VPOS="1862" WIDTH="44"/>
						<String ID="P10_ST00111" HPOS="2384" VPOS="1810" WIDTH="72" HEIGHT="42" CONTENT="es" WC="0.84" CC="30"/>
						<SP ID="P10_SP00095" HPOS="2456" VPOS="1862" WIDTH="43"/>
						<String ID="P10_ST00112" HPOS="2499" VPOS="1786" WIDTH="107" HEIGHT="65" CONTENT="ein" WC="0.99" CC="030"/>
						<SP ID="P10_SP00096" HPOS="2606" VPOS="1862" WIDTH="49"/>
						<String ID="P10_ST00113" HPOS="2655" VPOS="1787" WIDTH="120" HEIGHT="66" CONTENT="mit" WC="0.99" CC="020"/>
						<SP ID="P10_SP00097" HPOS="2775" VPOS="1862" WIDTH="34"/>
						<String ID="P10_ST00114" HPOS="2809" VPOS="1782" WIDTH="244" HEIGHT="71" CONTENT="Tortur" WC="0.82" CC="130005"/>
						<SP ID="P10_SP00098" HPOS="3053" VPOS="1862" WIDTH="33"/>
						<String ID="P10_ST00115" HPOS="3086" VPOS="1786" WIDTH="135" HEIGHT="69" CONTENT="und" WC="0.99" CC="020"/>
					</TextLine>
					<TextLine ID="P10_TL00017" HPOS="979" VPOS="1871" WIDTH="2239" HEIGHT="95">
						<String ID="P10_ST00116" HPOS="979" VPOS="1871" WIDTH="155" HEIGHT="70" CONTENT="Tod" WC="0.99" CC="200"/>
						<SP ID="P10_SP00099" HPOS="1134" VPOS="1941" WIDTH="48"/>
						<String ID="P10_ST00117" HPOS="1182" VPOS="1872" WIDTH="365" HEIGHT="73" CONTENT="strafbares" WC="1.00" CC="0400700300"/>
						<SP ID="P10_SP00100" HPOS="1547" VPOS="1945" WIDTH="26"/>
						<String ID="P10_ST00118" HPOS="1573" VPOS="1875" WIDTH="357" HEIGHT="90" CONTENT="Vergehen" WC="1.00" CC="02000600"/>
						<SP ID="P10_SP00101" HPOS="1930" VPOS="1965" WIDTH="51"/>
						<String ID="P10_ST00119" HPOS="1981" VPOS="1881" WIDTH="103" HEIGHT="78" CONTENT="ist," WC="0.99" CC="2002"/>
						<SP ID="P10_SP00102" HPOS="2084" VPOS="1965" WIDTH="56"/>
						<String ID="P10_ST00120" HPOS="2140" VPOS="1875" WIDTH="110" HEIGHT="71" CONTENT="die" WC="1.00" CC="000"/>
						<SP ID="P10_SP00103" HPOS="2250" VPOS="1965" WIDTH="33"/>
						<String ID="P10_ST00121" HPOS="2283" VPOS="1876" WIDTH="385" HEIGHT="90" CONTENT="Regierung" WC="0.99" CC="100406540"/>
						<SP ID="P10_SP00104" HPOS="2668" VPOS="1966" WIDTH="48"/>
						<String ID="P10_ST00122" HPOS="2716" VPOS="1904" WIDTH="78" HEIGHT="42" CONTENT="zu" WC="0.75" CC="04"/>
						<SP ID="P10_SP00105" HPOS="2794" VPOS="1966" WIDTH="37"/>
						<String ID="P10_ST00123" HPOS="2831" VPOS="1876" WIDTH="387" HEIGHT="85" CONTENT="kritisieren," WC="1.00" CC="041040600070"/>
					</TextLine>
					<TextLine ID="P10_TL00018" HPOS="981" VPOS="1964" WIDTH="2237" HEIGHT="95">
						<String ID="P10_ST00124" HPOS="981" VPOS="1964" WIDTH="224" HEIGHT="71" CONTENT="haben" WC="0.99" CC="00600"/>
						<SP ID="P10_SP00106" HPOS="1205" VPOS="2035" WIDTH="67"/>
						<String ID="P10_ST00125" HPOS="1272" VPOS="1966" WIDTH="317" HEIGHT="89" CONTENT="politisch" WC="0.99" CC="003301006"/>
						<SP ID="P10_SP00107" HPOS="1589" VPOS="2055" WIDTH="67"/>
						<String ID="P10_ST00126" HPOS="1656" VPOS="1969" WIDTH="218" HEIGHT="70" CONTENT="nichts" WC="0.99" CC="330050"/>
						<SP ID="P10_SP00108" HPOS="1874" VPOS="2055" WIDTH="49"/>
						<String ID="P10_ST00127" HPOS="1923" VPOS="1974" WIDTH="265" HEIGHT="85" CONTENT="gemein" WC="1.00" CC="000020"/>
						<SP ID="P10_SP00109" HPOS="2188" VPOS="2059" WIDTH="66"/>
						<String ID="P10_ST00128" HPOS="2254" VPOS="1974" WIDTH="118" HEIGHT="66" CONTENT="mit" WC="0.99" CC="020"/>
						<SP ID="P10_SP00110" HPOS="2372" VPOS="2059" WIDTH="67"/>
						<String ID="P10_ST00129" HPOS="2439" VPOS="1969" WIDTH="300" HEIGHT="82" CONTENT="solchen," WC="0.99" CC="00500070"/>
						<SP ID="P10_SP00111" HPOS="2739" VPOS="2059" WIDTH="83"/>
						<String ID="P10_ST00130" HPOS="2822" VPOS="1970" WIDTH="110" HEIGHT="70" CONTENT="bei" WC="0.97" CC="402"/>
						<SP ID="P10_SP00112" HPOS="2932" VPOS="2059" WIDTH="69"/>
						<String ID="P10_ST00131" HPOS="3001" VPOS="1970" WIDTH="217" HEIGHT="71" CONTENT="denen" WC="0.99" CC="00006"/>
					</TextLine>
					<TextLine ID="P10_TL00019" HPOS="971" VPOS="2058" WIDTH="2248" HEIGHT="87">
						<String ID="P10_ST00132" HPOS="971" VPOS="2058" WIDTH="395" HEIGHT="87" CONTENT="jedermann" WC="1.00" CC="300000002"/>
						<SP ID="P10_SP00113" HPOS="1366" VPOS="2145" WIDTH="63"/>
						<String ID="P10_ST00133" HPOS="1429" VPOS="2060" WIDTH="120" HEIGHT="69" CONTENT="das" WC="1.00" CC="000"/>
						<SP ID="P10_SP00114" HPOS="1549" VPOS="2145" WIDTH="51"/>
						<String ID="P10_ST00134" HPOS="1600" VPOS="2060" WIDTH="391" HEIGHT="71" CONTENT="Wahlrecht" WC="0.99" CC="006400050"/>
						<SP ID="P10_SP00115" HPOS="1991" VPOS="2145" WIDTH="50"/>
						<String ID="P10_ST00135" HPOS="2041" VPOS="2062" WIDTH="115" HEIGHT="69" CONTENT="hat" WC="0.99" CC="030"/>
						<SP ID="P10_SP00116" HPOS="2156" VPOS="2145" WIDTH="57"/>
						<String ID="P10_ST00136" HPOS="2213" VPOS="2063" WIDTH="138" HEIGHT="68" CONTENT="und" WC="1.00" CC="100"/>
						<SP ID="P10_SP00117" HPOS="2351" VPOS="2145" WIDTH="52"/>
						<String ID="P10_ST00137" HPOS="2403" VPOS="2062" WIDTH="111" HEIGHT="69" CONTENT="auf" WC="0.97" CC="070"/>
						<SP ID="P10_SP00118" HPOS="2514" VPOS="2145" WIDTH="49"/>
						<String ID="P10_ST00138" HPOS="2563" VPOS="2068" WIDTH="230" HEIGHT="65" CONTENT="seinen" WC="0.99" CC="005006"/>
						<SP ID="P10_SP00119" HPOS="2793" VPOS="2145" WIDTH="55"/>
						<String ID="P10_ST00139" HPOS="2848" VPOS="2064" WIDTH="371" HEIGHT="71" CONTENT="Herrscher" WC="1.00" CC="000000000"/>
					</TextLine>
					<TextLine ID="P10_TL00020" HPOS="976" VPOS="2150" WIDTH="2242" HEIGHT="93">
						<String ID="P10_ST00140" HPOS="976" VPOS="2150" WIDTH="338" HEIGHT="72" CONTENT="mündlich" WC="1.00" CC="00000000"/>
						<SP ID="P10_SP00120" HPOS="1314" VPOS="2222" WIDTH="51"/>
						<String ID="P10_ST00141" HPOS="1365" VPOS="2152" WIDTH="138" HEIGHT="70" CONTENT="und" WC="0.98" CC="500"/>
						<SP ID="P10_SP00121" HPOS="1503" VPOS="2222" WIDTH="51"/>
						<String ID="P10_ST00142" HPOS="1554" VPOS="2153" WIDTH="362" HEIGHT="71" CONTENT="schriftlich" WC="1.00" CC="00050104000"/>
						<SP ID="P10_SP00122" HPOS="1916" VPOS="2224" WIDTH="60"/>
						<String ID="P10_ST00143" HPOS="1976" VPOS="2181" WIDTH="79" HEIGHT="43" CONTENT="so" WC="0.81" CC="03"/>
						<SP ID="P10_SP00123" HPOS="2055" VPOS="2224" WIDTH="49"/>
						<String ID="P10_ST00144" HPOS="2104" VPOS="2154" WIDTH="127" HEIGHT="70" CONTENT="viel" WC="0.98" CC="0105"/>
						<SP ID="P10_SP00124" HPOS="2231" VPOS="2224" WIDTH="50"/>
						<String ID="P10_ST00145" HPOS="2281" VPOS="2153" WIDTH="378" HEIGHT="90" CONTENT="schimpfen" WC="0.99" CC="000030606"/>
						<SP ID="P10_SP00125" HPOS="2659" VPOS="2243" WIDTH="51"/>
						<String ID="P10_ST00146" HPOS="2710" VPOS="2156" WIDTH="201" HEIGHT="81" CONTENT="kann," WC="1.00" CC="00000"/>
						<SP ID="P10_SP00126" HPOS="2911" VPOS="2243" WIDTH="61"/>
						<String ID="P10_ST00147" HPOS="2972" VPOS="2162" WIDTH="124" HEIGHT="65" CONTENT="wie" WC="0.98" CC="040"/>
						<SP ID="P10_SP00127" HPOS="3096" VPOS="2243" WIDTH="51"/>
						<String ID="P10_ST00148" HPOS="3147" VPOS="2186" WIDTH="71" HEIGHT="42" CONTENT="es" WC="1.00" CC="00"/>
					</TextLine>
					<TextLine ID="P10_TL00021" HPOS="976" VPOS="2243" WIDTH="2239" HEIGHT="92">
						<String ID="P10_ST00149" HPOS="976" VPOS="2243" WIDTH="135" HEIGHT="71" CONTENT="ihm" WC="0.98" CC="302"/>
						<SP ID="P10_SP00128" HPOS="1111" VPOS="2314" WIDTH="52"/>
						<String ID="P10_ST00150" HPOS="1163" VPOS="2243" WIDTH="192" HEIGHT="92" CONTENT="Spaß" WC="0.99" CC="4002"/>
						<SP ID="P10_SP00129" HPOS="1355" VPOS="2335" WIDTH="58"/>
						<String ID="P10_ST00151" HPOS="1413" VPOS="2246" WIDTH="245" HEIGHT="72" CONTENT="macht." WC="1.00" CC="000003"/>
						<SP ID="P10_SP00130" HPOS="1658" VPOS="2335" WIDTH="84"/>
						<String ID="P10_ST00152" HPOS="1742" VPOS="2247" WIDTH="271" HEIGHT="84" CONTENT="Völker," WC="1.00" CC="0030031"/>
						<SP ID="P10_SP00131" HPOS="2013" VPOS="2335" WIDTH="71"/>
						<String ID="P10_ST00153" HPOS="2084" VPOS="2247" WIDTH="110" HEIGHT="70" CONTENT="die" WC="1.00" CC="000"/>
						<SP ID="P10_SP00132" HPOS="2194" VPOS="2335" WIDTH="65"/>
						<String ID="P10_ST00154" HPOS="2259" VPOS="2248" WIDTH="321" HEIGHT="70" CONTENT="einander" WC="1.00" CC="03000000"/>
						<SP ID="P10_SP00133" HPOS="2580" VPOS="2335" WIDTH="50"/>
						<String ID="P10_ST00155" HPOS="2630" VPOS="2276" WIDTH="79" HEIGHT="42" CONTENT="so" WC="0.85" CC="02"/>
						<SP ID="P10_SP00134" HPOS="2709" VPOS="2335" WIDTH="58"/>
						<String ID="P10_ST00156" HPOS="2767" VPOS="2250" WIDTH="219" HEIGHT="71" CONTENT="fremd" WC="0.99" CC="60000"/>
						<SP ID="P10_SP00135" HPOS="2986" VPOS="2335" WIDTH="61"/>
						<String ID="P10_ST00157" HPOS="3047" VPOS="2251" WIDTH="168" HEIGHT="81" CONTENT="sind," WC="0.99" CC="07003"/>
					</TextLine>
					<TextLine ID="P10_TL00022" HPOS="978" VPOS="2336" WIDTH="2236" HEIGHT="95">
						<String ID="P10_ST00158" HPOS="978" VPOS="2336" WIDTH="134" HEIGHT="71" CONTENT="daß" WC="1.00" CC="000"/>
						<SP ID="P10_SP00136" HPOS="1112" VPOS="2407" WIDTH="28"/>
						<String ID="P10_ST00159" HPOS="1140" VPOS="2337" WIDTH="140" HEIGHT="70" CONTENT="ihre" WC="1.00" CC="1000"/>
						<SP ID="P10_SP00137" HPOS="1280" VPOS="2407" WIDTH="25"/>
						<String ID="P10_ST00160" HPOS="1305" VPOS="2337" WIDTH="484" HEIGHT="94" CONTENT="Angehörigen" WC="1.00" CC="00000064000"/>
						<SP ID="P10_SP00138" HPOS="1789" VPOS="2431" WIDTH="36"/>
						<String ID="P10_ST00161" HPOS="1825" VPOS="2340" WIDTH="184" HEIGHT="71" CONTENT="nicht" WC="1.00" CC="01000"/>
						<SP ID="P10_SP00139" HPOS="2009" VPOS="2431" WIDTH="37"/>
						<String ID="P10_ST00162" HPOS="2046" VPOS="2341" WIDTH="513" HEIGHT="71" CONTENT="untereinander" WC="1.00" CC="0400001303003"/>
						<SP ID="P10_SP00140" HPOS="2559" VPOS="2431" WIDTH="34"/>
						<String ID="P10_ST00163" HPOS="2593" VPOS="2341" WIDTH="299" HEIGHT="71" CONTENT="heiraten" WC="1.00" CC="00100000"/>
						<SP ID="P10_SP00141" HPOS="2892" VPOS="2431" WIDTH="35"/>
						<String ID="P10_ST00164" HPOS="2927" VPOS="2343" WIDTH="287" HEIGHT="82" CONTENT="können," WC="0.99" CC="0000073"/>
					</TextLine>
					<TextLine ID="P10_TL00023" HPOS="976" VPOS="2430" WIDTH="2239" HEIGHT="95">
						<String ID="P10_ST00165" HPOS="976" VPOS="2430" WIDTH="179" HEIGHT="70" CONTENT="ohne" WC="0.99" CC="3020"/>
						<SP ID="P10_SP00142" HPOS="1155" VPOS="2500" WIDTH="36"/>
						<String ID="P10_ST00166" HPOS="1191" VPOS="2430" WIDTH="135" HEIGHT="71" CONTENT="daß" WC="1.00" CC="000"/>
						<SP ID="P10_SP00143" HPOS="1326" VPOS="2501" WIDTH="36"/>
						<String ID="P10_ST00167" HPOS="1362" VPOS="2459" WIDTH="153" HEIGHT="42" CONTENT="man" WC="0.99" CC="010"/>
						<SP ID="P10_SP00144" HPOS="1515" VPOS="2501" WIDTH="38"/>
						<String ID="P10_ST00168" HPOS="1553" VPOS="2460" WIDTH="128" HEIGHT="44" CONTENT="von" WC="0.99" CC="003"/>
						<SP ID="P10_SP00145" HPOS="1681" VPOS="2504" WIDTH="29"/>
						<String ID="P10_ST00169" HPOS="1710" VPOS="2432" WIDTH="892" HEIGHT="92" CONTENT="Rassenverschlechterung" WC="1.00" CC="2000000000002000007200"/>
						<SP ID="P10_SP00146" HPOS="2602" VPOS="2524" WIDTH="34"/>
						<String ID="P10_ST00170" HPOS="2636" VPOS="2436" WIDTH="276" HEIGHT="89" CONTENT="spricht," WC="1.00" CC="00330003"/>
						<SP ID="P10_SP00147" HPOS="2912" VPOS="2525" WIDTH="37"/>
						<String ID="P10_ST00171" HPOS="2949" VPOS="2436" WIDTH="266" HEIGHT="71" CONTENT="werden" WC="1.00" CC="003001"/>
					</TextLine>
					<TextLine ID="P10_TL00024" HPOS="976" VPOS="2523" WIDTH="2241" HEIGHT="96">
						<String ID="P10_ST00172" HPOS="976" VPOS="2523" WIDTH="388" HEIGHT="71" CONTENT="schwerlich" WC="0.99" CC="0100235400"/>
						<SP ID="P10_SP00148" HPOS="1364" VPOS="2594" WIDTH="67"/>
						<String ID="P10_ST00173" HPOS="1431" VPOS="2525" WIDTH="112" HEIGHT="70" CONTENT="auf" WC="0.96" CC="036"/>
						<SP ID="P10_SP00149" HPOS="1543" VPOS="2595" WIDTH="73"/>
						<String ID="P10_ST00174" HPOS="1616" VPOS="2531" WIDTH="216" HEIGHT="66" CONTENT="einem" WC="0.99" CC="03100"/>
						<SP ID="P10_SP00150" HPOS="1832" VPOS="2597" WIDTH="66"/>
						<String ID="P10_ST00175" HPOS="1898" VPOS="2533" WIDTH="503" HEIGHT="86" CONTENT="gemeinsamen" WC="1.00" CC="00004000000"/>
						<SP ID="P10_SP00151" HPOS="2401" VPOS="2619" WIDTH="51"/>
						<String ID="P10_ST00176" HPOS="2452" VPOS="2528" WIDTH="216" HEIGHT="90" CONTENT="Wege" WC="1.00" CC="0000"/>
						<SP ID="P10_SP00152" HPOS="2668" VPOS="2619" WIDTH="66"/>
						<String ID="P10_ST00177" HPOS="2734" VPOS="2557" WIDTH="79" HEIGHT="42" CONTENT="zu" WC="0.82" CC="03"/>
						<SP ID="P10_SP00153" HPOS="2813" VPOS="2619" WIDTH="68"/>
						<String ID="P10_ST00178" HPOS="2881" VPOS="2529" WIDTH="336" HEIGHT="72" CONTENT="Gesetzen" WC="1.00" CC="00000002"/>
					</TextLine>
					<TextLine ID="P10_TL00025" HPOS="979" VPOS="2617" WIDTH="907" HEIGHT="73">
						<String ID="P10_ST00179" HPOS="979" VPOS="2617" WIDTH="171" HEIGHT="69" CONTENT="oder" WC="0.99" CC="3000"/>
						<SP ID="P10_SP00154" HPOS="1150" VPOS="2686" WIDTH="51"/>
						<String ID="P10_ST00180" HPOS="1201" VPOS="2617" WIDTH="299" HEIGHT="71" CONTENT="Urteilen" WC="0.99" CC="30033302"/>
						<SP ID="P10_SP00155" HPOS="1500" VPOS="2688" WIDTH="52"/>
						<String ID="P10_ST00181" HPOS="1552" VPOS="2619" WIDTH="334" HEIGHT="71" CONTENT="kommen." WC="1.00" CC="0300003"/>
					</TextLine>
					<TextLine ID="P10_TL00026" HPOS="1072" VPOS="2709" WIDTH="2145" HEIGHT="98">
						<String ID="P10_ST00182" HPOS="1072" VPOS="2709" WIDTH="203" HEIGHT="73" CONTENT="Nicht" WC="1.00" CC="21000"/>
						<SP ID="P10_SP00156" HPOS="1275" VPOS="2782" WIDTH="75"/>
						<String ID="P10_ST00183" HPOS="1350" VPOS="2717" WIDTH="63" HEIGHT="63" CONTENT="in" WC="0.82" CC="30"/>
						<SP ID="P10_SP00157" HPOS="1413" VPOS="2782" WIDTH="76"/>
						<String ID="P10_ST00184" HPOS="1489" VPOS="2712" WIDTH="155" HEIGHT="71" CONTENT="dem" WC="1.00" CC="000"/>
						<SP ID="P10_SP00158" HPOS="1644" VPOS="2783" WIDTH="77"/>
						<String ID="P10_ST00185" HPOS="1721" VPOS="2714" WIDTH="452" HEIGHT="70" CONTENT="Einbeziehen" WC="1.00" CC="40550000000"/>
						<SP ID="P10_SP00159" HPOS="2173" VPOS="2784" WIDTH="66"/>
						<String ID="P10_ST00186" HPOS="2239" VPOS="2714" WIDTH="161" HEIGHT="70" CONTENT="aller" WC="0.98" CC="05500"/>
						<SP ID="P10_SP00160" HPOS="2400" VPOS="2784" WIDTH="71"/>
						<String ID="P10_ST00187" HPOS="2471" VPOS="2714" WIDTH="339" HEIGHT="70" CONTENT="Nationen" WC="1.00" CC="00000000"/>
						<SP ID="P10_SP00161" HPOS="2810" VPOS="2784" WIDTH="74"/>
						<String ID="P10_ST00188" HPOS="2884" VPOS="2717" WIDTH="161" HEIGHT="90" CONTENT="liegt" WC="0.99" CC="10003"/>
						<SP ID="P10_SP00162" HPOS="3045" VPOS="2807" WIDTH="65"/>
						<String ID="P10_ST00189" HPOS="3110" VPOS="2717" WIDTH="107" HEIGHT="70" CONTENT="die" WC="0.99" CC="030"/>
					</TextLine>
					<TextLine ID="P10_TL00027" HPOS="974" VPOS="2802" WIDTH="2241" HEIGHT="94">
						<String ID="P10_ST00190" HPOS="974" VPOS="2802" WIDTH="505" HEIGHT="93" CONTENT="Schwierigkeit" WC="1.00" CC="2000205100030"/>
						<SP ID="P10_SP00163" HPOS="1479" VPOS="2895" WIDTH="27"/>
						<String ID="P10_ST00191" HPOS="1506" VPOS="2806" WIDTH="108" HEIGHT="71" CONTENT="bei" WC="0.97" CC="600"/>
						<SP ID="P10_SP00164" HPOS="1614" VPOS="2895" WIDTH="38"/>
						<String ID="P10_ST00192" HPOS="1652" VPOS="2806" WIDTH="121" HEIGHT="71" CONTENT="der" WC="1.00" CC="000"/>
						<SP ID="P10_SP00165" HPOS="1773" VPOS="2895" WIDTH="25"/>
						<String ID="P10_ST00193" HPOS="1798" VPOS="2806" WIDTH="379" HEIGHT="90" CONTENT="Gründung" WC="0.99" CC="04040020"/>
						<SP ID="P10_SP00166" HPOS="2177" VPOS="2896" WIDTH="26"/>
						<String ID="P10_ST00194" HPOS="2203" VPOS="2808" WIDTH="121" HEIGHT="70" CONTENT="des" WC="1.00" CC="000"/>
						<SP ID="P10_SP00167" HPOS="2324" VPOS="2896" WIDTH="27"/>
						<String ID="P10_ST00195" HPOS="2351" VPOS="2807" WIDTH="539" HEIGHT="85" CONTENT="Völkerbundes," WC="1.00" CC="0050000300003"/>
						<SP ID="P10_SP00168" HPOS="2890" VPOS="2896" WIDTH="32"/>
						<String ID="P10_ST00196" HPOS="2922" VPOS="2810" WIDTH="293" HEIGHT="71" CONTENT="sondern" WC="1.00" CC="0100000"/>
					</TextLine>
					<TextLine ID="P10_TL00028" HPOS="971" VPOS="2896" WIDTH="2242" HEIGHT="85">
						<String ID="P10_ST00197" HPOS="971" VPOS="2896" WIDTH="319" HEIGHT="71" CONTENT="vielmehr" WC="0.99" CC="04030064"/>
						<SP ID="P10_SP00169" HPOS="1290" VPOS="2967" WIDTH="65"/>
						<String ID="P10_ST00198" HPOS="1355" VPOS="2897" WIDTH="208" HEIGHT="84" CONTENT="darin," WC="0.99" CC="063030"/>
						<SP ID="P10_SP00170" HPOS="1563" VPOS="2981" WIDTH="79"/>
						<String ID="P10_ST00199" HPOS="1642" VPOS="2898" WIDTH="110" HEIGHT="72" CONTENT="die" WC="0.99" CC="020"/>
						<SP ID="P10_SP00171" HPOS="1752" VPOS="2981" WIDTH="74"/>
						<String ID="P10_ST00200" HPOS="1826" VPOS="2901" WIDTH="556" HEIGHT="70" CONTENT="unbrauchbaren" WC="1.00" CC="0060020060000"/>
						<SP ID="P10_SP00172" HPOS="2382" VPOS="2981" WIDTH="78"/>
						<String ID="P10_ST00201" HPOS="2460" VPOS="2900" WIDTH="298" HEIGHT="71" CONTENT="draußen" WC="0.99" CC="0507002"/>
						<SP ID="P10_SP00173" HPOS="2758" VPOS="2981" WIDTH="66"/>
						<String ID="P10_ST00202" HPOS="2824" VPOS="2930" WIDTH="78" HEIGHT="42" CONTENT="zu" WC="1.00" CC="00"/>
						<SP ID="P10_SP00174" HPOS="2902" VPOS="2981" WIDTH="67"/>
						<String ID="P10_ST00203" HPOS="2969" VPOS="2902" WIDTH="244" HEIGHT="71" CONTENT="halten." WC="0.99" CC="6041043"/>
					</TextLine>
					<TextLine ID="P10_TL00029" HPOS="971" VPOS="2991" WIDTH="2243" HEIGHT="88">
						<String ID="P10_ST00204" HPOS="971" VPOS="2991" WIDTH="143" HEIGHT="70" CONTENT="Vor" WC="0.98" CC="005"/>
						<SP ID="P10_SP00175" HPOS="1114" VPOS="3061" WIDTH="31"/>
						<String ID="P10_ST00205" HPOS="1145" VPOS="2994" WIDTH="82" HEIGHT="66" CONTENT="12" WC="0.91" CC="10"/>
						<SP ID="P10_SP00176" HPOS="1227" VPOS="3061" WIDTH="20"/>
						<String ID="P10_ST00206" HPOS="1247" VPOS="2991" WIDTH="249" HEIGHT="88" CONTENT="Jahren" WC="0.99" CC="070000"/>
						<SP ID="P10_SP00177" HPOS="1496" VPOS="3079" WIDTH="35"/>
						<String ID="P10_ST00207" HPOS="1531" VPOS="2996" WIDTH="176" HEIGHT="68" CONTENT="wäre" WC="0.99" CC="0030"/>
						<SP ID="P10_SP00178" HPOS="1707" VPOS="3079" WIDTH="35"/>
						<String ID="P10_ST00208" HPOS="1742" VPOS="2994" WIDTH="121" HEIGHT="70" CONTENT="der" WC="1.00" CC="000"/>
						<SP ID="P10_SP00179" HPOS="1863" VPOS="3079" WIDTH="25"/>
						<String ID="P10_ST00209" HPOS="1888" VPOS="2992" WIDTH="685" HEIGHT="74" CONTENT="leidenschaftlichste" WC="1.00" CC="0010000002603000000"/>
						<SP ID="P10_SP00180" HPOS="2573" VPOS="3079" WIDTH="28"/>
						<String ID="P10_ST00210" HPOS="2601" VPOS="2995" WIDTH="350" HEIGHT="71" CONTENT="Kandidat" WC="1.00" CC="40000000"/>
						<SP ID="P10_SP00181" HPOS="2951" VPOS="3079" WIDTH="27"/>
						<String ID="P10_ST00211" HPOS="2978" VPOS="2996" WIDTH="103" HEIGHT="70" CONTENT="für" WC="0.98" CC="400"/>
						<SP ID="P10_SP00182" HPOS="3081" VPOS="3079" WIDTH="25"/>
						<String ID="P10_ST00212" HPOS="3106" VPOS="2998" WIDTH="108" HEIGHT="69" CONTENT="die" WC="1.00" CC="000"/>
					</TextLine>
					<TextLine ID="P10_TL00030" HPOS="971" VPOS="3081" WIDTH="2241" HEIGHT="98">
						<String ID="P10_ST00213" HPOS="971" VPOS="3081" WIDTH="372" HEIGHT="93" CONTENT="Zulassung" WC="1.00" CC="006000300"/>
						<SP ID="P10_SP00183" HPOS="1343" VPOS="3174" WIDTH="47"/>
						<String ID="P10_ST00214" HPOS="1390" VPOS="3113" WIDTH="146" HEIGHT="43" CONTENT="zum" WC="1.00" CC="010"/>
						<SP ID="P10_SP00184" HPOS="1536" VPOS="3174" WIDTH="36"/>
						<String ID="P10_ST00215" HPOS="1572" VPOS="3086" WIDTH="443" HEIGHT="72" CONTENT="Völkerbund" WC="1.00" CC="0030007050"/>
						<SP ID="P10_SP00185" HPOS="2015" VPOS="3174" WIDTH="37"/>
						<String ID="P10_ST00216" HPOS="2052" VPOS="3089" WIDTH="119" HEIGHT="70" CONTENT="der" WC="1.00" CC="000"/>
						<SP ID="P10_SP00186" HPOS="2171" VPOS="3174" WIDTH="35"/>
						<String ID="P10_ST00217" HPOS="2206" VPOS="3086" WIDTH="126" HEIGHT="72" CONTENT="Zar" WC="1.00" CC="000"/>
						<SP ID="P10_SP00187" HPOS="2332" VPOS="3174" WIDTH="31"/>
						<String ID="P10_ST00218" HPOS="2363" VPOS="3116" WIDTH="134" HEIGHT="43" CONTENT="von" WC="0.99" CC="020"/>
						<SP ID="P10_SP00188" HPOS="2497" VPOS="3174" WIDTH="36"/>
						<String ID="P10_ST00219" HPOS="2533" VPOS="3086" WIDTH="314" HEIGHT="73" CONTENT="Rußland" WC="0.99" CC="2504000"/>
						<SP ID="P10_SP00189" HPOS="2847" VPOS="3174" WIDTH="33"/>
						<String ID="P10_ST00220" HPOS="2880" VPOS="3117" WIDTH="332" HEIGHT="62" CONTENT="gewesen," WC="1.00" CC="00000062"/>
					</TextLine>
					<TextLine ID="P10_TL00031" HPOS="974" VPOS="3177" WIDTH="2241" HEIGHT="91">
						<String ID="P10_ST00221" HPOS="974" VPOS="3177" WIDTH="244" HEIGHT="72" CONTENT="dessen" WC="1.00" CC="000003"/>
						<SP ID="P10_SP00190" HPOS="1218" VPOS="3249" WIDTH="37"/>
						<String ID="P10_ST00222" HPOS="1255" VPOS="3178" WIDTH="292" HEIGHT="90" CONTENT="Beispiel" WC="0.99" CC="30200004"/>
						<SP ID="P10_SP00191" HPOS="1547" VPOS="3268" WIDTH="28"/>
						<String ID="P10_ST00223" HPOS="1575" VPOS="3180" WIDTH="215" HEIGHT="72" CONTENT="sofort" WC="1.00" CC="000100"/>
						<SP ID="P10_SP00192" HPOS="1790" VPOS="3268" WIDTH="27"/>
						<String ID="P10_ST00224" HPOS="1817" VPOS="3180" WIDTH="111" HEIGHT="73" CONTENT="die" WC="1.00" CC="000"/>
						<SP ID="P10_SP00193" HPOS="1928" VPOS="3268" WIDTH="28"/>
						<String ID="P10_ST00225" HPOS="1956" VPOS="3183" WIDTH="304" HEIGHT="70" CONTENT="Kaiserin" WC="1.00" CC="50300000"/>
						<SP ID="P10_SP00194" HPOS="2260" VPOS="3268" WIDTH="28"/>
						<String ID="P10_ST00226" HPOS="2288" VPOS="3210" WIDTH="132" HEIGHT="42" CONTENT="von" WC="0.98" CC="006"/>
						<SP ID="P10_SP00195" HPOS="2420" VPOS="3268" WIDTH="37"/>
						<String ID="P10_ST00227" HPOS="2457" VPOS="3180" WIDTH="222" HEIGHT="72" CONTENT="China" WC="0.99" CC="07000"/>
						<SP ID="P10_SP00196" HPOS="2679" VPOS="3268" WIDTH="34"/>
						<String ID="P10_ST00228" HPOS="2713" VPOS="3183" WIDTH="137" HEIGHT="70" CONTENT="und" WC="0.98" CC="500"/>
						<SP ID="P10_SP00197" HPOS="2850" VPOS="3268" WIDTH="34"/>
						<String ID="P10_ST00229" HPOS="2884" VPOS="3184" WIDTH="331" HEIGHT="70" CONTENT="vielleicht" WC="1.00" CC="0404202000"/>
					</TextLine>
					<TextLine ID="P10_TL00032" HPOS="970" VPOS="3271" WIDTH="2245" HEIGHT="96">
						<String ID="P10_ST00230" HPOS="970" VPOS="3271" WIDTH="172" HEIGHT="69" CONTENT="auch" WC="1.00" CC="0000"/>
						<SP ID="P10_SP00198" HPOS="1142" VPOS="3340" WIDTH="53"/>
						<String ID="P10_ST00231" HPOS="1195" VPOS="3271" WIDTH="118" HEIGHT="69" CONTENT="der" WC="1.00" CC="000"/>
						<SP ID="P10_SP00199" HPOS="1313" VPOS="3340" WIDTH="48"/>
						<String ID="P10_ST00232" HPOS="1361" VPOS="3272" WIDTH="207" HEIGHT="71" CONTENT="Lama" WC="0.99" CC="5000"/>
						<SP ID="P10_SP00200" HPOS="1568" VPOS="3343" WIDTH="46"/>
						<String ID="P10_ST00233" HPOS="1614" VPOS="3301" WIDTH="132" HEIGHT="42" CONTENT="von" WC="0.99" CC="002"/>
						<SP ID="P10_SP00201" HPOS="1746" VPOS="3343" WIDTH="51"/>
						<String ID="P10_ST00234" HPOS="1797" VPOS="3274" WIDTH="200" HEIGHT="74" CONTENT="Tibet" WC="0.98" CC="23600"/>
						<SP ID="P10_SP00202" HPOS="1997" VPOS="3348" WIDTH="39"/>
						<String ID="P10_ST00235" HPOS="2036" VPOS="3274" WIDTH="260" HEIGHT="93" CONTENT="gefolgt" WC="0.99" CC="0050400"/>
						<SP ID="P10_SP00203" HPOS="2296" VPOS="3367" WIDTH="47"/>
						<String ID="P10_ST00236" HPOS="2343" VPOS="3279" WIDTH="240" HEIGHT="67" CONTENT="wären." WC="1.00" CC="000003"/>
						<SP ID="P10_SP00204" HPOS="2583" VPOS="3367" WIDTH="86"/>
						<String ID="P10_ST00237" HPOS="2669" VPOS="3276" WIDTH="143" HEIGHT="71" CONTENT="Ihre" WC="0.97" CC="7500"/>
						<SP ID="P10_SP00205" HPOS="2812" VPOS="3367" WIDTH="34"/>
						<String ID="P10_ST00238" HPOS="2846" VPOS="3276" WIDTH="369" HEIGHT="91" CONTENT="Zulassung" WC="0.99" CC="036000009"/>
					</TextLine>
					<TextLine ID="P10_TL00033" HPOS="970" VPOS="3363" WIDTH="2242" HEIGHT="97">
						<String ID="P10_ST00239" HPOS="970" VPOS="3363" WIDTH="184" HEIGHT="71" CONTENT="hätte" WC="0.98" CC="06600"/>
						<SP ID="P10_SP00206" HPOS="1154" VPOS="3434" WIDTH="75"/>
						<String ID="P10_ST00240" HPOS="1229" VPOS="3366" WIDTH="341" HEIGHT="70" CONTENT="entweder" WC="1.00" CC="06000000"/>
						<SP ID="P10_SP00207" HPOS="1570" VPOS="3436" WIDTH="72"/>
						<String ID="P10_ST00241" HPOS="1642" VPOS="3372" WIDTH="148" HEIGHT="65" CONTENT="eine" WC="0.99" CC="0500"/>
						<SP ID="P10_SP00208" HPOS="1790" VPOS="3437" WIDTH="64"/>
						<String ID="P10_ST00242" HPOS="1854" VPOS="3370" WIDTH="450" HEIGHT="89" CONTENT="vollständige" WC="1.00" CC="030300000000"/>
						<SP ID="P10_SP00209" HPOS="2304" VPOS="3459" WIDTH="66"/>
						<String ID="P10_ST00243" HPOS="2370" VPOS="3370" WIDTH="309" HEIGHT="90" CONTENT="Paralyse" WC="1.00" CC="00305200"/>
						<SP ID="P10_SP00210" HPOS="2679" VPOS="3460" WIDTH="75"/>
						<String ID="P10_ST00244" HPOS="2754" VPOS="3370" WIDTH="121" HEIGHT="71" CONTENT="des" WC="1.00" CC="000"/>
						<SP ID="P10_SP00211" HPOS="2875" VPOS="3460" WIDTH="67"/>
						<String ID="P10_ST00245" HPOS="2942" VPOS="3371" WIDTH="270" HEIGHT="70" CONTENT="Bundes" WC="1.00" CC="130000"/>
					</TextLine>
					<TextLine ID="P10_TL00034" HPOS="970" VPOS="3457" WIDTH="2239" HEIGHT="92">
						<String ID="P10_ST00246" HPOS="970" VPOS="3457" WIDTH="502" HEIGHT="92" CONTENT="herbeigeführt" WC="1.00" CC="0067040060000"/>
						<SP ID="P10_SP00212" HPOS="1472" VPOS="3549" WIDTH="64"/>
						<String ID="P10_ST00247" HPOS="1536" VPOS="3459" WIDTH="168" HEIGHT="71" CONTENT="oder" WC="0.99" CC="0004"/>
						<SP ID="P10_SP00213" HPOS="1704" VPOS="3549" WIDTH="66"/>
						<String ID="P10_ST00248" HPOS="1770" VPOS="3460" WIDTH="164" HEIGHT="72" CONTENT="aber" WC="0.98" CC="2600"/>
						<SP ID="P10_SP00214" HPOS="1934" VPOS="3549" WIDTH="57"/>
						<String ID="P10_ST00249" HPOS="1991" VPOS="3464" WIDTH="112" HEIGHT="69" CONTENT="ihn" WC="0.97" CC="160"/>
						<SP ID="P10_SP00215" HPOS="2103" VPOS="3549" WIDTH="53"/>
						<String ID="P10_ST00250" HPOS="2156" VPOS="3462" WIDTH="111" HEIGHT="71" CONTENT="auf" WC="0.98" CC="006"/>
						<SP ID="P10_SP00216" HPOS="2267" VPOS="3549" WIDTH="49"/>
						<String ID="P10_ST00251" HPOS="2316" VPOS="3462" WIDTH="134" HEIGHT="70" CONTENT="den" WC="0.97" CC="025"/>
						<SP ID="P10_SP00217" HPOS="2450" VPOS="3549" WIDTH="59"/>
						<String ID="P10_ST00252" HPOS="2509" VPOS="3461" WIDTH="297" HEIGHT="72" CONTENT="Zustand" WC="1.00" CC="0100000"/>
						<SP ID="P10_SP00218" HPOS="2806" VPOS="3549" WIDTH="58"/>
						<String ID="P10_ST00253" HPOS="2864" VPOS="3465" WIDTH="345" HEIGHT="81" CONTENT="reduziert," WC="1.00" CC="0000040190"/>
					</TextLine>
					<TextLine ID="P10_TL00035" HPOS="969" VPOS="3551" WIDTH="2240" HEIGHT="76">
						<String ID="P10_ST00254" HPOS="969" VPOS="3556" WIDTH="122" HEIGHT="65" CONTENT="wie" WC="0.99" CC="020"/>
						<SP ID="P10_SP00219" HPOS="1091" VPOS="3621" WIDTH="59"/>
						<String ID="P10_ST00255" HPOS="1150" VPOS="3579" WIDTH="72" HEIGHT="42" CONTENT="er" WC="1.00" CC="00"/>
						<SP ID="P10_SP00220" HPOS="1222" VPOS="3621" WIDTH="55"/>
						<String ID="P10_ST00256" HPOS="1277" VPOS="3556" WIDTH="64" HEIGHT="65" CONTENT="in" WC="0.86" CC="01"/>
						<SP ID="P10_SP00221" HPOS="1341" VPOS="3621" WIDTH="61"/>
						<String ID="P10_ST00257" HPOS="1402" VPOS="3553" WIDTH="131" HEIGHT="69" CONTENT="den" WC="1.00" CC="000"/>
						<SP ID="P10_SP00222" HPOS="1533" VPOS="3622" WIDTH="52"/>
						<String ID="P10_ST00258" HPOS="1585" VPOS="3551" WIDTH="409" HEIGHT="75" CONTENT="Südstaaten" WC="1.00" CC="2000000000"/>
						<SP ID="P10_SP00223" HPOS="1994" VPOS="3626" WIDTH="57"/>
						<String ID="P10_ST00259" HPOS="2051" VPOS="3584" WIDTH="133" HEIGHT="42" CONTENT="von" WC="0.99" CC="002"/>
						<SP ID="P10_SP00224" HPOS="2184" VPOS="3626" WIDTH="54"/>
						<String ID="P10_ST00260" HPOS="2238" VPOS="3554" WIDTH="546" HEIGHT="72" CONTENT="Nord-Amerika" WC="1.00" CC="000020000100"/>
						<SP ID="P10_SP00225" HPOS="2784" VPOS="3626" WIDTH="49"/>
						<String ID="P10_ST00261" HPOS="2833" VPOS="3558" WIDTH="173" HEIGHT="69" CONTENT="nach" WC="1.00" CC="0000"/>
						<SP ID="P10_SP00226" HPOS="3006" VPOS="3627" WIDTH="52"/>
						<String ID="P10_ST00262" HPOS="3058" VPOS="3558" WIDTH="151" HEIGHT="69" CONTENT="dem" WC="1.00" CC="000"/>
					</TextLine>
					<TextLine ID="P10_TL00036" HPOS="970" VPOS="3644" WIDTH="2240" HEIGHT="93">
						<String ID="P10_ST00263" HPOS="970" VPOS="3644" WIDTH="442" HEIGHT="93" CONTENT="Bürgerkrieg" WC="1.00" CC="30001200200"/>
						<SP ID="P10_SP00227" HPOS="1412" VPOS="3737" WIDTH="33"/>
						<String ID="P10_ST00264" HPOS="1445" VPOS="3652" WIDTH="259" HEIGHT="77" CONTENT="eintrat," WC="1.00" CC="02100100"/>
						<SP ID="P10_SP00228" HPOS="1704" VPOS="3737" WIDTH="38"/>
						<String ID="P10_ST00265" HPOS="1742" VPOS="3649" WIDTH="97" HEIGHT="70" CONTENT="als" WC="0.98" CC="050"/>
						<SP ID="P10_SP00229" HPOS="1839" VPOS="3737" WIDTH="33"/>
						<String ID="P10_ST00266" HPOS="1872" VPOS="3650" WIDTH="119" HEIGHT="71" CONTENT="der" WC="0.98" CC="005"/>
						<SP ID="P10_SP00230" HPOS="1991" VPOS="3737" WIDTH="26"/>
						<String ID="P10_ST00267" HPOS="2017" VPOS="3649" WIDTH="528" HEIGHT="72" CONTENT="amerikanische" WC="1.00" CC="0000005350000"/>
						<SP ID="P10_SP00231" HPOS="2545" VPOS="3737" WIDTH="27"/>
						<String ID="P10_ST00268" HPOS="2572" VPOS="3649" WIDTH="345" HEIGHT="72" CONTENT="Exzentrik" WC="0.99" CC="400060300"/>
						<SP ID="P10_SP00232" HPOS="2917" VPOS="3737" WIDTH="34"/>
						<String ID="P10_ST00269" HPOS="2951" VPOS="3653" WIDTH="222" HEIGHT="70" CONTENT="kunter" SUBS_TYPE="HypPart1" SUBS_CONTENT="kunterbunt" WC="1.00" CC="003000"/>
						<HYP HPOS="3173" VPOS="3653" WIDTH="37" CONTENT="-"/>
					</TextLine>
					<TextLine ID="P10_TL00037" HPOS="969" VPOS="3737" WIDTH="2239" HEIGHT="97">
						<String ID="P10_ST00270" HPOS="969" VPOS="3737" WIDTH="170" HEIGHT="71" CONTENT="bunt" SUBS_TYPE="HypPart2" SUBS_CONTENT="kunterbunt" WC="0.98" CC="7100"/>
						<SP ID="P10_SP00233" HPOS="1139" VPOS="3808" WIDTH="56"/>
						<String ID="P10_ST00271" HPOS="1195" VPOS="3739" WIDTH="253" HEIGHT="81" CONTENT="„weiße" WC="1.00" CC="100000"/>
						<SP ID="P10_SP00234" HPOS="1448" VPOS="3820" WIDTH="41"/>
						<String ID="P10_ST00272" HPOS="1489" VPOS="3740" WIDTH="138" HEIGHT="70" CONTENT="und" WC="0.98" CC="050"/>
						<SP ID="P10_SP00235" HPOS="1627" VPOS="3820" WIDTH="42"/>
						<String ID="P10_ST00273" HPOS="1669" VPOS="3740" WIDTH="374" HEIGHT="74" CONTENT="schwarze“" WC="1.00" CC="005000008"/>
						<SP ID="P10_SP00236" HPOS="2043" VPOS="3820" WIDTH="37"/>
						<String ID="P10_ST00274" HPOS="2080" VPOS="3743" WIDTH="292" HEIGHT="71" CONTENT="Gesetze" WC="1.00" CC="0000000"/>
						<SP ID="P10_SP00237" HPOS="2372" VPOS="3820" WIDTH="42"/>
						<String ID="P10_ST00275" HPOS="2414" VPOS="3748" WIDTH="65" HEIGHT="65" CONTENT="in" WC="0.95" CC="00"/>
						<SP ID="P10_SP00238" HPOS="2479" VPOS="3820" WIDTH="44"/>
						<String ID="P10_ST00276" HPOS="2523" VPOS="3742" WIDTH="132" HEIGHT="71" CONTENT="den" WC="0.98" CC="004"/>
						<SP ID="P10_SP00239" HPOS="2655" VPOS="3820" WIDTH="37"/>
						<String ID="P10_ST00277" HPOS="2692" VPOS="3748" WIDTH="516" HEIGHT="86" CONTENT="emanzipierten" WC="0.99" CC="0000210406907"/>
					</TextLine>
					<TextLine ID="P10_TL00038" HPOS="970" VPOS="3829" WIDTH="953" HEIGHT="79">
						<String ID="P10_ST00278" HPOS="970" VPOS="3829" WIDTH="554" HEIGHT="74" CONTENT="Sklavenstaaten" WC="1.00" CC="00000000450006"/>
						<SP ID="P10_SP00240" HPOS="1524" VPOS="3903" WIDTH="52"/>
						<String ID="P10_ST00279" HPOS="1576" VPOS="3834" WIDTH="347" HEIGHT="74" CONTENT="einführte." WC="0.99" CC="0407066014"/>
					</TextLine>
				</TextBlock>
			</PrintSpace>
		</Page>
	</Layout>
</alto>
