3553 4572
1015 511 113 57 146

1336 510 273 59 Bernard
1646 510 187 60 Shaw
1894 545 13 12 •
1969 509 199 61 Winke
2206 533 110 36 zur
2354 508 594 76 Friedenskonferenz

1018 701 118 65 mit
1184 702 217 65 einem
1437 696 439 71 Einkommen
1926 725 132 42 von
2110 697 90 70 30
2219 698 138 70 000
2385 705 38 52 &
2465 701 87 65 im
2601 694 202 91 Jahre
2854 697 211 70 sollen
3114 703 131 71 sich

1015 818 133 42 von
1199 795 217 66 einem
1452 790 569 71 amerikanischen
2056 791 351 70 Professor
2449 790 503 71 schulmeistern
2985 791 261 76 lassen?

1016 882 143 70 Das
1193 888 175 64 wäre
1404 888 105 66 ein
1546 884 413 80 Phänomen,
1999 882 125 72 das
2158 882 413 73 schlechthin
2608 882 96 70 als
2740 884 504 90 apokalyptisch

1018 1004 78 42 zu
1148 976 408 72 bezeichnen
1590 982 196 76 wäre,
1832 976 137 70 und
2021 982 217 86 einige
2290 978 121 70 der
2445 978 260 68 Herren
2758 975 224 71 haben
3036 978 213 73 dieser

1018 1068 458 91 Empfindung
1509 1074 64 64 in
1609 1074 303 84 privaten
1940 1070 282 70 Kreisen
2257 1069 210 73 schon
2502 1070 367 89 besorgten
2895 1069 353 74 Ausdruck

1014 1162 360 70 verliehen.
1507 1162 138 70 Der
1695 1162 359 71 unerhörte
2111 1163 423 92 persönliche
2585 1161 227 91 Erfolg
2872 1162 120 70 des
3042 1163 172 73 Präsi-

1016 1255 248 71 denten
1300 1261 64 63 in
1401 1255 291 72 London
1728 1256 118 71 hat
1886 1257 273 71 solchen
2195 1255 495 73 snobistischen
2727 1256 519 73 Widerständen

1016 1354 66 64 in
1133 1347 308 93 England
1499 1355 107 65 ein
1656 1350 102 70 für
1814 1350 127 71 alle
2007 1351 135 70 Mai
2203 1355 105 66 ein
2368 1350 188 70 Ende
2611 1349 333 90 gemacht.
3047 1350 162 72 Heut-

1019 1454 240 77 zutage
1308 1443 178 69 kann
1522 1443 122 69 der
1693 1443 111 71 die
1838 1444 192 70 Rolle
2065 1443 196 71 Karls
2299 1444 119 70 des
2457 1443 281 71 Großen
2774 1443 472 83 übernehmen,

1020 1535 122 70 der
1200 1540 97 65 sie
1359 1535 258 89 spielen
1675 1536 197 83 kann,
1933 1536 177 70 kann
2168 1536 121 70 der
2346 1536 109 70 die
2514 1535 198 70 Tiara
2774 1549 257 76 tragen,
3102 1536 147 72 dem

1020 1655 73 43 es
1151 1627 311 90 gegeben
1522 1633 103 76 ist,
1686 1629 209 89 Papst
1951 1656 78 42 zu
2087 1633 164 65 sein.
2352 1627 191 71 Nach
2603 1628 155 70 dem
2816 1629 288 70 Bankett
3168 1634 81 66 im

1019 1721 717 89 Buckingham-Palast
1785 1722 136 70 und
1975 1722 154 70 dem
2181 1721 335 91 Empfang
2572 1727 65 63 in
2689 1722 122 70 der
2859 1722 393 71 Guild-Hall

1015 1843 138 41 war
1204 1843 73 41 es
1329 1813 180 71 nicht
1559 1815 189 69 mehr
1802 1813 417 84 zweifelhaft,
2271 1844 135 42 wer
2463 1816 228 88 König
2737 1843 136 41 war
2921 1821 65 63 in
3036 1816 171 70 West-

1016 1935 277 63 europa,
1331 1907 230 89 König
1593 1907 174 70 kraft
1801 1909 121 69 des
1971 1907 366 89 göttlichen
2373 1907 312 82 Rechtes,
2723 1907 123 71 das
2885 1909 368 71 Charakter

1018 2001 139 69 und
1208 2000 523 71 Persönlichkeit
1778 2001 296 70 verleiht.

1108 2093 193 70 Aber
1350 2093 176 70 noch
1576 2093 319 70 während
1946 2094 260 69 Wilson
2260 2099 64 64 in
2378 2094 119 69 der
2547 2093 398 71 Guild-Hall
2995 2094 254 89 sprach,

1016 2185 272 72 wurden
1358 2185 109 70 die
1527 2184 328 71 Stimmen
1918 2185 286 91 gezählt,
2266 2187 109 70 die
2435 2215 152 42 man
2651 2189 87 66 14
2780 2185 187 92 Tage
3015 2187 239 70 vorher

1016 2307 113 42 zur
1195 2279 440 91 allgemeinen
1695 2278 199 71 Wahl
1960 2279 403 91 abgegeben
2430 2279 204 72 hatte.
2740 2279 134 72 Am
2934 2281 319 70 nächsten

1016 2372 187 89 Tage
1265 2373 205 88 ergab
1540 2372 110 69 die
1708 2370 303 92 Zählung
2076 2379 147 64 eine
2289 2372 570 90 überwältigende
2919 2373 336 89 Majorität

1018 2471 87 64 im
1145 2466 379 69 Parlament
1573 2479 367 73 zugunsten
1985 2466 121 70 der
2140 2467 238 80 Partei,
2413 2493 219 63 gegen
2685 2466 109 70 die
2829 2466 260 70 Wilson
3142 2471 113 65 mit

1018 2558 296 71 Händen
1366 2559 137 68 und
1540 2558 229 69 Füßen
1822 2564 64 63 in
1940 2559 118 68 der
2092 2559 685 70 Friedenskonferenz
2825 2587 79 42 zu
2939 2559 314 90 kämpfen

1016 2652 226 71 haben
1301 2653 184 81 wird,
1538 2678 192 43 wenn
1791 2678 71 42 er
1921 2657 182 66 seine
2166 2655 86 66 14
2296 2653 256 70 Punkte
2613 2652 437 72 durchsetzen
3107 2653 146 70 will.

1120 2744 148 84 „Ich
1321 2744 167 71 höre
1540 2772 119 42 aus
1712 2744 131 70 den
1879 2746 765 69 Willkommensworten
2699 2746 132 69 den
2876 2747 378 70 Gedanken

1020 2837 309 83 heraus“,
1383 2866 79 42 so
1514 2851 189 76 sagte
1757 2838 120 70 der
1926 2838 353 70 Präsident
2328 2843 64 64 in
2445 2838 121 70 der
2605 2838 417 84 Guild-Hall,
3081 2837 174 85 „daß

1016 2936 96 65 sie
1164 2931 136 88 (die
1334 2930 374 89 Alliierten)
1758 2931 352 90 gekämpft
2159 2931 245 85 haben,
2444 2960 106 42 um
2590 2932 110 69 die
2751 2932 132 70 alte
2919 2931 337 91 Ordnung

1015 3053 79 42 zu
1169 3033 260 62 stürzen
1505 3026 137 69 und
1717 3031 150 64 eine
1942 3053 170 42 neue
2185 3053 78 42 zu
2328 3026 327 89 gründen,
2726 3026 138 69 und
2931 3025 136 71 daß
3135 3025 120 70 das

1018 3119 421 68 Fundament
1505 3119 121 70 der
1691 3118 178 69 alten
1929 3119 340 90 Ordnung
2326 3124 183 83 jener
2567 3124 333 85 unstetige
2958 3116 297 74 Zustand

1015 3238 154 52 war,
1226 3212 131 68 den
1392 3217 116 64 wir
1542 3210 525 91 Gleichgewicht
2109 3212 119 69 der
2262 3210 233 71 Kräfte
2544 3240 80 41 zu
2660 3240 264 41 nennen
2961 3212 291 91 pflegen,

1019 3304 123 70 das
1178 3303 544 92 Gleichgewicht,
1777 3304 123 70 das
1937 3304 300 71 dadurch
2274 3304 313 83 entsteht,
2627 3304 137 70 daß
2801 3306 122 69 das
2959 3306 296 71 Schwert

1019 3396 112 71 auf
1181 3397 108 70 die
1344 3402 147 65 eine
1543 3398 169 69 oder
1763 3397 108 70 die
1923 3398 249 70 andere
2222 3397 403 90 Wagschale
2675 3398 343 89 geworfen
3069 3396 183 81 wird,

1019 3496 105 65 ein
1155 3490 545 90 Gleichgewicht,
1742 3491 121 70 das
1900 3491 300 71 aufrecht
2233 3491 298 71 erhalten
2566 3492 228 70 wurde
2830 3492 206 70 durch
3072 3491 153 71 eifer-

1019 3582 300 92 süchtige
1376 3584 503 71 Wachsamkeit
1943 3585 136 70 und
2148 3586 132 70 den
2345 3586 494 89 verborgenen,
2916 3585 164 71 aber
3142 3581 114 74 tief

1019 3679 550 88 eingewurzelten
1621 3676 358 92 Zwiespalt
2031 3678 122 70 der
2204 3679 433 70 Interessen.“

1114 3770 714 92 Unglücklicherweise
1879 3772 236 71 erhielt
2164 3772 110 71 die
2326 3773 131 70 alte
2502 3772 339 89 Ordnung
2888 3770 254 92 gerade
3192 3773 61 65 in

1020 3863 255 71 diesem
1331 3864 305 73 Moment
1688 3866 122 70 das
1853 3864 282 72 Mandat
2182 3892 80 42 zu
2314 3869 183 67 einer
2544 3864 445 91 fünfjährigen
3039 3862 179 91 parla-

1020 3957 487 73 mentarischen
1537 3958 391 73 Herrschaft
1952 3988 131 42 von
2112 3958 155 72 dem
2294 3958 145 72 Teil
2467 3958 120 72 der
2622 3949 632 99 eingeschriebenen
