3409 4572
707 531 247 61 Annette
993 524 151 60 Kolb
1206 555 11 12 •
1856 519 130 60 Aus
1450 517 129 59 dem
1619 515 221 60 Berner
1879 510 300 79 Tagebuch

2440 507 116 61 173

517 1253 239 87 AUS
814 1248 259 86 DEM
1132 1240 497 89 BERNER
1688 1232 715 89 TAGEBUCH

1184 1057 173 70 Annette
1382 1057 98 70 Kolb

447 1456 63 70 5.
551 1451 298 72 Februar
891 1446 191 72 1917.
1321 1442 141 70 Das
1510 1438 257 71 Wetter
1832 1435 183 70 hatte
2079 1437 141 66 sicn
2291 1429 108 71 auf
2464 1433 106 66 ein

367 1575 153 66 paar
590 1541 299 73 Stunden
972 1536 392 92 aufgeklärt,
1449 1531 136 71 und
1667 1529 166 72 über
1915 1527 119 70 der
2106 1523 254 72 Brücke
2439 1547 132 43 von

366 1634 413 80 Kirchenfeld
842 1632 341 71 flammten
1251 1627 108 70 die
1424 1625 226 90 Alpen
1733 1621 125 72 auf.
1983 1617 169 72 Blaß
2225 1614 136 72 und
2434 1640 104 43 ver-

369 1725 449 93 heißungsvoll
883 1722 329 73 leuchtete
1279 1720 108 68 die
1452 1715 366 91 losgelöste
1867 1711 319 91 Jungfrau
2236 1707 166 71 über
2450 1705 123 70 das

367 1821 313 75 Gewölke
746 1819 138 81 hin,
964 1816 121 70 das
1152 1813 136 71 sich
1363 1816 65 65 in
1494 1809 374 71 schwarzen
1936 1805 266 70 Massen
2269 1828 77 43 zu
2409 1797 166 71 Tale

367 1915 221 74 schob.
685 1910 148 70 Wie
897 1936 169 63 ganz
1131 1904 134 72 und
1321 1931 119 63 gar
1487 1899 181 72 nicht
1716 1895 395 74 existierend
2336 1889 240 73 dachte

369 2009 96 72 ich
529 2008 83 69 da
831 2008 84 65 ist
979 1999 174 71 doch
1221 1998 240 70 letzten
1520 1993 224 71 Endes
1804 1992 122 70 das
1976 1985 359 77 Gemeine!
2437 1984 141 70 Nur

372 2128 182 44 unser
601 2100 224 86 träges
875 2093 139 71 und
1044 2088 422 74 verwischtes
1503 2084 223 74 Sehen
1777 2082 161 72 leiht
1988 2082 133 70 ihm
2167 2079 135 70 den
2336 2074 242 74 Schein

372 2220 120 43 von
525 2187 386 74 Wesenheit
960 2185 136 71 und
1146 2183 253 70 Leuten
1448 2185 123 64 wie
1614 2173 440 74 Telramunds
2106 2173 121 70 das
2277 2167 299 74 Gesicht.

377 2286 249 70 Unsere
694 2280 287 71 Gesetze
1049 2281 254 85 wiegen
1378 2271 174 72 noch
1625 2271 191 69 keine
1891 2266 215 71 Feder
2176 2289 218 66 gegen
2472 2260 109 71 die

375 2371 593 78 Schleuderwaffen
1029 2369 128 81 auf,
1228 2368 202 69 deren
1500 2363 136 71 sich
1691 2363 108 69 die
1848 2359 266 71 schlaue
2166 2352 419 75 Unvernunft

375 2469 286 70 bedient.
734 2464 204 71 Wohl
979 2463 223 70 haben
1244 2464 116 66 wir
1400 2458 275 90 gelernt,
1710 2454 433 89 Weingärten
2192 2448 137 69 und
2363 2439 222 78 Äcker

376 2590 71 40 zu
494 2559 347 82 bestellen;
907 2554 296 73 veredelt
1268 2552 264 89 hängen
1599 2575 122 43 uns
1781 2547 108 68 die
1940 2542 280 72 Früchte
2269 2566 132 44 von
2453 2538 130 71 den

377 2653 284 70 Bäumen
694 2648 367 82 hernieder,
1098 2646 137 71 und
1260 2648 123 68 wie
1409 2638 600 76 bewundernswert
2044 2642 85 63 ist
2163 2633 119 71 der
2308 2629 275 73 Mensch

379 2745 364 90 angesichts
811 2749 215 64 seiner
1090 2738 263 72 Felder!
1475 2736 138 70 Nur
1677 2761 120 42 vor
1863 2730 138 72 sich
2075 2727 214 72 selbst
2361 2728 84 66 ist
2516 2750 71 44 er

377 2839 223 68 stehen
648 2834 376 94 geblieben,
1093 2831 137 70 und
1297 2829 88 69 da
1448 2826 140 71 läßt
1645 2853 71 43 er
1769 2821 402 93 geschehen.
2271 2817 108 70 Da
2422 2818 167 87 jätet

380 2957 65 42 er
492 2929 203 82 nicht;
762 2929 89 69 da
901 2925 176 71 steht
1127 2921 254 73 überall
1432 2920 119 71 der
1599 2916 292 92 goldene
1926 2914 273 71 Weizen
2251 2937 133 43 von
2432 2906 155 72 wild

380 3050 103 41 um
530 3022 138 71 sich
717 3018 434 93 greifendem,
1204 3013 503 91 allgewaltigem
1761 3009 302 70 Unkraut
2112 3003 289 82 erstickt,
2451 2999 139 72 und

384 3113 81 70 da
527 3113 388 71 überbieten
983 3108 289 71 Häcksel
1339 3105 136 72 und
1542 3104 238 90 Spreu.
1879 3099 241 90 Gegen
2187 3097 109 69 die
2356 3094 233 81 Natur,

383 3206 102 70 die
535 3206 354 81 Elemente,
953 3203 108 70 die
1112 3201 194 80 Erde,
1362 3205 66 83 ja
1487 3197 110 71 die
1645 3194 152 71 Luft
1846 3192 221 72 selber
2116 3188 313 72 schritten
2478 3191 114 66 wir

384 3302 127 78 ein;
563 3299 156 72 aber
755 3295 180 72 nicht
968 3293 238 73 einmal
1241 3292 104 70 bis
1378 3318 80 44 zu
1494 3315 280 44 unseren
1801 3278 790 78 Verbrecherstatistiken

383 3389 330 72 besannen
747 3395 116 66 wir
894 3417 141 42 uns.
1120 3387 163 69 Dies
1334 3390 84 65 ist
1468 3384 108 69 die
1609 3380 337 89 bisherige
1978 3376 216 91 Logik
2242 3373 119 72 der
2393 3371 198 71 Welt.

388 3481 150 70 Und
586 3489 119 65 wie
753 3483 229 70 hätten
1032 3485 114 65 wir
1197 3479 87 70 da
1334 3478 105 69 bis
1489 3503 78 42 zu
1620 3474 148 85 den.
1785 3470 321 72 Tabellen
2152 3493 269 44 unserer
2453 3490 106 45 ver-

386 3572 323 73 kleideten
760 3574 136 71 und
945 3599 169 64 ganz
1165 3568 505 73 undrastischen
2114 3558 337 92 gedacht?

484 3664 97 73 13.
631 3668 296 70 Februar
976 3664 193 73 1917.
1410 3662 290 71 Gestern
1773 3655 255 73 Abend
2100 3681 137 43 war
2309 3650 103 73 ich
2486 3649 111 70 bei

390 3756 329 86 Fortunio,
788 3761 134 68 und
991 3758 237 70 Martin
1297 3760 85 66 im
1432 3753 245 71 Walde
1741 3751 162 71 fand
1969 3747 140 72 sich
2173 3772 145 45 zum
2378 3754 218 60 ersten

391 3848 168 73 Male
607 3852 110 70 bei
766 3852 133 70 ihm
952 3856 124 65 ein.
1159 3848 143 70 Vor
1352 3847 153 71 dem
1559 3846 245 89 Kriege
1852 3843 185 70 hätte
2088 3838 103 74 ich
2260 3842 95 67 sie
2422 3834 179 72 nicht

390 3944 308 70 einander
761 3941 367 91 zugeführt:
1208 3941 314 69 Fortunio
1599 3965 76 42 so
1744 3932 287 73 musisch
2106 3931 135 71 und
2309 3942 290 56 Sternen-
