3369 4572
967 466 198 61 Franz
1206 465 208 75 Werfel
1471 497 13 15 ♦
1545 466 123 59 Der
1706 465 123 60 Ritt

2400 466 107 57 181

1030 978 233 83 DER
1324 978 251 83 RITT

1020 834 226 74 Franz
1305 834 270 89 Werfel

285 1138 118 70 Als
454 1133 169 71 mich
675 1138 174 65 mein
901 1133 244 70 Traum
1195 1131 367 91 verschlug,

289 1227 179 74 Fand
517 1225 103 72 ich
671 1225 173 71 mich
894 1225 319 71 wandern
1265 1230 87 64 im
1405 1223 362 73 schönsten
1819 1223 431 90 Nachmittag

287 1324 144 68 Den
474 1320 222 89 Hügel
737 1317 269 83 wieder,
1052 1319 121 69 der
1213 1317 341 71 schwebte
1606 1317 137 70 und
1787 1321 117 66 mit
1945 1316 273 90 Flügeln
2260 1315 251 91 schlug,

284 1416 90 71 Zu
425 1418 260 66 meinen
737 1411 230 71 Füßen
1018 1412 109 91 lag

286 1509 132 70 Das
453 1505 187 71 Land
691 1509 66 66 in
793 1504 376 72 Schwaden
1204 1503 375 72 rauschend
1616 1503 119 71 der
1783 1500 322 93 gereiften
2140 1499 186 74 Saat.

285 1646 101 73 Ich
435 1646 152 70 kam
638 1650 123 65 wie
813 1673 118 43 aus
981 1645 127 70 viel
1161 1645 160 81 Not,

285 1740 142 70 Wie
460 1743 202 77 einer,
694 1738 120 69 der
847 1738 125 69 das
1001 1736 230 71 Hemd
1262 1736 119 71 der
1406 1735 372 71 Krankheit
1809 1763 133 42 von
1979 1733 138 72 sich
2144 1734 179 82 warf,

286 1833 154 71 Und
491 1830 270 71 leichter
811 1832 138 69 und
997 1830 536 90 geschmeidiger
1582 1829 138 72 sich
1770 1842 234 78 tragen
2058 1828 147 70 darf

282 1926 118 69 Als
450 1929 88 84 je;
684 1929 61 65 in
795 1924 132 70 Por
977 1923 138 71 und
1165 1923 193 70 Ader
1408 1922 209 90 pocht

282 2021 497 87 Begeisterung,
809 2017 124 70 das
963 2017 224 70 dünne
1215 2017 171 81 Blut,
1424 2016 123 70 das
1582 2014 101 72 ihr
1717 2013 181 73 nicht
1931 2012 393 90 unterjocht.

281 2159 93 71 So
421 2171 131 57 trat
601 2157 102 71 ich
755 2157 209 70 heiter
1014 2162 107 65 ein

284 2253 96 69 Ins
414 2251 121 70 Tal
580 2249 120 72 der
724 2248 270 83 Ernten,
1034 2249 122 70 das
1190 2276 134 43 von
1359 2248 188 70 Korn
1599 2247 137 70 und
1764 2247 232 71 Sonne
2030 2246 293 81 schwoll,

282 2346 126 70 Um
428 2345 199 70 Brust
651 2343 137 72 und
809 2343 209 70 Hüfte
1044 2342 428 71 schwankten
1482 2340 234 71 Ähren
1744 2340 253 71 schwer
2015 2340 137 71 und
2170 2341 153 81 voll,

281 2439 122 69 Die
450 2439 132 69 fast
629 2436 427 71 verwuchsen
1108 2441 284 65 meinem
1452 2436 240 89 eiligen
1743 2435 190 70 Rain.

281 2530 189 71 Doch
520 2529 199 71 leicht
767 2529 103 70 für
920 2534 217 66 meine
1189 2528 257 71 Sohlen
1494 2555 136 42 war
1681 2526 119 71 der
1850 2526 265 82 Traum,

282 2624 121 71 Die
450 2624 215 71 vielen
700 2623 403 90 Vogelflüge
1138 2627 121 66 mir
1292 2651 77 42 zu
1408 2623 320 89 Häupten
1781 2620 121 71 sah
1954 2620 103 71 ich
2104 2622 219 69 kaum.

282 2764 121 68 Die
451 2764 217 90 Vögel
720 2762 230 70 hatten
1004 2761 141 71 hier
1192 2761 179 70 wohl
1422 2765 195 66 einen
1669 2760 186 71 Sinn.
1889 2817 13 12 .
1936 2817 60 13 ..

284 2856 153 72 Und
464 2855 312 92 plötzlich
802 2883 136 42 war
963 2855 109 70 die
1093 2854 176 71 Erde
1297 2860 252 65 meiner
1566 2854 256 71 Sohlen
1842 2854 267 81 schwer,
2131 2881 79 43 so
2238 2853 273 82 schwer,

281 2949 119 71 Als
449 2950 230 70 wirkte
729 2948 370 89 mächtiges
1154 2948 232 71 Metall
1434 2975 135 41 von
1620 2958 203 58 unten
1874 2945 146 84 her;

282 3042 173 71 Mein
508 3043 193 81 Knie,
756 3047 174 65 mein
981 3041 156 69 Puls
1188 3046 96 64 sie
1335 3038 306 72 stockten
1692 3039 121 70 her
1862 3039 137 70 und
2049 3039 135 69 hin.

282 3135 101 71 Ich
409 3136 240 90 sprach
675 3164 79 43 zu
781 3141 148 65 mir:
959 3136 219 70 Bannt
1195 3140 263 64 meinen
1480 3132 248 72 Schritt
1752 3133 490 91 magnetisches
2261 3133 250 83 Metall,

281 3229 156 71 Was
454 3230 232 70 fahren
699 3230 187 70 diese
894 3229 64 69 V
962 3229 155 88 ögel
1143 3227 375 83 schreiend,
1547 3226 394 72 klatschend
1961 3240 259 57 unterm
2232 3227 41 71 A
2273 3227 237 71 11?...

281 3368 156 71 Dies
487 3370 165 69 aber
700 3368 121 71 sah
881 3367 133 71 ich:
1101 3357 274 81 Überall

281 3458 363 87 Zerknickt,
696 3461 350 72 zerdrückt
1096 3461 111 70 die
1258 3460 199 71 Ernte
1509 3461 362 90 niederlag,

284 3552 141 73 Wie
472 3583 130 42 von
654 3554 524 92 Regenschwall,
1230 3559 123 65 wie
1401 3582 134 43 von
1585 3554 249 90 Hagelf
1837 3554 84 71 all

286 3645 334 76 Verheert.
794 3648 160 72 Und
1006 3653 84 65 im
1142 3648 253 90 golden
1447 3648 378 71 niederwan
1837 3648 152 70 dein
1998 3648 131 70 den
2180 3648 147 90 Tag

284 3737 200 95 Rings
520 3747 87 66 im
644 3740 328 74 Getreide
1023 3739 122 71 sah
1180 3739 103 71 ich
1334 3742 170 70 viele
1551 3753 145 59 tote
1724 3742 282 70 Männer
2039 3740 470 91 hingestreckt,

282 3831 122 73 Die
454 3836 230 72 hatten
733 3834 605 91 Sonntagskleider
1406 3864 107 54 an,
1583 3833 176 72 doch
1820 3834 141 71 ihre
2013 3834 229 91 Köpfe
2291 3861 220 43 waren

1601 3927 210 72 schon
1862 3926 290 72 schwarz
2200 3927 309 90 gefleckt.
