3665 4478
1854 141 62 56 22

257 290 137 51 eher
437 283 199 74 (Elvira),
686 282 285 69 wenngleich
1018 282 343 69 vorzugsweise
1405 300 90 33 nur
1545 282 147 51 durch
1746 283 88 51 den

258 375 200 49 schönen
487 371 151 65 Klang
667 368 82 50 der
773 367 205 59 Stimme,
1010 367 94 50 und
1133 368 125 49 Herr
1281 368 231 49 Krause
1533 366 301 70 (Leporello),

258 457 82 50 der
378 452 166 51 freilich
586 451 103 51 kein
730 451 259 67 geborener
1015 450 224 49 Komiker
1279 450 72 58 ist,
1398 449 111 50 aber
1549 450 284 67 wenigstens

252 539 80 50 mit
363 539 102 49 dem
496 536 259 51 Verstände
787 535 95 51 und
910 534 123 50 nicht
1064 532 120 51 ohne
1217 532 287 51 Geschmack
1536 535 80 49 das
1650 536 181 50 Wesen

256 622 147 51 seiner
434 621 132 51 Rolle
597 621 177 50 erfasst.
829 619 94 50 Frl.
970 617 265 66 Wagner
1281 616 338 52 überschreitet
1663 619 44 50 in
1753 620 83 51 der

250 708 167 48 Donna
448 706 134 49 Anna
625 705 97 50 ihre
750 703 147 50 Mittel
944 701 71 51 bei
1056 701 235 59 Weitem;
1346 718 58 33 an
1445 701 105 51 dem
1596 703 236 68 Uebrigen

252 791 57 50 ist
350 790 244 67 gleichfalls
633 788 150 49 Vieles
825 793 317 52 auszusetzen,
1189 785 158 58 selbst,
1391 803 137 33 wenn
1574 804 107 33 man
1727 788 105 58 will,

251 892 58 33 an
340 875 80 50 der
453 873 195 68 Capelle,
689 870 70 51 die
789 871 221 50 Mozart's
1038 870 154 51 Musik
1231 869 126 51 nicht
1399 878 98 40 zart
1539 870 95 51 und
1666 871 140 50 durch-

256 958 161 66 sichtig
446 973 155 51 genug
632 954 147 69 spielt.
838 954 119 51 Sehr
999 954 176 51 hübsch
1216 972 99 33 war
1361 953 70 50 die
1476 955 357 66 vorangehende

247 1040 353 59 Mozart-Feier,
632 1039 143 51 deren
801 1039 293 69 Glanzpunkt
1125 1039 69 51 die
1225 1056 82 33 aus
1332 1038 317 51 sämmtlichen
1669 1039 163 69 Opern

247 1125 217 50 Mozart's
517 1124 334 69 vorgeführten
904 1124 222 69 Gruppen
1179 1123 215 49 bildeten.
1537 1123 297 67 Vorgestern

247 1211 58 49 ist
335 1209 82 51 der
445 1208 316 52 Rübezahl
802 1227 89 33 von
923 1209 235 50 Flotow
1202 1226 104 31 zum
1352 1213 155 43 ersten
1536 1207 122 50 Male
1688 1224 113 51 gege-

251 1293 91 51 ben
374 1293 207 52 worden.
623 1294 86 49 Ein
741 1299 178 45 ernstes
951 1292 336 52 musicalisches
1318 1292 229 49 Interesse
1579 1291 116 50 wird
1725 1310 107 33 man

255 1378 139 50 daran
425 1377 123 51 nicht
576 1377 221 57 nehmen;
841 1377 184 49 Flotow
1056 1374 169 69 gehört
1264 1393 57 31 zu
1362 1374 89 51 den
1483 1374 348 69 Componisten,

250 1463 69 50 die
352 1462 78 49 mit
453 1461 193 50 Absicht
676 1461 94 49 und
789 1461 174 50 Willen
995 1461 71 48 für
1097 1459 80 51 das
1208 1476 162 51 grosse
1393 1458 242 52 Publicum
1660 1461 147 49 schrei-

246 1545 117 58 ben;
413 1561 51 32 er
504 1543 194 51 bereitet
737 1543 71 51 die
838 1543 156 52 Musik
1033 1561 51 33 so
1117 1562 74 40 zu,
1234 1545 104 49 dass
1372 1543 62 51 sie
1465 1543 117 51 auch
1613 1543 89 51 den
1732 1545 65 49 Un-

244 1628 346 52 musicalischen
622 1628 266 68 geniessbar
916 1628 192 51 werden
1140 1628 96 52 soll.
1268 1627 252 52 Dieselben
1549 1628 165 60 Mittel,
1746 1630 82 49 mit

246 1713 147 51 denen
424 1712 93 50 ihm
549 1712 146 51 dieses
727 1713 155 51 früher
907 1712 232 69 gelungen
1169 1712 74 60 ist,
1274 1712 188 52 wendet
1492 1729 50 33 er
1573 1712 118 51 auch
1716 1713 117 66 jetzt

243 1797 174 52 wieder
448 1815 81 42 an;
561 1797 59 51 ob
653 1799 63 49 sie
740 1799 96 50 aufs
862 1797 129 52 Neue
1022 1797 294 69 anschlagen,
1347 1797 115 51 wird
1493 1815 90 33 von
1615 1797 103 51 dem
1751 1797 60 51 all-

246 1881 242 69 gemeinen
537 1882 94 51 und
683 1881 104 51 dem
831 1881 348 51 musicalischen
1222 1881 487 67 Bildungs-Zustande
1749 1881 83 51 der

246 1966 233 51 einzelnen
525 1966 161 50 Städte
716 1965 254 68 abhangen.
1031 1967 54 49 In
1113 1966 155 52 Berlin
1313 1966 175 50 scheint
1528 1965 126 51 nicht
1700 1966 132 50 mehr

247 2051 83 50 der
359 2050 256 67 günstigste
646 2051 160 51 Boden
835 2051 74 50 für
937 2050 77 51 ihn
1045 2070 57 32 zu
1133 2053 110 49 sein.
1288 2050 110 52 Wir
1428 2050 151 50 haben
1610 2050 59 51 im
1701 2050 104 50 Prin-

246 2135 70 67 eip
346 2134 147 51 nichts
526 2152 149 49 gegen
707 2135 122 50 diese
859 2135 89 50 Art
977 2153 90 33 von
1097 2135 179 58 Musik;
1307 2134 121 51 denn
1466 2133 116 50 auch
1615 2134 63 49 sie
1710 2134 122 49 kann

244 2218 82 50 der
355 2219 155 49 Kunst
539 2223 184 56 nützen,
754 2219 151 51 indem
938 2219 63 51 sie
1032 2219 72 51 die
1133 2219 180 58 Kreise,
1344 2218 73 50 die
1445 2218 94 49 sich
1570 2218 74 49 für
1669 2218 155 49 Musik

246 2303 308 58 interessiren,
587 2304 259 58 erweitert;
892 2303 112 51 aber
1034 2322 50 32 es
1116 2305 177 49 kommt
1325 2303 207 67 zugleich
1567 2303 166 49 darauf
1754 2319 73 40 an,

250 2387 104 49 dass
387 2387 122 49 diese
538 2387 380 68 Popularisirung
948 2388 83 49 der
1060 2387 153 50 Musik
1257 2387 105 49 dem
1393 2387 133 49 edlen
1556 2385 157 51 Geiste
1744 2385 83 51 der

251 2472 157 48 Kunst
435 2470 147 50 nichts
615 2470 214 59 entzieht,
874 2470 104 51 dass
1023 2470 63 51 sie
1131 2470 148 51 nichts
1309 2470 222 50 Positives
1573 2486 150 49 gegen
1762 2469 71 51 die

251 2554 174 51 idealen
459 2554 257 67 Principien
747 2553 243 51 derselben
1018 2554 315 50 unternimmt.
1380 2554 161 66 Gegen
1586 2553 88 49 den
1702 2553 98 49 Man-

251 2638 73 66 gel
356 2654 55 32 an
432 2638 145 48 Ernst
608 2637 191 49 würden
830 2637 84 51 wir
943 2637 44 51 in
1012 2638 224 50 Flotow's
1254 2637 151 49 Musik
1436 2635 218 51 ebenfalls
1685 2635 147 50 nichts

250 2721 318 67 Unbedingtes
597 2721 296 58 einwenden;
926 2721 120 50 denn
1076 2738 50 32 es
1156 2719 197 51 braucht
1381 2721 125 49 nicht
1535 2719 139 51 Einer
1706 2719 126 50 Alles

252 2825 56 30 zu
340 2804 177 51 leisten.
549 2804 129 50 Aber
709 2822 50 32 er
789 2808 176 47 müsste
992 2804 119 51 dann
1142 2804 205 50 wirklich
1379 2803 80 50 das
1490 2803 217 50 Graziöse
1740 2802 93 51 und

252 2888 286 67 Anmuthige
568 2888 197 50 erreicht
794 2887 165 60 haben,
1008 2889 92 50 und
1144 2888 94 48 dies
1282 2887 183 51 können
1494 2888 85 48 wir
1608 2905 89 31 von
1728 2887 80 49 Flo-

255 2982 97 42 tow
398 2972 125 51 nicht
564 2972 210 51 rühmen.
836 2972 137 50 Seine
1028 2972 287 67 Popularität
1367 2971 168 49 beruht
1579 2971 126 48 nicht
1749 2987 89 32 nur

255 3057 142 59 darin,
445 3056 104 51 dass
581 3072 50 33 er
661 3056 104 49 dem
796 3055 242 52 Publicum
1080 3056 130 49 keine
1250 3062 239 60 strengere
1522 3055 315 49 musicalische

253 3141 216 65 Bildung,
500 3140 162 49 keinen
691 3140 144 49 Ernst
864 3140 83 49 der
975 3140 264 66 Stimmung
1269 3138 254 59 zumuthet,
1558 3138 198 50 sondern
1787 3154 51 33 er

252 3226 113 50 lässt
408 3225 96 49 sich
545 3223 116 50 auch
694 3241 55 32 zu
784 3223 83 50 der
896 3223 114 51 derb
1041 3223 283 51 materiellen
1353 3222 167 52 Weise
1551 3222 80 50 des
1663 3222 174 50 Volkes

251 3307 145 52 herab
430 3307 93 51 und
556 3307 108 50 hört
694 3306 116 51 eben
843 3307 160 51 darum
1036 3307 87 59 auf,
1156 3307 178 66 graziös
1366 3325 57 31 zu
1456 3306 108 50 sein.
1597 3307 98 49 Der
1716 3306 122 48 Text

253 3410 104 32 zum
389 3391 242 51 Rübezahl
664 3390 105 67 (von
801 3390 245 67 Putlitz)
1076 3391 73 59 ist,
1180 3409 105 30 vom
1318 3389 335 50 dramatischen
1672 3389 139 49 Stand-

256 3476 175 67 punkte
463 3475 279 57 betrachtet,
785 3474 106 49 sehr
929 3474 215 50 schlecht.
1202 3474 100 48 Auf
1338 3471 500 51 unwahrscheinlichen

250 3563 448 62 Voraussetzungen
730 3556 113 51 baut
885 3556 92 51 sich
1019 3557 100 49 eine
1149 3556 330 68 Verwicklung
1509 3556 89 57 auf,
1645 3556 71 50 die
1747 3573 89 31 von

253 3645 115 48 allen
393 3645 156 48 Seiten
578 3644 82 48 mit
693 3641 282 66 mühseliger
990 3641 122 59 Qual
1145 3641 289 50 unterhalten
1466 3640 132 58 wird,
1630 3658 79 32 um
1740 3640 96 50 drei

253 3728 120 49 Acte
403 3728 281 49 auszufüllen
716 3726 95 50 und
843 3724 325 52 verschiedene
1198 3742 103 31 vom
1326 3724 328 68 Componisten
1686 3724 120 49 wahr-

255 3810 241 50 scheinlich
540 3811 167 49 vorher
758 3808 304 67 festgestellte
1104 3806 287 50 Situationen
1434 3806 402 51 herbeizuführen.

252 3894 111 50 Dies
411 3894 56 50 ist
512 3893 119 49 denn
672 3894 116 50 auch
834 3893 71 51 die
937 3891 132 50 beste
1100 3890 126 51 Seite
1272 3890 81 50 des
1384 3891 189 58 Textes,
1620 3890 103 50 dass
1768 3907 66 42 er,

534 3977 273 59 betrachtet,
849 3997 55 30 zu
935 3975 358 52 verschiedenen
1338 3974 93 50 sich
1461 3974 235 50 bestimmt
1729 3992 79 32 son-

257 4062 205 50 dernden
507 4060 329 60 Charakteren,
887 4079 57 32 zu
999 4058 322 52 brauchbaren
1365 4057 469 61 Ensemble-Stoffen,

258 4163 56 32 zu
345 4144 147 51 Ballet
533 4145 92 50 und
656 4144 282 51 Decoraiion
966 4144 349 67 Veranlassung
1357 4142 112 68 gibt.
1528 4140 111 52 Drei
1681 4149 155 43 ernste

1934 287 95 51 und
2075 287 93 52 drei
2215 286 232 53 komische
2490 286 132 69 (oder
2666 286 83 51 der
2793 286 206 53 heiteren
3042 288 131 70 Oper
3218 287 297 71 angehörige)

1935 371 253 60 Personen,
2215 371 153 51 Chöre
2398 389 89 33 von
2504 370 236 58 Soldaten,
2772 371 340 69 Schmugglern
3143 372 95 52 und
3259 372 256 51 Landleute

1931 452 152 52 bilden
2127 456 72 50 die
2228 456 128 50 Basis
2398 455 80 51 des
2510 455 211 49 Stückes.
2765 455 73 49 Da
2881 455 96 66 gibt
3021 474 48 32 es
3112 457 121 51 denn
3272 456 126 51 nicht
3427 475 88 32 nur

1932 537 416 63 Soldaten-Chöre,
2391 540 199 51 sondern
2632 537 116 51 auch
2791 539 432 61 Soldaten-Ballets,
3268 541 97 51 und
3408 541 105 50 dem

1931 622 324 67 preussischen
2315 624 321 51 Patriotismus
2693 621 118 52 wird
2868 622 125 50 nicht
3049 625 153 66 wenig
3259 625 253 67 gehuldigt.

1930 705 236 51 Rübezahl
2199 706 230 51 erscheint
2459 708 124 50 nicht
2613 706 218 59 wirklich,
2872 706 198 51 sondern
3103 708 83 48 der
3214 708 301 68 Aberglaube

1931 789 80 51 des
2057 789 172 51 Volkes
2275 790 116 51 wird
2433 810 89 32 nur
2566 810 57 33 zu
2664 791 355 51 verschiedenen
3051 791 342 66 Täuschungen
3432 793 54 50 be-

1930 879 146 43 nutzt.
2128 874 65 48 Es
2235 873 97 66 gibt
2363 875 179 48 Scenen
2581 875 228 51 zwischen
2856 875 425 68 ausgewechselten
3311 875 169 51 Liebha-

1930 957 129 60 bern,
2091 957 71 49 ein
2193 957 222 59 Quartett
2445 976 73 31 am
2546 959 167 50 Kamin
2744 960 221 51 während
2998 960 80 50 des
3102 960 208 51 Feuerns
3342 978 46 33 u.
3423 960 92 66 dgl.

1928 1040 163 51 Dieses
2132 1042 216 48 Letztere
2392 1040 57 51 ist
2491 1040 99 51 eine
2631 1043 335 67 Nachahmung
3007 1044 82 50 der
3130 1043 194 51 weissen
3351 1044 164 59 Dame,

1930 1124 70 51 die
2047 1124 94 51 sich
2182 1124 117 51 auch
2341 1125 45 50 in
2433 1125 81 50 der
2556 1125 187 50 Ballade
2792 1144 104 33 vom
2939 1127 238 50 Rübezahl
3233 1128 92 51 und
3367 1128 148 49 einem

1927 1209 149 50 Duett
2116 1209 228 51 zwischen
2386 1209 87 51 den
2504 1208 266 51 Liebenden
2814 1209 59 50 im
2901 1212 217 48 Dunkeln
3163 1212 148 68 copirt
3355 1212 158 51 findet.

1927 1293 88 50 Die
2057 1293 279 51 schottische
2381 1292 165 52 weisse
2584 1294 148 50 Dame
2773 1293 55 50 ist
2870 1293 111 50 aber
3023 1294 99 50 eine
3167 1296 133 49 echte
3332 1296 156 50 Aristo-

1935 1377 148 51 kratin
2127 1377 62 51 im
2219 1378 244 67 Vergleich
2510 1396 56 32 zu
2614 1377 104 51 dem
2762 1377 307 51 schlesischen
3098 1378 288 67 Berggeiste,
3433 1381 82 49 der

1930 1461 92 50 sich
2054 1480 193 33 unseres
2279 1463 216 51 Wissens
2525 1462 219 67 übrigens
2784 1462 219 51 meistens
3051 1481 89 32 nur
3179 1463 83 50 mit
3292 1465 187 66 gewöhn-

1928 1546 148 51 lichen
2105 1547 180 50 Leuten
2330 1546 270 68 abgegeben
2642 1547 79 51 hat
2764 1547 94 50 und
2906 1547 96 50 sich
3047 1546 163 51 mithin
3252 1547 117 51 auch
3398 1546 117 52 über

1926 1630 235 50 erlittenes
2194 1628 204 52 Unrecht
2429 1630 222 52 vielleicht
2680 1628 125 54 nicht
2833 1630 227 68 beklagen
3093 1631 111 51 darf.

3247 1716 56 51 G.
3332 1716 54 51 E.

2511 1846 202 58 Wiener
2750 1846 175 58 Briefe.

1927 1950 248 54 [Richard
2223 1953 230 51 Wagner
2562 1952 155 48 „Eine
3240 1953 275 41 komische

1926 2014 141 52 Oper
2106 2027 97 28 von
2238 2015 285 40 Ambroise
2552 2015 220 40 Thomas
2879 2015 207 41 Fidelio
3196 2015 183 42 Erstes
3408 2015 80 54 Spi-

2048 2076 428 41 rituel-Concert
2584 2076 360 54 Yieuxtemps'
2989 2077 260 41 Concerte
3293 2079 98 39 und

2365 2137 711 53 Quartett-Productionen.]

2867 2221 104 39 Den
3003 2222 61 40 13.
3093 2222 195 40 Januar
3319 2223 117 40 1854.

2051 2303 176 49 Lassen
2279 2301 76 51 Sie
2406 2301 119 49 mich
2576 2300 204 59 diesmal,
2825 2300 217 67 geehrter
3081 2302 126 48 Herr
3250 2302 263 59 Professor,

1924 2386 144 50 Ihnen
2100 2403 82 33 vor
2213 2385 151 49 Allem
2394 2384 45 49 in
2479 2384 197 49 meinem
2721 2382 96 52 und
2858 2384 110 49 aller
3006 2384 134 67 jener
3168 2385 194 61 Namen,
3401 2386 84 51 wel-

1928 2470 117 49 chen
2074 2469 80 50 das
2184 2470 232 48 Interesse
2448 2469 82 49 der
2559 2467 191 51 wahren
2778 2469 157 49 Kunst
2965 2485 72 32 am
3067 2469 187 49 Herzen
3283 2469 125 67 liegt,
3438 2470 75 51 für

1928 2554 139 49 Ihren
2109 2552 359 58 vortrefflichen,
2510 2551 316 51 inhaltsvollen
2874 2551 181 51 Artikel
3098 2570 104 33 vom
3249 2551 48 52 7.
3329 2554 42 50 d.
3405 2554 109 50 Mts.

1931 2636 194 59 danken,
2156 2636 204 50 welchen
2391 2636 74 50 Sie
2497 2635 117 51 auch
2646 2653 101 42 uns,
2780 2635 88 49 den
2891 2636 293 50 Bewohnern
3216 2636 80 51 des
3323 2638 160 50 Donau-

1931 2719 225 59 strandes,
2201 2719 66 49 als
2297 2719 403 67 Neujahrs-Gruss
2741 2737 89 33 von
2876 2719 87 51 den
3006 2719 140 51 Ufern
3188 2721 81 50 des
3311 2721 203 51 schönen

1931 2804 199 49 Rheines
2156 2803 264 50 zusandten.
2454 2803 76 49 Sie
2562 2819 155 34 waren
2749 2820 50 33 so
2831 2803 89 50 fein
2949 2804 96 49 und
3074 2811 218 54 nannten,
3327 2804 186 52 obwohl

1933 2889 80 49 das
2045 2888 94 49 Ziel
2185 2888 131 48 Ihrer
2356 2886 404 51 scharftreffenden
2792 2888 173 50 Worte
3009 2888 43 49 in
3099 2889 127 49 einer
3271 2907 114 49 ganz
3431 2889 55 51 be-

1938 2972 232 50 stimmten
2208 2970 233 68 Richtung
2491 2970 87 66 lag,
2631 2970 130 50 keine
2805 2972 177 49 Namen
3125 2989 160 32 ausser
3324 2973 44 49 in
3410 2973 104 49 dem

1936 3057 147 49 stillen
2117 3055 225 51 Versteck
2391 3055 81 50 der
2502 3054 322 67 Randglosse;
2874 3055 240 50 verzeihen
3156 3055 92 59 Sie,
3293 3057 105 50 dass
3441 3057 72 50 ich

1933 3139 212 69 plumper
2175 3138 77 51 bin
2297 3139 95 50 und
2439 3138 94 49 hier
2562 3138 298 49 unmittelbar
2890 3156 58 33 an
2980 3139 87 50 den
3097 3140 141 50 Mann
3268 3140 244 69 anknüpfe,

1932 3223 201 51 welcher
2163 3222 117 51 eben
2312 3223 81 50 der
2424 3222 523 67 Haupt-Commandant
2979 3223 41 48 in
3046 3223 133 66 jener
3201 3223 209 69 Festung
3438 3224 74 59 ist,

1933 3307 69 49 die
2034 3306 75 50 Sie
2152 3306 180 50 neulich
2371 3306 82 49 mit
2485 3322 49 33 so
2567 3304 296 69 siegreichem
2895 3306 162 67 Erfolg
3098 3306 241 52 blokirten.
3396 3307 116 51 Also

1932 3391 199 49 Richard
2161 3391 213 67 Wagner
2406 3391 128 66 fängt
2576 3407 72 41 an,
2699 3391 43 48 in
2774 3391 142 49 Wien
2965 3391 195 67 populär
3201 3410 57 30 zu
3297 3391 215 50 werden!

1935 3474 135 49 Denn
2100 3473 120 50 kann
2251 3491 49 32 es
2342 3473 71 50 ein
2454 3473 368 66 untrüglicheres
2853 3473 195 50 Zeichen
3084 3492 86 32 von
3202 3473 84 50 der
3314 3473 170 69 Popula-

1935 3557 106 50 rität
2082 3557 122 50 eines
2237 3557 331 67 Componisten
2610 3556 164 67 geben,
2826 3557 65 50 als
2938 3575 135 33 wenn
3116 3558 123 49 seine
3271 3557 151 50 Musik
3467 3557 45 51 in

1936 3641 87 49 den
2057 3640 316 50 Gasthäusern
2403 3640 191 67 gespielt
2634 3641 130 58 wird,
2811 3641 93 49 und
2947 3641 148 49 dieses
3137 3641 56 49 ist
3337 3640 150 67 eigent-

1935 3725 86 49 lich
2053 3725 141 49 schon
2227 3725 84 49 seit
2340 3726 259 65 Längerem
2711 3725 116 49 nach
2860 3725 125 50 einer
3015 3725 179 48 kleinen
3222 3726 150 48 Pause
3401 3725 111 50 aber

1930 3808 97 66 just
2069 3807 173 51 wieder
2288 3808 277 66 neuerdings
2610 3808 82 50 mit
2732 3808 134 68 jener
2893 3810 254 64 Wagner's
3191 3807 71 50 bei
3305 3826 85 32 uns
3431 3810 81 49 der

1935 3892 111 50 Fall.
2095 3892 186 50 Strauss
2307 3891 155 67 junior
2498 3892 213 57 nämlich,
2742 3892 82 50 der
2854 3891 128 50 Sohn
3014 3891 80 50 des
3126 3891 386 53 weltberühmten

1933 3974 319 67 Ball-Königs,
2277 3975 125 49 hatte
2434 3975 92 51 sich
2561 3975 142 51 schon
2735 3975 61 48 im
2826 3974 310 49 verflossenen
3168 3976 213 50 Sommer
3412 3995 73 32 ver-

1937 4057 267 52 schiedener
2228 4060 363 67 Wagner'scher
2609 4059 466 68 Opern-Fragmente
3107 4057 280 71 bemächtigt
3417 4062 95 50 und

1937 4141 248 62 dieselben,
2241 4144 283 67 eingestreut
2567 4142 229 51 zwischen
2846 4141 207 62 Walzer,
3104 4142 261 61 Quadrilles
3415 4145 97 52 und
