2916 4224
821 375 0 0 108

1263 337 247 36 BULLETIN
1559 336 246 43 FRANÇAIS
1850 336 65 33 DE
1964 335 61 33 LA
2073 333 40 36 S.
2164 333 29 35 I.
2244 332 52 34 M.

726 494 202 50 ticulier
963 507 130 47 pour
1125 491 72 48 les
1231 491 190 60 pierres
1456 488 301 63 précieuses.
1798 487 42 47 Il
1875 502 31 30 a
1941 484 341 48 collectionné
2317 484 90 47 des
2442 483 284 62 spécimens
2761 485 59 49 de

729 563 276 55 diamants,
1028 559 156 57 rubis,
1209 558 179 62 perles,
1409 557 219 62 saphirs,
1639 554 316 57 émeraudes,
1967 558 96 43 etc.
2076 568 100 47 que
2195 551 73 47 les
2288 557 207 57 experts
2517 555 90 43 ont
2628 551 192 50 déclaré

731 631 175 61 dignes
938 629 89 47 des
1060 626 114 63 plus
1205 625 164 48 riches
1402 625 294 51 collections
1729 623 215 62 privées.
1967 620 157 47 «Mon
2157 634 186 36 amour
2373 633 131 48 pour
2534 619 72 47 les
2639 619 181 61 pierres

730 698 298 63 précieuses,
1054 694 136 48 a-t-il
1215 694 216 57 déclaré,
1456 698 78 43 est
1559 692 150 58 idéal,
1736 690 236 49 abstrait.
2001 689 102 62 J'ai
2128 689 169 47 donné
2320 704 71 30 un
2415 703 125 31 nom
2562 687 31 47 à
2630 687 49 47 la
2717 687 78 63 plu-

729 770 119 60 part
872 765 64 48 de
960 779 129 33 ceux
1113 779 99 47 que
1238 764 48 58 ie
1310 762 230 63 possède.
1567 764 122 47 Mon
1728 760 116 62 plus
1882 772 97 47 pur
2005 756 235 51 diamant
2266 771 30 32 a
2321 756 81 47 été
2424 756 206 62 baptisé
2654 755 140 48 Bach
2811 770 9 42 ;

729 850 101 32 une
862 836 341 58 surprenante
1238 831 274 49 émeraude
1546 836 78 43 est
1658 827 212 65 appelée
1906 826 237 47 Brahms.
2165 825 84 47 Ma
2283 825 262 49 meilleure
2579 823 165 62 opale,
2777 823 44 47 la

730 903 115 62 plus
878 902 245 62 poétique
1157 901 62 47 de
1249 905 175 43 toutes
1456 899 71 49 les
1560 902 207 61 pierres,
1802 899 150 59 porte
1982 894 47 47 le
2059 908 126 35 nom.
2218 893 65 48 de
2316 893 201 62 Chopin
2543 910 9 39 ;
2589 892 136 48 enfin
2757 907 67 32 un

729 969 142 49 rubis
899 969 218 47 rutilant
1146 973 78 43 est
1249 968 300 50 surnommé
1577 968 194 47 Liszt...
1800 981 22 28 »

830 1039 136 47 Pour
990 1038 198 47 bizarre
1214 1053 100 47 que
1339 1037 234 62 paraîtra
1597 1037 32 47 à
1654 1034 226 50 certains
1924 1032 49 47 la
2000 1030 310 49 corrélation
2338 1030 189 47 établie
2554 1044 92 47 par
2674 1028 65 47 M.
2768 1029 57 48 de

731 1108 302 48 Pachmann
1066 1110 146 42 entre
1243 1105 72 47 les
1347 1104 189 62 pierres
1569 1104 287 62 précieuses
1889 1104 51 42 et
1974 1098 72 48 les
2079 1096 295 59 musiciens,
2409 1098 31 47 il
2475 1099 119 46 n'en
2627 1100 85 43 est
2738 1110 87 49 pas

729 1176 166 50 moins
923 1175 112 47 vrai
1064 1174 185 62 qu'elle
1276 1175 190 47 dénote
1493 1189 72 32 un
1593 1171 179 65 esprit|
1783 1169 147 63 point
1958 1167 171 47 banal.

736 1418 188 48 Encore
1177 1433 72 32 un
1380 1418 179 47 théâtre
1593 1415 209 64 lyrique.

829 1507 134 47 C'est
994 1507 30 45 à
1054 1504 355 62 Philadelphie
1438 1518 102 47 que
1568 1518 69 30 va
1666 1500 206 62 s'ériger
1899 1515 103 32 une
2030 1498 242 48 nouvelle
2302 1495 125 48 salle
2457 1495 230 61 d'opéra.
2719 1495 106 47 Elle

725 1590 111 33 sera
862 1575 217 47 l'œuvre
1106 1574 63 47 de
1200 1574 66 46 M.
1296 1570 389 56 Hamberstein,
1715 1569 365 48 actuellement
2110 1566 257 48 directeur
2393 1564 72 48 du
2494 1562 333 49 Manhatltan

726 1644 169 62 Opéra
911 1642 64 47 de
1010 1641 310 56 New-York,
1341 1645 50 43 et
1428 1640 125 47 c'est
1590 1642 78 44 cet
1705 1636 229 51 éminent
1969 1634 301 63 imprésario
2306 1632 89 62 qui
2428 1631 399 48 l'administrera

726 1711 89 48 dès
843 1711 52 47 la
924 1710 172 47 saison
1126 1708 293 63 prochaine.
1454 1708 73 47 La
1558 1705 275 63 premierre
1864 1705 166 62 pierre
2061 1703 71 47 du
2162 1703 310 47 monument
2503 1700 30 47 à
2564 1698 82 49 été
2677 1700 148 61 posée

722 1780 47 48 le
796 1780 128 47 mois
956 1778 201 47 dernier
1183 1792 126 33 avec
1334 1792 102 32 une
1461 1774 229 50 certaine
1718 1772 272 48 solennité.
2020 1772 145 47 Dans
2192 1771 45 47 le
2264 1771 116 47 bloc
2407 1769 64 47 de
2496 1768 207 50 marbre
2730 1767 73 48 dis-

723 1847 122 62 posé
876 1847 30 47 à
936 1851 80 43 cet
1046 1844 140 57 effet,
1217 1860 68 33 on
1315 1860 29 31 a
1374 1844 150 47 scellé
1553 1843 90 48 des
1673 1842 251 47 rouleaux
1954 1838 495 63 phonographiques
2481 1835 343 64 enregistrant

725 1915 89 47 des
844 1914 100 48 airs
975 1914 215 47 chantés
1221 1928 93 47 par
1347 1913 160 47 Mmes
1539 1912 169 47 Melba
1752 1914 52 43 et
1851 1908 263 48 Tetrazini
2139 1924 11 41 ;
2198 1907 122 47 MM.
2372 1904 288 57 Zenatello,
2708 1903 90 47 Dal-

723 1985 186 55 morès,
943 1983 314 57 Sammarco,
1291 1981 239 56 Renaud,
1562 1984 119 52 etc.,
1713 1983 98 43 etc.

822 2050 70 48 Et
920 2050 116 61 plus
1060 2049 137 57 tard,
1225 2049 131 48 dans
1381 2049 89 47 des
1496 2048 191 55 siècles,
1715 2046 207 61 lorsque
1946 2045 47 47 le
2020 2044 194 49 monde
2242 2042 172 49 actuel
2443 2056 128 32 aura
2598 2040 83 48 été
2706 2040 85 47 bou-

722 2120 211 56 leversé,
971 2119 62 48 de
1069 2117 157 49 vieux
1259 2121 216 45 savants
1511 2120 255 47 mettront
1804 2130 68 31 au
1906 2114 118 62 jour
2058 2128 81 33 ces
2175 2112 225 64 vestiges
2437 2110 160 48 d'une
2632 2110 196 61 époque

725 2187 167 48 abolie
924 2191 52 43 et
1009 2186 60 47 ils
1102 2201 65 32 en
1200 2186 261 62 parleront
1496 2200 119 32 sans
1652 2183 159 47 doute
1846 2196 201 36 comme
2081 2180 128 48 d'un
2241 2177 353 50 timide-essai
2628 2176 175 48 scienti-

722 2256 137 60 fique
878 2270 141 33 assez
1038 2253 328 63 comparable
1388 2255 29 45 à
1435 2253 50 47 la
1503 2253 248 47 serinette
1771 2249 64 49 de
1852 2265 94 33 nos
1965 2248 381 64 grands-pères.

829 2558 47 47 A
911 2557 188 59 Berlin,
1139 2557 200 48 Pelléas
1376 2561 42 43 et
1452 2556 291 48 Melisande
1798 2558 258 58 remporta
2098 2569 71 30 un
2204 2551 212 48 brillant
2453 2552 175 46 succès
2664 2565 86 31 sur
2783 2548 41 47 la

729 2627 148 47 scène
919 2626 62 48 de
1018 2626 197 61 l'Opère
1230 2624 287 63 -Comique.
1562 2624 240 47 L'œuvre
1841 2622 64 48 de
1948 2622 64 46 M.
2058 2619 253 64 Debussy,
2344 2619 128 47 dont
2507 2616 322 64 l'originalité

728 2711 166 33 neuve
927 2696 188 47 étonna
1150 2699 118 42 tout
1303 2692 218 49 d'abord
1551 2693 47 47 le
1631 2692 190 61 public,
1855 2692 81 45 fut
1971 2688 292 63 applaudie
2296 2688 475 48 chaleureusement
2802 2683 28 48 à

731 2763 165 62 partir
925 2763 71 47 du
1028 2762 269 49 deuxième
1334 2765 150 45 acte.
1524 2759 125 48 Mlle
1684 2759 223 61 Deetjen
1940 2758 123 47 s'est
2105 2755 235 48 montrée
2378 2769 106 33 une
2529 2751 300 51 Mélisande

730 2830 359 64 remarquable
1120 2835 56 45 et
1212 2828 72 49 M.
1323 2829 265 63 Buysson
1621 2828 90 47 fut
1752 2843 65 30 un
1858 2826 219 47 Pelléas
2113 2824 244 65 parfait.
2588 2820 81 71 _T.
2686 2819 28 44 112/

953 3160 250 63 Versiegelt,
1204 3160 162 47 l'œuvre
1389 3155 240 51 nouvelle
1656 3157 63 47 de
1743 3157 66 45 M.
1838 3155 103 47 Léo
1968 3153 173 54 Blech,
2169 3171 29 30 a
2221 3155 263 61 remporté
2505 3169 101 32 une
2622 3150 211 50 victoire

734 3231 260 47 éclatante
1019 3243 68 33 au
1112 3226 365 49 Stadttheater
1503 3225 62 48 de
1591 3221 325 65 Hambourg.
1952 3223 137 48 C'est
2108 3221 378 50 certainement
2510 3238 73 30 un
2609 3221 88 47 des
2724 3219 109 63 plus

731 3299 174 48 beaux
932 3298 180 60 opéras
1140 3295 156 62 qu'on
1330 3296 73 47 ait
1431 3295 145 63 joués
1604 3308 62 31 en
1694 3291 301 64 Allemagne
2023 3291 183 62 depuis
2231 3291 121 47 bien
2380 3291 88 47 des
2496 3291 206 46 années.

834 3365 188 48 Inscrit
1047 3380 68 32 au
1137 3378 327 48 programme
1488 3364 62 47 de
1572 3360 209 63 l'Opéra
1804 3361 146 62 royal
1976 3361 62 47 de
2063 3360 191 57 Berlin,
2583 3374 111 31 sera
2717 3352 116 66 joué

732 3451 64 32 en
830 3436 169 47 même
1032 3437 171 57 temps
1239 3449 100 45 que
1371 3433 51 46 la
2190 3432 273 47 Habanera
1767 3430 63 48 de
1866 3430 66 47 M.
1972 3431 232 61 Laparra
2253 3428 129 47 dont
2416 3428 47 47 le
2496 3428 158 47 livret
2689 3441 30 32 a
2755 3421 78 49 été

734 3502 200 48 traduit
966 3517 64 33 en
1063 3499 259 50 allemand
1356 3516 93 46 par
1482 3501 67 47 M.
1584 3498 196 62 George
1814 3498 287 48 Drœscher.
