2916 4224
728 343 60 49 6o

1263 350 247 36 BULLETIN
1559 348 245 45 FRANÇAIS
1850 348 64 33 DE
1963 345 61 33 LA
2072 344 40 34 S.
2162 343 29 34 I.
2243 341 50 33 M.

719 505 71 55 de
830 504 56 55 la
925 508 155 49 sorte
1107 501 169 73 (dans
1316 519 81 36 un
1437 498 291 72 fragment
1771 494 71 57 de
1881 498 57 53 la
1970 489 344 58 Mandoline
2359 490 79 77 [i]
2459 493 18 67 )
2511 505 113 54 que
2683 486 98 56 For-

722 601 221 54 queray
985 581 115 55 sait
1146 585 272 50 entourer
1461 579 57 55 la
1563 575 251 57 mélodie
1860 575 78 57 du
1987 573 200 57 dessus
2234 570 144 56 d'un
2421 567 390 58 bruissement

723 665 299 70 d'arpèges
1052 660 231 71 rapides
1314 678 114 52 que
1456 659 275 56 devaient
1766 655 416 57 délicatement
2214 649 268 57 détailler
2514 649 80 54 les
2628 648 188 71 doigts

722 744 180 72 agiles
954 743 70 54 de
1076 741 365 54 Marie-Rose
1491 740 97 55 Du
1640 739 155 55 Bois.
1851 734 466 66 Généralement,
2368 749 64 36 sa
2482 729 335 58 réalisation

721 824 301 56 s'effectue
1061 841 76 35 au
1176 839 214 54 moyen
1429 821 70 55 de
1566 820 348 55 brisements
1983 814 300 58 d'accords
2351 811 465 59 conformément

723 922 78 38 au
873 907 262 67 système
1215 904 71 56 de
1377 904 56 53 la
1508 903 183 54 Basse
1767 903 265 54 d'Albert
2043 898 35 67 i,
2162 899 60 51 et
2316 893 81 55 les
2483 890 332 57 imitations

721 990 134 49 sont
901 1001 173 38 rares.
1122 984 274 55 D'autres
1441 982 111 53 fois
1621 980 168 68 (dans
1833 980 57 54 la
1936 975 240 69 Leclair,
2218 992 107 53 par
2365 971 310 71 exemple),
2716 971 101 58 elle

715 1064 215 55 incline
971 1081 128 38 vers
1129 1082 82 37 un
1242 1081 129 36 sens
1405 1063 130 70 plus
1575 1059 497 72 contrapontique
2105 1062 58 49 et
2204 1055 52 55 le
2298 1053 263 56 clavecin
2598 1053 221 71 répond

721 1163 116 37 aux
873 1162 256 54 gammes
1168 1145 69 54 de
1272 1144 57 53 la
1364 1143 153 54 viole
1552 1161 106 52 par
1709 1142 257 54 d'autres
2002 1153 260 57 gammes
2303 1154 72 36 en
2411 1140 406 49 mouvements

718 1227 335 66 contraires,
1110 1224 262 72 pendant
1430 1241 113 52 que
1598 1222 57 54 la
1711 1223 168 53 basse
1937 1219 261 57 d'archet
2260 1216 225 72 frappe,
2544 1216 35 53 à
2642 1214 148 57 inter-

722 1305 178 56 valles
929 1308 207 70 égaux,
1170 1305 99 55 des
1300 1304 240 55 accords
1568 1302 245 72 plaqués
1850 1304 100 65 (2).

832 1385 292 71 Ajoutons
1204 1402 113 52 que
1385 1382 738 71 Jean-Baptiste-Antoine
2206 1379 342 70 Forqueray
2610 1375 206 73 insère,

722 1468 143 55 dans
903 1467 54 54 le
996 1483 168 54 corps
1206 1463 70 57 de
1315 1482 108 37 son
1444 1463 232 68 recueil,
1706 1482 83 35 un
1818 1463 227 56 certain
2074 1462 243 54 nombre
2349 1458 467 57 d'observations

718 1566 98 35 sur
845 1547 53 54 le
928 1547 151 70 style
1109 1563 113 54 que
1253 1549 302 66 comporte
1583 1544 355 55 l'exécution
1969 1544 72 55 de
2069 1561 90 36 ses
2190 1542 192 69 pièces
2410 1562 14 47 ;
2450 1539 45 53 il
2525 1538 292 71 multiplie

717 1627 81 56 les
858 1625 359 56 indications
1279 1625 71 55 de
1397 1642 275 51 nuances,
1724 1625 71 55 de
1851 1628 400 62 mouvement,
2302 1623 71 53 de
2421 1620 394 71 registration,

714 1705 319 72 indiquant
1070 1705 269 72 toujours
1375 1704 53 56 le
1466 1704 217 56 clavier
1720 1704 100 71 qui
1862 1704 127 56 doit
2027 1702 186 57 servir
2251 1703 35 53 à
2321 1702 57 54 la
2415 1699 401 72 présentation

721 1789 69 55 de
821 1788 110 55 tels
964 1806 77 37 ou
1070 1787 113 56 tels
1216 1785 223 58 dessins
1476 1807 10 33 :

831 1869 94 55 En
953 1868 124 55 tête
1110 1868 70 55 de
1212 1867 57 54 la
1301 1867 356 54 D'Aubonne
1692 1869 104 68 (3),
1820 1884 77 39 on
1917 1872 143 66 peut
2093 1865 106 55 lire
2231 1865 57 54 la
2319 1869 140 51 note
2491 1863 278 56 suivante
2805 1886 8 32 :

718 1970 23 28 «
776 1949 168 56 Cette
1002 1949 163 70 pièce
1234 1948 124 55 doit
1424 1948 122 56 être
1603 1948 167 70 jouée
1832 1966 141 37 avec
2011 1947 307 70 beaucoup
2358 1944 71 57 de
2467 1945 145 72 goût
2650 1949 61 51 et
2749 1945 67 55 de

719 2029 320 56 sentiment
1068 2050 13 47 ;
1137 2046 147 53 pour
1340 2047 73 37 en
1470 2027 222 57 donner
1748 2028 430 71 l'intelligence,
2237 2027 124 70 j'ay
2416 2025 244 70 marqué
2718 2025 99 56 des

717 2109 217 71 petites
969 2109 160 55 croix
1164 2109 100 71 qui
1301 2108 298 72 signifient
1635 2128 113 52 que
1782 2109 83 55 les
1900 2107 239 57 accords
2177 2107 70 57 de
2281 2108 59 55 la
2372 2107 171 54 basse
2577 2112 238 65 passent

719 2196 184 49 avant
945 2207 146 38 ceux
1132 2192 79 53 du
1253 2191 198 54 dessus
1480 2212 13 47 ;
1533 2196 59 49 et
1632 2191 36 53 à
1705 2196 137 49 tous
1884 2208 146 37 ceux
2071 2191 76 53 où
2181 2189 44 54 il
2264 2207 73 37 ne
2375 2188 126 56 s'en
2538 2192 278 51 trouvera

718 2272 192 70 point,
948 2272 52 54 le
1039 2271 198 57 dessus
1277 2269 127 57 doit
1441 2290 199 53 passer
1676 2277 184 49 avant
1898 2272 56 53 la
1991 2273 187 67 basse,
2219 2292 83 32 »...
2363 2276 200 49 toutes
2600 2287 180 37 recom-

722 2352 377 56 mandations
1161 2353 99 70 qui
1316 2353 318 70 indiquent
1687 2372 81 37 un
1819 2353 208 55 artiste
2084 2353 304 71 soigneux,
2430 2351 208 71 précis,
2700 2351 116 53 très

722 2433 251 56 attentif
1006 2451 118 35 aux
1159 2431 210 55 détails
1400 2433 390 56 d'exécution.
1823 2433 51 53 Il
1902 2452 72 37 ne
2008 2451 148 37 nous
2191 2437 170 62 reste,
2387 2451 73 35 en
2488 2431 327 57 terminant

721 2518 154 51 cette
901 2514 195 68 étude,
1124 2514 143 70 qu'à
1289 2514 301 55 souhaiter
1616 2533 113 53 que
1757 2514 68 56 de
1853 2514 299 56 nouvelles
2177 2514 338 56 recherches
2542 2513 273 55 amènent

719 2593 57 53 la
813 2594 349 55 découverte
1198 2594 258 55 d'autres
1490 2596 193 70 pièces
1717 2596 72 54 de
1828 2596 150 54 viole
2015 2597 99 53 des
2151 2596 156 54 deux
2340 2594 317 56 excellents
2694 2612 81 36 mu-

718 2673 210 56 siciens
944 2692 112 54 que
1072 2674 196 55 furent
1287 2674 336 72 Forqueray
1639 2677 134 70 père
1791 2681 59 49 et
1866 2676 88 54 fils
1977 2681 97 67 (4).
2095 2676 163 54 Nous
2275 2674 277 73 publions
2567 2674 248 72 ci-après

718 2753 81 55 les
845 2770 36 53 4
924 2754 190 72 pièces
1154 2756 254 54 inédites
1456 2756 316 56 d'Antoine
1819 2757 339 71 Forqueray
2203 2761 317 51 contenues
2575 2757 146 55 dans
2766 2756 47 54 le

719 2834 214 56 recueil
977 2836 323 54 manuscrit
1347 2837 50 53 V
1400 2843 53 28 m7
1503 2837 152 72 6296
1702 2838 70 54 de
1817 2837 57 55 la
1918 2838 422 71 Bibliothèque
2392 2837 320 56 nationale.

1809 3002 894 52 Lionel
2702 3002 1 52 de
2701 3002 2 52 la
2702 3002 1 52 Laurencie.

837 3169 63 47 (1)
932 3165 250 44 Deuxième
1218 3171 129 44 suite,
1385 3183 42 38 p.
1469 3172 36 38 8.

839 3230 63 48 (2)
935 3229 64 39 La
1041 3229 171 40 Leclair
1216 3263 8 14 ,
1270 3243 22 26 2
1297 3240 15 17 e
1354 3230 138 48 Suite,
1536 3245 42 38 p.
1629 3245 61 27 11.

841 3292 61 48 (3)
936 3290 127 42 Suite
1089 3292 77 38 IV.
1192 3293 108 38 Voir
1324 3294 122 38 aussi
1470 3294 287 40 l'indication
1784 3297 54 39 de
1862 3297 43 37 la
1930 3308 114 38 page
2072 3308 52 39 30
2149 3297 27 38 à
2199 3309 168 40 propos
2392 3299 56 38 de
2474 3297 65 38 La
2564 3297 130 38 Léon.

838 3362 65 50 (4)
944 3353 79 39 Cet
1055 3354 154 39 article
1232 3354 118 39 était
1382 3355 104 50 déjà
1512 3357 212 50 composé
1748 3360 183 50 lorsque
1958 3369 114 28 nous
2098 3371 141 28 avons
2274 3360 155 50 appris
2449 3360 269 40 l'existence
2761 3361 55 37 de

720 3412 150 50 pièces
892 3414 53 38 de
974 3414 263 51 Forqueray
1274 3416 115 38 dans
1443 3430 62 27 un
1552 3419 131 38 autre
1731 3420 253 39 manuscrit
2029 3422 54 37 de
2131 3420 44 41 la
2213 3421 325 51 Bibliothèque
2566 3421 246 45 nationale,

722 3473 102 39 coté
873 3484 106 40 3555
1050 3486 13 47 (
1070 3475 119 39 Suite
1239 3476 71 39 des
1366 3477 157 39 dances
1563 3483 113 45 pour
1727 3480 60 39 les
1827 3479 170 41 violons
2039 3485 38 33 et
2121 3481 59 39 les
2233 3483 199 39 hautbois
2479 3483 77 51 qui
2593 3494 41 26 se
2667 3483 148 51 jouent

722 3534 341 41 ordinairement
1115 3535 27 37 à
1196 3541 93 34 tous
1336 3537 60 39 les
1443 3539 112 39 Bals
1578 3539 96 41 chez
1722 3541 37 37 le
1796 3542 95 49 Roy
1895 3572 10 12 n
1938 3542 244 39 recueillies
2234 3548 38 34 et
2314 3544 132 38 mises
2478 3556 52 27 en
2580 3544 120 38 ordre
2733 3548 80 46 par

724 3595 204 38 Philidor
966 3596 136 40 Vainé
1108 3628 8 15 ,
1163 3609 46 36 17
1222 3600 82 47 12).
1338 3599 38 38 Il
1405 3600 138 53 s'agit
1576 3600 110 40 d'un
1718 3602 185 39 Menuet
1931 3603 77 51 qui
2039 3615 47 27 se
2123 3607 164 38 trouve
2313 3603 95 41 àla
2439 3617 116 39 page
2584 3617 57 38 90
2680 3605 55 38 de
2766 3615 47 27 ce

718 3655 179 39 recueil.
