<?xml version="1.0" encoding="UTF-8"?>
<alto xmlns:xsi="http://www.w3.org/2001/XMLSchema-instance" xmlns="http://www.loc.gov/standards/alto/ns-v2#" xsi:schemaLocation="http://www.loc.gov/standards/alto/ns-v2# http://www.loc.gov/standards/alto/alto-v2.0.xsd" xmlns:xlink="http://www.w3.org/1999/xlink">
	<Description>
		<MeasurementUnit>mm10</MeasurementUnit>
		<sourceImageInformation>
			<fileName>//fileserver7/IN2/Princeton/Batch3/bmtnabh/1909/01/15_01/00000120.tif</fileName>
		</sourceImageInformation>
		<OCRProcessing ID="OCRPROCESSING_1">
			<preProcessingStep>
				<processingSoftware>
					<softwareCreator>CCS Content Conversion Specialists GmbH, Germany</softwareCreator>
					<softwareName>CCS docWORKS</softwareName>
					<softwareVersion>6.6-1.18</softwareVersion>
				</processingSoftware>
			</preProcessingStep>
			<ocrProcessingStep>
				<processingSoftware>
					<softwareCreator>ABBYY (BIT Software), Russia</softwareCreator>
					<softwareName>FineReader</softwareName>
					<softwareVersion>10.0</softwareVersion>
				</processingSoftware>
			</ocrProcessingStep>
		</OCRProcessing>
	</Description>
	<Styles>
		<TextStyle ID="TXT_0" FONTSIZE="12" FONTFAMILY="Times New Roman" FONTSTYLE="bold"/>
		<TextStyle ID="TXT_1" FONTSIZE="17" FONTFAMILY="Times New Roman"/>
		<TextStyle ID="TXT_2" FONTSIZE="17" FONTFAMILY="Times New Roman" FONTSTYLE="italics"/>
		<TextStyle ID="TXT_3" FONTSIZE="62" FONTFAMILY="Times New Roman"/>
		<ParagraphStyle ID="PAR_RIGHT" ALIGN="Right"/>
		<ParagraphStyle ID="PAR_LEFT" ALIGN="Left"/>
		<ParagraphStyle ID="PAR_BLOCK" ALIGN="Block"/>
	</Styles>
	<Layout>
		<Page ID="P113" PHYSICAL_IMG_NR="113" HEIGHT="4224" WIDTH="2916" PC="0.948">
			<TopMargin ID="P113_TM00001" HPOS="0" VPOS="0" WIDTH="2916" HEIGHT="393">
				<TextBlock ID="P113_TB00001" HPOS="1303" VPOS="330" WIDTH="1034" HEIGHT="53" STYLEREFS="TXT_0 PAR_RIGHT">
					<TextLine ID="P113_TL00001" HPOS="1303" VPOS="331" WIDTH="1034" HEIGHT="52">
						<String ID="P113_ST00001" HPOS="1303" VPOS="343" WIDTH="249" HEIGHT="35" CONTENT="BULLETIN" WC="0.99" CC="04100650"/>
						<SP ID="P113_SP00001" HPOS="1552" VPOS="378" WIDTH="49"/>
						<String ID="P113_ST00002" HPOS="1601" VPOS="338" WIDTH="246" HEIGHT="45" CONTENT="FRANÇAIS" WC="1.00" CC="50000040"/>
						<SP ID="P113_SP00002" HPOS="1847" VPOS="383" WIDTH="44"/>
						<String ID="P113_ST00003" HPOS="1891" VPOS="338" WIDTH="65" HEIGHT="33" CONTENT="DE" WC="0.52" CC="53"/>
						<SP ID="P113_SP00003" HPOS="1956" VPOS="383" WIDTH="48"/>
						<String ID="P113_ST00004" HPOS="2004" VPOS="334" WIDTH="63" HEIGHT="34" CONTENT="LA" WC="0.97" CC="00"/>
						<SP ID="P113_SP00004" HPOS="2067" VPOS="383" WIDTH="48"/>
						<String ID="P113_ST00005" HPOS="2115" VPOS="332" WIDTH="39" HEIGHT="36" CONTENT="S." WC="0.93" CC="01"/>
						<SP ID="P113_SP00005" HPOS="2154" VPOS="383" WIDTH="52"/>
						<String ID="P113_ST00006" HPOS="2206" VPOS="332" WIDTH="30" HEIGHT="35" CONTENT="I." WC="0.58" CC="43"/>
						<SP ID="P113_SP00006" HPOS="2236" VPOS="383" WIDTH="50"/>
						<String ID="P113_ST00007" HPOS="2286" VPOS="331" WIDTH="51" HEIGHT="33" CONTENT="M." WC="0.69" CC="42"/>
					</TextLine>
				</TextBlock>
				<TextBlock ID="P113_TB00002" HPOS="813" VPOS="345" WIDTH="92" HEIGHT="48" STYLEREFS="TXT_1 PAR_LEFT">
					<TextLine ID="P113_TL00002" HPOS="813" VPOS="345" WIDTH="92" HEIGHT="47">
						<String ID="P113_ST00008" HPOS="813" VPOS="345" WIDTH="92" HEIGHT="47" CONTENT="104" WC="0.44" CC="555"/>
					</TextLine>
				</TextBlock>
			</TopMargin>
			<LeftMargin ID="P113_LM00001" HPOS="0" VPOS="385" WIDTH="813" HEIGHT="3308"/>
			<RightMargin ID="P113_RM00001" HPOS="2840" VPOS="385" WIDTH="76" HEIGHT="3308"/>
			<BottomMargin ID="P113_BM00001" HPOS="0" VPOS="3693" WIDTH="2916" HEIGHT="531"/>
			<PrintSpace ID="P113_PS00001" HPOS="813" VPOS="385" WIDTH="2027" HEIGHT="3308">
				<TextBlock ID="P113_TB00003" HPOS="814" VPOS="476" WIDTH="1997" HEIGHT="270" STYLEREFS="TXT_1 PAR_LEFT">
					<TextLine ID="P113_TL00003" HPOS="907" VPOS="476" WIDTH="1904" HEIGHT="75">
						<String ID="P113_ST00009" HPOS="907" VPOS="498" WIDTH="64" HEIGHT="44" CONTENT="Le" WC="1.00" CC="00"/>
						<SP ID="P113_SP00007" HPOS="971" VPOS="542" WIDTH="39"/>
						<String ID="P113_ST00010" HPOS="1010" VPOS="495" WIDTH="201" HEIGHT="56" CONTENT="premier" WC="1.00" CC="0001000"/>
						<SP ID="P113_SP00008" HPOS="1211" VPOS="551" WIDTH="39"/>
						<String ID="P113_ST00011" HPOS="1250" VPOS="492" WIDTH="107" HEIGHT="46" CONTENT="chef" WC="0.99" CC="0006"/>
						<SP ID="P113_SP00009" HPOS="1357" VPOS="551" WIDTH="56"/>
						<String ID="P113_ST00012" HPOS="1413" VPOS="491" WIDTH="288" HEIGHT="46" CONTENT="d'orchestre" WC="1.00" CC="00000000100"/>
						<SP ID="P113_SP00010" HPOS="1701" VPOS="551" WIDTH="56"/>
						<String ID="P113_ST00013" HPOS="1757" VPOS="500" WIDTH="105" HEIGHT="33" CONTENT="sera" WC="0.99" CC="0003"/>
						<SP ID="P113_SP00011" HPOS="1862" VPOS="551" WIDTH="40"/>
						<String ID="P113_ST00014" HPOS="1902" VPOS="498" WIDTH="181" HEIGHT="33" CONTENT="comme" WC="1.00" CC="01020"/>
						<SP ID="P113_SP00012" HPOS="2083" VPOS="551" WIDTH="57"/>
						<String ID="P113_ST00015" HPOS="2140" VPOS="481" WIDTH="209" HEIGHT="56" CONTENT="toujours" WC="1.00" CC="00060000"/>
						<SP ID="P113_SP00013" HPOS="2349" VPOS="551" WIDTH="39"/>
						<String ID="P113_ST00016" HPOS="2388" VPOS="480" WIDTH="63" HEIGHT="44" CONTENT="M." WC="0.80" CC="40"/>
						<SP ID="P113_SP00014" HPOS="2451" VPOS="551" WIDTH="45"/>
						<String ID="P113_ST00017" HPOS="2496" VPOS="477" WIDTH="128" HEIGHT="46" CONTENT="Léon" WC="1.00" CC="0000"/>
						<SP ID="P113_SP00015" HPOS="2624" VPOS="551" WIDTH="38"/>
						<String ID="P113_ST00018" HPOS="2662" VPOS="476" WIDTH="126" HEIGHT="56" CONTENT="Jehin" WC="0.83" CC="30005"/>
						<SP ID="P113_SP00016" HPOS="2788" VPOS="551" WIDTH="14"/>
						<String ID="P113_ST00019" HPOS="2802" VPOS="500" WIDTH="9" HEIGHT="34" CONTENT=";" WC="0.35" CC="6"/>
					</TextLine>
					<TextLine ID="P113_TL00004" HPOS="814" VPOS="552" WIDTH="1385" HEIGHT="64">
						<String ID="P113_ST00020" HPOS="814" VPOS="565" WIDTH="63" HEIGHT="44" CONTENT="M." WC="0.85" CC="02"/>
						<SP ID="P113_SP00017" HPOS="877" VPOS="609" WIDTH="33"/>
						<String ID="P113_ST00021" HPOS="910" VPOS="565" WIDTH="142" HEIGHT="43" CONTENT="Pomé" WC="0.91" CC="3000"/>
						<SP ID="P113_SP00018" HPOS="1052" VPOS="609" WIDTH="28"/>
						<String ID="P113_ST00022" HPOS="1080" VPOS="562" WIDTH="198" HEIGHT="54" CONTENT="dirigera" WC="1.00" CC="00040000"/>
						<SP ID="P113_SP00019" HPOS="1278" VPOS="616" WIDTH="27"/>
						<String ID="P113_ST00023" HPOS="1305" VPOS="558" WIDTH="277" HEIGHT="46" CONTENT="l'exécution" WC="1.00" CC="00010101000"/>
						<SP ID="P113_SP00020" HPOS="1582" VPOS="616" WIDTH="30"/>
						<String ID="P113_ST00024" HPOS="1612" VPOS="557" WIDTH="83" HEIGHT="45" CONTENT="des" WC="1.00" CC="000"/>
						<SP ID="P113_SP00021" HPOS="1695" VPOS="616" WIDTH="27"/>
						<String ID="P113_ST00025" HPOS="1722" VPOS="567" WIDTH="188" HEIGHT="33" CONTENT="œuvres" WC="0.99" CC="300020"/>
						<SP ID="P113_SP00022" HPOS="1910" VPOS="616" WIDTH="27"/>
						<String ID="P113_ST00026" HPOS="1937" VPOS="552" WIDTH="262" HEIGHT="45" CONTENT="italiennes." WC="1.00" CC="00530000400"/>
					</TextLine>
					<TextLine ID="P113_TL00005" HPOS="911" VPOS="611" WIDTH="1900" HEIGHT="66">
						<String ID="P113_ST00027" HPOS="911" VPOS="628" WIDTH="132" HEIGHT="46" CONTENT="C'est" WC="1.00" CC="00000"/>
						<SP ID="P113_SP00023" HPOS="1043" VPOS="674" WIDTH="29"/>
						<String ID="P113_ST00028" HPOS="1072" VPOS="630" WIDTH="117" HEIGHT="44" CONTENT="donc" WC="1.00" CC="0000"/>
						<SP ID="P113_SP00024" HPOS="1189" VPOS="674" WIDTH="28"/>
						<String ID="P113_ST00029" HPOS="1217" VPOS="640" WIDTH="93" HEIGHT="32" CONTENT="une" WC="0.98" CC="050"/>
						<SP ID="P113_SP00025" HPOS="1310" VPOS="674" WIDTH="29"/>
						<String ID="P113_ST00030" HPOS="1339" VPOS="627" WIDTH="155" HEIGHT="43" CONTENT="saison" WC="0.99" CC="034000"/>
						<SP ID="P113_SP00026" HPOS="1494" VPOS="674" WIDTH="32"/>
						<String ID="P113_ST00031" HPOS="1526" VPOS="621" WIDTH="368" HEIGHT="56" CONTENT="exceptionnelle" WC="1.00" CC="00010530000603"/>
						<SP ID="P113_SP00027" HPOS="1894" VPOS="677" WIDTH="29"/>
						<String ID="P113_ST00032" HPOS="1923" VPOS="618" WIDTH="78" HEIGHT="56" CONTENT="qui" WC="0.96" CC="242"/>
						<SP ID="P113_SP00028" HPOS="2001" VPOS="677" WIDTH="29"/>
						<String ID="P113_ST00033" HPOS="2030" VPOS="631" WIDTH="57" HEIGHT="30" CONTENT="va" WC="0.95" CC="00"/>
						<SP ID="P113_SP00029" HPOS="2087" VPOS="677" WIDTH="29"/>
						<String ID="P113_ST00034" HPOS="2116" VPOS="614" WIDTH="201" HEIGHT="46" CONTENT="s'ouvrir" WC="1.00" CC="04000000"/>
						<SP ID="P113_SP00030" HPOS="2317" VPOS="677" WIDTH="29"/>
						<String ID="P113_ST00035" HPOS="2346" VPOS="627" WIDTH="55" HEIGHT="31" CONTENT="ce" WC="1.00" CC="00"/>
						<SP ID="P113_SP00031" HPOS="2401" VPOS="677" WIDTH="29"/>
						<String ID="P113_ST00036" HPOS="2430" VPOS="611" WIDTH="181" HEIGHT="47" CONTENT="mois-ci" WC="1.00" CC="0010300"/>
						<SP ID="P113_SP00032" HPOS="2611" VPOS="677" WIDTH="30"/>
						<String ID="P113_ST00037" HPOS="2641" VPOS="618" WIDTH="44" HEIGHT="38" CONTENT="et" WC="1.00" CC="00"/>
						<SP ID="P113_SP00033" HPOS="2685" VPOS="677" WIDTH="29"/>
						<String ID="P113_ST00038" HPOS="2714" VPOS="613" WIDTH="97" HEIGHT="47" CONTENT="dont" WC="1.00" CC="0000"/>
					</TextLine>
					<TextLine ID="P113_TL00006" HPOS="814" VPOS="679" WIDTH="1885" HEIGHT="67">
						<String ID="P113_ST00039" HPOS="814" VPOS="699" WIDTH="28" HEIGHT="44" CONTENT="il" WC="0.55" CC="71"/>
						<SP ID="P113_SP00034" HPOS="842" VPOS="743" WIDTH="25"/>
						<String ID="P113_ST00040" HPOS="867" VPOS="696" WIDTH="215" HEIGHT="45" CONTENT="convient" WC="0.99" CC="00500662"/>
						<SP ID="P113_SP00035" HPOS="1082" VPOS="743" WIDTH="23"/>
						<String ID="P113_ST00041" HPOS="1105" VPOS="696" WIDTH="57" HEIGHT="44" CONTENT="de" WC="0.65" CC="06"/>
						<SP ID="P113_SP00036" HPOS="1162" VPOS="743" WIDTH="26"/>
						<String ID="P113_ST00042" HPOS="1188" VPOS="693" WIDTH="198" HEIGHT="45" CONTENT="féliciter" WC="1.00" CC="500113020"/>
						<SP ID="P113_SP00037" HPOS="1386" VPOS="743" WIDTH="23"/>
						<String ID="P113_ST00043" HPOS="1409" VPOS="705" WIDTH="81" HEIGHT="41" CONTENT="par" WC="0.92" CC="965"/>
						<SP ID="P113_SP00038" HPOS="1490" VPOS="746" WIDTH="22"/>
						<String ID="P113_ST00044" HPOS="1512" VPOS="703" WIDTH="176" HEIGHT="32" CONTENT="avance" WC="0.98" CC="016704"/>
						<SP ID="P113_SP00039" HPOS="1688" VPOS="746" WIDTH="23"/>
						<String ID="P113_ST00045" HPOS="1711" VPOS="702" WIDTH="117" HEIGHT="30" CONTENT="ceux" WC="0.96" CC="0648"/>
						<SP ID="P113_SP00040" HPOS="1828" VPOS="746" WIDTH="25"/>
						<String ID="P113_ST00046" HPOS="1853" VPOS="687" WIDTH="76" HEIGHT="54" CONTENT="qui" WC="0.97" CC="700"/>
						<SP ID="P113_SP00041" HPOS="1929" VPOS="746" WIDTH="26"/>
						<String ID="P113_ST00047" HPOS="1955" VPOS="693" WIDTH="104" HEIGHT="36" CONTENT="sont" WC="0.99" CC="0051"/>
						<SP ID="P113_SP00042" HPOS="2059" VPOS="746" WIDTH="24"/>
						<String ID="P113_ST00048" HPOS="2083" VPOS="684" WIDTH="197" HEIGHT="52" CONTENT="chargés" WC="0.99" CC="0356000"/>
						<SP ID="P113_SP00043" HPOS="2280" VPOS="746" WIDTH="24"/>
						<String ID="P113_ST00049" HPOS="2304" VPOS="682" WIDTH="57" HEIGHT="43" CONTENT="de" WC="0.81" CC="03"/>
						<SP ID="P113_SP00044" HPOS="2361" VPOS="746" WIDTH="26"/>
						<String ID="P113_ST00050" HPOS="2387" VPOS="694" WIDTH="49" HEIGHT="30" CONTENT="sa" WC="1.00" CC="00"/>
						<SP ID="P113_SP00045" HPOS="2436" VPOS="746" WIDTH="26"/>
						<String ID="P113_ST00051" HPOS="2462" VPOS="679" WIDTH="237" HEIGHT="45" CONTENT="direction." WC="0.99" CC="0455005040"/>
					</TextLine>
				</TextBlock>
				<TextBlock ID="P113_TB00004" HPOS="817" VPOS="1057" WIDTH="720" HEIGHT="55" STYLEREFS="TXT_2 PAR_LEFT">
					<TextLine ID="P113_TL00007" HPOS="817" VPOS="1058" WIDTH="720" HEIGHT="54">
						<String ID="P113_ST00052" HPOS="817" VPOS="1061" WIDTH="257" HEIGHT="44" CONTENT="Nouveaux" WC="0.99" CC="20400260"/>
						<SP ID="P113_SP00046" HPOS="1074" VPOS="1105" WIDTH="22"/>
						<String ID="P113_ST00053" HPOS="1096" VPOS="1058" WIDTH="441" HEIGHT="54" CONTENT="opéras-comiques." WC="1.00" CC="2106020030010001"/>
					</TextLine>
				</TextBlock>
				<TextBlock ID="P113_TB00005" HPOS="819" VPOS="1179" WIDTH="2002" HEIGHT="400" STYLEREFS="TXT_1 PAR_LEFT">
					<TextLine ID="P113_TL00008" HPOS="917" VPOS="1181" WIDTH="1359" HEIGHT="66">
						<String ID="P113_ST00054" HPOS="917" VPOS="1193" WIDTH="63" HEIGHT="44" CONTENT="La" WC="0.82" CC="03"/>
						<SP ID="P113_SP00047" HPOS="980" VPOS="1237" WIDTH="28"/>
						<String ID="P113_ST00055" HPOS="1008" VPOS="1192" WIDTH="212" HEIGHT="55" CONTENT="partition" WC="0.99" CC="000040507"/>
						<SP ID="P113_SP00048" HPOS="1220" VPOS="1247" WIDTH="31"/>
						<String ID="P113_ST00056" HPOS="1251" VPOS="1192" WIDTH="136" HEIGHT="43" CONTENT="chant" WC="1.00" CC="00040"/>
						<SP ID="P113_SP00049" HPOS="1387" VPOS="1247" WIDTH="29"/>
						<String ID="P113_ST00057" HPOS="1416" VPOS="1197" WIDTH="44" HEIGHT="37" CONTENT="et" WC="1.00" CC="00"/>
						<SP ID="P113_SP00050" HPOS="1460" VPOS="1247" WIDTH="28"/>
						<String ID="P113_ST00058" HPOS="1488" VPOS="1189" WIDTH="136" HEIGHT="55" CONTENT="piano" WC="0.99" CC="02003"/>
						<SP ID="P113_SP00051" HPOS="1624" VPOS="1247" WIDTH="29"/>
						<String ID="P113_ST00059" HPOS="1653" VPOS="1188" WIDTH="59" HEIGHT="44" CONTENT="de" WC="0.67" CC="06"/>
						<SP ID="P113_SP00052" HPOS="1712" VPOS="1247" WIDTH="29"/>
						<String ID="P113_ST00060" HPOS="1741" VPOS="1187" WIDTH="42" HEIGHT="44" CONTENT="la" WC="0.57" CC="34"/>
						<SP ID="P113_SP00053" HPOS="1783" VPOS="1247" WIDTH="28"/>
						<String ID="P113_ST00061" HPOS="1811" VPOS="1184" WIDTH="212" HEIGHT="46" CONTENT="comédie" WC="0.99" CC="0050040"/>
						<SP ID="P113_SP00054" HPOS="2023" VPOS="1247" WIDTH="28"/>
						<String ID="P113_ST00062" HPOS="2051" VPOS="1181" WIDTH="225" HEIGHT="47" CONTENT="musicale" WC="0.99" CC="70030000"/>
					</TextLine>
					<TextLine ID="P113_TL00009" HPOS="820" VPOS="1245" WIDTH="2000" HEIGHT="70">
						<String ID="P113_ST00063" HPOS="820" VPOS="1261" WIDTH="248" HEIGHT="54" CONTENT="composée" WC="1.00" CC="02000000"/>
						<SP ID="P113_SP00055" HPOS="1068" VPOS="1315" WIDTH="23"/>
						<String ID="P113_ST00064" HPOS="1091" VPOS="1273" WIDTH="80" HEIGHT="41" CONTENT="par" WC="0.98" CC="004"/>
						<SP ID="P113_SP00056" HPOS="1171" VPOS="1315" WIDTH="23"/>
						<String ID="P113_ST00065" HPOS="1194" VPOS="1258" WIDTH="209" HEIGHT="44" CONTENT="Maurice" WC="0.99" CC="1000602"/>
						<SP ID="P113_SP00057" HPOS="1403" VPOS="1315" WIDTH="24"/>
						<String ID="P113_ST00066" HPOS="1427" VPOS="1256" WIDTH="159" HEIGHT="52" CONTENT="Ravel," WC="0.99" CC="660000"/>
						<SP ID="P113_SP00058" HPOS="1586" VPOS="1315" WIDTH="27"/>
						<String ID="P113_ST00067" HPOS="1613" VPOS="1268" WIDTH="78" HEIGHT="32" CONTENT="sur" WC="0.97" CC="024"/>
						<SP ID="P113_SP00059" HPOS="1691" VPOS="1315" WIDTH="23"/>
						<String ID="P113_ST00068" HPOS="1714" VPOS="1254" WIDTH="42" HEIGHT="44" CONTENT="la" WC="0.92" CC="10"/>
						<SP ID="P113_SP00060" HPOS="1756" VPOS="1315" WIDTH="23"/>
						<String ID="P113_ST00069" HPOS="1779" VPOS="1254" WIDTH="271" HEIGHT="43" CONTENT="charmante" WC="0.99" CC="005006504"/>
						<SP ID="P113_SP00061" HPOS="2050" VPOS="1315" WIDTH="22"/>
						<String ID="P113_ST00070" HPOS="2072" VPOS="1250" WIDTH="134" HEIGHT="55" CONTENT="pièce" WC="0.99" CC="00005"/>
						<SP ID="P113_SP00062" HPOS="2206" VPOS="1315" WIDTH="24"/>
						<String ID="P113_ST00071" HPOS="2230" VPOS="1250" WIDTH="57" HEIGHT="43" CONTENT="de" WC="1.00" CC="00"/>
						<SP ID="P113_SP00063" HPOS="2287" VPOS="1315" WIDTH="25"/>
						<String ID="P113_ST00072" HPOS="2312" VPOS="1246" WIDTH="367" HEIGHT="54" CONTENT="Franc-Nohain," WC="0.82" CC="0500005006050"/>
						<SP ID="P113_SP00064" HPOS="2679" VPOS="1315" WIDTH="27"/>
						<String ID="P113_ST00073" HPOS="2706" VPOS="1245" WIDTH="114" HEIGHT="47" CONTENT="vient" WC="0.99" CC="01240"/>
					</TextLine>
					<TextLine ID="P113_TL00010" HPOS="820" VPOS="1319" WIDTH="1237" HEIGHT="62">
						<String ID="P113_ST00074" HPOS="820" VPOS="1327" WIDTH="57" HEIGHT="45" CONTENT="de" WC="1.00" CC="00"/>
						<SP ID="P113_SP00065" HPOS="877" VPOS="1372" WIDTH="27"/>
						<String ID="P113_ST00075" HPOS="904" VPOS="1329" WIDTH="197" HEIGHT="52" CONTENT="paraître" WC="0.99" CC="05010420"/>
						<SP ID="P113_SP00066" HPOS="1101" VPOS="1381" WIDTH="27"/>
						<String ID="P113_ST00076" HPOS="1128" VPOS="1326" WIDTH="115" HEIGHT="43" CONTENT="chez" WC="1.00" CC="0000"/>
						<SP ID="P113_SP00067" HPOS="1243" VPOS="1381" WIDTH="25"/>
						<String ID="P113_ST00077" HPOS="1268" VPOS="1325" WIDTH="70" HEIGHT="43" CONTENT="les" WC="0.98" CC="400"/>
						<SP ID="P113_SP00068" HPOS="1338" VPOS="1381" WIDTH="24"/>
						<String ID="P113_ST00078" HPOS="1362" VPOS="1322" WIDTH="207" HEIGHT="45" CONTENT="éditeurs" WC="1.00" CC="00100200"/>
						<SP ID="P113_SP00069" HPOS="1569" VPOS="1381" WIDTH="26"/>
						<String ID="P113_ST00079" HPOS="1595" VPOS="1321" WIDTH="54" HEIGHT="45" CONTENT="A." WC="0.93" CC="01"/>
						<SP ID="P113_SP00070" HPOS="1649" VPOS="1381" WIDTH="32"/>
						<String ID="P113_ST00080" HPOS="1681" VPOS="1320" WIDTH="191" HEIGHT="46" CONTENT="Durand" WC="1.00" CC="000060"/>
						<SP ID="P113_SP00071" HPOS="1872" VPOS="1381" WIDTH="26"/>
						<String ID="P113_ST00081" HPOS="1898" VPOS="1327" WIDTH="46" HEIGHT="37" CONTENT="et" WC="1.00" CC="00"/>
						<SP ID="P113_SP00072" HPOS="1944" VPOS="1381" WIDTH="24"/>
						<String ID="P113_ST00082" HPOS="1968" VPOS="1319" WIDTH="89" HEIGHT="44" CONTENT="fils." WC="0.99" CC="11004"/>
					</TextLine>
					<TextLine ID="P113_TL00011" HPOS="919" VPOS="1381" WIDTH="1606" HEIGHT="61">
						<String ID="P113_ST00083" HPOS="919" VPOS="1391" WIDTH="137" HEIGHT="46" CONTENT="Cette" WC="1.00" CC="00004"/>
						<SP ID="P113_SP00073" HPOS="1056" VPOS="1437" WIDTH="25"/>
						<String ID="P113_ST00084" HPOS="1081" VPOS="1404" WIDTH="163" HEIGHT="31" CONTENT="œuvre" WC="0.99" CC="00005"/>
						<SP ID="P113_SP00074" HPOS="1244" VPOS="1437" WIDTH="23"/>
						<String ID="P113_ST00085" HPOS="1267" VPOS="1397" WIDTH="71" HEIGHT="37" CONTENT="est" WC="1.00" CC="000"/>
						<SP ID="P113_SP00075" HPOS="1338" VPOS="1437" WIDTH="24"/>
						<String ID="P113_ST00086" HPOS="1362" VPOS="1390" WIDTH="191" HEIGHT="43" CONTENT="inscrite" WC="1.00" CC="00020010"/>
						<SP ID="P113_SP00076" HPOS="1553" VPOS="1437" WIDTH="24"/>
						<String ID="P113_ST00087" HPOS="1577" VPOS="1401" WIDTH="59" HEIGHT="32" CONTENT="au" WC="1.00" CC="00"/>
						<SP ID="P113_SP00077" HPOS="1636" VPOS="1437" WIDTH="25"/>
						<String ID="P113_ST00088" HPOS="1661" VPOS="1399" WIDTH="293" HEIGHT="43" CONTENT="programme" WC="0.99" CC="711000080"/>
						<SP ID="P113_SP00078" HPOS="1954" VPOS="1442" WIDTH="24"/>
						<String ID="P113_ST00089" HPOS="1978" VPOS="1385" WIDTH="59" HEIGHT="44" CONTENT="de" WC="1.00" CC="00"/>
						<SP ID="P113_SP00079" HPOS="2037" VPOS="1442" WIDTH="24"/>
						<String ID="P113_ST00090" HPOS="2061" VPOS="1381" WIDTH="464" HEIGHT="57" CONTENT="l'Opéra-Comique." WC="0.91" CC="3000000000023310"/>
					</TextLine>
					<TextLine ID="P113_TL00012" HPOS="918" VPOS="1449" WIDTH="1903" HEIGHT="60">
						<String ID="P113_ST00091" HPOS="918" VPOS="1460" WIDTH="72" HEIGHT="44" CONTENT="Au" WC="1.00" CC="00"/>
						<SP ID="P113_SP00080" HPOS="990" VPOS="1504" WIDTH="26"/>
						<String ID="P113_ST00092" HPOS="1016" VPOS="1461" WIDTH="153" HEIGHT="42" CONTENT="même" WC="1.00" CC="0000"/>
						<SP ID="P113_SP00081" HPOS="1169" VPOS="1504" WIDTH="25"/>
						<String ID="P113_ST00093" HPOS="1194" VPOS="1458" WIDTH="194" HEIGHT="51" CONTENT="théâtre," WC="1.00" CC="00002000"/>
						<SP ID="P113_SP00082" HPOS="1388" VPOS="1509" WIDTH="30"/>
						<String ID="P113_ST00094" HPOS="1418" VPOS="1457" WIDTH="44" HEIGHT="43" CONTENT="le" WC="0.72" CC="50"/>
						<SP ID="P113_SP00083" HPOS="1462" VPOS="1509" WIDTH="29"/>
						<String ID="P113_ST00095" HPOS="1491" VPOS="1456" WIDTH="142" HEIGHT="44" CONTENT="Cœur" WC="1.00" CC="0000" STYLEREFS="TXT_2"/>
						<SP ID="P113_SP00084" HPOS="1633" VPOS="1509" WIDTH="25"/>
						<String ID="P113_ST00096" HPOS="1658" VPOS="1457" WIDTH="63" HEIGHT="41" CONTENT="du" WC="0.86" CC="20" STYLEREFS="TXT_2"/>
						<SP ID="P113_SP00085" HPOS="1721" VPOS="1509" WIDTH="26"/>
						<String ID="P113_ST00097" HPOS="1747" VPOS="1454" WIDTH="193" HEIGHT="49" CONTENT="Moulin," WC="1.00" CC="0000000" STYLEREFS="TXT_2"/>
						<SP ID="P113_SP00086" HPOS="1940" VPOS="1509" WIDTH="30"/>
						<String ID="P113_ST00098" HPOS="1970" VPOS="1453" WIDTH="58" HEIGHT="45" CONTENT="de" WC="1.00" CC="00"/>
						<SP ID="P113_SP00087" HPOS="2028" VPOS="1509" WIDTH="27"/>
						<String ID="P113_ST00099" HPOS="2055" VPOS="1452" WIDTH="181" HEIGHT="44" CONTENT="Déodat" WC="0.96" CC="001000"/>
						<SP ID="P113_SP00088" HPOS="2236" VPOS="1509" WIDTH="27"/>
						<String ID="P113_ST00100" HPOS="2263" VPOS="1451" WIDTH="58" HEIGHT="45" CONTENT="de" WC="1.00" CC="00"/>
						<SP ID="P113_SP00089" HPOS="2321" VPOS="1509" WIDTH="27"/>
						<String ID="P113_ST00101" HPOS="2348" VPOS="1449" WIDTH="218" HEIGHT="54" CONTENT="Séverac," WC="0.98" CC="00000100"/>
						<SP ID="P113_SP00090" HPOS="2566" VPOS="1509" WIDTH="30"/>
						<String ID="P113_ST00102" HPOS="2596" VPOS="1462" WIDTH="58" HEIGHT="31" CONTENT="va" WC="1.00" CC="00"/>
						<SP ID="P113_SP00091" HPOS="2654" VPOS="1509" WIDTH="25"/>
						<String ID="P113_ST00103" HPOS="2679" VPOS="1456" WIDTH="142" HEIGHT="37" CONTENT="entrer" WC="1.00" CC="000000"/>
					</TextLine>
					<TextLine ID="P113_TL00013" HPOS="820" VPOS="1524" WIDTH="367" HEIGHT="55">
						<String ID="P113_ST00104" HPOS="820" VPOS="1540" WIDTH="57" HEIGHT="30" CONTENT="en" WC="1.00" CC="00"/>
						<SP ID="P113_SP00092" HPOS="877" VPOS="1570" WIDTH="26"/>
						<String ID="P113_ST00105" HPOS="903" VPOS="1524" WIDTH="284" HEIGHT="55" CONTENT="répétitions." WC="1.00" CC="000002060000"/>
					</TextLine>
				</TextBlock>
				<TextBlock ID="P113_TB00006" HPOS="820" VPOS="1863" WIDTH="2017" HEIGHT="1066" STYLEREFS="TXT_1 PAR_BLOCK">
					<TextLine ID="P113_TL00014" HPOS="916" VPOS="1864" WIDTH="1914" HEIGHT="60">
						<String ID="P113_ST00106" HPOS="916" VPOS="1873" WIDTH="65" HEIGHT="44" CONTENT="Le" WC="1.00" CC="00"/>
						<SP ID="P113_SP00093" HPOS="981" VPOS="1917" WIDTH="19"/>
						<String ID="P113_ST00107" HPOS="1000" VPOS="1875" WIDTH="142" HEIGHT="44" CONTENT="baron" WC="0.99" CC="02003"/>
						<SP ID="P113_SP00094" HPOS="1142" VPOS="1919" WIDTH="22"/>
						<String ID="P113_ST00108" HPOS="1164" VPOS="1873" WIDTH="222" HEIGHT="49" CONTENT="Gevaërt," WC="0.94" CC="00000040"/>
						<SP ID="P113_SP00095" HPOS="1386" VPOS="1922" WIDTH="24"/>
						<String ID="P113_ST00109" HPOS="1410" VPOS="1872" WIDTH="108" HEIGHT="44" CONTENT="dont" WC="1.00" CC="0001"/>
						<SP ID="P113_SP00096" HPOS="1518" VPOS="1922" WIDTH="14"/>
						<String ID="P113_ST00110" HPOS="1532" VPOS="1870" WIDTH="70" HEIGHT="45" CONTENT="les" WC="1.00" CC="000"/>
						<SP ID="P113_SP00097" HPOS="1602" VPOS="1922" WIDTH="14"/>
						<String ID="P113_ST00111" HPOS="1616" VPOS="1870" WIDTH="236" HEIGHT="54" CONTENT="obsèques" WC="1.00" CC="00007200"/>
						<SP ID="P113_SP00098" HPOS="1852" VPOS="1924" WIDTH="20"/>
						<String ID="P113_ST00112" HPOS="1872" VPOS="1877" WIDTH="80" HEIGHT="37" CONTENT="ont" WC="1.00" CC="000"/>
						<SP ID="P113_SP00099" HPOS="1952" VPOS="1924" WIDTH="19"/>
						<String ID="P113_ST00113" HPOS="1971" VPOS="1882" WIDTH="60" HEIGHT="32" CONTENT="eu" WC="0.76" CC="04"/>
						<SP ID="P113_SP00100" HPOS="2031" VPOS="1924" WIDTH="20"/>
						<String ID="P113_ST00114" HPOS="2051" VPOS="1867" WIDTH="94" HEIGHT="45" CONTENT="lieu" WC="1.00" CC="0001"/>
						<SP ID="P113_SP00101" HPOS="2145" VPOS="1924" WIDTH="23"/>
						<String ID="P113_ST00115" HPOS="2168" VPOS="1865" WIDTH="362" HEIGHT="52" CONTENT="dernièrement," WC="1.00" CC="0000210000000"/>
						<SP ID="P113_SP00102" HPOS="2530" VPOS="1924" WIDTH="18"/>
						<String ID="P113_ST00116" HPOS="2548" VPOS="1865" WIDTH="123" HEIGHT="45" CONTENT="avait" WC="1.00" CC="10000"/>
						<SP ID="P113_SP00103" HPOS="2671" VPOS="1924" WIDTH="14"/>
						<String ID="P113_ST00117" HPOS="2685" VPOS="1864" WIDTH="145" HEIGHT="45" CONTENT="inséré" WC="0.99" CC="100206"/>
					</TextLine>
					<TextLine ID="P113_TL00015" HPOS="820" VPOS="1931" WIDTH="2006" HEIGHT="61">
						<String ID="P113_ST00118" HPOS="820" VPOS="1942" WIDTH="115" HEIGHT="44" CONTENT="dans" WC="0.97" CC="5520"/>
						<SP ID="P113_SP00104" HPOS="935" VPOS="1986" WIDTH="22"/>
						<String ID="P113_ST00119" HPOS="957" VPOS="1954" WIDTH="83" HEIGHT="32" CONTENT="son" WC="1.00" CC="000"/>
						<SP ID="P113_SP00105" HPOS="1040" VPOS="1986" WIDTH="23"/>
						<String ID="P113_ST00120" HPOS="1063" VPOS="1948" WIDTH="249" HEIGHT="38" CONTENT="testament" WC="1.00" CC="100000000"/>
						<SP ID="P113_SP00106" HPOS="1312" VPOS="1986" WIDTH="22"/>
						<String ID="P113_ST00121" HPOS="1334" VPOS="1952" WIDTH="61" HEIGHT="31" CONTENT="un" WC="0.94" CC="10"/>
						<SP ID="P113_SP00107" HPOS="1395" VPOS="1986" WIDTH="23"/>
						<String ID="P113_ST00122" HPOS="1418" VPOS="1938" WIDTH="287" HEIGHT="54" CONTENT="paragraphe" WC="1.00" CC="0400005000"/>
						<SP ID="P113_SP00108" HPOS="1705" VPOS="1992" WIDTH="21"/>
						<String ID="P113_ST00123" HPOS="1726" VPOS="1939" WIDTH="96" HEIGHT="42" CONTENT="très" WC="1.00" CC="0000"/>
						<SP ID="P113_SP00109" HPOS="1822" VPOS="1992" WIDTH="22"/>
						<String ID="P113_ST00124" HPOS="1844" VPOS="1935" WIDTH="193" HEIGHT="46" CONTENT="curieux" WC="0.99" CC="0200008"/>
						<SP ID="P113_SP00110" HPOS="2037" VPOS="1992" WIDTH="23"/>
						<String ID="P113_ST00125" HPOS="2060" VPOS="1948" WIDTH="82" HEIGHT="42" CONTENT="par" WC="1.00" CC="000"/>
						<SP ID="P113_SP00111" HPOS="2142" VPOS="1992" WIDTH="22"/>
						<String ID="P113_ST00126" HPOS="2164" VPOS="1934" WIDTH="154" HEIGHT="55" CONTENT="lequel" WC="0.99" CC="000404"/>
						<SP ID="P113_SP00112" HPOS="2318" VPOS="1992" WIDTH="24"/>
						<String ID="P113_ST00127" HPOS="2342" VPOS="1933" WIDTH="32" HEIGHT="45" CONTENT="il" WC="0.76" CC="03"/>
						<SP ID="P113_SP00113" HPOS="2374" VPOS="1992" WIDTH="23"/>
						<String ID="P113_ST00128" HPOS="2397" VPOS="1931" WIDTH="165" HEIGHT="56" CONTENT="réglait" WC="1.00" CC="0000220"/>
						<SP ID="P113_SP00114" HPOS="2562" VPOS="1992" WIDTH="23"/>
						<String ID="P113_ST00129" HPOS="2585" VPOS="1931" WIDTH="241" HEIGHT="52" CONTENT="lui-même," WC="1.00" CC="201002112"/>
					</TextLine>
					<TextLine ID="P113_TL00016" HPOS="825" VPOS="1997" WIDTH="2002" HEIGHT="65">
						<String ID="P113_ST00130" HPOS="825" VPOS="2022" WIDTH="114" HEIGHT="31" CONTENT="avec" WC="1.00" CC="0000"/>
						<SP ID="P113_SP00115" HPOS="939" VPOS="2053" WIDTH="25"/>
						<String ID="P113_ST00131" HPOS="964" VPOS="2008" WIDTH="42" HEIGHT="44" CONTENT="la" WC="0.84" CC="30"/>
						<SP ID="P113_SP00116" HPOS="1006" VPOS="2053" WIDTH="27"/>
						<String ID="P113_ST00132" HPOS="1033" VPOS="2008" WIDTH="103" HEIGHT="54" CONTENT="plus" WC="1.00" CC="0000"/>
						<SP ID="P113_SP00117" HPOS="1136" VPOS="2062" WIDTH="25"/>
						<String ID="P113_ST00133" HPOS="1161" VPOS="2008" WIDTH="174" HEIGHT="53" CONTENT="grande" WC="0.99" CC="201400"/>
						<SP ID="P113_SP00118" HPOS="1335" VPOS="2062" WIDTH="26"/>
						<String ID="P113_ST00134" HPOS="1361" VPOS="2005" WIDTH="208" HEIGHT="52" CONTENT="minutie," WC="1.00" CC="00000100"/>
						<SP ID="P113_SP00119" HPOS="1569" VPOS="2062" WIDTH="47"/>
						<String ID="P113_ST00135" HPOS="1616" VPOS="2004" WIDTH="331" HEIGHT="44" CONTENT="l'ordonnance" WC="1.00" CC="000000056000"/>
						<SP ID="P113_SP00120" HPOS="1947" VPOS="2062" WIDTH="45"/>
						<String ID="P113_ST00136" HPOS="1992" VPOS="2001" WIDTH="242" HEIGHT="55" CONTENT="artistique" WC="1.00" CC="0006015000"/>
						<SP ID="P113_SP00121" HPOS="2234" VPOS="2062" WIDTH="45"/>
						<String ID="P113_ST00137" HPOS="2279" VPOS="2001" WIDTH="58" HEIGHT="45" CONTENT="de" WC="1.00" CC="00"/>
						<SP ID="P113_SP00122" HPOS="2337" VPOS="2062" WIDTH="45"/>
						<String ID="P113_ST00138" HPOS="2382" VPOS="2014" WIDTH="78" HEIGHT="32" CONTENT="ses" WC="1.00" CC="000"/>
						<SP ID="P113_SP00123" HPOS="2460" VPOS="2062" WIDTH="45"/>
						<String ID="P113_ST00139" HPOS="2505" VPOS="2000" WIDTH="247" HEIGHT="55" CONTENT="obsèques." WC="1.00" CC="000100004"/>
						<SP ID="P113_SP00124" HPOS="2752" VPOS="2062" WIDTH="46"/>
						<String ID="P113_ST00140" HPOS="2798" VPOS="1997" WIDTH="29" HEIGHT="46" CONTENT="Il" WC="0.76" CC="40"/>
					</TextLine>
					<TextLine ID="P113_TL00017" HPOS="828" VPOS="2066" WIDTH="2002" HEIGHT="58">
						<String ID="P113_ST00141" HPOS="828" VPOS="2075" WIDTH="228" HEIGHT="46" CONTENT="demande" WC="0.99" CC="0004400"/>
						<SP ID="P113_SP00125" HPOS="1056" VPOS="2121" WIDTH="25"/>
						<String ID="P113_ST00142" HPOS="1081" VPOS="2088" WIDTH="62" HEIGHT="30" CONTENT="un" WC="1.00" CC="00"/>
						<SP ID="P113_SP00126" HPOS="1143" VPOS="2121" WIDTH="27"/>
						<String ID="P113_ST00143" HPOS="1170" VPOS="2072" WIDTH="183" HEIGHT="46" CONTENT="service" WC="1.00" CC="0000210"/>
						<SP ID="P113_SP00127" HPOS="1353" VPOS="2121" WIDTH="25"/>
						<String ID="P113_ST00144" HPOS="1378" VPOS="2071" WIDTH="304" HEIGHT="53" CONTENT="convenable," WC="1.00" CC="00000040600"/>
						<SP ID="P113_SP00128" HPOS="1682" VPOS="2124" WIDTH="30"/>
						<String ID="P113_ST00145" HPOS="1712" VPOS="2084" WIDTH="110" HEIGHT="32" CONTENT="sans" WC="0.99" CC="0320"/>
						<SP ID="P113_SP00129" HPOS="1822" VPOS="2124" WIDTH="27"/>
						<String ID="P113_ST00146" HPOS="1849" VPOS="2072" WIDTH="100" HEIGHT="42" CONTENT="être" WC="1.00" CC="0000"/>
						<SP ID="P113_SP00130" HPOS="1949" VPOS="2124" WIDTH="25"/>
						<String ID="P113_ST00147" HPOS="1974" VPOS="2070" WIDTH="217" HEIGHT="52" CONTENT="luxueux," WC="1.00" CC="00010000"/>
						<SP ID="P113_SP00131" HPOS="2191" VPOS="2124" WIDTH="31"/>
						<String ID="P113_ST00148" HPOS="2222" VPOS="2075" WIDTH="45" HEIGHT="39" CONTENT="et" WC="1.00" CC="00"/>
						<SP ID="P113_SP00132" HPOS="2267" VPOS="2124" WIDTH="27"/>
						<String ID="P113_ST00149" HPOS="2294" VPOS="2069" WIDTH="208" HEIGHT="54" CONTENT="exprime" WC="1.00" CC="0000000"/>
						<SP ID="P113_SP00133" HPOS="2502" VPOS="2124" WIDTH="28"/>
						<String ID="P113_ST00150" HPOS="2530" VPOS="2067" WIDTH="43" HEIGHT="46" CONTENT="le" WC="0.85" CC="11"/>
						<SP ID="P113_SP00134" HPOS="2573" VPOS="2124" WIDTH="28"/>
						<String ID="P113_ST00151" HPOS="2601" VPOS="2066" WIDTH="125" HEIGHT="46" CONTENT="désir" WC="1.00" CC="00000"/>
						<SP ID="P113_SP00135" HPOS="2726" VPOS="2124" WIDTH="25"/>
						<String ID="P113_ST00152" HPOS="2751" VPOS="2077" WIDTH="79" HEIGHT="44" CONTENT="que" WC="0.99" CC="010"/>
					</TextLine>
					<TextLine ID="P113_TL00018" HPOS="826" VPOS="2136" WIDTH="2005" HEIGHT="58">
						<String ID="P113_ST00153" HPOS="826" VPOS="2142" WIDTH="68" HEIGHT="43" CONTENT="les" WC="0.97" CC="440"/>
						<SP ID="P113_SP00136" HPOS="894" VPOS="2185" WIDTH="23"/>
						<String ID="P113_ST00154" HPOS="917" VPOS="2142" WIDTH="163" HEIGHT="43" CONTENT="chants" WC="1.00" CC="000000"/>
						<SP ID="P113_SP00137" HPOS="1080" VPOS="2185" WIDTH="23"/>
						<String ID="P113_ST00155" HPOS="1103" VPOS="2141" WIDTH="274" HEIGHT="53" CONTENT="liturgiques" WC="1.00" CC="33000030001"/>
						<SP ID="P113_SP00138" HPOS="1377" VPOS="2194" WIDTH="22"/>
						<String ID="P113_ST00156" HPOS="1399" VPOS="2140" WIDTH="57" HEIGHT="44" CONTENT="de" WC="1.00" CC="00"/>
						<SP ID="P113_SP00139" HPOS="1456" VPOS="2194" WIDTH="24"/>
						<String ID="P113_ST00157" HPOS="1480" VPOS="2140" WIDTH="41" HEIGHT="44" CONTENT="la" WC="0.86" CC="02"/>
						<SP ID="P113_SP00140" HPOS="1521" VPOS="2194" WIDTH="22"/>
						<String ID="P113_ST00158" HPOS="1543" VPOS="2151" WIDTH="157" HEIGHT="32" CONTENT="messe" WC="1.00" CC="02000"/>
						<SP ID="P113_SP00141" HPOS="1700" VPOS="2194" WIDTH="22"/>
						<String ID="P113_ST00159" HPOS="1722" VPOS="2138" WIDTH="153" HEIGHT="45" CONTENT="soient" WC="1.00" CC="001000"/>
						<SP ID="P113_SP00142" HPOS="1875" VPOS="2194" WIDTH="23"/>
						<String ID="P113_ST00160" HPOS="1898" VPOS="2138" WIDTH="221" HEIGHT="44" CONTENT="exécutés" WC="1.00" CC="00002000"/>
						<SP ID="P113_SP00143" HPOS="2119" VPOS="2194" WIDTH="24"/>
						<String ID="P113_ST00161" HPOS="2143" VPOS="2150" WIDTH="58" HEIGHT="30" CONTENT="en" WC="1.00" CC="00"/>
						<SP ID="P113_SP00144" HPOS="2201" VPOS="2194" WIDTH="24"/>
						<String ID="P113_ST00162" HPOS="2225" VPOS="2136" WIDTH="298" HEIGHT="54" CONTENT="plain-chant," WC="0.90" CC="040004000200"/>
						<SP ID="P113_SP00145" HPOS="2523" VPOS="2194" WIDTH="28"/>
						<String ID="P113_ST00163" HPOS="2551" VPOS="2147" WIDTH="90" HEIGHT="32" CONTENT="non" WC="1.00" CC="000"/>
						<SP ID="P113_SP00146" HPOS="2641" VPOS="2194" WIDTH="24"/>
						<String ID="P113_ST00164" HPOS="2665" VPOS="2146" WIDTH="139" HEIGHT="33" CONTENT="accom" SUBS_TYPE="HypPart1" SUBS_CONTENT="accompagnés" WC="1.00" CC="00003"/>
						<HYP HPOS="2804" VPOS="2146" WIDTH="27" CONTENT="-"/>
					</TextLine>
					<TextLine ID="P113_TL00019" HPOS="827" VPOS="2199" WIDTH="2004" HEIGHT="64">
						<String ID="P113_ST00165" HPOS="827" VPOS="2211" WIDTH="173" HEIGHT="52" CONTENT="pagnés" SUBS_TYPE="HypPart2" SUBS_CONTENT="accompagnés" WC="1.00" CC="010000"/>
						<SP ID="P113_SP00147" HPOS="1000" VPOS="2263" WIDTH="29"/>
						<String ID="P113_ST00166" HPOS="1029" VPOS="2208" WIDTH="56" HEIGHT="45" CONTENT="de" WC="1.00" CC="00"/>
						<SP ID="P113_SP00148" HPOS="1085" VPOS="2263" WIDTH="28"/>
						<String ID="P113_ST00167" HPOS="1113" VPOS="2207" WIDTH="192" HEIGHT="55" CONTENT="l'orgue," WC="1.00" CC="00000000"/>
						<SP ID="P113_SP00149" HPOS="1305" VPOS="2263" WIDTH="31"/>
						<String ID="P113_ST00168" HPOS="1336" VPOS="2209" WIDTH="26" HEIGHT="42" CONTENT="à" WC="1.00" CC="0"/>
						<SP ID="P113_SP00150" HPOS="1362" VPOS="2263" WIDTH="28"/>
						<String ID="P113_ST00169" HPOS="1390" VPOS="2206" WIDTH="277" HEIGHT="56" CONTENT="l'exception" WC="1.00" CC="00200000000"/>
						<SP ID="P113_SP00151" HPOS="1667" VPOS="2263" WIDTH="29"/>
						<String ID="P113_ST00170" HPOS="1696" VPOS="2206" WIDTH="61" HEIGHT="44" CONTENT="du" WC="0.80" CC="04"/>
						<SP ID="P113_SP00152" HPOS="1757" VPOS="2263" WIDTH="28"/>
						<String ID="P113_ST00171" HPOS="1785" VPOS="2207" WIDTH="115" HEIGHT="43" CONTENT="Dies" WC="1.00" CC="0000" STYLEREFS="TXT_2"/>
						<SP ID="P113_SP00153" HPOS="1900" VPOS="2263" WIDTH="28"/>
						<String ID="P113_ST00172" HPOS="1928" VPOS="2206" WIDTH="98" HEIGHT="49" CONTENT="irœ," WC="0.89" CC="0030" STYLEREFS="TXT_2"/>
						<SP ID="P113_SP00154" HPOS="2026" VPOS="2263" WIDTH="32"/>
						<String ID="P113_ST00173" HPOS="2058" VPOS="2204" WIDTH="79" HEIGHT="56" CONTENT="qui" WC="1.00" CC="001"/>
						<SP ID="P113_SP00155" HPOS="2137" VPOS="2263" WIDTH="29"/>
						<String ID="P113_ST00174" HPOS="2166" VPOS="2204" WIDTH="94" HEIGHT="45" CONTENT="doit" WC="1.00" CC="0100"/>
						<SP ID="P113_SP00156" HPOS="2260" VPOS="2263" WIDTH="29"/>
						<String ID="P113_ST00175" HPOS="2289" VPOS="2206" WIDTH="99" HEIGHT="43" CONTENT="être" WC="1.00" CC="0000"/>
						<SP ID="P113_SP00157" HPOS="2388" VPOS="2263" WIDTH="27"/>
						<String ID="P113_ST00176" HPOS="2415" VPOS="2203" WIDTH="169" HEIGHT="45" CONTENT="chanté" WC="1.00" CC="000000"/>
						<SP ID="P113_SP00158" HPOS="2584" VPOS="2263" WIDTH="27"/>
						<String ID="P113_ST00177" HPOS="2611" VPOS="2199" WIDTH="198" HEIGHT="49" CONTENT="alternati" SUBS_TYPE="HypPart1" SUBS_CONTENT="alternativement" WC="1.00" CC="300000000"/>
						<HYP HPOS="2809" VPOS="2199" WIDTH="22" CONTENT="-"/>
					</TextLine>
					<TextLine ID="P113_TL00020" HPOS="827" VPOS="2269" WIDTH="2005" HEIGHT="59">
						<String ID="P113_ST00178" HPOS="827" VPOS="2283" WIDTH="189" HEIGHT="37" CONTENT="vement" SUBS_TYPE="HypPart2" SUBS_CONTENT="alternativement" WC="1.00" CC="000030"/>
						<SP ID="P113_SP00159" HPOS="1016" VPOS="2320" WIDTH="21"/>
						<String ID="P113_ST00179" HPOS="1037" VPOS="2288" WIDTH="57" HEIGHT="32" CONTENT="en" WC="0.77" CC="22"/>
						<SP ID="P113_SP00160" HPOS="1094" VPOS="2320" WIDTH="24"/>
						<String ID="P113_ST00180" HPOS="1118" VPOS="2276" WIDTH="98" HEIGHT="43" CONTENT="solo" WC="1.00" CC="0010"/>
						<SP ID="P113_SP00161" HPOS="1216" VPOS="2320" WIDTH="23"/>
						<String ID="P113_ST00181" HPOS="1239" VPOS="2282" WIDTH="45" HEIGHT="37" CONTENT="et" WC="1.00" CC="00"/>
						<SP ID="P113_SP00162" HPOS="1284" VPOS="2320" WIDTH="22"/>
						<String ID="P113_ST00182" HPOS="1306" VPOS="2287" WIDTH="57" HEIGHT="32" CONTENT="en" WC="0.81" CC="03"/>
						<SP ID="P113_SP00163" HPOS="1363" VPOS="2320" WIDTH="24"/>
						<String ID="P113_ST00183" HPOS="1387" VPOS="2274" WIDTH="175" HEIGHT="45" CONTENT="chœur." WC="1.00" CC="000002"/>
						<SP ID="P113_SP00164" HPOS="1562" VPOS="2320" WIDTH="30"/>
						<String ID="P113_ST00184" HPOS="1592" VPOS="2273" WIDTH="155" HEIGHT="55" CONTENT="Quant" WC="1.00" CC="00010"/>
						<SP ID="P113_SP00165" HPOS="1747" VPOS="2328" WIDTH="21"/>
						<String ID="P113_ST00185" HPOS="1768" VPOS="2276" WIDTH="26" HEIGHT="41" CONTENT="à" WC="1.00" CC="0"/>
						<SP ID="P113_SP00166" HPOS="1794" VPOS="2328" WIDTH="22"/>
						<String ID="P113_ST00186" HPOS="1816" VPOS="2273" WIDTH="242" HEIGHT="44" CONTENT="VAbsolve" WC="0.87" CC="60200000" STYLEREFS="TXT_2"/>
						<SP ID="P113_SP00167" HPOS="2058" VPOS="2328" WIDTH="24"/>
						<String ID="P113_ST00187" HPOS="2082" VPOS="2277" WIDTH="60" HEIGHT="46" CONTENT="te," WC="0.99" CC="200" STYLEREFS="TXT_2"/>
						<SP ID="P113_SP00168" HPOS="2142" VPOS="2328" WIDTH="25"/>
						<String ID="P113_ST00188" HPOS="2167" VPOS="2270" WIDTH="116" HEIGHT="46" CONTENT="écrit" WC="1.00" CC="01020"/>
						<SP ID="P113_SP00169" HPOS="2283" VPOS="2328" WIDTH="21"/>
						<String ID="P113_ST00189" HPOS="2304" VPOS="2270" WIDTH="65" HEIGHT="46" CONTENT="M." WC="0.89" CC="20"/>
						<SP ID="P113_SP00170" HPOS="2369" VPOS="2328" WIDTH="27"/>
						<String ID="P113_ST00190" HPOS="2396" VPOS="2269" WIDTH="209" HEIGHT="47" CONTENT="Gevaërt" WC="1.00" CC="0000000"/>
						<SP ID="P113_SP00171" HPOS="2605" VPOS="2328" WIDTH="23"/>
						<String ID="P113_ST00191" HPOS="2628" VPOS="2272" WIDTH="114" HEIGHT="43" CONTENT="dans" WC="0.98" CC="4300"/>
						<SP ID="P113_SP00172" HPOS="2742" VPOS="2328" WIDTH="21"/>
						<String ID="P113_ST00192" HPOS="2763" VPOS="2281" WIDTH="69" HEIGHT="33" CONTENT="ses" WC="1.00" CC="000"/>
					</TextLine>
					<TextLine ID="P113_TL00021" HPOS="828" VPOS="2334" WIDTH="2004" HEIGHT="62">
						<String ID="P113_ST00193" HPOS="828" VPOS="2343" WIDTH="240" HEIGHT="44" CONTENT="dernières" WC="1.00" CC="000400000"/>
						<SP ID="P113_SP00173" HPOS="1068" VPOS="2387" WIDTH="45"/>
						<String ID="P113_ST00194" HPOS="1113" VPOS="2340" WIDTH="312" HEIGHT="56" CONTENT="dispositions," WC="1.00" CC="0200003000000"/>
						<SP ID="P113_SP00174" HPOS="1425" VPOS="2396" WIDTH="32"/>
						<String ID="P113_ST00195" HPOS="1457" VPOS="2340" WIDTH="31" HEIGHT="45" CONTENT="il" WC="0.53" CC="35"/>
						<SP ID="P113_SP00175" HPOS="1488" VPOS="2396" WIDTH="26"/>
						<String ID="P113_ST00196" HPOS="1514" VPOS="2340" WIDTH="94" HEIGHT="45" CONTENT="doit" WC="1.00" CC="0010"/>
						<SP ID="P113_SP00176" HPOS="1608" VPOS="2396" WIDTH="27"/>
						<String ID="P113_ST00197" HPOS="1635" VPOS="2343" WIDTH="100" HEIGHT="42" CONTENT="être" WC="1.00" CC="0000"/>
						<SP ID="P113_SP00177" HPOS="1735" VPOS="2396" WIDTH="27"/>
						<String ID="P113_ST00198" HPOS="1762" VPOS="2339" WIDTH="63" HEIGHT="46" CONTENT="dit" WC="0.99" CC="030"/>
						<SP ID="P113_SP00178" HPOS="1825" VPOS="2396" WIDTH="27"/>
						<String ID="P113_ST00199" HPOS="1852" VPOS="2353" WIDTH="81" HEIGHT="42" CONTENT="par" WC="0.99" CC="030"/>
						<SP ID="P113_SP00179" HPOS="1933" VPOS="2396" WIDTH="27"/>
						<String ID="P113_ST00200" HPOS="1960" VPOS="2353" WIDTH="94" HEIGHT="30" CONTENT="une" WC="0.99" CC="100"/>
						<SP ID="P113_SP00180" HPOS="2054" VPOS="2396" WIDTH="25"/>
						<String ID="P113_ST00201" HPOS="2079" VPOS="2338" WIDTH="135" HEIGHT="45" CONTENT="seule" WC="0.99" CC="00004"/>
						<SP ID="P113_SP00181" HPOS="2214" VPOS="2396" WIDTH="44"/>
						<String ID="P113_ST00202" HPOS="2258" VPOS="2338" WIDTH="107" HEIGHT="44" CONTENT="voix" WC="0.98" CC="0017"/>
						<SP ID="P113_SP00182" HPOS="2365" VPOS="2396" WIDTH="46"/>
						<String ID="P113_ST00203" HPOS="2411" VPOS="2338" WIDTH="58" HEIGHT="44" CONTENT="de" WC="1.00" CC="00"/>
						<SP ID="P113_SP00183" HPOS="2469" VPOS="2396" WIDTH="45"/>
						<String ID="P113_ST00204" HPOS="2514" VPOS="2340" WIDTH="147" HEIGHT="51" CONTENT="ténor," WC="1.00" CC="000001"/>
						<SP ID="P113_SP00184" HPOS="2661" VPOS="2396" WIDTH="47"/>
						<String ID="P113_ST00205" HPOS="2708" VPOS="2343" WIDTH="46" HEIGHT="39" CONTENT="et" WC="1.00" CC="00"/>
						<SP ID="P113_SP00185" HPOS="2754" VPOS="2396" WIDTH="40"/>
						<String ID="P113_ST00206" HPOS="2794" VPOS="2334" WIDTH="38" HEIGHT="46" CONTENT="le" WC="0.37" CC="66"/>
					</TextLine>
					<TextLine ID="P113_TL00022" HPOS="842" VPOS="2404" WIDTH="1988" HEIGHT="57">
						<String ID="P113_ST00207" HPOS="842" VPOS="2410" WIDTH="198" HEIGHT="43" CONTENT="Domine" WC="1.00" CC="000000" STYLEREFS="TXT_2"/>
						<SP ID="P113_SP00186" HPOS="1040" VPOS="2453" WIDTH="263"/>
						<String ID="P113_ST00208" HPOS="1303" VPOS="2409" WIDTH="113" HEIGHT="49" CONTENT="Jesu" WC="0.95" CC="1000" STYLEREFS="TXT_2"/>
						<SP ID="P113_SP00187" HPOS="1416" VPOS="2458" WIDTH="187"/>
						<String ID="P113_ST00209" HPOS="1603" VPOS="2409" WIDTH="187" HEIGHT="43" CONTENT="Christe" WC="0.94" CC="0000003" STYLEREFS="TXT_2"/>
						<String ID="P113_ST00210" HPOS="1432" VPOS="2406" WIDTH="94" HEIGHT="46" CONTENT="doit" WC="0.99" CC="0050"/>
						<SP ID="P113_SP00188" HPOS="1790" VPOS="2458" WIDTH="-231"/>
						<String ID="P113_ST00211" HPOS="1559" VPOS="2409" WIDTH="99" HEIGHT="43" CONTENT="être" WC="1.00" CC="0000"/>
						<SP ID="P113_SP00189" HPOS="1790" VPOS="2458" WIDTH="-98"/>
						<String ID="P113_ST00212" HPOS="1692" VPOS="2406" WIDTH="168" HEIGHT="45" CONTENT="chanté" WC="1.00" CC="000000"/>
						<SP ID="P113_SP00190" HPOS="1860" VPOS="2458" WIDTH="35"/>
						<String ID="P113_ST00213" HPOS="1895" VPOS="2419" WIDTH="81" HEIGHT="42" CONTENT="par" WC="1.00" CC="000"/>
						<SP ID="P113_SP00191" HPOS="1976" VPOS="2461" WIDTH="35"/>
						<String ID="P113_ST00214" HPOS="2011" VPOS="2405" WIDTH="114" HEIGHT="46" CONTENT="trois" WC="1.00" CC="00000"/>
						<SP ID="P113_SP00192" HPOS="2125" VPOS="2461" WIDTH="34"/>
						<String ID="P113_ST00215" HPOS="2159" VPOS="2418" WIDTH="60" HEIGHT="32" CONTENT="ou" WC="0.98" CC="00"/>
						<SP ID="P113_SP00193" HPOS="2219" VPOS="2461" WIDTH="36"/>
						<String ID="P113_ST00216" HPOS="2255" VPOS="2413" WIDTH="163" HEIGHT="47" CONTENT="quatre" WC="1.00" CC="000000"/>
						<SP ID="P113_SP00194" HPOS="2418" VPOS="2461" WIDTH="33"/>
						<String ID="P113_ST00217" HPOS="2451" VPOS="2405" WIDTH="107" HEIGHT="45" CONTENT="voix" WC="0.98" CC="8000"/>
						<SP ID="P113_SP00195" HPOS="2558" VPOS="2461" WIDTH="36"/>
						<String ID="P113_ST00218" HPOS="2594" VPOS="2405" WIDTH="58" HEIGHT="45" CONTENT="de" WC="1.00" CC="00"/>
						<SP ID="P113_SP00196" HPOS="2652" VPOS="2461" WIDTH="33"/>
						<String ID="P113_ST00219" HPOS="2685" VPOS="2404" WIDTH="145" HEIGHT="51" CONTENT="basse," WC="1.00" CC="000002"/>
					</TextLine>
					<TextLine ID="P113_TL00023" HPOS="831" VPOS="2469" WIDTH="2003" HEIGHT="59">
						<String ID="P113_ST00220" HPOS="831" VPOS="2491" WIDTH="23" HEIGHT="26" CONTENT="((" WC="0.56" CC="44"/>
						<SP ID="P113_SP00197" HPOS="854" VPOS="2517" WIDTH="35"/>
						<String ID="P113_ST00221" HPOS="889" VPOS="2488" WIDTH="115" HEIGHT="31" CONTENT="avec" WC="0.99" CC="2000"/>
						<SP ID="P113_SP00198" HPOS="1004" VPOS="2519" WIDTH="47"/>
						<String ID="P113_ST00222" HPOS="1051" VPOS="2488" WIDTH="92" HEIGHT="31" CONTENT="une" WC="1.00" CC="000"/>
						<SP ID="P113_SP00199" HPOS="1143" VPOS="2519" WIDTH="49"/>
						<String ID="P113_ST00223" HPOS="1192" VPOS="2475" WIDTH="170" HEIGHT="44" CONTENT="diction" WC="1.00" CC="0000000"/>
						<SP ID="P113_SP00200" HPOS="1362" VPOS="2519" WIDTH="49"/>
						<String ID="P113_ST00224" HPOS="1411" VPOS="2475" WIDTH="151" HEIGHT="43" CONTENT="moins" WC="1.00" CC="00300"/>
						<SP ID="P113_SP00201" HPOS="1562" VPOS="2519" WIDTH="44"/>
						<String ID="P113_ST00225" HPOS="1606" VPOS="2474" WIDTH="364" HEIGHT="44" CONTENT="uniformément" WC="1.00" CC="002600000001"/>
						<SP ID="P113_SP00202" HPOS="1970" VPOS="2519" WIDTH="47"/>
						<String ID="P113_ST00226" HPOS="2017" VPOS="2472" WIDTH="161" HEIGHT="55" CONTENT="rapide" WC="1.00" CC="020000"/>
						<SP ID="P113_SP00203" HPOS="2178" VPOS="2527" WIDTH="51"/>
						<String ID="P113_ST00227" HPOS="2229" VPOS="2485" WIDTH="92" HEIGHT="43" CONTENT="que" WC="1.00" CC="000"/>
						<SP ID="P113_SP00204" HPOS="2321" VPOS="2528" WIDTH="49"/>
						<String ID="P113_ST00228" HPOS="2370" VPOS="2474" WIDTH="114" HEIGHT="43" CONTENT="dans" WC="1.00" CC="0000"/>
						<SP ID="P113_SP00205" HPOS="2484" VPOS="2528" WIDTH="50"/>
						<String ID="P113_ST00229" HPOS="2534" VPOS="2472" WIDTH="42" HEIGHT="45" CONTENT="la" WC="0.96" CC="00"/>
						<SP ID="P113_SP00206" HPOS="2576" VPOS="2528" WIDTH="49"/>
						<String ID="P113_ST00230" HPOS="2625" VPOS="2469" WIDTH="209" HEIGHT="48" CONTENT="nouvelle" WC="0.99" CC="23300035"/>
					</TextLine>
					<TextLine ID="P113_TL00024" HPOS="830" VPOS="2540" WIDTH="2002" HEIGHT="56">
						<String ID="P113_ST00231" HPOS="830" VPOS="2542" WIDTH="207" HEIGHT="43" CONTENT="manière" WC="1.00" CC="0003000"/>
						<SP ID="P113_SP00207" HPOS="1037" VPOS="2585" WIDTH="29"/>
						<String ID="P113_ST00232" HPOS="1066" VPOS="2557" WIDTH="39" HEIGHT="28" CONTENT="»." WC="0.78" CC="40"/>
						<SP ID="P113_SP00208" HPOS="1105" VPOS="2585" WIDTH="29"/>
						<String ID="P113_ST00233" HPOS="1134" VPOS="2542" WIDTH="40" HEIGHT="42" CONTENT="A" WC="1.00" CC="0"/>
						<SP ID="P113_SP00209" HPOS="1174" VPOS="2585" WIDTH="28"/>
						<String ID="P113_ST00234" HPOS="1202" VPOS="2542" WIDTH="42" HEIGHT="43" CONTENT="la" WC="0.97" CC="00"/>
						<SP ID="P113_SP00210" HPOS="1244" VPOS="2585" WIDTH="25"/>
						<String ID="P113_ST00235" HPOS="1269" VPOS="2542" WIDTH="141" HEIGHT="43" CONTENT="sortie" WC="1.00" CC="000300"/>
						<SP ID="P113_SP00211" HPOS="1410" VPOS="2585" WIDTH="28"/>
						<String ID="P113_ST00236" HPOS="1438" VPOS="2542" WIDTH="60" HEIGHT="43" CONTENT="du" WC="0.78" CC="04"/>
						<SP ID="P113_SP00212" HPOS="1498" VPOS="2585" WIDTH="26"/>
						<String ID="P113_ST00237" HPOS="1524" VPOS="2555" WIDTH="135" HEIGHT="41" CONTENT="corps" WC="1.00" CC="00000"/>
						<SP ID="P113_SP00213" HPOS="1659" VPOS="2596" WIDTH="28"/>
						<String ID="P113_ST00238" HPOS="1687" VPOS="2541" WIDTH="140" HEIGHT="53" CONTENT="enfin," WC="1.00" CC="001100"/>
						<SP ID="P113_SP00214" HPOS="1827" VPOS="2596" WIDTH="30"/>
						<String ID="P113_ST00239" HPOS="1857" VPOS="2541" WIDTH="45" HEIGHT="44" CONTENT="le" WC="0.96" CC="00"/>
						<SP ID="P113_SP00215" HPOS="1902" VPOS="2596" WIDTH="26"/>
						<String ID="P113_ST00240" HPOS="1928" VPOS="2542" WIDTH="71" HEIGHT="42" CONTENT="De" WC="1.00" CC="00" STYLEREFS="TXT_2"/>
						<SP ID="P113_SP00216" HPOS="1999" VPOS="2596" WIDTH="26"/>
						<String ID="P113_ST00241" HPOS="2025" VPOS="2542" WIDTH="242" HEIGHT="54" CONTENT="profondis" WC="1.00" CC="400000000" STYLEREFS="TXT_2"/>
						<SP ID="P113_SP00217" HPOS="2267" VPOS="2596" WIDTH="28"/>
						<String ID="P113_ST00242" HPOS="2295" VPOS="2541" WIDTH="142" HEIGHT="44" CONTENT="devra" WC="1.00" CC="00000"/>
						<SP ID="P113_SP00218" HPOS="2437" VPOS="2596" WIDTH="27"/>
						<String ID="P113_ST00243" HPOS="2464" VPOS="2544" WIDTH="100" HEIGHT="41" CONTENT="être" WC="1.00" CC="0000"/>
						<SP ID="P113_SP00219" HPOS="2564" VPOS="2596" WIDTH="26"/>
						<String ID="P113_ST00244" HPOS="2590" VPOS="2540" WIDTH="166" HEIGHT="45" CONTENT="chanté" WC="1.00" CC="000000"/>
						<SP ID="P113_SP00220" HPOS="2756" VPOS="2596" WIDTH="24"/>
						<String ID="P113_ST00245" HPOS="2780" VPOS="2550" WIDTH="52" HEIGHT="33" CONTENT="en" WC="0.90" CC="01"/>
					</TextLine>
					<TextLine ID="P113_TL00025" HPOS="831" VPOS="2604" WIDTH="2003" HEIGHT="59">
						<String ID="P113_ST00246" HPOS="831" VPOS="2608" WIDTH="108" HEIGHT="45" CONTENT="faux" WC="0.98" CC="6200"/>
						<SP ID="P113_SP00221" HPOS="939" VPOS="2653" WIDTH="28"/>
						<String ID="P113_ST00247" HPOS="967" VPOS="2608" WIDTH="222" HEIGHT="52" CONTENT="bourdon," WC="1.00" CC="00000110"/>
						<SP ID="P113_SP00222" HPOS="1189" VPOS="2660" WIDTH="33"/>
						<String ID="P113_ST00248" HPOS="1222" VPOS="2625" WIDTH="24" HEIGHT="24" CONTENT="«" WC="0.41" CC="5"/>
						<SP ID="P113_SP00223" HPOS="1246" VPOS="2660" WIDTH="33"/>
						<String ID="P113_ST00249" HPOS="1279" VPOS="2608" WIDTH="102" HEIGHT="45" CONTENT="seul" WC="1.00" CC="0001"/>
						<SP ID="P113_SP00224" HPOS="1381" VPOS="2660" WIDTH="29"/>
						<String ID="P113_ST00250" HPOS="1410" VPOS="2621" WIDTH="144" HEIGHT="41" CONTENT="genre" WC="1.00" CC="00000"/>
						<SP ID="P113_SP00225" HPOS="1554" VPOS="2662" WIDTH="29"/>
						<String ID="P113_ST00251" HPOS="1583" VPOS="2607" WIDTH="57" HEIGHT="46" CONTENT="de" WC="0.73" CC="50"/>
						<SP ID="P113_SP00226" HPOS="1640" VPOS="2662" WIDTH="28"/>
						<String ID="P113_ST00252" HPOS="1668" VPOS="2607" WIDTH="231" HEIGHT="56" CONTENT="musique," WC="1.00" CC="00010002"/>
						<SP ID="P113_SP00227" HPOS="1899" VPOS="2663" WIDTH="33"/>
						<String ID="P113_ST00253" HPOS="1932" VPOS="2622" WIDTH="25" HEIGHT="31" CONTENT="a" WC="0.58" CC="4"/>
						<SP ID="P113_SP00228" HPOS="1957" VPOS="2663" WIDTH="28"/>
						<String ID="P113_ST00254" HPOS="1985" VPOS="2607" WIDTH="116" HEIGHT="46" CONTENT="écrit" WC="1.00" CC="00040"/>
						<SP ID="P113_SP00229" HPOS="2101" VPOS="2663" WIDTH="28"/>
						<String ID="P113_ST00255" HPOS="2129" VPOS="2621" WIDTH="173" HEIGHT="32" CONTENT="encore" WC="1.00" CC="000000"/>
						<SP ID="P113_SP00230" HPOS="2302" VPOS="2663" WIDTH="29"/>
						<String ID="P113_ST00256" HPOS="2331" VPOS="2608" WIDTH="44" HEIGHT="45" CONTENT="le" WC="0.74" CC="22"/>
						<SP ID="P113_SP00231" HPOS="2375" VPOS="2663" WIDTH="28"/>
						<String ID="P113_ST00257" HPOS="2403" VPOS="2607" WIDTH="244" HEIGHT="55" CONTENT="musicien," WC="1.00" CC="040000000"/>
						<SP ID="P113_SP00232" HPOS="2647" VPOS="2663" WIDTH="33"/>
						<String ID="P113_ST00258" HPOS="2680" VPOS="2618" WIDTH="90" HEIGHT="44" CONTENT="que" WC="1.00" CC="000"/>
						<SP ID="P113_SP00233" HPOS="2770" VPOS="2663" WIDTH="26"/>
						<String ID="P113_ST00259" HPOS="2796" VPOS="2604" WIDTH="38" HEIGHT="55" CONTENT="je" WC="0.83" CC="12"/>
					</TextLine>
					<TextLine ID="P113_TL00026" HPOS="831" VPOS="2673" WIDTH="2004" HEIGHT="56">
						<String ID="P113_ST00260" HPOS="831" VPOS="2674" WIDTH="155" HEIGHT="45" CONTENT="désire" WC="1.00" CC="000004"/>
						<SP ID="P113_SP00234" HPOS="986" VPOS="2719" WIDTH="24"/>
						<String ID="P113_ST00261" HPOS="1010" VPOS="2674" WIDTH="76" HEIGHT="54" CONTENT="qui" WC="0.99" CC="002"/>
						<SP ID="P113_SP00235" HPOS="1086" VPOS="2728" WIDTH="27"/>
						<String ID="P113_ST00262" HPOS="1113" VPOS="2673" WIDTH="89" HEIGHT="46" CONTENT="soit" WC="0.99" CC="0020"/>
						<SP ID="P113_SP00236" HPOS="1202" VPOS="2728" WIDTH="25"/>
						<String ID="P113_ST00263" HPOS="1227" VPOS="2674" WIDTH="203" HEIGHT="45" CONTENT="entendu" WC="1.00" CC="0000000"/>
						<SP ID="P113_SP00237" HPOS="1430" VPOS="2728" WIDTH="26"/>
						<String ID="P113_ST00264" HPOS="1456" VPOS="2676" WIDTH="25" HEIGHT="41" CONTENT="à" WC="1.00" CC="0"/>
						<SP ID="P113_SP00238" HPOS="1481" VPOS="2728" WIDTH="26"/>
						<String ID="P113_ST00265" HPOS="1507" VPOS="2687" WIDTH="108" HEIGHT="32" CONTENT="mon" WC="1.00" CC="000"/>
						<SP ID="P113_SP00239" HPOS="1615" VPOS="2728" WIDTH="25"/>
						<String ID="P113_ST00266" HPOS="1640" VPOS="2682" WIDTH="316" HEIGHT="37" CONTENT="enterrement" WC="1.00" CC="00000000000"/>
						<SP ID="P113_SP00240" HPOS="1956" VPOS="2728" WIDTH="26"/>
						<String ID="P113_ST00267" HPOS="1982" VPOS="2677" WIDTH="25" HEIGHT="42" CONTENT="à" WC="1.00" CC="0"/>
						<SP ID="P113_SP00241" HPOS="2007" VPOS="2728" WIDTH="25"/>
						<String ID="P113_ST00268" HPOS="2032" VPOS="2676" WIDTH="105" HEIGHT="43" CONTENT="côté" WC="1.00" CC="0100"/>
						<SP ID="P113_SP00242" HPOS="2137" VPOS="2728" WIDTH="25"/>
						<String ID="P113_ST00269" HPOS="2162" VPOS="2674" WIDTH="61" HEIGHT="46" CONTENT="du" WC="0.86" CC="02"/>
						<SP ID="P113_SP00243" HPOS="2223" VPOS="2728" WIDTH="25"/>
						<String ID="P113_ST00270" HPOS="2248" VPOS="2676" WIDTH="139" HEIGHT="44" CONTENT="chant" WC="1.00" CC="00300"/>
						<SP ID="P113_SP00244" HPOS="2387" VPOS="2728" WIDTH="26"/>
						<String ID="P113_ST00271" HPOS="2413" VPOS="2676" WIDTH="251" HEIGHT="53" CONTENT="liturgique" WC="1.00" CC="3020000010"/>
						<SP ID="P113_SP00245" HPOS="2664" VPOS="2729" WIDTH="24"/>
						<String ID="P113_ST00272" HPOS="2688" VPOS="2674" WIDTH="118" HEIGHT="43" CONTENT="homo" SUBS_TYPE="HypPart1" SUBS_CONTENT="homophone" WC="0.99" CC="0052"/>
						<HYP HPOS="2806" VPOS="2674" WIDTH="29" CONTENT="-"/>
					</TextLine>
					<TextLine ID="P113_TL00027" HPOS="831" VPOS="2739" WIDTH="2005" HEIGHT="59">
						<String ID="P113_ST00273" HPOS="831" VPOS="2743" WIDTH="152" HEIGHT="52" CONTENT="phone" SUBS_TYPE="HypPart2" SUBS_CONTENT="homophone" WC="1.00" CC="00000"/>
						<SP ID="P113_SP00246" HPOS="983" VPOS="2795" WIDTH="32"/>
						<String ID="P113_ST00274" HPOS="1015" VPOS="2758" WIDTH="39" HEIGHT="27" CONTENT="»." WC="0.77" CC="40"/>
						<SP ID="P113_SP00247" HPOS="1054" VPOS="2795" WIDTH="33"/>
						<String ID="P113_ST00275" HPOS="1087" VPOS="2739" WIDTH="72" HEIGHT="46" CONTENT="Ce" WC="0.99" CC="00"/>
						<SP ID="P113_SP00248" HPOS="1159" VPOS="2795" WIDTH="26"/>
						<String ID="P113_ST00276" HPOS="1185" VPOS="2744" WIDTH="219" HEIGHT="51" CONTENT="suprême" WC="1.00" CC="0300000"/>
						<SP ID="P113_SP00249" HPOS="1404" VPOS="2795" WIDTH="28"/>
						<String ID="P113_ST00277" HPOS="1432" VPOS="2742" WIDTH="128" HEIGHT="44" CONTENT="souci" WC="1.00" CC="00000"/>
						<SP ID="P113_SP00250" HPOS="1560" VPOS="2795" WIDTH="29"/>
						<String ID="P113_ST00278" HPOS="1589" VPOS="2742" WIDTH="61" HEIGHT="44" CONTENT="du" WC="1.00" CC="00"/>
						<SP ID="P113_SP00251" HPOS="1650" VPOS="2795" WIDTH="27"/>
						<String ID="P113_ST00279" HPOS="1677" VPOS="2743" WIDTH="165" HEIGHT="43" CONTENT="maître" WC="1.00" CC="000000"/>
						<SP ID="P113_SP00252" HPOS="1842" VPOS="2795" WIDTH="28"/>
						<String ID="P113_ST00280" HPOS="1870" VPOS="2742" WIDTH="188" HEIGHT="54" CONTENT="disparu" WC="1.00" CC="0200200"/>
						<SP ID="P113_SP00253" HPOS="2058" VPOS="2796" WIDTH="28"/>
						<String ID="P113_ST00281" HPOS="2086" VPOS="2756" WIDTH="178" HEIGHT="42" CONTENT="prouve" WC="1.00" CC="000020"/>
						<SP ID="P113_SP00254" HPOS="2264" VPOS="2798" WIDTH="29"/>
						<String ID="P113_ST00282" HPOS="2293" VPOS="2756" WIDTH="91" HEIGHT="42" CONTENT="que" WC="0.99" CC="001"/>
						<SP ID="P113_SP00255" HPOS="2384" VPOS="2798" WIDTH="26"/>
						<String ID="P113_ST00283" HPOS="2410" VPOS="2742" WIDTH="217" HEIGHT="56" CONTENT="jusqu'au" WC="1.00" CC="61000000"/>
						<SP ID="P113_SP00256" HPOS="2627" VPOS="2798" WIDTH="29"/>
						<String ID="P113_ST00284" HPOS="2656" VPOS="2742" WIDTH="102" HEIGHT="45" CONTENT="delà" WC="0.99" CC="0040"/>
						<SP ID="P113_SP00257" HPOS="2758" VPOS="2798" WIDTH="27"/>
						<String ID="P113_ST00285" HPOS="2785" VPOS="2739" WIDTH="51" HEIGHT="46" CONTENT="de" WC="0.86" CC="02"/>
					</TextLine>
					<TextLine ID="P113_TL00028" HPOS="832" VPOS="2808" WIDTH="2004" HEIGHT="57">
						<String ID="P113_ST00286" HPOS="832" VPOS="2809" WIDTH="42" HEIGHT="44" CONTENT="la" WC="1.00" CC="00"/>
						<SP ID="P113_SP00258" HPOS="874" VPOS="2853" WIDTH="31"/>
						<String ID="P113_ST00287" HPOS="905" VPOS="2817" WIDTH="118" HEIGHT="36" CONTENT="mort" WC="1.00" CC="0000"/>
						<SP ID="P113_SP00259" HPOS="1023" VPOS="2853" WIDTH="29"/>
						<String ID="P113_ST00288" HPOS="1052" VPOS="2808" WIDTH="29" HEIGHT="44" CONTENT="il" WC="0.70" CC="04"/>
						<SP ID="P113_SP00260" HPOS="1081" VPOS="2853" WIDTH="31"/>
						<String ID="P113_ST00289" HPOS="1112" VPOS="2822" WIDTH="25" HEIGHT="30" CONTENT="a" WC="0.60" CC="3"/>
						<SP ID="P113_SP00261" HPOS="1137" VPOS="2853" WIDTH="30"/>
						<String ID="P113_ST00290" HPOS="1167" VPOS="2809" WIDTH="140" HEIGHT="44" CONTENT="voulu" WC="0.99" CC="00350"/>
						<SP ID="P113_SP00262" HPOS="1307" VPOS="2853" WIDTH="31"/>
						<String ID="P113_ST00291" HPOS="1338" VPOS="2809" WIDTH="224" HEIGHT="44" CONTENT="défendre" WC="1.00" CC="00400000"/>
						<SP ID="P113_SP00263" HPOS="1562" VPOS="2853" WIDTH="32"/>
						<String ID="P113_ST00292" HPOS="1594" VPOS="2809" WIDTH="83" HEIGHT="44" CONTENT="des" WC="1.00" CC="000"/>
						<SP ID="P113_SP00264" HPOS="1677" VPOS="2853" WIDTH="30"/>
						<String ID="P113_ST00293" HPOS="1707" VPOS="2809" WIDTH="131" HEIGHT="44" CONTENT="idées" WC="1.00" CC="10000"/>
						<SP ID="P113_SP00265" HPOS="1838" VPOS="2853" WIDTH="48"/>
						<String ID="P113_ST00294" HPOS="1886" VPOS="2809" WIDTH="252" HEIGHT="44" CONTENT="musicales" WC="1.00" CC="000200000"/>
						<SP ID="P113_SP00266" HPOS="2138" VPOS="2853" WIDTH="48"/>
						<String ID="P113_ST00295" HPOS="2186" VPOS="2823" WIDTH="116" HEIGHT="42" CONTENT="pour" WC="0.98" CC="9000"/>
						<SP ID="P113_SP00267" HPOS="2302" VPOS="2865" WIDTH="49"/>
						<String ID="P113_ST00296" HPOS="2351" VPOS="2809" WIDTH="254" HEIGHT="56" CONTENT="lesquelles" WC="1.00" CC="4000300000"/>
						<SP ID="P113_SP00268" HPOS="2605" VPOS="2865" WIDTH="48"/>
						<String ID="P113_ST00297" HPOS="2653" VPOS="2809" WIDTH="31" HEIGHT="44" CONTENT="il" WC="0.48" CC="36"/>
						<SP ID="P113_SP00269" HPOS="2684" VPOS="2865" WIDTH="48"/>
						<String ID="P113_ST00298" HPOS="2732" VPOS="2808" WIDTH="104" HEIGHT="45" CONTENT="lutta" WC="0.97" CC="40076"/>
					</TextLine>
					<TextLine ID="P113_TL00029" HPOS="833" VPOS="2875" WIDTH="1145" HEIGHT="54">
						<String ID="P113_ST00299" HPOS="833" VPOS="2876" WIDTH="241" HEIGHT="52" CONTENT="beaucoup" WC="1.00" CC="00000000"/>
						<SP ID="P113_SP00270" HPOS="1074" VPOS="2928" WIDTH="26"/>
						<String ID="P113_ST00300" HPOS="1100" VPOS="2875" WIDTH="114" HEIGHT="44" CONTENT="dans" WC="0.99" CC="0310"/>
						<SP ID="P113_SP00271" HPOS="1214" VPOS="2928" WIDTH="27"/>
						<String ID="P113_ST00301" HPOS="1241" VPOS="2875" WIDTH="42" HEIGHT="44" CONTENT="la" WC="0.68" CC="50"/>
						<SP ID="P113_SP00272" HPOS="1283" VPOS="2928" WIDTH="27"/>
						<String ID="P113_ST00302" HPOS="1310" VPOS="2875" WIDTH="216" HEIGHT="44" CONTENT="dernière" WC="1.00" CC="00004000"/>
						<SP ID="P113_SP00273" HPOS="1526" VPOS="2928" WIDTH="26"/>
						<String ID="P113_ST00303" HPOS="1552" VPOS="2875" WIDTH="146" HEIGHT="54" CONTENT="partie" WC="1.00" CC="020000"/>
						<SP ID="P113_SP00274" HPOS="1698" VPOS="2929" WIDTH="27"/>
						<String ID="P113_ST00304" HPOS="1725" VPOS="2875" WIDTH="60" HEIGHT="44" CONTENT="de" WC="0.65" CC="70"/>
						<SP ID="P113_SP00275" HPOS="1785" VPOS="2929" WIDTH="24"/>
						<String ID="P113_ST00305" HPOS="1809" VPOS="2888" WIDTH="52" HEIGHT="31" CONTENT="sa" WC="1.00" CC="00"/>
						<SP ID="P113_SP00276" HPOS="1861" VPOS="2929" WIDTH="27"/>
						<String ID="P113_ST00306" HPOS="1888" VPOS="2876" WIDTH="90" HEIGHT="43" CONTENT="vie." WC="0.98" CC="0304"/>
					</TextLine>
				</TextBlock>
				<TextBlock ID="P113_TB00007" HPOS="831" VPOS="3301" WIDTH="2009" HEIGHT="392" STYLEREFS="TXT_1 PAR_BLOCK">
					<TextLine ID="P113_TL00030" HPOS="936" VPOS="3302" WIDTH="1903" HEIGHT="58">
						<String ID="P113_ST00307" HPOS="936" VPOS="3303" WIDTH="91" HEIGHT="44" CONTENT="Les" WC="1.00" CC="000"/>
						<SP ID="P113_SP00277" HPOS="1027" VPOS="3347" WIDTH="33"/>
						<String ID="P113_ST00308" HPOS="1060" VPOS="3312" WIDTH="104" HEIGHT="46" CONTENT="7et" WC="0.79" CC="206"/>
						<SP ID="P113_SP00278" HPOS="1164" VPOS="3358" WIDTH="37"/>
						<String ID="P113_ST00309" HPOS="1201" VPOS="3317" WIDTH="49" HEIGHT="30" CONTENT="11" WC="0.85" CC="20"/>
						<SP ID="P113_SP00279" HPOS="1250" VPOS="3358" WIDTH="39"/>
						<String ID="P113_ST00310" HPOS="1289" VPOS="3304" WIDTH="265" HEIGHT="55" CONTENT="décembre," WC="1.00" CC="000001000"/>
						<SP ID="P113_SP00280" HPOS="1554" VPOS="3359" WIDTH="36"/>
						<String ID="P113_ST00311" HPOS="1590" VPOS="3304" WIDTH="42" HEIGHT="43" CONTENT="le" WC="0.69" CC="60"/>
						<SP ID="P113_SP00281" HPOS="1632" VPOS="3359" WIDTH="32"/>
						<String ID="P113_ST00312" HPOS="1664" VPOS="3303" WIDTH="198" HEIGHT="56" CONTENT="pianiste" WC="1.00" CC="00000020"/>
						<SP ID="P113_SP00282" HPOS="1862" VPOS="3359" WIDTH="32"/>
						<String ID="P113_ST00313" HPOS="1894" VPOS="3303" WIDTH="272" HEIGHT="55" CONTENT="Godowski," WC="0.99" CC="000000000"/>
						<SP ID="P113_SP00283" HPOS="2166" VPOS="3359" WIDTH="35"/>
						<String ID="P113_ST00314" HPOS="2201" VPOS="3304" WIDTH="78" HEIGHT="56" CONTENT="qui" WC="0.98" CC="004"/>
						<SP ID="P113_SP00284" HPOS="2279" VPOS="3360" WIDTH="33"/>
						<String ID="P113_ST00315" HPOS="2312" VPOS="3306" WIDTH="235" HEIGHT="54" CONTENT="remplace" WC="1.00" CC="00004000"/>
						<SP ID="P113_SP00285" HPOS="2547" VPOS="3360" WIDTH="34"/>
						<String ID="P113_ST00316" HPOS="2581" VPOS="3302" WIDTH="173" HEIGHT="48" CONTENT="Busoni" WC="0.90" CC="000006"/>
						<SP ID="P113_SP00286" HPOS="2754" VPOS="3360" WIDTH="31"/>
						<String ID="P113_ST00317" HPOS="2785" VPOS="3312" WIDTH="54" HEIGHT="33" CONTENT="au" WC="0.67" CC="06"/>
					</TextLine>
					<TextLine ID="P113_TL00031" HPOS="837" VPOS="3366" WIDTH="2002" HEIGHT="61">
						<String ID="P113_ST00318" HPOS="837" VPOS="3368" WIDTH="361" HEIGHT="47" CONTENT="Conservatoire" WC="1.00" CC="0030000500300"/>
						<SP ID="P113_SP00287" HPOS="1198" VPOS="3415" WIDTH="32"/>
						<String ID="P113_ST00319" HPOS="1230" VPOS="3372" WIDTH="58" HEIGHT="43" CONTENT="de" WC="1.00" CC="00"/>
						<SP ID="P113_SP00288" HPOS="1288" VPOS="3415" WIDTH="32"/>
						<String ID="P113_ST00320" HPOS="1320" VPOS="3370" WIDTH="195" HEIGHT="55" CONTENT="Vienne," WC="1.00" CC="0000000"/>
						<SP ID="P113_SP00289" HPOS="1515" VPOS="3425" WIDTH="37"/>
						<String ID="P113_ST00321" HPOS="1552" VPOS="3372" WIDTH="153" HEIGHT="44" CONTENT="donne" WC="0.99" CC="00034"/>
						<SP ID="P113_SP00290" HPOS="1705" VPOS="3425" WIDTH="33"/>
						<String ID="P113_ST00322" HPOS="1738" VPOS="3373" WIDTH="25" HEIGHT="42" CONTENT="à" WC="1.00" CC="0"/>
						<SP ID="P113_SP00291" HPOS="1763" VPOS="3425" WIDTH="33"/>
						<String ID="P113_ST00323" HPOS="1796" VPOS="3370" WIDTH="387" HEIGHT="57" CONTENT="Constantinople" WC="0.92" CC="00000500000050"/>
						<SP ID="P113_SP00292" HPOS="2183" VPOS="3427" WIDTH="34"/>
						<String ID="P113_ST00324" HPOS="2217" VPOS="3373" WIDTH="121" HEIGHT="44" CONTENT="deux" WC="0.98" CC="0008"/>
						<SP ID="P113_SP00293" HPOS="2338" VPOS="3427" WIDTH="33"/>
						<String ID="P113_ST00325" HPOS="2371" VPOS="3373" WIDTH="200" HEIGHT="53" CONTENT="récitals," WC="1.00" CC="000200002"/>
						<SP ID="P113_SP00294" HPOS="2571" VPOS="3427" WIDTH="37"/>
						<String ID="P113_ST00326" HPOS="2608" VPOS="3366" WIDTH="231" HEIGHT="61" CONTENT="applaudis" WC="1.00" CC="100401000"/>
					</TextLine>
					<TextLine ID="P113_TL00032" HPOS="837" VPOS="3438" WIDTH="2003" HEIGHT="57">
						<String ID="P113_ST00327" HPOS="837" VPOS="3449" WIDTH="115" HEIGHT="32" CONTENT="avec" WC="1.00" CC="0000"/>
						<SP ID="P113_SP00295" HPOS="952" VPOS="3481" WIDTH="28"/>
						<String ID="P113_ST00328" HPOS="980" VPOS="3438" WIDTH="359" HEIGHT="45" CONTENT="enthousiasme." WC="1.00" CC="0005000200010"/>
						<SP ID="P113_SP00296" HPOS="1339" VPOS="3483" WIDTH="30"/>
						<String ID="P113_ST00329" HPOS="1369" VPOS="3439" WIDTH="41" HEIGHT="43" CONTENT="A" WC="1.00" CC="0"/>
						<SP ID="P113_SP00297" HPOS="1410" VPOS="3483" WIDTH="28"/>
						<String ID="P113_ST00330" HPOS="1438" VPOS="3446" WIDTH="145" HEIGHT="46" CONTENT="noter," WC="1.00" CC="200020"/>
						<SP ID="P113_SP00298" HPOS="1583" VPOS="3492" WIDTH="30"/>
						<String ID="P113_ST00331" HPOS="1613" VPOS="3439" WIDTH="145" HEIGHT="54" CONTENT="parmi" WC="0.99" CC="03006"/>
						<SP ID="P113_SP00299" HPOS="1758" VPOS="3493" WIDTH="31"/>
						<String ID="P113_ST00332" HPOS="1789" VPOS="3439" WIDTH="68" HEIGHT="44" CONTENT="les" WC="0.99" CC="200"/>
						<SP ID="P113_SP00300" HPOS="1857" VPOS="3493" WIDTH="27"/>
						<String ID="P113_ST00333" HPOS="1884" VPOS="3440" WIDTH="333" HEIGHT="55" CONTENT="compositions" WC="1.00" CC="010000024000"/>
						<SP ID="P113_SP00301" HPOS="2217" VPOS="3495" WIDTH="26"/>
						<String ID="P113_ST00334" HPOS="2243" VPOS="3441" WIDTH="61" HEIGHT="45" CONTENT="du" WC="1.00" CC="00"/>
						<SP ID="P113_SP00302" HPOS="2304" VPOS="3495" WIDTH="28"/>
						<String ID="P113_ST00335" HPOS="2332" VPOS="3440" WIDTH="221" HEIGHT="53" CONTENT="virtuose," WC="1.00" CC="000000000"/>
						<SP ID="P113_SP00303" HPOS="2553" VPOS="3495" WIDTH="33"/>
						<String ID="P113_ST00336" HPOS="2586" VPOS="3441" WIDTH="83" HEIGHT="45" CONTENT="des" WC="1.00" CC="000"/>
						<SP ID="P113_SP00304" HPOS="2669" VPOS="3495" WIDTH="26"/>
						<String ID="P113_ST00337" HPOS="2695" VPOS="3448" WIDTH="121" HEIGHT="35" CONTENT="arran" SUBS_TYPE="HypPart1" SUBS_CONTENT="arrangements" WC="1.00" CC="00000"/>
						<HYP HPOS="2816" VPOS="3448" WIDTH="24" CONTENT="-"/>
					</TextLine>
					<TextLine ID="P113_TL00033" HPOS="831" VPOS="3502" WIDTH="2008" HEIGHT="60">
						<String ID="P113_ST00338" HPOS="831" VPOS="3511" WIDTH="212" HEIGHT="46" CONTENT="gements" SUBS_TYPE="HypPart2" SUBS_CONTENT="arrangements" WC="0.99" CC="8000000"/>
						<SP ID="P113_SP00305" HPOS="1043" VPOS="3557" WIDTH="23"/>
						<String ID="P113_ST00339" HPOS="1066" VPOS="3518" WIDTH="80" HEIGHT="30" CONTENT="sur" WC="1.00" CC="000"/>
						<SP ID="P113_SP00306" HPOS="1146" VPOS="3557" WIDTH="25"/>
						<String ID="P113_ST00340" HPOS="1171" VPOS="3505" WIDTH="42" HEIGHT="44" CONTENT="la" WC="1.00" CC="00"/>
						<SP ID="P113_SP00307" HPOS="1213" VPOS="3557" WIDTH="26"/>
						<String ID="P113_ST00341" HPOS="1239" VPOS="3506" WIDTH="203" HEIGHT="45" CONTENT="Musette" WC="1.00" CC="0040000" STYLEREFS="TXT_2"/>
						<SP ID="P113_SP00308" HPOS="1442" VPOS="3557" WIDTH="26"/>
						<String ID="P113_ST00342" HPOS="1468" VPOS="3519" WIDTH="59" HEIGHT="32" CONTENT="en" WC="1.00" CC="00" STYLEREFS="TXT_2"/>
						<SP ID="P113_SP00309" HPOS="1527" VPOS="3557" WIDTH="24"/>
						<String ID="P113_ST00343" HPOS="1551" VPOS="3507" WIDTH="238" HEIGHT="49" CONTENT="Rondeau," WC="0.99" CC="00000660" STYLEREFS="TXT_2"/>
						<SP ID="P113_SP00310" HPOS="1789" VPOS="3557" WIDTH="29"/>
						<String ID="P113_ST00344" HPOS="1818" VPOS="3507" WIDTH="58" HEIGHT="44" CONTENT="de" WC="1.00" CC="00"/>
						<SP ID="P113_SP00311" HPOS="1876" VPOS="3557" WIDTH="27"/>
						<String ID="P113_ST00345" HPOS="1903" VPOS="3506" WIDTH="220" HEIGHT="55" CONTENT="Rameau," WC="0.99" CC="5040031"/>
						<SP ID="P113_SP00312" HPOS="2123" VPOS="3561" WIDTH="29"/>
						<String ID="P113_ST00346" HPOS="2152" VPOS="3521" WIDTH="80" HEIGHT="32" CONTENT="sur" WC="1.00" CC="000"/>
						<SP ID="P113_SP00313" HPOS="2232" VPOS="3561" WIDTH="26"/>
						<String ID="P113_ST00347" HPOS="2258" VPOS="3509" WIDTH="42" HEIGHT="43" CONTENT="le" WC="0.86" CC="20"/>
						<SP ID="P113_SP00314" HPOS="2300" VPOS="3561" WIDTH="31"/>
						<String ID="P113_ST00348" HPOS="2331" VPOS="3509" WIDTH="202" HEIGHT="43" CONTENT="Concert" WC="1.00" CC="0000600" STYLEREFS="TXT_2"/>
						<SP ID="P113_SP00315" HPOS="2533" VPOS="3561" WIDTH="25"/>
						<String ID="P113_ST00349" HPOS="2558" VPOS="3509" WIDTH="200" HEIGHT="53" CONTENT="Allegro," WC="1.00" CC="00007000" STYLEREFS="TXT_2"/>
						<SP ID="P113_SP00316" HPOS="2758" VPOS="3562" WIDTH="27"/>
						<String ID="P113_ST00350" HPOS="2785" VPOS="3502" WIDTH="54" HEIGHT="45" CONTENT="de" WC="0.84" CC="11"/>
					</TextLine>
					<TextLine ID="P113_TL00034" HPOS="840" VPOS="3567" WIDTH="1999" HEIGHT="61">
						<String ID="P113_ST00351" HPOS="840" VPOS="3567" WIDTH="225" HEIGHT="55" CONTENT="Scarlatti," WC="0.83" CC="0010400053"/>
						<SP ID="P113_SP00317" HPOS="1065" VPOS="3622" WIDTH="31"/>
						<String ID="P113_ST00352" HPOS="1096" VPOS="3577" WIDTH="46" HEIGHT="37" CONTENT="et" WC="1.00" CC="00"/>
						<SP ID="P113_SP00318" HPOS="1142" VPOS="3622" WIDTH="27"/>
						<String ID="P113_ST00353" HPOS="1169" VPOS="3584" WIDTH="61" HEIGHT="30" CONTENT="un" WC="0.84" CC="30"/>
						<SP ID="P113_SP00319" HPOS="1230" VPOS="3622" WIDTH="31"/>
						<String ID="P113_ST00354" HPOS="1261" VPOS="3572" WIDTH="160" HEIGHT="45" CONTENT="travail" WC="0.99" CC="6000006"/>
						<SP ID="P113_SP00320" HPOS="1421" VPOS="3622" WIDTH="31"/>
						<String ID="P113_ST00355" HPOS="1452" VPOS="3573" WIDTH="325" HEIGHT="55" CONTENT="remarquable" WC="1.00" CC="00000040400"/>
						<SP ID="P113_SP00321" HPOS="1777" VPOS="3628" WIDTH="29"/>
						<String ID="P113_ST00356" HPOS="1806" VPOS="3586" WIDTH="80" HEIGHT="32" CONTENT="sur" WC="1.00" CC="000"/>
						<SP ID="P113_SP00322" HPOS="1886" VPOS="3628" WIDTH="30"/>
						<String ID="P113_ST00357" HPOS="1916" VPOS="3573" WIDTH="184" HEIGHT="45" CONTENT="VEtude" WC="0.82" CC="600400" STYLEREFS="TXT_2"/>
						<SP ID="P113_SP00323" HPOS="2100" VPOS="3628" WIDTH="48"/>
						<String ID="P113_ST00358" HPOS="2148" VPOS="3587" WIDTH="58" HEIGHT="32" CONTENT="en" WC="1.00" CC="00"/>
						<SP ID="P113_SP00324" HPOS="2206" VPOS="3628" WIDTH="42"/>
						<String ID="P113_ST00359" HPOS="2248" VPOS="3576" WIDTH="62" HEIGHT="43" CONTENT="mi" WC="1.00" CC="00" STYLEREFS="TXT_2"/>
						<SP ID="P113_SP00325" HPOS="2310" VPOS="3628" WIDTH="50"/>
						<String ID="P113_ST00360" HPOS="2360" VPOS="3576" WIDTH="152" HEIGHT="43" CONTENT="bémol" WC="0.99" CC="52010" STYLEREFS="TXT_2"/>
						<SP ID="P113_SP00326" HPOS="2512" VPOS="3628" WIDTH="50"/>
						<String ID="P113_ST00361" HPOS="2562" VPOS="3576" WIDTH="180" HEIGHT="42" CONTENT="mineur" WC="1.00" CC="000030" STYLEREFS="TXT_2"/>
						<SP ID="P113_SP00327" HPOS="2742" VPOS="3628" WIDTH="45"/>
						<String ID="P113_ST00362" HPOS="2787" VPOS="3570" WIDTH="52" HEIGHT="44" CONTENT="de" WC="1.00" CC="00"/>
					</TextLine>
					<TextLine ID="P113_TL00035" HPOS="840" VPOS="3634" WIDTH="1177" HEIGHT="59">
						<String ID="P113_ST00363" HPOS="840" VPOS="3634" WIDTH="198" HEIGHT="55" CONTENT="Chopin," WC="1.00" CC="1000000"/>
						<SP ID="P113_SP00328" HPOS="1038" VPOS="3689" WIDTH="32"/>
						<String ID="P113_ST00364" HPOS="1070" VPOS="3637" WIDTH="194" HEIGHT="55" CONTENT="adaptée" WC="1.00" CC="0000000"/>
						<SP ID="P113_SP00329" HPOS="1264" VPOS="3692" WIDTH="29"/>
						<String ID="P113_ST00365" HPOS="1293" VPOS="3651" WIDTH="115" HEIGHT="41" CONTENT="pour" WC="1.00" CC="0200"/>
						<SP ID="P113_SP00330" HPOS="1408" VPOS="3692" WIDTH="30"/>
						<String ID="P113_ST00366" HPOS="1438" VPOS="3640" WIDTH="41" HEIGHT="43" CONTENT="la" WC="0.69" CC="32"/>
						<SP ID="P113_SP00331" HPOS="1479" VPOS="3692" WIDTH="30"/>
						<String ID="P113_ST00367" HPOS="1509" VPOS="3640" WIDTH="122" HEIGHT="44" CONTENT="main" WC="0.99" CC="0050"/>
						<SP ID="P113_SP00332" HPOS="1631" VPOS="3692" WIDTH="33"/>
						<String ID="P113_ST00368" HPOS="1664" VPOS="3641" WIDTH="178" HEIGHT="52" CONTENT="gauche" WC="1.00" CC="000000"/>
						<SP ID="P113_SP00333" HPOS="1842" VPOS="3693" WIDTH="30"/>
						<String ID="P113_ST00369" HPOS="1872" VPOS="3641" WIDTH="145" HEIGHT="46" CONTENT="seule." WC="0.99" CC="000203"/>
					</TextLine>
				</TextBlock>
				<ComposedBlock ID="P113_CB00001" HPOS="1764" VPOS="894" WIDTH="85" HEIGHT="86" STYLEREFS="TXT_3 PAR_LEFT" TYPE="Illustration">
					<GraphicalElement ID="P113_CB00001_SUB" HPOS="1764" VPOS="894" WIDTH="85" HEIGHT="86"/>
				</ComposedBlock>
				<ComposedBlock ID="P113_CB00002" HPOS="1789" VPOS="1645" WIDTH="87" HEIGHT="86" STYLEREFS="TXT_3 PAR_LEFT" TYPE="Illustration">
					<GraphicalElement ID="P113_CB00002_SUB" HPOS="1789" VPOS="1645" WIDTH="87" HEIGHT="86"/>
				</ComposedBlock>
				<ComposedBlock ID="P113_CB00003" HPOS="1797" VPOS="3067" WIDTH="84" HEIGHT="85" STYLEREFS="TXT_3 PAR_LEFT" TYPE="Illustration">
					<GraphicalElement ID="P113_CB00003_SUB" HPOS="1797" VPOS="3067" WIDTH="84" HEIGHT="85"/>
				</ComposedBlock>
			</PrintSpace>
		</Page>
	</Layout>
</alto>
