2916 4224
1014 337 97 37 NOS
1141 326 166 47 ÉCHOS

2165 385 0 0 103

169 495 89 44 Nos
405 491 228 43 étrennes.

259 616 94 45 Des
383 613 118 46 amis
530 612 229 46 inconnus
789 621 79 38 ont
901 613 81 46 fait
1014 613 216 55 parvenir
1261 614 26 42 à
1319 626 85 32 nos
1435 613 207 45 bureaux
1674 611 156 45 divers
1862 613 214 53 présents
2106 612 58 44 de

169 683 205 48 nouvelle
404 682 164 50 année,
604 693 92 42 que
728 693 118 33 nous
878 694 147 31 avons
1057 693 81 32 cru
1173 680 161 45 devoir
1366 693 119 32 nous
1515 687 214 47 partager
1762 678 184 47 suivant
1979 679 44 45 le
2055 680 109 52 goût

171 752 52 45 de
252 749 186 44 chacun.
477 746 68 45 En
578 746 120 45 voici
733 748 43 44 le
809 746 139 46 détail
966 765 8 26 :

358 816 152 54 Nègre
718 815 159 52 jouant
1095 815 62 42 du
1278 815 278 53 xylophone,
1032 812 199 47 attribué
1263 816 25 42 à
1321 812 64 46 M.
1420 812 142 46 Louis
1595 812 155 55 Laloy.

258 882 266 54 Répertoire
560 884 58 42 de
654 884 149 52 poche
841 884 84 42 des
962 886 127 40 actes
1127 884 56 42 de
1222 882 244 44 naissance
1504 884 84 42 des
1627 882 252 44 musiciens

179 950 197 45 insinués
619 960 90 32 aux
840 950 245 52 différents
1376 950 373 43 conservatoires
2166 947 1 55 d
1466 951 25 42 à
1517 947 62 45 M.
1606 947 130 55 Jules
1761 947 335 47 Ecorcheville.

355 1016 124 44 Code
647 1016 57 42 de
762 1016 46 52 procédure
809 1021 252 38 et
1512 1016 149 43 Traité
1853 1017 59 42 de
2018 1016 149 43 notaria
1324 1017 25 42 à
1372 1014 63 45 M.
1462 1014 163 45 Lionel
1649 1014 57 45 de
1729 1012 43 47 la
1795 1013 272 46 Laurencie.

351 1082 253 45 Manuscrit
877 1083 114 53 autographe
992 1080 127 46 d'une
1120 1082 219 54 symphonie
1381 1080 236 47 intitulée:
1853 1080 158 55 signé:

172 1150 280 54 Christophe,
482 1150 25 43 à
532 1149 148 52 Paris,
709 1150 25 43 à
761 1149 64 44 M.
856 1149 193 44 Romain
1079 1148 207 45 Rolland.

362 1218 70 43 Un
563 1215 231 55 uniforme
1086 1216 59 42 de
1261 1216 193 55 général
1711 1226 150 40 russe,
1119 1218 26 42 à
1178 1215 63 45 M.
1277 1213 343 47 Calvocoressi.

355 1282 226 45 Souvenir
855 1284 57 43 de
944 1282 111 55 Samarcande,
1056 1282 124 55 jouet
1181 1281 165 56 indigène
1347 1295 85 42 que
1454 1295 120 32 nous
1598 1295 60 32 ne
1682 1295 211 42 pouvons
1917 1281 195 55 décrire,
2140 1284 26 43 à

171 1350 54 45 M.
256 1348 156 45 Pierre
438 1348 176 55 Aubry.

358 1418 199 45 Œuvres
799 1418 255 52 complètes
1353 1420 57 41 de
1513 1417 484 53 Sully-Prudhomme,
1345 1420 24 41 à
1394 1416 63 45 M.
1485 1417 141 46 Louis
1648 1416 214 47 Thomas.

257 1486 62 41 La
352 1484 109 55 Clef
489 1486 85 41 des
605 1484 197 55 Songes,
839 1486 25 41 à
896 1483 63 44 M.
997 1483 224 46 Ricciotto
1255 1483 210 46 Canudo.

256 1552 185 43 Manuel
465 1552 57 43 de
545 1550 328 54 l'lmprimeur.
902 1549 279 53 (Collection
1207 1550 154 55 Roret,
1395 1550 162 55 1846),
1584 1553 25 43 à
1635 1550 63 46 M.
1726 1550 176 46 Marcel
1927 1552 169 44 Fortin.

264 1618 70 43 Un
362 1620 80 50 pot
473 1618 25 42 à
530 1618 132 49 colle,
696 1619 26 42 à
752 1616 65 45 M.
853 1616 175 46 Lucien
1061 1616 306 46 Greilsamer.

360 1686 70 43 Un
550 1686 26 48 miroir,
577 1686 57 42 à
635 1684 99 45 Mme
759 1684 179 47 Wanda
963 1685 302 46 Landowska.

259 1751 98 44 Une
386 1752 295 43 bénédiction
706 1754 58 41 de
792 1752 141 50 Liszt,
963 1754 24 41 à
1018 1752 61 45 M.
1109 1752 265 45 Alexandre
1401 1752 59 45 de
1488 1752 186 45 Bertha.

245 1817 122 44 Bons
386 1818 125 45 Mots
531 1822 45 39 et
597 1817 323 53 Calembours,
943 1817 106 57 cinq
1068 1817 202 46 recueils
1289 1817 262 56 différents,
1573 1817 251 46 distribués
1843 1821 26 42 à
1889 1817 117 46 MM.
2029 1816 137 56 Allix,

167 1884 174 54 Brenet,
371 1884 145 54 Pirro,
548 1884 312 46 Prodhomme
887 1893 46 38 et
960 1884 229 55 Quittard.

257 1952 146 54 Enfin,
428 1966 63 31 un
516 1952 187 45 dernier
726 1953 125 53 objet
875 1952 75 44 n'a
976 1966 59 42 pu
1061 1954 99 43 être
1184 1953 216 44 décerné.
1428 1952 134 45 C'est
1585 1966 63 31 un
1673 1952 278 47 instrument
1975 1952 187 56 d'acier,

168 2020 227 45 tranchant
418 2028 46 37 et
488 2019 184 53 luisant,
700 2019 78 56 qui
803 2033 119 32 nous
945 2019 154 44 arrive
1123 2019 304 56 d'Amérique
1451 2033 115 32 avec
1590 2028 121 37 cette
1735 2020 187 46 devise:

171 2086 174 45 devient
577 2099 62 30 un
753 2088 176 53 plaisir.
666 2086 35 45 ll
732 2099 119 32 nous
880 2099 27 32 a
935 2085 182 46 semblé
1146 2086 122 54 juste
1298 2085 112 56 qu'il
1441 2086 240 45 demeurât
1711 2086 43 45 la
1785 2085 232 56 propriété
2046 2099 91 32 com-

169 2166 129 32 mune
328 2161 44 37 et
404 2154 200 44 indivise
635 2154 59 44 de
724 2154 43 44 la
799 2154 235 44 rédaction
1067 2160 99 38 tout
1198 2152 193 46 entière.

169 2567 320 48 Monte-Carlo.
1040 2570 300 54 Programme

257 2700 62 47 Le
350 2702 255 56 répertoire
635 2702 148 45 choisi
816 2716 81 42 par
929 2702 63 45 M.
1030 2701 287 55 Gunsbourg
1349 2715 53 32 se
1434 2701 201 47 divisera
1668 2714 58 31 en
1759 2701 112 46 trois
1904 2700 257 54 catégories

169 2766 97 45 bien
287 2770 238 45 distinctes
541 2789 8 26 :
980 2772 43 43 la
1117 2771 255 53 Tétralogie
917 2768 76 54 (au
1015 2768 239 56 complet),
1278 2768 58 46 de
1358 2768 218 55 Wagner,
1601 2768 71 46 les
1692 2781 189 33 œuvres
1902 2768 256 54 nouvelles,

169 2831 268 50 c'est-à-dire
461 2850 57 30 en
543 2843 148 38 terme
713 2836 59 45 de
795 2836 195 53 théâtre,
1016 2836 70 44 les
1109 2836 245 53 créations,
1381 2834 124 46 enfin
1531 2834 70 47 les
1623 2834 159 56 pièces
1805 2834 61 46 du
1890 2833 268 56 répertoire.

257 2899 150 47 Parmi
438 2903 69 44 les
536 2916 191 31 œuvres
756 2903 244 44 nouvelles
1030 2916 118 31 nous
1179 2903 226 44 citerons:
1870 2900 216 55 musique
2116 2907 45 39 et

169 2966 153 50 poème
376 2969 56 44 de
489 2969 145 46 Raoul
691 2968 301 56 Gunsbourg,
1051 2969 252 55 interprété
1345 2982 82 42 par
1461 2968 129 45 Mme
1645 2968 284 53 Marguerite
1987 2966 172 54 Carré;

169 3030 106 48 MM.
303 3034 274 57 Chaliapine
601 3044 46 37 et
671 3036 314 45 Rousselière.
1011 3035 92 46 Cet
1126 3038 141 53 opéra
1291 3049 104 32 sera
1419 3036 311 54 accompagné
1754 3048 80 31 sur
1858 3034 198 44 l'affiche
2081 3048 80 40 par

169 3110 84 33 une
276 3102 175 54 reprise
478 3104 60 44 du
565 3104 158 44 drame
751 3102 180 55 lyrique
959 3104 57 43 de
1043 3101 325 47 Saint-Saëns:
1636 3101 244 44 viendront
1907 3101 181 46 ensuite
2117 3101 44 44 le

172 3165 181 53 Cobzar,
386 3168 58 45 de
473 3168 128 45 Mme
630 3168 243 46 Gabrielle
903 3168 206 52 Ferrari;
1142 3170 199 48 Naristé,
1376 3168 57 45 de
1462 3167 64 45 M.
1561 3167 226 45 Bellonot.
1820 3181 61 31 un
1914 3167 244 53 débutant;

169 3228 57 46 La
251 3232 265 53 Roussalka,
546 3236 60 44 de
632 3234 323 55 Dargomysky
971 3252 10 34 ;
1011 3236 280 50 Christophe
1322 3234 210 49 Colomb,
1562 3233 59 45 de
1646 3233 64 45 M.
1740 3233 261 45 Franchetti
2017 3252 10 34 ;
2054 3234 102 50 Iris,

169 3294 52 45 de
248 3297 246 57 Mascagni.

259 3364 108 47 Puis
395 3368 42 44 la
466 3369 178 53 reprise
676 3369 83 44 des
790 3366 367 47 chefs-d'œuvre
1187 3368 60 44 du
1277 3366 280 55 répertoire:

176 3429 50 43 de
319 3431 184 52 Séville,
746 3436 217 49 Carmen,
1232 3436 66 42 La
1415 3435 254 48 Gioconde,
1978 3435 176 42 Roméo

173 3493 145 55 Tosca,
352 3501 296 55 Mefistofele,
684 3515 114 31 avec
830 3515 92 31 une
954 3500 347 56 interprétation
1333 3514 91 30 non
1456 3501 261 45 seulement
1748 3501 109 45 hors
1889 3501 123 55 ligne
2042 3502 117 45 mais

171 3563 115 45 aussi
308 3565 81 44 des
411 3567 102 53 plus
536 3567 264 55 originales,
825 3581 81 41 par
927 3567 213 55 exemple
1165 3567 201 43 Carmen
1388 3580 116 32 avec
1527 3566 235 47 Lucienne
1787 3568 168 45 Bréval
1980 3568 113 45 dans
2115 3568 44 45 le

172 3628 89 45 rôle
287 3631 37 44 si
353 3633 238 54 complexe
619 3642 46 38 et
692 3634 39 45 si
760 3634 189 46 humain
980 3636 57 43 de
1065 3634 227 45 l'héroïne
1320 3634 57 45 de
1407 3633 242 46 Mérimée.
