2916 4224
1329 300 247 37 BULLETIN
1624 295 246 46 FRANÇAIS
1915 295 65 33 DE
2028 292 62 35 LA
2137 291 39 36 S.
2229 292 27 33 I.
2309 291 52 34 M.

793 304 63 47 24

1211 445 82 58 Ny
1322 446 47 43 la
1399 443 216 45 troubler
1644 443 341 50 aucunement,

1213 515 128 44 Tant
1367 512 174 60 qu'elle
1568 524 106 30 sera
1700 507 261 47 endormie.

1562 713 279 43 l'espouse

1210 849 221 57 J'entens
1455 847 47 45 la
1527 846 115 45 voix
1666 846 60 45 de
1752 859 115 30 mon
1892 842 98 47 ami

1211 916 94 58 Qui
1328 917 136 45 vient
1487 917 202 42 sautant
1710 927 88 44 par
1820 912 68 46 les
1912 915 304 54 montagnes,

1211 985 66 43 Et
1300 982 295 47 tressaillant
1619 980 128 45 aussi
1771 980 157 58 parmi

1211 1052 89 46 Les
1333 1051 379 57 montaignettes
1745 1052 49 41 et
1827 1061 308 44 campagnes.

1213 1187 179 57 Lequel
1421 1200 62 30 au
1511 1184 309 46 blanchastre
1846 1183 243 44 chevreau

1213 1254 74 46 De
1312 1258 174 40 nature
1512 1250 344 55 tres-amiable,

1215 1322 64 44 Et
1305 1336 62 30 au
1390 1320 248 46 sautelant
1663 1319 259 45 bicheteau

1216 1387 383 47 Véritablement
1625 1390 74 40 est
1724 1383 280 49 semblable.

1214 1524 63 57 Ja
1310 1526 68 54 (i)
1413 1523 205 45 derrière
1651 1527 164 39 nostre
1848 1534 156 46 paroy

1215 1593 58 57 Je
1295 1592 43 45 le
1361 1606 99 43 voy
1482 1604 89 45 par
1591 1589 69 46 les
1684 1589 312 53 fenestrelles,

1214 1659 300 57 Regardant,
1541 1663 50 40 et
1615 1672 188 31 comme
1827 1656 47 58 je
1900 1670 129 45 croy,

1213 1726 175 46 Visant
1412 1742 89 43 par
1524 1726 67 46 les
1618 1725 166 46 treillis
1812 1724 222 47 d'icelles.

1312 1863 81 45 Ma
1418 1862 154 46 douce
1599 1862 138 53 amie,
1765 1861 232 58 leve-toy,

1213 1932 63 46 Ce
1299 1929 98 46 m'a
1416 1929 33 45 il
1470 1929 103 46 dict
1596 1932 66 62 (2)
1686 1931 60 44 de
1769 1929 160 46 bonne
1950 1942 155 45 grâce,

1213 1999 257 59 Leve-toy,
1497 2002 50 42 et
1571 1997 176 57 vien(s)
1775 2012 120 30 avec
1920 2011 117 45 moy

1216 2067 172 44 Passer
1411 2065 44 46 le
1481 2069 158 55 temps
1666 2079 60 31 en
1751 2068 130 41 ceste
1906 2063 154 58 place.

1211 2203 73 44 De
1309 2200 189 60 l'hyver
1524 2200 141 46 triste
1690 2203 50 43 et
1766 2214 264 46 ennuyeux

1210 2270 71 46 La
1300 2270 160 44 saison
1481 2269 251 47 mauvaise
1752 2272 75 41 est
1849 2270 184 57 passée,

1214 2340 81 44 Du
1320 2342 159 54 temps
1506 2338 175 59 chargé
1705 2341 51 42 et
1781 2337 251 59 pluvieux,

1211 2406 441 59 Quand-et-quand
1670 2404 49 46 la
1738 2404 148 61 pluye
1908 2406 173 45 cessée.

1213 2539 151 58 Desja
1384 2538 69 46 les
1477 2552 308 33 amoureuses
1808 2538 144 44 fleurs

1211 2609 155 44 Entre
1388 2608 67 45 les
1479 2606 170 47 herbes
1674 2608 171 45 verdes
1869 2608 250 53 croissent,

1214 2679 67 44 Et
1303 2676 61 46 de
1385 2676 210 47 maintes
1618 2676 155 45 riches
1795 2675 221 46 couleurs

1215 2746 90 46 Sur
1329 2744 50 45 la
1402 2749 127 40 terre
1553 2742 201 50 humide
1779 2744 353 59 apparoissent.

1214 2883 68 45 Le
1301 2885 160 53 temps
1483 2885 74 40 est
1576 2895 129 30 venu
1726 2881 59 44 de
1804 2879 176 56 tailler,

1213 2949 152 59 Desja
1388 2963 59 31 en
1470 2952 165 40 nostre
1660 2952 125 42 terre
1808 2948 140 56 belle,

1213 3018 138 44 Nous
1375 3029 152 33 avons
1552 3029 99 47 ouy
1672 3017 261 58 gazouiller

1215 3088 71 44 La
1307 3088 167 43 chaste
1496 3089 49 41 et
1566 3085 195 62 pudicq'
1787 3084 294 48 tourterelle.

1214 3224 152 58 Desja
1388 3222 44 45 le
1456 3221 169 60 figuier
1649 3222 277 61 verdoyant

1218 3292 42 43 A
1282 3288 228 61 produict
1534 3304 72 30 ses
1633 3290 148 59 figues
1806 3292 245 59 jeunettes

1215 3361 69 44 Et
1305 3358 126 46 leurs
1454 3357 150 47 lames
1627 3358 68 47 les
1718 3361 144 44 fleurs
1886 3366 153 56 ayant

1216 3427 228 46 Rendent
1465 3424 68 46 les
1555 3426 168 60 vignes
1746 3429 307 46 verdelettes.

854 3521 66 52 (1)
964 3520 130 54 Déjà.

847 3580 66 53 (2)
950 3582 123 41 Pour
1099 3598 10 31 :
1134 3583 184 39 m'a-t-il
1349 3583 100 40 dict.
