<?xml version="1.0" encoding="UTF-8"?>
<alto xmlns:xsi="http://www.w3.org/2001/XMLSchema-instance" xmlns="http://www.loc.gov/standards/alto/ns-v2#" xsi:schemaLocation="http://www.loc.gov/standards/alto/ns-v2# http://www.loc.gov/standards/alto/alto-v2.0.xsd" xmlns:xlink="http://www.w3.org/1999/xlink">
	<Description>
		<MeasurementUnit>mm10</MeasurementUnit>
		<sourceImageInformation>
			<fileName>//fileserver7/IN2/Princeton/Batch3/bmtnabh/1909/01/15_01/00000110.tif</fileName>
		</sourceImageInformation>
		<OCRProcessing ID="OCRPROCESSING_1">
			<preProcessingStep>
				<processingSoftware>
					<softwareCreator>CCS Content Conversion Specialists GmbH, Germany</softwareCreator>
					<softwareName>CCS docWORKS</softwareName>
					<softwareVersion>6.6-1.18</softwareVersion>
				</processingSoftware>
			</preProcessingStep>
			<ocrProcessingStep>
				<processingSoftware>
					<softwareCreator>ABBYY (BIT Software), Russia</softwareCreator>
					<softwareName>FineReader</softwareName>
					<softwareVersion>10.0</softwareVersion>
				</processingSoftware>
			</ocrProcessingStep>
		</OCRProcessing>
		<OCRProcessing ID="OCRPROCESSING_2">
			<preProcessingStep>
				<processingSoftware>
					<softwareCreator>CCS Content Conversion Specialists GmbH, Germany</softwareCreator>
					<softwareName>CCS docWORKS</softwareName>
					<softwareVersion>6.6-1.18</softwareVersion>
				</processingSoftware>
			</preProcessingStep>
			<ocrProcessingStep>
				<processingSoftware>
					<softwareCreator>ABBYY (BIT Software), Russia</softwareCreator>
					<softwareName>NA</softwareName>
				</processingSoftware>
			</ocrProcessingStep>
		</OCRProcessing>
	</Description>
	<Styles>
		<TextStyle ID="TXT_0" FONTSIZE="12" FONTFAMILY="Times New Roman" FONTSTYLE="bold"/>
		<TextStyle ID="TXT_1" FONTSIZE="19" FONTFAMILY="Times New Roman"/>
		<TextStyle ID="TXT_2" FONTSIZE="21" FONTFAMILY="Times New Roman"/>
		<TextStyle ID="TXT_3" FONTSIZE="24" FONTFAMILY="Times New Roman"/>
		<TextStyle ID="TXT_4" FONTSIZE="20" FONTFAMILY="Times New Roman"/>
		<TextStyle ID="TXT_5" FONTSIZE="20" FONTFAMILY="Times New Roman" FONTSTYLE="italics"/>
		<TextStyle ID="TXT_6" FONTSIZE="20" FONTFAMILY="Times New Roman" FONTSTYLE="bold italics"/>
		<TextStyle ID="TXT_7" FONTSIZE="62" FONTFAMILY="Times New Roman"/>
		<ParagraphStyle ID="PAR_RIGHT" ALIGN="Right"/>
		<ParagraphStyle ID="PAR_LEFT" ALIGN="Left"/>
		<ParagraphStyle ID="PAR_BLOCK" ALIGN="Block"/>
		<ParagraphStyle ID="PAR_CENTER" ALIGN="Center"/>
	</Styles>
	<Layout>
		<Page ID="P103" PHYSICAL_IMG_NR="103" HEIGHT="4224" WIDTH="2916" PC="0.954">
			<TopMargin ID="P103_TM00001" HPOS="0" VPOS="0" WIDTH="2916" HEIGHT="390">
				<TextBlock ID="P103_TB00001" HPOS="1256" VPOS="328" WIDTH="1033" HEIGHT="50" STYLEREFS="TXT_0 PAR_RIGHT">
					<TextLine ID="P103_TL00001" HPOS="1256" VPOS="328" WIDTH="1032" HEIGHT="50">
						<String ID="P103_ST00001" HPOS="1256" VPOS="336" WIDTH="247" HEIGHT="35" CONTENT="BULLETIN" WC="0.98" CC="33260550"/>
						<SP ID="P103_SP00001" HPOS="1503" VPOS="371" WIDTH="48"/>
						<String ID="P103_ST00002" HPOS="1551" VPOS="333" WIDTH="246" HEIGHT="45" CONTENT="FRANÇAIS" WC="0.99" CC="35104160"/>
						<SP ID="P103_SP00002" HPOS="1797" VPOS="378" WIDTH="46"/>
						<String ID="P103_ST00003" HPOS="1843" VPOS="333" WIDTH="64" HEIGHT="32" CONTENT="DE" WC="0.54" CC="62"/>
						<SP ID="P103_SP00003" HPOS="1907" VPOS="378" WIDTH="49"/>
						<String ID="P103_ST00004" HPOS="1956" VPOS="331" WIDTH="61" HEIGHT="33" CONTENT="LA" WC="0.52" CC="90"/>
						<SP ID="P103_SP00004" HPOS="2017" VPOS="378" WIDTH="50"/>
						<String ID="P103_ST00005" HPOS="2067" VPOS="328" WIDTH="38" HEIGHT="36" CONTENT="S." WC="0.93" CC="01"/>
						<SP ID="P103_SP00005" HPOS="2105" VPOS="378" WIDTH="52"/>
						<String ID="P103_ST00006" HPOS="2157" VPOS="329" WIDTH="28" HEIGHT="33" CONTENT="I." WC="0.98" CC="00"/>
						<SP ID="P103_SP00006" HPOS="2185" VPOS="378" WIDTH="53"/>
						<String ID="P103_ST00007" HPOS="2238" VPOS="328" WIDTH="50" HEIGHT="32" CONTENT="M." WC="0.84" CC="30"/>
					</TextLine>
				</TextBlock>
				<TextBlock ID="P103_TB00002" HPOS="715" VPOS="338" WIDTH="65" HEIGHT="52" STYLEREFS="TXT_1 PAR_LEFT">
					<TextLine ID="P103_TL00002" HPOS="715" VPOS="339" WIDTH="63" HEIGHT="49">
						<String ID="P103_ST00008" HPOS="715" VPOS="339" WIDTH="63" HEIGHT="49" CONTENT="94" WC="0.81" CC="30"/>
					</TextLine>
				</TextBlock>
			</TopMargin>
			<LeftMargin ID="P103_LM00001" HPOS="0" VPOS="380" WIDTH="714" HEIGHT="3334"/>
			<RightMargin ID="P103_RM00001" HPOS="2823" VPOS="380" WIDTH="93" HEIGHT="3334"/>
			<BottomMargin ID="P103_BM00001" HPOS="0" VPOS="3714" WIDTH="2916" HEIGHT="510"/>
			<PrintSpace ID="P103_PS00001" HPOS="714" VPOS="380" WIDTH="2109" HEIGHT="3334">
				<TextBlock ID="P103_TB00003" HPOS="714" VPOS="472" WIDTH="2093" HEIGHT="490" STYLEREFS="TXT_2 PAR_LEFT">
					<TextLine ID="P103_TL00003" HPOS="715" VPOS="472" WIDTH="2091" HEIGHT="83">
						<String ID="P103_ST00009" HPOS="715" VPOS="494" WIDTH="59" HEIGHT="51" CONTENT="et" WC="0.78" CC="40"/>
						<SP ID="P103_SP00007" HPOS="774" VPOS="545" WIDTH="52"/>
						<String ID="P103_ST00010" HPOS="826" VPOS="488" WIDTH="206" HEIGHT="67" CONTENT="coloré," WC="0.99" CC="0600504"/>
						<SP ID="P103_SP00008" HPOS="1032" VPOS="555" WIDTH="52"/>
						<String ID="P103_ST00011" HPOS="1084" VPOS="485" WIDTH="137" HEIGHT="56" CONTENT="celle" WC="1.00" CC="00003"/>
						<SP ID="P103_SP00009" HPOS="1221" VPOS="555" WIDTH="52"/>
						<String ID="P103_ST00012" HPOS="1273" VPOS="485" WIDTH="70" HEIGHT="56" CONTENT="de" WC="1.00" CC="00"/>
						<SP ID="P103_SP00010" HPOS="1343" VPOS="555" WIDTH="49"/>
						<String ID="P103_ST00013" HPOS="1392" VPOS="483" WIDTH="77" HEIGHT="55" CONTENT="M." WC="0.79" CC="04"/>
						<SP ID="P103_SP00011" HPOS="1469" VPOS="555" WIDTH="50"/>
						<String ID="P103_ST00014" HPOS="1519" VPOS="482" WIDTH="168" HEIGHT="57" CONTENT="Tinel" WC="0.94" CC="00002"/>
						<SP ID="P103_SP00012" HPOS="1687" VPOS="555" WIDTH="47"/>
						<String ID="P103_ST00015" HPOS="1734" VPOS="487" WIDTH="88" HEIGHT="49" CONTENT="est" WC="1.00" CC="000"/>
						<SP ID="P103_SP00013" HPOS="1822" VPOS="555" WIDTH="49"/>
						<String ID="P103_ST00016" HPOS="1871" VPOS="477" WIDTH="327" HEIGHT="73" CONTENT="empreinte" WC="1.00" CC="000500000"/>
						<SP ID="P103_SP00014" HPOS="2198" VPOS="555" WIDTH="57"/>
						<String ID="P103_ST00017" HPOS="2255" VPOS="477" WIDTH="142" HEIGHT="55" CONTENT="d'un" WC="0.97" CC="0272"/>
						<SP ID="P103_SP00015" HPOS="2397" VPOS="555" WIDTH="56"/>
						<String ID="P103_ST00018" HPOS="2453" VPOS="472" WIDTH="353" HEIGHT="74" CONTENT="mysticisme" WC="1.00" CC="0010050005"/>
					</TextLine>
					<TextLine ID="P103_TL00004" HPOS="717" VPOS="557" WIDTH="2089" HEIGHT="85">
						<String ID="P103_ST00019" HPOS="717" VPOS="571" WIDTH="392" HEIGHT="71" CONTENT="majestueux," WC="1.00" CC="00300060703"/>
						<SP ID="P103_SP00016" HPOS="1109" VPOS="642" WIDTH="46"/>
						<String ID="P103_ST00020" HPOS="1155" VPOS="567" WIDTH="70" HEIGHT="56" CONTENT="de" WC="1.00" CC="00"/>
						<SP ID="P103_SP00017" HPOS="1225" VPOS="642" WIDTH="33"/>
						<String ID="P103_ST00021" HPOS="1258" VPOS="567" WIDTH="57" HEIGHT="53" CONTENT="la" WC="1.00" CC="00"/>
						<SP ID="P103_SP00018" HPOS="1315" VPOS="642" WIDTH="41"/>
						<String ID="P103_ST00022" HPOS="1356" VPOS="565" WIDTH="132" HEIGHT="72" CONTENT="plus" WC="0.99" CC="0060"/>
						<SP ID="P103_SP00019" HPOS="1488" VPOS="642" WIDTH="28"/>
						<String ID="P103_ST00023" HPOS="1516" VPOS="563" WIDTH="172" HEIGHT="57" CONTENT="noble" WC="0.99" CC="00035"/>
						<SP ID="P103_SP00020" HPOS="1688" VPOS="642" WIDTH="35"/>
						<String ID="P103_ST00024" HPOS="1723" VPOS="560" WIDTH="317" HEIGHT="65" CONTENT="élévation," WC="1.00" CC="0000002002"/>
						<SP ID="P103_SP00021" HPOS="2040" VPOS="642" WIDTH="42"/>
						<String ID="P103_ST00025" HPOS="2082" VPOS="559" WIDTH="175" HEIGHT="56" CONTENT="d'une" WC="0.98" CC="01760"/>
						<SP ID="P103_SP00022" HPOS="2257" VPOS="642" WIDTH="43"/>
						<String ID="P103_ST00026" HPOS="2300" VPOS="557" WIDTH="149" HEIGHT="55" CONTENT="belle" WC="0.99" CC="00032"/>
						<SP ID="P103_SP00023" HPOS="2449" VPOS="642" WIDTH="27"/>
						<String ID="P103_ST00027" HPOS="2476" VPOS="560" WIDTH="297" HEIGHT="54" CONTENT="concentra" SUBS_TYPE="HypPart1" SUBS_CONTENT="concentration" WC="1.00" CC="040026000"/>
						<HYP HPOS="2773" VPOS="560" WIDTH="33" CONTENT="-"/>
					</TextLine>
					<TextLine ID="P103_TL00005" HPOS="714" VPOS="648" WIDTH="520" HEIGHT="71">
						<String ID="P103_ST00028" HPOS="714" VPOS="651" WIDTH="130" HEIGHT="55" CONTENT="tion" SUBS_TYPE="HypPart2" SUBS_CONTENT="concentration" WC="0.99" CC="0060"/>
						<SP ID="P103_SP00024" HPOS="844" VPOS="706" WIDTH="47"/>
						<String ID="P103_ST00029" HPOS="891" VPOS="651" WIDTH="70" HEIGHT="54" CONTENT="de" WC="1.00" CC="00"/>
						<SP ID="P103_SP00025" HPOS="961" VPOS="706" WIDTH="45"/>
						<String ID="P103_ST00030" HPOS="1006" VPOS="648" WIDTH="228" HEIGHT="71" CONTENT="pensée." WC="1.00" CC="0003102"/>
					</TextLine>
					<TextLine ID="P103_TL00006" HPOS="831" VPOS="717" WIDTH="1975" HEIGHT="83">
						<String ID="P103_ST00031" HPOS="831" VPOS="729" WIDTH="71" HEIGHT="71" CONTENT="Je" WC="0.86" CC="20"/>
						<SP ID="P103_SP00026" HPOS="902" VPOS="800" WIDTH="57"/>
						<String ID="P103_ST00032" HPOS="959" VPOS="746" WIDTH="156" HEIGHT="39" CONTENT="veux" WC="0.99" CC="0060"/>
						<SP ID="P103_SP00027" HPOS="1115" VPOS="800" WIDTH="55"/>
						<String ID="P103_ST00033" HPOS="1170" VPOS="743" WIDTH="338" HEIGHT="55" CONTENT="remarquer" WC="0.99" CC="500030634"/>
						<SP ID="P103_SP00028" HPOS="1508" VPOS="800" WIDTH="56"/>
						<String ID="P103_ST00034" HPOS="1564" VPOS="741" WIDTH="226" HEIGHT="52" CONTENT="encore," WC="0.99" CC="5400404"/>
						<SP ID="P103_SP00029" HPOS="1790" VPOS="800" WIDTH="61"/>
						<String ID="P103_ST00035" HPOS="1851" VPOS="720" WIDTH="189" HEIGHT="75" CONTENT="parmi" WC="0.99" CC="00703"/>
						<SP ID="P103_SP00030" HPOS="2040" VPOS="800" WIDTH="60"/>
						<String ID="P103_ST00036" HPOS="2100" VPOS="720" WIDTH="82" HEIGHT="56" CONTENT="les" WC="0.98" CC="230"/>
						<SP ID="P103_SP00031" HPOS="2182" VPOS="800" WIDTH="57"/>
						<String ID="P103_ST00037" HPOS="2239" VPOS="719" WIDTH="204" HEIGHT="71" CONTENT="jeunes" WC="0.98" CC="436004"/>
						<SP ID="P103_SP00032" HPOS="2443" VPOS="800" WIDTH="57"/>
						<String ID="P103_ST00038" HPOS="2500" VPOS="718" WIDTH="100" HEIGHT="71" CONTENT="qui" WC="0.98" CC="050"/>
						<SP ID="P103_SP00033" HPOS="2600" VPOS="800" WIDTH="60"/>
						<String ID="P103_ST00039" HPOS="2660" VPOS="717" WIDTH="117" HEIGHT="57" CONTENT="s'im" SUBS_TYPE="HypPart1" SUBS_CONTENT="s'imposent" WC="0.98" CC="0205"/>
						<HYP HPOS="2777" VPOS="717" WIDTH="29" CONTENT="-"/>
					</TextLine>
					<TextLine ID="P103_TL00007" HPOS="717" VPOS="799" WIDTH="2090" HEIGHT="83">
						<String ID="P103_ST00040" HPOS="717" VPOS="816" WIDTH="209" HEIGHT="66" CONTENT="posent" SUBS_TYPE="HypPart2" SUBS_CONTENT="s'imposent" WC="1.00" CC="030000"/>
						<SP ID="P103_SP00034" HPOS="926" VPOS="882" WIDTH="43"/>
						<String ID="P103_ST00041" HPOS="969" VPOS="809" WIDTH="188" HEIGHT="57" CONTENT="d'ores" WC="0.99" CC="036500"/>
						<SP ID="P103_SP00035" HPOS="1157" VPOS="882" WIDTH="40"/>
						<String ID="P103_ST00042" HPOS="1197" VPOS="813" WIDTH="58" HEIGHT="51" CONTENT="et" WC="1.00" CC="00"/>
						<SP ID="P103_SP00036" HPOS="1255" VPOS="882" WIDTH="43"/>
						<String ID="P103_ST00043" HPOS="1298" VPOS="807" WIDTH="135" HEIGHT="71" CONTENT="déjà" WC="0.99" CC="0040"/>
						<SP ID="P103_SP00037" HPOS="1433" VPOS="882" WIDTH="39"/>
						<String ID="P103_ST00044" HPOS="1472" VPOS="808" WIDTH="36" HEIGHT="52" CONTENT="à" WC="0.86" CC="1"/>
						<SP ID="P103_SP00038" HPOS="1508" VPOS="882" WIDTH="37"/>
						<String ID="P103_ST00045" HPOS="1545" VPOS="804" WIDTH="362" HEIGHT="69" CONTENT="l'attention," WC="1.00" CC="000000001004"/>
						<SP ID="P103_SP00039" HPOS="1907" VPOS="882" WIDTH="42"/>
						<String ID="P103_ST00046" HPOS="1949" VPOS="822" WIDTH="73" HEIGHT="37" CONTENT="en" WC="0.95" CC="00"/>
						<SP ID="P103_SP00040" HPOS="2022" VPOS="882" WIDTH="40"/>
						<String ID="P103_ST00047" HPOS="2062" VPOS="802" WIDTH="321" HEIGHT="56" CONTENT="attendant" WC="1.00" CC="000240000"/>
						<SP ID="P103_SP00041" HPOS="2383" VPOS="882" WIDTH="41"/>
						<String ID="P103_ST00048" HPOS="2424" VPOS="800" WIDTH="55" HEIGHT="55" CONTENT="la" WC="0.91" CC="10"/>
						<SP ID="P103_SP00042" HPOS="2479" VPOS="882" WIDTH="40"/>
						<String ID="P103_ST00049" HPOS="2519" VPOS="799" WIDTH="256" HEIGHT="56" CONTENT="consécra" SUBS_TYPE="HypPart1" SUBS_CONTENT="consécration" WC="1.00" CC="00000050"/>
						<HYP HPOS="2775" VPOS="799" WIDTH="32" CONTENT="-"/>
					</TextLine>
					<TextLine ID="P103_TL00008" HPOS="717" VPOS="882" WIDTH="1729" HEIGHT="80">
						<String ID="P103_ST00050" HPOS="717" VPOS="891" WIDTH="131" HEIGHT="57" CONTENT="tion" SUBS_TYPE="HypPart2" SUBS_CONTENT="consécration" WC="0.98" CC="0062"/>
						<SP ID="P103_SP00043" HPOS="848" VPOS="948" WIDTH="45"/>
						<String ID="P103_ST00051" HPOS="893" VPOS="889" WIDTH="302" HEIGHT="73" CONTENT="publique," WC="0.99" CC="060300604"/>
						<SP ID="P103_SP00044" HPOS="1195" VPOS="962" WIDTH="54"/>
						<String ID="P103_ST00052" HPOS="1249" VPOS="887" WIDTH="305" HEIGHT="68" CONTENT="Frémolle," WC="0.89" CC="040000004"/>
						<SP ID="P103_SP00045" HPOS="1554" VPOS="962" WIDTH="52"/>
						<String ID="P103_ST00053" HPOS="1606" VPOS="886" WIDTH="428" HEIGHT="66" CONTENT="Brusselmans," WC="0.70" CC="066005300254"/>
						<SP ID="P103_SP00046" HPOS="2034" VPOS="962" WIDTH="52"/>
						<String ID="P103_ST00054" HPOS="2086" VPOS="882" WIDTH="360" HEIGHT="56" CONTENT="Eekhautte." WC="0.84" CC="0003060014"/>
					</TextLine>
				</TextBlock>
				<TextBlock ID="P103_TB00004" HPOS="719" VPOS="1290" WIDTH="2104" HEIGHT="1434" STYLEREFS="TXT_2 PAR_BLOCK">
					<TextLine ID="P103_TL00009" HPOS="834" VPOS="1292" WIDTH="1977" HEIGHT="76">
						<String ID="P103_ST00055" HPOS="834" VPOS="1297" WIDTH="154" HEIGHT="57" CONTENT="Telle" WC="1.00" CC="03000"/>
						<SP ID="P103_SP00047" HPOS="988" VPOS="1354" WIDTH="51"/>
						<String ID="P103_ST00056" HPOS="1039" VPOS="1315" WIDTH="149" HEIGHT="38" CONTENT="nous" WC="0.97" CC="0560"/>
						<SP ID="P103_SP00048" HPOS="1188" VPOS="1354" WIDTH="49"/>
						<String ID="P103_ST00057" HPOS="1237" VPOS="1296" WIDTH="275" HEIGHT="72" CONTENT="apparaît" WC="0.99" CC="03402000"/>
						<SP ID="P103_SP00049" HPOS="1512" VPOS="1368" WIDTH="49"/>
						<String ID="P103_ST00058" HPOS="1561" VPOS="1294" WIDTH="57" HEIGHT="55" CONTENT="la" WC="0.84" CC="30"/>
						<SP ID="P103_SP00050" HPOS="1618" VPOS="1368" WIDTH="51"/>
						<String ID="P103_ST00059" HPOS="1669" VPOS="1293" WIDTH="413" HEIGHT="73" CONTENT="physionomie" WC="0.99" CC="55110333000"/>
						<SP ID="P103_SP00051" HPOS="2082" VPOS="1368" WIDTH="51"/>
						<String ID="P103_ST00060" HPOS="2133" VPOS="1292" WIDTH="266" HEIGHT="72" CONTENT="générale" WC="0.99" CC="50013010"/>
						<SP ID="P103_SP00052" HPOS="2399" VPOS="1368" WIDTH="54"/>
						<String ID="P103_ST00061" HPOS="2453" VPOS="1292" WIDTH="80" HEIGHT="56" CONTENT="du" WC="0.54" CC="17"/>
						<SP ID="P103_SP00053" HPOS="2533" VPOS="1368" WIDTH="49"/>
						<String ID="P103_ST00062" HPOS="2582" VPOS="1305" WIDTH="191" HEIGHT="43" CONTENT="mouve" SUBS_TYPE="HypPart1" SUBS_CONTENT="mouvement" WC="0.98" CC="74620"/>
						<HYP HPOS="2773" VPOS="1305" WIDTH="38" CONTENT="-"/>
					</TextLine>
					<TextLine ID="P103_TL00010" HPOS="722" VPOS="1372" WIDTH="2091" HEIGHT="76">
						<String ID="P103_ST00063" HPOS="722" VPOS="1383" WIDTH="162" HEIGHT="51" CONTENT="ment" SUBS_TYPE="HypPart2" SUBS_CONTENT="mouvement" WC="0.99" CC="0005"/>
						<SP ID="P103_SP00054" HPOS="884" VPOS="1434" WIDTH="55"/>
						<String ID="P103_ST00064" HPOS="939" VPOS="1377" WIDTH="246" HEIGHT="56" CONTENT="musical" WC="1.00" CC="0601000"/>
						<SP ID="P103_SP00055" HPOS="1185" VPOS="1434" WIDTH="65"/>
						<String ID="P103_ST00065" HPOS="1250" VPOS="1377" WIDTH="166" HEIGHT="71" CONTENT="belge" WC="1.00" CC="00000"/>
						<SP ID="P103_SP00056" HPOS="1416" VPOS="1448" WIDTH="65"/>
						<String ID="P103_ST00066" HPOS="1481" VPOS="1376" WIDTH="258" HEIGHT="71" CONTENT="présent." WC="1.00" CC="05003002"/>
						<SP ID="P103_SP00057" HPOS="1739" VPOS="1448" WIDTH="64"/>
						<String ID="P103_ST00067" HPOS="1803" VPOS="1374" WIDTH="102" HEIGHT="56" CONTENT="S'il" WC="1.00" CC="0000"/>
						<SP ID="P103_SP00058" HPOS="1905" VPOS="1448" WIDTH="60"/>
						<String ID="P103_ST00068" HPOS="1965" VPOS="1380" WIDTH="90" HEIGHT="49" CONTENT="est" WC="0.98" CC="400"/>
						<SP ID="P103_SP00059" HPOS="2055" VPOS="1448" WIDTH="60"/>
						<String ID="P103_ST00069" HPOS="2115" VPOS="1372" WIDTH="357" HEIGHT="74" CONTENT="regrettable" WC="1.00" CC="30030000304"/>
						<SP ID="P103_SP00060" HPOS="2472" VPOS="1448" WIDTH="60"/>
						<String ID="P103_ST00070" HPOS="2532" VPOS="1388" WIDTH="115" HEIGHT="55" CONTENT="que" WC="0.98" CC="050"/>
						<SP ID="P103_SP00061" HPOS="2647" VPOS="1448" WIDTH="67"/>
						<String ID="P103_ST00071" HPOS="2714" VPOS="1386" WIDTH="99" HEIGHT="41" CONTENT="nos" WC="1.00" CC="000"/>
					</TextLine>
					<TextLine ID="P103_TL00011" HPOS="721" VPOS="1448" WIDTH="2095" HEIGHT="83">
						<String ID="P103_ST00072" HPOS="721" VPOS="1458" WIDTH="426" HEIGHT="73" CONTENT="compositeurs" WC="1.00" CC="000000004620"/>
						<SP ID="P103_SP00062" HPOS="1147" VPOS="1531" WIDTH="54"/>
						<String ID="P103_ST00073" HPOS="1201" VPOS="1476" WIDTH="72" HEIGHT="39" CONTENT="ne" WC="0.79" CC="40"/>
						<SP ID="P103_SP00063" HPOS="1273" VPOS="1531" WIDTH="53"/>
						<String ID="P103_ST00074" HPOS="1326" VPOS="1456" WIDTH="192" HEIGHT="57" CONTENT="soient" WC="1.00" CC="020200"/>
						<SP ID="P103_SP00064" HPOS="1518" VPOS="1531" WIDTH="55"/>
						<String ID="P103_ST00075" HPOS="1573" VPOS="1474" WIDTH="106" HEIGHT="54" CONTENT="pas" WC="1.00" CC="000"/>
						<SP ID="P103_SP00065" HPOS="1679" VPOS="1531" WIDTH="54"/>
						<String ID="P103_ST00076" HPOS="1733" VPOS="1456" WIDTH="133" HEIGHT="72" CONTENT="plus" WC="0.98" CC="0361"/>
						<SP ID="P103_SP00066" HPOS="1866" VPOS="1531" WIDTH="55"/>
						<String ID="P103_ST00077" HPOS="1921" VPOS="1454" WIDTH="331" HEIGHT="73" CONTENT="originaux," WC="0.99" CC="2304020704"/>
						<SP ID="P103_SP00067" HPOS="2252" VPOS="1531" WIDTH="56"/>
						<String ID="P103_ST00078" HPOS="2308" VPOS="1453" WIDTH="83" HEIGHT="56" CONTENT="les" WC="1.00" CC="000"/>
						<SP ID="P103_SP00068" HPOS="2391" VPOS="1531" WIDTH="62"/>
						<String ID="P103_ST00079" HPOS="2453" VPOS="1468" WIDTH="202" HEIGHT="40" CONTENT="causes" WC="0.99" CC="006000"/>
						<SP ID="P103_SP00069" HPOS="2655" VPOS="1531" WIDTH="42"/>
						<String ID="P103_ST00080" HPOS="2697" VPOS="1448" WIDTH="119" HEIGHT="57" CONTENT="s'en" WC="0.99" CC="0400" STYLEREFS="TXT_3"/>
					</TextLine>
					<TextLine ID="P103_TL00012" HPOS="719" VPOS="1532" WIDTH="2096" HEIGHT="77">
						<String ID="P103_ST00081" HPOS="719" VPOS="1543" WIDTH="281" HEIGHT="52" CONTENT="trouvent" WC="0.99" CC="06453020"/>
						<SP ID="P103_SP00070" HPOS="1000" VPOS="1595" WIDTH="60"/>
						<String ID="P103_ST00082" HPOS="1060" VPOS="1537" WIDTH="285" HEIGHT="57" CONTENT="aisément" WC="1.00" CC="00000020"/>
						<SP ID="P103_SP00071" HPOS="1345" VPOS="1595" WIDTH="60"/>
						<String ID="P103_ST00083" HPOS="1405" VPOS="1538" WIDTH="146" HEIGHT="56" CONTENT="dans" WC="1.00" CC="0000"/>
						<SP ID="P103_SP00072" HPOS="1551" VPOS="1595" WIDTH="57"/>
						<String ID="P103_ST00084" HPOS="1608" VPOS="1536" WIDTH="52" HEIGHT="57" CONTENT="le" WC="0.76" CC="04"/>
						<SP ID="P103_SP00073" HPOS="1660" VPOS="1595" WIDTH="42"/>
						<String ID="P103_ST00085" HPOS="1702" VPOS="1541" WIDTH="245" HEIGHT="68" CONTENT="partage" WC="1.00" CC="0060000"/>
						<SP ID="P103_SP00074" HPOS="1947" VPOS="1609" WIDTH="45"/>
						<String ID="P103_ST00086" HPOS="1992" VPOS="1537" WIDTH="70" HEIGHT="55" CONTENT="de" WC="1.00" CC="00"/>
						<SP ID="P103_SP00075" HPOS="2062" VPOS="1609" WIDTH="35"/>
						<String ID="P103_ST00087" HPOS="2097" VPOS="1533" WIDTH="371" HEIGHT="74" CONTENT="sympathies" WC="1.00" CC="0200006010"/>
						<SP ID="P103_SP00076" HPOS="2468" VPOS="1609" WIDTH="39"/>
						<String ID="P103_ST00088" HPOS="2507" VPOS="1532" WIDTH="212" HEIGHT="56" CONTENT="latines" WC="1.00" CC="0000000"/>
						<SP ID="P103_SP00077" HPOS="2719" VPOS="1609" WIDTH="41"/>
						<String ID="P103_ST00089" HPOS="2760" VPOS="1535" WIDTH="55" HEIGHT="50" CONTENT="et" WC="0.85" CC="20"/>
					</TextLine>
					<TextLine ID="P103_TL00013" HPOS="721" VPOS="1626" WIDTH="328" HEIGHT="49">
						<String ID="P103_ST00090" HPOS="721" VPOS="1626" WIDTH="328" HEIGHT="49" CONTENT="teutonnes." WC="1.00" CC="0060005032"/>
					</TextLine>
					<TextLine ID="P103_TL00014" HPOS="835" VPOS="1693" WIDTH="1980" HEIGHT="80">
						<String ID="P103_ST00091" HPOS="835" VPOS="1701" WIDTH="93" HEIGHT="56" CONTENT="En" WC="0.98" CC="00"/>
						<SP ID="P103_SP00078" HPOS="928" VPOS="1757" WIDTH="58"/>
						<String ID="P103_ST00092" HPOS="986" VPOS="1700" WIDTH="164" HEIGHT="73" CONTENT="dépit" WC="1.00" CC="00000"/>
						<SP ID="P103_SP00079" HPOS="1150" VPOS="1773" WIDTH="66"/>
						<String ID="P103_ST00093" HPOS="1216" VPOS="1702" WIDTH="99" HEIGHT="56" CONTENT="des" WC="1.00" CC="000"/>
						<SP ID="P103_SP00080" HPOS="1315" VPOS="1773" WIDTH="57"/>
						<String ID="P103_ST00094" HPOS="1372" VPOS="1698" WIDTH="326" HEIGHT="70" CONTENT="frontières," WC="0.99" CC="45400004004"/>
						<SP ID="P103_SP00081" HPOS="1698" VPOS="1773" WIDTH="61"/>
						<String ID="P103_ST00095" HPOS="1759" VPOS="1717" WIDTH="115" HEIGHT="38" CONTENT="une" WC="0.96" CC="604"/>
						<SP ID="P103_SP00082" HPOS="1874" VPOS="1773" WIDTH="57"/>
						<String ID="P103_ST00096" HPOS="1931" VPOS="1698" WIDTH="221" HEIGHT="73" CONTENT="grande" WC="1.00" CC="000300"/>
						<SP ID="P103_SP00083" HPOS="2152" VPOS="1773" WIDTH="58"/>
						<String ID="P103_ST00097" HPOS="2210" VPOS="1697" WIDTH="230" HEIGHT="56" CONTENT="affinité" WC="1.00" CC="05000000"/>
						<SP ID="P103_SP00084" HPOS="2440" VPOS="1773" WIDTH="56"/>
						<String ID="P103_ST00098" HPOS="2496" VPOS="1693" WIDTH="319" HEIGHT="75" CONTENT="rapproche" WC="1.00" CC="100020050"/>
					</TextLine>
					<TextLine ID="P103_TL00015" HPOS="721" VPOS="1776" WIDTH="2091" HEIGHT="76">
						<String ID="P103_ST00099" HPOS="721" VPOS="1780" WIDTH="281" HEIGHT="71" CONTENT="Français" WC="1.00" CC="04000040"/>
						<SP ID="P103_SP00085" HPOS="1002" VPOS="1851" WIDTH="53"/>
						<String ID="P103_ST00100" HPOS="1055" VPOS="1786" WIDTH="59" HEIGHT="51" CONTENT="et" WC="0.69" CC="60"/>
						<SP ID="P103_SP00086" HPOS="1114" VPOS="1851" WIDTH="52"/>
						<String ID="P103_ST00101" HPOS="1166" VPOS="1780" WIDTH="275" HEIGHT="69" CONTENT="Wallons," WC="1.00" CC="00000034"/>
						<SP ID="P103_SP00087" HPOS="1441" VPOS="1851" WIDTH="54"/>
						<String ID="P103_ST00102" HPOS="1495" VPOS="1780" WIDTH="154" HEIGHT="55" CONTENT="alors" WC="1.00" CC="00030"/>
						<SP ID="P103_SP00088" HPOS="1649" VPOS="1851" WIDTH="53"/>
						<String ID="P103_ST00103" HPOS="1702" VPOS="1797" WIDTH="116" HEIGHT="55" CONTENT="que" WC="0.96" CC="063"/>
						<SP ID="P103_SP00089" HPOS="1818" VPOS="1852" WIDTH="51"/>
						<String ID="P103_ST00104" HPOS="1869" VPOS="1780" WIDTH="85" HEIGHT="55" CONTENT="les" WC="0.98" CC="004"/>
						<SP ID="P103_SP00090" HPOS="1954" VPOS="1852" WIDTH="53"/>
						<String ID="P103_ST00105" HPOS="2007" VPOS="1778" WIDTH="323" HEIGHT="60" CONTENT="Flamands" WC="1.00" CC="00000100"/>
						<SP ID="P103_SP00091" HPOS="2330" VPOS="1852" WIDTH="53"/>
						<String ID="P103_ST00106" HPOS="2383" VPOS="1777" WIDTH="263" HEIGHT="56" CONTENT="révèlent" WC="1.00" CC="40003010"/>
						<SP ID="P103_SP00092" HPOS="2646" VPOS="1852" WIDTH="47"/>
						<String ID="P103_ST00107" HPOS="2693" VPOS="1776" WIDTH="119" HEIGHT="53" CONTENT="leur" WC="0.97" CC="0454"/>
					</TextLine>
					<TextLine ID="P103_TL00016" HPOS="724" VPOS="1853" WIDTH="2092" HEIGHT="80">
						<String ID="P103_ST00108" HPOS="724" VPOS="1863" WIDTH="361" HEIGHT="55" CONTENT="ascendance" WC="1.00" CC="0000000500"/>
						<SP ID="P103_SP00093" HPOS="1085" VPOS="1918" WIDTH="37"/>
						<String ID="P103_ST00109" HPOS="1122" VPOS="1861" WIDTH="400" HEIGHT="72" CONTENT="germanique." WC="1.00" CC="01500003600"/>
						<SP ID="P103_SP00094" HPOS="1522" VPOS="1933" WIDTH="46"/>
						<String ID="P103_ST00110" HPOS="1568" VPOS="1860" WIDTH="160" HEIGHT="57" CONTENT="Petit" WC="0.99" CC="70000"/>
						<SP ID="P103_SP00095" HPOS="1728" VPOS="1933" WIDTH="42"/>
						<String ID="P103_ST00111" HPOS="1770" VPOS="1877" WIDTH="168" HEIGHT="56" CONTENT="pays," WC="0.99" CC="00034"/>
						<SP ID="P103_SP00096" HPOS="1938" VPOS="1933" WIDTH="40"/>
						<String ID="P103_ST00112" HPOS="1978" VPOS="1860" WIDTH="220" HEIGHT="72" CONTENT="petites" WC="1.00" CC="0000000"/>
						<SP ID="P103_SP00097" HPOS="2198" VPOS="1933" WIDTH="36"/>
						<String ID="P103_ST00113" HPOS="2234" VPOS="1876" WIDTH="248" HEIGHT="51" CONTENT="mœurs;" WC="0.98" CC="006109"/>
						<SP ID="P103_SP00098" HPOS="2482" VPOS="1933" WIDTH="38"/>
						<String ID="P103_ST00114" HPOS="2520" VPOS="1858" WIDTH="45" HEIGHT="54" CONTENT="il" WC="0.93" CC="10"/>
						<SP ID="P103_SP00099" HPOS="2565" VPOS="1933" WIDTH="36"/>
						<String ID="P103_ST00115" HPOS="2601" VPOS="1853" WIDTH="215" HEIGHT="60" CONTENT="semble" WC="1.00" CC="000100"/>
					</TextLine>
					<TextLine ID="P103_TL00017" HPOS="726" VPOS="1940" WIDTH="2087" HEIGHT="75">
						<String ID="P103_ST00116" HPOS="726" VPOS="1942" WIDTH="228" HEIGHT="57" CONTENT="d'autre" WC="0.98" CC="7306050"/>
						<SP ID="P103_SP00100" HPOS="954" VPOS="1999" WIDTH="40"/>
						<String ID="P103_ST00117" HPOS="994" VPOS="1949" WIDTH="134" HEIGHT="66" CONTENT="part" WC="0.99" CC="0030"/>
						<SP ID="P103_SP00101" HPOS="1128" VPOS="2015" WIDTH="43"/>
						<String ID="P103_ST00118" HPOS="1171" VPOS="1961" WIDTH="113" HEIGHT="52" CONTENT="que" WC="0.97" CC="061"/>
						<SP ID="P103_SP00102" HPOS="1284" VPOS="2015" WIDTH="41"/>
						<String ID="P103_ST00119" HPOS="1325" VPOS="1960" WIDTH="108" HEIGHT="39" CONTENT="nos" WC="0.97" CC="052"/>
						<SP ID="P103_SP00103" HPOS="1433" VPOS="2015" WIDTH="38"/>
						<String ID="P103_ST00120" HPOS="1471" VPOS="1941" WIDTH="240" HEIGHT="57" CONTENT="artistes" WC="1.00" CC="00000004"/>
						<SP ID="P103_SP00104" HPOS="1711" VPOS="2015" WIDTH="43"/>
						<String ID="P103_ST00121" HPOS="1754" VPOS="1960" WIDTH="61" HEIGHT="38" CONTENT="se" WC="1.00" CC="00"/>
						<SP ID="P103_SP00105" HPOS="1815" VPOS="2015" WIDTH="46"/>
						<String ID="P103_ST00122" HPOS="1861" VPOS="1943" WIDTH="240" HEIGHT="56" CONTENT="sentent" WC="1.00" CC="0000040"/>
						<SP ID="P103_SP00106" HPOS="2101" VPOS="2015" WIDTH="51"/>
						<String ID="P103_ST00123" HPOS="2152" VPOS="1942" WIDTH="35" HEIGHT="54" CONTENT="à" WC="0.86" CC="1"/>
						<SP ID="P103_SP00107" HPOS="2187" VPOS="2015" WIDTH="42"/>
						<String ID="P103_ST00124" HPOS="2229" VPOS="1940" WIDTH="226" HEIGHT="57" CONTENT="l'étroit" WC="1.00" CC="03203000"/>
						<SP ID="P103_SP00108" HPOS="2455" VPOS="2015" WIDTH="47"/>
						<String ID="P103_ST00125" HPOS="2502" VPOS="1940" WIDTH="140" HEIGHT="56" CONTENT="chez" WC="0.97" CC="0545"/>
						<SP ID="P103_SP00109" HPOS="2642" VPOS="2015" WIDTH="44"/>
						<String ID="P103_ST00126" HPOS="2686" VPOS="1954" WIDTH="127" HEIGHT="52" CONTENT="eux," WC="0.98" CC="0703"/>
					</TextLine>
					<TextLine ID="P103_TL00018" HPOS="722" VPOS="2018" WIDTH="2094" HEIGHT="77">
						<String ID="P103_ST00127" HPOS="722" VPOS="2026" WIDTH="61" HEIGHT="52" CONTENT="et" WC="0.95" CC="00"/>
						<SP ID="P103_SP00110" HPOS="783" VPOS="2078" WIDTH="45"/>
						<String ID="P103_ST00128" HPOS="828" VPOS="2022" WIDTH="169" HEIGHT="71" CONTENT="point" WC="0.99" CC="06100"/>
						<SP ID="P103_SP00111" HPOS="997" VPOS="2093" WIDTH="44"/>
						<String ID="P103_ST00129" HPOS="1041" VPOS="2041" WIDTH="73" HEIGHT="37" CONTENT="ne" WC="0.81" CC="03"/>
						<SP ID="P103_SP00112" HPOS="1114" VPOS="2093" WIDTH="43"/>
						<String ID="P103_ST00130" HPOS="1157" VPOS="2023" WIDTH="124" HEIGHT="56" CONTENT="leur" WC="0.98" CC="0053"/>
						<SP ID="P103_SP00113" HPOS="1281" VPOS="2093" WIDTH="43"/>
						<String ID="P103_ST00131" HPOS="1324" VPOS="2041" WIDTH="72" HEIGHT="37" CONTENT="en" WC="0.99" CC="00"/>
						<SP ID="P103_SP00114" HPOS="1396" VPOS="2093" WIDTH="45"/>
						<String ID="P103_ST00132" HPOS="1441" VPOS="2022" WIDTH="221" HEIGHT="57" CONTENT="faisons" WC="0.99" CC="4000005"/>
						<SP ID="P103_SP00115" HPOS="1662" VPOS="2093" WIDTH="30"/>
						<String ID="P103_ST00133" HPOS="1692" VPOS="2022" WIDTH="164" HEIGHT="73" CONTENT="grief." WC="0.99" CC="050320"/>
						<SP ID="P103_SP00116" HPOS="1856" VPOS="2095" WIDTH="41"/>
						<String ID="P103_ST00134" HPOS="1897" VPOS="2022" WIDTH="52" HEIGHT="54" CONTENT="A" WC="1.00" CC="0"/>
						<SP ID="P103_SP00117" HPOS="1949" VPOS="2095" WIDTH="34"/>
						<String ID="P103_ST00135" HPOS="1983" VPOS="2021" WIDTH="230" HEIGHT="57" CONTENT="l'instar" WC="1.00" CC="00000000"/>
						<SP ID="P103_SP00118" HPOS="2213" VPOS="2095" WIDTH="47"/>
						<String ID="P103_ST00136" HPOS="2260" VPOS="2022" WIDTH="71" HEIGHT="56" CONTENT="de" WC="0.86" CC="02"/>
						<SP ID="P103_SP00119" HPOS="2331" VPOS="2095" WIDTH="35"/>
						<String ID="P103_ST00137" HPOS="2366" VPOS="2040" WIDTH="66" HEIGHT="38" CONTENT="ce" WC="0.71" CC="50"/>
						<SP ID="P103_SP00120" HPOS="2432" VPOS="2095" WIDTH="39"/>
						<String ID="P103_ST00138" HPOS="2471" VPOS="2020" WIDTH="100" HEIGHT="73" CONTENT="qui" WC="0.98" CC="050"/>
						<SP ID="P103_SP00121" HPOS="2571" VPOS="2095" WIDTH="48"/>
						<String ID="P103_ST00139" HPOS="2619" VPOS="2018" WIDTH="197" HEIGHT="56" CONTENT="s'était" WC="1.00" CC="0020020"/>
					</TextLine>
					<TextLine ID="P103_TL00019" HPOS="723" VPOS="2101" WIDTH="2094" HEIGHT="76">
						<String ID="P103_ST00140" HPOS="723" VPOS="2102" WIDTH="111" HEIGHT="56" CONTENT="fait" WC="0.98" CC="0330"/>
						<SP ID="P103_SP00122" HPOS="834" VPOS="2158" WIDTH="39"/>
						<String ID="P103_ST00141" HPOS="873" VPOS="2105" WIDTH="35" HEIGHT="53" CONTENT="à" WC="1.00" CC="0"/>
						<SP ID="P103_SP00123" HPOS="908" VPOS="2158" WIDTH="40"/>
						<String ID="P103_ST00142" HPOS="948" VPOS="2103" WIDTH="181" HEIGHT="70" CONTENT="Paris," WC="0.98" CC="505204"/>
						<SP ID="P103_SP00124" HPOS="1129" VPOS="2173" WIDTH="41"/>
						<String ID="P103_ST00143" HPOS="1170" VPOS="2124" WIDTH="81" HEIGHT="37" CONTENT="un" WC="0.62" CC="60"/>
						<SP ID="P103_SP00125" HPOS="1251" VPOS="2173" WIDTH="37"/>
						<String ID="P103_ST00144" HPOS="1288" VPOS="2121" WIDTH="221" HEIGHT="55" CONTENT="groupe" WC="0.97" CC="765502"/>
						<SP ID="P103_SP00126" HPOS="1509" VPOS="2176" WIDTH="41"/>
						<String ID="P103_ST00145" HPOS="1550" VPOS="2106" WIDTH="70" HEIGHT="55" CONTENT="de" WC="1.00" CC="00"/>
						<SP ID="P103_SP00127" HPOS="1620" VPOS="2176" WIDTH="38"/>
						<String ID="P103_ST00146" HPOS="1658" VPOS="2103" WIDTH="428" HEIGHT="74" CONTENT="compositeurs" WC="1.00" CC="000031003650"/>
						<SP ID="P103_SP00128" HPOS="2086" VPOS="2177" WIDTH="47"/>
						<String ID="P103_ST00147" HPOS="2133" VPOS="2105" WIDTH="219" HEIGHT="54" CONTENT="s'étant" WC="0.98" CC="0100000"/>
						<SP ID="P103_SP00129" HPOS="2352" VPOS="2177" WIDTH="39"/>
						<String ID="P103_ST00148" HPOS="2391" VPOS="2102" WIDTH="207" HEIGHT="69" CONTENT="formé," WC="0.98" CC="640004"/>
						<SP ID="P103_SP00130" HPOS="2598" VPOS="2177" WIDTH="36"/>
						<String ID="P103_ST00149" HPOS="2634" VPOS="2101" WIDTH="45" HEIGHT="55" CONTENT="il" WC="0.79" CC="04"/>
						<SP ID="P103_SP00131" HPOS="2679" VPOS="2177" WIDTH="35"/>
						<String ID="P103_ST00150" HPOS="2714" VPOS="2119" WIDTH="40" HEIGHT="53" CONTENT="y" WC="1.00" CC="0"/>
						<SP ID="P103_SP00132" HPOS="2754" VPOS="2177" WIDTH="33"/>
						<String ID="P103_ST00151" HPOS="2787" VPOS="2119" WIDTH="30" HEIGHT="35" CONTENT="a" WC="0.33" CC="6"/>
					</TextLine>
					<TextLine ID="P103_TL00020" HPOS="726" VPOS="2183" WIDTH="2089" HEIGHT="74">
						<String ID="P103_ST00152" HPOS="726" VPOS="2185" WIDTH="155" HEIGHT="54" CONTENT="deux" WC="0.98" CC="0160"/>
						<SP ID="P103_SP00133" HPOS="881" VPOS="2239" WIDTH="35"/>
						<String ID="P103_ST00153" HPOS="916" VPOS="2201" WIDTH="125" HEIGHT="52" CONTENT="ans," WC="0.99" CC="0003"/>
						<SP ID="P103_SP00134" HPOS="1041" VPOS="2253" WIDTH="38"/>
						<String ID="P103_ST00154" HPOS="1079" VPOS="2185" WIDTH="99" HEIGHT="56" CONTENT="n'a" WC="0.97" CC="440"/>
						<SP ID="P103_SP00135" HPOS="1178" VPOS="2253" WIDTH="34"/>
						<String ID="P103_ST00155" HPOS="1212" VPOS="2203" WIDTH="137" HEIGHT="52" CONTENT="reçu" WC="0.98" CC="0007"/>
						<SP ID="P103_SP00136" HPOS="1349" VPOS="2255" WIDTH="37"/>
						<String ID="P103_ST00156" HPOS="1386" VPOS="2183" WIDTH="239" HEIGHT="73" CONTENT="jusqu'à" WC="0.98" CC="6751630"/>
						<SP ID="P103_SP00137" HPOS="1625" VPOS="2256" WIDTH="34"/>
						<String ID="P103_ST00157" HPOS="1659" VPOS="2186" WIDTH="236" HEIGHT="71" CONTENT="présent" WC="1.00" CC="0300000"/>
						<SP ID="P103_SP00138" HPOS="1895" VPOS="2257" WIDTH="37"/>
						<String ID="P103_ST00158" HPOS="1932" VPOS="2185" WIDTH="52" HEIGHT="56" CONTENT="le" WC="0.81" CC="03"/>
						<SP ID="P103_SP00139" HPOS="1984" VPOS="2257" WIDTH="38"/>
						<String ID="P103_ST00159" HPOS="2022" VPOS="2185" WIDTH="268" HEIGHT="57" CONTENT="moindre" WC="0.99" CC="0600062"/>
						<SP ID="P103_SP00140" HPOS="2290" VPOS="2257" WIDTH="37"/>
						<String ID="P103_ST00160" HPOS="2327" VPOS="2186" WIDTH="488" HEIGHT="69" CONTENT="encouragement" WC="1.00" CC="2005670510100"/>
					</TextLine>
					<TextLine ID="P103_TL00021" HPOS="722" VPOS="2263" WIDTH="2098" HEIGHT="75">
						<String ID="P103_ST00161" HPOS="722" VPOS="2263" WIDTH="57" HEIGHT="58" CONTENT="ni" WC="1.00" CC="00"/>
						<SP ID="P103_SP00141" HPOS="779" VPOS="2321" WIDTH="42"/>
						<String ID="P103_ST00162" HPOS="821" VPOS="2266" WIDTH="99" HEIGHT="56" CONTENT="des" WC="1.00" CC="000"/>
						<SP ID="P103_SP00142" HPOS="920" VPOS="2322" WIDTH="37"/>
						<String ID="P103_ST00163" HPOS="957" VPOS="2265" WIDTH="305" HEIGHT="70" CONTENT="autorités," WC="0.99" CC="0605600434"/>
						<SP ID="P103_SP00143" HPOS="1262" VPOS="2335" WIDTH="38"/>
						<String ID="P103_ST00164" HPOS="1300" VPOS="2266" WIDTH="58" HEIGHT="55" CONTENT="ni" WC="0.80" CC="30"/>
						<SP ID="P103_SP00144" HPOS="1358" VPOS="2335" WIDTH="43"/>
						<String ID="P103_ST00165" HPOS="1401" VPOS="2267" WIDTH="79" HEIGHT="55" CONTENT="du" WC="0.70" CC="05"/>
						<SP ID="P103_SP00145" HPOS="1480" VPOS="2335" WIDTH="42"/>
						<String ID="P103_ST00166" HPOS="1522" VPOS="2266" WIDTH="220" HEIGHT="72" CONTENT="public." WC="0.99" CC="0600004"/>
						<SP ID="P103_SP00146" HPOS="1742" VPOS="2338" WIDTH="45"/>
						<String ID="P103_ST00167" HPOS="1787" VPOS="2266" WIDTH="102" HEIGHT="56" CONTENT="S'il" WC="0.98" CC="0206"/>
						<SP ID="P103_SP00147" HPOS="1889" VPOS="2338" WIDTH="46"/>
						<String ID="P103_ST00168" HPOS="1935" VPOS="2272" WIDTH="89" HEIGHT="50" CONTENT="est" WC="1.00" CC="000"/>
						<SP ID="P103_SP00148" HPOS="2024" VPOS="2338" WIDTH="48"/>
						<String ID="P103_ST00169" HPOS="2072" VPOS="2266" WIDTH="124" HEIGHT="55" CONTENT="vrai" WC="0.98" CC="0403"/>
						<SP ID="P103_SP00149" HPOS="2196" VPOS="2338" WIDTH="50"/>
						<String ID="P103_ST00170" HPOS="2246" VPOS="2284" WIDTH="115" HEIGHT="53" CONTENT="que" WC="0.97" CC="061"/>
						<SP ID="P103_SP00150" HPOS="2361" VPOS="2338" WIDTH="32"/>
						<String ID="P103_ST00171" HPOS="2393" VPOS="2266" WIDTH="135" HEIGHT="55" CONTENT="l'art" WC="0.99" CC="04050"/>
						<SP ID="P103_SP00151" HPOS="2528" VPOS="2338" WIDTH="48"/>
						<String ID="P103_ST00172" HPOS="2576" VPOS="2265" WIDTH="98" HEIGHT="56" CONTENT="n'a" WC="0.98" CC="030"/>
						<SP ID="P103_SP00152" HPOS="2674" VPOS="2338" WIDTH="45"/>
						<String ID="P103_ST00173" HPOS="2719" VPOS="2279" WIDTH="101" HEIGHT="57" CONTENT="pas" WC="0.97" CC="800"/>
					</TextLine>
					<TextLine ID="P103_TL00022" HPOS="726" VPOS="2343" WIDTH="2095" HEIGHT="75">
						<String ID="P103_ST00174" HPOS="726" VPOS="2346" WIDTH="69" HEIGHT="53" CONTENT="de" WC="1.00" CC="00"/>
						<SP ID="P103_SP00153" HPOS="795" VPOS="2399" WIDTH="33"/>
						<String ID="P103_ST00175" HPOS="828" VPOS="2345" WIDTH="210" HEIGHT="71" CONTENT="patrie," WC="0.99" CC="0006004"/>
						<SP ID="P103_SP00154" HPOS="1038" VPOS="2416" WIDTH="30"/>
						<String ID="P103_ST00176" HPOS="1068" VPOS="2346" WIDTH="45" HEIGHT="53" CONTENT="il" WC="0.95" CC="00"/>
						<SP ID="P103_SP00155" HPOS="1113" VPOS="2416" WIDTH="32"/>
						<String ID="P103_ST00177" HPOS="1145" VPOS="2346" WIDTH="177" HEIGHT="56" CONTENT="serait" WC="0.99" CC="204000"/>
						<SP ID="P103_SP00156" HPOS="1322" VPOS="2416" WIDTH="34"/>
						<String ID="P103_ST00178" HPOS="1356" VPOS="2346" WIDTH="346" HEIGHT="56" CONTENT="néanmoins" WC="1.00" CC="000000000"/>
						<SP ID="P103_SP00157" HPOS="1702" VPOS="2416" WIDTH="33"/>
						<String ID="P103_ST00179" HPOS="1735" VPOS="2346" WIDTH="374" HEIGHT="60" CONTENT="souhaitable" WC="1.00" CC="04750000300"/>
						<SP ID="P103_SP00158" HPOS="2109" VPOS="2416" WIDTH="54"/>
						<String ID="P103_ST00180" HPOS="2163" VPOS="2364" WIDTH="116" HEIGHT="54" CONTENT="que" WC="0.96" CC="065"/>
						<SP ID="P103_SP00159" HPOS="2279" VPOS="2418" WIDTH="52"/>
						<String ID="P103_ST00181" HPOS="2331" VPOS="2347" WIDTH="82" HEIGHT="56" CONTENT="les" WC="1.00" CC="001"/>
						<SP ID="P103_SP00160" HPOS="2413" VPOS="2418" WIDTH="55"/>
						<String ID="P103_ST00182" HPOS="2468" VPOS="2346" WIDTH="238" HEIGHT="55" CONTENT="faveurs" WC="0.99" CC="2000636"/>
						<SP ID="P103_SP00161" HPOS="2706" VPOS="2418" WIDTH="40"/>
						<String ID="P103_ST00183" HPOS="2746" VPOS="2343" WIDTH="75" HEIGHT="56" CONTENT="du" WC="0.69" CC="06"/>
					</TextLine>
					<TextLine ID="P103_TL00023" HPOS="723" VPOS="2425" WIDTH="2097" HEIGHT="75">
						<String ID="P103_ST00184" HPOS="723" VPOS="2425" WIDTH="250" HEIGHT="70" CONTENT="pouvoir" WC="0.99" CC="0060604"/>
						<SP ID="P103_SP00162" HPOS="973" VPOS="2495" WIDTH="31"/>
						<String ID="P103_ST00185" HPOS="1004" VPOS="2425" WIDTH="226" HEIGHT="57" CONTENT="fussent" WC="0.99" CC="6620030"/>
						<SP ID="P103_SP00163" HPOS="1230" VPOS="2495" WIDTH="44"/>
						<String ID="P103_ST00186" HPOS="1274" VPOS="2427" WIDTH="351" HEIGHT="71" CONTENT="dispensées," WC="1.00" CC="00001021004"/>
						<SP ID="P103_SP00164" HPOS="1625" VPOS="2498" WIDTH="37"/>
						<String ID="P103_ST00187" HPOS="1662" VPOS="2429" WIDTH="139" HEIGHT="54" CONTENT="chez" WC="0.99" CC="0006"/>
						<SP ID="P103_SP00165" HPOS="1801" VPOS="2498" WIDTH="54"/>
						<String ID="P103_ST00188" HPOS="1855" VPOS="2446" WIDTH="167" HEIGHT="51" CONTENT="nous," WC="0.98" CC="00604"/>
						<SP ID="P103_SP00166" HPOS="2022" VPOS="2498" WIDTH="45"/>
						<String ID="P103_ST00189" HPOS="2067" VPOS="2445" WIDTH="143" HEIGHT="38" CONTENT="avec" WC="0.98" CC="0630"/>
						<SP ID="P103_SP00167" HPOS="2210" VPOS="2498" WIDTH="41"/>
						<String ID="P103_ST00190" HPOS="2251" VPOS="2426" WIDTH="133" HEIGHT="74" CONTENT="plus" WC="0.99" CC="0050"/>
						<SP ID="P103_SP00168" HPOS="2384" VPOS="2500" WIDTH="55"/>
						<String ID="P103_ST00191" HPOS="2439" VPOS="2425" WIDTH="282" HEIGHT="73" CONTENT="d'équité," WC="0.99" CC="030060004"/>
						<SP ID="P103_SP00169" HPOS="2721" VPOS="2500" WIDTH="44"/>
						<String ID="P103_ST00192" HPOS="2765" VPOS="2427" WIDTH="55" HEIGHT="52" CONTENT="et" WC="0.71" CC="05"/>
					</TextLine>
					<TextLine ID="P103_TL00024" HPOS="723" VPOS="2506" WIDTH="2094" HEIGHT="72">
						<String ID="P103_ST00193" HPOS="723" VPOS="2521" WIDTH="135" HEIGHT="40" CONTENT="sans" WC="1.00" CC="0010"/>
						<SP ID="P103_SP00170" HPOS="858" VPOS="2561" WIDTH="58"/>
						<String ID="P103_ST00194" HPOS="916" VPOS="2507" WIDTH="177" HEIGHT="55" CONTENT="doute" WC="0.98" CC="05700"/>
						<SP ID="P103_SP00171" HPOS="1093" VPOS="2562" WIDTH="50"/>
						<String ID="P103_ST00195" HPOS="1143" VPOS="2506" WIDTH="543" HEIGHT="58" CONTENT="assisterions-nous" WC="1.00" CC="00000006050040460"/>
						<SP ID="P103_SP00172" HPOS="1686" VPOS="2564" WIDTH="33"/>
						<String ID="P103_ST00196" HPOS="1719" VPOS="2509" WIDTH="152" HEIGHT="54" CONTENT="alors" WC="0.99" CC="00420"/>
						<SP ID="P103_SP00173" HPOS="1871" VPOS="2564" WIDTH="40"/>
						<String ID="P103_ST00197" HPOS="1911" VPOS="2510" WIDTH="34" HEIGHT="52" CONTENT="à" WC="1.00" CC="0"/>
						<SP ID="P103_SP00174" HPOS="1945" VPOS="2564" WIDTH="46"/>
						<String ID="P103_ST00198" HPOS="1991" VPOS="2509" WIDTH="317" HEIGHT="68" CONTENT="l'éclosion," WC="0.83" CC="00000600614"/>
						<SP ID="P103_SP00175" HPOS="2308" VPOS="2577" WIDTH="46"/>
						<String ID="P103_ST00199" HPOS="2354" VPOS="2528" WIDTH="76" HEIGHT="35" CONTENT="au" WC="0.66" CC="06"/>
						<SP ID="P103_SP00176" HPOS="2430" VPOS="2577" WIDTH="47"/>
						<String ID="P103_ST00200" HPOS="2477" VPOS="2506" WIDTH="306" HEIGHT="72" CONTENT="développe" SUBS_TYPE="HypPart1" SUBS_CONTENT="développement" WC="1.00" CC="000000005"/>
						<HYP HPOS="2783" VPOS="2506" WIDTH="34" CONTENT="-"/>
					</TextLine>
					<TextLine ID="P103_TL00025" HPOS="724" VPOS="2585" WIDTH="2098" HEIGHT="77">
						<String ID="P103_ST00201" HPOS="724" VPOS="2591" WIDTH="160" HEIGHT="50" CONTENT="ment" SUBS_TYPE="HypPart2" SUBS_CONTENT="développement" WC="0.99" CC="0300"/>
						<SP ID="P103_SP00177" HPOS="884" VPOS="2641" WIDTH="57"/>
						<String ID="P103_ST00202" HPOS="941" VPOS="2587" WIDTH="70" HEIGHT="55" CONTENT="de" WC="1.00" CC="00"/>
						<SP ID="P103_SP00178" HPOS="1011" VPOS="2642" WIDTH="27"/>
						<String ID="P103_ST00203" HPOS="1038" VPOS="2587" WIDTH="130" HEIGHT="71" CONTENT="plus" WC="0.99" CC="0060"/>
						<SP ID="P103_SP00179" HPOS="1168" VPOS="2658" WIDTH="24"/>
						<String ID="P103_ST00204" HPOS="1192" VPOS="2587" WIDTH="377" HEIGHT="57" CONTENT="nombreuses" WC="0.99" CC="0505466020"/>
						<SP ID="P103_SP00180" HPOS="1569" VPOS="2658" WIDTH="20"/>
						<String ID="P103_ST00205" HPOS="1589" VPOS="2589" WIDTH="446" HEIGHT="71" CONTENT="personnalités," WC="1.00" CC="00514040100004"/>
						<SP ID="P103_SP00181" HPOS="2035" VPOS="2660" WIDTH="33"/>
						<String ID="P103_ST00206" HPOS="2068" VPOS="2590" WIDTH="146" HEIGHT="56" CONTENT="dans" WC="1.00" CC="0020"/>
						<SP ID="P103_SP00182" HPOS="2214" VPOS="2660" WIDTH="27"/>
						<String ID="P103_ST00207" HPOS="2241" VPOS="2590" WIDTH="57" HEIGHT="54" CONTENT="la" WC="0.93" CC="10"/>
						<SP ID="P103_SP00183" HPOS="2298" VPOS="2660" WIDTH="23"/>
						<String ID="P103_ST00208" HPOS="2321" VPOS="2608" WIDTH="143" HEIGHT="54" CONTENT="pure" WC="0.97" CC="9600"/>
						<SP ID="P103_SP00184" HPOS="2464" VPOS="2662" WIDTH="24"/>
						<String ID="P103_ST00209" HPOS="2488" VPOS="2585" WIDTH="334" HEIGHT="76" CONTENT="expression" WC="1.00" CC="0006000003"/>
					</TextLine>
					<TextLine ID="P103_TL00026" HPOS="728" VPOS="2665" WIDTH="442" HEIGHT="58">
						<String ID="P103_ST00210" HPOS="728" VPOS="2666" WIDTH="70" HEIGHT="55" CONTENT="de" WC="1.00" CC="00"/>
						<SP ID="P103_SP00185" HPOS="798" VPOS="2721" WIDTH="34"/>
						<String ID="P103_ST00211" HPOS="832" VPOS="2665" WIDTH="57" HEIGHT="54" CONTENT="la" WC="1.00" CC="00"/>
						<SP ID="P103_SP00186" HPOS="889" VPOS="2721" WIDTH="40"/>
						<String ID="P103_ST00212" HPOS="929" VPOS="2667" WIDTH="241" HEIGHT="56" CONTENT="Beauté." WC="0.99" CC="0506000"/>
					</TextLine>
				</TextBlock>
				<TextBlock ID="P103_TB00005" HPOS="2294" VPOS="2751" WIDTH="377" HEIGHT="55" STYLEREFS="TXT_4 PAR_RIGHT">
					<TextLine ID="P103_TL00027" HPOS="2294" VPOS="2752" WIDTH="377" HEIGHT="54">
						<String ID="P103_ST00213" HPOS="2294" VPOS="2752" WIDTH="377" HEIGHT="54" CONTENT="René" WC="1.00" CC="0000"/>
						<SP ID="P103_SP00187" HPOS="2671" VPOS="2806" WIDTH="-1"/>
						<String ID="P103_ST00214" HPOS="2670" VPOS="2752" WIDTH="1" HEIGHT="54" CONTENT="Lyr." WC="0.96" CC="0000"/>
						<SP ID="P103_SP00188" HPOS="2671" VPOS="2806" WIDTH="0"/>
					</TextLine>
				</TextBlock>
				<TextBlock ID="P103_TB00006" HPOS="1306" VPOS="3096" WIDTH="925" HEIGHT="57" STYLEREFS="TXT_2 PAR_CENTER">
					<TextLine ID="P103_TL00028" HPOS="1306" VPOS="3097" WIDTH="925" HEIGHT="56">
						<String ID="P103_ST00215" HPOS="1306" VPOS="3097" WIDTH="314" HEIGHT="56" CONTENT="LETTRE" WC="0.99" CC="013200"/>
						<SP ID="P103_SP00189" HPOS="1620" VPOS="3153" WIDTH="29"/>
						<String ID="P103_ST00216" HPOS="1649" VPOS="3097" WIDTH="109" HEIGHT="54" CONTENT="DE" WC="0.90" CC="20"/>
						<SP ID="P103_SP00190" HPOS="1758" VPOS="3153" WIDTH="32"/>
						<String ID="P103_ST00217" HPOS="1790" VPOS="3097" WIDTH="441" HEIGHT="56" CONTENT="HOLLANDE" WC="1.00" CC="40000010"/>
					</TextLine>
				</TextBlock>
				<TextBlock ID="P103_TB00007" HPOS="2051" VPOS="3258" WIDTH="619" HEIGHT="71" STYLEREFS="TXT_5 PAR_RIGHT">
					<TextLine ID="P103_TL00029" HPOS="2057" VPOS="3261" WIDTH="477" HEIGHT="68">
						<String ID="P103_ST00218" HPOS="2057" VPOS="3261" WIDTH="85" HEIGHT="53" CONTENT="La" WC="0.84" CC="02" STYLEREFS="TXT_6"/>
						<SP ID="P103_SP00191" HPOS="2142" VPOS="3314" WIDTH="209"/>
						<String ID="P103_ST00219" HPOS="2351" VPOS="3261" WIDTH="183" HEIGHT="68" CONTENT="Haye," WC="0.98" CC="41050"/>
					</TextLine>
				</TextBlock>
				<TextBlock ID="P103_TB00008" HPOS="726" VPOS="3397" WIDTH="2094" HEIGHT="317" STYLEREFS="TXT_2 PAR_BLOCK">
					<TextLine ID="P103_TL00030" HPOS="841" VPOS="3399" WIDTH="1978" HEIGHT="74">
						<String ID="P103_ST00220" HPOS="841" VPOS="3399" WIDTH="184" HEIGHT="55" CONTENT="Notre" WC="0.98" CC="60056"/>
						<SP ID="P103_SP00192" HPOS="1025" VPOS="3454" WIDTH="71"/>
						<String ID="P103_ST00221" HPOS="1096" VPOS="3399" WIDTH="196" HEIGHT="58" CONTENT="saison" WC="1.00" CC="000000"/>
						<SP ID="P103_SP00193" HPOS="1292" VPOS="3457" WIDTH="69"/>
						<String ID="P103_ST00222" HPOS="1361" VPOS="3400" WIDTH="292" HEIGHT="57" CONTENT="théâtrale" WC="1.00" CC="006003000"/>
						<SP ID="P103_SP00194" HPOS="1653" VPOS="3457" WIDTH="77"/>
						<String ID="P103_ST00223" HPOS="1730" VPOS="3399" WIDTH="137" HEIGHT="56" CONTENT="s'est" WC="0.98" CC="34300"/>
						<SP ID="P103_SP00195" HPOS="1867" VPOS="3457" WIDTH="75"/>
						<String ID="P103_ST00224" HPOS="1942" VPOS="3407" WIDTH="247" HEIGHT="49" CONTENT="ouverte" WC="0.98" CC="5600505"/>
						<SP ID="P103_SP00196" HPOS="2189" VPOS="3457" WIDTH="87"/>
						<String ID="P103_ST00225" HPOS="2276" VPOS="3402" WIDTH="35" HEIGHT="53" CONTENT="à" WC="1.00" CC="0"/>
						<SP ID="P103_SP00197" HPOS="2311" VPOS="3457" WIDTH="77"/>
						<String ID="P103_ST00226" HPOS="2388" VPOS="3407" WIDTH="170" HEIGHT="50" CONTENT="notre" WC="0.98" CC="62004"/>
						<SP ID="P103_SP00198" HPOS="2558" VPOS="3457" WIDTH="71"/>
						<String ID="P103_ST00227" HPOS="2629" VPOS="3399" WIDTH="190" HEIGHT="74" CONTENT="Opéra" WC="1.00" CC="00002"/>
					</TextLine>
					<TextLine ID="P103_TL00031" HPOS="729" VPOS="3480" WIDTH="2091" HEIGHT="70">
						<String ID="P103_ST00228" HPOS="729" VPOS="3480" WIDTH="195" HEIGHT="70" CONTENT="Royal" WC="1.00" CC="00002"/>
						<SP ID="P103_SP00199" HPOS="924" VPOS="3550" WIDTH="37"/>
						<String ID="P103_ST00229" HPOS="961" VPOS="3480" WIDTH="294" HEIGHT="70" CONTENT="Français." WC="1.00" CC="050300001"/>
						<SP ID="P103_SP00200" HPOS="1255" VPOS="3550" WIDTH="40"/>
						<String ID="P103_ST00230" HPOS="1295" VPOS="3483" WIDTH="110" HEIGHT="54" CONTENT="Les" WC="1.00" CC="000"/>
						<SP ID="P103_SP00201" HPOS="1405" VPOS="3550" WIDTH="37"/>
						<String ID="P103_ST00231" HPOS="1442" VPOS="3483" WIDTH="215" HEIGHT="56" CONTENT="débuts" WC="0.99" CC="000600"/>
						<SP ID="P103_SP00202" HPOS="1657" VPOS="3550" WIDTH="36"/>
						<String ID="P103_ST00232" HPOS="1693" VPOS="3487" WIDTH="106" HEIGHT="50" CONTENT="ont" WC="0.98" CC="500"/>
						<SP ID="P103_SP00203" HPOS="1799" VPOS="3550" WIDTH="35"/>
						<String ID="P103_ST00233" HPOS="1834" VPOS="3501" WIDTH="73" HEIGHT="35" CONTENT="eu" WC="0.65" CC="06"/>
						<SP ID="P103_SP00204" HPOS="1907" VPOS="3550" WIDTH="56"/>
						<String ID="P103_ST00234" HPOS="1963" VPOS="3480" WIDTH="119" HEIGHT="57" CONTENT="lieu" WC="0.99" CC="0006"/>
						<SP ID="P103_SP00205" HPOS="2082" VPOS="3550" WIDTH="34"/>
						<String ID="P103_ST00235" HPOS="2116" VPOS="3499" WIDTH="136" HEIGHT="38" CONTENT="sous" WC="0.97" CC="0363"/>
						<SP ID="P103_SP00206" HPOS="2252" VPOS="3550" WIDTH="60"/>
						<String ID="P103_ST00236" HPOS="2312" VPOS="3483" WIDTH="324" HEIGHT="56" CONTENT="d'heureux" WC="0.99" CC="035052060"/>
						<SP ID="P103_SP00207" HPOS="2636" VPOS="3550" WIDTH="57"/>
						<String ID="P103_ST00237" HPOS="2693" VPOS="3497" WIDTH="96" HEIGHT="39" CONTENT="aus" SUBS_TYPE="HypPart1" SUBS_CONTENT="auspices" WC="0.98" CC="060"/>
						<HYP HPOS="2789" VPOS="3497" WIDTH="31" CONTENT="-"/>
					</TextLine>
					<TextLine ID="P103_TL00032" HPOS="727" VPOS="3558" WIDTH="2090" HEIGHT="76">
						<String ID="P103_ST00238" HPOS="727" VPOS="3558" WIDTH="157" HEIGHT="72" CONTENT="pices" SUBS_TYPE="HypPart2" SUBS_CONTENT="auspices" WC="0.99" CC="50000"/>
						<SP ID="P103_SP00208" HPOS="884" VPOS="3630" WIDTH="22"/>
						<String ID="P103_ST00239" HPOS="906" VPOS="3559" WIDTH="104" HEIGHT="69" CONTENT=";la" WC="0.89" CC="900"/>
						<SP ID="P103_SP00209" HPOS="1010" VPOS="3630" WIDTH="45"/>
						<String ID="P103_ST00240" HPOS="1055" VPOS="3560" WIDTH="238" HEIGHT="71" CONTENT="plupart" WC="0.99" CC="0060050"/>
						<SP ID="P103_SP00210" HPOS="1293" VPOS="3631" WIDTH="49"/>
						<String ID="P103_ST00241" HPOS="1342" VPOS="3564" WIDTH="99" HEIGHT="55" CONTENT="des" WC="0.98" CC="040"/>
						<SP ID="P103_SP00211" HPOS="1441" VPOS="3631" WIDTH="72"/>
						<String ID="P103_ST00242" HPOS="1513" VPOS="3559" WIDTH="441" HEIGHT="75" CONTENT="pensionnaires" WC="1.00" CC="0000000300200"/>
						<SP ID="P103_SP00212" HPOS="1954" VPOS="3634" WIDTH="70"/>
						<String ID="P103_ST00243" HPOS="2024" VPOS="3564" WIDTH="71" HEIGHT="55" CONTENT="de" WC="1.00" CC="00"/>
						<SP ID="P103_SP00213" HPOS="2095" VPOS="3634" WIDTH="67"/>
						<String ID="P103_ST00244" HPOS="2162" VPOS="3568" WIDTH="169" HEIGHT="51" CONTENT="notre" WC="0.99" CC="02050"/>
						<SP ID="P103_SP00214" HPOS="2331" VPOS="3634" WIDTH="68"/>
						<String ID="P103_ST00245" HPOS="2399" VPOS="3567" WIDTH="210" HEIGHT="67" CONTENT="troupe" WC="0.98" CC="034703"/>
						<SP ID="P103_SP00215" HPOS="2609" VPOS="3634" WIDTH="48"/>
						<String ID="P103_ST00246" HPOS="2657" VPOS="3560" WIDTH="160" HEIGHT="57" CONTENT="vient" WC="1.00" CC="00000"/>
					</TextLine>
					<TextLine ID="P103_TL00033" HPOS="732" VPOS="3639" WIDTH="2085" HEIGHT="75">
						<String ID="P103_ST00247" HPOS="732" VPOS="3639" WIDTH="184" HEIGHT="57" CONTENT="d'être" WC="0.99" CC="010050"/>
						<SP ID="P103_SP00216" HPOS="916" VPOS="3696" WIDTH="37"/>
						<String ID="P103_ST00248" HPOS="953" VPOS="3640" WIDTH="342" HEIGHT="57" CONTENT="rencuvelée" WC="0.76" CC="0043602205"/>
						<SP ID="P103_SP00217" HPOS="1295" VPOS="3697" WIDTH="38"/>
						<String ID="P103_ST00249" HPOS="1333" VPOS="3648" WIDTH="58" HEIGHT="49" CONTENT="et" WC="1.00" CC="00"/>
						<SP ID="P103_SP00218" HPOS="1391" VPOS="3697" WIDTH="37"/>
						<String ID="P103_ST00250" HPOS="1428" VPOS="3642" WIDTH="82" HEIGHT="57" CONTENT="les" WC="0.99" CC="001"/>
						<SP ID="P103_SP00219" HPOS="1510" VPOS="3699" WIDTH="37"/>
						<String ID="P103_ST00251" HPOS="1547" VPOS="3658" WIDTH="315" HEIGHT="42" CONTENT="nouveaux" WC="0.99" CC="61700060"/>
						<SP ID="P103_SP00220" HPOS="1862" VPOS="3700" WIDTH="40"/>
						<String ID="P103_ST00252" HPOS="1902" VPOS="3642" WIDTH="323" HEIGHT="58" CONTENT="débutants" WC="1.00" CC="030700001"/>
						<SP ID="P103_SP00221" HPOS="2225" VPOS="3700" WIDTH="37"/>
						<String ID="P103_ST00253" HPOS="2262" VPOS="3649" WIDTH="106" HEIGHT="51" CONTENT="ont" WC="1.00" CC="000"/>
						<SP ID="P103_SP00222" HPOS="2368" VPOS="3700" WIDTH="38"/>
						<String ID="P103_ST00254" HPOS="2406" VPOS="3662" WIDTH="137" HEIGHT="52" CONTENT="reçu" WC="0.98" CC="3006"/>
						<SP ID="P103_SP00223" HPOS="2543" VPOS="3714" WIDTH="36"/>
						<String ID="P103_ST00255" HPOS="2579" VPOS="3661" WIDTH="148" HEIGHT="53" CONTENT="pour" WC="0.97" CC="0564"/>
						<SP ID="P103_SP00224" HPOS="2727" VPOS="3714" WIDTH="34"/>
						<String ID="P103_ST00256" HPOS="2761" VPOS="3640" WIDTH="56" HEIGHT="55" CONTENT="la" WC="0.78" CC="04"/>
					</TextLine>
				</TextBlock>
				<ComposedBlock ID="P103_CB00001" HPOS="1728" VPOS="1088" WIDTH="86" HEIGHT="84" STYLEREFS="TXT_7 PAR_LEFT" TYPE="Illustration">
					<GraphicalElement ID="P103_CB00001_SUB" HPOS="1728" VPOS="1088" WIDTH="86" HEIGHT="84"/>
				</ComposedBlock>
				<ComposedBlock ID="P103_CB00002" HPOS="1692" VPOS="2847" WIDTH="85" HEIGHT="84" STYLEREFS="TXT_7 PAR_LEFT" TYPE="Illustration">
					<GraphicalElement ID="P103_CB00002_SUB" HPOS="1692" VPOS="2847" WIDTH="85" HEIGHT="84"/>
				</ComposedBlock>
			</PrintSpace>
		</Page>
	</Layout>
</alto>
