2979 4412
1093 178 261 42 BRUNO'S
1415 178 266 42 WEEKLY

2698 178 102 47 961

56 2410 87 40 Pen
166 2412 82 38 and
270 2412 66 38 ink
360 2411 136 38 sketch
521 2410 46 47 by
590 2409 150 48 Joseph
765 2399 175 58 Pennel,
965 2399 100 58 from
1091 2410 65 37 the
1182 2409 174 48 original
1380 2409 38 38 in
1453 2410 65 38 the
1543 2417 218 39 possession
1791 2406 41 47 of
1857 2400 113 43 J.F.
1994 2399 242 47 McCarthy

56 2564 139 50 desire,
218 2564 135 42 which
379 2564 30 41 is
432 2564 67 41 the
524 2575 180 30 treasure
728 2564 43 41 of
795 2563 96 52 gold
917 2564 79 40 and
1021 2562 199 42 emeralds
1244 2561 171 42 beneath

56 2623 68 41 the
149 2623 265 41 foundations
438 2623 42 40 of
506 2623 79 40 this
609 2623 248 40 marvellous
882 2623 92 49 city.
1032 2623 83 39 But
1140 2622 117 40 make
1282 2621 133 40 haste!

56 2682 117 41 make
200 2682 132 41 haste!
374 2682 118 41 make

112 2752 98 40 And
235 2752 68 40 she
328 2752 97 49 said,
626 2767 63 24 me
716 2761 40 30 to
783 2750 71 51 thy

111 2810 99 41 And
236 2810 121 41 when
383 2810 68 41 she
477 2810 210 50 perceived
714 2810 84 40 him
824 2809 68 41 she
918 2810 121 40 knew
1065 2808 89 41 that
1181 2809 32 39 it
1238 2823 84 27 was
1350 2807 68 41 the

56 2869 111 40 Man
193 2869 94 41 who
312 2869 80 41 had
418 2869 118 40 loved
562 2869 71 40 her
659 2869 40 39 in
726 2868 69 41 the
818 2877 101 41 past,
948 2869 80 39 and
1054 2867 68 41 she
1149 2867 104 49 said,

56 2928 100 40 thou
181 2938 72 30 not
277 2927 125 42 know
1075 2944 5 24 \

111 2986 98 41 And
240 2985 49 42 he
319 2986 222 47 answered,
867 2985 101 40 have
1000 2985 17 40 I
1049 2999 91 26 seen
1171 2984 90 40 thee
1291 2984 73 40 but
1396 2984 19 40 I

56 3045 97 40 dare
183 3055 72 30 not
284 3044 117 40 think
430 3060 52 24 on
513 3044 113 41 what
656 3044 195 40 occasion.
913 3043 201 50 Mayhap,
1147 3043 31 40 it
1207 3058 85 25 was
1323 3053 43 30 at
1395 3058 22 24 a

55 3102 131 42 better
216 3104 97 40 time
342 3102 43 41 of
416 3102 72 41 life
518 3102 98 42 than

111 3161 99 41 And
242 3161 68 41 she
341 3177 101 34 gave
473 3177 23 24 a
527 3161 108 40 little
665 3176 82 35 cry,
779 3161 152 50 saying,
1154 3160 109 40 didst
1293 3159 123 41 know

54 3236 64 24 me
145 3220 43 40 of
214 3220 70 40 old
312 3220 80 40 and
421 3220 18 40 I
469 3220 194 40 returned
692 3219 70 51 thy

110 3278 125 41 Then
261 3278 49 41 he
334 3278 122 41 knew
479 3278 73 40 her
577 3278 80 40 and
682 3287 122 39 wept,
832 3278 153 49 crying,
1180 3276 99 41 thou
1305 3292 112 25 come

54 3347 41 30 to
118 3337 128 50 single
266 3352 65 25 me
352 3347 72 31 out
445 3337 41 40 in
508 3352 66 35 my
595 3335 327 42 wretchedness?
975 3335 170 48 Behold,
1173 3336 17 39 I
1216 3351 65 24 am
1303 3335 115 50 King

53 3396 44 40 of
130 3395 192 41 Pleasure
350 3395 94 41 who
475 3405 108 31 must
614 3396 63 39 die
708 3410 98 25 even
837 3410 41 24 as
908 3394 117 40 other
1056 3393 99 41 folk.
1218 3393 91 41 Oh!
1343 3394 73 40 but

53 3453 124 42 while
200 3455 32 39 it
254 3469 84 26 was
363 3454 121 41 dawn
512 3454 17 39 I
556 3453 160 41 feasted
741 3453 80 40 and
846 3453 131 40 drank

109 3512 99 42 And
233 3512 67 41 the
322 3513 185 41 Woman
531 3512 85 40 said
640 3511 126 51 sadly,
931 3511 99 41 thou
1056 3511 108 41 didst
1188 3511 133 50 plight
1345 3511 73 50 thy

52 3572 152 41 service
225 3581 42 31 to
289 3570 111 43 God.
449 3570 160 43 Where
628 3585 85 27 was
734 3570 72 50 thy

110 3630 98 41 And
247 3629 48 41 he
333 3630 210 41 ansKvered
582 3629 72 40 her
689 3627 157 52 wildly,
1080 3627 107 42 shalt
1225 3627 86 42 find
1349 3644 68 34 my

52 3689 232 41 conscience
310 3688 108 41 after
445 3688 18 40 I
491 3688 76 48 die,
595 3687 100 41 thou
720 3686 107 42 shalt
853 3686 86 42 find
966 3687 43 48 it,
1039 3687 17 40 I
1317 3686 99 42 And

53 3763 43 25 so
120 3747 151 51 saying,
298 3747 49 40 he
371 3746 132 41 closed
529 3746 61 40 his
614 3761 87 35 eyes
726 3746 80 41 and
830 3745 66 51 lay
920 3745 112 41 stark
1056 3746 40 40 in
1122 3746 135 40 death.

110 3805 125 41 Then
268 3805 67 41 the
365 3806 185 40 Woman
583 3805 101 40 bade
715 3804 68 41 the
814 3814 132 31 mutes
978 3804 91 41 take
1101 3804 64 41 his
1198 3804 106 51 body
1335 3805 81 40 and

56 3866 130 40 divest
216 3864 85 41 him
332 3864 44 40 of
407 3863 60 41 his
501 3864 186 40 raiment.
748 3862 97 42 And
877 3862 68 42 she
976 3873 110 39 wept
1117 3862 121 42 when
1270 3863 49 41 he
1351 3863 66 51 lay

1481 2560 139 41 before
1643 2559 84 49 her,
1752 2558 66 40 for
1841 2556 167 41 behold!
2034 2555 113 41 there
2169 2568 85 27 was
2277 2568 52 25 no
2353 2562 92 40 part
2468 2551 43 41 of
2535 2551 84 41 him
2643 2550 90 41 that
2756 2565 85 26 was

1482 2629 72 32 not
1582 2618 137 41 seared
1747 2616 104 42 with
1880 2625 159 31 torture
2068 2613 79 41 and
2176 2611 197 51 agonized
2401 2609 104 43 with
2533 2609 250 42 mutilation.

1538 2677 98 40 And
1662 2676 68 40 she
1755 2675 129 41 kissed
1911 2674 60 40 his
1995 2671 144 42 mouth
2166 2670 80 42 and
2272 2669 108 41 cried
2407 2668 123 42 aloud
2556 2669 42 40 in
2624 2667 71 42 her
2720 2667 119 49 grief,

1482 2736 151 50 saying,
1885 2732 90 41 that
2003 2731 100 40 thou
2133 2730 119 40 hadst
2280 2728 138 50 stayed
2447 2728 41 39 in
2518 2726 71 51 thy
2617 2726 121 41 lesser
2766 2726 75 49 sin,

1483 2793 41 42 O
1551 2809 67 35 my
1645 2793 124 48 Love,
1796 2791 80 41 and
1903 2790 19 40 I
1950 2790 40 40 in
2016 2804 68 35 my
2108 2787 168 50 happier

2099 2858 168 42 Samuel
2289 2856 210 41 Loveman

1482 2968 67 34 An
1577 2965 250 42 Awakening

1619 3037 43 40 O,
1689 3035 81 42 sing
1799 3047 42 22 us
1869 3046 21 22 a
1917 3032 153 43 stirring
2098 3044 89 30 song

1668 3094 97 34 That
1787 3092 82 35 will
1894 3090 151 45 quicken
2071 3102 66 23 our
2161 3089 167 43 sluggish
2351 3088 128 44 pulse;

1622 3152 97 34 That
1746 3151 83 34 will
1856 3156 89 37 spur
1973 3151 59 33 the
2060 3148 122 35 world
2211 3148 112 42 along

1662 3210 88 34 And
1771 3208 87 43 give
1880 3220 41 23 us
1945 3220 22 23 a
1989 3206 103 44 fresh
2116 3205 166 44 impulse.

1616 3328 32 33 A
1675 3338 89 30 song
1789 3335 66 24 our
1877 3324 99 35 souls
2000 3330 33 28 to
2059 3323 151 39 awake;

1667 3382 130 36 Which
1821 3382 83 35 will
1929 3382 91 34 burn
2046 3380 73 35 like
2143 3392 23 23 a
2189 3385 107 37 great
2318 3377 178 45 wildfire;

1616 3442 160 35 Breathe
1802 3441 93 43 hope
1921 3453 58 21 we
2004 3439 82 35 will
2113 3450 114 23 never
2251 3436 173 45 forsake;

1663 3500 87 35 And
1775 3498 83 44 ring
1884 3497 40 45 of
1948 3510 23 22 a
1997 3497 93 44 lofty
2115 3495 132 36 desire.

1622 3617 98 35 Tfiat
1739 3615 83 35 will
1844 3614 87 44 give
1954 3626 21 22 a
1999 3626 82 22 new
2105 3612 99 36 lease
2229 3610 39 45 of
2291 3610 79 45 life,

1663 3677 44 32 In
1729 3673 122 36 which
1873 3685 57 22 we
1933 3674 9 14 f
1944 3672 25 35 d
1989 3670 78 44 join
2091 3683 41 23 as
2156 3682 23 23 a
2203 3668 122 42 choir;

1622 3735 53 33 To
1705 3732 129 36 bankh
1864 3731 135 35 earths'
2027 3728 157 44 anguish
2213 3727 75 35 and
2314 3725 131 46 strife;

1663 3792 32 34 A
1722 3802 91 31 song
1838 3789 79 36 that
1942 3801 66 22 our
2033 3788 124 34 hearts
2180 3784 84 36 will
2285 3784 79 45 fire.

2181 3855 111 34 Flora
2315 3855 50 34 H.
2393 3852 177 37 Wandell
