2979 4412
1240 189 263 45 BRUNO'S
1563 187 266 44 WEEKLY

164 202 84 41 962

944 291 173 67 Why
1169 288 129 61 and
1353 287 171 61 How
1578 284 24 60 I
1656 283 134 61 Got
1842 279 286 64 Married

345 425 121 40 Many
491 422 181 35 hundred
694 422 154 39 stories,
872 418 104 35 brief
999 418 78 34 and
1100 416 163 42 lengthy
1288 420 202 35 accounts,
1517 413 128 34 arrive
1667 425 120 28 every
1808 410 111 35 week
1941 417 41 27 at
2001 410 68 34 the
2091 408 97 35 desk
2210 408 43 35 of
2275 421 74 21 our
2372 408 165 33 Contest
2558 405 148 35 Editor.
2744 405 104 34 Most

234 483 42 34 of
295 482 109 35 them
424 481 135 42 testify
578 480 89 34 that
686 479 209 41 marriage,
918 490 100 21 even
1039 478 42 33 in
1100 488 74 22 our
1196 472 299 42 commonplace
1517 484 86 28 age,
1625 482 206 30 preserves
1852 470 48 33 its
1921 469 66 34 old
2008 481 188 21 romance
2218 467 79 33 and
2316 461 89 39 that
2422 472 42 27 to
2486 464 123 34 relate
2631 477 24 20 a
2676 469 109 35 story
2806 462 42 33 of

234 541 90 34 how
346 538 268 37 Grandfather
635 538 98 34 took
757 535 292 37 Grandmother
1072 546 118 29 urges
1212 532 69 34 the
1304 544 80 29 pen
1406 531 84 33 into
1514 529 125 34 hands
1664 534 70 28 not
1757 527 209 34 otherwise
1989 526 210 34 ambitious
2224 524 42 35 of
2287 525 162 40 literary
2473 522 283 34 achievement.
2810 519 38 34 A

235 598 164 34 handful
427 597 43 35 of
494 597 112 34 these
633 597 140 34 stories
799 594 76 35 will
903 594 48 33 be
978 592 150 35 chosen
1153 604 119 28 every
1297 588 112 36 week
1436 587 63 35 for
1523 587 69 35 the
1613 585 158 44 perusal
1794 585 42 34 of
1858 598 73 20 our
1954 584 172 34 readers.

149 718 122 40 Long,
303 715 111 40 Long
441 713 91 41 Ago

146 775 153 92 THE
326 772 112 42 thirty
463 782 109 31 years
599 769 95 34 since
723 767 27 33 it
776 767 205 42 happened,
1011 776 113 22 seems
1152 767 64 29 but
1240 767 205 37 yesterday,
1475 771 38 21 so

276 830 146 43 vividly
451 830 67 33 has
548 839 162 30 memory
740 825 188 43 engraved
957 824 80 33 that
1065 821 85 35 time
1182 832 95 30 upon
1307 831 59 30 my
1397 819 115 32 heart.

146 893 16 33 I
194 903 79 23 was
305 889 167 44 eighteen
503 887 108 35 when
642 886 79 33 first
750 896 56 23 we
839 890 81 34 met,
952 882 75 41 just
1056 880 59 34 the
1147 878 178 42 ordinary
1355 884 82 35 type
1470 875 39 33 of

144 948 202 35 American
371 946 201 44 girl-hood,
599 943 198 44 grey-eyed
825 941 72 33 and
924 938 290 35 fresh-cheeked.
1264 937 67 41 He,
1358 941 131 35 twenty-

142 1009 105 33 three
272 1007 71 33 and
369 1006 74 41 just
468 1003 150 34 arrived
643 1002 98 33 from
764 1000 56 34 his
845 998 124 35 native
996 999 149 32 France.

192 1065 152 42 Widely
397 1061 181 42 traveled,
634 1058 178 45 speaking
866 1056 145 36 several
1067 1054 172 35 different
1294 1052 215 42 languages,

149 1123 177 44 (English
361 1128 62 28 not
458 1119 190 42 included)
693 1115 275 43 immaculately
1004 1114 160 41 dressed,
1201 1110 72 35 this
1308 1110 200 33 handsome

141 1190 174 34 stranger
347 1180 90 34 with
469 1178 56 34 his
557 1177 143 42 courtly
732 1174 205 42 attentions,
969 1171 152 35 thrilled
1153 1182 56 22 me
1243 1181 39 22 as
1313 1169 59 33 the
1403 1167 106 34 blunt

141 1241 174 33 kindness
338 1239 38 33 of
398 1249 60 31 my
479 1236 118 43 jovial
621 1234 199 35 American
843 1234 70 41 boy
934 1230 143 35 friends
1100 1230 73 33 had
1198 1239 113 23 never
1335 1227 104 33 done.

190 1300 16 32 I
235 1299 96 34 have
360 1296 142 42 always
530 1294 189 44 possessed
750 1304 20 21 a
799 1299 126 34 strong
952 1301 102 22 sense
1082 1288 39 33 of
1150 1288 129 33 humor
1316 1285 109 41 (most
1454 1283 37 33 in-

138 1355 223 37 convenient
383 1362 37 26 at
440 1353 124 42 times)
595 1352 71 34 and
691 1362 96 23 some
809 1349 39 34 of
869 1350 59 32 the
952 1347 134 34 absurd
1109 1345 176 34 blunders
1306 1342 121 36 which
1448 1343 59 32 the

141 1427 91 32 poor
259 1414 129 34 fellow
414 1413 107 33 made
548 1411 37 33 in
610 1409 57 34 his
694 1415 169 36 attempts
888 1415 36 26 to
951 1406 112 43 speak
1088 1403 188 42 correctly,
1302 1401 126 34 would
1456 1408 53 26 set

139 1486 60 22 me
224 1481 36 26 to
287 1470 181 45 laughing
494 1467 307 43 uncontrollably.
850 1465 238 41 Whereupon
1115 1463 44 33 he
1185 1460 125 35 would
1338 1459 82 34 look
1447 1459 40 32 be-

143 1531 181 35 wildered
357 1530 70 33 and
458 1530 69 41 beg
555 1535 36 26 to
620 1528 41 32 be
691 1525 197 46 corrected,
918 1534 112 22 never
1060 1520 128 42 taking
1216 1519 136 33 offense
1384 1525 36 25 at
1448 1528 57 30 my

138 1597 97 27 most
258 1588 163 44 impolite
445 1587 177 33 outburst.
670 1586 56 32 He
750 1590 103 36 spent
875 1583 110 32 hours
1008 1579 90 36 with
1121 1580 59 32 the
1205 1576 205 42 dictionary
1435 1575 70 33 and

300 1647 139 34 lessons
479 1644 36 35 in
783 1642 185 39 however.,
1011 1637 171 42 learning
1222 1648 90 30 very
1352 1633 154 43 quickly,

139 1707 76 33 .and
244 1714 38 26 at
306 1706 60 33 the
392 1703 87 35 time
507 1702 38 34 of
572 1714 66 21 our
665 1700 198 42 marriage,
891 1707 73 25 two
990 1709 108 31 years
1126 1695 104 41 later,
1259 1693 107 34 could
1396 1692 111 42 speak

141 1764 155 44 English
322 1763 100 36 well.

188 1824 58 32 He
268 1823 75 33 had
367 1821 111 34 cared
503 1819 60 34 for
587 1830 55 22 me
667 1817 98 34 from
789 1828 67 21 our
880 1815 79 33 first
982 1812 168 43 meeting,
1176 1812 63 32 but
1265 1810 26 33 it
1314 1822 80 22 was
1419 1810 88 40 long

138 1881 131 35 before
300 1881 17 33 I
349 1879 108 35 could
490 1877 136 44 regard
658 1875 76 34 him
766 1886 40 22 as
837 1874 103 33 other
971 1872 89 35 than
1095 1883 20 21 a
1147 1869 135 34 friend.
1336 1869 71 33 But
1438 1878 67 22 one

138 1940 108 43 flight
272 1938 27 35 it
321 1949 102 24 came
449 1945 36 26 to
510 1947 56 23 me
592 1947 90 30 very
707 1932 181 42 suddenly
913 1931 79 35 that
1018 1931 16 32 I
1060 1929 121 41 cared,
1208 1928 110 33 cared
1345 1926 60 33 for
1431 1924 75 34 him

136 2011 45 21 as
206 1999 44 33 he
277 1996 63 34 did
366 1996 60 34 for
451 2007 68 30 me,
547 1994 71 34 and
645 2004 38 23 so
683 2004 105 22 we
813 2002 99 23 were
938 1987 174 35 married.

187 2058 78 32 Our
297 2054 177 43 wedding
503 2053 84 33 took
618 2051 105 43 place
756 2061 66 22 one
855 2048 104 43 night
991 2046 36 34 in
1062 2045 219 43 September,
1316 2041 135 44 during
1484 2053 19 21 a

135 2116 125 41 heavy
289 2114 285 33 thunderstorm.
627 2111 54 32 As
712 2109 26 33 it
766 2119 80 24 was
878 2119 19 21 a
928 2107 104 32 home
1062 2103 187 42 wedding,
1281 2103 15 32 I
1328 2113 101 22 wore
1459 2111 46 22 no

138 2173 87 42 veil,
258 2174 64 32 but
352 2183 60 30 my
444 2171 130 40 heavy,
607 2166 110 37 white
752 2165 69 34 silk
853 2166 102 33 dress
987 2175 80 22 was
1098 2163 107 33 made
1238 2160 91 36 with
1363 2171 20 21 a
1417 2159 87 42 long

134 2229 237 37 court-train.

187 2291 41 32 In
262 2290 59 33 the
353 2286 112 35 midst
496 2286 40 34 of
567 2286 60 33 the
660 2294 201 31 ceremony,
893 2280 113 36 while
1041 2277 185 46 lightning
1258 2277 139 34 flashed
1432 2276 72 33 and

134 2349 162 34 thunder
329 2346 146 41 roared,
508 2352 74 27 two
614 2342 113 36 white
759 2342 155 42 Angora
947 2346 87 35 cats,
1069 2337 135 34 decked
1237 2337 46 34 bv
1315 2347 60 31 my
1408 2333 94 35 little

138 2407 116 41 sister,
294 2406 89 35 with
420 2403 125 43 bright
582 2412 111 33 green
733 2399 148 34 ribbons
920 2398 36 33 in
994 2398 115 33 honor
1148 2395 39 34 of
1225 2395 59 33 the
1323 2392 178 42 occasion,

136 2465 176 35 marched
341 2462 159 45 gravely
530 2460 36 34 in
598 2460 72 33 and
701 2466 57 26 sat
787 2469 97 31 upon
913 2457 60 33 the
1003 2453 164 45 opposite
1197 2464 148 23 corners
1376 2451 39 33 of
1446 2462 59 31 my

136 2525 90 41 long
247 2522 110 42 train,
381 2519 209 43 remaining
611 2519 101 33 there
736 2516 92 35 until
851 2516 59 33 the
935 2513 139 36 service
1098 2525 79 22 was
1200 2523 99 22 over.

746 2576 86 33 I.S.
861 2574 86 42 (Los
969 2572 176 42 Angeles,
1169 2570 98 42 Cal.)

134 2674 96 35 Real
259 2674 104 33 Love

136 2733 84 93 IT
242 2744 80 23 was
348 2743 21 22 a
395 2730 131 35 second
550 2728 97 35 class
671 2728 95 40 boat,
792 2727 63 32 but
878 2726 59 33 the
962 2725 79 33 best
1066 2725 15 31 I
1108 2721 107 35 could
1242 2721 131 33 afford.
1422 2719 81 33 The

229 2791 69 34 tall
326 2800 125 33 young
479 2786 156 45 English
666 2796 103 31 army
797 2784 119 34 officer
945 2794 80 24 was
1054 2782 60 33 the
1144 2787 93 26 most
1265 2777 238 44 conspicuous

134 2851 119 42 Jigure
282 2860 46 22 on
356 2848 128 41 board,
517 2846 71 33 and
618 2845 107 33 much
754 2843 131 43 sought
915 2841 96 34 after
1039 2841 47 41 by
1116 2839 50 33 all
1196 2839 60 33 the
1286 2837 92 44 girls
1409 2835 91 35 until

134 2909 44 34 he
220 2907 148 35 refused
410 2906 50 34 all
500 2904 95 35 their
634 2909 201 28 overtures.
896 2900 108 33 Then
1042 2899 84 42 they
1164 2899 119 41 began
1321 2904 36 25 to
1395 2895 105 33 make

129 2966 178 43 sneering
330 2965 175 34 remarks.
665 2961 96 42 God,
784 2961 43 32 he
850 2970 121 23 wears
995 2970 21 21 a
1039 2955 223 43 decoration,
1284 2956 84 33 how
1392 2953 108 34 could

134 3027 44 33 he
205 3027 42 32 be
277 3024 172 43 expected
476 3030 36 26 to
541 3020 112 44 speak
681 3027 35 26 to
887 3019 44 32 So
959 3029 55 23 we
1042 3027 99 24 were
1169 3015 86 33 both
1284 3012 216 41 ostracized,

129 3085 59 41 he,
218 3085 154 32 because
400 3082 84 41 they
510 3079 155 43 thought
692 3078 74 33 him
795 3089 20 21 a
844 3077 88 32 snob
962 3075 71 33 and
1063 3076 16 31 I
1107 3074 155 33 because
1290 3072 84 42 they
1401 3083 99 22 were

131 3144 111 33 snobs
242 3142 122 33 and
398 3152 60 30 my
489 3139 139 34 clothes
660 3148 99 24 were
792 3147 99 22 more
925 3134 89 33 than
1048 3132 149 41 shabby.
1254 3132 32 32 It
1317 3142 80 23 was
1429 3128 71 35 this

128 3200 180 35 situation
336 3198 122 36 which
486 3198 104 34 drew
620 3208 41 22 us
689 3194 177 44 together.

180 3261 57 33 He
268 3257 80 35 said
380 3259 15 31 I
426 3257 129 33 looked
587 3252 239 45 sympathetic
856 3252 71 33 and
959 3263 38 21 so
1027 3250 138 33 started
1194 3256 36 26 to
1259 3247 65 34 tell
1354 3259 56 21 me
1440 3246 58 34 the

128 3327 104 33 story
265 3318 39 33 of
336 3317 84 33 how
453 3316 43 33 he
529 3313 194 44 happened
757 3320 36 25 to
826 3312 42 32 be
905 3309 139 35 aboard
1079 3308 71 34 this
1183 3308 150 32 obscure
1367 3304 131 36 vessel.

130 3378 36 33 It
191 3388 80 24 was
300 3387 20 22 a
347 3373 162 45 pathetic
535 3372 86 35 tale.
673 3372 33 33 It
733 3370 138 34 started
900 3368 36 33 in
964 3367 108 34 India
1100 3367 124 34 where
1254 3366 42 32 he
1325 3365 74 33 had
1427 3371 73 26 met

134 3436 72 33 and
235 3436 145 33 become
411 3432 167 43 engaged
607 3438 37 26 to
673 3441 20 22 a
722 3428 76 34 fair
828 3426 197 36 Canadian
1053 3424 149 35 heiress.
1254 3424 96 34 Two
1378 3423 121 34 weeks

126 3494 132 34 before
280 3494 45 33 he
347 3492 73 35 had
443 3502 100 23 come
564 3500 89 24 over
674 3496 36 26 to
733 3485 188 36 Montreal
945 3493 36 26 to
1003 3496 126 31 marry
1150 3483 76 34 her.
1272 3483 106 41 They
1399 3493 99 23 were

127 3554 110 33 much
261 3549 229 37 entertained
517 3549 71 33 and
613 3546 159 44 deluged
795 3544 93 37 with
910 3543 101 44 gifts.
1060 3544 56 32 On
1140 3542 60 33 the
1227 3540 207 44 eighteenth
1460 3540 38 33 of

131 3612 86 42 July
246 3623 20 22 a
293 3621 167 31 message
486 3619 101 22 came
616 3606 97 33 from
740 3605 59 33 the
826 3604 95 34 War
949 3602 121 34 Office.
1121 3602 57 32 He
1206 3607 95 26 must
1328 3599 82 34 take
1439 3599 59 33 the

128 3678 88 27 next
240 3670 87 33 boat
352 3668 116 34 home.
517 3666 125 33 There
668 3675 98 23 were
794 3673 142 23 rumors
963 3661 39 33 of
1027 3672 92 23 war.
1169 3661 57 32 He
1253 3666 95 28 must
1376 3665 124 35 report

132 3737 37 26 at
199 3740 97 23 once.

177 3789 78 32 Our
280 3785 93 35 little
399 3784 129 35 second
555 3789 99 26 rater
679 3780 116 34 sailed
822 3788 36 25 at
881 3787 59 25 ten
965 3777 134 35 o'clock
1123 3788 45 22 on
1192 3777 59 33 the
1277 3775 221 34 nineteenth.

129 3847 83 34 The
241 3843 178 44 wedding
445 3854 79 23 was
552 3849 36 26 to
616 3841 43 33 be
689 3847 37 26 at
754 3837 88 44 high
870 3848 106 22 noon.
1030 3837 68 33 She
1127 3835 125 34 would
1282 3842 62 26 not
1372 3845 125 30 marry

126 3906 79 33 him
237 3916 68 22 one
336 3902 131 35 second
500 3899 147 42 earlier,
680 3897 30 33 if
741 3898 44 32 he
817 3896 63 34 did
912 3904 62 25 not
1006 3894 149 43 disobey
1186 3893 56 34 his
1274 3894 128 33 orders
1436 3893 60 33 she

1578 698 125 35 would
1731 705 61 26 not
1818 708 126 31 marry
1970 696 75 33 him
2073 704 36 26 at
2137 696 63 33 all.
2251 697 56 32 He
2334 695 78 34 told
2438 696 59 33 the
2526 702 98 34 story
2650 693 92 36 with
2768 706 38 21 so
2833 694 106 33 much

1579 756 141 43 feeling
1749 757 79 32 that
1855 755 108 34 when
1994 755 43 33 he
2068 754 166 42 finished,
2265 755 15 32 I
2311 766 79 22 was
2418 752 171 44 weeping
2620 752 122 42 softly.
2773 753 57 32 He
2860 763 79 24 was

1579 827 82 20 sure
1696 814 61 33 she
1791 814 125 34 would
1950 825 113 23 never
2098 811 220 35 relenthis
2352 813 105 38 he,art
2489 823 79 23 was
2601 811 248 33 brokenbut
2881 821 58 31 my

1578 873 192 41 sympathy
1794 872 143 42 helped.

1622 932 16 32 I
1663 931 69 33 felt
1755 943 82 21 sure
1861 931 80 33 that
1964 931 61 32 she
2049 941 79 24 was
2153 941 103 30 sorry
2282 929 154 42 already
2462 929 70 32 and
2558 927 125 34 would
2709 938 87 22 soon
2821 934 58 35 try
2903 934 35 26 to

1577 990 42 32 be
1656 988 224 42 reconciled;
1917 989 63 33 but
2014 990 15 31 I
2067 988 78 33 also
2180 988 105 34 knew
2319 987 60 34 the
2415 985 216 44 impression
2666 997 59 31 my
2759 997 180 31 generous

1578 1047 192 42 sympathy
1801 1047 74 33 had
1909 1047 118 33 made.
2083 1047 16 32 I
2131 1058 80 23 was
2242 1045 56 34 his
2329 1044 90 37 wife
2450 1045 108 35 when
2591 1045 64 32 her
2689 1044 105 33 letter
2826 1054 112 30 came,

1575 1105 130 42 asking
1731 1105 243 43 forgiveness.
2026 1106 15 32 I
2071 1116 58 22 am
2156 1105 181 33 confident
2364 1105 42 32 he
2435 1105 66 31 has
2528 1115 113 22 never
2669 1103 183 42 regretted
2881 1101 56 34 his

2310 1164 117 33 L.M.
2458 1162 11 42 (
2478 1161 179 43 Chicago)

1571 1163 133 34 choice.

1571 1233 37 33 A
1630 1233 212 34 Minister's
1862 1232 206 42 Daughter

1572 1297 80 76 A
1699 1291 156 33 FLASH
1888 1291 38 33 of
1960 1303 46 28 ai
2038 1291 255 42 introduction,
2329 1291 70 33 and
2432 1290 90 35 with
2555 1289 51 33 all
2639 1300 58 31 my
2728 1289 106 33 heart
2867 1289 70 32 and

1714 1348 76 34 soul
1815 1350 16 32 I
1855 1349 108 35 loved
1987 1350 59 33 the
2069 1361 85 22 man
2176 1350 93 41 who,
2294 1349 99 43 eight
2415 1349 143 33 months
2581 1348 105 42 later,
2709 1348 148 33 became
2880 1358 59 30 my

1573 1418 188 35 husband!
1817 1417 160 32 Because
2006 1414 45 33 he
2082 1413 30 33 is
2142 1411 75 34 still
2248 1423 59 30 my
2336 1409 156 35 devoted
2523 1420 67 22 one
2620 1409 16 31 I
2669 1413 148 27 recount
2846 1404 90 35 with

1573 1477 105 43 pride
1706 1477 58 32 the
1794 1482 97 34 story
1917 1473 39 33 of
1984 1484 66 21 our
2079 1471 83 34 love
2191 1470 72 33 and
2292 1468 198 42 marriage.

1618 1536 82 32 The
1730 1533 182 43 daughter
1941 1531 39 33 of
2011 1542 20 22 a
2059 1527 259 44 Presbyterian
2347 1526 165 33 minister
2542 1524 30 33 is
2601 1532 60 25 not
2691 1524 140 41 always
2860 1521 57 34 cal-

1572 1594 145 33 culated
1745 1599 36 26 to
1808 1592 43 33 be
1881 1602 19 21 a
1929 1590 149 33 demure
2108 1588 70 33 and
2208 1585 136 43 saintly
2370 1592 178 33 creature,
2577 1595 66 20 nor
2669 1594 79 22 was
2776 1582 27 32 I.
2857 1582 78 31 One

1573 1654 92 39 June
1701 1650 194 34 afternoon
1928 1648 116 33 found
2079 1658 55 21 me
2171 1644 124 42 riding
2328 1651 61 26 out
2422 1651 35 25 to
2492 1642 144 42 Target
2669 1639 174 34 Practice.
2901 1640 34 31 A

1573 1709 129 43 simple
1729 1708 78 43 pull
1835 1715 36 25 at
1894 1707 59 33 the
1980 1705 98 34 latch
2104 1703 118 44 string
2246 1703 39 33 of
2313 1715 20 20 a
2358 1701 62 43 big
2445 1709 85 34 gate
2555 1700 159 42 brought
2739 1710 60 30 my
2824 1698 110 40 steed,

1573 1768 88 35 with
1687 1779 55 22 me
1770 1774 95 34 atop,
1893 1765 74 33 into
1992 1765 60 32 the
2079 1770 92 26 most
2195 1760 211 37 wonderful
2434 1759 99 33 farm
2558 1759 94 42 yard
2679 1759 16 31 I
2724 1757 95 33 have
2848 1767 87 23 ever

1572 1838 95 22 seen.
1721 1825 124 33 There
1877 1823 37 33 in
1945 1833 180 32 company
2154 1819 91 36 with
2276 1818 154 42 friends,
2464 1817 102 34 stood
2596 1816 59 33 the
2688 1825 85 24 man
2805 1814 40 34 of
2876 1825 59 31 my

1571 1884 171 44 girlhood
1771 1884 158 32 dreams.
1979 1882 71 33 We
2076 1880 74 33 had
2177 1879 91 33 been
2295 1876 215 34 introduced
2540 1876 72 33 and
2639 1886 99 23 were
2768 1872 165 44 engaged

1572 1943 35 33 in
1634 1940 257 36 conversation
1917 1939 127 34 before
2071 1939 59 32 the
2159 1937 61 34 old
2248 1936 99 34 farm
2373 1942 84 36 gate
2485 1934 73 33 had
2587 1944 131 31 swung
2744 1931 71 34 full
2844 1930 91 34 back

1571 2013 46 22 on
1641 2001 44 33 its
1709 1999 139 44 hinges.
1895 1999 109 33 Later
2028 1999 16 31 I
2069 1996 152 34 learned
2245 1994 80 34 that
2347 2005 59 31 my
2429 1995 136 31 Romeo
2588 2003 79 22 was
2691 1991 60 32 the
2777 1989 153 43 rightful

1571 2071 185 32 possessor
1782 2058 39 33 of
1848 2069 20 22 a
1893 2057 149 33 fiancee.
2089 2055 81 33 The
2196 2065 68 22 one
2290 2063 114 32 query
2428 2051 121 35 which
2575 2050 148 34 entered
2749 2060 59 31 my
2833 2047 101 34 mind

1570 2130 78 22 was
1801 2124 36 26 to
1860 2123 61 36 get
1944 2114 56 34 rid
2025 2114 39 33 of
2088 2114 64 33 her
2246 2112 87 33 Fate
2359 2109 154 35 loitered
2541 2109 140 33 around
2707 2108 59 33 the
2791 2107 144 42 Target

1572 2178 71 32 and
1668 2184 36 26 to
1727 2175 75 36 win
1827 2174 102 34 there
1954 2180 124 27 meant
2100 2180 37 25 to
2160 2170 75 36 win
2261 2170 97 33 from
2384 2170 75 40 her,
2484 2168 60 34 the
2568 2166 113 44 prize.

1616 2236 15 32 I
1660 2235 73 33 had
1761 2241 62 26 not
1847 2240 60 35 yet
1933 2232 89 33 been
2050 2229 214 35 considered
2295 2239 45 23 an
2370 2226 179 36 excellent
2575 2225 222 40 marksman,
2826 2224 63 33 but
2917 2224 15 32 I

1570 2294 73 33 had
1669 2304 113 23 never
1806 2291 127 34 before
1959 2289 70 35 felt
2051 2289 60 34 the
2137 2286 181 35 incentive
2343 2293 36 26 to
2404 2293 68 35 try.
2521 2285 16 32 I
2564 2283 139 43 opened
2729 2283 59 33 the
2816 2289 118 35 sports

1570 2354 46 40 by
1646 2349 134 45 hitting
1808 2351 60 33 the
1900 2348 131 34 "bull's
2178 2347 101 33 three
2310 2344 105 34 times
2446 2343 36 33 in
2514 2341 221 36 succession!

1616 2411 67 41 My
1707 2409 124 34 future
1857 2407 167 34 husband
2052 2406 87 33 rode
2165 2405 104 33 home
2294 2403 91 35 with
2410 2414 67 21 me.
2525 2401 70 35 We
2620 2412 98 24 were
2744 2407 58 26 too
2827 2399 106 33 much

1571 2469 178 33 absorbed
1777 2467 35 33 in
1841 2465 231 35 affectionate
2098 2464 155 42 thought
2278 2470 35 25 to
2338 2461 87 41 talk,
2452 2462 63 32 but
2541 2472 55 21 we
2624 2458 128 44 signed
2781 2469 20 21 a
2828 2458 105 33 heart

1568 2534 163 27 contract
1754 2526 80 33 that
1858 2526 73 41 day
1956 2523 120 35 which
2102 2523 66 33 has
2194 2533 113 22 never
2333 2521 91 33 been
2449 2519 148 33 broken.
2646 2518 43 33 In
2715 2518 59 33 the
2801 2516 132 35 winter

1567 2598 56 23 we
1645 2598 98 21 were
1764 2583 184 41 married;
1972 2594 59 31 my
2051 2593 84 23 own
2158 2581 90 33 dear
2270 2579 124 33 father
2416 2577 211 43 performed
2649 2577 60 33 the
2731 2586 201 31 ceremony.

1570 2643 202 35 Ministers'
1801 2641 168 35 children
1999 2652 63 22 are
2093 2639 142 42 always
2264 2637 162 34 married
2457 2636 36 33 in
2521 2636 59 33 the
2611 2634 156 42 Church,
2798 2646 39 21 so
2865 2645 68 29 we,

1568 2711 69 34 too,
1665 2702 174 34 marched
1867 2700 96 35 thru'
1992 2700 60 33 the
2081 2698 89 43 long
2198 2697 111 34 aisles
2338 2697 72 32 and
2439 2694 99 34 knelt
2566 2693 127 35 before
2722 2693 59 33 the
2810 2692 122 33 Altar.

1613 2761 178 42 Eighteen
1814 2770 109 32 years
1946 2759 96 33 have
2067 2757 132 42 passed
2224 2757 63 32 but
2309 2754 91 35 with
2423 2754 98 33 them
2545 2753 67 33 has
2636 2763 92 32 gone
2754 2758 62 26 out
2840 2762 92 22 none

1567 2820 39 33 of
1632 2820 59 33 the
1720 2825 196 28 sweetness
1945 2816 39 34 of
2011 2815 78 35 life.
2137 2815 97 35 Two
2260 2812 183 35 beautiful
2472 2810 167 35 children
2667 2821 101 23 came
2798 2808 136 43 during

1566 2879 59 33 the
1653 2878 104 41 early
1783 2888 108 31 years
1918 2875 40 34 of
1984 2872 302 45 companionship
2313 2880 36 26 to
2377 2871 177 42 complete
2582 2882 66 21 our
2676 2867 209 44 happiness.

2187 2932 176 34 V.McD.
2395 2930 112 42 (New
2534 2928 115 42 York)

1566 3018 148 35 Rather
1744 3014 343 37 Unconventional
2116 3014 76 34 For
2222 3026 24 21 a
2274 3013 94 34 New
2397 3011 179 43 England
2604 3010 159 35 Maiden

1566 3076 212 33 'T'RUTH
1806 3074 30 35 is
1862 3082 170 35 stranger
2056 3074 89 33 than
2170 3071 132 43 fiction,
2328 3071 85 43 they
2437 3082 75 30 say,
2540 3069 72 33 and
2638 3067 96 36 since
2763 3078 168 22 romance

1681 3133 38 34 of
1745 3134 58 33 the
1829 3139 115 27 truest
1968 3139 82 35 type
2076 3142 102 23 came
2205 3130 74 33 into
2305 3140 60 31 my
2390 3128 77 42 life,
2494 3128 16 33 I
2539 3139 58 22 am
2624 3125 159 35 inclined
2809 3132 36 27 to
2870 3125 41 33 be-

1566 3192 96 35 lieve
1689 3192 37 34 it.
1776 3191 110 34 After
1915 3189 156 44 reading
2097 3189 102 35 what
2225 3187 160 42 follows,
2413 3198 112 30 every
2551 3185 105 35 word
2685 3183 40 35 of
2750 3182 123 37 which
2900 3182 30 34 is

1565 3260 92 33 true,
1688 3263 70 30 you
1791 3249 80 36 will
1905 3257 63 26 not
1999 3248 153 35 wonder
2185 3247 79 34 that
2297 3247 15 32 I
2347 3245 73 34 feel
2456 3244 72 34 like
2560 3245 60 33 the
2653 3242 150 35 heroine
2836 3241 39 33 of
2909 3253 20 21 a

1611 3369 96 32 Four
1737 3379 108 31 years
1878 3378 80 31 ago.
1989 3366 59 34 the
2079 3364 167 35 teachers
2277 3362 39 34 of
2349 3374 20 22 a
2403 3360 92 35 little
2527 3367 152 35 country
2709 3367 99 26 town
2840 3369 90 23 near

1563 3427 146 40 Boston,
1745 3424 95 35 tired
1877 3423 40 35 of
1952 3422 194 44 boarding,
2186 3422 71 33 and
2296 3419 227 35 determined
2560 3426 36 27 to
2636 3418 111 42 adopt
2786 3415 142 35 radical

1563 3496 197 23 measures.
1810 3483 62 34 Six
1895 3482 146 34 banded
2065 3481 177 42 together,
2267 3478 105 35 hired
2401 3490 19 22 a
2446 3489 110 24 seven
2583 3488 102 22 room
2711 3482 217 36 apartment,

1564 3542 193 35 furnished
1793 3541 36 43 it,
1863 3540 91 36 with
1987 3539 123 44 things
2144 3539 40 33 of
2215 3537 96 35 their
2344 3548 94 31 own,
2471 3535 123 43 things
2629 3534 134 34 loaned
2796 3535 47 41 by
2875 3532 36 35 in-

1562 3601 157 35 terested
1739 3600 154 41 friends,
1914 3598 73 35 and
2008 3609 97 23 some
2125 3597 75 34 few
2218 3594 124 45 things
2359 3593 122 37 which
2500 3594 73 33 had
2593 3601 37 26 to
2648 3593 44 34 be
2712 3591 217 44 purchased.

1562 3661 107 33 Then
1693 3659 85 42 they
1802 3657 202 44 proceeded
2031 3663 39 33 t
2095 3656 46 33 do
2165 3654 95 35 their
2285 3665 83 23 own
2392 3650 298 44 house-keeping,
2716 3649 130 44 taking
2869 3650 60 33 the

1563 3717 154 43 cooking
1740 3717 70 33 and
1833 3715 143 34 kitchen
1996 3714 104 35 work
2122 3713 36 33 in
2178 3713 103 35 week
2304 3711 108 35 shifts
2434 3710 39 34 of
2494 3718 74 26 two
2590 3709 100 35 each.
2734 3708 83 34 The
2839 3708 89 43 plan

1563 3788 79 23 was
1677 3775 89 33 such
1799 3786 21 21 a
1855 3784 150 31 success,
2039 3770 217 44 financially
2290 3770 71 33 and
2399 3768 164 43 socially,
2598 3767 79 35 that
2710 3774 86 27 next
2827 3777 101 32 year,

1561 3835 102 33 three
1689 3845 100 22 more
1815 3831 124 43 joined
1965 3831 60 34 the
2053 3829 105 43 Club,
2187 3841 20 22 a
2232 3836 60 26 ten
2319 3839 101 23 room
2445 3827 111 34 house
2582 3837 80 24 was
2690 3826 137 42 rented,
2856 3826 71 32 and

1565 3906 19 21 a
1612 3904 145 23 woman
1786 3890 105 34 hired
1921 3889 59 34 for
2006 3889 61 34 the
2095 3887 142 35 kitchen
2265 3887 114 34 work.
2434 3887 30 33 A
2493 3886 90 33 dear
2612 3882 123 36 friend
2765 3883 39 33 of
2833 3883 94 34 mine
