2588 3894
1238 265 122 63 88

247 401 80 57 de
361 397 329 58 l'absolue
719 397 374 71 ignorance.
1128 397 465 76 Dangereuses
1628 414 13 40 :
1677 412 189 60 parce
1890 412 126 60 que
2048 412 68 42 se
2150 394 151 61 déve-

248 475 345 75 lopperont
616 489 82 44 en
727 473 217 58 même
976 474 216 75 temps
1223 474 116 59 des
1368 474 394 59 sentiments
1788 473 389 60 d'ambition
2206 474 120 75 qui

249 571 80 42 ne
362 553 285 75 peuvent
676 552 245 77 qu'être
954 553 78 57 de
1061 553 322 58 malsains
1411 554 64 57 et
1505 552 304 58 mauvais
1841 552 416 58 sentiments.

333 632 103 59 On
466 647 39 42 a
552 629 143 60 créé
731 629 172 59 ainsi
954 630 88 59 du
1079 630 200 73 désir,
1314 632 172 58 alors
1513 647 127 60 que
1687 634 151 55 tous
1867 629 99 60 les
2003 629 301 76 enseigne-

253 710 218 58 ments
498 724 80 42 ne
609 708 340 58 devraient
971 708 181 57 avoir
1178 726 166 58 pour
1371 709 119 59 but
1512 726 128 58 que
1667 708 78 57 de
1777 707 361 76 proclamer
2161 707 151 58 l'ina-

253 787 137 59 nité
423 788 79 57 de
531 788 153 56 tous
713 785 96 59 les
841 785 353 60 désirs.De
1223 788 220 57 toutes
1470 803 106 42 ces
1608 785 358 60 ambitions
1993 784 347 71 suscitées,

256 883 127 41 une
427 864 201 60 faible
657 864 208 76 partie
898 865 374 59 seulement
1325 882 241 58 pourra
1609 882 69 40 se
1722 865 265 57 trouver
2029 863 309 71 réalisée;

254 947 65 55 et
353 959 75 42 en
464 942 255 74 quelles
751 942 342 74 angoisses
1119 944 64 57 et
1214 943 254 75 quelles
1495 942 274 59 misères
1796 944 398 56 n'aura-t-on
2224 957 118 59 pas

251 1020 133 78 jeté
431 1020 98 59 les
559 1020 434 59 malheureux
1025 1020 247 59 devant
1322 1022 113 74 qui
1485 1038 83 41 011
1611 1037 160 42 aura
1810 1019 121 60 fait
1959 1019 231 58 briller
2227 1020 115 57 des

254 1100 159 57 buts
459 1098 197 76 qu'ils
687 1114 82 42 ne
814 1099 360 74 pouvaient
1220 1099 152 58 tous
1421 1098 355 61 atteindre!
1820 1098 107 58 Du
1979 1116 253 58 paysan
2281 1099 64 56 et

257 1180 77 56 de
364 1176 313 60 l'ouvrier
722 1176 317 77 jusqu'au
1085 1178 321 59 financier
1453 1180 64 56 et
1561 1194 83 42 au
1686 1176 325 72 ministre,
2056 1193 289 60 presque

252 1256 145 59 tout
425 1254 63 60 le
520 1255 239 59 monde
781 1270 69 44 se
874 1255 250 57 sentira
1145 1255 259 75 inquiet
1430 1256 63 58 et
1522 1254 317 70 déclassé,
1861 1255 168 57 mais
2051 1253 294 61 déclassé

251 1349 190 62 parce
473 1333 194 76 qu'on
701 1349 276 60 pensera
1000 1349 127 60 que
1162 1334 158 58 c'est
1344 1335 147 57 tout
1515 1334 370 76 justement
1914 1334 37 58 à
1994 1350 130 42 une
2169 1334 176 57 caste

253 1411 406 78 supérieure,
694 1429 85 43 ou
809 1413 37 57 à
877 1429 90 41 un
999 1413 243 75 emploi
1270 1411 145 78 plus
1465 1411 200 73 élevé,
1707 1429 130 59 que
1881 1411 131 59 l'on
2058 1411 291 60 méritait

251 1491 78 58 de
355 1490 326 75 parvenir.
732 1489 241 70 Quand
1011 1507 132 42 aux
1179 1507 180 42 rares
1411 1489 350 72 satisfaits,
1808 1490 85 57 ils
1945 1505 169 44 nous
2158 1504 154 61 appa-

249 1569 278 58 raîtront
569 1584 155 42 avec
747 1570 146 57 tout
922 1569 60 58 le
1011 1569 140 58 côté
1184 1568 370 76 répugnant
1579 1585 122 60 que
1733 1584 81 43 ne
1839 1570 159 74 peut
2023 1584 320 60 manquer

253 1649 79 57 de
362 1648 343 75 présenter
733 1646 62 60 le
1413 1649 239 71 struggleforlifeur,
1653 1664 134 59 que
1788 1664 196 42 nous
1985 1663 173 43 savons
2190 1646 156 59 bien

249 1728 184 57 avoir
463 1725 113 71 dù,
610 1742 85 42 au
723 1726 223 60 milieu
978 1726 195 59 d'une
1195 1725 155 60 telle
1382 1725 307 75 poussée,
1724 1726 134 59 être
1881 1743 90 41 un
1997 1742 129 59 peu
2158 1726 144 75 cyni-

252 1822 126 58 que
404 1805 165 57 dans
596 1804 60 58 le
684 1805 194 59 choix
910 1805 78 59 de
1021 1820 107 42 ses
1160 1820 302 60 moyens.

327 1966 181 59 Pour
540 1965 197 75 qu'on
767 1982 82 42 ne
875 1965 229 76 puisse
1132 1964 358 60 m'accuser
1533 1965 79 59 de
1640 1980 281 60 pousser
1950 1964 166 60 cette
2162 1964 151 76 pein-

247 2046 150 58 ture
428 2060 84 42 au
543 2044 169 71 noir,
734 2043 374 76 j'ajouterai
1141 2059 124 59 que
1292 2043 66 76 je
1391 2044 291 75 n'ignore
1710 2059 117 60 pas
1857 2059 127 60 que
2011 2043 212 75 parmi
2251 2043 100 59 les

249 2124 289 58 artisans
596 2139 85 42 ou
732 2123 99 58 les
889 2123 479 75 campagnards
1433 2139 295 59 pourvus
1796 2121 116 59 des
1988 2121 355 60 certificats

249 2201 266 59 d'étude
564 2201 37 58 à
637 2201 64 59 la
751 2201 216 69 mode,
1014 2200 184 59 aussi
1225 2200 156 59 bien
1427 2217 125 58 que
1597 2199 214 76 parmi
1855 2199 97 58 les
1995 2199 356 76 bourgeois

247 2279 397 71 bacheliers,
698 2280 63 57 et
800 2279 183 58 leurs
1033 2279 175 58 filles
1255 2278 264 58 munies
1564 2279 78 58 de
1686 2278 264 59 brevets
1995 2278 354 76 superflus,

248 2359 47 57 il
341 2358 212 58 existe
598 2373 233 43 encore
877 2356 275 60 nombre
1199 2358 79 57 de
1330 2356 131 59 fort
1508 2355 235 60 braves
1787 2373 184 60 gens,
2016 2356 113 75 qui
2175 2358 144 57 cher-

245 2438 199 58 chent
493 2438 65 57 et
624 2438 314 58 trouvent
987 2436 61 59 le
1095 2435 305 60 bonheur
1457 2435 166 58 dans
1678 2435 676 76 l'accomplissement

248 2514 239 77 simple
532 2515 120 58 des
700 2515 260 60 devoirs
1014 2514 80 59 de
1142 2514 146 58 leur
1336 2513 400 77 profession,
1791 2514 168 58 dans
2002 2530 131 42 une
2180 2514 140 59 exis-

243 2598 190 55 tence
480 2594 185 59 saine
710 2595 65 57 et
822 2593 348 67 naturelle,
1216 2609 156 42 sans
1419 2609 70 42 se
1534 2593 352 76 précipiter
1926 2593 426 58 inutilement

249 2690 137 42 aux
440 2671 222 73 villes,
731 2688 82 44 ne
863 2671 472 76 s'astreignant
1376 2671 247 76 qu'aux
1678 2671 323 76 besognes
2056 2673 293 74 pouvant

245 2753 312 74 apporter
616 2750 137 61 aise
826 2753 63 58 et
933 2751 134 75 joie
1129 2751 167 57 dans
1348 2750 147 60 leur
1543 2750 342 71 intérieur,
1954 2751 61 59 et
2070 2750 284 77 rejetant

247 2831 228 60 toutes
505 2830 200 60 celles
736 2830 118 76 qui
897 2827 371 61 n'auraient
1308 2829 254 59 d'autre
1608 2829 122 59 but
1777 2845 125 60 que
1949 2827 78 60 de
2073 2829 210 58 servir
2318 2829 37 58 à

253 2911 119 59 des
428 2909 252 77 projets
736 2909 419 59 d'ambition.
1208 2909 92 58 Ils
1354 2910 391 58 conservent
1797 2909 172 58 ainsi
2023 2909 61 58 le
2139 2910 216 75 temps

254 2989 397 76 qu'ailleurs
694 3004 84 44 on
837 3004 83 44 ne
976 2988 127 59 sait
1150 2988 153 76 plus
1344 2988 268 59 trouver
1651 3004 168 60 pour
1860 2988 59 58 le
1975 2986 342 79 développe-

256 3069 185 58 ment
485 3068 79 58 de
626 3066 234 60 nobles
934 3064 282 62 facultés
1268 3066 308 71 morales,
1628 3083 163 59 pour
1838 3066 97 59 les
1987 3065 171 77 joies
2219 3066 136 60 très

259 3146 280 78 simples
590 3146 199 76 qu'ils
835 3148 228 58 savent
1122 3145 251 60 donner
1415 3145 36 58 à
1495 3145 174 61 leurs
1712 3144 317 75 familles,
2084 3148 61 58 et
2187 3163 168 61 pour

252 3226 207 60 celles
492 3224 202 78 qu'ils
733 3225 340 72 reçoivent
1103 3242 81 41 en
1239 3224 285 76 échange
1557 3243 17 53 ;
1607 3225 88 58 ils
1739 3226 230 59 savent
1999 3240 71 45 se
2116 3225 239 75 garder

249 3306 146 59 tout
419 3305 63 58 le
512 3304 189 61 loisir
731 3304 375 61 nécessaire
1137 3320 165 60 pour
1324 3302 428 78 pieusement
1781 3302 279 61 cultiver
2088 3304 98 58 les
2215 3304 139 58 très

252 3385 219 58 beaux
531 3384 399 62 sentiments
1010 3382 298 61 d'amitié
1385 3384 64 58 et
1510 3382 319 73 d'amour,
1889 3384 61 59 le
2012 3382 189 61 loisir
2266 3382 80 61 de

254 3462 315 60 réflexion
604 3462 160 77 qu'il
812 3462 146 60 faut
986 3479 167 60 pour
1190 3461 214 78 prêter
1441 3479 92 42 un
1575 3479 130 62 peu
1754 3464 424 76 d'envergure
2219 3478 132 43 aux

258 3542 173 59 mots
464 3542 79 60 de
573 3544 207 75 patrie
832 3545 65 57 et
927 3541 433 73 d'humanité,
1392 3558 169 61 pour
1599 3544 187 59 rêver
1824 3542 183 60 aussi
2040 3541 314 78 quelque-
