2588 3894
1262 249 80 63 80

335 381 372 75 Cependant
729 381 316 71 Jehovah,
1063 382 111 74 qui
1195 383 109 56 eut
1315 381 296 76 toujours
1633 398 162 60 pour
1815 400 115 42 son
1953 385 234 74 peuple
2211 401 126 42 une

252 459 338 59 tendresse
617 458 453 75 inexplicable,
1100 459 247 59 étendit
1374 476 68 42 sa
1482 461 208 58 droite
1719 477 117 42 sur
1862 461 115 58 lui.
2023 462 52 57 Il
2105 463 229 57 l'avait;

252 537 122 57 tiré
401 537 114 57 des
538 537 318 74 remparts
887 537 362 75 d'Assyrie,
1300 538 47 57 il
1378 537 177 60 brisa
1592 538 98 59 les
1729 539 263 59 chaînes
2046 541 110 75 qui
2189 546 109 53 ten-

258 614 222 59 daient
504 614 96 59 les
639 616 195 56 vieux
865 616 282 73 ghettos,
1188 616 49 57 il
1268 614 220 77 apaisa
1539 616 63 58 la
1652 616 226 58 fureur
1925 617 114 58 des
2071 618 262 57 nations

259 692 495 75 conquérantes,
787 692 46 58 il
859 692 263 75 assigna
1147 693 78 59 de
1254 710 296 42 nouveau
1595 711 87 41 un
1729 697 215 55 centre
1972 694 119 59 àla
2122 696 202 75 gloire

261 769 117 59 des
409 769 311 71 hébreux,
769 769 296 75 rappelés
1096 769 115 60 des
1247 771 247 58 confins
1526 771 87 57 du
1635 772 258 57 monde.
1924 771 153 58 Fort
2117 773 79 57 de
2226 788 105 42 ses

259 847 443 76 oppressions,
757 847 378 71 séculaires,
1194 848 232 58 affamé
1470 848 191 60 d'une
1708 849 341 59 restreinte
2091 849 243 77 justice

259 928 291 72 agissant
580 942 78 41 en
689 942 71 41 sa
788 926 251 71 faveur,
1063 926 200 58 Israël
1294 927 287 71 domina,
1605 927 348 76 triompha,
1986 929 61 57 et
2067 929 232 57 mainte-

259 1004 159 56 nant
442 1003 45 57 il
514 1004 100 57 est
645 1003 79 57 de
754 1020 299 40 nouveau
1083 1003 60 58 le
1168 1004 205 59 levier
1401 1007 327 67 terrestre,
1759 1021 119 42 son
1906 1004 150 75 pied
2091 1009 99 55 est
2213 1022 120 41 sur

252 1080 64 58 la
346 1096 219 58 nuque
619 1080 113 59 des
778 1082 155 57 rois.
970 1080 155 60 Sion
1176 1082 324 58 tressaille
1531 1100 79 40 en
1638 1098 107 42 ses
1771 1082 337 59 entrailles
2142 1101 14 52 ;
2207 1083 126 57 elle

259 1159 287 59 s'éveille
576 1176 252 40 comme
852 1159 272 59 l'enfant
1153 1160 113 75 qui
1290 1159 243 76 palpite
1555 1178 83 41 au
1666 1166 220 53 ventre
1919 1162 76 57 de
2029 1178 71 41 sa
2132 1160 201 70 mère;

256 1237 122 58 elle
402 1238 134 57 sort
569 1237 114 57 des
713 1237 225 58 ruines
969 1238 386 70 surannées,
1388 1240 62 56 et
1479 1238 254 58 bientôt
1765 1237 244 59 rebâtie
2037 1238 123 60 elle
2192 1238 107 76 gui-

252 1315 153 59 dera
435 1331 226 42 encore
679 1315 95 58 les
805 1315 273 75 peuples
1119 1317 62 57 et
1206 1315 95 60 les
1333 1318 403 57 souverains.

331 1394 76 57 Je
434 1393 62 57 la
523 1393 143 58 vois
699 1394 78 57 de
824 1409 325 54 nouveau,
1186 1395 306 58 moderne
1536 1399 64 54 et
1644 1394 197 71 belle,
1888 1394 292 76 érigeant
2231 1411 106 42 ses

252 1472 185 57 tours
454 1470 442 75 ingénieuses,
931 1488 105 41 ses
1068 1472 207 75 palais
1307 1470 266 60 frivoles
1621 1475 63 55 et
1726 1470 329 60 fastueux.
2090 1473 248 57 Encore

255 1549 122 59 elle
409 1548 282 76 s'emplit
721 1549 113 59 des
866 1549 247 59 mêmes
1158 1550 390 58 marchands
1569 1550 63 58 et
1661 1549 115 59 des
1802 1550 246 59 mêmes
2072 1549 268 70 scribes,

256 1632 62 54 et
349 1629 95 57 les
473 1629 433 57 descendants
940 1629 114 57 des
1075 1633 301 70 pasteurs
1403 1628 358 75 gémissent
1803 1644 159 42 sous
2001 1629 117 59 des
2142 1628 198 75 jougs

255 1707 149 75 plus
424 1707 376 75 rigoureux.
833 1707 91 57 Ils
956 1712 147 52 sont
1134 1707 95 58 les
1258 1707 167 58 serfs
1456 1707 386 69 désormais,
1875 1723 166 41 ceux
2071 1707 114 75 qui
2210 1707 100 75 pei-

256 1788 182 54 nent'
466 1801 164 58 pour
658 1783 179 59 leurs
868 1785 291 69 maîtres,
1182 1784 112 75 qui
1324 1784 235 58 tissent
1587 1784 97 57 les
1704 1799 316 60 pourpres
2052 1784 158 57 dont
2251 1783 88 57 ils

258 1879 80 42 ne
369 1879 70 42 se
463 1863 287 57 vêtiront
788 1879 117 59 pas
937 1864 62 57 et
1053 1864 346 57 sertissent
1440 1863 96 58 les
1578 1863 212 75 perles
1823 1862 113 76 qui
1957 1862 244 76 jamais
2256 1877 82 42 ne

260 1943 306 73 pareront
593 1940 181 59 leurs
796 1940 210 59 fronts
1031 1959 15 52 ;
1079 1940 84 59 ils
1183 1943 157 56 vont
1369 1942 306 58 chercher
1700 1957 116 59 par
1839 1942 99 57 les
1971 1957 174 42 mers
2175 1939 135 58 loin-

259 2019 239 69 taines,
542 2018 97 58 les
689 2019 170 57 mets
914 2022 399 71 somptueux
1352 2018 158 58 dont
1563 2020 217 56 seront
1837 2018 273 58 frustrés
2163 2016 179 59 leurs

258 2096 317 72 bouches,
605 2098 63 56 et
706 2095 441 76 quémandent
1176 2096 61 59 le
1263 2096 155 75 pain
1449 2096 194 75 qu'ils
1671 2095 356 76 pétrissent
2057 2095 78 59 de
2165 2095 180 57 leurs

264 2174 237 76 doigts.
550 2210 75 6 ---

335 2254 94 57 La
447 2254 155 57 voix
630 2251 355 77 s'exagérat
1012 2253 491 58 railleusement
1533 2251 458 60 douloureuse.

442 2331 94 58 La
565 2330 221 60 fumée
819 2331 77 58 de
927 2331 179 58 leurs
1136 2330 234 75 péchés
1401 2329 240 60 obsède
1667 2333 205 56 certes
1896 2330 142 57 leur
2056 2328 194 71 Dieu,
2281 2344 67 42 ce

255 2410 295 59 Jehovah
574 2409 379 61 redoutable
978 2410 157 57 dont
1150 2411 149 56 tour
1328 2409 36 57 à
1384 2410 150 56 tour
1563 2408 283 59 s'éveille
1875 2408 63 58 et
1968 2408 285 57 s'endort
2283 2406 64 58 la

255 2488 248 59 fureur.
541 2488 266 58 Comme
839 2504 130 42 une
1000 2488 122 58 fois
1157 2486 147 78 déjà
1332 2488 60 58 le
1421 2486 190 60 saisit
1637 2488 62 57 la
1724 2486 182 77 pitié,
1939 2486 48 56 il
2020 2485 323 75 interroge

258 2580 229 45 encore
519 2568 168 57 cette-
717 2582 168 54 race,
918 2565 321 76 peut-être
1271 2566 185 58 mûre
1486 2582 165 58 pour
1674 2582 102 42 ses
1815 2564 275 68 destins,
2118 2578 227 43 encore

265 2644 48 58 il
341 2648 159 56 veut
524 2644 146 60 leur
693 2644 252 58 révéler
997 2643 61 59 le
1088 2644 161 58 vrai.
1289 2644 166 57 Mais
1507 2643 60 57 le
1619 2643 108 58 fils
1774 2645 98 56 est
1917 2641 173 59 lassé
2142 2641 78 57 de
2268 2655 74 42 sa

255 2739 213 43 venue
499 2723 487 69 malheureuse,
1013 2724 62 57 et
1124 2723 115 58 des
1284 2720 418 78 blasphèmes
1732 2721 156 57 dont
1919 2735 81 42 on
2033 2720 58 58 le
2105 2734 239 43 couvre

259 2801 237 77 depuis
527 2803 115 57 des
696 2801 282 60 milliers
1025 2801 78 59 de
1155 2800 234 58 siècles
1445 2799 286 71 révolus,
1770 2799 277 57 l'amour
2093 2796 245 59 n'est-il

254 2897 118 58 pas
402 2880 431 58 inaccessible
866 2880 37 57 à
947 2897 165 41 ceux
1139 2879 114 75 qui
1284 2895 68 42 se
1370 2876 339 60 haïssent?
1737 2893 250 43 comme
2016 2876 59 57 le
2105 2875 173 76 père,
2298 2874 46 58 il

251 2959 99 58 les
379 2959 389 58 abandonne
804 2977 12 39 :
851 2958 323 76 peut-être
1213 2956 63 61 la
1303 2973 263 59 sagesse
1591 2955 335 58 ramènera
1952 2970 105 43 ces
2088 2954 257 77 impurs

254 3054 132 41 aux
415 3036 373 78 primitives
819 3036 350 75 bergeries.

331 3116 297 75 L'Esprit
663 3116 181 59 vient
891 3114 372 76 qu'avaient
1307 3111 288 61 annoncé
1627 3111 334 59 d'obscurs
1982 3128 248 59 mages,
2262 3111 86 70 et,

255 3212 166 58 pour
444 3194 221 61 railler
692 3212 155 41 sans
877 3195 196 57 doute
1103 3194 98 58 les
1243 3192 325 70 docteurs,
1621 3191 46 57 il
1699 3191 424 76 s'appesantit
2184 3191 164 57 dans

255 3272 60 59 le
341 3289 187 60 corps
560 3272 193 60 d'une
804 3274 268 68 femme,
1130 3271 194 59 d'une
1376 3270 243 58 femme
1655 3285 123 59 que
1807 3271 150 57 tous
2013 3269 336 76 croyaient

255 3353 179 57 avoir
461 3351 340 76 possédée,
825 3353 196 57 d'une
1039 3350 242 58 femme
1309 3347 276 60 souillée
1604 3347 78 59 de
1712 3351 148 55 tous
1889 3349 97 57 les
2014 3349 157 57 rites
2204 3346 109 59 obs-

259 3429 209 61 cènes.
510 3431 167 59 Mais
722 3431 57 57 si
821 3430 131 58 l'on
1000 3446 37 42 a
1077 3445 166 59 pour
1280 3427 124 60 elle
1461 3427 116 56 des
1632 3426 230 75 égards
1915 3426 430 75 équivoques,

256 3506 84 59 ils
365 3510 150 57 sont
539 3510 126 57 dûs
694 3509 218 76 plutôt
943 3509 36 57 à
1012 3524 119 43 son
1162 3524 155 42 sexe
1348 3505 149 76 qu'à
1525 3505 63 58 la
1625 3504 281 59 mission
1938 3504 221 61 divine
2192 3504 157 58 dont
