2240 3855
228 347 0 0 126

709 322 140 27 NOTES
884 322 85 27 SUR
1000 309 247 40 L'HISTOIRE
1280 322 58 26 DU
1371 313 198 34 THÉÂTRE

200 412 67 42 En
291 414 165 51 réalité,
481 414 104 40 c'est
619 414 111 40 dans
754 428 58 26 un
836 416 107 50 petit
965 413 186 40 nombre
1191 414 54 39 de
1282 413 192 50 grandes
1496 412 126 40 villes
1654 423 85 38 que
1762 410 63 39 les
1848 416 268 44 spectateurs

146 491 99 30 sont
266 482 36 39 le
323 483 144 39 moins
484 482 271 40 commodes.
772 481 36 40 A
832 481 242 47 Bruxelles,
1091 481 39 40 le
1153 480 358 53 Théâtre-Royal
1527 478 176 41 marche
1728 481 22 36 à
1774 477 39 40 la
1837 489 111 39 papa
1974 486 8 25 :
1999 488 19 24 «
2040 474 82 43 Les

148 550 255 51 principaux
419 550 188 51 emplois
629 550 53 39 de
706 549 38 39 la
762 548 198 40 comédie
979 557 41 31 et
1049 548 52 40 de
1122 547 163 53 l'opéra
1310 557 99 31 sont
1433 547 180 52 remplis
1638 560 79 37 par
1738 545 77 40 des
1840 551 170 32 acteurs
2026 548 96 36 usés

147 625 41 30 et
210 618 75 49 qui
309 625 75 31 ont
407 629 112 38 pour
539 617 112 39 ainsi
671 616 94 39 dire
784 616 91 51 pris
892 615 115 40 droit
1029 616 53 39 de
1101 615 282 50 bourgeoisie
1404 627 8 26 :
1438 615 54 40 ils
1517 622 99 33 sont
1631 616 197 37 caressés
1850 614 143 36 même
2015 609 107 42 dans

144 684 117 39 leurs
283 686 125 37 vieux
427 682 187 41 défauts.
657 696 18 24 »
702 682 36 40 A
763 682 174 47 Rouen,
967 688 21 34 à
1018 681 186 48 Nantes,
1248 691 41 31 et
1311 682 112 40 dans
1447 682 37 39 le
1506 681 127 47 Midi,
1659 693 56 27 on
1740 679 109 40 n'est
1890 691 79 38 pas
2006 681 115 38 aussi

145 750 236 52 pacifique.
408 749 67 41 En
504 754 116 44 1828,
647 754 21 36 à
696 750 158 41 Rouen
875 764 19 24 «
920 750 61 40 les
999 755 151 35 scènes
1174 750 323 40 tumultueuses
1520 757 99 32 sont
1657 747 253 52 fréquentes
1933 753 41 31 et
2006 745 92 50 jour-

148 818 190 40 nalières
363 832 10 35 ;
400 823 20 35 à
443 818 171 52 chaque
647 820 182 45 instant,
869 819 77 39 des
976 818 218 52 querelles
1217 818 188 40 éclatent
1435 826 122 32 entre
1583 816 61 40 les
1682 822 286 45 spectateurs,
2009 820 40 33 et
2084 813 34 40 la

144 884 116 41 force
285 891 145 37 armée
461 895 65 31 est
551 886 140 40 forcée
722 885 300 41 d'intervenir.
1056 898 19 24 »
1116 884 67 42 En
1212 889 119 43 1820,
1374 889 21 35 à
1419 884 183 47 Nantes,
1634 881 159 42 l'ordre
1832 889 64 32 est
1944 890 178 31 souvent

145 954 174 39 troublé
342 968 54 26 au
426 954 168 40 théâtre
615 965 8 36 ;
649 954 38 39 le
712 953 185 41 nombre
917 954 76 39 des
1019 953 198 41 abonnés
1252 954 199 39 diminue
1469 967 9 34 ;
1500 953 77 39 des
1605 950 225 40 individus
1866 949 53 38 de
1947 949 112 39 seize
2100 954 20 35 à

144 1022 125 48 vingt
293 1034 79 27 ans
393 1035 45 26 se
454 1020 93 42 font
567 1022 61 39 les
662 1020 185 41 arbitres
880 1021 76 39 des
988 1023 158 50 pièces,
1169 1020 258 54 s'imposent
1450 1035 55 26 au
1533 1020 234 44 directeur,
1794 1016 327 52 applaudissent

146 1089 63 39 les
233 1089 216 40 allusions
473 1093 21 35 à
532 1087 296 53 l'usurpateur
861 1104 18 19 »
904 1104 9 33 ;
937 1089 38 39 la
1000 1089 140 52 police
1158 1104 27 38 y
1215 1098 65 32 est
1296 1089 87 40 mal
1412 1088 120 50 faite,
1557 1095 40 32 et
1631 1085 87 41 l'on
1752 1097 154 27 accuse
1945 1083 37 39 le
2004 1096 89 28 com-

147 1157 203 39 missaire
369 1157 53 39 de
457 1157 140 52 police
622 1157 134 39 d'être
777 1157 54 39 de
859 1159 268 38 connivence
1151 1171 101 26 avec
1272 1157 61 39 les
1353 1155 333 53 perturbateurs
1710 1151 80 53 (1).
1826 1151 35 39 A
1877 1151 241 48 Bordeaux,

148 1237 53 26 en
231 1227 114 48 1819,
372 1237 84 27 une
476 1225 228 49 vingtaine
724 1225 53 38 de
800 1225 151 51 jeunes
980 1239 126 36 gens,
1128 1233 291 43 appartenant
1433 1237 84 26 aux
1534 1222 252 40 meilleures
1809 1218 207 47 familles,
2037 1218 63 40 for-

144 1300 118 31 ment
283 1305 85 26 une
391 1292 165 39 cabale.
584 1291 121 41 Hués
727 1296 21 35 à
769 1292 95 41 leur
885 1297 164 45 entrée,
1067 1293 62 39 les
1161 1301 171 30 acteurs
1356 1300 100 31 sont
1479 1290 227 52 paralysés
1727 1299 7 36 ;
1754 1288 77 40 des
1849 1286 248 52 personnali-

145 1363 62 34 tés
243 1356 298 53 s'échangent,
574 1369 40 30 et
638 1359 38 40 le
699 1361 136 38 maire
852 1373 54 26 ne
928 1368 102 43 peut
1054 1360 116 39 sévir
1191 1372 129 38 parce
1343 1357 106 51 qu'il
1473 1356 110 41 n'est
1605 1369 79 39 pas
1701 1368 122 27 assez
1848 1357 135 36 armé.
2006 1352 115 41 Deux

147 1439 79 26 ans
261 1436 289 42 auparavant,
575 1427 111 39 dans
706 1427 38 39 la
768 1430 143 36 même
925 1427 118 46 ville,
1069 1427 67 50 ily
1153 1429 116 37 avait
1291 1439 52 26 eu
1370 1434 119 31 toute
1511 1437 86 27 une
1619 1423 167 40 affaire.
1812 1420 70 42 On
1908 1422 115 39 avait
2046 1421 76 51 jeté

147 1494 79 39 des
242 1495 178 50 pétards
440 1495 110 39 dans
571 1495 62 38 les
655 1495 234 45 corridors,
914 1494 76 39 des
1014 1507 134 38 coups
1173 1495 173 38 avaient
1366 1497 67 36 été
1466 1493 223 48 échangés
1705 1503 7 27 :
1734 1504 56 27 on
1807 1488 160 41 défend
2011 1488 109 40 alors

153 1561 52 39 de
228 1563 123 37 venir
386 1575 102 26 avec
511 1561 75 40 des
620 1574 161 27 cannes
804 1569 39 31 et
869 1561 77 39 des
965 1561 269 51 parapluies,
1277 1573 19 24 «
1320 1572 172 27 comme
1515 1563 21 35 à
1560 1558 143 46 Paris,
1730 1561 21 35 à
1776 1557 38 39 la
1844 1557 112 39 suite
1994 1555 52 39 de
2082 1556 36 40 la

154 1630 350 49 représentation
523 1629 54 38 de
602 1627 277 40 Germanicns
895 1643 18 20 »
932 1643 8 33 ;
958 1643 56 26 on
1036 1636 192 43 proteste
1245 1639 8 37 ;
1279 1628 28 39 il
1330 1626 89 41 faut
1441 1626 205 41 accorder
1668 1625 76 40 des
1767 1625 251 51 exceptions
2042 1637 77 26 aux

149 1709 243 38 personnes
417 1699 131 46 âgées
567 1709 55 26 ou
642 1693 198 42 infirmes
859 1710 8 32 ;
894 1709 57 26 on
984 1697 101 50 jette
1109 1709 74 27 sur
1202 1696 38 39 la
1263 1701 127 34 scène
1431 1695 53 40 de
1509 1702 143 33 toutes
1672 1694 157 51 petites
1852 1691 155 40 boules
2033 1701 9 37 ;
2068 1704 51 26 on

148 1764 123 39 saisit
291 1764 101 39 chez
416 1764 62 39 les
504 1763 265 40 marchands
794 1772 142 32 toutes
956 1764 130 39 celles
1104 1763 134 52 qu'on
1260 1772 153 31 trouve
1439 1774 8 36 ;
1473 1763 164 39 ceux-ci
1656 1760 250 40 réclament.
1923 1758 62 40 Le
2006 1771 92 27 scan-

146 1831 98 39 dale
276 1832 109 39 dure
429 1837 100 46 près
568 1831 53 40 de
645 1832 104 39 trois
775 1833 235 38 semaines.
1047 1830 68 41 En
1150 1834 118 45 1828,
1312 1834 21 36 à
1372 1830 243 46 Toulouse,
1642 1842 56 27 on
1719 1827 109 41 siffle
1864 1841 59 26 un
1960 1834 158 40 acteur,

145 1897 196 48 Lebrun,
367 1900 74 51 qui
463 1907 64 31 est
550 1899 154 50 depuis
727 1898 111 40 deux
856 1912 78 26 ans
968 1898 111 40 dans
1103 1899 37 39 la
1165 1898 120 45 ville,
1329 1898 99 52 joue
1464 1897 101 40 bien
1589 1905 40 31 et
1653 1896 107 52 plaît
1784 1908 138 27 assez.
1948 1893 37 40 A
2015 1893 105 40 deux

147 1968 204 49 reprises,
376 1965 29 41 il
429 1968 138 50 quitte
589 1966 39 39 la
671 1971 127 34 scène
835 1965 130 41 d'une
999 1968 196 38 manière
1233 1971 87 35 très
1343 1968 335 37 inconvenante.
1719 1962 86 41 Les
1828 1963 152 52 jeunes
2018 1974 102 37 gens

147 2036 197 38 tiennent
365 2032 256 42 conférence
643 2047 9 34 ;
697 2038 20 34 à
742 2034 38 38 la
807 2036 348 49 représentation
1172 2035 218 46 suivante,
1433 2048 54 25 au
1512 2031 185 41 nombre
1731 2031 54 40 de
1807 2032 99 49 cinq
1931 2038 134 34 cents,
2083 2038 37 31 et

134 2102 65 41 ,de
222 2101 147 40 bonne
392 2102 151 49 heure,
574 2101 54 39 ils
650 2101 286 40 envahissent
977 2101 37 40 le
1054 2110 207 42 parterre.
1286 2100 181 41 Lebrun
1507 2102 104 38 écrit
1650 2098 105 53 qu'il
1793 2107 66 31 est
1880 2098 236 51 indisposé.

147 2167 158 43 C'était
344 2170 110 46 vrai,
485 2170 111 38 mais
619 2168 62 40 les
707 2168 223 40 étudiants
969 2182 45 26 se
1047 2170 165 38 croient
1247 2169 125 51 joués
1398 2179 9 38 ;
1441 2168 54 40 ils
1538 2168 238 39 réclament
1814 2166 78 40 des
1928 2177 189 35 excuses,

147 2238 135 39 crient
307 2241 21 35 à
354 2236 80 40 bas
454 2237 37 39 la
514 2236 162 52 police!
703 2236 54 39 ils
776 2238 219 47 reçoivent
1012 2236 59 40 du
1092 2235 181 50 renfort,
1298 2249 57 27 on
1379 2234 158 42 s'arme
1560 2235 54 41 de
1636 2236 166 50 pierres
1826 2245 9 36 ;
1859 2234 38 40 le
1920 2234 171 39 commis-

147 2306 114 38 saire
290 2314 66 31 est
375 2304 102 47 hué,
495 2305 99 51 puis
627 2303 144 40 blessé
796 2319 7 33 ;
830 2318 57 26 on
911 2304 171 52 appelle
1107 2304 38 39 la
1159 2304 311 49 gendarmerie
1492 2312 40 32 et
1574 2303 40 40 la
1649 2304 216 48 garnison
1886 2311 10 40 ;
1921 2299 138 48 enfin,
2084 2300 33 39 la

146 2372 139 39 mêlée
304 2385 120 26 cesse
445 2384 8 27 :
480 2371 177 40 Lebrun
680 2370 89 41 fera
784 2371 77 40 des
879 2384 195 27 excuses.

284 2462 55 54 (A
360 2463 177 53 suivre.)

1528 2462 201 43 GABRIEL
1761 2463 251 41 VAUTHIER.

145 2610 39 23 ce
197 2600 62 42 qui
278 2606 85 35 peut
383 2601 154 33 sembler
557 2601 153 32 allusion
728 2604 17 29 à
761 2601 178 40 l'Empire.
956 2601 49 33 Le
1024 2601 108 33 maire
1149 2601 129 35 défend
1297 2606 49 30 les
1366 2603 69 33 cris
1454 2604 44 32 de
1519 2604 50 30 bis
1576 2631 6 12 ,
1600 2611 46 32 et,
1670 2603 191 33 devancier
1884 2604 43 32 de
1944 2604 46 31 M.
2013 2603 84 32 Prud-

146 2653 155 35 homme,
321 2653 31 29 le
367 2650 190 33 secrétaire
578 2652 146 40 général
747 2651 43 31 de
809 2653 31 29 la
860 2650 206 33 Préfecture
1089 2652 89 32 écrit
1200 2652 89 33 dans
1312 2662 69 22 une
1399 2652 189 33 circulaire
1612 2663 6 24 ;
1639 2664 17 19 «
1674 2654 41 31 de
1737 2653 67 32 vils
1823 2652 167 41 cailloux,
2011 2653 107 32 criant

143 2710 84 21 sous
249 2702 33 29 la
298 2709 87 23 roue
410 2700 61 40 qui
491 2702 49 30 les
559 2700 132 38 écrase,
715 2699 290 41 n'empêcheront
1021 2711 61 29 pas
1105 2703 33 30 le
1155 2700 85 34 char
1262 2701 45 33 du
1323 2709 302 35 gouvernement,
1646 2710 69 25 etc.
1740 2713 15 19 »

188 2747 47 42 (i)
255 2750 28 30 A
301 2749 135 33 Nantes
452 2759 141 29 encore,
613 2760 43 21 en
679 2749 100 42 1827,
801 2752 31 29 le
842 2749 111 40 préfet
974 2749 87 33 n'est
1083 2760 62 30 pas
1162 2753 151 31 rassuré.
1338 2755 47 28 Le
1404 2763 19 31 9
1435 2753 160 36 octobre,
1616 2762 85 22 avec
1715 2752 44 32 de
1775 2753 129 39 petites
1926 2752 131 41 pièces,
2077 2761 40 21 on

144 2797 160 33 donnera
319 2801 51 30 les
391 2799 254 42 Compagnons
682 2800 45 29 du
756 2800 124 29 Devoir
885 2824 6 14 ,
915 2800 203 33 vaudeville
1141 2810 176 23 nouveau.
1343 2800 57 33 On
1421 2801 115 33 craint
1558 2801 62 33 des
1639 2801 189 33 désordres
1851 2812 107 30 parce
1987 2810 68 32 que
2072 2803 45 30 les

145 2847 161 33 ouvriers
322 2858 264 31 compagnons,
607 2848 199 32 nombreux
826 2848 89 32 dans
943 2852 30 28 la
995 2848 97 38 ville,
1108 2848 161 34 s'étaient
1295 2849 120 33 réunis
1441 2850 85 33 chez
1552 2853 95 30 leurs
1670 2851 127 37 Mères,
1821 2862 92 30 pour
1936 2851 108 32 siffler
2075 2860 40 21 ou

145 2896 204 40 applaudir,
370 2897 164 32 soutenir
551 2908 45 22 ou
617 2897 86 32 faire
724 2898 139 32 tomber
885 2900 50 30 les
957 2900 166 30 couleurs
1142 2899 109 31 amies
1273 2910 44 21 ou
1345 2899 148 33 rivales.
1524 2913 14 14 «
1560 2900 47 32 La
1630 2900 84 32 ville
1731 2901 43 31 de
1795 2900 138 34 Nantes
1951 2901 91 32 avait
2065 2899 50 33 été

145 2946 27 31 si
190 2954 150 25 souvent
364 2949 31 29 le
414 2946 137 33 théâtre
573 2947 43 31 de
634 2949 123 31 scènes
781 2948 228 40 déplorables
1031 2948 42 31 de
1092 2958 343 33 compagnonnage,
1458 2959 69 32 que
1545 2951 31 31 le
1599 2949 111 33 maire
1732 2949 94 33 avait
1848 2951 76 40 prié
1947 2953 32 30 le
2009 2950 91 32 direc-

145 3003 78 23 teur
244 2996 43 32 de
303 2995 203 41 supprimer
527 2998 32 30 la
581 2996 185 40 réception
792 2997 251 41 maçonnique,
1066 3006 20 23 ))
1107 3004 34 25 et
1175 2997 225 41 d'empêcher
1418 3001 50 28 les
1491 3006 140 25 acteurs
1661 2998 183 34 d'arborer
1868 3003 51 29 les
1944 3002 173 30 couleur?.

144 3043 46 32 Le
212 3046 80 39 jour
308 3055 104 26 venu,
437 3056 45 21 on
503 3052 96 30 veut,
622 3047 67 30 àla
714 3048 100 37 place
833 3046 61 32 des
934 3047 258 41 Compagnons
1214 3048 45 30 du
1280 3047 127 31 Devoir
1444 3048 139 32 donner
1599 3059 47 21 un
1670 3055 101 25 autre
1790 3049 215 32 vaudeville.
2032 3048 82 37 Cris,

146 3096 162 29 tumulte.
329 3094 55 32 On
412 3104 44 22 ne
480 3094 89 32 sévit
589 3105 63 30 pas
676 3103 7 20 :
705 3108 14 14 «
745 3095 60 32 des
828 3095 160 32 ouvriers
1007 3103 62 25 ont
1104 3098 33 30 la
1157 3099 71 29 tête
1247 3097 143 32 montée
1425 3108 63 29 par
1515 3099 32 31 le
1566 3097 59 33 vin
1658 3108 177 23 nouveau.
1861 3108 16 22 »
1911 3099 132 42 (Lettre
2074 3097 41 32 du

150 3153 34 21 11
213 3143 177 40 octobre.)
