2267 3856
638 241 274 35 EXÉCUTIONS
949 249 50 26 ET
1033 248 326 29 PUBLICATIONS
1395 242 227 35 RÉCENTES

2045 252 69 36 103

116 344 148 41 chant.
290 342 120 41 C'est
429 341 119 42 faute
564 341 98 41 d'en
685 341 324 51 expérimenter
1031 349 40 32 et
1093 338 99 44 d'en
1215 346 277 37 reconnaître
1520 342 38 40 la
1580 340 119 42 force
1722 355 85 39 que
1829 350 66 32 cet
1914 351 66 32 art
2001 343 116 40 idéal

116 421 66 32 est
202 413 172 40 devenu
397 412 40 40 la
458 413 124 50 proie
598 409 133 42 d'une
753 409 266 41 matérialité
1043 410 75 52 qui
1145 409 196 43 l'écrase.
1364 410 458 49 Malheureusement,
1861 411 39 40 le
1932 411 88 40 mal
2053 419 65 32 est

119 483 206 51 atavique
347 489 42 32 et
408 481 101 50 plus
524 477 198 49 difficile,
747 492 81 39 par
850 482 290 49 conséquent,
1177 484 22 36 à
1220 481 228 40 déraciner
1466 495 7 25 :
1499 479 29 42 il
1547 495 28 37 y
1598 493 21 26 a
1645 479 70 40 des
1750 479 145 40 siècles
1928 494 87 37 que
2054 480 62 40 les

119 550 237 41 chanteurs
388 549 251 41 travaillent
663 548 95 41 leur
782 549 267 51 respiration
1071 562 54 27 au
1149 549 88 41 lieu
1260 549 53 41 de
1336 549 226 41 travailler
1588 548 95 41 leur
1714 547 176 50 timbre,
1924 557 41 33 et
1988 547 130 54 qu'ils

119 627 263 45 supportent
402 618 63 41 les
489 619 194 52 caprices
707 617 53 40 de
782 617 97 40 leur
899 618 100 40 voix
1023 631 55 27 au
1095 618 87 41 lieu
1199 618 54 42 de
1275 618 41 40 la
1334 618 203 42 dominer
1557 632 81 38 par
1657 618 40 40 la
1718 616 118 42 force
1862 618 54 40 de
1953 615 128 43 l'idée
2105 632 10 35 ;

118 688 146 41 tandis
297 687 107 53 qu'il
425 686 72 55 n'y
519 702 22 25 a
566 700 79 40 pas
665 684 213 52 d'organe
919 686 174 41 normal
1126 688 75 51 qui
1234 701 55 28 ne
1326 689 166 51 puisse,
1536 687 161 41 cultivé
1728 686 390 42 rationnellement

117 771 80 38 par
217 757 63 40 les
303 756 198 41 données
534 756 239 47 ci-dessus,
801 756 165 40 arriver
991 759 21 37 à
1032 756 269 53 développer
1321 764 120 33 toute
1470 769 46 28 sa
1540 755 278 53 potentialité
1841 755 214 41 musicale
2078 764 40 32 et

117 827 268 50 expressive,
407 825 198 52 toujours
639 823 244 50 suffisante,
909 823 104 42 sauf
1043 825 53 41 de
1119 838 119 28 rares
1263 827 270 50 exceptions,
1556 837 114 40 pour
1711 837 86 28 une
1832 825 114 51 juste
1981 826 115 39 inter-

119 895 220 51 prétation
358 894 60 41 du
438 895 241 51 répertoire
702 893 188 52 lyrique.

1568 953 152 43 MARIA
1752 953 198 43 GIBELLO

1692 1035 200 51 (Rome).

535 1310 353 43 Exécutions
924 1313 56 39 et
1013 1311 391 53 publications
1435 1312 281 42 récentes.

178 1435 263 44 SOUVENIRS
475 1450 86 28 SUR
593 1436 210 42 RICHARD
837 1436 227 51 WAGNER,
1093 1450 79 39 par
1198 1435 173 52 Angelo
1410 1435 254 51 Neumann,
1689 1438 188 40 traduits
1900 1438 53 40 de
1983 1435 127 54 Tallemand

122 1435 172 42 par
351 1435 401 42 Maurice
809 1435 286 42 Rémon
1152 1435 115 42 et
1324 1435 400 42 Wilhelm
1781 1435 343 42 Bauer.

1308 1528 40 5 —
1388 1504 125 42 Voici
1536 1520 59 26 un
1618 1508 109 50 petit
1748 1506 180 42 volume
1952 1508 75 52 qui
2050 1506 69 42 n'a

122 1588 104 27 sans
249 1575 135 41 doute
404 1587 79 39 pas
505 1574 39 40 la
570 1577 251 49 prétention
854 1574 54 40 de
930 1574 172 40 donner
1125 1587 85 27 une
1243 1574 210 52 synthèse
1477 1574 54 41 de
1554 1574 184 42 l'oeuvre
1762 1575 52 41 de
1837 1575 219 51 Wagner,
2078 1577 43 39 ni

122 1643 51 41 de
196 1644 246 39 constituer
461 1656 87 27 une
569 1642 266 54 biographie
855 1642 216 41 détaillée.
1110 1641 118 42 C'est
1266 1655 88 28 une
1389 1644 113 39 série
1530 1643 300 48 d'anecdotes,
1874 1644 245 41 recueillies

122 1726 80 39 par
220 1711 112 41 celui
356 1713 74 50 qui
454 1710 65 41 fut
541 1710 203 52 d'abord,
771 1725 175 27 comme
965 1711 229 51 chanteur,
1220 1709 269 54 l'interprète
1527 1711 57 42 du
1621 1716 157 37 maître
1800 1713 53 40 de
1875 1711 244 54 Bayreuth,

123 1782 117 51 puis,
262 1793 173 27 comme
457 1780 221 41 directeur
696 1781 55 40 de
775 1780 185 48 théâtre,
988 1784 21 36 à
1032 1779 201 53 Leipzig,
1256 1784 21 36 à
1303 1779 167 48 Berlin,
1496 1784 21 36 à
1537 1778 218 50 Londres,
1781 1794 81 28 son
1895 1794 199 40 propaga-

123 1858 96 32 teur
241 1857 41 32 et
301 1847 238 42 défenseur
562 1848 38 41 le
624 1849 101 50 plus
750 1849 170 40 ardent.
949 1847 30 41 Il
1014 1848 53 40 l'a
1092 1861 146 28 connu
1261 1857 42 32 et
1324 1863 58 26 vu
1415 1848 53 41 de
1503 1854 101 47 près
1624 1862 10 36 ;
1668 1849 30 40 il
1723 1863 22 26 a
1766 1849 195 41 recueilli
1984 1850 54 40 de
2061 1850 60 42 lui

122 1922 76 36 des
221 1919 125 39 traits
379 1915 200 43 d'autant
603 1917 100 53 plus
727 1918 385 52 caractéristiques
1131 1916 131 53 qu'ils
1282 1930 54 27 ne
1360 1925 99 33 sont
1478 1930 79 39 pas
1580 1922 210 48 préparés
1816 1932 10 35 ;
1866 1918 30 40 il
1932 1919 82 41 cite
2037 1931 85 28 une

123 1988 202 52 quantité
352 1986 54 40 de
429 1986 152 40 lettres
601 1994 41 32 et
665 1986 52 40 de
741 1986 218 52 dépêches
983 1983 197 43 d'autant
1208 1985 99 53 plus
1344 1988 317 39 intéressantes
1696 1986 181 52 qu'elles
1913 1988 209 40 n'étaient

123 2069 79 39 pas
222 2056 223 39 destinées
470 2059 21 35 à
511 2054 40 40 la
573 2054 228 52 publicité.
828 2054 116 41 Tout
968 2054 90 40 cela
1080 2062 65 33 est
1165 2058 205 48 présenté
1385 2067 54 27 en
1458 2062 155 46 quatre
1633 2054 216 42 divisions
1868 2056 253 49 (souvenirs

124 2124 227 46 lointains,
393 2122 38 40 le
475 2122 127 54 Ring
644 2127 21 35 à
696 2121 200 54 Leipzig,
933 2122 166 46 Berlin,
1139 2122 142 40 désirs
1321 2130 40 33 et
1402 2122 300 54 réalisations)
1748 2125 75 51 qui
1856 2136 55 28 ne
1952 2136 144 29 corres-

124 2192 198 53 pondent
346 2204 78 38 pas
450 2195 21 36 à
497 2191 77 40 des
599 2193 370 51 préoccupations
1007 2190 272 53 historiques
1303 2204 54 27 ou
1383 2191 390 53 philosophiques,
1798 2193 114 39 mais
1934 2193 162 52 unique-

126 2270 121 32 ment
268 2276 82 27 aux
374 2261 198 40 diverses
593 2264 150 49 étapes
765 2260 80 40 des
870 2260 213 40 relations
1105 2259 54 40 de
1179 2268 126 31 notre
1338 2268 158 32 auteur
1519 2273 103 28 avec
1651 2268 126 33 notre
1806 2260 148 42 héros.

177 2329 148 42 Même
349 2331 169 51 surpris
537 2337 42 33 et
596 2329 135 40 décrit
750 2330 113 39 ainsi
882 2329 111 40 dans
1013 2327 38 41 la
1077 2328 255 41 familiarité
1355 2328 54 41 de
1431 2341 82 28 son
1537 2329 185 40 attitude
1745 2342 104 27 avec
1868 2342 82 28 son
1971 2329 128 55 impré-

122 2398 114 40 sario
251 2407 41 33 et
310 2412 69 27 ses
398 2400 280 50 interprètes,
698 2405 41 33 et
752 2397 172 50 malgré
941 2397 63 40 les
1024 2397 195 40 sourires
1241 2395 104 54 qu'il
1362 2405 104 44 peut
1485 2396 168 53 parfois
1666 2410 268 40 provoquer,
1948 2397 54 42 R.
2018 2397 70 42 Wa-

122 2481 111 37 gner
254 2476 113 32 reste
391 2467 199 52 toujours
605 2466 137 51 digne
758 2466 53 40 de
834 2473 126 33 notre
980 2465 272 41 admiration
1276 2473 41 32 et
1342 2464 53 41 de
1418 2474 127 32 notre
1573 2474 183 44 respect.
1794 2464 133 44 L'Art
1946 2468 110 47 vrai,
2083 2468 38 39 la

122 2536 225 41 beautéde
369 2534 179 49 l'Art,le
565 2533 426 54 triomphedel'Art,
1007 2534 116 40 voilà
1141 2547 48 27 sa
1207 2536 342 51 préoccupation
1566 2535 552 53 principaleetconstante.

122 2604 30 41 Il
172 2619 52 26 ne
242 2605 186 40 cherche
452 2605 158 52 jamais
635 2608 21 36 à
677 2616 172 38 gagner
862 2604 39 40 la
918 2602 224 42 faveurdu
1158 2601 151 53 public
1332 2617 79 39 par
1433 2603 77 41 des
1531 2602 285 53 subterfuges
1840 2617 56 28 ou
1919 2604 78 40 des
2014 2617 81 28 con-

122 2675 212 38 cessions.
363 2671 79 42 S'il
465 2681 65 32 est
551 2671 174 41 difficile
749 2677 21 35 à
796 2670 153 43 l'excès
972 2684 112 40 pour
1101 2672 38 39 le
1159 2672 127 40 choix
1305 2672 54 39 de
1382 2685 70 27 ses
1475 2672 252 49 chanteurs,
1750 2673 29 39 il
1803 2686 55 27 ne
1880 2685 142 38 songe
2045 2686 79 39 pas

124 2746 21 37 à
169 2742 139 54 plaire
331 2746 22 35 à
395 2754 69 27 ses
495 2741 242 47 auditeurs,
770 2742 115 39 mais
918 2744 21 36 à
983 2740 172 40 donner
1193 2743 21 36 à
1248 2738 110 42 l'Art
1393 2740 76 40 des
1505 2743 262 50 interprètes
1800 2741 159 51 dignes
1994 2742 53 39 de
2086 2741 37 40 le

124 2811 293 52 comprendre
440 2819 40 31 et
503 2811 54 39 de
573 2807 261 54 l'exprimer.
861 2808 30 42 Il
915 2822 55 27 ne
991 2817 103 32 veut
1117 2821 80 40 pas
1221 2809 134 52 qu'on
1378 2808 100 41 aille
1508 2809 209 40 chercher
1736 2809 38 40 le
1797 2809 164 53 public.
1980 2809 31 40 Il
2031 2809 93 41 faut

123 2893 86 39 que
232 2880 38 39 le
295 2879 149 52 public
466 2880 160 39 vienne
650 2882 20 36 à
708 2879 76 47 lui,
824 2877 254 48 librement,
1103 2877 389 47 volontairement,
1517 2890 104 27 avec
1651 2878 39 39 la
1729 2882 162 47 pensée
1913 2878 53 40 de
1999 2891 93 27 com-

123 2950 175 40 munier
317 2948 112 40 dans
450 2948 62 40 les
534 2947 99 53 plus
658 2947 158 41 hautes
834 2948 180 49 régions
1031 2946 53 40 de
1101 2943 127 42 l'âme
1245 2945 228 48 humaine,
1494 2954 42 32 et
1562 2959 89 27 non
1668 2959 54 27 en
1746 2949 129 50 quête
1898 2946 52 40 de
1968 2948 153 39 vaines

123 3018 213 40 flatteries
356 3030 54 28 ou
433 3017 54 40 de
511 3016 80 40 bas
614 3016 178 52 plaisirs
812 3016 79 40 des
914 3028 123 28 sens.

175 3085 123 41 Dans
321 3094 110 32 cette
452 3086 261 50 conception
735 3086 35 38 si
800 3083 133 42 noble
957 3084 57 40 du
1033 3083 92 41 rôle
1146 3082 135 40 social
1302 3083 53 40 de
1378 3082 196 52 l'artiste,
1597 3084 29 40 il
1663 3097 22 27 a
1708 3084 181 41 soulevé
1913 3098 54 26 en
2006 3083 93 41 Alle-

122 3168 163 38 magne
306 3159 159 42 même,
482 3162 40 31 et
546 3160 174 33 surtout
742 3166 54 26 en
819 3152 180 47 Prusse,
1038 3152 77 40 des
1150 3152 282 52 oppositions
1472 3160 41 33 et
1550 3152 77 41 des
1650 3152 220 41 hostilités
1905 3153 217 40 violentes

123 3226 75 51 qui
222 3232 75 32 ont
320 3223 110 40 duré
449 3221 172 54 jusqu'à
645 3235 46 27 sa
709 3229 131 33 mort.
861 3220 61 41 La
948 3220 99 52 plus
1071 3220 169 50 grande
1273 3223 139 50 partie
1435 3221 53 40 de
1511 3221 39 40 la
1572 3233 151 40 presse
1746 3221 251 41 allemande
2021 3221 102 42 s'est

122 3293 218 39 acharnée
378 3299 151 34 contre
568 3291 75 40 lui.
685 3289 167 42 Toutes
896 3289 62 41 les
997 3290 279 39 accusations
1315 3303 294 37 saugrenues,
1651 3298 143 32 toutes
1827 3289 62 42 les
1923 3289 199 53 stupides

123 3362 329 51 appréciations
489 3373 85 40 que
610 3372 115 28 nous
762 3371 138 28 avons
959 3371 58 38 pu
1056 3358 211 39 entendre
1300 3361 20 37 à
1365 3357 128 42 Paris
1532 3362 144 37 même
1715 3367 149 32 contre
1924 3357 197 54 l'épopée

124 3431 331 48 wagnérienne,
475 3453 54 3 —
548 3442 47 27 ce
616 3427 109 41 n'est
749 3440 85 40 que
857 3429 58 38 du
951 3427 117 40 bruit
1091 3429 7 37 !
1120 3425 28 41 il
1172 3423 70 56 n'y
1265 3440 20 27 a
1311 3440 78 39 pas
1437 3429 53 39 de
1532 3427 191 41 mélodie
1757 3430 8 37 î
1811 3435 80 32 etc.
1935 3450 53 4 —
2030 3435 93 33 tout

123 3498 88 38 cela
233 3507 64 31 est
321 3500 112 50 parti
451 3496 326 52 d'Allemagne,
800 3505 42 31 et
864 3504 276 32 notamment
1160 3495 54 39 de
1237 3494 163 42 Berlin.
1424 3494 287 54 L'empereur
1733 3493 257 43 Guillaume
2011 3495 13 41 I
2028 3500 33 18 er
2083 3505 39 31 et

124 3578 81 29 son
238 3574 247 43 entourage
501 3569 42 46 (à
563 3565 261 53 l'exception
849 3562 210 45 toutefois
1078 3564 56 40 du
1157 3565 148 54 prince
1340 3564 181 41 héritier
1541 3566 74 52 qui
1651 3564 64 42 fut
1746 3564 101 53 plus
1865 3565 94 40 tard
1999 3562 123 43 l'em-
