<?xml version="1.0" encoding="UTF-8"?>
<alto xmlns:xsi="http://www.w3.org/2001/XMLSchema-instance" xmlns="http://www.loc.gov/standards/alto/ns-v2#" xsi:schemaLocation="http://www.loc.gov/standards/alto/ns-v2# http://www.loc.gov/standards/alto/alto-v2.0.xsd" xmlns:xlink="http://www.w3.org/1999/xlink">
	<Description>
		<MeasurementUnit>mm10</MeasurementUnit>
		<sourceImageInformation>
			<fileName>//fileserver7/IN2/Princeton/Batch3/bmtnabh/1906/07/01_01/00000270.tif</fileName>
		</sourceImageInformation>
		<OCRProcessing ID="OCRPROCESSING_1">
			<preProcessingStep>
				<processingSoftware>
					<softwareCreator>CCS Content Conversion Specialists GmbH, Germany</softwareCreator>
					<softwareName>CCS docWORKS</softwareName>
					<softwareVersion>6.6-1.18</softwareVersion>
				</processingSoftware>
			</preProcessingStep>
			<ocrProcessingStep>
				<processingSoftware>
					<softwareCreator>ABBYY (BIT Software), Russia</softwareCreator>
					<softwareName>FineReader</softwareName>
					<softwareVersion>10.0</softwareVersion>
				</processingSoftware>
			</ocrProcessingStep>
		</OCRProcessing>
	</Description>
	<Styles>
		<TextStyle ID="TXT_0" FONTSIZE="13" FONTFAMILY="Times New Roman" FONTSTYLE="bold"/>
		<TextStyle ID="TXT_1" FONTSIZE="11" FONTFAMILY="Arial"/>
		<TextStyle ID="TXT_2" FONTSIZE="19" FONTFAMILY="Times New Roman"/>
		<TextStyle ID="TXT_3" FONTSIZE="19" FONTFAMILY="Times New Roman" FONTSTYLE="italics"/>
		<TextStyle ID="TXT_4" FONTSIZE="16" FONTFAMILY="Times New Roman" FONTSTYLE="bold"/>
		<TextStyle ID="TXT_5" FONTSIZE="15" FONTFAMILY="Times New Roman"/>
		<TextStyle ID="TXT_6" FONTSIZE="15" FONTFAMILY="Times New Roman" FONTSTYLE="italics"/>
		<TextStyle ID="TXT_7" FONTSIZE="11" FONTFAMILY="Times New Roman" FONTSTYLE="bold"/>
		<ParagraphStyle ID="PAR_RIGHT" ALIGN="Right"/>
		<ParagraphStyle ID="PAR_LEFT" ALIGN="Left"/>
		<ParagraphStyle ID="PAR_BLOCK" ALIGN="Block"/>
	</Styles>
	<Layout>
		<Page ID="P28" PHYSICAL_IMG_NR="28" HEIGHT="4183" WIDTH="2512" PC="0.903">
			<TopMargin ID="P28_TM00001" HPOS="0" VPOS="0" WIDTH="2512" HEIGHT="285">
				<TextBlock ID="P28_TB00001" HPOS="947" VPOS="229" WIDTH="917" HEIGHT="50" STYLEREFS="TXT_0 PAR_RIGHT">
					<TextLine ID="P28_TL00001" HPOS="948" VPOS="230" WIDTH="916" HEIGHT="49">
						<String ID="P28_ST00001" HPOS="948" VPOS="252" WIDTH="56" HEIGHT="27" CONTENT="LE" WC="0.61" CC="61"/>
						<SP ID="P28_SP00001" HPOS="1004" VPOS="279" WIDTH="35"/>
						<String ID="P28_ST00002" HPOS="1039" VPOS="248" WIDTH="238" HEIGHT="30" CONTENT="MERCURE" WC="0.98" CC="6060664"/>
						<SP ID="P28_SP00002" HPOS="1277" VPOS="279" WIDTH="36"/>
						<String ID="P28_ST00003" HPOS="1313" VPOS="244" WIDTH="216" HEIGHT="31" CONTENT="MUSICAL" WC="0.98" CC="8026105"/>
						<SP ID="P28_SP00003" HPOS="1529" VPOS="279" WIDTH="134"/>
						<String ID="P28_ST00004" HPOS="1663" VPOS="230" WIDTH="201" HEIGHT="42" CONTENT="I-VII-OÔ" WC="0.51" CC="74414456"/>
					</TextLine>
				</TextBlock>
				<TextBlock ID="P28_TB00002" HPOS="411" VPOS="257" WIDTH="56" HEIGHT="28" STYLEREFS="TXT_1 PAR_LEFT">
					<TextLine ID="P28_TL00002" HPOS="412" VPOS="258" WIDTH="55" HEIGHT="27">
						<String ID="P28_ST00005" HPOS="412" VPOS="258" WIDTH="55" HEIGHT="27" CONTENT="22" WC="1.00" CC="00"/>
					</TextLine>
				</TextBlock>
			</TopMargin>
			<LeftMargin ID="P28_LM00001" HPOS="0" VPOS="281" WIDTH="404" HEIGHT="3587"/>
			<RightMargin ID="P28_RM00001" HPOS="2428" VPOS="281" WIDTH="84" HEIGHT="3587"/>
			<BottomMargin ID="P28_BM00001" HPOS="0" VPOS="3868" WIDTH="2512" HEIGHT="315"/>
			<PrintSpace ID="P28_PS00001" HPOS="404" VPOS="281" WIDTH="2024" HEIGHT="3587">
				<TextBlock ID="P28_TB00003" HPOS="408" VPOS="441" WIDTH="1994" HEIGHT="1066" STYLEREFS="TXT_2 PAR_BLOCK">
					<TextLine ID="P28_TL00003" HPOS="412" VPOS="441" WIDTH="1985" HEIGHT="80">
						<String ID="P28_ST00006" HPOS="412" VPOS="462" WIDTH="271" HEIGHT="52" CONTENT="certaines" WC="1.00" CC="601000000"/>
						<SP ID="P28_SP00004" HPOS="683" VPOS="514" WIDTH="26"/>
						<String ID="P28_ST00007" HPOS="709" VPOS="456" WIDTH="136" HEIGHT="51" CONTENT="fêtes" WC="1.00" CC="03000"/>
						<SP ID="P28_SP00005" HPOS="845" VPOS="514" WIDTH="23"/>
						<String ID="P28_ST00008" HPOS="868" VPOS="455" WIDTH="205" HEIGHT="51" CONTENT="étaient" WC="0.99" CC="0005030"/>
						<SP ID="P28_SP00006" HPOS="1073" VPOS="514" WIDTH="27"/>
						<String ID="P28_ST00009" HPOS="1100" VPOS="453" WIDTH="47" HEIGHT="50" CONTENT="le" WC="1.00" CC="00"/>
						<SP ID="P28_SP00007" HPOS="1147" VPOS="514" WIDTH="24"/>
						<String ID="P28_ST00010" HPOS="1171" VPOS="455" WIDTH="247" HEIGHT="66" CONTENT="prétexte" WC="0.99" CC="56040000"/>
						<SP ID="P28_SP00008" HPOS="1418" VPOS="521" WIDTH="30"/>
						<String ID="P28_ST00011" HPOS="1448" VPOS="462" WIDTH="13" HEIGHT="54" CONTENT=";" WC="0.33" CC="6"/>
						<SP ID="P28_SP00009" HPOS="1461" VPOS="521" WIDTH="28"/>
						<String ID="P28_ST00012" HPOS="1489" VPOS="453" WIDTH="29" HEIGHT="45" CONTENT="à" WC="0.24" CC="7"/>
						<SP ID="P28_SP00010" HPOS="1518" VPOS="521" WIDTH="43"/>
						<String ID="P28_ST00013" HPOS="1561" VPOS="445" WIDTH="118" HEIGHT="53" CONTENT="vrai" WC="0.98" CC="1403"/>
						<SP ID="P28_SP00011" HPOS="1679" VPOS="521" WIDTH="32"/>
						<String ID="P28_ST00014" HPOS="1711" VPOS="443" WIDTH="137" HEIGHT="63" CONTENT="dire," WC="0.98" CC="03603"/>
						<SP ID="P28_SP00012" HPOS="1848" VPOS="521" WIDTH="50"/>
						<String ID="P28_ST00015" HPOS="1898" VPOS="441" WIDTH="43" HEIGHT="51" CONTENT="si" WC="0.68" CC="15"/>
						<SP ID="P28_SP00013" HPOS="1941" VPOS="521" WIDTH="56"/>
						<String ID="P28_ST00016" HPOS="1997" VPOS="460" WIDTH="77" HEIGHT="35" CONTENT="un" WC="0.77" CC="40"/>
						<SP ID="P28_SP00014" HPOS="2074" VPOS="521" WIDTH="23"/>
						<String ID="P28_ST00017" HPOS="2097" VPOS="456" WIDTH="177" HEIGHT="39" CONTENT="motet" WC="1.00" CC="00300"/>
						<SP ID="P28_SP00015" HPOS="2274" VPOS="521" WIDTH="50"/>
						<String ID="P28_ST00018" HPOS="2324" VPOS="445" WIDTH="73" HEIGHT="52" CONTENT="du" WC="0.78" CC="04"/>
					</TextLine>
					<TextLine ID="P28_TL00004" HPOS="416" VPOS="517" WIDTH="1981" HEIGHT="79">
						<String ID="P28_ST00019" HPOS="416" VPOS="539" WIDTH="64" HEIGHT="50" CONTENT="R." WC="0.97" CC="00"/>
						<SP ID="P28_SP00016" HPOS="480" VPOS="589" WIDTH="32"/>
						<String ID="P28_ST00020" HPOS="512" VPOS="537" WIDTH="61" HEIGHT="50" CONTENT="P." WC="0.69" CC="06"/>
						<SP ID="P28_SP00017" HPOS="573" VPOS="589" WIDTH="32"/>
						<String ID="P28_ST00021" HPOS="605" VPOS="531" WIDTH="362" HEIGHT="54" CONTENT="Lambillotte" WC="0.82" CC="00012653000"/>
						<SP ID="P28_SP00018" HPOS="967" VPOS="589" WIDTH="20"/>
						<String ID="P28_ST00022" HPOS="987" VPOS="547" WIDTH="72" HEIGHT="35" CONTENT="ou" WC="1.00" CC="00"/>
						<SP ID="P28_SP00019" HPOS="1059" VPOS="589" WIDTH="27"/>
						<String ID="P28_ST00023" HPOS="1086" VPOS="530" WIDTH="66" HEIGHT="51" CONTENT="de" WC="0.78" CC="40"/>
						<SP ID="P28_SP00020" HPOS="1152" VPOS="589" WIDTH="34"/>
						<String ID="P28_ST00024" HPOS="1186" VPOS="526" WIDTH="242" HEIGHT="70" CONTENT="quelque" WC="0.99" CC="3007001"/>
						<SP ID="P28_SP00021" HPOS="1428" VPOS="596" WIDTH="33"/>
						<String ID="P28_ST00025" HPOS="1461" VPOS="538" WIDTH="155" HEIGHT="38" CONTENT="autre" WC="0.99" CC="00060"/>
						<SP ID="P28_SP00022" HPOS="1616" VPOS="596" WIDTH="33"/>
						<String ID="P28_ST00026" HPOS="1649" VPOS="520" WIDTH="190" HEIGHT="53" CONTENT="artiste" WC="0.99" CC="4602300"/>
						<SP ID="P28_SP00023" HPOS="1839" VPOS="596" WIDTH="32"/>
						<String ID="P28_ST00027" HPOS="1871" VPOS="519" WIDTH="65" HEIGHT="51" CONTENT="de" WC="1.00" CC="00"/>
						<SP ID="P28_SP00024" HPOS="1936" VPOS="596" WIDTH="26"/>
						<String ID="P28_ST00028" HPOS="1962" VPOS="519" WIDTH="51" HEIGHT="51" CONTENT="la" WC="1.00" CC="00"/>
						<SP ID="P28_SP00025" HPOS="2013" VPOS="596" WIDTH="33"/>
						<String ID="P28_ST00029" HPOS="2046" VPOS="517" WIDTH="351" HEIGHT="72" CONTENT="Compagnie" WC="1.00" CC="450000001"/>
					</TextLine>
					<TextLine ID="P28_TL00005" HPOS="412" VPOS="594" WIDTH="1987" HEIGHT="72">
						<String ID="P28_ST00030" HPOS="412" VPOS="613" WIDTH="64" HEIGHT="49" CONTENT="de" WC="1.00" CC="00"/>
						<SP ID="P28_SP00026" HPOS="476" VPOS="662" WIDTH="32"/>
						<String ID="P28_ST00031" HPOS="508" VPOS="611" WIDTH="163" HEIGHT="50" CONTENT="Jésus" WC="1.00" CC="00000"/>
						<SP ID="P28_SP00027" HPOS="671" VPOS="662" WIDTH="34"/>
						<String ID="P28_ST00032" HPOS="705" VPOS="606" WIDTH="145" HEIGHT="54" CONTENT="avait" WC="1.00" CC="00012"/>
						<SP ID="P28_SP00028" HPOS="850" VPOS="662" WIDTH="27"/>
						<String ID="P28_ST00033" HPOS="877" VPOS="605" WIDTH="207" HEIGHT="53" CONTENT="offensé" WC="0.98" CC="3770500"/>
						<SP ID="P28_SP00029" HPOS="1084" VPOS="662" WIDTH="27"/>
						<String ID="P28_ST00034" HPOS="1111" VPOS="622" WIDTH="87" HEIGHT="33" CONTENT="ses" WC="1.00" CC="000"/>
						<SP ID="P28_SP00030" HPOS="1198" VPOS="662" WIDTH="40"/>
						<String ID="P28_ST00035" HPOS="1238" VPOS="601" WIDTH="242" HEIGHT="65" CONTENT="oreilles," WC="1.00" CC="040000006"/>
						<SP ID="P28_SP00031" HPOS="1480" VPOS="666" WIDTH="24"/>
						<String ID="P28_ST00036" HPOS="1504" VPOS="601" WIDTH="48" HEIGHT="51" CONTENT="le" WC="0.77" CC="40"/>
						<SP ID="P28_SP00032" HPOS="1552" VPOS="666" WIDTH="27"/>
						<String ID="P28_ST00037" HPOS="1579" VPOS="596" WIDTH="335" HEIGHT="70" CONTENT="scrupuleux" WC="0.99" CC="0266060160"/>
						<SP ID="P28_SP00033" HPOS="1914" VPOS="666" WIDTH="31"/>
						<String ID="P28_ST00038" HPOS="1945" VPOS="594" WIDTH="236" HEIGHT="53" CONTENT="visiteur" WC="1.00" CC="02000005"/>
						<SP ID="P28_SP00034" HPOS="2181" VPOS="666" WIDTH="40"/>
						<String ID="P28_ST00039" HPOS="2221" VPOS="595" WIDTH="178" HEIGHT="52" CONTENT="aurait" WC="0.99" CC="056020"/>
					</TextLine>
					<TextLine ID="P28_TL00006" HPOS="413" VPOS="671" WIDTH="1988" HEIGHT="80">
						<String ID="P28_ST00040" HPOS="413" VPOS="690" WIDTH="83" HEIGHT="47" CONTENT="été" WC="0.99" CC="010"/>
						<SP ID="P28_SP00035" HPOS="496" VPOS="737" WIDTH="33"/>
						<String ID="P28_ST00041" HPOS="529" VPOS="685" WIDTH="167" HEIGHT="51" CONTENT="fondé" WC="0.98" CC="06500"/>
						<SP ID="P28_SP00036" HPOS="696" VPOS="737" WIDTH="41"/>
						<String ID="P28_ST00042" HPOS="737" VPOS="688" WIDTH="29" HEIGHT="47" CONTENT="à" WC="0.50" CC="4"/>
						<SP ID="P28_SP00037" HPOS="766" VPOS="737" WIDTH="34"/>
						<String ID="P28_ST00043" HPOS="800" VPOS="685" WIDTH="78" HEIGHT="50" CONTENT="les" WC="1.00" CC="000"/>
						<SP ID="P28_SP00038" HPOS="878" VPOS="737" WIDTH="34"/>
						<String ID="P28_ST00044" HPOS="912" VPOS="680" WIDTH="276" HEIGHT="71" CONTENT="proscrire" WC="0.99" CC="060026160"/>
						<SP ID="P28_SP00039" HPOS="1188" VPOS="751" WIDTH="48"/>
						<String ID="P28_ST00045" HPOS="1236" VPOS="697" WIDTH="69" HEIGHT="34" CONTENT="au" WC="0.72" CC="05"/>
						<SP ID="P28_SP00040" HPOS="1305" VPOS="751" WIDTH="41"/>
						<String ID="P28_ST00046" HPOS="1346" VPOS="694" WIDTH="138" HEIGHT="34" CONTENT="nom" WC="0.99" CC="300"/>
						<SP ID="P28_SP00041" HPOS="1484" VPOS="751" WIDTH="49"/>
						<String ID="P28_ST00047" HPOS="1533" VPOS="679" WIDTH="65" HEIGHT="48" CONTENT="de" WC="1.00" CC="00"/>
						<SP ID="P28_SP00042" HPOS="1598" VPOS="751" WIDTH="47"/>
						<String ID="P28_ST00048" HPOS="1645" VPOS="671" WIDTH="359" HEIGHT="69" CONTENT="l'esthétique" WC="0.99" CC="400031605050"/>
						<SP ID="P28_SP00043" HPOS="2004" VPOS="751" WIDTH="27"/>
						<String ID="P28_ST00049" HPOS="2031" VPOS="684" WIDTH="53" HEIGHT="38" CONTENT="et" WC="1.00" CC="00"/>
						<SP ID="P28_SP00044" HPOS="2084" VPOS="751" WIDTH="33"/>
						<String ID="P28_ST00050" HPOS="2117" VPOS="671" WIDTH="73" HEIGHT="51" CONTENT="du" WC="0.95" CC="00"/>
						<SP ID="P28_SP00045" HPOS="2190" VPOS="751" WIDTH="37"/>
						<String ID="P28_ST00051" HPOS="2227" VPOS="675" WIDTH="134" HEIGHT="65" CONTENT="goût" WC="0.98" CC="4400"/>
						<SP ID="P28_SP00046" HPOS="2361" VPOS="751" WIDTH="29"/>
						<String ID="P28_ST00052" HPOS="2390" VPOS="693" WIDTH="11" HEIGHT="42" CONTENT=";" WC="0.43" CC="5"/>
					</TextLine>
					<TextLine ID="P28_TL00007" HPOS="410" VPOS="746" WIDTH="1991" HEIGHT="84">
						<String ID="P28_ST00053" HPOS="410" VPOS="761" WIDTH="143" HEIGHT="52" CONTENT="mais" WC="1.00" CC="0000"/>
						<SP ID="P28_SP00047" HPOS="553" VPOS="813" WIDTH="26"/>
						<String ID="P28_ST00054" HPOS="579" VPOS="777" WIDTH="145" HEIGHT="53" CONTENT="pour" WC="0.98" CC="0163"/>
						<SP ID="P28_SP00048" HPOS="724" VPOS="830" WIDTH="29"/>
						<String ID="P28_ST00055" HPOS="753" VPOS="773" WIDTH="160" HEIGHT="38" CONTENT="notre" WC="0.99" CC="12060"/>
						<SP ID="P28_SP00049" HPOS="913" VPOS="830" WIDTH="33"/>
						<String ID="P28_ST00056" HPOS="946" VPOS="771" WIDTH="145" HEIGHT="56" CONTENT="part," WC="0.98" CC="10651"/>
						<SP ID="P28_SP00050" HPOS="1091" VPOS="830" WIDTH="27"/>
						<String ID="P28_ST00057" HPOS="1118" VPOS="773" WIDTH="142" HEIGHT="34" CONTENT="nous" WC="1.00" CC="0100"/>
						<SP ID="P28_SP00051" HPOS="1260" VPOS="830" WIDTH="24"/>
						<String ID="P28_ST00058" HPOS="1284" VPOS="770" WIDTH="195" HEIGHT="48" CONTENT="avons," WC="1.00" CC="000400"/>
						<SP ID="P28_SP00052" HPOS="1479" VPOS="830" WIDTH="36"/>
						<String ID="P28_ST00059" HPOS="1515" VPOS="755" WIDTH="28" HEIGHT="48" CONTENT="à" WC="0.31" CC="6"/>
						<SP ID="P28_SP00053" HPOS="1543" VPOS="830" WIDTH="35"/>
						<String ID="P28_ST00060" HPOS="1578" VPOS="750" WIDTH="97" HEIGHT="52" CONTENT="lire" WC="0.99" CC="0060"/>
						<SP ID="P28_SP00054" HPOS="1675" VPOS="830" WIDTH="26"/>
						<String ID="P28_ST00061" HPOS="1701" VPOS="766" WIDTH="87" HEIGHT="33" CONTENT="ces" WC="0.99" CC="010"/>
						<SP ID="P28_SP00055" HPOS="1788" VPOS="830" WIDTH="50"/>
						<String ID="P28_ST00062" HPOS="1838" VPOS="754" WIDTH="193" HEIGHT="45" CONTENT="naïves" WC="0.99" CC="043000"/>
						<SP ID="P28_SP00056" HPOS="2031" VPOS="830" WIDTH="38"/>
						<String ID="P28_ST00063" HPOS="2069" VPOS="760" WIDTH="53" HEIGHT="38" CONTENT="et" WC="0.89" CC="02"/>
						<SP ID="P28_SP00057" HPOS="2122" VPOS="830" WIDTH="32"/>
						<String ID="P28_ST00064" HPOS="2154" VPOS="746" WIDTH="217" HEIGHT="70" CONTENT="gracieu" SUBS_TYPE="HypPart1" SUBS_CONTENT="gracieuses" WC="0.98" CC="6741400"/>
						<HYP HPOS="2371" VPOS="746" WIDTH="30" CONTENT="-"/>
					</TextLine>
					<TextLine ID="P28_TL00008" HPOS="412" VPOS="824" WIDTH="1989" HEIGHT="76">
						<String ID="P28_ST00065" HPOS="412" VPOS="854" WIDTH="84" HEIGHT="34" CONTENT="ses" SUBS_TYPE="HypPart2" SUBS_CONTENT="gracieuses" WC="1.00" CC="000"/>
						<SP ID="P28_SP00058" HPOS="496" VPOS="888" WIDTH="26"/>
						<String ID="P28_ST00066" HPOS="522" VPOS="835" WIDTH="305" HEIGHT="52" CONTENT="cantilènes" WC="0.88" CC="5100003100"/>
						<SP ID="P28_SP00059" HPOS="827" VPOS="888" WIDTH="28"/>
						<String ID="P28_ST00067" HPOS="855" VPOS="835" WIDTH="95" HEIGHT="51" CONTENT="des" WC="1.00" CC="000"/>
						<SP ID="P28_SP00060" HPOS="950" VPOS="888" WIDTH="42"/>
						<String ID="P28_ST00068" HPOS="992" VPOS="831" WIDTH="193" HEIGHT="52" CONTENT="siècles" WC="0.99" CC="0050200"/>
						<SP ID="P28_SP00061" HPOS="1185" VPOS="888" WIDTH="33"/>
						<String ID="P28_ST00069" HPOS="1218" VPOS="834" WIDTH="211" HEIGHT="66" CONTENT="passés," WC="1.00" CC="0000060"/>
						<SP ID="P28_SP00062" HPOS="1429" VPOS="900" WIDTH="47"/>
						<String ID="P28_ST00070" HPOS="1476" VPOS="845" WIDTH="77" HEIGHT="34" CONTENT="un" WC="0.69" CC="06"/>
						<SP ID="P28_SP00063" HPOS="1553" VPOS="900" WIDTH="54"/>
						<String ID="P28_ST00071" HPOS="1607" VPOS="825" WIDTH="193" HEIGHT="71" CONTENT="plaisir" WC="1.00" CC="0000006"/>
						<SP ID="P28_SP00064" HPOS="1800" VPOS="900" WIDTH="61"/>
						<String ID="P28_ST00072" HPOS="1861" VPOS="824" WIDTH="199" HEIGHT="52" CONTENT="délicat" WC="1.00" CC="0040003"/>
						<SP ID="P28_SP00065" HPOS="2060" VPOS="900" WIDTH="47"/>
						<String ID="P28_ST00073" HPOS="2107" VPOS="841" WIDTH="107" HEIGHT="51" CONTENT="que" WC="1.00" CC="000"/>
						<SP ID="P28_SP00066" HPOS="2214" VPOS="900" WIDTH="44"/>
						<String ID="P28_ST00074" HPOS="2258" VPOS="841" WIDTH="143" HEIGHT="36" CONTENT="nous" WC="0.99" CC="0040"/>
					</TextLine>
					<TextLine ID="P28_TL00009" HPOS="412" VPOS="900" WIDTH="1987" HEIGHT="73">
						<String ID="P28_ST00075" HPOS="412" VPOS="910" WIDTH="395" HEIGHT="53" CONTENT="chercherions" WC="0.99" CC="356704080470"/>
						<SP ID="P28_SP00067" HPOS="807" VPOS="963" WIDTH="26"/>
						<String ID="P28_ST00076" HPOS="833" VPOS="926" WIDTH="69" HEIGHT="35" CONTENT="en" WC="0.38" CC="66"/>
						<SP ID="P28_SP00068" HPOS="902" VPOS="963" WIDTH="23"/>
						<String ID="P28_ST00077" HPOS="925" VPOS="907" WIDTH="127" HEIGHT="52" CONTENT="vain" WC="0.97" CC="0446"/>
						<SP ID="P28_SP00069" HPOS="1052" VPOS="963" WIDTH="21"/>
						<String ID="P28_ST00078" HPOS="1073" VPOS="909" WIDTH="139" HEIGHT="49" CONTENT="dans" WC="0.99" CC="0060"/>
						<SP ID="P28_SP00070" HPOS="1212" VPOS="963" WIDTH="29"/>
						<String ID="P28_ST00079" HPOS="1241" VPOS="906" WIDTH="48" HEIGHT="51" CONTENT="le" WC="0.82" CC="30"/>
						<SP ID="P28_SP00071" HPOS="1289" VPOS="963" WIDTH="27"/>
						<String ID="P28_ST00080" HPOS="1316" VPOS="902" WIDTH="305" HEIGHT="71" CONTENT="répertoire" WC="0.99" CC="7000803073"/>
						<SP ID="P28_SP00072" HPOS="1621" VPOS="973" WIDTH="28"/>
						<String ID="P28_ST00081" HPOS="1649" VPOS="900" WIDTH="284" HEIGHT="53" CONTENT="ordinaire" WC="0.99" CC="370030462"/>
						<SP ID="P28_SP00073" HPOS="1933" VPOS="973" WIDTH="36"/>
						<String ID="P28_ST00082" HPOS="1969" VPOS="901" WIDTH="98" HEIGHT="51" CONTENT="des" WC="0.99" CC="030"/>
						<SP ID="P28_SP00074" HPOS="2067" VPOS="973" WIDTH="43"/>
						<String ID="P28_ST00083" HPOS="2110" VPOS="914" WIDTH="289" HEIGHT="40" CONTENT="couvents." WC="0.99" CC="040003005"/>
					</TextLine>
					<TextLine ID="P28_TL00010" HPOS="479" VPOS="975" WIDTH="1923" HEIGHT="81">
						<String ID="P28_ST00084" HPOS="479" VPOS="987" WIDTH="230" HEIGHT="69" CONTENT="Quelles" WC="1.00" CC="0000500"/>
						<SP ID="P28_SP00075" HPOS="709" VPOS="1056" WIDTH="28"/>
						<String ID="P28_ST00085" HPOS="737" VPOS="999" WIDTH="127" HEIGHT="39" CONTENT="sont" WC="0.98" CC="0063"/>
						<SP ID="P28_SP00076" HPOS="864" VPOS="1056" WIDTH="32"/>
						<String ID="P28_ST00086" HPOS="896" VPOS="986" WIDTH="142" HEIGHT="51" CONTENT="donc" WC="0.98" CC="0261"/>
						<SP ID="P28_SP00077" HPOS="1038" VPOS="1056" WIDTH="21"/>
						<String ID="P28_ST00087" HPOS="1059" VPOS="1001" WIDTH="88" HEIGHT="33" CONTENT="ces" WC="0.99" CC="100"/>
						<SP ID="P28_SP00078" HPOS="1147" VPOS="1056" WIDTH="492"/>
						<String ID="P28_ST00088" HPOS="1639" VPOS="980" WIDTH="305" HEIGHT="54" CONTENT="inordinaciones" WC="0.63" CC="06290077001690" STYLEREFS="TXT_3"/>
						<String ID="P28_ST00089" HPOS="1945" VPOS="977" WIDTH="38" HEIGHT="54" CONTENT="blâmables" WC="1.00" CC="006000400"/>
						<SP ID="P28_SP00079" HPOS="1983" VPOS="1056" WIDTH="1"/>
						<String ID="P28_ST00090" HPOS="1984" VPOS="977" WIDTH="58" HEIGHT="50" CONTENT="?" WC="1.00" CC="0"/>
						<SP ID="P28_SP00080" HPOS="2042" VPOS="1056" WIDTH="1"/>
						<String ID="P28_ST00091" HPOS="2043" VPOS="977" WIDTH="134" HEIGHT="50" CONTENT="En" WC="0.83" CC="30"/>
						<SP ID="P28_SP00081" HPOS="2177" VPOS="1056" WIDTH="1"/>
						<String ID="P28_ST00092" HPOS="2178" VPOS="975" WIDTH="224" HEIGHT="70" CONTENT="première" WC="0.99" CC="07002270"/>
					</TextLine>
					<TextLine ID="P28_TL00011" HPOS="410" VPOS="1050" WIDTH="1992" HEIGHT="82">
						<String ID="P28_ST00093" HPOS="410" VPOS="1062" WIDTH="166" HEIGHT="70" CONTENT="ligne," WC="0.98" CC="506600"/>
						<SP ID="P28_SP00082" HPOS="576" VPOS="1132" WIDTH="31"/>
						<String ID="P28_ST00094" HPOS="607" VPOS="1080" WIDTH="144" HEIGHT="34" CONTENT="nous" WC="0.97" CC="6260"/>
						<SP ID="P28_SP00083" HPOS="751" VPOS="1132" WIDTH="40"/>
						<String ID="P28_ST00095" HPOS="791" VPOS="1061" WIDTH="318" HEIGHT="51" CONTENT="relèverons" WC="0.99" CC="6000605040"/>
						<SP ID="P28_SP00084" HPOS="1109" VPOS="1132" WIDTH="28"/>
						<String ID="P28_ST00096" HPOS="1137" VPOS="1060" WIDTH="48" HEIGHT="49" CONTENT="le" WC="0.79" CC="40"/>
						<SP ID="P28_SP00085" HPOS="1185" VPOS="1132" WIDTH="34"/>
						<String ID="P28_ST00097" HPOS="1219" VPOS="1057" WIDTH="392" HEIGHT="69" CONTENT="déguisement" WC="1.00" CC="06050000020"/>
						<SP ID="P28_SP00086" HPOS="1611" VPOS="1132" WIDTH="50"/>
						<String ID="P28_ST00098" HPOS="1661" VPOS="1055" WIDTH="97" HEIGHT="50" CONTENT="des" WC="0.97" CC="015"/>
						<SP ID="P28_SP00087" HPOS="1758" VPOS="1132" WIDTH="43"/>
						<String ID="P28_ST00099" HPOS="1801" VPOS="1051" WIDTH="344" HEIGHT="70" CONTENT="religieuse?." WC="0.99" CC="600700170037"/>
						<SP ID="P28_SP00088" HPOS="2145" VPOS="1132" WIDTH="33"/>
						<String ID="P28_ST00100" HPOS="2178" VPOS="1050" WIDTH="192" HEIGHT="52" CONTENT="L'habi" SUBS_TYPE="HypPart1" SUBS_CONTENT="L'habitude" WC="0.99" CC="003003"/>
						<HYP HPOS="2370" VPOS="1050" WIDTH="32" CONTENT="-"/>
					</TextLine>
					<TextLine ID="P28_TL00012" HPOS="410" VPOS="1127" WIDTH="1992" HEIGHT="70">
						<String ID="P28_ST00101" HPOS="410" VPOS="1138" WIDTH="131" HEIGHT="53" CONTENT="tude" SUBS_TYPE="HypPart2" SUBS_CONTENT="L'habitude" WC="0.98" CC="4500"/>
						<SP ID="P28_SP00089" HPOS="541" VPOS="1191" WIDTH="21"/>
						<String ID="P28_ST00102" HPOS="562" VPOS="1137" WIDTH="210" HEIGHT="52" CONTENT="semble" WC="1.00" CC="000000"/>
						<SP ID="P28_SP00090" HPOS="772" VPOS="1191" WIDTH="28"/>
						<String ID="P28_ST00103" HPOS="800" VPOS="1141" WIDTH="110" HEIGHT="47" CONTENT="très" WC="0.98" CC="0610"/>
						<SP ID="P28_SP00091" HPOS="910" VPOS="1191" WIDTH="25"/>
						<String ID="P28_ST00104" HPOS="935" VPOS="1133" WIDTH="287" HEIGHT="54" CONTENT="ancienne." WC="0.99" CC="061106500"/>
						<SP ID="P28_SP00092" HPOS="1222" VPOS="1191" WIDTH="28"/>
						<String ID="P28_ST00105" HPOS="1250" VPOS="1132" WIDTH="110" HEIGHT="53" CONTENT="Car" WC="0.98" CC="400"/>
						<SP ID="P28_SP00093" HPOS="1360" VPOS="1191" WIDTH="26"/>
						<String ID="P28_ST00106" HPOS="1386" VPOS="1133" WIDTH="95" HEIGHT="51" CONTENT="dès" WC="0.98" CC="060"/>
						<SP ID="P28_SP00094" HPOS="1481" VPOS="1191" WIDTH="28"/>
						<String ID="P28_ST00107" HPOS="1509" VPOS="1131" WIDTH="47" HEIGHT="51" CONTENT="le" WC="0.82" CC="30"/>
						<SP ID="P28_SP00095" HPOS="1556" VPOS="1191" WIDTH="25"/>
						<String ID="P28_ST00108" HPOS="1581" VPOS="1130" WIDTH="136" HEIGHT="52" CONTENT="haut" WC="0.98" CC="5020"/>
						<SP ID="P28_SP00096" HPOS="1717" VPOS="1191" WIDTH="22"/>
						<String ID="P28_ST00109" HPOS="1739" VPOS="1145" WIDTH="206" HEIGHT="52" CONTENT="moyen" WC="0.98" CC="03504"/>
						<SP ID="P28_SP00097" HPOS="1945" VPOS="1197" WIDTH="36"/>
						<String ID="P28_ST00110" HPOS="1981" VPOS="1133" WIDTH="121" HEIGHT="63" CONTENT="âge," WC="0.99" CC="4000"/>
						<SP ID="P28_SP00098" HPOS="2102" VPOS="1197" WIDTH="29"/>
						<String ID="P28_ST00111" HPOS="2131" VPOS="1127" WIDTH="78" HEIGHT="50" CONTENT="les" WC="1.00" CC="100"/>
						<SP ID="P28_SP00099" HPOS="2209" VPOS="1197" WIDTH="26"/>
						<String ID="P28_ST00112" HPOS="2235" VPOS="1127" WIDTH="167" HEIGHT="51" CONTENT="Pères" WC="0.99" CC="01700"/>
					</TextLine>
					<TextLine ID="P28_TL00013" HPOS="410" VPOS="1199" WIDTH="1992" HEIGHT="84">
						<String ID="P28_ST00113" HPOS="410" VPOS="1217" WIDTH="66" HEIGHT="50" CONTENT="de" WC="1.00" CC="00"/>
						<SP ID="P28_SP00100" HPOS="476" VPOS="1267" WIDTH="28"/>
						<String ID="P28_ST00114" HPOS="504" VPOS="1199" WIDTH="229" HEIGHT="84" CONTENT="l'Église" WC="0.99" CC="00090070"/>
						<SP ID="P28_SP00101" HPOS="733" VPOS="1283" WIDTH="44"/>
						<String ID="P28_ST00115" HPOS="777" VPOS="1226" WIDTH="53" HEIGHT="38" CONTENT="et" WC="0.84" CC="20"/>
						<SP ID="P28_SP00102" HPOS="830" VPOS="1283" WIDTH="27"/>
						<String ID="P28_ST00116" HPOS="857" VPOS="1213" WIDTH="77" HEIGHT="50" CONTENT="les" WC="0.99" CC="200"/>
						<SP ID="P28_SP00103" HPOS="934" VPOS="1283" WIDTH="34"/>
						<String ID="P28_ST00117" HPOS="968" VPOS="1210" WIDTH="418" HEIGHT="53" CONTENT="sermonnaires" WC="0.73" CC="006066006600"/>
						<SP ID="P28_SP00104" HPOS="1386" VPOS="1283" WIDTH="35"/>
						<String ID="P28_ST00118" HPOS="1421" VPOS="1208" WIDTH="263" HEIGHT="51" CONTENT="s'élèvent" WC="1.00" CC="010000010"/>
						<SP ID="P28_SP00105" HPOS="1684" VPOS="1283" WIDTH="35"/>
						<String ID="P28_ST00119" HPOS="1719" VPOS="1220" WIDTH="190" HEIGHT="35" CONTENT="contre" WC="0.99" CC="314050"/>
						<SP ID="P28_SP00106" HPOS="1909" VPOS="1283" WIDTH="43"/>
						<String ID="P28_ST00120" HPOS="1952" VPOS="1216" WIDTH="87" HEIGHT="38" CONTENT="cet" WC="0.99" CC="300"/>
						<SP ID="P28_SP00107" HPOS="2039" VPOS="1283" WIDTH="40"/>
						<String ID="P28_ST00121" HPOS="2079" VPOS="1220" WIDTH="187" HEIGHT="52" CONTENT="usage." WC="1.00" CC="000004"/>
						<SP ID="P28_SP00108" HPOS="2266" VPOS="1283" WIDTH="33"/>
						<String ID="P28_ST00122" HPOS="2299" VPOS="1205" WIDTH="103" HEIGHT="49" CONTENT="Les" WC="1.00" CC="000"/>
					</TextLine>
					<TextLine ID="P28_TL00014" HPOS="413" VPOS="1279" WIDTH="1989" HEIGHT="82">
						<String ID="P28_ST00123" HPOS="413" VPOS="1295" WIDTH="192" HEIGHT="66" CONTENT="païens" WC="0.99" CC="900010"/>
						<SP ID="P28_SP00109" HPOS="605" VPOS="1361" WIDTH="34"/>
						<String ID="P28_ST00124" HPOS="639" VPOS="1290" WIDTH="121" HEIGHT="68" CONTENT="déjà" WC="0.96" CC="0267"/>
						<SP ID="P28_SP00110" HPOS="760" VPOS="1361" WIDTH="26"/>
						<String ID="P28_ST00125" HPOS="786" VPOS="1288" WIDTH="220" HEIGHT="52" CONTENT="avaient" WC="0.99" CC="0000054"/>
						<SP ID="P28_SP00111" HPOS="1006" VPOS="1361" WIDTH="28"/>
						<String ID="P28_ST00126" HPOS="1034" VPOS="1290" WIDTH="349" HEIGHT="61" CONTENT="accoutumé," WC="0.99" CC="0023328003"/>
						<SP ID="P28_SP00112" HPOS="1383" VPOS="1361" WIDTH="41"/>
						<String ID="P28_ST00127" HPOS="1424" VPOS="1302" WIDTH="107" HEIGHT="33" CONTENT="aux" WC="0.96" CC="009"/>
						<SP ID="P28_SP00113" HPOS="1531" VPOS="1361" WIDTH="31"/>
						<String ID="P28_ST00128" HPOS="1562" VPOS="1282" WIDTH="263" HEIGHT="53" CONTENT="kalendes" WC="1.00" CC="00000000"/>
						<SP ID="P28_SP00114" HPOS="1825" VPOS="1361" WIDTH="35"/>
						<String ID="P28_ST00129" HPOS="1860" VPOS="1281" WIDTH="66" HEIGHT="51" CONTENT="de" WC="1.00" CC="00"/>
						<SP ID="P28_SP00115" HPOS="1926" VPOS="1361" WIDTH="35"/>
						<String ID="P28_ST00130" HPOS="1961" VPOS="1279" WIDTH="233" HEIGHT="68" CONTENT="janvier," WC="0.99" CC="53000063"/>
						<SP ID="P28_SP00116" HPOS="2194" VPOS="1361" WIDTH="35"/>
						<String ID="P28_ST00131" HPOS="2229" VPOS="1279" WIDTH="66" HEIGHT="50" CONTENT="de" WC="1.00" CC="00"/>
						<SP ID="P28_SP00117" HPOS="2295" VPOS="1361" WIDTH="53"/>
						<String ID="P28_ST00132" HPOS="2348" VPOS="1296" WIDTH="54" HEIGHT="34" CONTENT="se" WC="1.00" CC="00"/>
					</TextLine>
					<TextLine ID="P28_TL00015" HPOS="410" VPOS="1354" WIDTH="1992" HEIGHT="82">
						<String ID="P28_ST00133" HPOS="410" VPOS="1365" WIDTH="206" HEIGHT="53" CONTENT="revêtir" WC="0.98" CC="6105036"/>
						<SP ID="P28_SP00118" HPOS="616" VPOS="1418" WIDTH="26"/>
						<String ID="P28_ST00134" HPOS="642" VPOS="1367" WIDTH="64" HEIGHT="50" CONTENT="de" WC="1.00" CC="00"/>
						<SP ID="P28_SP00119" HPOS="706" VPOS="1418" WIDTH="28"/>
						<String ID="P28_ST00135" HPOS="734" VPOS="1382" WIDTH="179" HEIGHT="54" CONTENT="peaux" WC="1.00" CC="00000"/>
						<SP ID="P28_SP00120" HPOS="913" VPOS="1436" WIDTH="31"/>
						<String ID="P28_ST00136" HPOS="944" VPOS="1365" WIDTH="65" HEIGHT="50" CONTENT="de" WC="0.84" CC="03"/>
						<SP ID="P28_SP00121" HPOS="1009" VPOS="1436" WIDTH="34"/>
						<String ID="P28_ST00137" HPOS="1043" VPOS="1363" WIDTH="173" HEIGHT="61" CONTENT="bêtes," WC="1.00" CC="020000"/>
						<SP ID="P28_SP00122" HPOS="1216" VPOS="1436" WIDTH="49"/>
						<String ID="P28_ST00138" HPOS="1265" VPOS="1379" WIDTH="183" HEIGHT="50" CONTENT="porcs," WC="0.99" CC="005403"/>
						<SP ID="P28_SP00123" HPOS="1448" VPOS="1436" WIDTH="31"/>
						<String ID="P28_ST00139" HPOS="1479" VPOS="1358" WIDTH="223" HEIGHT="64" CONTENT="vaches," WC="0.99" CC="9000300"/>
						<SP ID="P28_SP00124" HPOS="1702" VPOS="1436" WIDTH="43"/>
						<String ID="P28_ST00140" HPOS="1745" VPOS="1356" WIDTH="160" HEIGHT="62" CONTENT="cerfs," WC="0.98" CC="607003"/>
						<SP ID="P28_SP00125" HPOS="1905" VPOS="1436" WIDTH="59"/>
						<String ID="P28_ST00141" HPOS="1964" VPOS="1354" WIDTH="128" HEIGHT="52" CONTENT="d'où" WC="0.98" CC="0440"/>
						<SP ID="P28_SP00126" HPOS="2092" VPOS="1436" WIDTH="46"/>
						<String ID="P28_ST00142" HPOS="2138" VPOS="1354" WIDTH="47" HEIGHT="51" CONTENT="le" WC="0.68" CC="41"/>
						<SP ID="P28_SP00127" HPOS="2185" VPOS="1436" WIDTH="44"/>
						<String ID="P28_ST00143" HPOS="2229" VPOS="1367" WIDTH="173" HEIGHT="39" CONTENT="terme" WC="0.98" CC="00705"/>
					</TextLine>
					<TextLine ID="P28_TL00016" HPOS="410" VPOS="1429" WIDTH="1992" HEIGHT="78">
						<String ID="P28_ST00144" HPOS="410" VPOS="1443" WIDTH="64" HEIGHT="52" CONTENT="de" WC="0.78" CC="04"/>
						<SP ID="P28_SP00128" HPOS="474" VPOS="1495" WIDTH="152"/>
						<String ID="P28_ST00145" HPOS="626" VPOS="1443" WIDTH="230" HEIGHT="51" CONTENT="ceruulus" WC="0.82" CC="03360000" STYLEREFS="TXT_3"/>
						<String ID="P28_ST00146" HPOS="857" VPOS="1459" WIDTH="21" HEIGHT="34" CONTENT="ou" WC="0.41" CC="46"/>
						<SP ID="P28_SP00129" HPOS="878" VPOS="1495" WIDTH="555"/>
						<String ID="P28_ST00147" HPOS="1433" VPOS="1437" WIDTH="225" HEIGHT="55" CONTENT="ceruula" WC="0.64" CC="0655007" STYLEREFS="TXT_3"/>
						<String ID="P28_ST00148" HPOS="1170" VPOS="1455" WIDTH="143" HEIGHT="52" CONTENT="pour" WC="0.97" CC="0408"/>
						<SP ID="P28_SP00130" HPOS="1658" VPOS="1507" WIDTH="-310"/>
						<String ID="P28_ST00149" HPOS="1348" VPOS="1436" WIDTH="264" HEIGHT="68" CONTENT="désigner" WC="0.99" CC="01020006"/>
						<SP ID="P28_SP00131" HPOS="1658" VPOS="1507" WIDTH="-14"/>
						<String ID="P28_ST00150" HPOS="1644" VPOS="1451" WIDTH="57" HEIGHT="33" CONTENT="ce" WC="0.78" CC="40"/>
						<SP ID="P28_SP00132" HPOS="1701" VPOS="1507" WIDTH="28"/>
						<String ID="P28_ST00151" HPOS="1729" VPOS="1432" WIDTH="109" HEIGHT="67" CONTENT="jeu." WC="0.97" CC="4055"/>
						<SP ID="P28_SP00133" HPOS="1838" VPOS="1507" WIDTH="34"/>
						<String ID="P28_ST00152" HPOS="1872" VPOS="1433" WIDTH="106" HEIGHT="50" CONTENT="Les" WC="0.99" CC="020"/>
						<SP ID="P28_SP00134" HPOS="1978" VPOS="1507" WIDTH="25"/>
						<String ID="P28_ST00153" HPOS="2003" VPOS="1429" WIDTH="282" HEIGHT="52" CONTENT="chrétiens" WC="1.00" CC="407000010"/>
						<SP ID="P28_SP00135" HPOS="2285" VPOS="1507" WIDTH="49"/>
						<String ID="P28_ST00154" HPOS="2334" VPOS="1446" WIDTH="68" HEIGHT="37" CONTENT="ne" WC="0.58" CC="08"/>
					</TextLine>
				</TextBlock>
				<TextBlock ID="P28_TB00004" HPOS="417" VPOS="2527" WIDTH="1987" HEIGHT="913" STYLEREFS="TXT_2 PAR_BLOCK">
					<TextLine ID="P28_TL00017" HPOS="421" VPOS="2529" WIDTH="1976" HEIGHT="74">
						<String ID="P28_ST00155" HPOS="421" VPOS="2537" WIDTH="76" HEIGHT="52" CONTENT="les" WC="1.00" CC="000"/>
						<SP ID="P28_SP00136" HPOS="497" VPOS="2589" WIDTH="39"/>
						<String ID="P28_ST00156" HPOS="536" VPOS="2534" WIDTH="286" HEIGHT="52" CONTENT="imitèrent" WC="1.00" CC="000025200"/>
						<SP ID="P28_SP00137" HPOS="822" VPOS="2589" WIDTH="25"/>
						<String ID="P28_ST00157" HPOS="847" VPOS="2551" WIDTH="106" HEIGHT="51" CONTENT="que" WC="0.98" CC="060"/>
						<SP ID="P28_SP00138" HPOS="953" VPOS="2602" WIDTH="24"/>
						<String ID="P28_ST00158" HPOS="977" VPOS="2547" WIDTH="142" HEIGHT="56" CONTENT="trop," WC="1.00" CC="00400"/>
						<SP ID="P28_SP00139" HPOS="1119" VPOS="2603" WIDTH="33"/>
						<String ID="P28_ST00159" HPOS="1152" VPOS="2551" WIDTH="92" HEIGHT="33" CONTENT="car" WC="0.95" CC="246"/>
						<SP ID="P28_SP00140" HPOS="1244" VPOS="2603" WIDTH="25"/>
						<String ID="P28_ST00160" HPOS="1269" VPOS="2547" WIDTH="127" HEIGHT="38" CONTENT="tour" WC="0.99" CC="0003"/>
						<SP ID="P28_SP00141" HPOS="1396" VPOS="2603" WIDTH="25"/>
						<String ID="P28_ST00161" HPOS="1421" VPOS="2535" WIDTH="30" HEIGHT="49" CONTENT="à" WC="0.33" CC="6"/>
						<SP ID="P28_SP00142" HPOS="1451" VPOS="2603" WIDTH="39"/>
						<String ID="P28_ST00162" HPOS="1490" VPOS="2546" WIDTH="128" HEIGHT="39" CONTENT="tour" WC="0.98" CC="0306"/>
						<SP ID="P28_SP00143" HPOS="1618" VPOS="2603" WIDTH="19"/>
						<String ID="P28_ST00163" HPOS="1637" VPOS="2533" WIDTH="78" HEIGHT="51" CONTENT="les" WC="0.99" CC="100"/>
						<SP ID="P28_SP00144" HPOS="1715" VPOS="2603" WIDTH="26"/>
						<String ID="P28_ST00164" HPOS="1741" VPOS="2532" WIDTH="259" HEIGHT="63" CONTENT="conciles," WC="1.00" CC="004003000"/>
						<SP ID="P28_SP00145" HPOS="2000" VPOS="2603" WIDTH="23"/>
						<String ID="P28_ST00165" HPOS="2023" VPOS="2533" WIDTH="78" HEIGHT="49" CONTENT="les" WC="0.98" CC="600"/>
						<SP ID="P28_SP00146" HPOS="2101" VPOS="2603" WIDTH="26"/>
						<String ID="P28_ST00166" HPOS="2127" VPOS="2529" WIDTH="270" HEIGHT="53" CONTENT="écrivains" WC="0.99" CC="605300000"/>
					</TextLine>
					<TextLine ID="P28_TL00018" HPOS="421" VPOS="2599" WIDTH="1977" HEIGHT="79">
						<String ID="P28_ST00167" HPOS="421" VPOS="2609" WIDTH="469" HEIGHT="69" CONTENT="ecclésiastiques," WC="1.00" CC="0000601200003001"/>
						<SP ID="P28_SP00147" HPOS="890" VPOS="2678" WIDTH="37"/>
						<String ID="P28_ST00168" HPOS="927" VPOS="2609" WIDTH="77" HEIGHT="51" CONTENT="les" WC="0.98" CC="400"/>
						<SP ID="P28_SP00148" HPOS="1004" VPOS="2678" WIDTH="39"/>
						<String ID="P28_ST00169" HPOS="1043" VPOS="2622" WIDTH="223" HEIGHT="39" CONTENT="auteurs" WC="0.99" CC="0520050"/>
						<SP ID="P28_SP00149" HPOS="1266" VPOS="2678" WIDTH="40"/>
						<String ID="P28_ST00170" HPOS="1306" VPOS="2610" WIDTH="63" HEIGHT="50" CONTENT="de" WC="1.00" CC="00"/>
						<SP ID="P28_SP00150" HPOS="1369" VPOS="2678" WIDTH="29"/>
						<String ID="P28_ST00171" HPOS="1398" VPOS="2608" WIDTH="357" HEIGHT="68" CONTENT="pénitentiels" WC="0.80" CC="603050200023"/>
						<SP ID="P28_SP00151" HPOS="1755" VPOS="2678" WIDTH="37"/>
						<String ID="P28_ST00172" HPOS="1792" VPOS="2626" WIDTH="69" HEIGHT="33" CONTENT="en" WC="0.98" CC="00"/>
						<SP ID="P28_SP00152" HPOS="1861" VPOS="2678" WIDTH="25"/>
						<String ID="P28_ST00173" HPOS="1886" VPOS="2607" WIDTH="122" HEIGHT="52" CONTENT="font" WC="0.99" CC="0003"/>
						<SP ID="P28_SP00153" HPOS="2008" VPOS="2678" WIDTH="25"/>
						<String ID="P28_ST00174" HPOS="2033" VPOS="2605" WIDTH="257" HEIGHT="52" CONTENT="mention" WC="0.99" CC="0006540"/>
						<SP ID="P28_SP00154" HPOS="2290" VPOS="2678" WIDTH="34"/>
						<String ID="P28_ST00175" HPOS="2324" VPOS="2599" WIDTH="74" HEIGHT="75" CONTENT="(1)" WC="0.54" CC="507"/>
					</TextLine>
					<TextLine ID="P28_TL00019" HPOS="422" VPOS="2683" WIDTH="1977" HEIGHT="72">
						<String ID="P28_ST00176" HPOS="422" VPOS="2688" WIDTH="270" HEIGHT="67" CONTENT="L'évêque" WC="0.96" CC="01000010"/>
						<SP ID="P28_SP00155" HPOS="692" VPOS="2755" WIDTH="36"/>
						<String ID="P28_ST00177" HPOS="728" VPOS="2685" WIDTH="254" HEIGHT="66" CONTENT="Faustin," WC="0.91" CC="10400000"/>
						<SP ID="P28_SP00156" HPOS="982" VPOS="2755" WIDTH="24"/>
						<String ID="P28_ST00178" HPOS="1006" VPOS="2685" WIDTH="103" HEIGHT="52" CONTENT="cité" WC="0.99" CC="0030"/>
						<SP ID="P28_SP00157" HPOS="1109" VPOS="2755" WIDTH="29"/>
						<String ID="P28_ST00179" HPOS="1138" VPOS="2703" WIDTH="98" HEIGHT="52" CONTENT="par" WC="0.98" CC="006"/>
						<SP ID="P28_SP00158" HPOS="1236" VPOS="2755" WIDTH="24"/>
						<String ID="P28_ST00180" HPOS="1260" VPOS="2688" WIDTH="88" HEIGHT="49" CONTENT="Du" WC="0.48" CC="45"/>
						<SP ID="P28_SP00159" HPOS="1348" VPOS="2755" WIDTH="44"/>
						<String ID="P28_ST00181" HPOS="1392" VPOS="2685" WIDTH="207" HEIGHT="69" CONTENT="Cange," WC="0.80" CC="000803"/>
						<SP ID="P28_SP00160" HPOS="1599" VPOS="2755" WIDTH="50"/>
						<String ID="P28_ST00182" HPOS="1649" VPOS="2684" WIDTH="134" HEIGHT="53" CONTENT="écrit" WC="0.98" CC="20422"/>
						<SP ID="P28_SP00161" HPOS="1783" VPOS="2755" WIDTH="33"/>
						<String ID="P28_ST00183" HPOS="1816" VPOS="2702" WIDTH="129" HEIGHT="34" CONTENT="avec" WC="1.00" CC="0000"/>
						<SP ID="P28_SP00162" HPOS="1945" VPOS="2755" WIDTH="53"/>
						<String ID="P28_ST00184" HPOS="1998" VPOS="2684" WIDTH="289" HEIGHT="67" CONTENT="beaucoup" WC="0.99" CC="00065260"/>
						<SP ID="P28_SP00163" HPOS="2287" VPOS="2755" WIDTH="47"/>
						<String ID="P28_ST00185" HPOS="2334" VPOS="2683" WIDTH="65" HEIGHT="51" CONTENT="de" WC="1.00" CC="00"/>
					</TextLine>
					<TextLine ID="P28_TL00020" HPOS="419" VPOS="2759" WIDTH="1982" HEIGHT="71">
						<String ID="P28_ST00186" HPOS="419" VPOS="2765" WIDTH="112" HEIGHT="51" CONTENT="bon" WC="0.96" CC="045"/>
						<SP ID="P28_SP00164" HPOS="531" VPOS="2816" WIDTH="33"/>
						<String ID="P28_ST00187" HPOS="564" VPOS="2779" WIDTH="126" HEIGHT="35" CONTENT="sens" WC="0.99" CC="0060"/>
						<SP ID="P28_SP00165" HPOS="690" VPOS="2816" WIDTH="37"/>
						<String ID="P28_ST00188" HPOS="727" VPOS="2777" WIDTH="10" HEIGHT="35" CONTENT=":" WC="0.34" CC="6"/>
						<SP ID="P28_SP00166" HPOS="737" VPOS="2816" WIDTH="48"/>
						<String ID="P28_ST00189" HPOS="785" VPOS="2783" WIDTH="24" HEIGHT="27" CONTENT="«" WC="0.67" CC="3"/>
						<SP ID="P28_SP00167" HPOS="809" VPOS="2816" WIDTH="51"/>
						<String ID="P28_ST00190" HPOS="860" VPOS="2762" WIDTH="107" HEIGHT="67" CONTENT="Qui" WC="0.99" CC="300" STYLEREFS="TXT_3"/>
						<SP ID="P28_SP00168" HPOS="967" VPOS="2829" WIDTH="5"/>
						<String ID="P28_ST00191" HPOS="972" VPOS="2779" WIDTH="24" HEIGHT="35" CONTENT="s" WC="1.00" CC="0" STYLEREFS="TXT_3"/>
						<SP ID="P28_SP00169" HPOS="996" VPOS="2829" WIDTH="32"/>
						<String ID="P28_ST00192" HPOS="1028" VPOS="2763" WIDTH="137" HEIGHT="51" CONTENT="enim" WC="0.83" CC="3200" STYLEREFS="TXT_3"/>
						<SP ID="P28_SP00170" HPOS="1165" VPOS="2829" WIDTH="28"/>
						<String ID="P28_ST00193" HPOS="1193" VPOS="2764" WIDTH="217" HEIGHT="66" CONTENT="sapiens" WC="0.99" CC="0060050" STYLEREFS="TXT_3"/>
						<SP ID="P28_SP00171" HPOS="1410" VPOS="2830" WIDTH="32"/>
						<String ID="P28_ST00194" HPOS="1442" VPOS="2762" WIDTH="222" HEIGHT="52" CONTENT="credere" WC="0.60" CC="0560645" STYLEREFS="TXT_3"/>
						<SP ID="P28_SP00172" HPOS="1664" VPOS="2830" WIDTH="25"/>
						<String ID="P28_ST00195" HPOS="1689" VPOS="2760" WIDTH="205" HEIGHT="70" CONTENT="poterit" WC="0.73" CC="5404102" STYLEREFS="TXT_3"/>
						<SP ID="P28_SP00173" HPOS="1894" VPOS="2830" WIDTH="32"/>
						<String ID="P28_ST00196" HPOS="1926" VPOS="2759" WIDTH="240" HEIGHT="53" CONTENT="inueniri" WC="0.89" CC="05020000" STYLEREFS="TXT_3"/>
						<SP ID="P28_SP00174" HPOS="2166" VPOS="2830" WIDTH="29"/>
						<String ID="P28_ST00197" HPOS="2195" VPOS="2759" WIDTH="206" HEIGHT="70" CONTENT="aliquos" WC="0.72" CC="0012807" STYLEREFS="TXT_3"/>
					</TextLine>
					<TextLine ID="P28_TL00021" HPOS="418" VPOS="2834" WIDTH="1983" HEIGHT="76">
						<String ID="P28_ST00198" HPOS="418" VPOS="2856" WIDTH="168" HEIGHT="35" CONTENT="sanae" WC="0.64" CC="93120" STYLEREFS="TXT_3"/>
						<SP ID="P28_SP00175" HPOS="586" VPOS="2891" WIDTH="25"/>
						<String ID="P28_ST00199" HPOS="611" VPOS="2838" WIDTH="211" HEIGHT="65" CONTENT="mentis," WC="0.98" CC="0607094" STYLEREFS="TXT_3"/>
						<SP ID="P28_SP00176" HPOS="822" VPOS="2903" WIDTH="48"/>
						<String ID="P28_ST00200" HPOS="870" VPOS="2838" WIDTH="90" HEIGHT="68" CONTENT="qui" WC="0.98" CC="050" STYLEREFS="TXT_3"/>
						<SP ID="P28_SP00177" HPOS="960" VPOS="2906" WIDTH="31"/>
						<String ID="P28_ST00201" HPOS="991" VPOS="2838" WIDTH="277" HEIGHT="51" CONTENT="ceruulum" WC="0.74" CC="31480020" STYLEREFS="TXT_3"/>
						<SP ID="P28_SP00178" HPOS="1268" VPOS="2906" WIDTH="21"/>
						<String ID="P28_ST00202" HPOS="1289" VPOS="2838" WIDTH="264" HEIGHT="68" CONTENT="facientes" WC="0.87" CC="101053000" STYLEREFS="TXT_3"/>
						<SP ID="P28_SP00179" HPOS="1553" VPOS="2906" WIDTH="35"/>
						<String ID="P28_ST00203" HPOS="1588" VPOS="2838" WIDTH="52" HEIGHT="51" CONTENT="in" WC="1.00" CC="00" STYLEREFS="TXT_3"/>
						<SP ID="P28_SP00180" HPOS="1640" VPOS="2906" WIDTH="18"/>
						<String ID="P28_ST00204" HPOS="1658" VPOS="2839" WIDTH="266" HEIGHT="71" CONTENT="ferarum" WC="0.92" CC="1012000" STYLEREFS="TXT_3"/>
						<SP ID="P28_SP00181" HPOS="1924" VPOS="2910" WIDTH="36"/>
						<String ID="P28_ST00205" HPOS="1960" VPOS="2853" WIDTH="52" HEIGHT="34" CONTENT="se" WC="1.00" CC="00" STYLEREFS="TXT_3"/>
						<SP ID="P28_SP00182" HPOS="2012" VPOS="2910" WIDTH="30"/>
						<String ID="P28_ST00206" HPOS="2042" VPOS="2835" WIDTH="168" HEIGHT="52" CONTENT="uelint" WC="0.88" CC="001050" STYLEREFS="TXT_3"/>
						<SP ID="P28_SP00183" HPOS="2210" VPOS="2910" WIDTH="50"/>
						<String ID="P28_ST00207" HPOS="2260" VPOS="2834" WIDTH="113" HEIGHT="52" CONTENT="habi" SUBS_TYPE="HypPart1" SUBS_CONTENT="habitas" WC="0.99" CC="1500" STYLEREFS="TXT_3"/>
						<HYP HPOS="2373" VPOS="2834" WIDTH="28" CONTENT="-"/>
					</TextLine>
					<TextLine ID="P28_TL00022" HPOS="422" VPOS="2911" WIDTH="1982" HEIGHT="72">
						<String ID="P28_ST00208" HPOS="422" VPOS="2923" WIDTH="84" HEIGHT="44" CONTENT="tas" SUBS_TYPE="HypPart2" SUBS_CONTENT="habitas" WC="0.97" CC="170" STYLEREFS="TXT_3"/>
						<SP ID="P28_SP00184" HPOS="506" VPOS="2967" WIDTH="16"/>
						<String ID="P28_ST00209" HPOS="522" VPOS="2914" WIDTH="324" HEIGHT="52" CONTENT="commntari" WC="0.71" CC="044081060" STYLEREFS="TXT_3"/>
						<SP ID="P28_SP00185" HPOS="846" VPOS="2967" WIDTH="29"/>
						<String ID="P28_ST00210" HPOS="875" VPOS="2911" WIDTH="31" HEIGHT="54" CONTENT="?" WC="1.00" CC="0" STYLEREFS="TXT_3"/>
						<SP ID="P28_SP00186" HPOS="906" VPOS="2967" WIDTH="21"/>
						<String ID="P28_ST00211" HPOS="927" VPOS="2914" WIDTH="118" HEIGHT="51" CONTENT="Alii" WC="0.92" CC="2000" STYLEREFS="TXT_3"/>
						<SP ID="P28_SP00187" HPOS="1045" VPOS="2967" WIDTH="23"/>
						<String ID="P28_ST00212" HPOS="1068" VPOS="2914" WIDTH="309" HEIGHT="52" CONTENT="uestiuntur" WC="0.88" CC="0004000401" STYLEREFS="TXT_3"/>
						<SP ID="P28_SP00188" HPOS="1377" VPOS="2967" WIDTH="21"/>
						<String ID="P28_ST00213" HPOS="1398" VPOS="2914" WIDTH="235" HEIGHT="69" CONTENT="pellibus" WC="0.82" CC="41000080" STYLEREFS="TXT_3"/>
						<SP ID="P28_SP00189" HPOS="1633" VPOS="2983" WIDTH="18"/>
						<String ID="P28_ST00214" HPOS="1651" VPOS="2913" WIDTH="292" HEIGHT="70" CONTENT="pecudum," WC="0.79" CC="04050007" STYLEREFS="TXT_3"/>
						<SP ID="P28_SP00190" HPOS="1943" VPOS="2983" WIDTH="33"/>
						<String ID="P28_ST00215" HPOS="1976" VPOS="2913" WIDTH="103" HEIGHT="50" CONTENT="alii" WC="0.66" CC="6420" STYLEREFS="TXT_3"/>
						<SP ID="P28_SP00191" HPOS="2079" VPOS="2983" WIDTH="45"/>
						<String ID="P28_ST00216" HPOS="2124" VPOS="2915" WIDTH="280" HEIGHT="48" CONTENT="assumant" WC="0.99" CC="00000803" STYLEREFS="TXT_3"/>
					</TextLine>
					<TextLine ID="P28_TL00023" HPOS="419" VPOS="2990" WIDTH="1982" HEIGHT="70">
						<String ID="P28_ST00217" HPOS="419" VPOS="2991" WIDTH="181" HEIGHT="69" CONTENT="capita" WC="0.78" CC="208010" STYLEREFS="TXT_3"/>
						<SP ID="P28_SP00192" HPOS="600" VPOS="3060" WIDTH="26"/>
						<String ID="P28_ST00218" HPOS="626" VPOS="2991" WIDTH="318" HEIGHT="64" CONTENT="bestiarum," WC="0.70" CC="0103058207" STYLEREFS="TXT_3"/>
						<SP ID="P28_SP00193" HPOS="944" VPOS="3060" WIDTH="23"/>
						<String ID="P28_ST00219" HPOS="967" VPOS="2990" WIDTH="303" HEIGHT="70" CONTENT="gaudentes" WC="0.84" CC="200004600" STYLEREFS="TXT_3"/>
						<SP ID="P28_SP00194" HPOS="1270" VPOS="3060" WIDTH="32"/>
						<String ID="P28_ST00220" HPOS="1302" VPOS="2998" WIDTH="51" HEIGHT="44" CONTENT="et" WC="0.96" CC="00" STYLEREFS="TXT_3"/>
						<SP ID="P28_SP00195" HPOS="1353" VPOS="3060" WIDTH="15"/>
						<String ID="P28_ST00221" HPOS="1368" VPOS="2991" WIDTH="304" HEIGHT="52" CONTENT="exultantes" WC="0.99" CC="0900500160" STYLEREFS="TXT_3"/>
						<SP ID="P28_SP00196" HPOS="1672" VPOS="3060" WIDTH="31"/>
						<String ID="P28_ST00222" HPOS="1703" VPOS="2991" WIDTH="47" HEIGHT="51" CONTENT="si" WC="1.00" CC="00" STYLEREFS="TXT_3"/>
						<SP ID="P28_SP00197" HPOS="1750" VPOS="3060" WIDTH="23"/>
						<String ID="P28_ST00223" HPOS="1773" VPOS="2991" WIDTH="187" HEIGHT="52" CONTENT="taliter" WC="0.72" CC="4700304" STYLEREFS="TXT_3"/>
						<SP ID="P28_SP00198" HPOS="1960" VPOS="3060" WIDTH="34"/>
						<String ID="P28_ST00224" HPOS="1994" VPOS="3008" WIDTH="55" HEIGHT="33" CONTENT="se" WC="0.41" CC="65" STYLEREFS="TXT_3"/>
						<SP ID="P28_SP00199" HPOS="2049" VPOS="3060" WIDTH="45"/>
						<String ID="P28_ST00225" HPOS="2094" VPOS="2990" WIDTH="53" HEIGHT="51" CONTENT="in" WC="0.98" CC="00" STYLEREFS="TXT_3"/>
						<SP ID="P28_SP00200" HPOS="2147" VPOS="3060" WIDTH="47"/>
						<String ID="P28_ST00226" HPOS="2194" VPOS="2991" WIDTH="207" HEIGHT="64" CONTENT="fermas" WC="0.98" CC="070691" STYLEREFS="TXT_3"/>
					</TextLine>
					<TextLine ID="P28_TL00024" HPOS="419" VPOS="3065" WIDTH="1979" HEIGHT="72">
						<String ID="P28_ST00227" HPOS="419" VPOS="3068" WIDTH="201" HEIGHT="69" CONTENT="species" WC="0.94" CC="0400000" STYLEREFS="TXT_3"/>
						<SP ID="P28_SP00201" HPOS="620" VPOS="3137" WIDTH="33"/>
						<String ID="P28_ST00228" HPOS="653" VPOS="3066" WIDTH="549" HEIGHT="66" CONTENT="transformauerint," WC="0.71" CC="68400050021900460" STYLEREFS="TXT_3"/>
						<SP ID="P28_SP00202" HPOS="1202" VPOS="3137" WIDTH="45"/>
						<String ID="P28_ST00229" HPOS="1247" VPOS="3074" WIDTH="61" HEIGHT="46" CONTENT="ut" WC="1.00" CC="00" STYLEREFS="TXT_3"/>
						<SP ID="P28_SP00203" HPOS="1308" VPOS="3137" WIDTH="37"/>
						<String ID="P28_ST00230" HPOS="1345" VPOS="3068" WIDTH="239" HEIGHT="52" CONTENT="homines" WC="0.93" CC="0200010" STYLEREFS="TXT_3"/>
						<SP ID="P28_SP00204" HPOS="1584" VPOS="3137" WIDTH="32"/>
						<String ID="P28_ST00231" HPOS="1616" VPOS="3085" WIDTH="104" HEIGHT="35" CONTENT="non" WC="0.99" CC="020" STYLEREFS="TXT_3"/>
						<SP ID="P28_SP00205" HPOS="1720" VPOS="3137" WIDTH="34"/>
						<String ID="P28_ST00232" HPOS="1754" VPOS="3080" WIDTH="112" HEIGHT="40" CONTENT="esse" WC="0.97" CC="7601" STYLEREFS="TXT_3"/>
						<SP ID="P28_SP00206" HPOS="1866" VPOS="3137" WIDTH="38"/>
						<String ID="P28_ST00233" HPOS="1904" VPOS="3065" WIDTH="295" HEIGHT="53" CONTENT="uideantur" WC="0.72" CC="500037008" STYLEREFS="TXT_3"/>
						<SP ID="P28_SP00207" HPOS="2199" VPOS="3137" WIDTH="42"/>
						<String ID="P28_ST00234" HPOS="2241" VPOS="3066" WIDTH="72" HEIGHT="69" CONTENT="(2)" WC="0.49" CC="545" STYLEREFS="TXT_4"/>
						<SP ID="P28_SP00208" HPOS="2313" VPOS="3137" WIDTH="41"/>
						<String ID="P28_ST00235" HPOS="2354" VPOS="3085" WIDTH="44" HEIGHT="31" CONTENT="»." WC="0.79" CC="03" STYLEREFS="TXT_4"/>
					</TextLine>
					<TextLine ID="P28_TL00025" HPOS="422" VPOS="3140" WIDTH="1980" HEIGHT="72">
						<String ID="P28_ST00236" HPOS="422" VPOS="3144" WIDTH="76" HEIGHT="51" CONTENT="Le" WC="1.00" CC="00"/>
						<SP ID="P28_SP00209" HPOS="498" VPOS="3195" WIDTH="22"/>
						<String ID="P28_ST00237" HPOS="520" VPOS="3141" WIDTH="330" HEIGHT="52" CONTENT="croirait-on" WC="0.99" CC="15406000005"/>
						<SP ID="P28_SP00210" HPOS="850" VPOS="3195" WIDTH="24"/>
						<String ID="P28_ST00238" HPOS="874" VPOS="3143" WIDTH="18" HEIGHT="50" CONTENT="?" WC="1.00" CC="0"/>
						<SP ID="P28_SP00211" HPOS="892" VPOS="3195" WIDTH="25"/>
						<String ID="P28_ST00239" HPOS="917" VPOS="3159" WIDTH="59" HEIGHT="34" CONTENT="ce" WC="0.84" CC="30"/>
						<SP ID="P28_SP00212" HPOS="976" VPOS="3195" WIDTH="34"/>
						<String ID="P28_ST00240" HPOS="1010" VPOS="3141" WIDTH="231" HEIGHT="54" CONTENT="ridicule" WC="1.00" CC="00010440"/>
						<SP ID="P28_SP00213" HPOS="1241" VPOS="3195" WIDTH="27"/>
						<String ID="P28_ST00241" HPOS="1268" VPOS="3155" WIDTH="244" HEIGHT="40" CONTENT="traverse" WC="0.99" CC="06000550"/>
						<SP ID="P28_SP00214" HPOS="1512" VPOS="3195" WIDTH="20"/>
						<String ID="P28_ST00242" HPOS="1532" VPOS="3155" WIDTH="123" HEIGHT="40" CONTENT="tout" WC="0.99" CC="5000"/>
						<SP ID="P28_SP00215" HPOS="1655" VPOS="3195" WIDTH="27"/>
						<String ID="P28_ST00243" HPOS="1682" VPOS="3144" WIDTH="47" HEIGHT="51" CONTENT="le" WC="1.00" CC="00"/>
						<SP ID="P28_SP00216" HPOS="1729" VPOS="3195" WIDTH="24"/>
						<String ID="P28_ST00244" HPOS="1753" VPOS="3159" WIDTH="206" HEIGHT="53" CONTENT="moyen" WC="1.00" CC="00000"/>
						<SP ID="P28_SP00217" HPOS="1959" VPOS="3212" WIDTH="31"/>
						<String ID="P28_ST00245" HPOS="1990" VPOS="3149" WIDTH="116" HEIGHT="62" CONTENT="âge." WC="0.99" CC="0004"/>
						<SP ID="P28_SP00218" HPOS="2106" VPOS="3212" WIDTH="47"/>
						<String ID="P28_ST00246" HPOS="2153" VPOS="3143" WIDTH="51" HEIGHT="50" CONTENT="A" WC="0.54" CC="4"/>
						<SP ID="P28_SP00219" HPOS="2204" VPOS="3212" WIDTH="25"/>
						<String ID="P28_ST00247" HPOS="2229" VPOS="3141" WIDTH="50" HEIGHT="51" CONTENT="la" WC="1.00" CC="00"/>
						<SP ID="P28_SP00220" HPOS="2279" VPOS="3212" WIDTH="50"/>
						<String ID="P28_ST00248" HPOS="2329" VPOS="3140" WIDTH="73" HEIGHT="51" CONTENT="fin" WC="1.00" CC="001"/>
					</TextLine>
					<TextLine ID="P28_TL00026" HPOS="421" VPOS="3216" WIDTH="1981" HEIGHT="64">
						<String ID="P28_ST00249" HPOS="421" VPOS="3220" WIDTH="73" HEIGHT="52" CONTENT="du" WC="1.00" CC="00"/>
						<SP ID="P28_SP00221" HPOS="494" VPOS="3272" WIDTH="35"/>
						<String ID="P28_ST00250" HPOS="529" VPOS="3217" WIDTH="284" HEIGHT="54" CONTENT="treizième" WC="0.99" CC="060460200"/>
						<SP ID="P28_SP00222" HPOS="813" VPOS="3272" WIDTH="57"/>
						<String ID="P28_ST00251" HPOS="870" VPOS="3219" WIDTH="183" HEIGHT="61" CONTENT="siècle," WC="0.99" CC="0045004"/>
						<SP ID="P28_SP00223" HPOS="1053" VPOS="3280" WIDTH="57"/>
						<String ID="P28_ST00252" HPOS="1110" VPOS="3237" WIDTH="108" HEIGHT="34" CONTENT="une" WC="0.98" CC="320"/>
						<SP ID="P28_SP00224" HPOS="1218" VPOS="3280" WIDTH="41"/>
						<String ID="P28_ST00253" HPOS="1259" VPOS="3220" WIDTH="255" HEIGHT="51" CONTENT="curieuse" WC="0.99" CC="01630000"/>
						<SP ID="P28_SP00225" HPOS="1514" VPOS="3280" WIDTH="39"/>
						<String ID="P28_ST00254" HPOS="1553" VPOS="3219" WIDTH="301" HEIGHT="53" CONTENT="miniature" WC="1.00" CC="000500060"/>
						<SP ID="P28_SP00226" HPOS="1854" VPOS="3280" WIDTH="60"/>
						<String ID="P28_ST00255" HPOS="1914" VPOS="3220" WIDTH="135" HEIGHT="52" CONTENT="d'un" WC="0.99" CC="0004"/>
						<SP ID="P28_SP00227" HPOS="2049" VPOS="3280" WIDTH="48"/>
						<String ID="P28_ST00256" HPOS="2097" VPOS="3216" WIDTH="305" HEIGHT="55" CONTENT="manuscrit" WC="1.00" CC="030001000"/>
					</TextLine>
					<TextLine ID="P28_TL00027" HPOS="419" VPOS="3292" WIDTH="1983" HEIGHT="72">
						<String ID="P28_ST00257" HPOS="419" VPOS="3313" WIDTH="146" HEIGHT="34" CONTENT="nous" WC="0.98" CC="7100"/>
						<SP ID="P28_SP00228" HPOS="565" VPOS="3347" WIDTH="26"/>
						<String ID="P28_ST00258" HPOS="591" VPOS="3308" WIDTH="221" HEIGHT="38" CONTENT="montre" WC="0.99" CC="047000"/>
						<SP ID="P28_SP00229" HPOS="812" VPOS="3347" WIDTH="24"/>
						<String ID="P28_ST00259" HPOS="836" VPOS="3311" WIDTH="109" HEIGHT="35" CONTENT="une" WC="1.00" CC="000"/>
						<SP ID="P28_SP00230" HPOS="945" VPOS="3347" WIDTH="32"/>
						<String ID="P28_ST00260" HPOS="977" VPOS="3295" WIDTH="179" HEIGHT="51" CONTENT="bande" WC="1.00" CC="00000"/>
						<SP ID="P28_SP00231" HPOS="1156" VPOS="3347" WIDTH="23"/>
						<String ID="P28_ST00261" HPOS="1179" VPOS="3296" WIDTH="66" HEIGHT="51" CONTENT="de" WC="1.00" CC="00"/>
						<SP ID="P28_SP00232" HPOS="1245" VPOS="3347" WIDTH="37"/>
						<String ID="P28_ST00262" HPOS="1282" VPOS="3295" WIDTH="124" HEIGHT="52" CONTENT="fous" WC="0.98" CC="0070"/>
						<SP ID="P28_SP00233" HPOS="1406" VPOS="3347" WIDTH="24"/>
						<String ID="P28_ST00263" HPOS="1430" VPOS="3296" WIDTH="142" HEIGHT="52" CONTENT="ainsi" WC="0.98" CC="66021"/>
						<SP ID="P28_SP00234" HPOS="1572" VPOS="3348" WIDTH="35"/>
						<String ID="P28_ST00264" HPOS="1607" VPOS="3296" WIDTH="232" HEIGHT="52" CONTENT="affublés" WC="0.99" CC="08140000"/>
						<SP ID="P28_SP00235" HPOS="1839" VPOS="3348" WIDTH="34"/>
						<String ID="P28_ST00265" HPOS="1873" VPOS="3309" WIDTH="53" HEIGHT="39" CONTENT="et" WC="1.00" CC="00"/>
						<SP ID="P28_SP00236" HPOS="1926" VPOS="3348" WIDTH="25"/>
						<String ID="P28_ST00266" HPOS="1951" VPOS="3308" WIDTH="231" HEIGHT="39" CONTENT="menant" WC="0.99" CC="003002"/>
						<SP ID="P28_SP00237" HPOS="2182" VPOS="3348" WIDTH="48"/>
						<String ID="P28_ST00267" HPOS="2230" VPOS="3292" WIDTH="172" HEIGHT="72" CONTENT="grand" WC="0.97" CC="46090"/>
					</TextLine>
					<TextLine ID="P28_TL00028" HPOS="421" VPOS="3369" WIDTH="1983" HEIGHT="71">
						<String ID="P28_ST00268" HPOS="421" VPOS="3385" WIDTH="194" HEIGHT="55" CONTENT="tapage" WC="1.00" CC="000102"/>
						<SP ID="P28_SP00238" HPOS="615" VPOS="3440" WIDTH="41"/>
						<String ID="P28_ST00269" HPOS="656" VPOS="3371" WIDTH="96" HEIGHT="69" CONTENT="(3)." WC="0.37" CC="8663"/>
						<SP ID="P28_SP00239" HPOS="752" VPOS="3440" WIDTH="37"/>
						<String ID="P28_ST00270" HPOS="789" VPOS="3374" WIDTH="89" HEIGHT="49" CONTENT="Au" WC="0.70" CC="05"/>
						<SP ID="P28_SP00240" HPOS="878" VPOS="3440" WIDTH="37"/>
						<String ID="P28_ST00271" HPOS="915" VPOS="3370" WIDTH="316" HEIGHT="70" CONTENT="quinzième" WC="1.00" CC="000730000"/>
						<SP ID="P28_SP00241" HPOS="1231" VPOS="3440" WIDTH="28"/>
						<String ID="P28_ST00272" HPOS="1259" VPOS="3371" WIDTH="184" HEIGHT="67" CONTENT="siècle," WC="1.00" CC="0020400"/>
						<SP ID="P28_SP00242" HPOS="1443" VPOS="3440" WIDTH="34"/>
						<String ID="P28_ST00273" HPOS="1477" VPOS="3390" WIDTH="89" HEIGHT="34" CONTENT="ces" WC="1.00" CC="000"/>
						<SP ID="P28_SP00243" HPOS="1566" VPOS="3440" WIDTH="28"/>
						<String ID="P28_ST00274" HPOS="1594" VPOS="3375" WIDTH="154" HEIGHT="49" CONTENT="excès" WC="0.99" CC="00050"/>
						<SP ID="P28_SP00244" HPOS="1748" VPOS="3440" WIDTH="40"/>
						<String ID="P28_ST00275" HPOS="1788" VPOS="3372" WIDTH="295" HEIGHT="52" CONTENT="devinrent" WC="1.00" CC="000034010"/>
						<SP ID="P28_SP00245" HPOS="2083" VPOS="3440" WIDTH="25"/>
						<String ID="P28_ST00276" HPOS="2108" VPOS="3371" WIDTH="103" HEIGHT="52" CONTENT="tels" WC="0.98" CC="0360"/>
						<SP ID="P28_SP00246" HPOS="2211" VPOS="3440" WIDTH="33"/>
						<String ID="P28_ST00277" HPOS="2244" VPOS="3369" WIDTH="160" HEIGHT="71" CONTENT="qu'ils" WC="0.99" CC="002236"/>
					</TextLine>
				</TextBlock>
				<TextBlock ID="P28_TB00005" HPOS="425" VPOS="3564" WIDTH="1978" HEIGHT="304" STYLEREFS="TXT_5 PAR_LEFT">
					<TextLine ID="P28_TL00029" HPOS="475" VPOS="3566" WIDTH="1193" HEIGHT="55">
						<String ID="P28_ST00278" HPOS="475" VPOS="3567" WIDTH="61" HEIGHT="54" CONTENT="(1)" WC="0.98" CC="000"/>
						<SP ID="P28_SP00247" HPOS="536" VPOS="3621" WIDTH="26"/>
						<String ID="P28_ST00279" HPOS="562" VPOS="3566" WIDTH="117" HEIGHT="42" CONTENT="Voir" WC="0.99" CC="0103"/>
						<SP ID="P28_SP00248" HPOS="679" VPOS="3621" WIDTH="24"/>
						<String ID="P28_ST00280" HPOS="703" VPOS="3567" WIDTH="73" HEIGHT="41" CONTENT="Du" WC="0.70" CC="22"/>
						<SP ID="P28_SP00249" HPOS="776" VPOS="3621" WIDTH="27"/>
						<String ID="P28_ST00281" HPOS="803" VPOS="3566" WIDTH="180" HEIGHT="48" CONTENT="CANGE," WC="0.66" CC="353007"/>
						<SP ID="P28_SP00250" HPOS="983" VPOS="3621" WIDTH="28"/>
						<String ID="P28_ST00282" HPOS="1011" VPOS="3566" WIDTH="292" HEIGHT="43" CONTENT="Glossarium" WC="0.75" CC="0070035053" STYLEREFS="TXT_6"/>
						<String ID="P28_ST00283" HPOS="1312" VPOS="3599" WIDTH="9" HEIGHT="20" CONTENT="," WC="0.59" CC="4"/>
						<SP ID="P28_SP00251" HPOS="1321" VPOS="3621" WIDTH="29"/>
						<String ID="P28_ST00284" HPOS="1350" VPOS="3576" WIDTH="84" HEIGHT="36" CONTENT="art." WC="0.96" CC="2527"/>
						<SP ID="P28_SP00252" HPOS="1434" VPOS="3621" WIDTH="24"/>
						<String ID="P28_ST00285" HPOS="1458" VPOS="3568" WIDTH="210" HEIGHT="42" CONTENT="ceruula." WC="0.72" CC="00031266" STYLEREFS="TXT_6"/>
					</TextLine>
					<TextLine ID="P28_TL00030" HPOS="477" VPOS="3627" WIDTH="1926" HEIGHT="56">
						<String ID="P28_ST00286" HPOS="477" VPOS="3629" WIDTH="57" HEIGHT="54" CONTENT="(2)" WC="0.76" CC="150" STYLEREFS="TXT_7"/>
						<SP ID="P28_SP00253" HPOS="534" VPOS="3683" WIDTH="26"/>
						<String ID="P28_ST00287" HPOS="560" VPOS="3628" WIDTH="232" HEIGHT="55" CONTENT="L'évêque" WC="0.69" CC="13523060"/>
						<SP ID="P28_SP00254" HPOS="792" VPOS="3683" WIDTH="21"/>
						<String ID="P28_ST00288" HPOS="813" VPOS="3627" WIDTH="194" HEIGHT="43" CONTENT="Faustin" WC="0.70" CC="3352022"/>
						<SP ID="P28_SP00255" HPOS="1007" VPOS="3683" WIDTH="20"/>
						<String ID="P28_ST00289" HPOS="1027" VPOS="3628" WIDTH="142" HEIGHT="43" CONTENT="vivait" WC="0.98" CC="666050"/>
						<SP ID="P28_SP00256" HPOS="1169" VPOS="3683" WIDTH="25"/>
						<String ID="P28_ST00290" HPOS="1194" VPOS="3642" WIDTH="89" HEIGHT="28" CONTENT="aux" WC="0.96" CC="045"/>
						<SP ID="P28_SP00257" HPOS="1283" VPOS="3683" WIDTH="24"/>
						<String ID="P28_ST00291" HPOS="1307" VPOS="3629" WIDTH="222" HEIGHT="43" CONTENT="environs" WC="0.99" CC="07600310"/>
						<SP ID="P28_SP00258" HPOS="1529" VPOS="3683" WIDTH="35"/>
						<String ID="P28_ST00292" HPOS="1564" VPOS="3630" WIDTH="56" HEIGHT="42" CONTENT="de" WC="1.00" CC="00"/>
						<SP ID="P28_SP00259" HPOS="1620" VPOS="3683" WIDTH="24"/>
						<String ID="P28_ST00293" HPOS="1644" VPOS="3629" WIDTH="91" HEIGHT="42" CONTENT="Tan" WC="0.97" CC="800"/>
						<SP ID="P28_SP00260" HPOS="1735" VPOS="3683" WIDTH="24"/>
						<String ID="P28_ST00294" HPOS="1759" VPOS="3643" WIDTH="114" HEIGHT="40" CONTENT="400." WC="0.82" CC="2004" STYLEREFS="TXT_7"/>
						<SP ID="P28_SP00261" HPOS="1873" VPOS="3683" WIDTH="54"/>
						<String ID="P28_ST00295" HPOS="1927" VPOS="3631" WIDTH="133" HEIGHT="41" CONTENT="Nous" WC="0.98" CC="0070"/>
						<SP ID="P28_SP00262" HPOS="2060" VPOS="3683" WIDTH="45"/>
						<String ID="P28_ST00296" HPOS="2105" VPOS="3632" WIDTH="192" HEIGHT="41" CONTENT="n'avons" WC="0.99" CC="0300500"/>
						<SP ID="P28_SP00263" HPOS="2297" VPOS="3683" WIDTH="45"/>
						<String ID="P28_ST00297" HPOS="2342" VPOS="3639" WIDTH="61" HEIGHT="44" CONTENT="pu" WC="0.44" CC="46"/>
					</TextLine>
					<TextLine ID="P28_TL00031" HPOS="425" VPOS="3689" WIDTH="471" HEIGHT="44">
						<String ID="P28_ST00298" HPOS="425" VPOS="3689" WIDTH="234" HEIGHT="43" CONTENT="identifier" WC="0.99" CC="3007001106"/>
						<SP ID="P28_SP00264" HPOS="659" VPOS="3732" WIDTH="26"/>
						<String ID="P28_ST00299" HPOS="685" VPOS="3704" WIDTH="50" HEIGHT="29" CONTENT="ce" WC="1.00" CC="00"/>
						<SP ID="P28_SP00265" HPOS="735" VPOS="3733" WIDTH="22"/>
						<String ID="P28_ST00300" HPOS="757" VPOS="3700" WIDTH="139" HEIGHT="33" CONTENT="texte." WC="0.99" CC="003005"/>
					</TextLine>
					<TextLine ID="P28_TL00032" HPOS="479" VPOS="3752" WIDTH="1924" HEIGHT="58">
						<String ID="P28_ST00301" HPOS="479" VPOS="3752" WIDTH="59" HEIGHT="54" CONTENT="(3)" WC="0.71" CC="007"/>
						<SP ID="P28_SP00266" HPOS="538" VPOS="3806" WIDTH="29"/>
						<String ID="P28_ST00302" HPOS="567" VPOS="3752" WIDTH="146" HEIGHT="51" CONTENT="Paris," WC="0.98" CC="045407"/>
						<SP ID="P28_SP00267" HPOS="713" VPOS="3806" WIDTH="29"/>
						<String ID="P28_ST00303" HPOS="742" VPOS="3753" WIDTH="121" HEIGHT="45" CONTENT="Bibl." WC="0.76" CC="00083"/>
						<SP ID="P28_SP00268" HPOS="863" VPOS="3806" WIDTH="27"/>
						<String ID="P28_ST00304" HPOS="890" VPOS="3755" WIDTH="110" HEIGHT="41" CONTENT="Nat." WC="0.75" CC="0504"/>
						<SP ID="P28_SP00269" HPOS="1000" VPOS="3806" WIDTH="31"/>
						<String ID="P28_ST00305" HPOS="1031" VPOS="3753" WIDTH="55" HEIGHT="41" CONTENT="fr." WC="0.58" CC="173"/>
						<SP ID="P28_SP00270" HPOS="1086" VPOS="3806" WIDTH="36"/>
						<String ID="P28_ST00306" HPOS="1122" VPOS="3754" WIDTH="97" HEIGHT="52" CONTENT="146," WC="0.84" CC="2040" STYLEREFS="TXT_7"/>
						<SP ID="P28_SP00271" HPOS="1219" VPOS="3806" WIDTH="27"/>
						<String ID="P28_ST00307" HPOS="1246" VPOS="3753" WIDTH="81" HEIGHT="45" CONTENT="fol." WC="0.99" CC="0004"/>
						<SP ID="P28_SP00272" HPOS="1327" VPOS="3806" WIDTH="27"/>
						<String ID="P28_ST00308" HPOS="1354" VPOS="3754" WIDTH="54" HEIGHT="42" CONTENT="36" WC="0.52" CC="35"/>
						<SP ID="P28_SP00273" HPOS="1408" VPOS="3806" WIDTH="26"/>
						<String ID="P28_ST00309" HPOS="1434" VPOS="3766" WIDTH="61" HEIGHT="33" CONTENT="v°." WC="0.59" CC="084"/>
						<SP ID="P28_SP00274" HPOS="1495" VPOS="3806" WIDTH="30"/>
						<String ID="P28_ST00310" HPOS="1525" VPOS="3756" WIDTH="133" HEIGHT="40" CONTENT="Nous" WC="1.00" CC="0000"/>
						<SP ID="P28_SP00275" HPOS="1658" VPOS="3806" WIDTH="30"/>
						<String ID="P28_ST00311" HPOS="1688" VPOS="3769" WIDTH="29" HEIGHT="41" CONTENT="y" WC="0.87" CC="1"/>
						<SP ID="P28_SP00276" HPOS="1717" VPOS="3810" WIDTH="31"/>
						<String ID="P28_ST00312" HPOS="1748" VPOS="3768" WIDTH="146" HEIGHT="29" CONTENT="avons" WC="1.00" CC="00040"/>
						<SP ID="P28_SP00277" HPOS="1894" VPOS="3810" WIDTH="39"/>
						<String ID="P28_ST00313" HPOS="1933" VPOS="3754" WIDTH="97" HEIGHT="56" CONTENT="pris" WC="1.00" CC="1000"/>
						<SP ID="P28_SP00278" HPOS="2030" VPOS="3810" WIDTH="26"/>
						<String ID="P28_ST00314" HPOS="2056" VPOS="3754" WIDTH="68" HEIGHT="43" CONTENT="les" WC="1.00" CC="000"/>
						<SP ID="P28_SP00279" HPOS="2124" VPOS="3810" WIDTH="28"/>
						<String ID="P28_ST00315" HPOS="2152" VPOS="3756" WIDTH="163" HEIGHT="40" CONTENT="scènes" WC="0.99" CC="001400"/>
						<SP ID="P28_SP00280" HPOS="2315" VPOS="3810" WIDTH="34"/>
						<String ID="P28_ST00316" HPOS="2349" VPOS="3752" WIDTH="54" HEIGHT="42" CONTENT="de" WC="0.63" CC="07"/>
					</TextLine>
					<TextLine ID="P28_TL00033" HPOS="426" VPOS="3812" WIDTH="818" HEIGHT="56">
						<String ID="P28_ST00317" HPOS="426" VPOS="3812" WIDTH="227" HEIGHT="43" CONTENT="charivari" WC="0.99" CC="560009000"/>
						<SP ID="P28_SP00281" HPOS="653" VPOS="3855" WIDTH="24"/>
						<String ID="P28_ST00318" HPOS="677" VPOS="3816" WIDTH="294" HEIGHT="52" CONTENT="reproduites" WC="1.00" CC="00025063000"/>
						<SP ID="P28_SP00282" HPOS="971" VPOS="3868" WIDTH="23"/>
						<String ID="P28_ST00319" HPOS="994" VPOS="3815" WIDTH="250" HEIGHT="45" CONTENT="ci-dessus." WC="0.99" CC="4040011007"/>
					</TextLine>
				</TextBlock>
				<ComposedBlock ID="P28_CB00001" HPOS="404" VPOS="1645" WIDTH="2024" HEIGHT="780" STYLEREFS="TXT_5 PAR_LEFT" TYPE="Illustration">
					<GraphicalElement ID="P28_CB00001_SUB" HPOS="404" VPOS="1645" WIDTH="2024" HEIGHT="780"/>
				</ComposedBlock>
			</PrintSpace>
		</Page>
	</Layout>
</alto>
