2512 4183
661 209 229 38 MUSIQUE
927 195 227 50 D'ÉGLISE
1190 214 62 32 AU
1287 215 88 31 XIII
1380 204 18 22 e
1433 207 173 40 SIÈCLE

2128 261 0 0 23

128 429 200 42 eurent
350 434 149 53 pour
524 422 389 68 conséquence
957 424 400 58 l'interdiction
1383 431 66 52 de
1475 431 51 52 la
1558 433 108 53 fête
1692 435 96 52 des
1825 435 305 56 Innocents

128 494 140 53 dans
302 495 49 52 la
388 511 244 56 presque
660 499 215 53 totalité
924 501 95 54 des
1052 503 249 57 diocèses
1336 509 66 52 de
1460 510 234 67 France,
1736 529 92 37 car
1882 513 49 53 le
1974 532 125 37 scan-

125 571 122 52 dale
276 572 267 55 devenait
576 572 334 58 intolérable
943 579 67 52 de
1036 580 124 52 voir
1191 581 77 55 les
1295 600 135 54 gens
1471 586 246 71 d'église,
1759 589 99 71 qui
1899 607 72 36 au
2016 591 112 54 très

124 646 201 72 grand
596 649 253 71 vitupère
1154 659 52 45 et
1318 652 228 73 diffame
1813 655 66 55 de
2011 663 118 48 tout

119 1804 176 49 toutes
331 1799 198 71 églises
561 1808 53 46 et
633 1802 148 52 lieux
803 1803 197 67 saints,
1036 1822 203 37 comme
1263 1803 196 56 dehors
1480 1814 51 46 et
1555 1814 343 49 mesmement
1926 1809 211 56 durant

130 1875 47 52 le
289 1874 151 53 divin
638 1877 168 71 office
816 1877 286 71 plusieurs
1120 1880 107 72 grandes
1228 1880 221 70 insolences,
1463 1883 294 69 dérisions,
1778 1887 351 71 mocqueries,

120 1953 294 68 spectacles
774 1954 233 69 publics,
1311 1954 64 53 de
1496 1955 153 55 leurs
1854 1976 161 52 corps

128 2028 277 54 indécents
750 2037 52 45 et
899 2048 104 36 non
1164 2039 412 64 appartenants
2042 2053 33 34 a

123 2104 233 55 d'habits
631 2114 52 46 et
793 2115 317 47 vestements
1477 2108 67 54 de
1626 2110 145 71 fols,
1993 2110 67 55 de
2072 2131 65 52 ge

115 2181 225 69 culiers,
369 2190 52 46 et
452 2184 75 53 les
563 2202 207 38 aucuns
798 2195 190 46 usants
1038 2189 238 53 d'habits
1328 2198 52 46 et
1419 2197 317 49 vestements
1780 2193 66 53 de
1879 2197 241 66 femmes,

115 3248 208 37 aucuns
595 3231 65 54 de
803 3234 155 68 faux
1213 3232 239 72 visages,
1794 3251 66 35 ou
2027 3239 84 48 aut

107 3315 316 47 vestements
446 3316 52 46 et
521 3316 316 64 apostatant
858 3309 65 53 de
944 3310 119 55 leur
1080 3318 140 45 estât
1244 3318 49 45 et
1333 3309 316 76 profession
1698 3311 16 69 (
1731 3311 67 67 i).
1853 3309 150 61 C'est
2031 3326 79 40 un

110 3403 108 52 peu
260 3403 59 34 ce
342 3385 99 71 qui
469 3403 56 34 se
559 3385 212 71 passait
804 3403 69 35 en
911 3404 137 52 1249
1077 3404 69 35 au
1171 3389 324 49 monastère
1535 3386 66 52 de
1626 3384 373 55 Villarceaiax.

178 3464 164 52 Nous
376 3480 173 37 avons
582 3462 83 55 dit
700 3462 123 69 déjà
855 3464 399 54 l'insuffisance
1295 3465 66 51 de
1394 3479 104 37 nos
1541 3461 433 55 connaissances
2013 3479 97 39 sur

110 3536 78 56 les
215 3539 202 53 danses
440 3540 74 53 du
540 3556 207 54 moyen
774 3545 98 65 âge
898 3554 12 38 :
939 3539 325 54 l'érudition
1290 3558 29 34 a
1352 3556 73 54 pu
1453 3537 210 54 arriver
1686 3542 29 49 à
1737 3539 374 54 reconstituer

108 3632 102 54 par
247 3615 416 71 d'ingénieuses
721 3617 341 70 hypothèses
1107 3617 274 70 quelques
1432 3615 282 53 scénarios
1765 3617 66 52 de

163 3771 60 55 (1)
254 3771 158 45 Lettre
436 3771 58 45 de
520 3771 196 45 Charles
739 3773 105 54 VII,
875 3773 62 43 du
969 3787 49 42 17
1045 3773 114 45 avril
1190 3773 130 54 1445,
1347 3771 118 44 dans
1506 3771 235 54 Martène,
1766 3773 173 43 Anecd.
1977 3771 132 59 coll.}

102 3834 96 53 t.l,
232 3834 130 53 1804.
