2512 4183
433 1605 371 79 BEVUE
873 1605 134 82 DE
1076 1608 127 79 LA
1272 1608 647 99 QUINZAINE

282 2022 395 58 THÉATRES

197 2164 330 40 OPÉRA-COMIQUE
557 2176 7 23 :
601 2166 44 32 Le
687 2166 96 38 Clos,
816 2166 108 42 opéra
955 2167 158 42 ccmique
1147 2179 41 20 en
1226 2178 24 31 4
1287 2175 121 34 actes,
1437 2170 40 30 de
1519 2169 92 33 MM.
1635 2172 92 30 Mich
1751 2173 12 29 1
1791 2172 105 31 Carré
1928 2178 33 24 et
2000 2174 147 31 Charlde

145 2214 129 33 Silver.

202 2322 127 42 C'est
343 2335 112 29 avec
476 2324 63 41 Le
565 2324 110 41 Clos
680 2357 7 19 ,
711 2324 56 41 de
795 2324 117 44 MM.
940 2324 142 42 Carré
1106 2334 44 33 et
1171 2324 165 51 Silver,
1358 2339 88 41 que
1470 2325 451 57 l'Opéra-Comique
1943 2330 202 43 termine

145 2397 94 30 une
255 2384 161 43 saison
438 2385 63 42 où
520 2385 31 41 il
576 2399 121 28 nous
711 2386 182 42 éblouit
918 2387 56 43 de
996 2387 44 41 la
1063 2386 343 57 magnificence
1433 2389 267 43 décorative
1727 2390 324 55 d'Aphrodite.
2075 2394 71 41 En

144 2446 131 57 dépit
299 2448 56 41 de
382 2461 87 29 son
495 2448 148 43 allure
670 2448 134 57 quasi
831 2450 314 56 dramatique,
1171 2451 66 42 Le
1268 2451 108 44 Clos
1402 2451 209 56 rappelle
1657 2467 83 39 par
1773 2453 104 53 plus
1905 2454 110 42 d'un
2041 2456 104 42 côté

144 2510 67 43 les
235 2509 159 55 pièces
421 2512 56 41 de
504 2520 104 34 tout
631 2525 139 42 repos
804 2526 90 42 que
921 2527 121 28 nous
1068 2514 297 41 entendîmes
1392 2514 118 55 jadis
1538 2515 116 42 dans
1682 2515 199 44 l'édifice
1908 2518 209 43 matrimo-

144 2572 97 43 nial
268 2573 118 42 delà
409 2573 135 56 place
572 2574 268 44 Boïeldieu.
857 2575 307 43 Habilement
1186 2575 181 43 cuisiné
1390 2590 83 42 par
1498 2591 64 28 un
1588 2578 166 42 maître
1781 2592 57 28 en
1865 2580 42 40 la
1933 2580 210 52 matière,

146 2635 65 43 M.
241 2635 177 43 Michel
467 2637 157 53 Carré,
674 2637 112 42 chef
811 2637 357 57 incomparable
1195 2648 43 33 et
1273 2653 59 28 au
1374 2648 109 33 tour
1508 2641 56 41 de
1606 2641 127 41 main
1769 2641 306 56 prestigieux,
2103 2644 40 42 le

143 2697 135 44 livret
304 2707 70 33 est
393 2698 86 42 tiré
504 2700 111 41 d'un
648 2713 168 29 roman
848 2700 92 42 fort
967 2700 160 42 oublié
1152 2700 253 42 d'Amédée
1430 2702 190 41 Achard
1644 2716 7 28 :
1679 2703 66 42 Le
1772 2704 109 42 Clos
1893 2706 248 53 pommier.

147 2760 338 57 Bibliothèque
512 2775 107 29 rose
645 2776 63 28 ou
736 2761 334 57 Bibliothèque
1114 2763 81 41 des
1232 2762 225 43 Chemins
1473 2764 56 42 de
1555 2762 82 52 fer,
1667 2778 183 29 comme
1891 2780 117 29 vous
2032 2782 83 29 vou-

147 2824 124 42 drez.
308 2823 137 42 Voici
471 2823 230 43 l'histoire
729 2841 8 26 :

200 2886 37 42 Il
262 2901 29 41 y
316 2900 24 28 a
360 2900 64 28 un
451 2886 140 43 vieux
617 2888 264 50 Normand,
908 2887 42 43 le
979 2888 220 42 méchant
1232 2898 45 31 et
1302 2902 170 42 rapace
1508 2889 306 52 Hennebaut,
1844 2891 117 44 dont
1999 2893 41 43 le
2068 2893 73 43 fils

146 2949 178 51 Pierre,
351 2950 148 55 grand
525 2951 119 41 beau
670 2963 102 43 gars
808 2950 79 55 qui
920 2964 57 28 ne
1023 2951 193 42 connaît
1258 2951 135 55 point
1420 2953 56 41 de
1503 2953 219 54 cruelles,
1751 2954 206 43 courtise
1995 2957 119 41 Gene-

143 3011 148 52 viève,
315 3012 44 42 la
381 3013 94 42 fille
501 3013 63 42 du
602 3013 142 56 garde
772 3013 270 57 champêtre
1092 3014 214 51 Gervais,
1346 3014 352 44 fonctionnaire
1734 3018 128 42 aussi
1907 3018 126 42 riche
2084 3033 57 27 en

142 3075 130 42 fierté
301 3090 89 41 que
422 3090 175 41 pauvre
631 3091 58 27 en
715 3077 129 42 écus.
884 3077 37 41 Il
967 3092 29 41 y
1021 3091 24 28 a
1070 3077 128 42 aussi
1246 3077 41 42 le
1320 3079 167 42 tendre
1536 3088 45 33 et
1606 3079 233 57 héroïque
1885 3081 152 43 fiancé
2085 3083 55 41 de

143 3138 281 52 Geneviève,
465 3139 41 43 le
532 3139 149 42 marin
727 3140 115 42 Jean
883 3140 183 52 Simon,
1091 3154 153 42 gueux
1270 3140 130 56 plein
1426 3142 56 41 de
1510 3142 239 51 noblesse,
1778 3143 116 42 mais
1940 3144 198 53 destiné,

142 3201 129 43 hélas
302 3203 7 40 !
334 3203 25 40 à
379 3203 96 41 être
496 3203 147 42 roulé.
670 3203 153 54 (Nous
851 3217 208 28 sommes
1086 3217 56 28 en
1162 3203 329 55 Normandie.)
1522 3204 34 41 Il
1584 3220 27 40 y
1637 3220 21 26 a
1680 3206 56 41 de
1762 3206 98 56 gais
1887 3207 166 41 lurons
2098 3217 43 32 et

141 3277 95 29 une
260 3264 225 56 gaillarde
513 3265 218 42 nommée
755 3265 202 56 Margot,
976 3279 92 41 que
1093 3266 67 42 les
1181 3265 175 43 susdits
1376 3265 164 43 lurons
1568 3277 243 32 troussent
1831 3269 23 41 à
1877 3269 79 55 qui
1983 3269 158 42 mieux

144 3328 157 41 mieux
325 3342 9 38 ;
362 3328 31 40 il
420 3344 27 40 y
472 3342 39 40 a,
541 3328 144 50 enfin,
708 3342 64 28 un
798 3328 235 42 délicieux
1061 3328 114 42 clair
1200 3328 56 42 de
1284 3327 110 43 lune
1416 3342 113 29 avec
1555 3330 56 41 de
1638 3330 122 41 vrais
1794 3331 259 53 pommiers
2098 3341 43 33 et

144 3404 108 28 sans
286 3391 143 41 doute
456 3392 55 40 de
553 3390 149 43 vraies
727 3404 234 42 pommes,
986 3400 44 32 et
1063 3405 65 27 un
1154 3389 205 43 huissier
1399 3391 238 41 d'ombres
1672 3391 238 43 chinoises
1947 3394 61 40 du
2033 3393 106 56 plus

143 3467 88 41 pur
255 3469 20 24 «
302 3454 143 55 opéra
470 3453 221 56 comique
716 3470 37 25 ».

198 3533 20 21 «
241 3517 156 54 Opéra
436 3516 221 56 comique
682 3534 21 21 »
735 3517 117 41 dans
878 3525 130 33 toute
1043 3530 49 28 sa
1119 3530 167 29 saveur
1310 3515 373 52 traditionnelle,
1710 3517 216 43 s'affirme
1970 3519 39 42 le
2034 3533 78 42 pre-

146 3578 117 42 mier
285 3589 100 33 acte
410 3580 120 42 situé
555 3594 78 28 sur
654 3579 44 42 la
721 3579 134 55 place
896 3580 56 41 de
976 3579 141 43 Dives
1153 3578 277 44 ensoleillée
1460 3587 43 33 et
1525 3579 195 55 joyeuse
1748 3594 9 38 ;
1785 3594 61 28 011
1887 3591 147 41 entre,
2076 3597 62 27 on

142 3651 114 42 sort,
308 3656 62 28 on
416 3642 193 51 babille,
651 3656 62 28 on
769 3656 47 29 se
860 3641 206 56 dispute,
1116 3644 83 41 des
1226 3643 189 40 choeurs
1457 3641 225 42 évoluent
1707 3643 134 41 selon
1867 3643 43 42 la
1936 3643 202 45 formule

140 3705 207 42 d'antan.
377 3707 91 41 Les
511 3706 210 54 Gprvais,
749 3704 109 56 père
892 3714 44 33 et
961 3705 112 53 fille,
1094 3704 210 43 n'ont-ils
1336 3705 136 55 point
1503 3704 211 43 l'audace
1740 3706 56 43 de
1821 3720 253 42 repousser
2095 3709 41 42 le

146 3767 71 43 fils
247 3770 304 52 Hennebaut,
582 3768 266 44 Geneviève
873 3768 240 57 préférant
1146 3770 25 40 à
1193 3782 51 28 ce
1270 3767 188 43 richard
1486 3781 87 28 son
1599 3766 149 45 fiancé
1778 3769 165 43 Simon
1972 3773 6 38 !
2017 3771 119 42 Mais

140 3830 70 43 les
246 3832 291 42 Hennebaut
569 3831 258 57 possèdent
851 3832 107 55 plus
993 3832 109 42 d'un
1127 3841 108 32 tour
1267 3845 59 28 au
1352 3831 115 41 fond
1493 3831 55 41 de
1575 3831 101 41 leur
1702 3846 93 40 sac,
1824 3841 44 34 et
1892 3832 101 43 leur
2018 3847 120 41 opu-
