3505 4374
1750 117 67 48 22

240 269 110 47 Liren
379 268 159 48 lassen.
574 265 152 48 Dafür
755 265 178 46 müssen
964 261 71 49 die
1064 263 353 48 Ouvertüren
1445 278 52 30 zu
1528 258 215 49 Fidelio

237 346 80 47 Nr.
349 345 30 47 2
411 343 192 66 (zweites
632 339 208 63 Concert)
884 339 90 48 und
1018 339 70 48 die
1129 355 51 31 zu
1218 336 85 50 den
1334 338 408 62 Abenceragen

238 421 168 52 (achtes
445 415 208 64 Concert)
702 416 64 47 als
809 416 217 64 Beispiele
1072 414 381 63 unbegreiflicher
1495 413 248 60 Verirrung

236 496 258 50 bezeichnet
522 494 198 47 werden.
762 494 84 46 Die
875 493 303 61 Ausführung
1207 490 82 48 der
1318 499 197 39 ersteren
1547 487 195 67 geschah

236 575 57 46 im
332 571 166 63 Tempo
518 573 170 63 presto,
731 569 155 47 mithin
917 569 157 47 höchst
1102 567 149 63 lustig.
1305 566 155 48 Ueber
1487 565 71 47 die
1600 565 118 47 erfor-

236 649 194 48 derliche
481 649 264 61 Bewegung
788 646 144 47 erhält
975 644 79 47 der
1094 644 213 63 Dirigent
1345 644 174 45 sichere
1559 640 183 56 Kunde,

233 743 132 31 wenn
402 741 49 32 er
486 724 70 47 die
592 731 132 40 unter
753 724 122 45 Blas-
907 721 87 48 und
1023 721 483 47 Saiten-Instrumente
1535 719 183 47 vertheil-

235 811 71 40 ten
336 801 290 50 Bruchtheile
655 815 79 32 aus
763 797 100 49 dem
898 797 316 65 Haupt-Motiv
1254 797 78 47 mit
1361 796 85 48 den
1487 794 253 66 begleitend

233 880 113 48 nach
390 879 81 47 der
512 877 132 47 Höhe
684 874 400 48 fortschreitenden
1115 874 242 64 Synkopen
1398 871 100 65 (auf
1519 872 120 47 Seite
1671 870 67 49 52

232 956 80 47 der
340 954 198 48 Partitur
569 951 270 64 beginnend)
870 951 153 46 scharf
1047 951 65 46 ins
1135 952 133 61 Auge
1299 950 104 47 fasst
1432 947 90 48 und
1552 951 190 60 erwägt,

231 1034 42 45 in
303 1031 215 47 welchem
548 1027 153 50 Grade
730 1044 84 31 von
846 1027 410 62 Geschwindigkeit
1291 1026 118 47 wohl
1440 1025 71 48 die
1540 1026 174 47 Blas-In-

228 1115 249 40 slrumente
515 1105 121 48 diese
665 1106 135 47 Stelle
839 1112 174 41 correct
1059 1103 89 49 und
1183 1103 113 49 nach
1328 1102 253 48 Vorschrift
1624 1101 114 48 auch

226 1182 139 65 piano
393 1182 305 48 auszuführen
727 1181 58 48 im
816 1180 169 49 Stande
1012 1181 135 47 seien.
1202 1181 93 46 Hat
1342 1196 48 31 er
1432 1178 70 47 die
1539 1186 176 56 entspre-

231 1261 171 49 chende
444 1262 264 61 Bewegung
752 1258 142 47 dieses
941 1258 128 47 recht
1119 1256 297 65 schwierigen
1459 1256 179 47 Theiles
1680 1256 57 46 im

232 1340 274 62 Hauptsatze
547 1335 163 62 richtig
755 1335 174 54 erfasst,
971 1351 49 31 so
1050 1333 149 64 ergibt
1227 1333 90 47 sich
1348 1332 79 48 das
1458 1333 174 64 Tempo
1663 1331 78 48 des

231 1416 178 47 Ganzen
437 1430 83 30 von
550 1412 153 56 selbst,
741 1411 79 48 das
848 1411 240 48 immerhin
1117 1411 70 47 ein
1219 1409 182 49 frisches
1430 1411 186 62 Allegro
1646 1408 91 47 sein

231 1492 133 48 kann.
393 1489 150 50 Bleibt
571 1489 130 49 anbei
731 1489 120 49 nicht
881 1488 111 48 aber
1013 1488 116 48 noch
1153 1505 52 30 zu
1230 1487 256 57 bedenken,
1514 1486 101 49 dass
1637 1503 100 31 zum

228 1568 210 48 Schlüsse
473 1567 70 48 ein
580 1567 156 47 Presto
776 1564 274 56 bevorsteht,
1091 1563 78 50 das
1199 1564 114 49 auch
1343 1563 124 48 nicht
1492 1564 43 47 in
1571 1562 140 51 Ueber-

228 1650 215 58 stürzung
471 1651 209 40 ausarten
710 1643 113 47 soll?
880 1642 77 48 Bei
988 1642 81 48 der
1097 1642 278 63 Auffassung
1404 1641 82 48 der
1516 1639 195 50 Cherubi-

228 1722 195 48 nischen
447 1721 258 48 Ouvertüre
725 1721 127 47 sollte
875 1736 103 32 man
1008 1719 69 49 ein
1101 1718 333 50 Ueberstürzen
1465 1735 71 31 am
1569 1717 141 65 wenig-

228 1807 96 41 sten
364 1806 239 40 erwarten.
656 1797 258 65 Allerdings
955 1797 54 47 ist
1049 1797 71 47 ihr
1157 1797 249 65 Hauptsatz
1449 1796 81 48 mit

230 1874 238 70 spirituoso
508 1874 376 56 überschrieben;
926 1876 54 47 ist
1007 1873 112 50 aber
1147 1874 146 49 dieser
1321 1873 179 65 Begriff
1522 1872 215 49 identisch

230 1954 80 49 mit
345 1951 320 52 Prestissimol
719 1953 59 47 So
823 1952 288 65 ausgeführt,
1153 1952 204 48 erhalten
1399 1951 123 48 nicht
1563 1951 178 63 wenige

227 2032 168 48 Stellen
425 2031 141 48 durch
597 2031 214 47 sinnloses
840 2029 207 65 Gehüpfe
1087 2028 85 50 den
1204 2028 255 50 Charakter
1493 2028 78 48 des
1601 2028 115 48 Cotil-

227 2108 90 57 lon,
346 2107 127 49 darin
503 2107 118 47 dann
651 2107 71 47 die
750 2123 84 31 von
863 2107 80 47 der
970 2113 147 41 ersten
1150 2107 176 47 Violine
1354 2105 222 64 gehörten
1605 2104 107 48 chro-

226 2184 245 50 matischen
490 2184 174 64 Gänge,
687 2201 56 31 an
766 2182 143 49 denen
931 2183 91 48 sich
1046 2183 146 63 einige
1210 2183 119 48 Male
1350 2183 117 48 auch
1491 2182 71 48 die
1583 2182 157 48 zweite

226 2262 179 48 Violine
433 2259 93 50 und
553 2259 72 48 die
651 2260 131 47 Flöte
810 2259 292 64 betheiligen,
1131 2259 85 48 wie
1246 2258 373 66 Hohngelächter
1647 2258 91 48 sich

230 2339 278 48 ausnehmen
550 2337 91 48 und
670 2337 229 49 wahrhaft
927 2335 247 50 verletzend
1206 2337 83 48 auf
1319 2335 87 49 den
1435 2337 301 48 ästhetischen

228 2417 107 48 Sinn
364 2415 263 59 einwirken,
655 2415 146 47 zumal
832 2414 114 48 noch
973 2414 304 47 Deutlichkeit
1307 2414 108 47 fehlt
1444 2413 91 49 und
1563 2414 62 48 sie
1656 2431 85 30 nur

228 2494 84 47 wie
332 2494 68 47 ein
426 2492 205 48 Gewisch
659 2492 114 48 über
795 2490 77 50 das
896 2490 242 49 Griffbrett
1168 2490 173 49 hörbar
1371 2490 200 49 werden.
1601 2492 140 52 Kurz,

227 2570 69 49 die
336 2568 463 64 Leistungsfähigkeit
852 2568 80 48 der
975 2569 484 47 Saiten-Instrumente
1500 2569 43 47 in
1588 2569 152 62 Bezug

227 2648 80 47 auf
331 2646 399 64 Kraftäusserung,
760 2646 301 47 Deutlichkeit
1092 2645 89 48 und
1211 2645 295 65 Schattirung
1535 2645 203 48 erschien

227 2725 84 48 fast
338 2724 81 48 auf
440 2725 103 47 Null
575 2723 378 64 herabgedrückt.

338 2819 144 48 Einen
514 2818 291 65 Gipfelpunkt
846 2818 78 48 der
955 2818 252 65 Verirrung
1238 2817 403 59 wahrzunehmen,
1682 2818 55 48 ist

222 2912 83 33 uns
326 2897 57 47 im
407 2903 145 41 ersten
578 2895 477 49 Museums-Concerte
1078 2895 81 49 der
1187 2894 240 51 laufenden
1451 2895 159 50 Saison
1629 2893 106 68 (22.

223 2973 275 65 November)
526 2973 43 48 in
600 2974 293 47 Beethoven's
922 2973 391 48 2?-fl?«r-Sinfonie
1356 2973 269 48 beschieden
1656 2989 53 49 ge-

225 3067 163 33 wesen.
419 3050 156 65 Gegen
606 3049 82 50 den
717 3058 148 41 ersten
890 3050 89 49 und
1004 3050 184 49 zweiten
1211 3052 103 47 Satz
1337 3049 105 50 darf
1467 3050 100 49 kein
1591 3050 140 49 Tadel

225 3128 95 48 laut
345 3127 200 57 werden,
580 3127 116 49 denn
724 3128 62 48 sie
814 3128 189 48 wurden
1035 3129 124 47 recht
1188 3135 82 58 gut
1298 3128 290 65 ausgeführt,
1630 3128 101 48 weil

225 3203 71 49 die
324 3205 157 65 Tempi
510 3204 160 65 richtig
698 3205 220 64 getroffen
962 3222 167 32 waren.
1178 3207 224 63 Dagegen
1432 3205 297 66 präsentirten

223 3281 92 49 sich
363 3280 70 50 die
476 3280 159 50 beiden
684 3283 236 63 folgenden
951 3284 124 47 Sätze
1111 3284 42 47 in
1195 3283 411 65 ungeheuerlicher
1632 3283 64 49 Ab-

223 3359 209 65 hetzung.
484 3360 86 48 Die
600 3360 326 48 Schreibweise
955 3360 76 48 des
1067 3361 78 49 mit
1172 3359 251 63 Menuetto,
1453 3360 182 69 Allegro
1663 3359 44 53 vi-

222 3449 110 36 vace
359 3435 409 50 überschriebenen
800 3436 161 49 dritten
992 3439 149 47 Salzes
1171 3438 53 47 ist
1252 3439 143 48 diese:

225 3735 84 50 Die
336 3737 284 63 Benennung
661 3734 76 50 des
765 3737 151 48 Satzes
1694 3734 38 59 „M
1283 3738 79 48 soll
1400 3738 122 48 nicht
1562 3738 43 48 in
1642 3738 58 49 Be-

226 3813 146 48 tracht
397 3813 230 57 kommen,
667 3813 100 48 weil
805 3814 62 47 sie
902 3831 88 30 nur
1018 3814 80 48 auf
1123 3814 159 50 Grund
1313 3814 77 50 des
1421 3815 277 49 Herkömmli-

226 3889 113 50 chen
378 3889 68 50 bei
490 3890 100 49 dem
634 3889 162 48 dritten
827 3890 129 49 Satze
998 3890 175 51 dasteht
1215 3892 321 66 (dessgleichen
1567 3893 63 48 oft
1658 3893 72 49 bei

226 3965 163 68 Haydn
420 3968 87 47 und
535 3968 215 63 Mozart);
801 3984 101 32 man
953 3968 189 49 erkennt
1173 3970 48 64 ja
1262 3970 216 65 sogleich,
1518 3970 102 50 dass
1661 3970 71 50 die

225 4043 247 66 Rhythmik
510 4043 99 49 dem
647 4045 248 64 graziösen,
932 4045 355 51 anstandsvollen
1318 4047 414 61 Menuett-Schritt,

1818 255 102 48 dem
1945 273 85 30 nur
2052 255 79 48 das
2152 246 214 59 Andante
2387 255 262 65 entspricht,
2678 255 125 47 nicht
2831 270 294 49 angemessen
3157 254 65 48 ist.
3253 254 86 48 Die

1817 333 329 48 Schreibweise
2177 331 113 50 aber
2317 333 92 48 und
2439 333 79 48 der
2545 331 197 64 sogleich
2770 331 78 47 mit
2872 331 290 65 möglichster
3185 331 154 47 Kraft*

1817 414 252 58 äusserung
2116 409 284 49 auftretende
2450 407 254 51 Charakter
2752 407 146 64 geben
2942 409 79 47 das
3071 406 269 48 unfehlbare

1818 486 149 47 Maass
1996 486 79 47 der
2108 486 264 64 Bewegung
2403 485 68 48 bei
2503 485 165 47 diesem
2695 485 129 46 Satze
2855 501 70 30 an.
2955 485 151 47 Sollen
3137 484 71 47 die
3238 484 74 47 Sai-

1815 562 406 47 ten-Instrumente
2254 561 146 48 fortan
2432 562 56 46 im
2521 560 170 49 Stande
2720 560 109 54 sein,
2866 559 84 48 den
2984 561 355 62 Haupt-Accent

1817 639 79 47 mit
1924 637 387 64 gleichmässigem
2885 636 268 51 Fortissimo
2726 637 58 47 im
2815 637 186 47 zweiten
3034 637 156 47 Theile
3228 636 112 47 aber

1815 715 170 47 wieder
2015 715 79 47 mit
2121 711 155 51 Piano
2387 716 82 47 auf
2491 715 72 47 die
2594 714 277 48 Viertelnote
2900 730 52 31 zu
2985 714 129 63 legen
3146 712 90 49 und
3267 714 72 47 die

1817 791 208 63 folgende
2055 791 271 47 Achtelnote
2354 792 113 47 nach
2503 791 250 48 Vorschrift
2782 791 107 47 kurz
2921 791 141 46 hören
3092 806 51 31 zu
3179 790 160 56 lassen,

1813 885 50 30 so
1896 885 119 30 muss
2046 868 80 47 der
2155 867 175 65 Spieler
2357 868 98 47 Zeit
2497 868 165 54 haben,
2704 867 85 47 den
2833 870 154 59 Bogen
3029 867 81 48 fest
3151 867 82 47 auf
3269 867 70 47 die

1815 946 121 47 Saite
1958 964 51 29 zu
2034 952 145 41 setzen
2212 943 222 65 (dasselbe
2458 945 121 47 nicht
2603 943 175 49 minder
2803 943 57 47 im
3090 943 86 49 und
3209 943 133 49 leicht

1815 1022 170 47 wieder
2013 1021 291 54 abzuziehen,
2339 1021 140 48 damit
2516 1021 69 48 die
2622 1021 306 63 Achtelpause
2964 1021 41 46 in
3048 1020 80 48 der
3158 1020 156 48 Gliede-

1815 1116 118 46 rung
1962 1098 77 47 des
2071 1097 427 66 Gedankenganges
2531 1098 143 49 fortan
2707 1097 209 48 beachtet
2947 1096 171 57 werde,
3147 1095 117 49 denn
3297 1096 42 48 in

1812 1175 168 49 diesem
2013 1176 279 65 Gegensatze
2320 1194 52 29 zu
2404 1176 101 47 dem
2538 1177 173 61 Legato
2740 1176 42 47 in
2814 1175 85 48 den
2927 1175 381 48 Blas-Instrumen-

1812 1260 72 40 ten
1920 1252 165 48 beruht
2113 1253 70 47 ein
2215 1252 101 47 dem
2342 1253 129 47 Satze
2500 1252 409 64 eigentümlicher
2932 1252 122 47 Reiz.
3083 1251 140 48 Wird
3247 1251 94 48 dies

1813 1331 309 47 auszuführen
2147 1329 195 64 möglich
2368 1328 69 50 bei
2462 1329 144 47 einem
3151 1329 48 46 In
3215 1328 124 47 solch

1815 1407 345 48 bedauerlicher
2192 1406 312 64 Verkennung
2533 1406 77 48 des
2641 1404 466 50 Charakteristischen
3139 1412 200 41 mussten

1811 1484 217 56 Accente,
2053 1484 379 64 Verkürzungen,
2462 1484 70 47 die
2556 1500 140 48 ganze
2720 1482 330 48 Schreibweise
3073 1481 267 66 vollständig

1812 1561 366 54 verschwinden;
2208 1577 46 31 es
2277 1559 90 65 gab
2391 1562 99 46 eine
2514 1561 145 48 Musik
2691 1577 51 29 zu
2773 1559 159 65 irgend
2964 1561 147 45 einem
3140 1559 175 49 inferna-

1812 1637 165 48 lischen
2009 1639 166 55 Tanze,
2204 1638 44 47 in
2279 1634 18 26 3
2298 1625 27 78 /
2326 1666 17 27 8
2350 1639 135 46 -Tact
2514 1637 394 65 umgeschrieben.
2954 1637 94 47 Das
3072 1636 268 64 beruhigter

1813 1716 281 48 eintretende
2118 1714 108 50 Trio
2251 1716 260 48 vermochte
2541 1714 71 49 die
2640 1730 436 49 vorausgegangene
3106 1712 92 49 und
3229 1712 108 49 bald

1813 1792 407 49 wiederkehrende
2249 1792 185 49 Raserei
2466 1792 123 48 nicht
2616 1810 52 30 zu
2701 1790 399 65 beschwichtigen.

1930 1872 97 48 Der
2055 1872 138 48 vierte
2223 1870 102 49 Satz
2354 1870 146 49 dieser
2523 1869 201 50 Sinfonie
2756 1873 118 61 trägt
2902 1868 71 48 die
2998 1867 342 66 Bezeichnung:

1826 1945 199 69 Allegro,
2295 1963 77 33 ma
2504 1963 90 33 non
2738 1948 141 57 tanto,
2450 1945 80 50 das
2570 1945 104 50 dem
2999 1944 341 66 gleichkommt.

1816 2025 112 49 Will
1959 2043 104 31 man
2093 2025 91 49 sich
2216 2024 115 48 auch
2363 2024 323 65 gewissenhaft
2721 2039 56 33 an
2809 2024 121 47 diese
2960 2022 269 57 Vorschrift,
3271 2022 47 64 je-

1813 2102 113 48 doch
1952 2104 58 46 im
2037 2100 253 50 Verstände
2319 2100 81 50 der
2429 2102 266 47 classischen
2718 2100 212 56 Periode,
2960 2100 169 56 halten,
3152 2116 49 30 so
3226 2099 116 48 wird

1813 2197 104 30 man
1948 2179 206 50 dennoch
2185 2179 272 65 zugestehen
2490 2179 198 55 können,
2718 2178 101 48 dass
2842 2177 147 48 dieser
3012 2178 103 46 Satz
3138 2177 71 47 ein
3239 2175 77 49 fri-

1813 2257 160 48 sches
2004 2257 185 64 Allegro
2220 2259 188 61 erträgt,
2429 2255 167 65 jedoch
2625 2254 123 48 nicht
2777 2253 402 49 darüberhinaus.
3206 2253 135 48 Auch

1817 2333 249 49 Habeneck
2109 2333 79 48 sah
2231 2332 57 49 ab
2331 2348 84 33 von
2460 2332 100 48 dem
2603 2330 267 66 gegebenen
2904 2330 173 48 Winke
3118 2344 104 42 „ma
3248 2345 94 33 non

1815 2413 125 47 tanto
1949 2419 17 17 u
2003 2410 87 50 und
2116 2418 238 58 gestattete
2377 2410 168 49 seinem
2564 2410 265 54 Orchester,
2851 2408 91 48 sich
2968 2408 42 48 in
3034 2409 146 47 einem
3204 2408 109 48 ziem-

1815 2489 82 47 lich
1930 2489 230 48 lebhaften
2189 2489 189 61 Allegro
2414 2486 302 50 auszulassen.
2767 2486 146 49 Allein
2944 2502 82 31 von
3058 2485 151 48 dieser
3238 2485 77 48 Sta-

1815 2566 91 49 tion
1931 2566 65 49 bis
2019 2584 51 31 zu
2095 2566 83 49 der
2198 2565 78 48 des
2301 2566 155 46 Preslo
2480 2565 55 47 ist
2558 2565 113 47 noch
2697 2564 99 48 eine
2822 2563 287 49 bedeutende
3133 2563 208 54 Distanz;

1816 2644 87 48 und
1934 2644 96 48 sind
2061 2644 71 48 die
2163 2650 147 42 ersten
2334 2643 208 47 Violinen
2574 2658 83 32 von
2687 2641 86 49 den
2796 2641 188 47 zweiten
3010 2640 89 48 und
3123 2639 86 49 den
3234 2640 81 48 Vio-

1812 2721 70 49 len
1921 2739 99 31 zum
2065 2723 125 47 Eilen
2236 2720 224 65 gedrängt
2503 2719 104 65 (wie
2636 2719 79 48 das
2745 2718 70 48 bei
2846 2735 51 31 zu
2927 2718 224 48 schneller
3181 2718 128 48 Bewe-

1811 2815 124 47 gung
1958 2799 163 47 immer
2141 2798 354 48 vorzukommen
2523 2796 154 65 pflegt,
2700 2795 101 48 dass
2819 2795 198 48 einzelne
3034 2795 307 47 Instrumente

1807 2894 53 29 zu
1903 2878 115 47 noch
2061 2876 357 47 vermehrterem
2464 2875 127 47 Eilen
2632 2873 275 63 antreiben),
2950 2889 48 32 so
3044 2871 184 49 werden
3269 2871 71 49 die

1808 2954 304 48 Contrabässe
2140 2954 42 47 in
2216 2953 100 47 dem
2338 2969 73 50 pp
2439 2950 390 65 vorzutragenden
2851 2950 107 48 Solo
2988 2949 114 48 nach
3134 2947 81 50 der
3245 2950 59 47 Ge-

1807 3033 300 47 neral-Pause
2137 3030 161 50 keinen
2339 3029 271 65 klingenden
2643 3031 97 46 Ton
2785 3029 132 48 mehr
2958 3026 287 57 entwickeln,
3289 3044 46 32 es

1803 3109 168 48 sonach
2004 3127 86 29 nur
2121 3106 214 51 kratzend
2366 3125 51 29 zu
2447 3106 156 48 Gehör
2634 3106 189 65 bringen
2856 3106 196 47 können.
3096 3105 110 47 Dies
3237 3120 96 32 war

1804 3185 82 49 der
1909 3186 193 48 Verlauf
2118 3185 80 48 der
2223 3185 172 65 Dinge;
2420 3184 244 64 allerdings
2687 3182 187 50 krachte
2897 3199 45 32 es
2966 3184 216 47 mitunter
3204 3181 105 48 tüch-

1804 3264 80 65 tig,
1907 3264 168 65 jedoch
2108 3264 81 48 auf
2213 3265 172 47 Kosten
2415 3262 82 49 der
2524 3262 301 49 ästhetischen
2858 3260 265 51 Wahrheit.

1917 3496 203 56 Fünftes
2163 3495 596 57 Gesellschafts-Concert
2806 3493 69 55 im
2918 3491 291 57 Gürzenich.

2171 3618 148 48 Köln,
2366 3618 89 36 den
2501 3617 60 38 14.
2608 3617 195 36 Januar
2851 3614 113 40 1862.

1801 3712 123 41 Rob.
1955 3712 307 41 Schumann's
2293 3712 153 41 Musik
2477 3712 61 41 zu
2569 3712 184 41 Scenen
2784 3712 92 41 aus
2907 3712 214 41 Göthe's
3152 3712 184 41 Faust.

2552 3809 33 47 I.

1920 3889 91 47 Das
2043 3887 146 49 fünfte
2213 3885 413 51 Winter-Concert
2649 3900 96 33 war
2768 3883 229 66 geeignet,
3025 3883 99 50 eine
3153 3899 155 33 ausser-

1804 3965 315 66 gewöhnliche
2142 3963 371 50 Theilnahmezu
2537 3979 212 48 erregen,
2771 3961 57 49 da
2852 3979 46 30 es
2921 3961 71 49 die
3021 3969 150 41 erste
3201 3961 108 48 voll-

1802 4041 258 67 ständige
2085 4042 305 65 Aufführung
2405 4041 78 49 des
2505 4040 417 66 umfangreichsten
2941 4038 91 51 und
3053 4038 282 50 bedeutend-
