3505 4374
1781 91 69 48 20

269 238 171 47 sichere
471 237 145 64 Spur;
645 234 70 50 die
743 233 605 66 Orgelpunkts-Gestallung
1378 230 77 50 des
1484 230 287 48 dreizehnten

270 314 160 47 Tactes
618 350 12 16 %
647 313 68 62 fis
732 309 75 68 gis
832 310 30 48 h
887 309 36 48 d
946 306 77 63 eis,
880 310 43 47 in
967 309 82 48 der
1089 310 127 61 Fuge
1256 308 139 47 selbst
1435 323 84 32 von
1544 306 128 49 Lobe
1710 306 64 49 als

655 385 276 56 bezeichnet,
961 385 111 47 wird
1102 386 57 46 im
1185 384 388 63 Accord-Auszug
1601 383 81 48 mit
1710 383 42 48 al-

270 466 70 47 len
364 466 154 46 Tönen
543 461 375 65 wiedergegeben
950 461 89 49 und
1069 461 62 47 als
1153 460 311 65 Sept-Accord
1489 459 80 49 der
1597 459 152 48 sieben-

268 549 73 41 ten
379 540 126 47 Stufe
542 555 85 33 von
913 536 215 52 Fis-moll
1129 538 151 63 dargestellt;
1281 538 71 46 nach
1393 536 101 48 dem

271 621 119 44 wäre
418 633 45 32 es
492 616 112 49 aber
631 616 70 49 die
738 616 127 49 letzte
893 615 301 63 Umkehrung
1235 614 78 47 des
1342 611 434 51 Nonen-Accords

260 694 131 63 jener
425 692 231 49 siebenten
686 692 143 56 Stufe,
872 690 89 49 und
1002 706 44 31 es
1088 690 149 48 dürfte
1277 690 145 48 daher
1463 689 312 48 anzunehmen

264 770 112 56 sein,
404 769 100 48 dass
532 769 68 48 die
628 767 138 49 Ziffer
797 767 27 47 7
857 784 79 32 aus
967 766 229 48 Versehen
1228 767 127 47 einen
1387 766 151 47 Punkt
1563 774 107 39 statt
1699 765 76 47 des

266 847 183 64 Ringes,
491 846 196 48 welcher
727 845 84 47 den
840 844 365 48 Nonen-Accord
1253 844 275 53 bezeichnet,
1571 842 204 49 erhallen

265 924 90 47 hat.
387 924 47 45 In
465 921 83 48 den
1037 920 111 47 wird
1173 919 70 48 die
1267 919 277 63 Auffassung
1575 920 63 47 als
1667 920 72 47 Um-

265 999 207 62 kehrung
492 997 129 65 jenes
649 996 390 50 Nonen-Accords
1069 996 315 48 ausdrücklich
1414 996 270 63 vertheidigt
1713 996 61 62 (S.

264 1075 124 64 209)
420 1073 92 50 und
550 1075 64 48 als
642 1073 191 66 Beispiel
876 1076 76 46 für
993 1073 322 64 anderweitige
1347 1072 324 65 Verwendung
1699 1072 77 48 des

264 1153 208 47 letzteren
504 1151 207 65 folgende
740 1151 316 48 abscheuliche
1087 1151 374 63 Harmoniefolge
1498 1150 277 64 hingestellt:

258 1529 275 50 Ausserdem
580 1528 191 66 bringen
810 1529 71 49 die
917 1531 365 63 Erläuterungen
1313 1531 44 47 S.
1389 1529 108 50 212
1528 1529 115 50 noch
1675 1529 98 50 eine

259 1607 305 63 Anwendung
602 1607 77 47 des
715 1623 147 32 neuen
1195 1607 84 48 auf
1309 1606 70 49 die
1422 1608 156 48 zweite
1620 1608 153 48 Hälfte

258 1701 82 32 von
369 1686 112 45 Tact
510 1683 69 48 24
626 1682 174 66 (womit
832 1683 163 66 jedoch
1036 1683 80 50 der
1143 1684 409 66 Accord-Auszug,
1592 1684 83 50 der
1702 1684 71 50 die

256 1761 145 48 Sache
430 1761 43 48 in
504 1761 275 48 natürlicher
811 1761 158 49 Weise
1011 1761 199 57 auffasst,
1251 1761 43 48 in
1337 1761 215 49 directem
1586 1761 154 50 Wider-

255 1837 194 66 spruche
471 1835 132 68 steht)
628 1838 91 48 und
744 1838 43 48 S.
814 1838 108 48 204
1004 1837 107 49 208
1136 1838 99 48 eine
1257 1838 199 65 Episode
1487 1841 79 47 mit
1594 1839 177 66 einigen

258 1915 212 49 weiteren
500 1915 634 64 Harmonie-Verbindungen
1163 1915 166 64 obigen
1359 1917 232 64 Schlages,
1629 1917 142 48 worin

255 1992 90 48 sich
378 1992 78 48 das
768 1992 216 49 ebenfalls
1014 1993 191 65 gehörig
1233 1993 355 49 charakterisirt.
1638 1994 135 50 Ohne

256 2070 120 47 diese
405 2070 315 47 Kennzeichen
752 2074 120 45 wäre
913 2087 46 32 es
1000 2070 42 49 in
1087 2070 81 49 der
1196 2070 119 50 That
1356 2072 137 48 kaum
1525 2073 248 62 glaublich,

254 2145 100 50 dass
376 2145 69 49 die
470 2145 224 49 bewusste
720 2147 193 48 Theorie
946 2147 87 48 und
1064 2147 71 48 die
1159 2148 287 63 vorliegende
1469 2149 197 64 Analyse
1690 2164 80 32 aus

255 2223 122 48 einer
400 2223 91 47 und
515 2223 235 48 derselben
776 2223 147 48 Feder
945 2223 222 65 geflossen
1190 2224 146 55 seien;
1366 2241 82 30 aus
1470 2225 80 47 der
1575 2225 196 49 Theorie

255 2300 122 49 hätte
405 2300 90 47 sich
525 2299 100 50 eine
652 2300 213 65 Analyse,
903 2302 176 48 ähnlich
1120 2300 81 49 der
1244 2318 183 32 unseres
1467 2303 116 48 oben
1614 2304 131 64 aufge-

255 2378 171 47 stellten
457 2376 230 67 Beispiels,
716 2378 198 65 ergeben
947 2382 200 52 müssen;
1192 2379 70 48 die
1291 2379 252 50 Lobe'sche
1575 2380 196 65 Analyse

254 2454 204 65 dagegen
485 2454 155 48 würde
670 2455 78 47 mit
769 2455 137 65 jenen
932 2455 206 65 wenigen
1164 2456 299 49 Ausnahmen
1487 2458 146 47 einem
1660 2474 111 47 ganz

252 2533 206 53 zahmen,
505 2531 330 50 conservativen
886 2533 555 49 Harmonie-Lehrbuche
1489 2535 280 48 vortrefflich

258 2609 231 48 anstehen.

372 2686 153 47 Wenn
555 2685 90 47 sich
686 2703 91 30 nun
816 2686 179 49 hiermit
1023 2686 163 52 Lobe's
1216 2688 157 48 Praxis
1414 2688 244 64 allerdings
1699 2688 69 48 bei

258 2764 200 47 Weitem
482 2763 121 48 nicht
622 2763 174 49 überall
823 2782 48 30 so
900 2765 203 47 schlimm
1129 2768 209 53 erweis't,
1369 2766 84 47 wie
1474 2766 122 49 seine
1620 2766 120 49 Theo-

254 2840 80 56 rie,
362 2857 48 31 so
442 2857 119 30 muss
584 2857 104 31 man
710 2840 110 48 aber
844 2843 153 64 fragen
1016 2859 9 31 :
1056 2844 82 47 auf
1155 2844 197 47 welcher
1374 2843 120 48 Seite
1516 2843 97 48 sind
1639 2844 129 48 mehr

263 2919 337 54 „Ausnahmen,
631 2916 441 68 Mehrdeutigkeiten
1103 2920 88 47 und
1223 2920 410 67 InconSequenzen,
1657 2923 81 47 wel-

254 2995 81 47 che
365 2995 120 47 nicht
513 3013 85 29 nur
626 2995 70 47 die
724 2996 289 56 Lernenden,
1051 2997 195 47 sondern
1290 2997 137 49 selbst
1463 2999 70 47 die
1561 2999 176 48 Lehren-

254 3071 84 48 den
369 3072 40 46 in
442 3070 318 66 Verlegenheit
1007 3079 178 43 müssen
1216 3074 242 64 (Vorrede,
1487 3076 46 47 S.
1566 3075 96 63 VI),
1693 3076 81 47 auf

255 3149 119 48 Seite
416 3149 79 47 der
534 3150 253 65 bisherigen
818 3152 270 54 Theorieen,
1131 3151 70 48 bei
1247 3152 145 47 denen
1437 3152 121 49 diese
1587 3155 179 62 Mängel

258 3243 205 31 unserem
498 3226 229 48 Verfasser
755 3244 47 30 so
844 3230 201 55 „schwer
1074 3230 97 48 aufs
1201 3231 118 47 Herz
1588 3230 100 48 dass
1719 3249 49 29 er

261 3319 45 32 es
348 3304 73 45 für
451 3305 119 47 seine
600 3304 160 48 Pflicht
801 3305 121 58 hielt,
965 3306 245 57 dieselben,
1258 3325 99 38 „wo
1401 3309 123 47 nicht
1566 3310 198 63 gänzlich

255 3389 305 49 auszurotten,
588 3399 48 30 so
661 3381 112 48 doch
801 3385 236 62 möglichst
1058 3403 50 29 zu
1555 3386 112 48 oder
1691 3387 82 47 auf

252 3459 121 46 Seite
404 3460 142 45 seines
572 3459 312 57 Lehrbuches,
928 3462 39 46 in
1009 3462 235 54 welchem,
1291 3480 93 31 was
1416 3465 78 47 mit
1522 3464 82 48 der
1633 3465 131 48 einen

252 3535 135 48 Hand
432 3535 168 63 gebaut
635 3537 67 54 ist,
746 3537 78 47 mit
866 3537 80 49 der
986 3539 200 48 anderen
1229 3540 357 65 niedergerissen
1618 3542 147 49 wird?

254 3611 99 49 Und
386 3613 79 46 mit
494 3612 214 48 welchem
741 3615 169 47 Hechle
942 3616 127 47 führt
1098 3617 69 46 ein
1197 3617 174 47 solches
1399 3619 245 48 Lehrbuch
1676 3619 84 49 den

254 3690 134 48 Titel:
429 3691 433 55 „Vereinlachte

368 3767 240 66 Stuttgart.

983 3848 234 49 Professor
1254 3850 79 48 Dr.
1371 3851 40 47 J.
1451 3851 198 50 Faisst.

2252 226 97 55 Aus
2388 225 272 56 Frankfurt
2698 243 77 36 am
2816 225 142 55 Main.

2140 347 86 35 Ein
2269 347 125 36 altes
2438 346 120 36 Lied
2600 348 87 33 mit
2728 359 169 24 neuem
2946 348 136 36 Text,

2385 444 80 34 Von
2492 443 45 36 A.
2565 442 276 37 Schindler.

2583 533 53 47 II.

1962 609 60 48 Es
2051 607 53 49 ist
2133 609 122 48 nicht
2292 625 161 33 unsere
2481 610 164 53 Sache,
2688 609 71 48 die
2804 610 195 57 Quellen
3045 612 325 58 aufzusuchen,

1848 703 81 30 aus
1958 685 145 48 denen
2133 685 71 47 die
2226 686 255 47 Irrthümer
2504 686 221 65 geflossen
2749 687 93 47 sein
2869 691 183 60 mögen,
3081 687 71 49 die
3184 690 81 47 wir
3297 690 72 49 bei

1848 762 80 49 der
1942 764 195 61 Leitung
2156 761 80 48 der
2259 765 371 62 gegenwärtigen
2645 765 360 63 Aufführungen
3026 765 344 51 wahrnehmen.

1848 838 215 65 Möglich,
2105 838 101 49 dass
2244 840 42 47 in
2324 838 87 49 den
2450 840 214 47 früheren
2695 842 266 63 Stellungen
2992 841 77 48 des
3101 842 268 65 Dirigenten

1848 915 78 49 das
1958 915 189 64 Beispiel
2171 932 84 31 von
2278 917 89 46 Jul.
2394 917 122 47 Rietz
2546 916 42 48 in
2613 917 285 56 Düsseldorf,
2930 917 81 48 der
3034 920 181 65 Mangel
3246 921 126 48 einer

1849 992 312 65 eingehenden
2185 993 149 47 Kritik
2364 993 79 49 der
2470 993 222 49 Concerte
2719 995 44 47 in
2794 995 221 57 Münster,
3046 1012 40 32 u.
3115 1012 33 34 s.
3180 1014 54 30 w.
3260 1000 82 46 Ein-

1849 1070 105 47 fluss
1982 1071 83 46 auf
2089 1070 75 47 ihn
2194 1070 172 63 gehabt
2395 1070 165 49 haben.
2592 1071 106 49 Wir
2721 1071 190 48 wenden
2936 1089 82 30 uns
3039 1089 52 30 zu
3116 1072 87 50 den
3227 1075 114 48 That-

1846 1146 184 56 sachen,
2076 1147 85 47 wie
2198 1147 64 47 sie
2303 1147 42 47 in
2386 1164 211 31 unserem
2630 1148 319 50 Concertsaale
2979 1148 42 49 in
3053 1148 71 50 die
3154 1151 186 48 Erschei-

1848 1241 124 47 nung
2001 1231 162 41 treten.

1961 1301 72 47 Da
2063 1300 247 63 gewahren
2342 1301 82 47 wir
2451 1300 213 49 zunächst
2692 1301 43 48 in
2764 1301 82 48 der
2870 1301 383 59 Vocalmusik,
3284 1305 85 48 wie

1845 1376 83 48 der
1949 1377 179 63 Begriff
2150 1393 82 31 von
2258 1378 188 64 Allegro
2477 1378 83 49 fast
2589 1378 163 49 immer
2781 1378 279 49 identisch
3091 1396 277 47 genommen

1846 1454 130 58 wird,
2020 1458 165 60 mögen
2216 1456 115 47 auch
2366 1454 402 50 Verschiedenheit
2796 1456 80 48 der
2905 1458 133 47 Tact-
3071 1457 88 48 und
3191 1460 146 47 Tonar-

1845 1538 91 50 ten,
1980 1531 285 64 eingewebte
2309 1532 302 49 Coloraturen
2662 1533 90 47 und
2806 1533 268 66 schwierige
3116 1536 254 57 Melismen,

1848 1608 459 66 Charaktergepräge
2337 1609 278 66 überhaupt,
2651 1627 101 32 vom
2781 1611 138 49 Sinne
2956 1611 78 48 des
3064 1613 280 64 unterliegen-

1845 1686 88 48 den
1963 1687 168 47 Textes
2160 1684 203 66 bedingt,
2397 1688 294 64 Fingerzeige
2718 1705 53 30 zu
2798 1688 256 48 wesentlich
3081 1688 260 50 abweichen-

1845 1762 88 49 den
1962 1764 326 64 Bewegungen
2319 1763 225 66 abgeben.
2587 1766 84 47 Die
2700 1764 341 66 Uebersetzung
3071 1766 77 48 des
3181 1767 191 48 Wortes

1845 1842 189 63 Allegro
2083 1842 80 47 mit
2203 1842 174 65 lustig
2419 1843 173 48 scheint
2630 1860 209 31 unserem
2874 1844 266 64 Dirigenten
3177 1844 45 49 in
3260 1846 112 48 aller

1845 1918 150 50 Musik
2025 1919 64 49 als
2118 1918 196 66 einziger
2337 1919 152 49 Leiter
2517 1938 51 30 zu
2601 1921 180 55 dienen,
2806 1921 136 58 denn,
2966 1938 131 32 wenn
3121 1922 139 57 nicht,
3285 1923 85 47 wie

1845 1995 159 49 sollten
2046 1995 91 49 sich
2183 1997 118 47 wohl
2345 1995 72 49 die
2460 1997 374 65 Erscheinungen
2874 1998 158 65 jüngst
3073 1998 43 48 in
3170 1998 200 66 Haydn's

2249 2074 236 64 gleichwie
2514 2077 42 45 in
2589 2075 216 49 Händel's
2845 2075 168 58 „Judas

1844 2150 208 47 erklären
2085 2150 173 47 lassen?
2315 2150 226 49 Erinnern
2573 2152 84 47 wir
2698 2168 83 31 uns
2824 2152 113 47 doch
2970 2168 56 32 an
3057 2152 147 48 dieser
3232 2154 138 47 Stelle

1845 2225 77 49 des
1952 2225 415 50 Beethoven'schen
2401 2227 169 48 Briefes
2601 2244 54 31 an
2687 2229 135 62 Ignaz
2852 2244 81 31 von
2959 2229 142 47 Mosel
3132 2229 41 47 in
3200 2230 169 47 Betreff

1845 2303 80 48 der
1957 2303 209 48 üblichen
2197 2304 645 65 Tempo-Bezeichnungen*).
2883 2307 96 47 Der
3002 2323 155 47 grosse
3186 2308 187 48 Meister

1844 2382 199 48 schreibt
2085 2382 116 48 über
2241 2382 98 55 „die
2370 2383 219 48 Barbarei
2634 2383 81 48 der
2759 2384 364 62 hergebrachten
3158 2385 184 49 Bezeich-

2099 2467 132 39 unter
2260 2458 256 49 Anderem:
2569 2460 146 56 „Was
2754 2460 118 49 kann
2904 2459 344 67 widersinniger
3275 2463 94 47 sein

1844 2538 63 47 als
1938 2538 203 63 Allegro,
2183 2538 193 47 welches
2406 2538 113 47 doch
2552 2539 69 47 ein
2655 2539 75 47 für
2759 2539 86 47 alle
2876 2539 88 47 Mal
3007 2539 172 65 lustig
3218 2540 152 55 heisst,

1844 2611 90 49 und
1967 2613 84 48 wie
2081 2614 106 47 weit
2215 2614 198 48 entfernt
2439 2614 97 48 sind
2561 2615 83 47 wir
2667 2615 64 48 oft
2754 2633 82 30 von
2860 2615 169 48 diesem
3057 2616 196 64 Begrifl'e
3278 2616 69 49 die-

1841 2708 69 30 ses
1939 2693 315 54 Zeitmaasses,
2283 2709 50 31 so
2363 2691 101 49 dass
2493 2693 78 48 das
2603 2694 167 47 Stück
2814 2694 177 47 selbst
3026 2694 79 48 das
3149 2695 184 64 Gegen-

1844 2769 129 48 theil
2019 2769 80 47 der
2143 2770 399 65 Bezeichnung
2775 2771 59 47 Es
2865 2771 107 64 liegt
3001 2771 82 49 auf
3106 2770 80 50 der
3218 2773 154 53 Hand,

1842 2846 101 47 dass
1973 2846 258 47 Beethoven
2263 2846 80 47 mit
2372 2846 102 49 dem
2500 2848 168 48 Worte
3063 2848 70 48 die
3165 2849 176 48 Charak-

1841 2924 172 48 teristik
2044 2924 77 48 des
2154 2926 210 54 Ernsten,
2397 2926 348 54 Würdevollen,
2787 2926 273 47 Erhabenen
3093 2926 89 49 und
3215 2929 129 47 Feier-

1842 3001 144 47 lichen
2019 3001 154 55 meint,
2203 3001 139 49 deren
2376 3003 265 63 Bewegung
2672 3003 63 47 oft
2757 3003 119 48 ohne
2900 3004 69 47 ein
2996 3004 141 48 näher
3162 3004 178 48 bezeich-

1842 3079 169 47 nendes
2042 3079 201 48 Beiwort
2286 3080 178 48 einfach
2505 3081 80 47 mit
2612 3081 189 64 Allegro
2834 3080 262 50 bezeichnet
3124 3083 242 55 erscheint,

1840 3156 138 47 selbst
2008 3156 115 49 noch
2155 3173 84 32 von
2269 3156 167 66 Haydn
2470 3158 87 47 und
2589 3159 192 54 Mozart,
2819 3175 117 47 ganz
2982 3159 246 48 besonders
3259 3160 113 48 aber

1841 3250 84 32 von
1956 3235 128 47 ihren
2112 3235 316 65 Vorgängern.
2462 3235 151 48 Ueber
2644 3235 150 48 diesen
2822 3236 150 49 Punkt
3001 3239 128 46 sollte
3158 3254 46 32 es
3233 3238 112 48 über-

1842 3312 141 65 haupt
2013 3329 82 48 gar
2126 3312 132 49 keine
2288 3312 342 65 Veranlassung
2659 3314 131 47 mehr
2818 3332 49 29 zu
2902 3314 241 48 kritischen
3175 3318 163 47 Anmer-

1842 3389 181 64 kungen
2053 3389 168 64 geben,
2269 3389 150 48 indem
2455 3390 92 48 sich
2579 3391 71 47 die
2682 3390 692 51 Charakter-Verschiedenheit

1841 3467 80 49 mit
1964 3467 126 49 einer
2133 3467 89 49 und
2265 3466 240 52 derselben
2536 3470 524 65 Tempo-Bezeichnung
3099 3470 156 65 häufig
3286 3471 84 47 wie

1840 3545 129 47 weiss
1999 3563 84 30 von
2112 3546 202 47 schwarz
2347 3546 344 48 unterscheiden
2724 3547 101 47 lässt
2856 3547 90 49 und
2978 3549 70 47 ein
3073 3547 301 50 auffallender

1838 3622 223 65 Missgriff
2085 3622 171 49 hierbei
2287 3622 140 52 kaum
2458 3624 210 49 denkbar
2696 3624 198 57 scheint;
2937 3626 131 47 allein
3111 3626 170 64 gerade
3312 3626 57 48 da

1840 3700 107 65 liegt
1975 3700 81 47 der
2084 3704 175 61 grösste
2287 3700 124 48 Stein
2441 3700 58 48 im
2535 3702 170 64 Wege,
2734 3719 56 30 an
2822 3701 86 48 den
2937 3719 48 30 so
3016 3702 110 49 viele
3159 3704 185 64 Dirigen-

1839 3785 72 41 ten
1945 3780 88 46 und
2067 3780 243 47 Virtuosen
2342 3786 231 41 anstossen
2606 3780 90 47 und
2782 3780 228 65 fallen**).

1904 3911 39 49 *)
1972 3914 85 35 Sieh
2089 3914 249 37 Beethoven's
2369 3915 238 47 Biographie,
2636 3916 63 45 11.,
2727 3916 36 36 S.
2793 3915 88 38 246.

1881 3970 63 50 **)
1972 3974 42 34 In
2044 3975 63 38 Nr.
2137 3974 48 38 52
2229 3975 65 34 der
2331 3975 223 35 Deutschen
2596 3975 316 47 Musik-Zeitung
2955 3978 155 46 vorigen
3149 3977 223 47 Jahrgangs

1969 4033 82 48 gibt
2079 4033 97 38 Herr
2213 4035 268 37 Alexander
2518 4036 199 47 Thayer
2758 4036 60 37 bei
2847 4037 246 48 Gelegenheit
3122 4038 64 36 des
3214 4040 158 46 polemi-
