3538 4399
1675 135 97 51 191

137 280 98 37 doch
461 288 74 22 von
566 276 42 37 C.
637 277 211 46 Fiedler,
877 278 34 37 2.
943 278 134 46 „Stille
1343 290 74 22 von
1449 278 42 37 R.
1523 280 121 35 Schu-

138 350 155 32 mann;
340 336 115 36 Salve
484 336 152 47 Regina
663 350 75 22 von
768 340 329 46 Hauptmann;
1147 339 116 34 Duett
1293 350 68 23 aus
1391 339 177 46 Templer
1597 341 77 34 und

137 401 121 38 Jüdin
287 410 76 22 von
391 397 304 43 Marschner;
741 398 399 47 Frühlingsbotschaft
1176 410 73 23 von
1281 398 135 35 Niels
1445 399 58 34 W.
1535 400 139 34 Gade.

141 465 78 33 Das
247 458 175 36 Einüben
453 458 64 34 der
547 458 118 35 Chor-
693 460 78 34 und
800 459 342 35 Orchesterstücke
1183 460 103 33 hatte
1329 460 98 33 Herr
1456 459 192 35 Musik-Di-

138 526 124 33 rector
295 517 110 36 Carl
441 517 195 36 Fiedler
670 518 169 46 geleitet.
895 522 87 33 Wie
1010 520 78 33 ihm
1119 520 78 33 dies
1226 518 203 47 gelungen,
1460 518 122 35 davon
1611 520 65 34 hat

139 584 60 34 die
227 579 212 42 Präcision,
482 579 60 33 die
571 579 110 33 Kraft
715 580 79 33 und
823 581 65 33 das
918 580 124 34 Feuer
1077 579 65 35 der
1171 580 298 45 Ausführungen
1498 586 174 41 gezeugt,

138 640 207 38 besonders
374 639 60 34 die
465 639 64 34 des
558 638 81 35 Ave
667 651 131 22 verum
827 640 76 33 und
933 639 64 35 des
1029 638 116 37 Salve
1173 638 160 48 Regina.
1373 640 60 34 Da
1461 651 77 23 war
1564 640 88 35 über-

138 702 52 36 all
218 702 83 33 eine
331 699 143 35 schöne
505 699 221 46 Harmonie,
769 699 59 34 die
867 699 105 35 nicht
1014 699 64 35 der
1119 702 192 44 geringste
1340 699 176 34 Misslaut
1544 703 127 32 störte.

140 765 72 35 Die
240 759 352 47 Empfänglichkeit
621 760 64 33 des
713 758 223 36 Publicums
976 760 59 34 bei
1075 761 126 34 diesen
1232 760 136 34 beiden
1399 759 167 34 Stücken
1596 771 76 23 war

140 825 115 34 daher
283 820 98 35 auch
411 821 83 32 eine
523 831 40 23 so
586 830 143 35 grosse,
761 819 85 35 dass
875 821 53 33 sie
958 820 97 34 nach
1079 821 129 44 jedem
1229 819 196 35 derselben
1455 820 36 32 in
1515 820 132 34 wieder-

139 884 128 37 holten
296 881 128 34 lauten
454 879 118 35 Jubel
608 879 198 35 ausbrach.
865 880 71 33 Die
967 880 248 45 Ausführung
1257 880 65 33 der
1352 880 213 34 Ouvertüre
1606 892 66 22 zur

139 941 197 49 Iphigenie
364 941 38 31 in
434 938 111 34 Aulis
574 949 76 22 war
677 938 107 34 nicht
812 939 147 34 minder
985 939 192 46 gelungen
1192 951 8 30 ;
1245 939 97 33 auch
1384 940 38 32 in
1462 939 63 35 des
1553 939 119 34 Laien

140 1007 113 33 Brust
295 1001 65 34 hat
395 1001 54 33 sie
478 999 124 34 sicher
631 999 58 33 die
720 1001 257 44 grossartigen
1010 1000 209 34 Gedanken
1262 999 78 34 und
1369 999 301 48 Empfindungen

140 1063 106 36 wach
273 1059 189 48 gemacht,
506 1070 46 22 an
583 1059 120 33 denen
734 1058 65 34 das
829 1059 117 34 Werk
976 1070 73 23 von
1081 1059 138 43 Gluck,
1262 1061 50 31 im
1343 1059 156 34 Ganzen
1539 1071 111 34 ausge-

139 1125 116 41 führt,
286 1134 40 22 so
356 1120 103 35 reich
489 1120 58 35 ist.
595 1119 72 33 Die
696 1118 212 35 Ouvertüre
938 1131 47 22 zu
1013 1119 96 45 „Die
1138 1120 135 34 beiden
1304 1119 161 34 Blinden
1494 1132 73 21 von
1599 1121 49 32 To-

279 1182 91 34 liess
405 1182 38 31 in
474 1185 189 29 correcter
691 1179 302 46 Durchführung
1035 1179 124 35 nichts
1201 1190 47 23 zu
1290 1179 227 43 wünschen;
1560 1179 114 34 allein

142 1245 60 33 die
230 1238 239 37 Mdhursche
498 1238 129 34 Musik
658 1239 143 45 spricht
830 1239 100 34 noch
959 1240 150 33 Andere
1138 1239 56 34 als
1225 1240 70 33 den
1326 1239 198 34 Schreiber
1553 1240 121 33 dieses

140 1303 106 35 nicht
273 1312 60 24 an.
365 1297 135 48 [Sollte
531 1299 64 33 das
625 1310 47 22 an
701 1298 65 35 der
792 1299 130 34 Musik
1158 1310 46 23 zu
1235 1298 164 35 welcher
1427 1297 247 37 bekanntlich

140 1362 99 36 auch
268 1361 59 34 die
355 1371 47 22 zu
433 1359 170 45 „Joseph
632 1360 38 32 in
954 1360 148 46 gehört,
1140 1359 194 47 liegen??]
1390 1360 70 33 Ein
1505 1366 171 40 strenger

134 1421 292 38 Kunstkritiker
473 1420 126 34 würde
644 1420 115 34 daher
808 1422 36 31 in
891 1420 71 34 den
1005 1420 507 45 Gesammt-AufFührungen
1554 1420 121 34 dieses

137 1482 156 37 Abends
334 1479 225 35 schwerlich
603 1486 116 27 etwas
762 1479 120 34 haben
926 1479 202 34 bemäkeln
1164 1479 167 43 können,
1375 1491 130 22 ausser
1534 1491 46 22 an
1611 1479 65 34 der

655 1540 50 34 Es
747 1540 93 34 lässt
879 1540 83 33 sich
1001 1539 99 34 wohi
1131 1540 108 34 nicht
1269 1540 180 47 läugnen,
1498 1540 85 34 dass
1612 1540 64 33 der

137 1603 236 36 Tondichter
401 1602 81 33 hier
512 1600 105 34 mehr
646 1599 261 47 hineingelegt
937 1600 76 46 hat,
1044 1599 56 35 als
1129 1611 86 22 zum
1237 1600 252 34 Durchbruch
1517 1600 131 46 gekom-

136 1676 106 32 men;
285 1664 60 34 die
375 1661 142 35 Schuld
547 1672 85 35 mag
660 1673 78 22 nun
768 1672 46 22 an
844 1661 71 33 den
945 1662 120 33 schon
1103 1669 117 25 etwas
1255 1660 219 34 ermüdeten
1503 1660 145 35 Ausfüh-

134 1737 86 26 rern
287 1743 7 7 -
327 1724 98 34 denn
469 1735 39 21 es
551 1734 77 22 war
670 1722 59 34 die
772 1722 114 35 letzte
926 1723 181 34 Nummer
1146 1722 65 35 des
1239 1723 239 45 Programms
1585 1722 91 34 oder

134 1792 108 30 sonst
271 1797 58 23 wo
360 1796 47 23 zu
436 1784 144 34 suchen
611 1785 93 33 sein.
733 1783 83 35 Von
849 1784 70 33 den
940 1782 166 35 Solisten
1136 1784 48 33 ist
1216 1794 65 22 vor
1310 1783 113 34 Allen
1455 1783 64 34 das
1547 1783 128 46 gleich

136 1849 61 35 bei
225 1848 145 34 seinem
399 1845 236 34 Erscheinen
677 1844 56 34 als
777 1844 254 46 hochgeehrte
1060 1844 200 33 Bekannte
1300 1844 68 33 mit
1397 1844 172 33 Freuden
1611 1844 43 35 be-

136 1911 160 44 grüsste,
327 1906 253 36 bescheidene
609 1905 78 35 und
715 1906 221 46 anmuthige
966 1905 180 34 Fräulein
1191 1905 134 35 Julie
1373 1904 272 34 Rothenber-

134 1981 83 35 ger
246 1980 68 22 aus
342 1966 102 36 Köln
474 1978 48 22 zu
550 1978 163 24 nennen.
769 1967 79 32 Der
875 1965 218 35 vollendete
1127 1966 158 45 Vortrag
1314 1965 64 34 der
1405 1964 137 35 beiden
1571 1964 84 35 deut-

136 2031 117 36 schen
272 2029 137 36 Lieder
440 2039 77 22 war
546 2028 39 32 in
615 2027 66 33 der
708 2028 100 33 That
838 2039 40 22 so
908 2027 79 34 voll
1016 2038 74 22 von
1120 2025 147 35 wahrer
1288 2026 206 46 Innigkeit,
1523 2027 71 33 wie
1622 2027 54 33 sie

135 2104 72 23 nur
235 2093 72 34 den
335 2088 363 48 tiefempfindenden
730 2088 264 46 Sängerinnen
1024 2088 110 45 eigen
1162 2088 60 42 ist,
1267 2099 41 22 so
1338 2086 219 42 seelenvoll,
1605 2089 72 33 wie

136 2154 67 34 das
241 2162 121 37 ganze
395 2151 139 34 Wesen
578 2149 65 34 des
672 2148 202 35 Fräuleins
917 2148 286 46 Rothenberger
1244 2148 131 43 selbst,
1423 2148 114 35 daher
1578 2148 98 34 denn

136 2212 282 36 unbestreitbar
459 2210 119 35 schon
621 2220 133 35 wegen
795 2209 122 34 dieser
946 2208 136 34 Lieder
1124 2209 58 32 ihr
1211 2208 59 34 die
1298 2208 131 34 Palme
1459 2209 64 33 des
1552 2209 125 45 Tages

134 2285 79 23 von
255 2272 100 35 allen
399 2271 123 34 denen
563 2269 212 34 zuerkannt
811 2269 139 44 wurde,
994 2268 60 34 die
1085 2267 65 36 des
1180 2268 177 35 Dichters
1386 2269 128 33 Wort:
1549 2267 128 45 „Aber

136 2332 259 46 Polyhymnia
436 2342 72 22 nur
549 2329 146 47 spricht
737 2329 60 33 die
826 2328 107 34 Seele
1115 2327 56 35 als
1201 2328 186 34 höchsten
1415 2328 141 34 Zweck
1584 2327 94 35 aller

136 2392 131 36 Musik
310 2391 206 35 erkennen.
574 2389 189 36 Wiewohl
793 2389 58 34 die
880 2388 225 35 Künstlerin
1134 2389 81 34 sich
1244 2390 39 32 in
1315 2390 65 34 der
1407 2389 269 34 italiänischen

136 2454 92 35 Arie
256 2452 55 36 als
339 2451 297 35 Beherrscherin
665 2450 66 35 der
760 2451 157 34 Stimme
946 2451 135 45 zeigte,
1119 2462 41 22 so
1190 2450 181 34 möchten
1399 2451 70 33 wir
1497 2451 54 33 sie
1580 2449 97 35 doch

134 2515 136 33 immer
308 2512 120 35 lieber
467 2511 56 34 als
567 2510 234 35 seelenvolle
830 2510 188 46 Sängerin
1048 2510 63 34 des
1143 2510 209 34 deutschen
1381 2510 137 34 Liedes
1547 2510 131 34 hören.

136 2575 111 35 Auch
276 2573 74 47 gab
380 2573 66 33 das
475 2572 85 34 dem
587 2571 276 46 Componisten
906 2571 100 33 viele
1045 2571 100 34 Ehre
1182 2571 210 34 machende
1422 2569 256 35 Fiedler'sche

136 2636 94 34 Lied
259 2634 119 35 schon
407 2634 112 33 einen
548 2632 253 46 genügenden
830 2630 235 35 Probirstein
1096 2630 60 47 ab,
1186 2631 84 34 dass
1300 2630 181 35 Fräulein
1510 2631 144 34 Rothen-

137 2696 135 46 berger
313 2693 101 35 auch
456 2693 65 35 der
550 2693 340 44 Schwierigkeiten
934 2694 68 32 mit
1047 2692 222 49 derjenigen
1296 2691 260 47 Leichtigkeit
1584 2693 71 33 Mei-

136 2757 118 35 sterin
300 2756 60 41 ist,
402 2754 145 34 welche
576 2752 60 35 die
665 2752 170 35 Zuhörer
877 2753 65 34 das
970 2753 319 34 Vorhandensein
1332 2752 198 35 derselben
1572 2754 107 34 nicht

136 2818 127 34 ahnen
305 2816 106 34 lässt.
469 2814 182 35 Gleiches
693 2814 80 35 Lob
817 2814 174 34 verdient
1035 2815 54 34 sie
1134 2825 133 35 wegen
1314 2814 65 34 des
1425 2815 138 33 Duetts
1603 2825 76 23 von

137 2877 235 43 Marschner,
415 2888 58 22 wo
508 2876 55 33 sie
594 2886 38 23 es
662 2874 84 34 dem
777 2874 181 47 Templer
986 2874 107 35 nicht
1121 2874 118 34 leicht
1267 2873 160 43 machte,
1470 2873 123 36 neben
1622 2874 59 34 ihr

138 2939 100 34 noch
268 2938 60 34 ein
358 2938 189 34 Interesse
577 2935 271 35 erweckender
875 2936 122 33 Ritter
1026 2947 46 22 zu
1102 2935 165 35 bleiben.
1324 2935 110 35 Doch
1476 2935 65 34 hat
1582 2935 100 33 Herr

140 2999 176 34 Noizet
350 2999 68 33 mit
447 2996 123 36 Recht
597 2996 292 47 Anerkennung
919 3008 134 35 wegen
1083 2996 66 35 der
1177 2996 59 35 bei
1267 2996 85 34 dem
1379 2996 179 45 heutigen
1587 2996 71 34 Auf-

138 3065 121 28 treten
277 3068 146 37 -gegen
457 3058 130 33 früher
627 3056 243 35 bekundeten
898 3057 251 34 Fortschritte
1189 3057 205 45 gefunden.
1450 3055 131 35 Durch
1610 3056 71 34 den

138 3119 162 47 Vortrag
341 3119 65 34 der
446 3129 160 36 grossen
635 3118 140 34 Sonate
821 3128 76 23 von
926 3116 223 36 Beethoven
1196 3117 218 35 bewährten
1455 3116 83 35 sich
1584 3118 98 33 Herr

138 3181 329 34 Musik-Director
494 3178 195 35 Fiedler
717 3178 78 35 und
822 3179 101 34 Herr
951 3179 122 34 Voss
1102 3178 55 35 als
1187 3178 185 35 treffliche
1401 3178 195 45 Künstler,
1624 3180 38 32 in-

138 3242 84 34 dem
252 3241 65 35 der
346 3249 140 27 erstere
515 3251 61 23 am
599 3240 223 34 Pianoforte
850 3239 107 35 nicht
983 3238 105 36 bloss
1117 3238 72 35 den
1218 3238 198 35 technisch
1444 3239 138 35 höchst
1609 3240 55 34 fer-

137 3305 117 46 tigen,
284 3304 166 34 sondern
478 3303 100 34 auch
605 3302 73 35 tief
700 3302 208 35 fühlenden
928 3302 156 35 Meister
1110 3300 230 43 bekundete,
1368 3300 78 35 und
1464 3301 100 35 Herr
1584 3302 97 35 Voss

139 3368 71 31 wie
239 3366 135 34 immer
402 3365 82 35 sich
515 3363 56 38 als
601 3362 250 37 talentvollen
884 3363 141 46 Geiger
1053 3363 134 45 zeigte,
1233 3361 129 35 indem
1405 3363 125 46 einige
1574 3363 107 35 nicht

137 3438 99 34 ganz
267 3427 104 34 reine
400 3426 109 34 Töne
543 3424 108 34 nicht
686 3424 84 34 dem
801 3422 158 47 Spieler,
1002 3422 164 35 sondern
1197 3422 65 35 der
1289 3422 197 35 furchtbar
1513 3433 168 24 warmen

140 3488 252 46 Temperatur
421 3497 47 23 zu
497 3484 193 35 Schulden
720 3484 152 35 kamen.
926 3484 45 34 In
1001 3483 102 35 Chor
1132 3483 77 35 und
1230 3483 205 35 Orchester
1454 3495 88 31 war,
1570 3495 111 22 wenn

138 3547 100 35 auch
267 3547 66 35 das
364 3546 252 46 Grossartige,
646 3545 259 35 Massenhafte
941 3544 131 43 fehlte,
1114 3543 99 36 doch
1241 3543 157 35 Frische
1427 3544 78 34 und
1534 3543 144 43 Leben,

139 3608 60 35 die
226 3620 88 24 man
342 3607 149 36 überall
519 3606 254 35 durchfühlte.
883 3608 95 33 Zum
1009 3605 179 36 Schlüsse
1232 3605 153 36 möchte
1413 3606 63 33 ich
1505 3605 99 35 noch
1632 3616 45 23 an

140 3671 59 36 die
230 3669 214 37 Bewohner
468 3668 108 46 jeder
603 3667 197 35 kleineren
830 3667 107 36 Stadt
966 3668 60 34 die
1055 3667 287 47 Aufforderung
1370 3667 160 47 richten,
1572 3669 107 35 ihren

140 3733 92 35 Sinn
270 3733 61 35 für
358 3732 131 36 Musik
530 3732 108 35 nicht
677 3730 104 37 bloss
823 3727 51 37 da
915 3741 47 22 zu
1002 3729 235 47 bethätigen,
1279 3740 58 23 wo
1368 3740 39 23 es
1434 3727 246 50 gleichzeitig

137 3794 83 47 gilt,
250 3796 85 34 eine
354 3794 215 35 Einnahme
599 3806 47 23 zu
675 3794 123 34 einem
827 3791 140 35 milden
990 3791 163 35 Zwecke
1182 3803 47 23 zu
1257 3790 232 44 beschaffen,
1518 3790 162 36 sondern

139 3862 117 30 etwas
277 3857 61 35 für
362 3856 61 35 die
442 3855 132 36 Musik
594 3855 56 35 als
679 3854 130 36 solche
839 3865 49 22 an
917 3853 80 34 und
1024 3853 60 34 für
1111 3853 81 35 sich
1223 3865 46 23 zu
1299 3853 106 35 thun.
1436 3851 243 35 Namentlich

138 3917 181 35 möchten
347 3917 66 36 das
442 3916 74 35 alle
547 3916 240 35 Dilettanten
815 3913 78 36 und
921 3912 308 36 Dilettantinnen
1266 3913 243 46 beherzigen,
1550 3911 60 35 die
1639 3922 40 24 so

138 3975 132 49 häufig
298 3989 69 24 aus
395 3979 80 33 rein
505 3976 272 47 persönlichen
807 3974 260 36 Rücksichten
1109 3974 78 35 und
1215 3973 341 36 Eifersüchteleien
1598 3971 82 36 sich

139 4040 300 43 zurückziehen,
485 4040 58 43 da,
589 4050 59 23 wo
677 4039 59 34 ihr
764 4038 191 43 Ansehen,
985 4036 80 35 ihre
1093 4036 111 35 Kraft
1232 4035 181 35 manches
1441 4034 151 35 Schöne
1620 4034 60 34 für

136 4099 289 44 gemeinsamen
454 4100 272 43 Kunstgenuss
755 4098 170 36 schaffen
955 4096 154 36 könnte.
1165 4095 166 35 Freilich
1361 4106 103 24 muss
1493 4094 98 35 auch
1619 4093 60 35 die

1773 285 198 46 Warnung
2011 296 120 36 gegen
2175 286 64 35 das
2270 287 330 46 Sichzersplittern
2641 290 38 33 in
2721 301 46 23 zu
2802 291 99 34 viele
2930 292 160 35 Vereine
3130 293 154 44 hierbei,

1771 345 71 32 wie
1871 344 118 35 schon
2018 357 41 23 so
2089 347 53 33 oft
2170 346 38 34 in
2239 346 127 35 diesen
2396 348 183 42 Blättern,
2609 351 301 45 ausgesprochen
2940 351 160 37 werden.

1874 477 99 33 Herr
2007 477 82 34 Nie
2102 488 155 35 mann,
2287 478 64 34 der
2380 481 259 45 gegenwärtig
2667 492 46 22 an
2744 482 64 33 der
2833 481 163 35 berliner
3024 483 169 46 Hofoper
3220 484 67 35 mit

1771 536 138 35 Beifall
1938 537 112 46 singt,
2093 539 47 33 ist
2173 539 95 44 jetzt
2303 539 96 35 nach
2432 540 84 34 dem
2544 540 141 35 Willen
2714 541 63 35 des
2806 543 147 45 Königs
2981 553 73 24 von
3083 544 205 34 Hannover

1769 595 302 47 lebenslänglich
2101 598 82 33 dem
2213 598 172 47 dortigen
2416 600 224 34 Hoftheater
2668 600 180 37 erhalten.
2894 602 98 33 Herr
3019 602 185 34 Niemann
3233 614 35 23 er-

1768 656 81 35 hält
1870 658 166 43 jährlich
2080 659 58 33 für
2177 659 128 34 sieben
2336 660 154 34 Monate
2518 658 100 38 6000
2648 661 114 43 Thlr.,
2805 662 216 34 ausserdem
3059 662 54 35 als
3142 663 145 46 königl.

1770 718 318 46 Kammersänger
2116 717 73 36 800
2219 719 101 36 Thlr.

1873 839 267 36 Breslau.
2170 841 99 34 Herr
2292 842 412 47 Dom-Capellmeister
2723 845 113 33 Bros
2849 845 41 45 ig
2918 845 47 33 ist
2984 856 83 22 zum
3088 844 36 36 k.
3145 845 142 35 Musik-

1768 900 177 34 Director
1975 907 159 27 ernannt
2163 901 164 37 worden.

1874 1023 62 35 11
1949 1021 113 38 ieift.
2121 1025 77 33 Der
2245 1025 182 33 Witwen-
2469 1025 77 33 und
2592 1025 595 46 Waisen-Versorgungs-Verein
3228 1026 63 35 der

1770 1083 258 36 Tonkünstler
2056 1085 132 34 Wiens
2440 1085 93 35 hielt
2576 1097 58 22 am
2676 1082 59 38 20.
2766 1086 77 33 Mai
2885 1086 104 33 seine
3019 1085 249 34 General-Ver-

1770 1144 228 47 sammlung.
2028 1146 79 32 Aus
2137 1145 82 33 dem
2250 1146 174 34 Berichte
2455 1146 63 34 des
2549 1146 407 35 Vereins-Vorstandes
2986 1147 48 32 ist
3062 1158 46 22 zu
3136 1146 132 34 entneh-

1771 1215 98 29 men,
1899 1204 85 34 dass
2010 1204 82 34 sich
2121 1215 59 22 am
2210 1205 178 34 Schlüsse
2418 1206 64 33 des
2511 1206 138 34 Jahres
2681 1202 95 40 1863
2812 1206 57 33 die
2898 1206 93 33 Zahl
3035 1206 64 34 der
3127 1206 143 46 Mitglie-

1771 1264 65 34 der
1864 1265 69 32 auf
1956 1261 48 38 93
2033 1264 156 42 beläuft,
2232 1265 86 33 dass
2347 1263 47 36 35
2425 1265 191 34 Personen
2657 1266 150 45 Bezüge
2848 1278 197 33 gemessen
3089 1267 76 33 und
3205 1267 85 34 dass

1772 1324 65 35 der
1865 1325 270 46 Jahresbetrag
2165 1328 104 32 einer
2297 1326 126 34 vollen
2453 1326 350 35 Witwen-Pension
2830 1326 76 36 440
2935 1328 54 34 Fl.
3017 1327 159 46 beträgt.
3214 1329 77 33 Der

1773 1386 345 44 Vermögensstand
2161 1386 121 35 dieses
2325 1388 71 32 seit
2438 1387 83 34 dem
2566 1386 117 34 Jahre
2715 1383 97 38 1776
2854 1386 252 35 bestehenden
3139 1388 151 34 Vereins

1771 1447 49 33 ist
1848 1446 61 33 ein
1938 1446 85 34 sehr
2050 1447 196 45 günstiger
2276 1458 45 22 zu
2349 1459 164 22 nennen.
2546 1447 76 33 Der
2650 1447 231 45 Baarbetrag
2909 1447 157 33 bestand
3094 1449 67 31 mit
3189 1448 103 34 Ende

1771 1506 169 35 Februar
1971 1504 100 38 18(54
2105 1508 37 32 in
2173 1504 139 49 61,220
2341 1507 57 36 Fl.
2426 1505 49 37 30
2506 1508 78 42 Kr.,
2623 1507 64 34 der
2715 1507 241 45 Nennbetrag
2991 1508 38 33 in
3058 1508 214 34 verschiede-

1774 1578 72 23 nen
1892 1567 316 46 Werthpapieren
2250 1568 35 32 in
2330 1565 165 46 513,405
2537 1567 71 44 Fl.,
2653 1568 66 33 das
2762 1569 448 45 Interessen-Erträgniss
3257 1570 37 32 in

1773 1625 138 48 25,977
1935 1629 55 35 Fl.
2020 1627 47 38 39
2090 1630 64 37 Kr.
2185 1630 84 33 Von
2299 1630 69 34 den
2399 1630 256 35 Akademieen
2688 1642 45 23 zu
2764 1631 275 34 Weihnachten
3070 1632 75 33 und
3161 1631 134 35 Ostern

1773 1689 155 35 wurden
1956 1687 100 39 3843
2086 1690 56 34 Fl.
2172 1689 48 36 56
2249 1692 64 36 Kr.
2344 1692 54 34 als
2427 1693 122 33 reines
2577 1693 216 45 Erträgniss
2822 1692 141 34 erzielt.
2994 1694 58 32 An
3082 1693 212 33 Pensionen

1773 1751 153 33 wurden
1957 1748 139 44 13,552
2125 1752 55 33 Fl.
2210 1751 233 46 ausgezahlt.
2474 1752 58 35 Se.
2566 1753 94 34 Exc.
2691 1753 65 32 der
2775 1753 96 34 Graf
3130 1751 54 34 als
3207 1752 67 34 Pro-

1773 1819 120 26 tector
1921 1811 64 35 des
2017 1813 169 44 Vereins,
2219 1814 187 32 erinnerte
2436 1813 59 33 die
2521 1812 215 46 Mitglieder
2765 1824 45 22 an
2839 1814 104 33 ihren
2977 1814 207 44 „geistigen
3207 1813 67 33 Pro-

1960 1872 71 34 den
2060 1884 156 34 grossen
2247 1872 151 46 Haydn,
2428 1872 78 35 und
2533 1872 199 47 appellirte
2761 1884 46 22 an
2836 1874 66 41 sie,
2932 1873 59 34 die
3014 1872 283 46 Bestrebungen

1773 1933 65 33 des
1869 1931 181 36 Comite's
2095 1944 66 23 zur
2202 1933 230 46 Errichtung
2474 1933 63 35 des
3048 1932 176 46 kräftigst
3252 1944 45 22 zu

1771 1996 272 32 unterstützen.

1877 2056 44 33 In
1951 2053 67 36 der
2058 2066 58 22 am
2152 2052 60 38 24.
2242 2055 80 33 Mai
2364 2055 98 34 Statt
2502 2055 186 45 gehabten
2732 2054 568 46 Bezirks-Ausschuss-Sitzung

1775 2116 66 34 der
1868 2115 178 35 Vorstadt
2076 2115 159 34 Wieden
2279 2115 127 35 wurde
2448 2115 258 43 beschlossen,
2750 2117 83 32 eine
2873 2115 295 34 Mozart-Statue
3209 2114 91 34 über

1775 2177 84 34 dem
1890 2177 81 34 sich
1999 2178 39 33 in
2067 2176 65 35 der
2159 2177 108 33 Mitte
2297 2175 64 35 des
2391 2176 316 35 Mozart-Platzes
2737 2176 253 34 befindlichen
3011 2176 178 33 Brunnen
3220 2175 60 33 auf-

1775 2237 197 35 zustellen.
2017 2238 72 33 Die
2118 2237 145 33 Kosten
2293 2236 110 34 dafür
2429 2236 147 34 dürften
2606 2236 82 34 sich
2718 2236 56 34 bis
2803 2237 68 33 auf
2897 2234 99 37 1000
3025 2236 56 35 Fl.
3110 2235 189 35 belaufen.

1880 2380 74 33 Die
1986 2377 372 48 „Oesterreichische
2584 2376 128 46 bringt
2753 2378 50 31 im
2843 2376 144 34 vierten
3029 2376 127 34 Bande
3200 2375 32 37 d.
3262 2376 38 35 J.

1776 2441 110 34 einen
1930 2438 296 36 lesenswerthen
2255 2437 150 34 Artikel
2433 2448 73 23 von
2544 2438 126 33 Hans
2686 2436 11 34 1
2708 2437 77 34 ick
2827 2436 92 34 über
2949 2437 96 45 „Die
3074 2436 227 34 Geschichte

1775 2501 66 34 des
1862 2499 311 37 Concertwesens
2193 2499 38 32 in
2434 2498 79 33 Der
2540 2498 209 45 Verfasser,
2778 2500 165 43 gestützt
2971 2497 68 33 auf
3062 2496 58 34 die
3149 2497 136 34 statisti-

1777 2562 115 34 schen
1922 2562 137 41 Daten,
2089 2560 60 34 die
2176 2559 78 34 ihm
2285 2570 85 23 zum
2398 2570 156 35 grossen
2579 2558 134 35 Thcile
2740 2557 98 35 Herr
2866 2569 34 23 v.
2926 2556 267 35 Sonnleithner
3217 2557 63 33 mit-

1776 2622 171 47 getheilt,
1988 2620 144 35 erzählt
2172 2622 38 31 in
2252 2622 124 33 seiner
2415 2620 144 44 klaren,
2603 2620 181 46 flüssigen
2815 2620 127 33 Weise
2972 2618 59 34 die
3062 2617 238 46 wichtigsten

1777 2684 194 33 Momente
2012 2694 67 22 aus
2122 2682 70 34 den
2231 2683 140 32 wiener
2399 2681 401 45 Concert-Anfängen.
2856 2681 135 33 Dieser
3030 2685 95 28 erste
3155 2677 147 35 Artikel

1776 2744 91 45 geht
1895 2756 76 22 von
1999 2743 121 34 Maria
2147 2741 213 35 Theresia's
2389 2742 83 34 Zeit
2511 2742 57 35 bis
2597 2742 38 33 in
2665 2741 58 34 die
2752 2740 212 45 zwanziger
2990 2739 118 34 Jahre
3136 2738 76 34 und
3240 2738 41 35 be-

1778 2803 155 36 handelt
1962 2804 58 34 die
2051 2803 209 46 Gründung
2298 2803 64 34 der
2391 2802 461 35 Tonkünstler-Witwen-
2880 2800 77 35 und
2987 2797 295 37 Waisen-Gesell-

1778 2865 136 45 schaft,
1954 2865 66 34 der
2048 2864 254 35 Gesellschaft
2330 2864 64 33 der
2420 2863 300 42 Musikfreunde,
2761 2862 59 35 die
2850 2859 454 46 Quartett-Nachmittage

1778 2938 76 23 von
1886 2924 294 48 Schuppanzigh
2222 2924 78 35 und
2342 2924 134 42 Böhm,
2524 2924 59 34 die
2616 2922 175 35 Concerts
2821 2920 216 46 Spirituels,
3083 2920 59 34 die
3183 2926 120 28 ersten

1780 2986 197 36 Versuche
2005 2986 39 32 in
2074 2985 65 33 der
2168 2985 141 34 wiener
2337 2984 294 35 musicalischen
2659 2982 257 36 Journalistik
2942 2994 36 24 u.
3008 2993 29 25 s.
3067 2992 45 25 w.

1883 3119 43 34 In
1968 3119 64 34 der
2074 3130 59 23 am
2175 3115 36 37 9.
2241 3118 75 33 Mai
2354 3116 98 35 Statt
2490 3114 188 48 gehabten
2728 3112 473 47 General-Versammlung
3241 3112 64 34 der

1781 3180 142 35 wiener
1952 3178 322 47 Sing-Akademie
2316 3176 126 35 wurde
2484 3176 65 34 der
2591 3175 190 47 bisherige
2811 3175 255 35 Chormeister
3094 3173 97 34 Herr
3217 3173 58 33 Jo-

1779 3240 180 34 hannes
1994 3239 198 33 Brahms
2236 3239 67 32 mit
2332 3235 480 47 Stimmen-Einhelligkeit
2840 3236 60 32 für
2926 3234 58 34 die
3014 3232 182 35 nächsten
3226 3231 78 34 drei

1780 3301 119 36 Jahre
1929 3299 140 35 wieder
2094 3297 178 48 gewählt.

1883 3424 43 34 In
1970 3421 302 36 Frankreich
2318 3420 127 35 macht
2486 3418 64 35 das
2592 3418 187 34 Interesse
2824 3417 60 33 für
2929 3415 227 35 Musikfeste
3200 3416 84 34 Fort-

1782 3485 170 36 schritte.
2006 3484 78 33 Der
2111 3481 261 36 Musikverein
2400 3492 75 23 von
2504 3479 109 35 sechs
2643 3479 291 46 Departements
2963 3476 64 35 der
3055 3478 145 33 Vienne
3229 3476 76 34 und

1782 3545 189 35 Charente
2000 3544 65 33 hat
2092 3554 48 23 zu
2175 3542 139 36 Niort
2354 3552 60 23 am
2444 3539 34 36 7.
2510 3540 76 34 und
2615 3538 34 39 8.
2679 3539 32 35 d.
2741 3539 86 34 Mts.
2857 3540 61 33 ein
2947 3537 149 35 solches
3123 3538 90 33 Fest
3239 3538 66 32 mit

1779 3605 219 48 folgendem
2027 3605 222 45 Programm
2277 3602 190 47 gegeben:
2511 3603 165 33 Erster
2717 3602 105 44 Tag.
2868 3598 212 36 HändeTs
3116 3597 166 45 „Alexan-

1977 3667 102 44 (zum
2109 3670 124 30 ersten
2262 3662 101 37 Male
2392 3665 37 32 in
2457 3662 263 47 Frankreich).
2827 3661 171 43 Quintett
3039 3659 59 34 für
3137 3658 144 34 Blasin-

1780 3735 210 30 strumente
2018 3739 75 24 von
2122 3726 192 37 Reicha.
2426 3725 127 45 „Hero
2582 3723 78 34 und
2919 3719 283 37 Preis-Cantate
3231 3730 73 23 von

1778 3789 250 37 Beaulieu.
2137 3786 115 37 Salve
2293 3785 153 48 Regina
2450 3813 7 18 ,
2500 3784 101 36 Chor
2642 3795 74 23 von
2762 3783 236 35 Orlandus
3042 3781 185 34 Lassus.

1781 3850 214 48 Haydn's
2028 3850 258 46 „Schöpfung,
2316 3853 118 29 erster
2461 3846 78 35 und
2568 3846 155 34 zweiter
2750 3844 121 36 Theil.
2968 3843 202 33 Zweiter
3198 3842 106 44 Tag.

1782 3913 172 34 Sinfonie
1992 3913 38 32 in
2064 3909 136 37 C-moll
2238 3920 74 24 von
2355 3907 293 35 Beethoven.
2755 3901 299 38 Cherubini's
3096 3902 208 34 Ouvertüre

1779 3986 48 22 zu
1867 3972 219 35 Anakreon.
2194 3970 212 35 Ouvertüre
2453 3968 77 35 und
2570 3967 101 35 Chor
2711 3966 66 34 der
2815 3963 280 36 Fahnenweihe
3134 3973 67 23 aus
3242 3961 63 33 der

1783 4033 268 48 „Belagerung
2090 4044 75 23 von
2424 4042 74 24 von
2539 4029 204 36 Rossini.
2848 4025 134 35 Finale
3022 4036 66 23 aus

1780 4106 76 23 von
1887 4093 199 37 Bellini.
2114 4093 109 42 (Man
2253 4090 149 36 scheint
2430 4102 77 24 von
2535 4089 70 35 den
2633 4088 186 35 schwerer
2845 4097 48 24 zu
2921 4083 197 37 fassenden
3141 4081 163 35 Werken
