3538 4399
1771 102 105 50 190

259 254 80 49 der
369 252 239 49 Bourbons
637 252 189 62 verfolgt
856 249 89 49 und
974 266 100 30 zum
1107 245 126 50 Tode
1262 245 281 55 verurtheilt,
1575 244 198 47 flüchten

260 331 89 48 und
381 331 103 48 kam
514 329 113 49 nach
658 328 167 48 allerlei
856 327 296 47 Abenteuern
1183 322 113 49 nach
1329 322 140 48 Paris.

373 408 65 47 Er
472 404 207 50 verstand
715 405 100 47 kein
851 404 138 47 Wort
1018 399 292 50 Französisch
1342 398 89 48 und
1463 397 108 66 gab,
1615 414 74 31 um
1719 414 54 30 zu

259 484 147 54 leben,
439 483 258 49 Unterricht
739 483 58 46 im
837 479 326 50 Italiänischen.
1220 479 102 46 Erst
1365 477 113 47 nach
1524 474 89 48 und
1658 475 113 47 nach

259 563 175 63 eignete
463 577 50 30 er
541 560 90 47 sich
663 559 69 47 die
762 555 372 66 Landessprache
1163 571 74 39 an,
1266 553 90 48 und
1385 569 137 38 zwar,
1554 553 83 47 wie
1670 568 103 30 man

259 640 145 51 weiss,
430 653 48 32 so
504 635 279 65 vollständig,
813 637 100 45 dass
943 651 47 30 er
1021 633 123 48 ihrer
1164 649 112 46 ganz
1301 632 84 45 wie
1416 630 70 47 ein
1517 629 258 65 geborener

261 715 221 47 Franzose
525 713 196 62 mächtig
764 710 159 49 wurde
966 709 90 48 und
1093 709 128 47 einen
1262 708 122 47 nicht
1423 706 118 49 bloss
1571 705 180 65 geistrei-

258 793 130 53 chen,
416 790 195 49 sondern
642 790 115 47 auch
786 788 251 66 sprachlich
1068 786 104 49 sehr
1201 786 236 63 eleganten
1470 785 79 46 Stil
1580 783 194 48 schrieb.

256 869 160 47 Zuerst
440 868 186 47 brachte
655 883 48 32 er
724 866 122 47 seine
870 865 171 48 Artikel
1073 864 40 46 in
1145 863 197 47 kleinere
1367 863 185 52 Blätter,
1585 859 64 48 bis
1679 860 92 47 ihm

258 963 82 30 von
371 945 85 48 den
486 949 238 60 grösseren
766 952 146 39 zuerst
1633 943 75 48 La
1248 940 97 47 ihre
1375 939 183 63 Spalten
1588 938 186 54 öffnete,

259 1024 40 47 in
332 1024 195 47 welcher
569 1023 99 47 eine
697 1021 145 47 Reihe
879 1037 80 31 von
998 1019 241 48 Aufsätzen
1281 1016 142 56 „über
1454 1016 71 47 die
1557 1016 146 46 Kunst
1731 1015 42 47 in

481 1115 81 32 von
605 1099 91 46 ihm
740 1098 226 53 erschien;
1009 1095 120 48 dann
1704 1091 69 49 bei

259 1175 216 48 welchem
505 1192 48 30 er
583 1174 141 49 1849
749 1174 277 63 Nachfolger
1053 1187 82 31 von
1162 1171 132 49 Adoll
1319 1170 148 48 Adam
1500 1171 40 46 in
1572 1169 80 48 der
1676 1187 66 34 mu-

255 1253 259 48 sicalischen
547 1253 144 47 Kritik
731 1251 160 49 wurde
940 1251 88 47 und
1070 1249 104 49 bald
1214 1249 167 48 darauf
1414 1247 69 49 die
1522 1255 253 56 gesammte

258 1330 368 47 Theater-Kritik
652 1329 282 54 übernahm;
966 1327 174 49 endlich
1166 1326 80 47 der

256 1407 41 47 in
330 1407 217 47 welchem
579 1423 47 30 er
656 1406 78 48 das
764 1405 308 48 musicalische
1105 1404 247 47 Feuilleton
1387 1410 130 39 unter
1547 1402 101 47 dem
1682 1402 61 46 Na-

258 1501 101 31 men
398 1485 64 47 de
505 1486 217 62 Rovray
759 1484 197 53 schrieb,
999 1482 90 47 und
1121 1482 160 46 zuletzt
1312 1481 114 47 noch
1459 1479 208 49 daneben

260 1561 184 50 France
471 1580 52 29 zu
556 1561 236 48 Berichten
834 1561 114 47 über
978 1560 127 63 Oper
1136 1559 91 47 und
1260 1559 212 47 Theater.
1530 1559 61 45 Er
1623 1556 151 48 besass

255 1640 99 47 eine
382 1655 154 45 grosse
565 1637 321 50 Gewandtheit
914 1637 76 47 des
1020 1637 119 55 Stils,
1174 1653 49 30 so
1253 1636 101 46 dass
1384 1651 50 31 er
1464 1635 62 48 oft
1558 1635 114 47 über
1702 1635 71 47 ein

255 1716 88 47 und
374 1715 205 48 dasselbe
608 1715 140 48 Stück
785 1715 40 47 in
866 1715 110 47 zwei
1006 1715 80 47 der
1115 1721 259 56 genannten
1403 1714 254 61 Zeitungen
1689 1728 84 31 von

252 1792 260 49 demselben
545 1795 124 61 Tage
713 1792 210 47 Berichte
965 1792 42 47 in
1051 1791 344 47 verschiedener
1441 1791 155 55 Form,
1642 1806 131 29 wenn

252 1870 113 48 auch
398 1871 41 47 in
470 1870 85 48 den
586 1870 234 48 Urtheilen
852 1867 452 55 übereinstimmend,
1345 1867 202 47 brachte.
1605 1867 77 47 Als
1726 1882 49 31 er

252 1946 113 48 nach
396 1947 126 47 Paris
557 1946 121 55 kam,
722 1946 151 48 besass
915 1962 49 31 er
1003 1946 121 47 nicht
1154 1945 70 48 die
1254 1945 262 63 geringsten
1549 1943 200 47 musicali-

251 2025 135 48 schen
412 2026 296 53 Kenntnisse;
739 2025 114 47 auch
880 2025 76 47 hat
979 2041 48 31 er
1049 2025 90 47 sich
1164 2023 115 47 eben
1310 2022 122 47 nicht
1463 2030 311 56 angestrengt,

251 2103 92 46 sein
376 2102 329 47 musicalisches
738 2102 181 47 Wissen
952 2101 116 48 über
1096 2101 71 48 die
1196 2100 348 63 gewöhnlichen
1575 2100 168 47 elemen-

252 2180 223 47 tarischen
509 2180 194 45 Formen
743 2178 90 47 und
877 2178 116 49 über
1022 2178 99 49 eine
1150 2176 270 65 geistreiche
1449 2176 326 63 Phraseologie

252 2256 159 47 hinaus
440 2256 338 54 auszudehnen,
815 2255 142 48 daher
988 2255 118 48 denn
1135 2255 123 47 seine
1289 2255 226 63 Analysen
1548 2252 91 48 und
1672 2253 77 47 Kri-

252 2333 120 47 tiken
415 2333 80 49 der
532 2333 359 47 Theaterstücke
931 2332 92 48 und
1067 2332 81 48 der
1183 2331 296 48 Textbücher
1507 2331 81 48 der
1618 2331 158 63 Opern

251 2410 85 49 den
368 2411 94 48 rein
495 2411 339 47 musicalischen
867 2411 239 47 Berichten
1144 2410 70 48 bei
1248 2408 202 50 Weitem
1483 2408 293 49 vorzuziehen

251 2487 112 48 sind.
717 2498 14 36 t

367 2566 86 47 Ein
477 2564 262 49 bleibendes
762 2564 301 49 literarisches
1080 2564 242 49 Verdienst
1345 2563 77 48 hat
1446 2580 48 30 er
1517 2563 92 47 sich
1635 2562 144 48 durch

251 2642 71 48 die
351 2643 298 48 französische
682 2642 340 65 Uebersetzung
1064 2660 84 31 von
1191 2643 223 47 Dante's

259 2717 112 53 vina
390 2721 257 47 erworben.

372 2798 65 47 Er
475 2815 95 30 war
611 2798 144 47 Ritter
792 2797 78 48 des
899 2796 183 49 Ordens
1125 2797 80 47 der
1237 2794 310 65 Ehrenlegion
1580 2794 88 49 und
1698 2796 81 47 soll

256 2876 115 47 über
393 2876 98 47 eine
512 2877 168 47 Million
710 2877 166 46 Francs
901 2876 296 47 hinterlassen
1229 2874 151 47 haben
1479 2873 301 64 zwei.Dinge,

255 2952 71 48 die
358 2953 75 47 für
472 2953 128 48 einen
1045 2970 86 30 nur
1174 2954 42 46 in
1262 2951 279 48 Frankreich
1582 2951 196 64 möglich

254 3029 109 49 sind.
423 3032 125 47 Nach
592 3031 167 48 seinem
806 3031 290 47 Testamente
1140 3029 112 47 wird
1291 3031 122 45 seine
1455 3028 166 48 Leiche
1663 3028 115 48 nach

252 3108 148 47 seiner
430 3108 259 48 Vaterstadt
717 3108 170 65 Neapel
919 3107 222 65 gebracht
1171 3107 199 48 werden.

368 3185 292 47 Einstweilen
696 3185 56 47 ist
787 3187 62 45 sie
885 3185 42 47 in
959 3185 146 47 einem
1138 3183 222 51 Gewölbe
1390 3183 82 48 auf
1496 3183 100 48 dem
1628 3184 148 47 Montr

255 3269 169 41 martre
468 3263 242 65 beigesetzt
752 3262 200 48 worden.
1022 3263 94 47 Der
1159 3262 363 64 Begräbnisszug
1575 3260 90 49 und
1708 3260 72 49 die

255 3339 236 66 Exequien
528 3342 42 45 in
612 3340 79 49 der
722 3340 167 47 Kirche
918 3357 82 30 von
1032 3340 319 47 Notre-Dame
1380 3338 56 48 de
1465 3339 190 48 Loretto
1685 3354 62 33 wa-

256 3432 78 32 ren
363 3417 103 47 sehr
495 3418 221 48 feierlich:
758 3418 68 48 bei
865 3419 213 47 letzteren
1122 3417 237 48 bemerkte
1402 3433 103 32 man
1547 3415 116 49 auch
1708 3415 71 49 die

258 3494 176 47 Damen
468 3494 162 48 Bistori
675 3494 91 48 und
804 3495 208 49 Cruvelli.
1072 3495 82 47 Die
1195 3495 207 49 Cordons
1437 3494 77 47 des
1554 3493 193 49 Leichen-

254 3572 157 48 tuches
442 3572 163 48 hielten
637 3572 176 57 Auber,
852 3573 148 48 Baron
1031 3573 183 65 Taylor,
1256 3573 156 48 Dalloz
1444 3570 228 64 (Director
1703 3572 77 48 des

256 3649 267 58 Moniteurs)
569 3648 90 48 und
691 3649 235 48 Carvalho.
985 3650 113 47 Eine
1127 3650 167 64 Menge
1336 3666 85 31 von
1450 3648 328 54 Notabilitäten

256 3724 79 48 der
377 3725 216 59 Theater,
636 3725 81 48 der
758 3727 147 48 Musik
957 3727 92 48 und
1093 3727 80 48 der
1215 3728 233 48 Literatur
1491 3725 169 50 bildete
1699 3725 80 50 das

256 3803 252 49 zahlreiche
539 3805 191 48 Geleite.

2168 257 181 70 Tages-
2392 257 98 53 und
2519 257 584 70 Unterhaltungs-Blatt.

1981 389 171 37 Kolli,
2187 387 58 37 10.
2274 391 108 33 Juni.
2436 391 42 33 In
2507 390 179 35 nächster
2716 391 143 34 Woche
2889 392 94 33 wird
3013 393 69 33 auf
3111 392 83 35 dem
3236 394 141 36 Stadt-

1870 450 188 34 theater
2088 450 63 34 das
2182 450 192 46 Gastspiel
2403 451 111 33 einer-
2534 451 87 33 ital
2635 452 76 33 iän
2724 452 68 33 isc
2805 452 87 33 ben
2922 452 124 46 Oper
3075 453 203 46 beginnen.
3319 455 79 35 Das

1870 510 183 35 Personal
2079 510 195 35 derselben
2305 514 111 43 möge
2446 523 85 22 man
2559 511 105 34 nicht
2693 512 258 35 verwechseln
2982 514 68 33 mit
3078 514 70 34 den
3183 515 55 33 oft
3265 514 138 36 höchst

1871 569 314 47 mittelmässigen
2215 572 191 44 Truppen,
2438 571 144 34 welche
2610 572 59 42 eiq
2700 571 89 34 oder
2817 572 64 34 der
2909 573 137 33 andere
3075 573 206 46 Speculant
3313 575 26 34 h
3365 576 40 33 la

1873 630 157 35 Merelli
2070 631 315 44 zusammenrafft,
2427 632 38 33 in
2510 632 64 33 der
2617 632 299 35 anmaassenden
2957 633 209 46 Hoffnung,
3213 634 85 35 dass
3341 635 60 35 die

1872 690 252 34 schlechteste
2153 690 241 34 italiänische
2423 691 101 45 Oper
2551 692 135 33 immer
2713 692 98 33 noch
2851 698 67 40 gut
2953 704 128 34 genug
3109 694 60 34 für
3198 694 59 34 die
3285 694 96 35 Deut-

1874 751 113 34 schen
2018 752 66 33 sei.
2128 752 108 43 Nein,
2266 751 74 34 alle
2370 752 215 45 Mitglieder
2615 752 64 34 der
2708 752 264 43 Gesellschaft,
3005 750 144 38 welche
3179 755 120 34 direct
3326 768 77 24 von

1874 812 108 32 Paris
2009 810 158 44 kommt,
2211 823 62 22 um
2315 812 79 34 ihre
2425 813 224 34 Kunstreise
2688 813 116 34 durch
2836 814 263 34 Deutschland
3127 816 80 34 hier
3234 817 39 33 in
3302 816 103 35 Köln

1875 882 46 22 zu
1961 871 204 45 beginnen,
2206 872 185 45 gehörten
2435 871 69 34 den
2552 872 266 34 italiänischen
2849 873 302 44 Operntheatern
3194 875 37 34 in
3269 877 138 33 Paris

1875 932 77 33 und
1981 933 37 32 in
2049 933 197 33 London
2291 943 47 22 an
2381 932 77 34 und
2486 933 85 33 sind
2599 933 138 33 wieder
2764 934 61 33 für
2852 934 108 33 Paris
2989 936 183 44 engagirt,
3215 935 191 35 benutzen

1874 992 90 34 aber
1993 992 58 34 die
2081 992 146 46 dortige
2256 992 100 34 stille
2386 993 134 33 Saison
2551 1004 46 22 zu
2627 994 123 32 einem
2781 993 183 46 Ausfluge
2994 1004 47 23 an
3072 995 68 33 den
3172 995 146 36 Rhein.-
3354 997 51 33 Es

1874 1053 83 33 sind
1994 1053 59 33 die
2082 1054 145 32 Damen
2261 1051 239 45 Giuseppina
2540 1051 116 35 Vitali
2686 1051 279 46 (primadonna
2994 1053 39 35 di
3062 1053 217 48 Soprano),
3323 1057 56 33 Ma-

1874 1113 106 33 dame
2028 1112 392 35 Demeric-Lablache
2466 1112 282 47 (primadonna
2782 1113 40 35 di
2854 1113 248 47 Contrealto),
3149 1116 58 33 die
3257 1117 149 33 Herren

1872 1173 162 35 Baineci
2060 1173 167 48 Baragli
2256 1173 201 45 (Tznore),
2492 1171 172 38 Sterbini
2690 1174 250 47 (Baritono),
2984 1174 214 37 Antonücci
3226 1176 180 46 (Basso).

1976 1234 181 35 Fräulein
2188 1233 128 36 Vital
2331 1237 11 31 i
2371 1246 67 23 aus
2461 1234 171 46 Bologna
2660 1235 48 34 ist
2738 1237 83 31 eine
2843 1235 250 47 jugendliche
3114 1236 186 46 Sängerin
3330 1237 78 33 und

1870 1295 40 32 in
1931 1294 158 34 London
2118 1294 60 34 bei
2207 1294 65 34 der
2291 1294 209 45 Eröffnung
2529 1305 74 22 von
2632 1293 86 36 Her
2747 1294 199 46 Majesty's
2984 1295 163 36 Theatre
3177 1297 230 46 (Mapleson)

1873 1366 58 22 am
1962 1353 34 37 9.
2028 1355 107 45 April
2164 1355 33 34 d.
2227 1357 37 33 J.
2308 1355 56 34 als
2407 1355 114 34 Gilda
2561 1356 37 32 in
2641 1354 148 35 Verdi's
3090 1359 68 32 mit
3187 1359 122 33 einem
3339 1362 45 33 Er-

1871 1415 81 47 folg
1982 1417 248 45 aufgetreten,
2279 1416 64 33 der
2383 1417 81 33 sich
2504 1416 257 34 fortwährend
2795 1418 206 45 gesteigert
3030 1419 72 33 hat.
3160 1420 247 38 Sämmtliche

1874 1476 219 35 öffentliche
2123 1477 145 34 Blätter
2296 1479 174 31 stimmen
2501 1480 37 30 in
2568 1477 119 35 ihrem
2716 1478 104 34 Lobe
2848 1479 176 43 überein;
3069 1481 170 35 Musical
3279 1482 131 36 World

1873 1543 83 40 sagt
1976 1550 31 21 z.
2029 1539 64 32 B.:
2128 1537 309 47 „Mademoiselle
2465 1538 129 43 Vitali,
2625 1538 113 34 kaum
2769 1536 49 37 20
2846 1540 118 33 Jahre
2994 1540 63 43 alt,
3088 1541 63 34 hat
3179 1554 100 23 zwar
3307 1544 100 34 noch

1874 1598 113 34 keine
2015 1599 410 45 Theater-Erfahrung,
2470 1600 147 45 bewegt
2658 1600 80 33 sich
2763 1600 141 44 jedoch
2935 1601 117 34 schon
3084 1603 66 33 auf
3175 1603 64 34 der
3272 1604 135 33 Bühne

1873 1660 69 33 mit
1969 1658 169 34 Anmuth
2168 1659 77 33 und
2274 1658 258 47 Leichtigkeit
2574 1659 75 34 und
2689 1661 100 44 zeigt
2831 1658 255 37 bedeutendes
3115 1663 294 35 theatralisches

1874 1719 149 43 Talent,
2054 1731 40 22 so
2126 1720 84 34 dass
2241 1722 68 31 wir
2338 1720 58 33 ihr
2424 1719 55 35 als
2509 1719 184 47 Sängerin
2726 1720 75 33 und
2831 1719 306 47 Schauspielerin
3168 1723 85 34 eine
3283 1724 106 34 benei-

1874 1781 236 34 denswerthe
2140 1780 169 34 Zukunft
2339 1781 265 44 prophezeien.
2662 1781 62 34 Sie
2753 1787 73 27 trat
2854 1782 87 33 sehr
2969 1781 229 35 bescheiden
3225 1784 68 34 auf
3332 1785 77 34 und

1873 1853 95 33 sang
1996 1842 52 32 im
2076 1846 124 29 ersten
2230 1841 97 34 Acte
2357 1841 97 34 ohne
2483 1842 262 35 bedeutenden
2776 1842 206 33 Eindruck.
3038 1842 54 33 Im
3123 1844 160 33 zweiten
3312 1845 98 33 Acte

1874 1902 90 35 aber
1992 1901 116 34 erhob
2136 1904 54 31 sie
2218 1901 82 35 sich
2331 1914 46 21 zu
2407 1903 105 33 einer
2538 1914 107 33 ganz,
2667 1903 165 33 anderen
2853 1903 131 33 Höhe:
3017 1903 60 34 die
3104 1914 130 35 grosse
3264 1903 120 37 drama-

1874 1962 120 35 tische
2024 1962 121 34 Scene
2186 1962 68 33 mit
2281 1962 191 46 Rigoletto
2516 1962 207 35 offenbarte
2763 1964 40 32 in
2845 1964 93 33 Miss
2977 1962 118 35 Vitali
3137 1964 56 34 als
3222 1964 185 46 Sängerin

1874 2024 77 34 und
1971 2022 310 47 Schauspielerin
2300 2023 308 45 Eigenschaften,
2639 2023 145 34 welche
2811 2023 60 34 ihr
2899 2027 119 31 erstes
3037 2025 234 34 Erscheinen
3293 2024 117 35 kaum

1875 2084 123 35 ahnen
2028 2083 109 34 liess:
2181 2083 63 33 der
2274 2082 127 46 Klang
2429 2082 101 35 ihrer
2559 2082 155 35 Stimme
2744 2083 127 34 wurde
2899 2085 69 32 auf
2992 2084 140 34 einmal
3158 2085 146 34 stärker
3333 2085 79 34 und

1875 2146 149 42 breiter,
2053 2144 78 34 und
2153 2146 41 43 je
2222 2143 377 35 leidenschaftlicher
2627 2144 64 34 der
2720 2143 204 35 Ausdruck
2953 2145 141 45 wurde,
3138 2145 105 34 desto
3270 2146 117 45 klang-

1874 2206 122 35 voller
2026 2206 127 33 wurde
2182 2205 59 34 die
2271 2206 169 33 Stimme.
2470 2205 79 33 Das
2577 2216 122 33 ganze
2729 2204 204 34 Publicum
2964 2215 76 23 war
3069 2211 110 28 unter
3208 2206 84 34 dem
3311 2207 76 33 Zau-

1874 2267 66 35 ber
1969 2267 64 33 der
2060 2265 319 46 Ueberraschung
2407 2265 79 34 und
2512 2264 238 47 applaudirte
2778 2266 68 33 mit
2865 2266 303 36 Enthusiasmus.
3200 2266 78 34 Der
3297 2265 116 35 letzte

1875 2328 75 35 Act
1977 2326 215 36 vollendete
2222 2326 73 35 den
2324 2326 296 35 entschiedenen
2648 2325 132 45 Erfolg
2810 2326 64 33 der
2897 2327 146 44 jungen

1877 2389 176 34 Madame
2081 2387 493 35 Demeric-Lablache
2617 2389 48 33 ist
2705 2389 83 33 eine
2826 2388 119 34 schon
2975 2390 72 32 seit
3077 2390 152 45 einigen
3258 2390 149 35 Jahren

1879 2450 70 34 den
1979 2448 220 35 Besuchern
2229 2448 65 34 der
2318 2448 267 35 italiänischen
2616 2448 102 45 Oper
2756 2449 36 32 in
2823 2448 107 34 Paris
2970 2448 192 35 bekannte
3192 2449 222 36 Celebrität.

1879 2510 138 47 Signor
2054 2509 200 46 Baragli
2296 2510 64 34 hat
2399 2510 50 32 im
2492 2510 158 45 vorigen
2680 2509 119 34 Jahre
2841 2512 38 31 in
2907 2509 160 34 London
3113 2509 77 34 und
3219 2514 126 43 später
3371 2510 40 33 in

1878 2573 107 34 Paris
2013 2574 125 34 wahre
2167 2571 207 46 Triumphe
2401 2571 162 46 gefeiert
2602 2571 77 34 und
2707 2571 135 46 gehört
2876 2572 121 34 neben
3029 2572 184 46 Giuglini,
3243 2571 172 35 Gordoni

1878 2636 79 34 und
1985 2635 177 35 Anderen
2205 2646 47 23 zu
2295 2634 71 33 den
2397 2634 224 34 Tenoristen
2667 2643 123 24 ersten
2819 2633 163 46 Ranges,
3024 2634 78 33 und
3145 2634 122 33 dürfte
3311 2633 102 34 nach

1879 2697 125 45 allem,
2048 2707 78 23 was
2170 2696 69 33 wir
2280 2695 94 33 über
2414 2695 66 33 ihn
2509 2694 155 47 gelesen
2693 2695 136 43 haben,
2871 2695 113 34 allein
3029 2695 116 34 schon
3176 2696 238 45 hinreichen,

1879 2759 110 33 einen
2018 2758 65 34 der
2110 2757 207 34 seltensten
2347 2756 292 45 Kunstgenüsse
2683 2767 46 22 zu
2759 2756 179 33 bereiten.
2996 2756 73 33 Die
3099 2754 147 36 Herren
3277 2756 110 35 Ster-

1880 2822 100 33 bini
2008 2820 77 35 und
2112 2818 277 35 Antonücci
2428 2817 83 34 sind
2541 2817 185 34 ebenfalls
2756 2817 129 46 häufig
2913 2818 39 33 in
2982 2818 71 33 den
3084 2818 205 33 Berichten
3318 2818 96 34 über

1879 2884 59 34 die
1966 2882 242 36 italiänische
2238 2880 102 45 Oper
2381 2880 38 32 in
2448 2880 107 33 Paris
2599 2881 68 31 mit
2696 2879 124 33 Ehren
2850 2884 179 40 genannt,
3067 2890 40 22 so
3139 2878 85 35 dass
3255 2879 68 33 wir
3352 2879 60 33 ein

1876 2943 300 37 künstlerisches
2203 2940 203 36 Ensemble
2436 2947 182 28 erwarten
2650 2940 144 42 dürfen,
2825 2940 74 33 wie
2924 2951 39 23 es
2994 2938 101 35 wohl
3123 2939 99 34 noch
3252 2939 163 35 niemals

1877 3007 38 33 in
1944 3005 103 35 Köln
2076 3005 77 34 und
2180 3003 214 45 überhaupt
2435 3013 58 22 am
2523 3001 146 34 Rheine
2698 3001 134 45 gehört
2862 3001 152 34 worden
3045 3001 58 34 ist.
3162 3001 79 33 Das
3271 3001 118 46 Reper-

1875 3067 98 34 toire
2002 3064 93 35 wird
2124 3063 214 35 enthalten:
2372 3060 275 47 Sonnambula,
2697 3060 222 47 Trovatore,
2965 3060 198 47 Bigoletto,
3213 3059 128 37 Lucia
3370 3060 43 35 di

1877 3127 299 43 Lammermoor,
2232 3123 190 36 Lucrezia
2455 3122 158 47 Borgia,
2669 3121 198 47 Puritani,
2921 3121 190 37 Barbiere
3148 3121 40 36 di
3228 3120 185 48 Seviglia.

1876 3189 61 33 Da
1966 3189 59 33 die
2054 3188 121 32 Texte
2204 3185 93 34 aller
2326 3184 122 35 dieser
2477 3183 125 46 Opern
2634 3182 167 35 bekannt
2844 3182 96 43 sind,
2984 3194 41 22 so
3057 3182 92 34 wird
3179 3182 59 35 die
3266 3182 145 35 fremde

1877 3248 179 47 Sprache,
2086 3247 38 32 in
2154 3245 164 34 welcher
2346 3246 54 33 sie
2429 3255 196 36 gesungen
2650 3244 161 45 werden,
2841 3244 190 34 durchaus
3057 3244 125 34 nichts
3207 3243 204 35 Störendes

1875 3309 137 35 haben.
2050 3308 72 34 Die
2152 3305 256 37 Gesellschaft
2436 3305 94 34 wird
2557 3306 69 33 mit
2654 3304 65 35 der
2749 3303 266 37 Sonnambula
3044 3303 370 49 (Nachtwandlerin)

1877 3368 319 37 wahrscheinlich
2223 3367 165 45 Dinstag
2417 3366 69 34 den
2510 3363 59 38 14.
2594 3366 202 46 beginnen.
2830 3366 100 46 Chef
2945 3365 228 36 d'orchestre
3200 3367 50 33 ist
3274 3366 140 46 Signor

1880 3431 183 42 Orsini,
2095 3429 64 35 der
2188 3427 56 35 als
2272 3426 273 35 vortrefflicher
2573 3427 178 47 Dirigent
2778 3427 170 35 bekannt
2975 3429 60 33 ist.

1984 3569 185 38 Oleve»
2226 3570 55 33 Zu
2310 3568 84 35 dem
2423 3579 60 23 am
2512 3565 61 37 26.
2603 3568 78 33 Mai
2709 3567 81 34 hier
2818 3567 99 34 Statt
2945 3566 243 47 gefundenen
3219 3566 189 35 Concerte

1880 3643 48 24 zu
1956 3632 124 34 einem
2107 3630 141 34 milden
2276 3628 163 35 Zwecke
2482 3640 77 22 war
2601 3629 60 32 ein
2702 3639 40 23 so
2780 3627 243 35 einladendes
3053 3627 77 35 und
3158 3626 235 46 vielverspre-

1879 3692 165 35 chendes
2072 3691 223 46 Programm
2324 3686 229 48 aufgestellt,
2596 3688 85 35 dass
2722 3688 59 35 die
2822 3689 228 44 Erwartung
3093 3688 64 33 des
3198 3686 215 46 gebotenen

1881 3753 311 45 Kunstgenusses
2220 3752 61 34 für
2307 3749 108 35 Viele
2455 3750 138 46 gewiss
2632 3749 100 35 noch
2774 3749 107 33 mehr
2911 3748 349 46 Anziehungskraft
3295 3748 117 45 hatte,

1882 3813 55 35 als
1966 3812 65 35 der
2058 3811 115 36 milde
2201 3810 153 36 Zweck.
2406 3810 80 35 Das
2523 3811 221 45 Programm
2786 3809 161 35 enthielt
2986 3810 186 35 nämlich:
3219 3807 194 38 Gluck's

1882 3874 213 35 Ouvertüre
2123 3884 48 23 zu
2198 3872 199 46 Iphigenie
2424 3873 38 32 in
2491 3871 130 43 Aulis;
2663 3869 85 40 Ave
2774 3882 134 24 verum
2935 3882 136 34 corpus
3107 3882 73 23 von
3212 3871 200 43 Mozart;

1882 3937 91 34 Arie
2001 3947 68 23 aus
2096 3934 124 36 Linda
2248 3934 38 34 di
2314 3933 263 44 Chamounix;
2621 3933 142 35 Sonate
2790 3933 60 34 für
2886 3934 121 33 Piano
3036 3932 80 35 und
3143 3931 152 36 Violine
3324 3932 87 47 (Op.

1882 3998 50 36 47
1960 4000 40 33 in
2027 3996 52 48 A)
2107 4008 75 24 von
2220 3997 296 42 Beethoven;
2564 3994 199 36 Mehul's
2805 3996 213 34 Ouvertüre
3060 4006 49 23 zu
3138 3996 98 44 „Die
3274 3989 138 40 beiden

1882 4059 162 37 Blinden
2072 4069 75 23 von
2177 4057 146 36 Toledo
2331 4059 18 17 u
2361 4069 7 32 ;
2416 4060 93 33 zwei
2538 4056 155 36 Lieder:
2740 4054 31 38 ].
2804 4057 75 46 „Es
2918 4058 112 33 weiss
3072 4066 39 23 es
3147 4054 78 34 und
3258 4055 84 34 räth
3372 4065 40 23 es
