3538 4399
1696 97 100 50 189

289 230 85 47 Um
405 247 93 30 nun
526 229 272 48 schliesslich
828 248 51 30 zu
912 230 102 48 dem
1042 234 122 48 Kern
1195 235 80 46 der
1301 235 237 56 Concerte,
1569 242 94 43 näm-

170 306 84 49 lich
285 306 86 47 den
397 308 551 63 Orchester-Vorträgen,
979 309 343 65 überzugehen,
1350 329 49 31 so
1424 329 154 33 waren
1601 315 69 49 die-

168 384 154 47 selben
366 384 252 47 sämmtlich
665 385 78 46 mit
784 389 250 44 äusserster
1070 388 200 63 Sorgfalt
1312 390 141 47 durch
1498 408 193 32 unseren

168 460 259 48 trefflichen
470 461 285 64 Dirigenten,
809 464 148 46 Herrn
1002 464 460 66 Hof-Capellmeister
1505 469 188 55 Reiss,

168 539 291 53 vorbereitet,
506 538 143 49 daher
692 539 116 48 auch
851 540 71 48 die
966 543 325 61 Ausführung,
1340 545 147 64 einige
1531 545 161 57 kleine,

168 616 382 47 unvermeidliche
573 618 344 47 Unebenheiten
945 619 324 59 abgerechnet,
1292 621 399 50 durchschnittlich

167 692 63 49 als
259 692 310 49 vortreffliche
601 694 259 48 bezeichnet
891 695 182 48 werden
1105 696 112 49 darf.

284 795 99 47 Von
426 795 84 49 den
550 797 239 47 Novitäten
835 799 152 46 hatten
1019 799 303 48 Schumann's
1352 802 259 48 Ouvertüre
1640 821 51 30 zu

503 875 89 46 und
625 874 244 48 Taubert's
901 877 481 49 Concert-Ouverture
1423 896 78 31 aus
1543 882 119 54 „Tau-

162 950 110 54 send
306 950 89 49 und
427 952 98 48 eine
765 969 120 32 zwar
908 955 258 63 günstigen,
1198 955 114 49 doch
1339 957 161 50 keinen
1524 958 140 48 durch-

164 1028 264 64 greifenden
461 1029 173 63 Erfolg.
691 1030 145 46 Einen
877 1030 355 50 befremdenden
1263 1034 235 47 Eindruck
1540 1037 152 47 schien

165 1106 290 49 Cherubini's
496 1106 261 49 Ouvertüre
799 1126 50 29 zu
893 1110 98 55 „Ali
1223 1112 82 47 auf
1341 1110 79 49 das
1452 1113 237 48 Publicum

163 1184 281 52 auszuüben,
484 1200 94 31 was
614 1185 91 46 sich
747 1185 41 46 in
822 1186 207 47 Hinsicht
1059 1188 121 47 ihrer
1214 1189 270 47 Bizzarrerie
1522 1190 171 51 einiger

164 1263 207 47 Maassen
404 1261 231 63 begreifen
668 1263 117 47 lässt.
839 1264 302 47 Schumann's
1171 1264 409 51 Z)-wo//-Sinfonie
1622 1284 48 31 er-

167 1340 143 46 freute
341 1339 91 47 sich
465 1339 126 47 einer
619 1340 105 46 sehr
755 1341 266 47 dankbaren
1056 1343 277 53 Aufnahme,
1367 1345 119 46 nicht
1518 1346 176 46 minder

165 1416 111 49 aber
306 1416 135 47 Ferd.
474 1418 182 45 Hiller's
686 1434 155 47 grosse
870 1419 226 48 Sinfonie:
1137 1420 89 55 „Es
1258 1437 119 30 muss
1402 1420 115 48 doch
1546 1423 116 47 Früh-

164 1495 89 62 ling
549 1495 163 47 Schien
743 1496 116 46 auch
891 1496 77 47 das
992 1496 240 49 Publicum
1265 1499 113 47 nach
1410 1498 102 48 dem
1543 1509 148 38 ersten

164 1573 90 47 und
277 1573 187 45 zweiten
489 1573 131 48 Satze
644 1574 78 46 mit
751 1575 168 46 seinem
948 1574 183 48 Beilalle
1155 1584 139 38 etwas
1317 1576 375 58 zurückhaltend,

164 1667 75 30 um
282 1665 49 32 so
372 1651 295 47 stürmischer
717 1651 137 47 brach
901 1653 205 47 derselbe
1151 1654 112 47 nach
1308 1654 101 48 dem
1456 1655 236 48 reizenden

163 1727 198 47 Scherzo
403 1727 88 47 und
525 1726 100 48 dem
671 1729 368 65 schwungvollen
1075 1731 152 46 Finale
1268 1747 96 38 aus,
1407 1748 92 30 was
1536 1731 152 65 jedem

164 1805 233 48 Verehrer
440 1806 142 47 dieses
626 1808 205 45 Meisters
887 1808 70 48 die
1004 1809 364 65 Ueberzeugung
1411 1810 108 62 gab,
1571 1811 120 55 dass,

164 1886 122 45 wäre
317 1884 80 45 der
428 1884 281 63 Componist,
753 1885 84 46 wie
882 1901 103 31 man
1025 1885 177 63 gehofft
1246 1888 141 54 hatte,
1435 1888 254 63 persönlich

163 1960 245 48 anwesend
452 1978 229 47 gewesen,
727 1961 78 47 das
837 1962 236 47 Publicum
1122 1964 119 47 nicht
1282 1968 227 43 versäumt
1540 1965 149 48 haben

163 2037 178 58 würde,
379 2039 91 47 ihm
502 2040 122 46 seine
657 2039 328 64 Huldigungen
1016 2056 82 31 aus
1127 2041 157 47 vollem
1324 2042 176 47 Herzen
1532 2042 133 49 darzu-

164 2116 207 65 bringen.
430 2116 157 47 Durch
628 2116 326 48 wiederholten
990 2119 257 47 Hervorruf
1279 2119 78 47 des
1387 2120 153 47 Herrn
1575 2121 94 46 Diri-

160 2201 167 56 genten
353 2194 115 47 nach
488 2194 304 64 Aufführung
814 2195 80 46 der
917 2195 217 56 Sinfonie,
1161 2196 69 47 bei
1256 2197 197 47 welcher
1470 2197 196 64 Gelegen-

165 2271 93 47 heit
287 2271 125 47 Herr
440 2272 147 55 Reiss,
619 2272 84 47 wie
739 2289 50 30 er
823 2274 42 45 in
894 2274 148 47 seiner
1073 2274 375 48 Bescheidenheit
1476 2280 218 51 äusserte,

160 2346 89 50 den
281 2349 135 47 Dank
450 2349 76 48 für
555 2350 85 47 den
675 2350 322 65 Componisten
1044 2352 428 64 entgegennehmen
1510 2361 185 48 musste,

164 2425 259 48 bekundete
466 2427 92 47 sich
602 2429 116 47 noch
767 2429 247 47 besonders
1052 2430 71 47 die
1162 2430 242 62 gehobene
1433 2432 260 64 Stimmung

162 2501 77 49 des
268 2502 330 50 Auditoriums.

281 2606 131 49 Auch
445 2608 40 45 in
518 2606 147 49 dieser
695 2609 159 47 Saison
894 2609 78 47 hat
1012 2609 94 48 sich
1143 2609 80 47 der
1254 2611 175 46 Besuch
1461 2610 80 47 der
1571 2611 90 49 Con-

163 2690 123 41 certe
311 2684 251 48 wiederum
593 2686 247 63 gesteigert
869 2686 90 47 und
993 2686 79 47 mit
1100 2686 260 49 demselben
1392 2688 71 48 die
1495 2688 199 50 lebhafte

162 2761 321 59 Theilnahme,
527 2764 172 47 welche
742 2782 104 30 man
879 2765 107 65 jetzt
1025 2764 87 48 den
1148 2769 239 60 grösseren
1419 2766 247 49 Orchester-

159 2840 187 48 werken
376 2841 116 47 zollt.

278 2943 94 48 Das
395 2943 281 65 alljährliche
699 2961 156 48 grosse
888 2944 695 66 Charfreitags-Concert
1612 2945 81 50 der

163 3020 264 65 Hofcapelle
471 3022 103 47 fand
619 3022 115 47 auch
778 3023 43 46 in
865 3022 168 48 diesem
1062 3024 144 47 Jahre
1245 3023 250 49 wiederum
1536 3025 42 47 in
1611 3024 81 48 der

162 3098 113 47 Hof-
320 3098 92 48 und
451 3099 385 48 Garnisonkirche
877 3108 132 39 unter
1040 3100 298 66 Mitwirkung
1376 3102 77 47 des
1494 3102 198 48 kasseler

162 3175 360 65 Gesangvereins
567 3178 91 47 und
703 3177 80 48 der
817 3178 276 48 Liedertafel
1139 3178 192 66 (welche
1362 3180 180 49 letztere
1573 3182 115 47 nach

160 3253 231 48 Rücktritt
414 3253 78 48 des
518 3255 397 64 Hof-Organisten
932 3257 261 63 Schuppert
1220 3257 228 48 nunmehr
1471 3257 218 49 ebenfalls

160 3338 135 39 unter
322 3332 199 64 Leitung
563 3332 77 48 des
676 3334 152 47 Herrn
870 3333 484 66 Hof-Capellmeisters
1382 3335 130 49 Reiss
1551 3335 136 65 steht)

158 3408 120 48 Statt
327 3409 91 48 und
470 3410 189 47 brachte
708 3412 114 47 nach
868 3410 317 66 zehnjähriger
1239 3413 132 48 Ruhe
1419 3413 269 48 Händel's

518 3489 86 47 Die
633 3488 92 48 Soli
757 3505 154 32 waren
943 3489 40 48 in
1015 3489 85 48 den
1127 3490 193 49 Händen
1350 3490 79 49 des
1454 3490 234 50 Fräuleins

160 3563 209 57 Bauer,
424 3565 82 47 der
564 3566 123 49 Frau
745 3568 602 63 Hempel-Kristinus,
1401 3569 78 47 des
1534 3569 154 48 Herrn

160 3641 154 49 Denn
331 3658 81 39 er,
441 3644 122 47 eines
587 3645 80 47 mit
689 3644 125 48 einer
839 3644 236 49 reizenden
1100 3646 334 49 Tenorstimme
1458 3645 231 65 begabten

159 3718 297 59 Dilettanten,
510 3721 283 66 dermaligen
835 3723 383 58 Post-Secretärs,
1270 3724 92 48 und
1413 3724 78 48 des
1533 3725 154 47 Herrn

154 3795 371 53 Lindemann.
557 3800 86 48 Die
672 3817 141 48 ganze
836 3799 302 66 Aufführung
1169 3801 109 65 ging
1306 3801 86 49 wie
1421 3818 82 32 aus
1526 3803 161 47 Einem

158 3873 146 50 Gusse
334 3875 92 48 und
458 3878 80 47 mit
565 3881 201 61 grösster
790 3878 332 64 Begeisterung
1145 3894 82 33 von
1251 3880 192 47 Statten.
1476 3879 100 49 Von
1601 3879 86 49 den

151 3950 197 51 Solisten
374 3953 202 64 gebührt
598 3955 153 48 Herrn
774 3954 301 57 Lindemann,
1106 3955 82 48 der
1207 3955 143 48 durch
1381 3956 123 49 seine
1534 3955 122 50 mäch-

150 4026 97 66 tige
275 4029 193 51 Stimme
498 4033 85 47 wie
621 4033 117 48 auch
779 4034 99 48 eine
908 4033 228 49 wahrhaft
1165 4033 245 49 kirchliche
1440 4034 246 64 Vortrags-

1795 240 132 49 weise
1954 242 256 64 imponirte,
2233 245 79 49 der
2331 248 136 47 Preis.
2498 249 126 47 Aber
2647 252 113 47 auch
2785 252 86 48 den
2896 253 192 65 übrigen
3109 257 191 49 Solisten

1792 317 201 64 gebührt
2023 320 78 47 für
2128 322 96 48 ihre
2252 324 277 64 Leistungen
2559 343 154 46 grosse
2742 329 360 66 Anerkennung.

1910 395 94 46 Der
2046 397 195 48 kasseler
2285 400 420 64 Gesangverein
2749 404 91 61 gab
2897 407 247 49 wiederum
3193 412 108 45 zwei

1794 471 222 47 Concerte
2045 482 132 39 unter
2206 475 196 65 Leitung
2430 478 76 47 des
2536 479 495 65 Hof-Capellmeisters,
3066 485 136 47 deren
3232 504 46 30 er-

1790 557 89 39 stes
1919 567 51 29 zu
2016 551 180 64 Anfang
2239 553 75 48 des
2360 555 204 49 Winters
2608 558 233 63 Haydn's
3260 565 41 47 in

1792 625 231 64 würdiger
2056 628 173 54 Weise,
2274 630 135 48 deren
2453 634 177 46 zweites
2671 652 99 30 zum
2801 635 209 50 Schlüsse
3038 639 79 48 der
3145 640 156 49 Saison

1794 703 85 47 den
1910 710 149 41 ersten
2092 706 126 46 Theil
2257 723 84 32 von
2374 709 264 48 Händel's
2679 711 166 55 „Judas
3213 718 88 46 und

1805 780 274 65 „Erlkönigs
2373 802 81 31 von
2488 788 151 47 Gade
2667 805 78 30 zur
2775 790 299 66 Aufführung
3105 794 196 50 brachte.

1791 859 277 47 Ausserdem
2112 860 103 48 fand
2258 863 115 47 noch
2411 880 76 30 zur
2520 865 128 46 Feier
2677 864 78 48 des
2784 866 269 64 achtzigsten
3085 870 190 50 Geburts-

1790 943 128 56 tages
1951 953 183 32 unseres
2173 940 273 60 verewigten
2483 941 178 64 Spohr
2703 959 71 31 am
2807 943 47 48 5.
2884 946 125 63 April
3041 948 96 45 eine
3169 950 107 47 musi-

1790 1012 192 47 calische
2025 1015 423 64 Erinnerungsfeier
2487 1019 174 47 Seitens
2703 1020 77 47 des
2824 1021 208 49 letzteren
3076 1024 228 56 Vereines,

1794 1089 245 48 bestehend
2081 1091 57 47 im
2172 1092 222 63 Vortrage
2423 1110 82 32 von
2539 1095 199 60 Chören,
2780 1098 226 48 kleineren
3036 1101 240 63 Sologesän-

1790 1183 104 47 gen,
1924 1167 145 47 einem
2101 1169 418 58 Streich-Quartett
2549 1173 89 46 und
2669 1174 323 49 Salon-Piecen
3025 1178 75 45 für
3133 1179 172 49 Violine

1792 1245 89 46 und
1915 1246 258 47 Pianoforte
2204 1264 78 30 aus
2312 1249 80 45 der
2423 1250 147 46 Feder
2597 1250 78 47 des
2705 1253 219 53 Meisters,
2953 1255 128 47 Statt.

1908 1322 129 47 Auch
2079 1322 70 49 die
2194 1325 354 48 Liedertafel
2595 1330 311 47 veranstaltete
2944 1331 57 46 im
3033 1333 272 63 Spätwinter

1792 1397 70 47 ein
1895 1399 211 57 Concert,
2149 1402 142 47 worin
2324 1402 152 49 Chöre
2515 1420 84 32 von
2639 1405 47 47 B.
2721 1405 186 56 Klein,
2954 1409 132 48 Rob.
3131 1411 139 47 Schu-

1791 1491 191 40 mann,
2027 1477 243 54 Becker,
2312 1479 47 48 C.
2390 1481 326 64 Schuppert
2746 1499 39 29 u.
2816 1499 33 30 s.
2882 1500 53 31 w.
2968 1485 87 46 und
3088 1487 193 47 verschie-

1790 1552 114 48 dene
1933 1555 297 47 Solo-Piecen
2261 1574 98 29 zum
2394 1557 224 64 Vortrage
2648 1560 178 47 kamen.

1908 1631 150 48 Ueber
2088 1649 160 32 unsere
2280 1635 127 63 Oper
2437 1653 121 29 muss
2600 1637 67 46 ich
2714 1637 84 47 mir
2827 1639 270 62 Angesichts
3141 1642 165 46 meines

1790 1707 213 64 heutigen
2032 1710 139 48 schon
2201 1729 51 29 zu
2285 1711 302 65 weitläufigen
2615 1714 226 48 Berichtes
2871 1716 311 48 ausführliche
3205 1719 76 45 Mit-

1789 1786 262 63 theilungen
2083 1788 83 47 auf
2187 1788 99 47 eine
2316 1794 176 59 spätere
2523 1791 297 62 Gelegenheit
2849 1809 229 46 ersparen.

2189 2038 53 55 P.
2301 2039 51 54 A.
2407 2040 404 55 Fiorentino
2866 2047 47 62 †.

1913 2173 358 57 Fiorentino,
2317 2176 81 47 der
2437 2177 192 64 Dinstag
2672 2177 85 48 den
2790 2176 87 51 31.
2910 2180 107 53 Mai,
3061 2180 185 48 Abends
3278 2181 26 48 7

1794 2251 114 54 Uhr,
1938 2251 263 63 gestorben,
2229 2269 97 31 war
2355 2253 123 47 einer
2501 2253 80 47 der
2606 2255 341 49 berühmtesten
2972 2256 230 48 Vertreter
3231 2258 79 49 der

1796 2328 147 47 Kritik
1976 2327 115 49 über
2120 2329 149 47 Musik
2300 2329 89 49 und
2421 2331 197 48 Theater
2646 2331 44 48 in
2722 2333 138 47 Paris.

1909 2406 66 47 Er
2003 2406 126 47 starb
2158 2422 48 32 so
2238 2415 296 48 unerwartet,
2576 2407 100 48 dass
2718 2425 136 48 sogar
2883 2409 108 47 viele
3033 2426 84 32 von
3158 2413 152 46 seinen

1797 2483 242 47 Freunden
2083 2484 71 47 die
2185 2484 247 49 Nachricht
2474 2502 82 32 von
2597 2487 167 47 seinem
2798 2487 125 48 Tode
2967 2488 155 47 früher
3166 2489 141 49 durch

1792 2559 71 49 die
1879 2561 537 64 Mittwochs-Zeitungen
2440 2563 230 56 erfuhren,
2688 2563 62 47 als
2771 2564 63 47 sie
2857 2581 82 30 von
2962 2564 145 49 seiner
3132 2567 148 47 Krank-

1794 2638 91 47 heit
1926 2646 139 39 etwas
2109 2648 210 40 wussten.
2375 2641 78 47 Bei
2486 2641 303 64 Meyerbeer's
2816 2642 273 63 Begräbniss
3130 2660 95 30 war
3262 2661 48 30 er

1791 2716 117 48 noch
1954 2716 62 48 als
2048 2718 200 62 Mitglied
2285 2718 80 47 der
2397 2718 296 48 Commission
2737 2721 76 45 für
2857 2721 69 47 die
2972 2721 128 47 Feier
3141 2737 140 48 gegen-

1792 2794 179 63 wärtig,
2012 2794 108 46 zwei
2167 2796 126 62 Tage
2336 2811 77 30 vor
2455 2796 168 47 seinem
2658 2797 126 46 Ende
2829 2797 62 47 las
2935 2813 102 31 man
3080 2798 113 47 noch
3239 2798 68 47 ein

1795 2870 250 50 Feuilleton
2077 2887 82 32 von
2190 2873 91 47 ihm
2313 2873 43 47 in
2387 2873 81 47 der
2495 2874 186 47 France.
2710 2874 152 47 Schon
2884 2876 78 47 seit
2995 2876 176 63 einigen
3198 2877 81 47 Jah-

1792 2964 79 32 ren
1903 2949 124 47 hatte
2056 2966 49 30 er
2135 2967 56 30 an
2222 2949 80 48 der
2332 2949 133 48 Gicht
2493 2952 211 63 gelitten;
2747 2952 146 48 einem
2924 2962 217 38 erneuten
3171 2953 113 65 plötz-

1790 3025 145 49 lichen
1966 3025 195 58 Anfalle,
2205 3027 70 48 bei
2318 3025 102 49 dem
2458 3028 62 47 sie
2554 3028 90 47 ihm
2688 3028 40 47 in
2769 3028 71 48 die
2872 3031 132 45 Brust
3032 3037 104 47 trat,
3179 3031 52 47 ist
3259 3047 50 32 er

1786 3103 199 65 erlegen.

1905 3182 134 47 Pier
2068 3182 223 63 Angelo
2323 3182 340 48 Fiorentino
2700 3183 148 48 della
2877 3184 242 55 Rovere,
3164 3182 138 50 1808

1787 3276 52 29 zu
1871 3258 171 65 Neapel
2073 3258 221 65 geboren,
2324 3259 122 48 hatte
2474 3259 121 48 seine
2624 3259 188 48 Studien
2843 3260 58 47 im
2929 3260 350 49 Jesuiten-Colle-

1786 3338 124 62 gium
1941 3337 212 64 gemacht
2195 3337 90 48 und
2318 3337 211 48 widmete
2570 3338 91 47 sich
2703 3338 80 47 der
2815 3338 490 49 Rechtswissenschaft.

1787 3413 126 48 Aber
1954 3413 139 48 schon
2136 3413 59 47 im
2227 3415 130 47 Alter
2397 3431 84 31 von
2520 3414 71 48 20
2627 3415 170 47 Jahren
2840 3415 226 64 gründete
3108 3432 50 32 er
3197 3417 107 45 zwei

1784 3490 237 56 Journale,
2050 3507 84 32 von
2164 3489 146 50 denen
2341 3493 121 47 eines
2492 3493 114 47 noch
2633 3509 71 31 am
2730 3492 156 49 Leben
2915 3493 70 54 ist,
3014 3493 90 47 und
3126 3493 178 48 schrieb

1786 3569 217 47 Novellen
2035 3570 91 46 und
2159 3569 233 48 Gedichte.
2450 3570 85 47 Ein
2564 3570 178 49 Drama
2769 3587 84 32 von
2883 3572 112 54 ihm,

1784 3643 124 63 rina,
1938 3646 160 53 wurde
2128 3646 41 47 in
2194 3646 170 65 Neapel
2389 3648 90 47 und
2505 3648 142 47 Turin
2680 3649 77 46 mit
2787 3648 153 47 Beifall
2970 3646 228 65 gegeben;
3230 3663 70 32 am

1786 3724 188 48 meisten
2025 3723 200 49 bekannt
2274 3724 181 48 machte
2501 3725 76 47 ihn
2629 3724 113 49 aber
2789 3725 69 47 ein
2907 3724 126 48 Band
3084 3723 218 50 Gedichte

2317 3800 181 65 1836),
2530 3803 172 47 welche
2731 3819 48 31 er
2808 3818 82 32 von
2912 3803 150 47 seinen
3088 3801 213 49 früheren

1785 3879 221 48 Arbeiten
2036 3880 114 47 auch
2181 3878 228 66 späterhin
2439 3880 115 47 noch
2587 3897 71 30 am
2690 3879 186 48 liebsten
2906 3879 138 48 hatte.

1900 3958 50 45 In
1993 3956 262 49 demselben
2282 3956 143 49 Jahre
2460 3955 144 51 1836
2639 3963 165 42 musste
2846 3972 65 40 er,
2954 3972 159 49 wegen
3154 3955 146 47 seiner

1784 4034 526 64 Oppositions-Stellung
2357 4035 60 47 im
2462 4035 288 48 Parlamente
2792 4050 81 32 von
2916 4033 82 49 der
3039 4033 259 64 Regierung
