3648 4572
1412 3865 212 45 207

1850 3022 192 38 Wilhelm
2070 3023 215 37 Holzamer

1169 541 104 64 IN
1329 541 185 66 DER
1568 544 350 63 NACHT

820 750 200 43 Plötzlich
1051 752 94 42 fahr
1175 754 66 42 ich
1274 756 81 51 auf,
1388 757 112 42 noch
1532 757 353 58 schlafbefangen

820 822 135 42 Warf
981 823 66 42 ein
1078 824 164 43 Traum
1274 827 78 42 mir
1383 828 40 42 in
1456 828 66 42 die
1555 829 122 43 Seele
1709 829 137 43 dieses
1879 830 207 56 Bangen?

819 893 190 43 Zitternd
1040 895 147 42 lausch
1218 896 66 42 ich
1410 900 165 42 Waren
1608 900 77 42 das
1718 900 111 42 nicht
1861 900 209 43 Schritte?

818 964 148 42 Leises
999 964 249 45 Schlürfen?
1373 969 222 42 Flüstern?
1719 970 128 42 Eines
1879 971 159 41 Kindes
2072 971 136 42 Bitte?

819 1036 190 42 Meines?
1134 1037 91 42 Hat
1257 1038 75 42 der
1362 1039 99 42 Tod
1494 1040 88 41 sich
1613 1040 308 57 hergestohlen,

818 1107 82 41 Mir
931 1108 111 41 mein
1074 1108 193 42 Liebstes
1301 1109 189 43 frevelnd
1521 1111 41 42 in
1595 1110 66 42 die
1693 1111 141 42 Nacht
1863 1126 52 26 zu
1947 1111 156 43 holen?

818 1177 101 43 Und
952 1192 104 28 vom
1087 1180 144 55 Lager
1264 1181 147 56 spring
1442 1181 65 42 ich
1540 1182 76 42 auf
1644 1181 86 42 und
1762 1182 205 42 schleiche

818 1248 64 42 Zu
918 1248 82 43 den
1033 1248 152 43 beiden
1218 1251 215 51 Bettchen,
1465 1265 69 28 wo
1567 1252 78 41 das
1677 1252 169 52 schöne,
1879 1251 160 43 bleiche

816 1318 270 57 Kinderpaar
1116 1321 41 41 in
1190 1321 151 42 festem
1372 1322 171 42 Schlafe
1575 1323 109 56 liegt,

816 1388 158 44 Süfsen
1007 1391 195 51 Traums,
1235 1392 41 41 in
1307 1392 153 42 heitres
1492 1392 288 57 Kinderglück
1813 1392 195 57 gewiegt.

816 1459 102 44 Und
949 1460 66 42 ich
1047 1461 105 42 höre
1183 1462 117 42 ihren
1331 1463 131 41 Atem
1493 1464 115 55 gehn

816 1531 146 42 Leicht
995 1532 79 41 wie
1106 1531 349 53 Abendlüftchen,
1489 1533 65 42 die
1588 1533 131 42 durch
1749 1534 147 41 Rosen
1928 1533 134 42 wehn.

816 1680 121 43 Eins!
1058 1681 73 42 mit
1162 1681 166 42 hartem
1359 1681 186 57 Schlage
1578 1682 185 56 schlägts
1797 1682 65 42 die
1894 1681 103 52 Uhr,

815 1751 226 42 Fliehende
1073 1751 181 43 Schritte
1287 1752 209 42 schlürfen
1529 1752 75 42 auf
1631 1752 97 42 dem
1760 1752 110 42 Flur.

1143 1997 189 61 DER
1376 1996 543 63 WANDERER

863 2208 61 41 Er
955 2207 105 57 ging
1093 2221 54 28 an
1180 2207 77 41 mir
1290 2206 194 53 vorüber,
1519 2208 195 56 grufslos,
1749 2214 156 36 stumm
1921 2222 9 37 ;

863 2278 46 41 In
942 2278 136 41 seiner
1110 2277 113 42 Stirn
1257 2276 81 43 den
1371 2278 337 50 Calabreserhut,

863 2347 101 43 Sein
996 2347 140 51 linkes,
1170 2347 163 43 blindes
1365 2349 129 55 Auge
1526 2348 77 41 tief
1631 2347 290 42 beschattend.

863 2417 100 43 Und
994 2418 148 41 immer
1174 2418 143 42 weiter
1349 2418 144 42 schritt
1526 2432 45 27 er
1603 2418 40 41 in
1676 2417 78 42 das
1786 2417 133 51 Land,

863 2487 124 42 Indes
1021 2488 75 41 der
1129 2488 185 42 Himmel
1345 2488 126 42 stand
1504 2489 40 41 in
1575 2493 114 36 roter
1720 2487 260 57 Abendglut.

863 2631 101 42 Und
997 2631 156 42 abseits
1185 2632 106 54 ging
1323 2645 54 36 er,
1410 2631 170 50 einsam,
1612 2630 78 41 sah
1721 2630 111 42 nicht
1863 2644 85 28 um.

863 2700 102 43 Und
997 2714 91 28 war
1120 2701 110 41 noch
1262 2701 41 41 in
1336 2700 74 42 der
1441 2701 139 41 Ferne
1612 2700 268 55 riesengrofs,

863 2770 101 42 Und
996 2770 145 42 schritt
1173 2771 161 41 fürbafs
1372 2770 111 42 noch
1518 2771 161 49 immer,
1712 2769 65 41 nie
1810 2770 235 42 ermattend
2080 2796 60 5 —
2173 2797 61 4 —

863 2840 82 41 Die
979 2840 100 41 Glut
1109 2840 253 55 verglomm,
1395 2866 60 4 —
1487 2840 86 41 und
1604 2840 79 41 wie
1715 2853 45 27 er
1791 2853 84 27 nun
1908 2840 285 52 entschwand,

864 2909 212 41 Enthüllte
1109 2910 155 41 meiner
1296 2910 121 41 Seele
1449 2911 88 40 sich
1570 2911 64 40 ein
1667 2909 175 42 dunkles
1876 2910 87 41 Los
1997 2944 8 7 .
2038 2944 8 7 .
2079 2944 7 7 .
