3638 4572
1410 3841 211 42 211

677 565 106 44 Und
816 565 125 44 siehst
974 567 85 51 Du,
1092 568 72 43 das
1195 569 54 42 ist
1281 569 71 43 das
1385 569 245 59 eigentliche
1654 570 246 46 Geheimnis
1933 572 72 44 des
2028 572 331 59 Puppenladens,
2394 571 89 45 dafs

519 642 72 43 das
624 641 190 43 Fräulein
848 654 91 30 nett
969 642 53 43 ist
1049 644 89 43 und
1165 644 114 43 Seele
1311 644 81 45 hat.
1457 644 86 45 Mit
1572 645 135 58 jedem
1728 647 231 59 Spielzeug,
1994 648 70 43 das
2097 648 55 43 sie
2174 649 78 43 Dir
2273 646 209 54 verkauft,

521 715 116 59 giebt
670 716 56 42 sie
759 717 66 42 ein
859 716 242 45 Stückchen
1133 717 142 45 davon
1307 719 90 53 her,
1435 721 56 43 sie
1524 720 115 59 giebt
1671 737 41 28 es
1745 722 79 43 Dir
1863 723 248 58 unverlangt
2147 724 91 43 mit.
2303 725 87 42 Das
2431 724 54 43 ist

518 791 87 44 ihre
639 791 211 58 Eigenart,
884 791 89 44 und
1006 791 71 44 das
1109 792 191 45 zeichnet
1332 795 56 43 sie
1419 811 81 27 vor
1532 796 104 43 allen
1668 797 180 43 anderen
1881 813 82 28 aus.
2028 797 216 45 Mädchen
2276 814 33 28 z.
2328 798 55 52 8.,
2418 798 66 44 die

520 867 151 43 andere
704 867 141 57 Dinge
878 866 247 53 verkaufen,
1158 869 271 44 Damenhüte
1463 870 103 44 oder
1599 887 148 37 sowas,
1780 872 107 43 auch
1910 889 125 28 wenn
2067 873 55 44 sie
2155 873 100 59 jung
2282 875 88 42 und
2394 885 91 32 nett

520 941 93 44 sind
653 942 88 43 und
780 941 170 52 lächeln,
993 941 137 45 haben
1171 945 73 43 das
1284 945 195 43 meistens
1520 945 126 45 nicht
1712 947 65 43 Sie
1818 948 134 58 geben
1994 964 80 28 nur
2112 948 67 44 die
2219 950 135 42 AVare
2395 948 90 44 und

521 1030 117 31 sonst
671 1016 136 44 nichts
849 1018 89 42 und
971 1018 166 43 denken
1178 1019 222 58 eigentlich
1440 1037 73 42 gar
1545 1020 117 44 nicht
1709 1022 136 43 daran.
1913 1023 86 43 Das
2032 1024 190 44 Fräulein
2261 1025 61 43 im
2355 1024 110 58 Spiel-

522 1092 330 58 warengeschäft
885 1092 98 44 aber
1016 1094 132 43 denkt
1181 1094 134 44 daran.
1380 1096 67 43 Sie
1479 1095 72 44 hat
1583 1112 41 27 es
1658 1094 160 45 freilich
1855 1096 108 44 auch
1995 1098 80 43 mit
2107 1098 81 43 viel
2219 1099 266 58 würdigeren

524 1167 329 59 Gegenständen
886 1183 54 28 zu
973 1167 116 44 thun.

683 1277 35 7 ..
743 1277 7 7 .
773 1241 71 44 Ich
877 1242 128 44 nahm
1039 1243 66 44 die
1139 1245 159 58 Puppe,
1339 1245 66 43 die
1438 1246 56 43 sie
1526 1246 80 43 mir
1647 1246 249 59 eingepackt
1931 1246 127 53 hatte,
2096 1247 90 44 und
2225 1247 159 44 steckte
2428 1249 57 42 sie

523 1318 46 43 in
602 1317 66 43 die
700 1315 138 61 grofse
871 1317 167 43 Tasche
1072 1320 158 42 meines
1263 1319 282 44 Radmantels.
1609 1321 129 43 Dann
1778 1319 156 59 grüfste
1973 1320 68 44 ich
2081 1322 88 43 und
2201 1323 110 58 ging.
2390 1321 102 45 Auf

526 1392 73 43 der
633 1390 152 45 Strafse
817 1392 70 43 fiel
919 1393 81 43 mir
1033 1406 129 31 etwas
1195 1395 77 51 ein,
1307 1394 71 44 das
1411 1394 115 44 mich
1547 1394 209 59 glücklich
1787 1395 177 44 machte.
2028 1396 72 43 Ich
2129 1396 150 44 dachte
2303 1397 184 44 nämlich

528 1467 138 51 daran,
701 1465 89 45 dafs
823 1468 81 42 mir
936 1483 89 27 nun
1058 1467 135 44 nichts
1227 1469 125 43 Böses
1385 1470 88 42 und
1507 1470 208 43 Dummes
1748 1470 119 43 mehr
1887 1469 282 45 widerfahren
2201 1471 170 44 konnte.
2415 1471 73 44 Ich

528 1541 203 44 brauchte
766 1541 116 45 mich
908 1544 43 56 ja
983 1559 80 26 nur
1094 1542 105 44 über
1232 1544 66 43 die
1330 1545 147 57 Puppe
1510 1560 55 28 zu
1599 1543 159 53 freuen,
1792 1546 66 43 die
1891 1545 69 43 ich
1994 1545 67 45 bei
2091 1547 82 42 mir
2204 1559 108 46 trug.
2368 1547 121 42 Oder

529 1632 54 28 an
615 1617 82 43 den
730 1617 135 43 stillen
888 1617 185 44 dunklen
1096 1618 147 43 Laden
1275 1634 54 27 zu
1362 1618 166 45 denken
1559 1620 88 43 und
1680 1634 54 29 an
1766 1620 71 43 das
1859 1620 183 43 Lächeln
2075 1620 70 43 des
2175 1620 156 59 jungen
2359 1620 96 44 Mäd-

529 1691 137 44 chens.
730 1691 105 44 Und
869 1707 127 28 wenn
1029 1693 71 43 das
1133 1693 93 43 alles
1259 1692 118 44 nicht
1407 1692 141 45 helfen
1581 1693 129 52 sollte,
1743 1693 130 45 bleibt
1905 1694 80 44 mir
2017 1694 115 45 noch
2163 1696 153 43 immer
2349 1696 139 52 Eines,

529 1767 66 43 ein
629 1767 178 43 Letztes.
870 1766 72 43 Ich
963 1766 185 44 brauche
1176 1765 105 45 blofs
1303 1783 55 28 zu
1385 1767 184 46 denken:
1600 1769 108 43 Hier
1729 1769 171 43 werden
1922 1769 256 58 Spielwaren
2198 1767 257 46 verkauft..
2477 1805 10 8 .

530 1842 202 59 Dagegen
765 1841 171 45 kommt
967 1842 61 44 im
1062 1857 161 44 ganzen
1255 1842 144 44 Leben
1431 1842 137 45 nichts
1602 1842 84 44 auf.

2096 1937 173 42 Alfred
2294 1937 132 42 Gold
