3864 4572
2268 3874 203 40 210

1374 574 198 44 Fenstern
1612 569 109 44 bunt
1762 564 352 52 durcheinander,
2157 563 89 44 und
2288 563 145 43 davon
2471 562 108 44 wird
2620 577 40 29 es
2695 560 82 45 fast
2814 562 88 42 laut
2942 561 91 44 und
3064 560 195 59 lebendig
3300 562 42 42 in

1374 650 74 43 der
1479 647 164 44 kleinen
1675 643 133 44 stillen
1841 641 134 43 Gasse
1997 674 8 8 .
2029 675 7 7 .
2060 674 7 8 .
2102 639 131 52 „Hier
2266 638 172 44 werden
2471 637 256 59 Spielwaren
2759 635 199 45 verkauft
2967 635 3 61 1
2971 639 29 40 /'

1532 721 192 43 Drinnen
1756 715 99 44 aber
1885 717 61 42 im
1978 714 147 44 Laden
2157 715 53 42 ist
2242 729 41 28 es
2315 713 256 44 wunderbar
2603 712 89 45 still.
2757 712 88 44 Still
2876 712 91 43 und
3000 711 156 44 dunkel
3178 712 81 43 wie
3292 726 52 28 an

1373 798 137 42 einem
1542 792 367 61 Spätnachmittag
1941 790 62 43 im
2035 790 185 43 Winter.
2284 788 102 45 Nur
2418 789 176 58 glänzen
2626 787 89 43 und
2748 788 225 58 glimmern
3014 786 107 44 sieht
3162 802 101 28 man
3303 802 41 28 es

1374 872 52 43 da
1458 870 90 43 und
1582 869 97 43 dort
1711 882 90 28 von
1835 865 104 45 Glas
1972 867 88 42 und
2093 880 89 29 von
2217 864 264 60 Goldpapier
2512 863 90 44 und
2638 861 129 46 frisch
2798 863 242 44 lackiertem
3062 862 129 44 Holz.
3242 861 102 44 Wie

1372 946 106 43 eben
1511 960 52 28 an
1596 943 253 59 Spielwaren
1881 976 35 7 ..
1940 976 8 7 .
2015 940 106 43 Und
2154 940 68 43 ein
2259 955 107 43 ganz
2399 940 164 57 eigener
2596 937 117 45 Duft
2744 939 54 43 ist
2829 938 105 52 hier,
2967 953 90 28 von
3090 938 133 43 Firnis
3255 937 90 44 und

1371 1022 143 57 Pappe
1545 1020 89 42 und
1669 1015 203 46 Oelfarbe
1904 1016 90 44 und
2027 1014 113 45 Seife
2172 1015 117 44 und.
2313 1049 8 9 .
2344 1051 9 8 .
2387 1013 364 61 Spielwarenduft.

1530 1094 82 43 Ein
1643 1093 157 57 junges,
1832 1104 136 32 nettes
2002 1090 218 45 Mädchen
2252 1091 97 43 sitzt
2389 1090 139 44 hinter
2570 1089 99 44 dem
2703 1088 265 53 Ladentisch,
3011 1087 218 46 schneidet
3273 1103 71 28 aus

1373 1185 92 29 rosa
1500 1168 295 59 Seidenpapier
1827 1166 240 45 kunstvolle
2100 1167 147 44 Sterne
2279 1167 89 43 und
2402 1166 168 44 Borten.
2636 1166 67 43 Sie
2745 1164 111 44 steht
2895 1162 87 54 auf,
3020 1179 128 28 wenn
3179 1162 167 59 jemand

1372 1246 185 50 kommt,
1591 1243 90 44 und
1713 1244 110 57 zeigt
1853 1243 62 43 im
1947 1241 274 52 Lichtstrahl,
2264 1242 73 43 der
2370 1241 135 43 durch
2539 1241 66 43 die
2637 1239 149 45 Thüre
2821 1239 110 53 fällt,
2971 1254 86 29 was
3097 1254 100 28 man
3240 1238 106 44 eben

1371 1336 89 28 von
1508 1319 120 44 ihren
1669 1319 165 43 Waren
1881 1334 54 27 zu
1982 1317 126 44 sehen
2151 1316 207 45 wünscht.
2433 1317 107 43 Und
2586 1316 57 44 sie
2691 1315 151 44 lächelt
2884 1314 133 45 dabei.
3083 1315 57 43 Es
3184 1315 53 43 ist
3280 1315 68 42 ein

1371 1394 186 45 Lächeln
1597 1395 44 42 in
1684 1394 74 43 der
1796 1393 365 60 Puppensprache,
2205 1390 88 46 fein
2335 1392 90 44 und
2464 1390 318 45 unabsichtlich.
2852 1392 82 43 Die
2975 1390 163 44 Kinder
3185 1388 161 45 freilich

1371 1469 219 45 verstehen
1623 1485 54 36 es,
1710 1470 65 43 die
1809 1468 176 53 Kinder,
2019 1484 27 28 o
2079 1468 49 59 ja,
2161 1468 68 44 die
2262 1468 166 44 kleinen
2460 1467 91 44 und
2584 1468 69 42 die
2686 1465 180 61 grofsen.

1530 1546 83 42 Die
1651 1545 183 43 anderen
1871 1544 173 43 merken
2086 1559 42 28 es
2168 1543 209 44 vielleicht
2419 1559 73 43 gar
2527 1542 128 45 nicht.
2721 1543 106 42 Und
2868 1540 127 46 selbst
3036 1557 128 28 wenn
3207 1543 56 41 sie
3307 1556 40 28 es

1372 1620 205 53 merkten,
1624 1620 179 44 würden
1853 1620 57 44 sie
1958 1635 41 28 es
2047 1618 346 45 wahrscheinlich
2438 1618 119 44 nicht
2604 1616 217 61 begreifen
2867 1617 90 44 und
3005 1616 226 44 höchstens
3283 1616 65 44 die

1373 1696 171 60 Lippen
1585 1695 207 59 spöttisch
1826 1694 222 44 verziehen
2081 1695 103 43 oder
2215 1694 309 44 nachdenklich
2556 1694 91 44 und
2678 1693 209 59 überklug
2921 1693 67 44 die
3017 1694 114 43 Stirn
3164 1692 185 44 runzeln.

1374 1771 112 52 Ach,
1519 1771 72 44 das
1624 1771 94 44 sind
1751 1771 216 58 armselige
1992 1769 245 46 Menschen.
2303 1770 106 44 Und
2441 1785 128 29 wenn
2601 1770 113 43 einer
2746 1785 89 28 von
2866 1768 128 44 ihnen
3026 1769 43 43 in
3101 1769 84 44 den
3204 1767 146 44 Laden

1373 1848 93 43 tritt
1504 1846 90 44 und
1636 1846 67 44 die
1740 1846 242 43 Heiterkeit
2018 1847 72 43 des
2133 1845 235 44 Mädchens
2405 1844 296 52 mifsversteht,
2742 1845 94 43 weil
2878 1860 43 28 er
2953 1860 87 28 was
3079 1844 126 44 Böses
3248 1843 104 43 oder

1373 1924 212 42 Dummes
1627 1921 144 52 denkt,
1812 1921 112 44 dann
1965 1921 209 44 zerbricht
2212 1921 91 43 ihm
2341 1919 146 61 gewifs
2530 1921 66 43 die
2628 1921 161 59 Puppe,
2829 1920 68 44 die
2938 1935 43 28 er
3019 1919 154 59 gerade
3215 1916 136 53 kauft,

1374 1999 103 44 oder
1510 2013 43 28 er
1589 1997 155 44 drückt
1783 1997 67 44 die
1884 1997 236 59 Glasplatte
2162 1997 70 44 des
2266 1995 298 45 Ladentisches
2603 1997 77 42 ein.
2744 1996 108 43 Und
2895 1996 71 43 das
3007 1996 53 42 ist
3102 1995 66 44 die
3201 1992 148 54 Strafe,

1373 2074 90 44 und
1496 2089 44 28 er
1571 2074 174 42 kommt
1778 2072 112 44 dann
1923 2072 173 44 niemals
2129 2072 165 44 wieder.

1535 2149 130 52 Nein,
1700 2148 67 44 die
1799 2149 225 42 Dummen
2057 2148 90 44 und
2180 2148 139 44 Bösen
2351 2147 187 59 gehören
2570 2146 120 44 nicht
2722 2148 45 43 in
2800 2147 84 43 den
2916 2145 314 61 Puppenladen,
3262 2144 90 44 und

1375 2225 57 43 sie
1464 2225 150 42 wissen
1655 2224 71 43 das
1761 2223 108 44 auch
1900 2223 91 43 und
2031 2223 166 44 bleiben
2230 2224 197 43 meistens
2460 2239 90 28 von
2582 2222 132 45 selber
2746 2221 103 45 fern.
2914 2222 120 43 Aber
3066 2222 66 43 die
3172 2220 181 44 anderen

1377 2300 203 44 kommen
1613 2315 104 43 gern
1747 2300 91 44 und
1871 2298 80 53 oft,
1984 2299 68 43 die
2085 2297 166 60 grofsen
2283 2298 90 44 und
2406 2299 67 43 die
2506 2298 165 44 kleinen
2704 2298 174 51 Kinder,
2912 2298 89 44 und
3035 2297 67 43 die
3134 2295 219 45 verstehen

1376 2391 42 28 es
1452 2375 144 52 schon,
1629 2376 81 42 wie
1744 2391 41 27 es
1820 2375 71 43 das
1923 2374 125 60 junge
2081 2373 218 45 Mädchen
2331 2375 147 51 meint,
2510 2390 127 27 wenn
2670 2389 43 28 es
2746 2372 161 53 lächelt,
2948 2373 89 44 und
3077 2373 57 44 sie
3174 2370 179 45 machen

1376 2467 41 29 es
1446 2467 137 43 genau
1613 2467 58 28 so.
1731 2451 87 42 Das
1846 2451 55 43 ist
1929 2449 184 45 nämlich
2142 2450 252 58 notwendig
2421 2450 90 43 und
2539 2448 153 59 gehört
2721 2449 118 43 dazu.
2897 2450 47 41 In
2971 2448 160 43 diesem
3160 2446 195 45 Zimmer

1377 2525 114 46 mufs
1524 2525 204 60 gelächelt
1749 2528 184 42 werden.
1980 2524 73 45 Ich
2085 2524 160 60 glaube,
2269 2525 67 43 die
2368 2540 132 44 ganze
2523 2524 286 45 Herrlichkeit
2831 2523 87 45 hier
2950 2523 148 45 würde
3120 2522 234 51 versinken,

1376 2618 128 28 wenn
1537 2601 87 44 sich
1657 2603 153 42 einmal
1843 2602 66 43 ein
1943 2600 144 45 trübes
2122 2599 182 46 Gesicht
2335 2602 138 56 zeigte
2579 2601 80 42 wie
2694 2600 71 44 das
2798 2598 205 45 tanzende
3026 2597 328 60 Zwergenreich

1377 2678 203 52 versinkt,
1622 2693 126 28 wenn
1794 2678 68 43 ein
1903 2675 158 60 grofses
2109 2675 344 60 Menschenauge
2495 2675 89 44 sich
2631 2676 123 58 zeigt.
2828 2676 83 42 Die
2953 2674 175 44 ältesten
3177 2675 176 57 Puppen

1377 2754 191 44 erinnern
1620 2752 89 44 sich
1760 2752 135 53 nicht,
1942 2751 89 45 dafs
2078 2767 41 28 es
2169 2751 89 44 hier
2308 2751 141 59 jemals
2504 2765 130 30 etwas
2683 2751 171 44 anderes
2896 2749 191 61 gegeben
3134 2749 117 43 hätte
3300 2748 55 44 als

1380 2829 247 45 Heiterkeit.
1697 2829 154 43 Wieso
1894 2827 131 45 auch?
2097 2827 105 44 Man
2244 2828 173 43 kommt
2457 2826 141 45 herein
2640 2827 90 43 und
2772 2827 53 43 ist
2864 2830 221 55 vergnügt.
3157 2827 102 41 Man
3302 2824 54 43 ist

1379 2903 168 44 einfach
1591 2902 240 46 freundlich
1974 2904 81 43 wie
2095 2904 66 43 die
2201 2902 310 45 Glasschränke
2553 2904 187 57 ringsum
2782 2901 91 44 und
2914 2902 74 43 der
3026 2916 132 44 ganze
3198 2900 157 44 Laden.

1380 2979 106 44 Man
1515 2980 92 43 tritt
1639 2996 52 26 an
1724 2980 83 43 den
1839 2978 134 44 Tisch
2005 2979 91 43 und
2128 2985 111 52 trägt
2273 2979 80 43 mit
2386 2977 224 45 höflichen
2641 2979 192 43 Worten
2865 2979 110 42 seine
3007 2976 228 44 Wünsche
3266 2991 89 28 vor.

1380 3055 185 44 Manche
1599 3071 124 43 sagen
1757 3071 93 28 nur:
1885 3055 149 44 Liebes
2067 3055 200 51 Fräulein,
2301 3053 69 44 ich
2403 3053 176 45 möchte
2612 3055 66 42 ein
2701 3054 220 58 Spielzeug
2954 3052 70 44 für
3054 3053 121 43 einen
3208 3050 148 45 Buben

1379 3147 89 27 von
1516 3146 48 28 so
1608 3132 91 43 und
1737 3131 132 44 soviel
1908 3130 154 56 Jahren
2093 3166 7 7 .
2133 3166 8 7 .
2174 3166 8 7 .
2241 3130 114 43 Alles
2399 3130 155 44 andere
2600 3128 118 45 weifs
2761 3130 71 43 das
2871 3129 190 44 Fräulein
3098 3126 133 46 schon
3268 3142 89 28 von

1380 3206 134 44 selbst.
1580 3205 106 45 Man
1723 3220 91 46 sagt
1845 3206 226 44 höchstens
2113 3205 133 45 noch:
2291 3205 198 44 Glauben
2531 3205 77 53 Sie,
2653 3204 88 44 dafs
2777 3206 73 43 das
2883 3205 98 43 dem
3014 3204 143 44 Kinde
3196 3202 160 43 Freude

1380 3281 179 44 machen
1602 3282 132 43 wird?
1799 3283 104 43 Und
1945 3283 56 42 sie
2043 3280 169 46 darauf:
2266 3281 74 44 Oh
2379 3280 48 59 ja,
2474 3282 72 43 das
2590 3280 138 44 haben
2777 3281 66 43 die
2886 3280 182 43 Kleinen
3108 3278 93 44 sehr
3245 3292 111 44 gern.

1380 3357 104 43 Wie
1516 3358 57 43 sie
1604 3358 73 43 das
1710 3370 90 46 sagt
1921 3358 107 52 „Die
2060 3358 221 43 Kleinen“!
2346 3358 68 42 Da
2444 3357 54 43 ist
2528 3357 157 44 wieder
2718 3356 71 44 das
2821 3355 186 44 Lächeln
3041 3353 138 53 dabei,
3210 3354 45 43 in
3287 3353 71 44 der

1382 3432 179 44 Stimme
1592 3433 54 43 ist
1678 3448 41 28 es
1752 3434 91 43 und
1874 3434 118 43 darin
2024 3434 81 43 wie
2139 3434 55 43 sie
2226 3433 81 43 mit
2340 3433 98 43 dem
2472 3431 134 61 Kopf
2631 3431 127 44 nickt.
2824 3431 33 42 L
2858 3431 11 32 T
2872 3431 60 43 nd
2972 3431 53 43 da
3066 3429 150 45 lächelt
3250 3427 108 45 auch

1383 3508 73 42 der
1478 3506 165 45 Käufer
1676 3509 177 59 doppelt
1885 3525 47 28 so
1966 3509 91 52 hell,
2092 3509 113 44 denn
2238 3521 42 30 er
2313 3521 92 46 sagt
2437 3507 103 44 sich:
2563 3507 85 53 Ah,
2682 3508 129 43 dieses
2833 3506 191 43 Fräulein
3056 3504 73 44 hat
3154 3504 112 44 Seele
3289 3539 36 8 ..
3350 3539 8 8 .
