3856 4572
2249 3849 218 45 238

1157 510 164 45 jüngeren
1351 505 118 36 Kräfte
1497 507 96 34 mehr
1620 503 246 37 Wohlwollen
1895 503 69 34 und
1994 502 334 48 Entgegenkommen

1161 560 167 35 bewiesen
1348 560 87 35 wird
1457 559 46 35 als
1526 573 42 21 an
1587 559 76 34 dem
1680 557 154 40 anderen,
1855 556 59 34 das
1929 556 107 46 hängt
2055 568 70 22 von
2145 554 57 35 der
2218 558 111 32 Gunst

1159 614 57 34 der
1225 613 200 40 Umstände,
1441 625 66 22 von
1520 609 317 40 Persönlichkeiten,
1848 621 69 22 von
1927 608 77 34 dem
2011 607 90 35 Mafs
2114 607 57 35 der
2178 608 150 35 Einsicht

1158 667 71 34 und
1241 664 240 37 Willenskraft
1495 679 41 20 an
1549 665 62 33 den
1623 661 260 49 mafsgebenden
1895 661 124 35 Stellen
2034 661 51 35 ab.
2116 661 63 34 Die
2191 663 115 47 Haupt-

1159 721 98 33 sache
1276 720 53 41 ist,
1350 719 115 34 keiner
1479 717 107 35 Partei
1606 716 47 35 als
1674 715 130 35 solcher
1825 715 54 33 ein
1893 713 263 49 Uebergewicht
2177 714 81 34 über
2272 715 54 34 die

1157 772 119 35 andere
1302 773 236 33 einzuräumen
1563 769 70 35 und
1658 769 88 35 auch
1771 767 108 41 dann,
1904 780 105 22 wenn
2032 768 72 34 sich
2135 767 53 35 die
2214 770 85 46 Wag-

1155 825 112 35 schale
1296 837 40 22 zu
1365 827 151 32 Gunsten
1546 822 55 35 des
1629 821 212 35 Fortschritts
1874 820 116 41 senkt,
2025 819 100 37 dafür
2153 823 103 46 Sorge
2285 835 40 21 zu

1154 887 132 39 tragen,
1314 876 71 36 dafs
1410 877 54 34 die
1490 885 77 25 stets
1587 874 257 41 vorhandenen,
1872 874 308 48 nachdrängenden
2198 877 128 45 jungen

1154 931 186 41 Elemente,
1371 930 52 34 die
1451 929 166 34 ihrerseits
1645 941 110 21 neuen
1783 927 115 35 Zielen
1927 927 191 41 zustreben,
2146 941 40 21 zu
2215 928 109 34 ihrem

1153 984 107 35 Recht
1284 983 176 48 gelangen.

1231 1039 44 31 Ist
1299 1049 64 21 nur
1387 1035 54 34 die
1461 1033 309 49 Unparteilichkeit
1795 1034 36 34 in
1859 1034 57 34 der
1942 1035 145 48 Leitung
2111 1034 57 35 der
2194 1037 107 32 Kunst-

1151 1089 300 48 angelegenheiten
1470 1087 178 48 gesichert,
1676 1087 139 35 werden
1834 1087 55 35 die
1909 1086 185 50 Aufgaben
2123 1088 90 34 ohne
2234 1091 67 32 Vor-

1150 1141 333 49 eingenommenheit
1502 1140 88 35 nach
1609 1139 180 49 Mafsgabe
1815 1140 54 36 des
1898 1140 138 36 Talents
2056 1141 143 41 verteilt,
2224 1142 97 34 nicht

1150 1195 77 34 aber
1248 1193 65 36 auf
1327 1194 121 36 Grund
1467 1202 119 27 starrer
1605 1192 188 50 Prinzipien
1814 1194 71 35 und
1905 1195 190 40 Maximen,
2123 1208 38 22 so
2187 1195 132 35 erweist

1148 1249 70 34 sich
1239 1247 54 35 die
1313 1248 142 34 Freiheit
1474 1246 47 35 als
1542 1246 57 35 das
1622 1246 156 49 alleinige
1798 1247 272 49 Lebensprinzip,
2097 1246 148 37 worauf
2266 1248 53 35 die

1147 1300 148 49 gesunde
1315 1300 267 48 Entwickelung
1608 1300 82 35 aller
1714 1303 112 32 Kunst
1852 1300 133 36 beruht.
2027 1300 143 36 Freiheit
2194 1302 36 34 in
2255 1302 63 34 den

1146 1354 151 40 Studien,
1319 1354 141 35 Freiheit
1476 1354 35 35 in
1527 1354 56 34 der
1598 1356 209 46 Bewegung,
1827 1354 144 35 Freiheit
1990 1355 36 34 in
2040 1355 58 34 der
2113 1357 205 46 Vertretung

1145 1408 89 34 nach
1255 1406 118 35 aufsen
1392 1406 71 42 hin,
1490 1420 38 22 so
1548 1407 109 35 lautet
1676 1407 54 35 die
1750 1410 141 45 Losung
1910 1406 56 37 für
1989 1408 97 48 jeden
2107 1409 209 35 Fortschritt.

1145 1461 97 34 Diese
1274 1463 140 46 Losung
1443 1460 63 49 gilt
1536 1460 78 35 aber
1643 1461 95 35 nicht
1766 1474 66 21 nur
1858 1459 56 36 für
1938 1460 58 35 das
2022 1461 294 49 Emporkommen

1144 1514 90 35 einer
1259 1513 97 48 jeden
1390 1526 110 22 neuen
1529 1514 148 41 Schicht,
1708 1514 146 35 sondern
1887 1516 89 33 auch
2004 1513 57 36 für
2090 1514 53 35 die
2175 1516 140 35 weitere

1144 1566 206 49 Gestaltung
1370 1566 56 35 der
1446 1568 124 47 Dinge,
1590 1568 42 35 da
1653 1569 45 33 sie
1718 1566 224 37 fortdauernd
1968 1568 55 35 die
2043 1567 270 37 Künstlerschafc

2439 515 40 21 zu
2509 501 139 36 frischer
2673 501 203 50 Entfaltung
2903 503 88 34 ihrer
3015 503 115 35 vollen
3153 503 99 36 Kraft
3278 505 125 47 nötigt.
3447 507 99 32 Denn
3572 505 35 34 in

2438 555 200 48 gesicherter
2657 555 163 49 Stellung,
2846 557 35 33 in
2902 557 157 48 ruhigem
3079 557 106 35 Besitz
3205 558 56 34 der
3281 558 122 35 Macht
3426 557 70 34 und
3516 557 90 35 ohne

2436 609 121 34 Furcht
2577 622 60 22 vor
2656 611 151 45 Störung
2825 609 91 35 wird
2940 610 73 34 eine
3031 609 73 48 jede
3118 609 408 50 Künstlergemeinschaft
3549 624 58 22 zur

2436 661 290 35 Unduldsamkeit
2754 662 69 34 und
2847 662 228 49 Bedrückung
3099 664 239 48 hingedrängt,
3368 664 71 35 und
3474 673 132 26 erstarrt

2436 714 207 36 schliefslich
2669 715 99 35 selbst
2794 716 37 34 in
2856 717 147 40 Manier,
3030 715 115 36 indem
3173 718 46 34 sie
3246 731 82 22 vom
3352 718 169 48 Kopieren
3549 718 57 34 der

2437 769 140 47 eigenen
2606 767 131 36 Werke
2766 769 79 36 lebt.
2888 772 101 32 Dann
3019 768 126 50 erfolgt
3179 770 57 35 der
3265 770 338 36 Zusammenschlufs

2436 835 108 35 gegen
2572 821 53 35 die
2651 822 195 49 unbequem
2870 822 204 36 werdenden
3105 826 146 46 Jungen,
3277 824 55 34 die
3358 824 245 48 Organisation

2435 888 79 22 zum
2533 873 130 37 Zweck
2687 876 156 34 weiterer
2863 874 220 51 Befestigung
3108 877 57 34 der
3184 878 137 42 Macht;
3348 877 54 34 die
3422 878 181 47 Tyrannei,

2435 941 105 35 gegen
2561 928 54 35 die
2634 929 47 34 sie
2700 929 85 34 einst
2805 928 233 51 angekämpft,
3059 929 88 36 üben
3167 931 55 34 die
3236 930 162 35 Künstler
3412 945 71 20 nun
3499 930 104 35 selber

2434 995 69 22 aus.
2539 982 118 34 Damit
2676 982 137 35 werden
2838 984 46 33 sie
2914 983 63 35 den
2999 983 233 36 Grundsätzen
3257 993 132 32 untreu,
3420 984 53 35 die
3499 985 104 34 ihnen

2432 1035 54 34 bei
2514 1035 108 35 ihrem
2650 1034 292 50 Emporkommen
2971 1035 163 49 geholfen
3161 1037 129 41 haben,
3326 1038 70 35 und
3435 1037 75 35 sind
3542 1051 59 22 um

2431 1088 112 35 nichts
2563 1088 118 43 besser,
2705 1089 46 34 als
2771 1089 72 35 ihre
2862 1091 165 47 einstigen
3048 1092 146 47 Gegner,
3215 1091 53 34 die
3288 1091 111 35 Alten.

2510 1142 147 48 Solange
2667 1142 77 35 aber
2756 1142 53 35 die
2821 1143 143 35 Freiheit
2975 1144 130 40 waltet,
3118 1145 69 34 und
3199 1144 53 35 die
3260 1145 187 48 Nötigung
3457 1143 143 42 besteht,

2430 1195 73 35 sich
2523 1195 48 35 im
2592 1194 146 50 Kampfe
2758 1209 41 21 zu
2818 1195 204 50 behaupten,
3044 1197 80 34 ruht
3143 1197 55 35 die
3214 1197 138 36 Gewalt
3371 1198 35 34 in
3422 1198 57 35 der
3493 1198 103 34 Hand

2430 1249 202 48 derjenigen,
2662 1248 108 36 denen
2803 1249 45 35 sie
2879 1263 70 21 von
2980 1249 125 35 Rechts
3130 1263 122 35 wegen
3277 1249 198 47 zukommt;
3509 1250 91 35 dann

2428 1303 178 34 herrschen
2636 1301 54 36 die
2717 1303 243 47 Tüchtigsten,
2989 1302 55 35 die
3074 1303 70 35 sich
3179 1303 55 36 des
3264 1303 226 49 allgemeinen
3516 1306 63 33 Ver-

2428 1363 133 27 trauens
2577 1355 163 36 erfreuen.
2773 1353 133 38 Hoffen
2919 1356 68 36 wir
3008 1355 102 36 daher
3125 1370 78 22 zum
3219 1359 117 33 Besten
3351 1357 54 35 des
3422 1357 176 35 Bestandes

2426 1409 57 34 des
2502 1409 202 36 Karlsruher
2718 1408 236 43 Kunstlebens,
2975 1408 73 36 dafs
3068 1409 140 36 solchen
3223 1409 143 37 Kräften
3382 1411 69 35 wie
3464 1411 113 35 Schön-

2425 1461 90 36 leber
2540 1463 70 35 und
2639 1461 211 37 Kalckreuth
2879 1463 53 35 die
2956 1460 387 52 Schaffensfreudigkeit
3369 1463 87 36 auch
3485 1461 109 38 ferner

2424 1515 186 49 ungetrübt
2629 1515 152 37 erhalten
2799 1515 119 36 bleibe.

3265 1572 62 33 W.
3347 1583 32 22 v.
3396 1572 147 33 Seidlitz

1667 3172 99 15 KOHLEN
1770 3173 76 14 MEIER
1862 3170 75 22 (NACH
1953 3173 77 15 EINEM
2045 3170 179 23 HOLZSCHNITT)

1428 3170 115 16 WILHELM
1558 3172 93 17 LAAGE
