3552 4572
1323 3844 209 43 235

669 1901 168 64 DER
883 1904 556 66 KARLSRUHER
1485 1909 739 66 KUENSTLERBUND

555 2166 35 32 N
611 2164 180 35 Karlsruhe
816 2166 42 34 ist
878 2180 31 21 es
930 2168 75 33 sehr
1028 2172 83 38 spät,
1136 2177 64 26 erst
1225 2183 61 21 vor
1309 2170 83 34 zwei

659 2218 121 40 fahren,
806 2232 38 21 zu
870 2222 91 44 jener
986 2220 163 48 Spaltung
1176 2221 215 47 gekommen,

659 2270 46 34 die
731 2272 169 34 nunmehr
926 2272 177 35 allerorten
1126 2274 265 35 Künstlerschaft

659 2323 60 34 &de
731 2323 181 35 Publikum
929 2325 34 33 in
978 2326 86 34 zwei
1077 2326 196 47 gesonderte
1287 2330 105 44 Lager

659 2376 149 35 scheidet.
825 2380 52 31 Da
888 2375 130 49 infolge
1029 2378 56 34 der
1096 2378 294 49 voraufgehenden

659 2427 173 36 ihnlichen
851 2432 180 45 Vorgänge
1055 2444 41 21 an
1123 2431 141 34 anderen
1284 2434 105 32 Orten

659 2481 50 33 der
723 2481 95 34 Blick
833 2481 56 35 für
904 2483 53 33 die
972 2481 182 50 Erfassung
1167 2484 129 34 solcher
1310 2486 60 32 Ver-

659 2533 150 35 hältnisse
829 2534 117 34 bereits
966 2534 165 48 geschärft
1150 2537 53 39 ist,
1222 2535 78 35 läfst
1319 2537 70 33 sich

659 2586 46 34 die
734 2587 161 47 Sachlage
928 2589 61 33 mit
1020 2589 127 33 nahezu
1177 2589 212 34 historischer

240 2646 216 37 ÜbjeKtmtät
469 2646 237 27 überschauen.
727 2639 164 47 Zugleich
904 2639 75 35 aber
990 2639 100 35 bietet
1101 2641 53 34 die
1165 2642 224 46 Betrachtung

240 2689 83 34 eines
352 2689 185 49 derartigen
566 2691 169 34 einzelnen
762 2692 103 34 Falles
894 2692 52 35 die
973 2693 247 47 Möglichkeit,
1246 2694 141 34 manche

238 2740 186 43 Irrthümer,
446 2742 52 34 die
518 2742 89 35 noch
628 2744 119 34 immer
765 2744 36 34 in
816 2747 110 45 Bezug
945 2744 65 35 auf
1025 2745 53 34 die
1098 2746 214 47 Beurteilung
1331 2745 56 35 der

237 2793 177 36 modernen
433 2794 303 49 Kunstbewegung
755 2797 190 41 herrschen,
964 2810 40 22 zu
1025 2797 215 48 berichtigen.

310 2845 132 50 Infolge
470 2847 58 34 der
557 2848 219 48 mannigfach
802 2850 284 47 verschlungenen
1110 2850 113 42 Pfade,
1251 2850 52 35 die
1330 2850 52 34 die

236 2898 359 50 Kunstentwickelung
626 2901 163 35 während
828 2902 58 34 der
923 2902 118 35 letzten
1078 2904 196 43 Jahrzehnte
1310 2904 54 33 ein-

235 2950 193 49 geschlagen
448 2953 69 39 hat,
537 2953 69 34 und
627 2953 56 35 der
702 2954 109 35 vielen
830 2954 258 49 Wandlungen,
1116 2955 52 34 die
1192 2956 46 33 sie
1258 2955 103 35 durch-

234 3003 152 45 gemacht
404 3005 70 40 hat,
501 3006 42 33 ist
562 3006 58 33 der
639 3006 131 35 Glaube
789 3008 82 34 weit
891 3007 185 42 verbreitet,
1103 3008 63 34 alle
1192 3008 88 34 diese
1300 3010 62 31 Ver-

237 3055 96 34 suche
353 3057 115 35 hätten
488 3057 125 36 darauf
627 3058 172 49 abgezielt,
820 3060 71 34 eine
910 3073 84 21 neue
1015 3063 108 31 Kunst
1147 3072 40 23 zu
1215 3057 166 45 schaffen;

239 3106 39 34 da
304 3107 74 36 aber
396 3110 112 34 weder
533 3110 56 35 der
615 3111 245 36 Pleinairismus
884 3112 91 35 noch
1002 3112 56 34 der
1076 3113 305 48 Impressionismus

239 3158 76 36 oder
343 3161 56 34 der
427 3162 243 46 Symbolismus
698 3165 71 34 sich
798 3165 53 34 die
880 3165 300 34 Alleinherrschaft
1208 3165 172 39 erstritten,

238 3212 83 34 auch
347 3212 113 36 keiner
489 3229 68 21 von
591 3216 102 34 ihnen
727 3217 52 34 die
814 3217 89 35 alten
931 3219 235 33 Kunstweisen
1197 3230 40 22 zu
1269 3217 112 34 nichte

235 3266 148 43 gemacht
401 3267 70 40 hat,
491 3281 36 21 so
542 3268 88 35 wird
650 3269 118 35 daraus
787 3268 177 49 gefolgert,
985 3270 52 34 die
1056 3273 196 45 Bewegung
1267 3270 45 33 sei
1331 3282 34 20 er-

233 3314 161 47 gebnislos
421 3332 169 34 gewesen,
615 3322 45 33 sie
684 3322 113 34 werde
822 3323 62 33 mit
909 3322 55 34 der
983 3323 72 33 Zeit
1081 3323 107 33 schon
1208 3323 47 33 im
1275 3321 105 35 Sande

234 3368 181 43 verlaufen,
449 3373 71 33 eine
548 3375 225 47 Versöhnung
800 3375 168 34 zwischen
996 3374 62 34 den
1087 3374 117 34 beiden
1234 3374 148 34 Parteien

234 3417 110 38 könne
376 3424 93 34 nicht
504 3426 192 34 ausbleiben
724 3427 70 34 und
823 3427 53 33 die
903 3427 294 47 widerspenstigen
1225 3425 157 35 Künstler

234 3473 136 35 würden
388 3488 39 21 zu
448 3476 62 35 den
524 3479 160 48 Krippen,
704 3480 52 34 die
775 3480 102 33 ihnen
896 3478 114 36 früher
1029 3492 36 21 so
1084 3488 95 39 gutes
1195 3481 110 32 Futter
1324 3490 39 35 ge-

234 3522 111 43 boten,
364 3528 260 38 zurückkehren.

312 3579 61 35 Die
392 3583 225 48 Betrachtung
636 3583 57 35 der
720 3583 197 36 Karlsruher
935 3582 224 35 Verhältnisse
1183 3583 86 46 zeigt
1294 3581 86 41 aber,

235 3626 69 36 dafs
332 3631 86 36 diese
437 3636 269 48 Voraussetzung
726 3636 80 48 irrig
831 3636 51 35 ist.
926 3638 78 32 Von
1029 3635 64 34 den
1112 3635 191 39 Künstlern,
1327 3634 53 33 die

1498 2171 65 35 den
1588 2172 147 40 „Bund“
1838 2187 36 21 so
1899 2174 100 35 Keifst
2024 2176 51 34 die
2101 2176 131 48 dortige
2258 2178 167 34 Sezession
2520 2178 122 44 bilden,

1497 2223 134 48 huldigt
1650 2237 63 21 nur
1732 2225 55 34 der
1802 2227 163 47 geringste
1982 2228 73 34 Teil
2074 2229 89 34 einer
2178 2230 262 47 ausgesprochen
2460 2232 183 34 modernen

1497 2276 176 35 Malweise
1683 2293 10 28 5
1714 2277 51 34 die
1786 2279 140 47 übrigen
1945 2279 88 41 aber,
2059 2281 205 35 namentlich
2290 2282 52 34 die
2362 2283 121 34 Führer
2507 2284 56 34 der
2581 2287 42 31 Be-

1497 2342 158 34 wegung,
1681 2329 215 42 Kalchreuth,
1921 2332 211 41 Schünleber,
2152 2333 230 48 Kallmorgen,
2402 2335 239 49 Pötzelberger,

1497 2382 135 39 Grethe,
1657 2382 111 47 zeigen
1796 2382 165 36 durchaus
1989 2384 96 34 keine
2112 2385 355 36 Absonderlichkeiten
2494 2389 36 33 in
2553 2389 88 35 ihrer

1495 2434 274 46 Vortragsweise,
1808 2436 110 33 malen
1954 2436 69 35 also
2060 2437 111 34 weder
2206 2438 36 34 in
2275 2442 90 44 jener
2396 2440 151 47 patzigen
2579 2444 62 31 Art

1495 2486 90 33 noch
1604 2486 61 33 mit
1683 2489 96 43 jenen
1794 2486 172 49 kreidigen
1985 2488 122 35 Farben
2130 2489 80 35 oder
2227 2490 37 34 in
2285 2494 88 43 jener
2391 2491 227 36 Unbestimmt-

1495 2538 69 33 heit
1589 2538 55 33 der
1669 2540 158 40 Umrisse,
1853 2540 52 33 die
1930 2554 62 21 vor
2014 2541 119 44 Jahren
2159 2542 98 35 wohl
2281 2543 152 35 ziemlich
2460 2544 178 47 allgemein

1494 2590 172 35 verbreitet
1696 2604 116 21 waren
1845 2592 67 34 und
1940 2592 88 35 beim
2057 2592 181 36 Publikum
2266 2608 37 21 so
2336 2595 134 47 grofsen
2498 2597 139 35 Anstofs

1495 2651 157 39 erregten,
1667 2646 77 42 jetzt
1762 2644 76 34 aber
1857 2644 46 34 als
1917 2644 307 50 Uebertreibungen
2243 2646 140 35 erkannt
2401 2648 143 35 worden
2562 2649 75 35 sind

1495 2694 67 34 und
1582 2694 204 48 demgemäfs
1811 2697 172 46 gemieden
2001 2698 145 34 werden.
2181 2700 85 33 Was
2285 2699 87 34 diese
2391 2700 159 35 Künstler
2568 2716 69 21 von

1493 2746 63 35 den
1576 2749 186 32 Vertretern
1781 2747 57 35 der
1857 2748 123 35 älteren
1998 2751 267 47 Kunstrichtung
2283 2751 156 43 scheidet,
2463 2753 43 34 ist
2530 2763 105 26 etwas

1490 2812 84 34 ganz
1593 2799 144 35 anderes.

1566 2851 107 34 Nicht
1702 2864 58 22 um
1786 2853 72 33 eine
1885 2866 84 21 neue
1993 2857 109 31 Kunst
2129 2854 138 36 handelt
2293 2869 32 20 es
2351 2857 82 40 sich,
2461 2858 68 34 wie
2556 2858 78 34 Carl

1486 2905 185 33 Neumann
1696 2904 35 34 in
1756 2905 123 33 seinem
1902 2905 122 35 höchst
2043 2906 275 36 verdienstlichen
2337 2909 111 34 Buche
2468 2909 70 35 sich
2558 2923 57 21 aus-

1487 2955 162 48 gedrückt
1666 2956 104 40 hatte,
1789 2957 143 34 sondern
1952 2971 58 20 um
2027 2959 96 33 einen
2137 2972 109 22 neuen
2262 2959 219 43 Geschmack,
2502 2962 56 34 der
2572 2964 62 33 mit

1488 3008 103 34 dieser
1611 3008 79 34 oder
1716 3012 88 43 jener
1827 3008 209 36 bestimmten
2060 3011 178 35 Malweise
2262 3013 108 33 nichts
2398 3026 40 20 zu
2458 3013 84 35 thun
2561 3015 71 40 hat,

1488 3061 56 34 das
1567 3060 77 34 Alte
1674 3060 205 48 keineswegs
1908 3062 224 41 ausschliesst,
2164 3064 98 34 wohl
2290 3064 76 35 aber
2398 3078 83 34 ganz
2513 3067 119 34 andere

1487 3112 232 48 Forderungen
1739 3126 41 21 an
1800 3113 52 34 die
1872 3114 221 35 Kunstwerke
2112 3115 87 35 stellt
2219 3116 69 34 und
2313 3116 119 35 andere
2451 3119 109 33 Seiten
2579 3119 54 35 bei

1486 3166 103 33 ihnen
1616 3165 129 40 betont,
1774 3165 46 34 als
1845 3166 53 33 die
1924 3166 234 35 unmittelbare
2180 3170 279 46 Vergangenheit,
2488 3171 46 34 als
2558 3175 74 43 jene

1486 3230 71 21 nun
1585 3229 40 22 zu
1650 3217 90 34 Ende
1768 3217 146 48 gehende
1944 3220 84 43 Zeit,
2055 3219 53 34 die
2133 3233 68 21 von
2229 3220 57 35 der
2311 3220 156 36 Zukunft
2495 3223 46 34 als
2574 3224 57 35 das

1487 3268 244 36 charakterlose
1753 3283 52 32 ip.
1824 3271 219 43 Jahrhundert
2062 3271 188 35 bezeichnet
2263 3273 135 34 werden
2419 3274 122 37 dürfte.
2579 3279 51 32 Da

1487 3335 30 20 es
1538 3322 70 33 sich
1628 3321 51 34 bei
1698 3321 101 35 dieser
1818 3325 194 46 Bewegung
2030 3337 60 21 um
2108 3325 159 33 Einflüsse
2288 3325 213 47 allgemeiner
2519 3330 112 33 Natur

1486 3373 147 40 handelt,
1660 3373 52 35 die
1737 3373 80 35 eben
1840 3387 37 21 so
1902 3375 87 34 auch
2015 3373 64 37 auf
2099 3376 75 34 dem
2200 3377 137 35 Gebiete
2363 3378 56 34 der
2438 3380 191 42 Litteratur,

1486 3426 56 34 der
1565 3425 129 41 Musik,
1724 3425 184 49 überhaupt
1933 3427 55 34 des
2008 3428 238 34 Geisteslebens
2273 3442 39 21 zu
2330 3432 90 46 Tage
2446 3440 117 33 treten,
2592 3446 37 22 so

1486 3478 81 47 liegt
1586 3491 31 21 es
1637 3491 58 34 gar
1713 3479 93 34 nicht
1825 3480 35 33 in
1878 3479 57 34 der
1953 3480 102 34 Hand
2075 3480 55 34 der
2149 3481 169 40 Künstler,
2338 3483 70 33 sich
2427 3483 103 36 dieser
2548 3485 82 35 oder

1484 3534 89 43 jener
1600 3531 105 33 Partei
1731 3544 56 21 aus
1818 3530 180 36 bewufster
2024 3532 233 48 Ueberlegung
2285 3535 262 36 anzuschliefsen

1486 3582 54 34 die
1568 3581 66 36 dies
1663 3583 86 34 thun
1776 3584 72 33 sind
1874 3583 264 36 Geschäftsleute
2166 3586 77 34 aber
2266 3586 96 35 keine
2381 3588 158 36 Künstler
2568 3612 59 20 —,

1486 3634 141 35 sondern
1655 3635 43 34 sie
1722 3640 131 30 müssen
1876 3637 70 34 ihre
1972 3637 102 34 Sache
2099 3638 170 35 entweder
2294 3639 229 37 durchführen
2548 3643 82 34 oder
