3796 4572
2252 3875 216 44 252

1126 526 249 39 Sandkörner
1402 521 182 41 bedeckt.
1631 519 100 38 Was
1761 516 114 40 sollte
1904 514 54 39 sie
1978 526 85 26 nun
2082 512 195 52 anfangen
2287 513 7 37 I

1124 590 80 47 „Ist
1247 588 65 38 das
1354 585 162 52 gerecht
1525 585 39 36 ?“
1605 579 125 53 fragte
1774 578 62 38 die
1874 575 169 40 Krabbe.
2107 574 80 48 „Ist
2229 573 66 39 das

1127 650 181 53 gerecht?
1355 647 89 39 Wo
1477 646 51 37 ist
1566 642 65 39 das
1662 641 134 39 Meer?
1920 636 70 39 Ich
2022 635 81 40 will
2139 635 156 47 wissen,

1125 712 52 39 ob
1221 711 65 38 das
1331 708 160 53 gerecht
1533 705 59 39 ist.
1660 702 49 39 Es
1749 713 81 26 war
1877 698 109 40 mein
2027 697 119 39 Frafs.
2214 698 81 38 Das

1127 775 114 37 Meer
1260 771 102 40 wird
1389 769 76 39 mir
1484 767 129 39 Recht
1642 764 142 52 geben.
1999 760 52 39 ist
2070 759 66 39 das
2156 759 138 38 Meer?

1124 835 143 38 Wenn
1293 833 65 38 ich
1385 842 75 27 nur
1495 826 162 47 wüfste,
1694 839 67 25 wo
1801 824 64 39 das
1894 825 116 38 Meer
2045 821 67 40 ist!
2225 820 71 39 Ich

1124 896 80 39 will
1232 894 106 39 mein
1365 892 163 45 Recht,“
1559 887 139 54 sprach
1727 886 63 39 die
1819 885 167 39 Krabbe.

1197 957 107 49 Jetzt
1331 952 75 41 lief
1427 953 55 38 sie
1512 950 161 40 schnell.
1722 949 90 38 Eins
1842 947 117 47 zwei,
1996 945 83 40 eins
2114 946 101 39 zwei

1123 1017 267 53 schräg-links,
1418 1014 73 39 mit
1520 1013 80 38 den
1627 1012 150 46 hohen,
1807 1008 297 41 schwebenden
2132 1007 143 40 Schritt-

1122 1082 113 37 chen.
1289 1078 112 48 „Wo
1430 1077 49 37 ist
1508 1075 66 38 das
1604 1075 160 37 Meer?“
1801 1070 83 40 rief
1906 1072 70 46 sie,
2020 1084 90 35 „wo
2143 1071 52 38 ist
2227 1070 66 39 das

1122 1143 163 38 Meer?“
1336 1139 111 39 Aber
1476 1137 63 39 die
1569 1134 211 41 Muscheln
1808 1134 42 39 in
1877 1134 107 39 ihrer
2011 1133 120 40 Nähe
2160 1146 134 25 waren

1120 1215 65 27 tot
1211 1202 83 40 und
1329 1200 186 47 trocken,
1557 1211 84 27 von
1679 1197 71 38 der
1779 1197 135 38 Sonne
1943 1194 112 41 weifs
2085 1194 208 53 gebleicht,

1117 1266 83 39 und
1230 1273 270 30 antworteten
1529 1260 122 40 nicht.

1197 1327 106 39 Gott
1331 1326 56 38 sei
1415 1324 125 46 Dank,
1571 1322 71 39 der
1672 1320 103 40 Sand
1804 1319 138 40 wurde
1971 1319 193 40 feuchter.
2212 1320 78 37 Das

1120 1389 163 38 Wasser
1301 1388 86 38 kam
1408 1387 126 38 schon
1554 1385 133 38 näher.
1724 1382 75 39 Ein
1820 1381 231 40 sterbendes
2070 1381 221 40 Fischchen

1116 1451 60 51 lag
1218 1463 59 25 am
1312 1448 183 40 Strande:
1535 1447 154 47 „Führe
1734 1445 107 39 mich
1881 1458 91 25 zum
2005 1445 156 37 Meere!
2220 1443 72 39 Ich

1118 1513 69 38 bin
1216 1511 63 39 ein
1305 1512 141 51 junger
1467 1508 156 52 Hering
1714 1507 85 40 und
1828 1505 104 40 mufs
1962 1519 113 26 sonst
2095 1505 196 39 sterben.“

1197 1575 80 47 „Ist
1305 1573 66 38 das
1404 1573 131 38 meine
1566 1569 190 48 Schuld“,
1795 1580 106 41 sagte
1937 1568 62 40 die
2029 1568 155 39 Krabbe
2218 1581 49 25 un-

1116 1636 158 48 wirsch,
1305 1635 87 48 „ich
1419 1635 100 39 habe
1549 1633 128 39 selber
1703 1644 129 40 genug
1853 1644 50 26 zu
1923 1631 111 41 thun.
2079 1630 72 39 Ich
2170 1630 121 39 suche

1117 1698 338 52 Gerechtigkeit.“

1194 1761 46 38 In
1276 1760 149 52 einiger
1452 1757 255 52 Entfernung
1744 1756 116 40 stand
1898 1755 87 40 eine
2016 1756 122 38 Möve
2180 1753 111 39 dicht

1117 1823 60 39 bei
1209 1823 80 39 den
1313 1821 178 39 Wellen.

1197 1883 278 41 Aufmerksam
1512 1883 66 39 sah
1616 1882 54 39 sie
1699 1881 86 48 hin,
1829 1881 53 38 ob
1922 1880 65 39 das
2016 1881 115 37 Meer
2170 1889 121 28 etwas

1117 1948 131 39 Gutes
1265 1961 49 24 an
1331 1946 81 39 den
1423 1944 142 39 Strand
1581 1944 141 54 spülen
1736 1943 153 47 würde,
1972 1941 89 40 kein
2074 1940 219 40 Fischchen

1119 2009 100 39 oder
1248 2008 257 40 Würmchen
1535 2006 163 52 entging
1726 2005 115 40 ihren
1869 2002 184 42 scharfen
2081 2004 157 51 Augen.

1197 2070 99 49 „Die
1327 2070 100 40 wird
1456 2070 73 38 mir
1557 2068 171 48 helfen“,
1758 2067 142 40 dachte
1930 2067 62 38 die
2013 2065 168 48 Krabbe,
2209 2065 84 39 und

1115 2147 66 26 aus
1212 2133 70 39 der
1308 2134 127 37 Ferne
1463 2130 80 40 rief
1566 2131 54 39 sie
1649 2131 171 47 „Recht!
1849 2129 148 39 Recht!
2088 2128 65 38 ich
2173 2127 120 39 suche

1117 2196 66 39 das
1221 2197 116 37 Meer
1372 2194 86 40 und
1496 2193 63 39 die
1598 2191 317 53 Gerechtigkeit!
1975 2192 97 38 Man
2112 2190 66 40 hat
2220 2190 73 38 mir

1116 2258 162 38 meinen
1312 2256 107 40 Frafs
1458 2255 164 53 geraubt
1658 2254 86 39 und
1785 2255 104 39 mich
1933 2253 68 40 auf
2036 2253 80 38 den
2153 2251 142 40 Strand

1119 2318 219 53 geworfen.
1399 2320 79 37 Das
1517 2319 115 38 Meer
1667 2316 101 40 wird
1802 2316 75 40 mir
1914 2315 130 40 Recht
2083 2313 211 41 schaffen.“

2484 510 77 38 Die
2590 510 124 38 Möve
2743 508 138 40 kehrte
2916 507 113 40 ihren
3063 507 206 40 schnellen
3299 506 94 40 Hals
3429 518 69 27 um

2403 571 85 40 und
2525 571 163 39 schielte
2726 570 73 39 mit
2838 569 129 40 einem
3006 571 115 51 Auge
3164 570 103 38 nach
3309 569 70 38 der
3420 567 155 40 kleinen

2404 633 173 47 Krabbe,
2616 632 63 40 die
2718 632 60 40 ihr
2816 632 453 53 entgegenstrumpelte;
3311 630 115 52 ruhig
3462 630 114 39 ihren

2403 697 282 50 Bewegungen
2713 694 178 52 folgend.

2484 758 195 48 „Recht!“
2707 756 81 39 rief
2817 755 62 39 die
2909 756 127 39 kleine
3066 756 174 48 Krabbe,
3269 753 130 50 „mein
3427 751 149 40 Frafs!“

2483 818 264 53 Schräg-links
2766 817 74 40 lief
2863 818 53 39 sie
2937 817 69 39 auf
3020 818 61 39 die
3102 819 124 39 Möve
3246 831 63 25 zu.
3355 815 76 39 Die
3454 816 123 37 Möve

2404 882 173 51 schwieg
2605 881 85 39 und
2718 880 86 40 liefs
2834 880 54 39 sie
2919 894 97 39 ganz
3045 880 100 40 nahe
3165 882 200 38 kommen.
3411 876 97 39 Und
3529 876 46 39 da

2402 945 122 52 happ!
2608 943 144 40 bohrte
2774 943 83 39 sich
2877 943 70 38 der
2968 943 150 39 scharfe
3135 941 194 41 Schnabel
3350 940 127 39 durch
3497 938 79 39 den

2402 1006 168 39 Rücken
2589 1006 70 38 der
2679 1004 157 40 kleinen
2855 1005 155 38 Krabbe
3031 1005 137 39 durch.
3206 1000 371 53 „Gerechtigkeit!“

2402 1067 82 40 rief
2506 1070 53 37 sie
2589 1068 109 39 noch
2805 1066 84 39 und
2925 1067 54 38 im
3015 1067 193 39 nächsten
3237 1063 251 54 Augenblick
3514 1062 63 51 lag

2403 1130 54 39 sie
2486 1130 103 39 flach
2617 1128 70 41 auf
2710 1129 70 39 der
2808 1128 106 38 Erde
3022 1128 85 39 und
3136 1128 62 38 die
3219 1129 123 38 Möve
3371 1125 110 41 holte
3512 1124 64 38 die

2402 1192 256 52 Eingeweide
2695 1205 65 25 aus
2797 1191 93 39 dem
2924 1190 350 52 aufgeschlagenen
3302 1187 274 53 Körperchen.

2482 1256 79 37 Das
2603 1255 115 38 Meer
2764 1266 82 26 war
2893 1252 203 52 gestiegen
3142 1251 85 40 und
3271 1250 192 39 bedeckte
3513 1249 63 38 die

2401 1317 229 40 schwarzen
2678 1315 130 39 Steine
2863 1327 99 39 ganz
3014 1314 72 40 mit
3140 1314 82 39 sich
3271 1311 305 46 krümmenden,

2401 1378 298 40 schäumenden
2726 1376 178 40 Wellen.

2479 1441 77 39 Die
2585 1440 239 52 geduldigen
2852 1438 212 41 Muscheln
3094 1438 181 39 öffneten
3302 1437 85 38 ihre
3408 1434 164 40 Schalen

2399 1503 86 40 und
2526 1502 141 40 liefsen
2709 1501 81 39 den
2831 1501 197 39 labenden
3066 1500 80 40 Saft
3182 1498 315 41 hineinströmen

2401 1566 71 38 der
2501 1565 282 51 schmiegsame
2803 1564 118 51 Tang
2951 1564 125 38 erhob
3098 1562 84 40 sich
3209 1562 43 39 in
3271 1561 69 38 der
3360 1561 100 47 Flut,
3488 1558 85 39 und

2402 1627 239 40 schaukelnd
2670 1626 133 40 wellte
2824 1626 65 39 das
2909 1625 153 40 weiche
3083 1625 108 38 Laub
3217 1624 41 39 in
3278 1623 90 39 dem
3389 1621 187 47 frischen,

2401 1689 246 40 wühlenden
2675 1689 177 39 Wasser.

2481 1752 118 48 „Seht
2632 1750 79 40 ihr!
2746 1750 95 40 Seht
2869 1750 103 40 ihr!“
3083 1748 141 54 sprach
3253 1761 41 26 er
3330 1747 110 47 leise,
3478 1745 97 49 „wir

2400 1828 137 26 waren
2572 1813 189 40 schlecht.
2826 1813 55 39 Ist
2918 1813 65 38 das
3022 1823 92 40 gute
3149 1811 166 38 Wasser
3353 1809 113 39 nicht
3507 1821 45 39 ge-

2400 1878 201 44 kommen,
2630 1889 69 25 um
2726 1888 75 26 uns
2831 1888 50 26 zu
2908 1874 137 39 laben?
3097 1874 54 48 Ja,
3181 1872 63 39 die
3271 1871 130 39 kleine
3422 1869 154 40 Krabbe

2401 1940 108 39 hatte
2537 1938 148 47 Recht,
2725 1938 67 38 das
2821 1938 166 38 Wasser
3023 1936 51 39 ist
3104 1935 163 52 gerecht
3293 1933 84 40 und
3407 1931 172 53 gedenkt

2403 2002 128 39 seiner
2559 1999 186 40 Kinder.“

2482 2063 114 39 Aber
2625 2060 70 40 auf
2719 2062 93 38 dem
2840 2061 222 39 trockenen
3090 2058 165 40 Strande
3292 2058 61 52 lag
3391 2056 62 39 die
3491 2069 63 25 aus-

2404 2126 180 54 gepickte
2614 2124 135 40 Schale
2779 2124 72 38 der
2879 2123 158 39 kleinen
3064 2121 171 47 Krabbe,
3264 2119 203 41 zwischen
3495 2118 81 39 den

2404 2188 250 53 gespreizten
2682 2185 159 40 Füfsen.
2897 2184 97 39 Und
3024 2184 71 39 der
3123 2182 132 40 Wind
3283 2182 211 39 trocknete
3521 2180 54 38 sie

2404 2264 66 26 aus
2504 2250 85 38 und
2625 2249 61 39 die
2718 2249 136 38 Sonne
2885 2246 169 40 bleichte
3086 2245 54 40 sie
3171 2244 126 48 weifs,
3333 2243 158 40 weifser
3525 2241 52 40 als

2404 2312 71 38 der
2505 2312 167 38 Schaum
2704 2310 71 39 der
2803 2308 334 41 heranrollenden
3168 2307 176 39 Wellen.

1786 3715 44 18 LEO
1845 3715 118 18 FREDERIC
