3050 4102
119 3954 48 22 204

334 117 37 3 —
397 100 88 29 sagte
513 106 42 25 er,
606 96 160 33 beständig
793 97 83 27 seine
906 95 105 31 eigene

127 148 127 30 Stimme
273 148 164 32 gleichsam
458 155 55 21 aus
533 147 217 29 meilenweiter
768 145 98 29 Ferne
886 143 126 33 hörend,

125 198 141 33 plötzlich
282 196 275 30 kälteschaudernd
572 204 49 20 —:

183 247 68 34 „Ich
266 247 80 28 kann
362 246 92 29 Ihnen
471 255 78 24 ganz
566 246 59 28 und
642 253 54 24 gar
712 244 81 29 nicht
810 244 87 28 recht
913 243 99 32 geben

125 298 30 27 ii
178 297 69 28 dem
271 304 66 21 was
360 296 52 29 Sie
437 296 38 28 da
499 295 106 32 sagen!

181 345 88 31 Nicht
284 347 40 26 im
339 346 249 32 allergeringsten
602 352 50 21 —:

182 395 86 29 Denn
287 404 33 21 es
341 397 37 28 ist
398 396 54 27 mir
473 394 78 29 noch
572 394 125 28 niemals
718 394 152 33 geglückt,
889 392 105 34 irgend-

125 446 66 28 eine
210 445 202 29 menschliche
431 444 164 33 Fähigkeit,
614 442 147 35 Neigung,
781 443 82 34 Lust,
882 442 111 30 Bedürf-

125 496 56 32 nis,
200 494 171 30 Sehnsucht
391 494 73 28 oder
485 493 151 32 Begierde
656 501 38 20 zu
714 493 102 29 finden
837 510 38 5 —
894 493 49 29 die
962 493 49 28 ich

124 545 82 28 nicht
231 545 47 28 bei
303 545 97 28 einem
424 543 87 31 jeden
537 551 61 20 von
625 551 55 22 uns
707 543 78 28 allen
810 544 29 27 in
865 543 145 28 höherem

125 594 74 28 oder
229 595 191 30 geringerem
451 593 102 28 Grade
583 593 116 28 wieder
729 592 153 33 gefunden
912 592 95 29 hätte!

123 642 93 32 Keine
240 642 109 34 Größe,
373 643 43 28 sie
440 651 70 23 mag
534 643 28 28 in
586 651 131 21 unseren
741 642 108 33 Augen
873 642 78 29 noch
975 650 34 21 so

124 693 133 28 erhaben
277 693 73 28 oder
372 692 327 30 ehrfurchteinflößend
720 694 65 28 sein
803 711 38 4 —
860 693 48 28 die
929 692 81 29 nicht

123 741 172 30 schließlich
324 743 76 27 doch
429 750 55 20 nur
514 750 54 21 aus
598 744 82 27 einer
734 750 79 25 ganz
843 741 167 35 einfachen,

125 800 90 20 wenn
245 792 76 28 auch
351 790 150 32 zuweilen
532 792 209 29 schwindelnd
773 792 125 28 starken
927 791 64 32 Stei-

123 849 116 25 gerung
269 842 204 28 vollkommen
506 842 193 32 allgemeiner
728 841 105 33 Kräfte
864 842 142 28 bestand!

230 890 194 35 Niedrigkeit,
440 891 245 34 Schlechtigkeit,
701 891 117 34 Roheit,
835 891 97 30 nichts
947 900 62 20 von

122 941 69 28 dem
210 944 209 29 sogenannten
438 942 174 29 Tierischen
630 960 37 3 —
686 942 55 29 das
760 943 98 28 etwas
879 942 130 29 anderes

118 999 149 23 gewesen
295 993 94 32 wäre,
417 992 43 29 als
489 1000 55 20 nur
574 993 65 28 eine
668 992 165 33 einseitige,
865 989 57 34 (für
953 1001 56 20 uns

121 1040 114 29 andere
264 1041 162 31 allerdings
454 1041 107 29 höchst
590 1041 230 33 unangenehme
849 1042 59 28 und
939 1042 53 29 des-

120 1089 111 34 wegen
247 1100 55 19 nur
319 1093 53 27 mit
389 1091 157 29 äußerster
558 1091 93 30 Mühe
662 1089 349 38 wiedererkennbare!),

122 1142 186 30 gesteigerte
329 1140 212 33 Entwicklung
585 1150 60 20 von
669 1141 237 33 Möglichkeiten
950 1143 61 28 und

122 1189 193 34 Tendenzen,
343 1191 47 28 die
419 1191 77 29 auch
524 1192 57 28 wir
611 1191 134 29 anderen
775 1192 57 29 alle
861 1192 147 29 besaßen!

122 1239 81 31 Kurz
219 1240 59 28 und
294 1240 65 29 klar
374 1249 49 20 —:
440 1240 40 30 Es
497 1241 64 32 gibt
576 1243 115 27 meiner
708 1241 207 35 Anschauung
932 1243 77 29 nach

120 1290 97 29 nichts
235 1290 222 29 Menschliches
474 1310 37 2 —
529 1291 54 29 das
602 1291 81 30 nicht
701 1293 308 31 gemeinmenschlich

118 1339 54 29 ißt!
214 1339 67 29 Und
303 1341 47 28 ich
372 1340 145 35 begreife,
540 1341 81 29 offen
645 1342 178 34 gestanden,
845 1351 80 24 ganz
948 1343 61 29 und

118 1397 57 25 gar
193 1390 89 34 nicht,
302 1399 67 21 was
388 1399 70 20 man
478 1394 85 26 sonst
583 1394 52 27 mit
656 1392 69 29 dem
743 1391 118 34 Begriff
879 1393 128 29 Mensch

118 1439 152 33 anfangen
296 1441 99 28 sollte!
424 1460 37 2 —

177 1490 67 28 Und
304 1491 227 34 ebensowenig,
590 1493 54 29 das
701 1501 67 22 was
826 1493 51 30 Sie
937 1502 55 21 vor-

120 1540 49 28 hin
437 1562 38 3 —
513 1542 68 29 fuhr
621 1552 31 20 er
694 1543 74 34 fort;
810 1544 51 28 auf
901 1544 109 30 einmal

121 1589 150 30 uiifaßlich
295 1590 46 29 für
368 1592 48 28 ihn
442 1592 104 35 selbst,
572 1595 84 27 seine
682 1593 127 31 Stimme
835 1596 48 28 ein
907 1596 103 32 wenig

121 1639 163 35 erhebend,
310 1641 63 29 laut
399 1642 60 28 und
484 1642 101 33 knapp
611 1643 125 34 redend,
763 1644 53 29 mit
841 1644 91 30 leicht
958 1653 36 24 ge-

120 1690 157 29 runzelten
301 1690 130 35 Brauen,
456 1692 77 30 ohne
556 1693 102 29 bisher
682 1694 78 29 noch
783 1695 167 29 verstehen
972 1704 39 20 zu

121 1740 129 34 können,
273 1749 120 21 warum
417 1751 31 20 er
471 1742 142 32 plötzlich
634 1744 111 34 anfing,
769 1745 64 28 sich
856 1745 75 30 über
954 1746 57 29 alle

119 1791 85 28 diese
252 1791 98 33 Dinge
398 1794 248 31 auszusprechen
696 1815 38 4 —
783 1796 97 33 „auch
929 1796 82 29 nicht

120 1841 54 28 mit
192 1864 6 5 .
216 1864 6 6 .
240 1866 5 5 .
263 1841 71 31 Karl
352 1842 145 36 Mumme,
515 1844 80 28 kann
614 1844 47 29 ich
680 1844 93 30 Ihnen
792 1846 86 30 recht
896 1846 111 33 geben!

176 1898 51 30 Sie
246 1899 119 29 können
386 1901 147 29 natürlich
552 1911 104 25 sagen,
677 1902 57 29 daß
755 1903 50 30 Sie
826 1904 64 29 sich
911 1904 98 29 nichts

119 1949 112 29 daraus
254 1951 136 33 machen,
413 1953 98 27 meine
532 1952 126 30 Ansicht
679 1962 38 20 zu
739 1953 109 34 hören;
873 1954 58 29 daß
952 1955 56 29 das

118 1999 48 28 die
190 1998 245 35 Ueberzeugung
461 2003 83 28 eines
568 2002 103 34 Laien,
698 2005 81 28 eines
805 2004 143 30 Dichters
971 2024 38 3 —

118 2048 75 30 ©der
211 2052 60 27 wie
290 2049 50 30 Sie
358 2051 96 29 selbst
471 2060 58 20 vor
550 2053 98 28 einem
666 2052 46 30 Nu
731 2056 118 32 sagten,
869 2055 48 29 die
939 2055 51 29 erd-

118 2098 85 30 ferne
225 2098 205 35 Anschauung
454 2102 82 29 eines
559 2102 161 30 Idealisten
744 2104 51 29 ist!

175 2149 81 30 Aber
284 2152 113 32 genug!

176 2199 55 29 Die
251 2199 196 34 Hauptsache
466 2204 38 27 ist
524 2204 29 27 in
574 2204 116 29 diesem
711 2204 197 35 Augenblick,
930 2215 79 24 ganz

118 2248 202 36 gleichgültig,
348 2252 139 29 welchen
514 2253 88 30 Wert
654 2253 51 30 Sie
732 2257 119 28 meinen
879 2256 129 29 Worten

118 2301 86 27 sonst
223 2299 172 31 beimessen
415 2302 110 29 wollen
546 2312 49 20 —:
619 2304 58 29 daß
698 2306 47 28 ich
767 2306 92 29 Ihnen
881 2307 51 28 auf
951 2307 55 30 das

118 2347 227 33 Bestimmteste
374 2352 29 27 in
431 2352 83 29 Ihrer
543 2353 158 31 Annahme
757 2356 250 33 widersprechen

117 2399 79 34 Muß,
218 2399 57 29 daß
297 2400 71 31 Karl
388 2401 136 32 Mumme
545 2405 99 28 meine
665 2405 80 29 Frau
768 2408 116 30 getötet
908 2408 99 28 haben

117 2449 95 29 sollte.

172 2499 108 29 Haben
300 2500 50 30 Sie
372 2510 32 20 es
425 2504 73 30 jetzt
518 2504 65 28 klar
605 2505 59 28 und
685 2506 132 29 deutlich
835 2508 132 32 gehört?

173 2549 48 29 Ich
248 2551 186 30 wiederhole
461 2562 33 20 es
520 2554 52 29 der
600 2554 171 32 Sicherheit
795 2557 104 30 halber
928 2559 78 29 noch

118 2600 108 27 einmal
246 2601 53 28 mit
317 2603 266 33 unzweideutigen
602 2605 143 29 Worten:

172 2648 83 35 Nein,
271 2652 192 29 tausendmal
478 2655 78 33 nein,
574 2664 33 20 es
623 2657 39 28 ist
677 2657 90 34 nicht,
785 2666 31 21 es
832 2667 67 20 war
915 2660 91 32 nicht,

117 2707 33 21 es
168 2700 37 28 ist
223 2701 48 27 nie
288 2700 70 31 Karl
376 2701 135 31 Mumme
529 2713 156 27 gewesen,
703 2707 53 29 der
776 2707 96 31 Annie
890 2718 97 21 ermor-

240 2768 37 4 —
297 2760 32 20 er
351 2752 145 35 schwieg,
518 2756 136 34 atemlos,
677 2758 53 28 mit
753 2758 254 31 Gewaltsamkeit

116 2798 49 29 die
186 2799 106 33 Augen
312 2801 53 30 des
388 2803 114 29 andern
522 2808 190 33 anstarrend,
734 2810 52 28 mit
808 2809 72 29 aller
902 2810 105 30 Macht

117 2848 48 29 die
190 2848 134 32 Knöchel
350 2852 54 28 der
430 2853 99 30 linken
555 2855 88 30 Hand
670 2857 50 28 auf
746 2859 47 28 die
818 2859 188 33 Tischplatte

117 2899 263 33 »iederpressend.

174 2952 89 34 „Karl
280 2953 136 31 Mumme
438 2979 6 6 .
465 2979 6 6 .
493 2980 6 5 .
520 2958 82 28 nicht
621 2960 197 31 gemordet?!

173 3005 48 29 Du
249 3006 207 34 allmächtiger
487 3008 80 35 Gott,
623 3009 137 36 Mensch,
814 3020 68 21 was
911 3021 96 24 sagen

117 3054 52 30 Sie
288 3075 37 4 —
344 3057 56 29 rief
418 3066 61 21 von
501 3059 89 34 Geer,
610 3060 101 28 indem
732 3070 32 20 er
785 3063 87 27 einen
892 3061 115 30 Schritt

117 3106 186 35 zurücktrat,
325 3110 145 27 verwirrt
494 3127 37 3 —
555 3110 53 28 mit
634 3113 248 29 ausgestreckter
908 3112 98 29 Hand.

172 3163 124 30 Morton
320 3165 99 30 lachte
444 3167 74 28 kurz
544 3168 59 28 und
628 3168 109 34 bissig;
764 3178 37 20 zu
827 3170 93 33 heftig
946 3172 61 28 und

117 3217 189 27 unerwartet
336 3216 163 33 umfangen
528 3226 62 20 von
621 3220 249 34 unerklärlichen,
903 3224 87 29 angst-

117 3264 195 31 gebärenden
341 3266 155 35 Gefühlen,
526 3268 46 29 die
600 3271 106 27 immer
734 3271 179 31 gewaltiger
941 3271 65 29 ihre

117 3313 127 29 Stimme
259 3315 52 29 tief
325 3316 126 29 drinnen
464 3319 29 27 in
506 3318 61 28 ihm
583 3320 134 28 erhoben
729 3339 38 3 —
781 3330 51 19 um
845 3323 28 26 in
889 3322 116 28 diesem

115 3363 190 33 Augenblick
328 3366 50 28 auf
398 3367 47 28 die
464 3367 91 29 Form
577 3378 37 19 zu
637 3370 109 28 achten
766 3380 49 19 —:

350 3443 38 3 —
404 3426 183 29 unterbrach
605 3436 32 20 er
654 3428 58 29 den
730 3429 135 29 anderen
880 3449 38 3 —
934 3438 54 26 „ge-

117 3473 60 28 wiß
200 3474 90 30 nicht.
335 3474 51 29 Sie
411 3476 224 30 mißverstehen
659 3479 79 28 mich
761 3480 95 28 schon
879 3481 126 28 wieder.

117 3521 109 34 Völlig!

173 3573 99 29 Wenn
292 3575 48 28 ich
362 3584 83 25 sage,
470 3576 56 28 daß
550 3578 81 28 nicht
654 3578 70 31 Karl
746 3579 136 30 Mumme
906 3582 99 27 meine

118 3622 79 28 Frau
221 3626 116 29 getötet
463 3645 37 3 —
521 3626 68 30 fuhr
616 3636 31 20 er
672 3628 68 35 fort,
766 3630 51 28 auf
842 3631 109 28 einmal
977 3632 28 27 in

119 3673 97 28 einem
268 3676 144 33 einzigen,
463 3676 227 31 blitzschnellen
741 3679 45 29 Nu
839 3681 166 32 gleichsam

118 3723 129 33 ahnend,
275 3732 66 22 was
370 3735 31 19 er
431 3729 40 26 im
498 3729 154 27 innersten
682 3729 108 29 Innern
818 3732 53 28 mit
901 3732 105 28 seinen

118 3772 129 30 Worten
262 3783 37 19 zu
316 3783 95 24 sagen
427 3777 221 33 beabsichtigte
662 3787 49 20 —:
729 3779 98 33 „dann
843 3781 98 28 meine
957 3782 48 27 ich

120 3824 93 29 damit
231 3824 202 37 keineswegs,
454 3828 57 28 daß
531 3837 33 20 es
584 3829 81 28 nicht
682 3831 120 28 seine
822 3830 88 29 Hand
929 3840 76 24 war,

117 3872 50 30 'die
193 3875 54 28 das
272 3874 119 30 Messer
417 3879 28 25 in
471 3878 82 31 jener
578 3878 96 30 Nacht
700 3878 112 30 führte!
865 3880 67 29 Und
958 3882 47 28 ich

1087 94 99 30 denke
1209 94 219 33 ebensowenig
1449 94 105 33 daran,
1576 93 160 30 inwiefern
1759 94 50 30 Sie
1833 94 74 30 oder
1931 94 49 30 die

1080 141 123 32 Polizei
1224 143 265 33 möglicherweise
1514 145 66 28 eine
1605 143 172 32 juristische
1802 143 160 33 Ungerech-

1087 193 106 33 tigkeit
1216 193 162 32 begangen
1404 193 100 29 haben
1527 193 131 34 können,
1685 193 102 28 indem
1813 193 52 29 Sie
1892 193 88 30 Ihren

1086 243 155 30 Verdacht
1268 242 51 30 auf
1343 243 107 29 diesen
1475 242 94 29 Mann
1594 242 124 33 gelenkt
1746 242 112 30 haben!

1141 292 89 30 Nein!

1141 343 214 32 Keineswegs!

1142 393 82 28 Aber
1247 393 47 28 ich
1317 393 99 29 meine
1437 401 50 20 —:
1512 392 68 31 Wie
1604 394 30 27 in
1657 393 73 28 aller
1754 392 83 29 Welt
1859 392 122 29 können

1087 442 52 30 Sie
1167 442 178 33 verlangen,
1376 442 58 29 daß
1463 443 49 29 ich
1540 442 198 33 irgendeinen
1769 442 83 29 Groll
1882 450 100 25 gegen

1088 493 101 29 dieses
1209 501 85 21 arme
1312 492 116 30 Wrack
1449 492 173 33 empfinden
1641 492 69 29 soll!
1750 492 66 29 Daß
1836 492 48 29 ich
1902 491 80 30 auch

1086 551 55 20 nur
1163 543 58 28 den
1241 542 252 34 allergeringsten
1513 541 93 31 Trost
1625 542 87 29 darin
1732 541 103 30 finden
1856 542 65 34 soll,
1942 550 38 21 zu

1086 594 123 32 wissen,
1239 592 57 28 daß
1326 592 64 29 sich
1447 592 49 29 die
1525 591 346 30 Ursächlichkeitskette
1902 591 78 30 auch

1087 643 83 32 rings
1186 651 51 19 um
1253 642 51 29 ihn
1319 642 200 33 geschlossen
1535 642 53 29 hat
1603 660 39 6 —
1656 642 57 29 daß
1731 642 77 29 auch
1825 651 32 21 er
1874 642 107 29 weder

1087 692 86 29 mehr
1195 693 78 28 noch
1295 693 137 33 weniger
1454 694 39 28 ist
1516 693 44 29 als
1582 693 48 28 ein
1651 700 80 25 ganz
1754 692 228 33 gewöhnlicher

1085 741 139 34 Mensch,
1249 743 54 28 der
1329 750 99 25 genau
1453 751 34 21 so
1513 745 60 26 wie
1599 742 52 29 Sie
1677 742 61 29 und
1764 743 56 33 ich,
1845 744 60 27 wie
1933 743 48 28 ein

1086 792 85 32 jeder
1196 801 63 20 von
1285 801 56 21 uns
1369 793 86 34 allen,
1483 792 192 30 unerbittlich
1703 792 61 29 und
1792 792 115 30 Schritt
1935 792 47 29 für

1086 842 114 30 Schritt
1221 842 164 33 gehorsam
1407 843 47 30 die
1476 842 99 33 Wege
1597 843 143 29 wandeln
1762 842 79 35 muß,
1863 843 47 29 die
1933 843 48 28 die

1087 892 55 30 Art
1171 902 127 20 unseres
1329 893 132 29 Wesens
1492 902 56 20 uns
1578 893 195 29 vorschreibt
1802 909 39 7 —
1867 893 99 32 gleich-

1087 943 104 34 gültig,
1214 943 38 28 ob
1274 945 44 27 sie
1342 951 55 21 uns
1419 952 70 19 zum
1512 943 153 30 Schaffott
1688 943 74 29 oder
1787 952 70 20 zum
1880 942 103 29 Thron

1084 992 122 30 führen!

1142 1042 76 30 Was
1235 1043 47 29 ich
1440 1061 39 4 —
1493 1043 201 29 wiederholte
1714 1052 41 25 er,
1774 1043 94 29 erhob
1885 1042 81 34 plötz-

1086 1093 59 29 lich
1169 1093 47 29 die
1239 1093 104 29 rechte
1367 1093 94 29 Faust
1484 1093 184 32 hartgeballt
1693 1095 28 27 in
1746 1093 48 29 die
1818 1093 80 34 Luft,
1921 1101 61 20 nun

1084 1143 208 28 vollkommen
1313 1143 65 29 klar
1404 1143 141 34 darüber,
1569 1143 58 29 daß
1651 1144 65 33 das,
1740 1152 66 21 was
1831 1153 32 20 er
1888 1145 79 28 errei-

1086 1192 78 30 chen
1181 1193 112 34 wollte,
1311 1193 102 29 indem
1432 1201 33 22 er
1484 1193 57 30 alle
1561 1194 93 33 diese,
1672 1194 62 28 ihm
1751 1194 96 29 selbst
1866 1194 97 29 unend-

1085 1243 58 29 lich
1163 1243 258 29 wohlbekannten
1441 1243 189 33 Argumente
1650 1244 79 29 noch
1751 1244 78 29 dazu
1851 1246 40 27 im
1912 1243 53 30 Bei-

1087 1293 66 30 sein
1176 1293 103 30 dieses
1303 1293 139 30 fremden
1466 1293 131 30 Mannes
1622 1294 202 30 wiederholte
1849 1303 49 20 —■:
1928 1294 55 29 das

1086 1350 67 21 war
1171 1344 29 31 ja
1220 1343 76 30 eben
1315 1345 66 28 eine
1401 1343 121 30 heisere
1541 1344 61 29 und
1622 1345 212 32 wahnsinnige
1855 1344 127 29 Stimme

1085 1401 63 21 von
1169 1394 38 28 da
1230 1402 54 21 aus
1307 1394 70 29 dem
1399 1394 199 29 allertiefsten
1620 1394 109 29 Innern
1750 1403 71 20 zum
1843 1394 120 30 Schwei-

1085 1451 60 26 gen
1162 1452 38 21 zu
1219 1443 141 34 bringen!
1383 1444 84 30 diese
1486 1444 113 30 wilden
1620 1445 61 29 und
1699 1445 136 33 blutigen
1855 1444 127 31 Schreie

1085 1502 39 21 zu
1150 1494 200 35 übertäuben,
1400 1495 47 29 die
1482 1497 54 27 mit
1562 1495 147 33 größerer
1747 1496 60 28 und
1834 1495 148 34 größerer

1084 1544 218 31 Leidenschaft
1324 1554 39 21 zu
1383 1547 117 28 seinem
1522 1545 199 30 Bewußtsein
1746 1547 236 33 emporstiegen,

1087 1594 46 30 ihr
1174 1595 197 30 haßerfülltes
1416 1595 224 34 Rachebrüllen
1686 1599 212 27 verstummen
1945 1605 39 20 zu

1086 1646 130 29 machen
1235 1655 49 20 —:

1143 1696 94 35 „Was
1258 1696 48 30 ich
1328 1697 109 34 meine,
1461 1697 56 29 das
1540 1698 38 28 ist
1601 1697 172 33 Folgendes
1795 1715 30 5 —

1143 1754 130 35 Jawohl,
1298 1763 121 22 nennen
1444 1756 57 29 wir
1527 1756 106 29 diesen
1660 1754 94 30 Mann
1780 1757 88 28 einen
1894 1755 72 29 Lust-

1087 1805 136 29 mörder!
1266 1804 98 34 Jagen
1385 1806 61 28 und
1467 1805 113 33 fangen
1602 1807 56 27 wir
1681 1806 50 29 ihn
1754 1808 53 26 mit
1828 1805 79 29 Hilfe
1928 1806 55 28 der

1087 1854 123 36 Polizei,
1228 1855 104 29 reißen
1351 1857 56 28 wir
1427 1856 60 28 ihm
1507 1857 53 28 mit
1580 1858 98 27 einem
1698 1856 96 29 Stock
1812 1858 65 27 sein
1897 1856 86 32 Auge

1086 1913 64 27 aus,
1173 1914 128 24 sperren
1321 1905 57 30 wir
1400 1906 50 29 ihn
1472 1906 66 33 Tag
1558 1907 61 28 und
1641 1905 97 30 Nacht
1759 1907 31 29 in
1811 1907 88 28 einen
1921 1909 47 26 ein-

1086 1964 107 21 samen
1218 1956 108 35 Raum,
1351 1956 81 29 üben
1457 1958 57 27 wir
1541 1957 56 30 das
1623 1966 99 23 gegen
1749 1958 49 28 ihn
1824 1965 64 26 aus,
1915 1965 67 20 was

1086 2005 51 31 Sie
1157 2006 111 30 vorhin
1292 2008 66 28 eine
1380 2007 184 29 moralische
1587 2007 102 29 Folter
1714 2010 142 31 nannten,
1879 2007 104 29 lassen

1085 2056 51 30 Sie
1161 2065 56 21 uns
1242 2057 55 29 das
1320 2057 194 29 Todesurteil
1538 2058 75 28 über
1637 2058 49 28 ihn
1713 2057 209 33 aussprechen
1947 2076 36 3 —

1085 2107 61 28 und
1166 2107 172 30 vollziehen
1359 2109 56 28 wir
1438 2117 32 20 es
1493 2108 173 29 schließlich
1689 2109 87 33 auch,
1797 2108 80 29 nach
1899 2110 82 27 einer

1085 2158 134 32 passend
1242 2158 111 32 langen
1378 2158 226 34 Marterpause,
1653 2158 47 29 für
1727 2159 54 29 das
1810 2158 172 34 Gräßliche,

1084 2215 68 23 was
1174 2216 32 20 er
1228 2210 92 31 getan
1341 2208 52 29 hat
1412 2218 49 19 —:
1485 2208 121 34 jawohl,
1629 2209 74 29 aber
1725 2217 65 21 wer
1813 2212 88 26 unter
1924 2217 56 21 uns

1084 2260 85 31 wagt
1197 2267 32 20 es
1254 2259 82 28 dann
1363 2267 37 21 zu
1426 2259 140 34 leugnen,
1594 2259 57 29 daß
1677 2261 85 31 jenes
1791 2259 109 29 Gefühl
1927 2260 54 28 der

1083 2307 185 35 Empörung,
1287 2309 55 29 das
1360 2318 56 20 uns
1435 2309 188 35 veranlaßte,
1641 2310 65 29 dies
1726 2310 73 29 alles
1818 2318 38 21 zu
1875 2313 52 26 tun
1946 2333 6 6 .
1975 2333 5 6 .

1082 2359 40 28 im
1147 2358 124 31 tiefsten
1294 2359 110 29 Innern
1429 2368 100 24 genau
1555 2360 134 29 dieselbe
1715 2361 178 28 brennende
1919 2359 60 30 und

1083 2417 165 24 grausame
1277 2409 75 30 Lust
1381 2411 47 32 ist,
1459 2410 48 29 die
1538 2419 16 20 e
1566 2419 13 20 r
1611 2410 143 33 empfand
1781 2429 39 4 —
1849 2412 28 27 in
1909 2411 69 29 dem

1086 2459 199 34 Augenblick,
1305 2460 45 29 als
1370 2469 32 19 er
1422 2460 152 30 mordete!

1143 2518 64 29 Ach
1347 2539 38 7 —
1402 2519 67 29 fuhr
1488 2528 32 20 er
1539 2519 70 35 fort,
1628 2528 62 21 von
1711 2528 110 21 neuem
1841 2521 52 28 mit
1912 2528 54 21 ver-

1085 2568 142 30 änderter
1254 2568 138 35 Stimme,
1418 2570 176 34 fieberheiß,
1621 2579 35 21 so
1685 2570 123 34 schnell,
1861 2570 58 28 daß
1948 2579 31 21 er

1083 2618 75 29 über
1178 2621 83 27 seine
1282 2619 108 29 Worte
1411 2620 186 30 strauchelte
1615 2630 50 20 —:

1143 2677 84 34 „Ach
1250 2678 81 33 Gott,
1353 2681 112 29 putzen
1486 2680 57 27 wir
1566 2687 55 21 uns
1644 2679 99 29 selber
1767 2687 54 20 nur
1845 2678 83 29 nicfa
1948 2687 35 21 so

1086 2727 139 29 kindisch
1251 2728 111 30 heraus
1388 2749 37 3 —
1451 2729 58 29 daß
1536 2730 57 28 wir
1619 2729 174 29 schließlich
1819 2731 65 27 rein
1910 2737 54 21 ver-

1086 2786 121 24 gessen,
1226 2787 87 20 was
1333 2787 32 21 es
1383 2780 47 33 ist,
1450 2779 58 29 daß
1527 2780 65 29 sich
1610 2780 209 28 unverändert
1837 2782 87 26 unter
1945 2780 37 29 all

1087 2828 68 29 dem
1184 2828 87 30 Staat
1298 2829 151 33 verbirgt!
1480 2830 118 30 Lassen
1625 2831 59 29 wir
1709 2838 55 21 uns
1793 2830 82 29 nicht
1903 2838 80 25 ganz

1087 2879 59 28 und
1169 2887 54 24 gar
1244 2888 63 20 von
1329 2880 58 28 den
1407 2880 119 29 Leuten
1547 2881 115 28 hinters
1684 2880 87 29 Licht
1794 2880 117 34 führen,
1933 2881 49 28 die

1097 2929 62 30 sich
1193 2929 95 29 damit
1318 2930 136 34 brüsten,
1485 2932 57 28 wir
1574 2931 104 29 hätten
1708 2939 55 21 uns
1794 2931 186 32 heutzutage

1084 2979 96 29 schon
1195 2979 102 33 längst
1314 2982 53 26 mit
1384 2981 143 29 Abscheu
1542 2989 62 21 von
1623 2982 68 27 dem
1709 2982 45 30 jus
1772 2981 128 34 talionis,
1917 2990 63 20 von

1086 3029 69 29 dem
1183 3030 167 29 Gedanken
1379 3040 36 19 an
1443 3032 55 29 das
1526 3031 97 33 Recht
1649 3031 54 29 der
1731 3031 231 33 Wiedervergel-

1084 3081 75 31 tung
1183 3080 217 33 abgewendet!

1140 3132 148 29 Behalten
1317 3134 57 27 wir
1403 3132 205 29 unverwandt
1637 3140 57 20 vor
1726 3132 108 32 Augen
1861 3141 51 19 —:
1944 3141 34 20 so

1086 3183 89 32 lange
1200 3191 32 20 es
1258 3184 47 28 ein
1329 3182 193 30 Todesurteil
1548 3183 72 33 gibt,
1646 3191 34 20 so
1706 3182 89 32 lange
1821 3183 78 29 noch
1925 3183 55 29 das

1086 3232 89 29 Wort
1199 3232 102 29 Strafe
1324 3233 75 29 über
1424 3241 111 21 unsere
1557 3233 117 31 Lippen
1697 3233 152 33 kommen,
1874 3234 29 28 in
1927 3241 37 21 un-

1086 3291 101 20 serem
1208 3283 121 28 Herzen
1351 3284 133 29 wohnen
1506 3283 68 28 darf
1592 3302 40 4 —
1651 3291 35 20 so
1708 3283 89 33 lange
1819 3283 112 30 brennt
1951 3285 30 27 in

1084 3341 56 21 uns
1166 3333 76 29 allen
1266 3334 254 33 unauslöschlich,
1570 3333 191 34 rotglühend,
1788 3342 100 23 genau
1915 3334 48 28 die-

1086 3383 84 29 selbe
1196 3383 92 29 wilde
1317 3384 60 28 und
1429 3385 116 31 gierige
1595 3382 266 34 Zerstörungslust
1888 3385 92 27 —in

1083 3433 112 29 vollem
1215 3433 92 29 Maße
1329 3434 54 28 der
1404 3434 89 28 Tiere
1515 3433 129 34 würdig,
1667 3442 101 24 gegen
1790 3434 47 29 die
1860 3435 44 28 sie
1924 3442 36 24 ge-

1086 3483 109 29 richtet
1214 3484 49 29 ist!
1302 3483 147 30 Erinnern
1468 3485 56 27 wir
1545 3492 56 20 uns
1621 3483 162 33 beständig
1802 3485 53 28 mit
1876 3484 84 29 Dank-

1085 3533 119 29 barkeit
1222 3535 84 30 jenes
1324 3534 87 29 edlen
1429 3534 148 30 Senators
1595 3534 39 28 da
1653 3536 93 27 unten
1763 3535 29 28 in
1808 3534 98 34 Paris,
1925 3534 55 29 der

1085 3591 56 20 vor
1170 3584 46 28 ein
1246 3592 73 24 paar
1348 3584 113 29 Jahren
1491 3586 28 27 in
1548 3585 82 27 einer
1658 3584 181 30 Diskussion
1867 3586 29 27 in
1925 3585 54 28 der

1083 3633 143 29 Kammer
1259 3634 74 28 über
1367 3635 47 28 die
1448 3633 210 33 Abschaffung
1690 3635 52 28 der
1776 3634 202 29 Todesstrafe

1085 3683 44 29 als
1155 3684 254 30 entscheidendes
1435 3684 170 32 Argument
1629 3685 126 29 ausrief:
1783 3685 119 29 Lassen
1928 3684 51 29 Sie

1084 3734 48 28 die
1155 3733 118 29 Herren
1297 3734 126 29 Mörder
1447 3735 58 28 den
1531 3734 120 33 Anfang
1675 3735 129 28 machen
1829 3758 6 5 .
1858 3758 5 5 .
1886 3758 6 5 .
1917 3734 61 29 und

1086 3783 102 34 damit,
1211 3784 76 28 ohne
1311 3784 57 28 daß
1390 3793 31 21 er
1444 3784 96 30 selbst
1561 3793 32 20 es
1616 3784 99 35 ahnte,
1738 3785 61 28 und
1819 3785 79 29 ohne
1919 3784 59 30 daß

1084 3833 47 28 die
1152 3833 161 31 jubelnden
1334 3835 60 28 und
1416 3834 107 29 Beifall
1544 3834 220 29 klatschenden
1787 3834 134 30 Zuhörer
1944 3843 33 21 es

1083 3883 159 35 begriffen,
1261 3892 35 20 so
1316 3884 131 29 deutlich
1466 3885 60 28 wie
1545 3894 33 20 es
1599 3892 54 21 nur
1674 3885 130 32 möglich
1824 3893 76 26 war,
1921 3885 55 29 das

2058 96 114 29 Gesetz
2197 96 61 28 und
2286 96 49 29 die
2363 96 192 32 Verbrecher
2583 99 52 29 auf
2663 100 143 29 dasselbe
2833 100 121 30 Niveau

2056 145 113 29 stellte:
2196 147 80 27 zwei
2300 146 208 35 ebenbürtige,
2531 148 238 33 kriegführende

2055 214 40 7 —
2117 195 39 30 Er
2183 195 122 30 machte
2332 197 67 28 eine
2423 197 159 33 langsame
2608 199 182 33 Bewegung
2817 201 53 27 mit
2897 200 56 30 der

2056 244 99 35 Hand,
2182 246 100 29 lachte
2310 246 77 29 kurz
2414 246 59 34 auf,
2502 247 76 30 sank
2607 249 157 33 erschöpft
2790 250 29 27 in
2848 251 106 28 seinen

2057 293 86 31 Stuhl
2164 296 125 34 zurück,
2310 296 113 29 konnte
2446 296 65 30 sich
2532 297 140 32 plötzlich
2693 299 84 30 nicht
2797 300 86 28 mehr
2905 308 33 21 er-

2057 346 115 33 innern,
2191 355 120 20 warum
2330 355 33 20 er
2382 346 64 30 dies
2467 347 73 29 alles
2558 348 53 28 mit
2630 349 98 29 einem
2748 358 35 21 so
2801 349 134 29 brennen-

2058 394 59 29 den
2139 394 80 31 Eifer
2241 399 110 30 gesagt
2371 395 85 32 hatte
2477 416 38 4 —
2535 405 67 20 war
2624 399 73 30 jetzt
2720 407 55 21 nur
2797 407 63 21 von
2883 400 71 28 dem

2058 442 169 32 Gedanken
2253 446 108 35 erfüllt,
2387 446 50 29 bei
2463 446 70 29 dem
2559 447 116 29 andern
2702 449 106 30 diesen
2833 457 122 25 ganzen

2057 493 161 31 Ausbruch
2248 497 204 34 auswischen,
2483 496 198 35 wegglätten,
2738 499 216 33 wegerklären

2057 552 38 19 zu
2119 546 133 28 müssen.

2114 602 62 20 von
2198 594 79 30 Geer
2298 597 55 28 sah
2373 598 145 29 indessen
2537 597 62 29 voll
2620 597 90 30 Ernst
2731 607 57 20 vor
2809 600 64 28 sich
2894 601 62 33 hin,

2058 652 54 20 zur
2140 644 230 34 Erleichterung
2398 647 47 28 für
2473 647 125 29 Morton
2627 647 139 30 offenbar
2794 649 56 30 das
2879 649 77 30 alles

2058 701 56 21 nur
2140 695 232 29 ausschließlich
2399 698 165 32 prinzipiell
2593 698 204 31 betrachtend
2822 708 50 20 —:

2115 752 75 33 „Mit
2212 753 135 29 anderen
2543 776 38 4 —
2602 759 88 31 sagte
2714 757 54 29 der
2790 757 166 30 Professor

2060 802 127 34 endlich,
2209 803 102 29 indem
2336 813 32 20 er
2392 804 108 30 aufsah
2522 807 61 28 und
2607 806 60 29 den
2689 806 81 33 Kopf
2792 806 164 31 schüttelte

2057 871 39 4 —
2121 851 70 35 „Sie
2220 853 131 33 leugnen
2380 855 207 31 vollkommen
2616 858 56 29 das
2700 856 257 31 Vorhandensein

2058 910 129 22 unseres
2206 902 96 30 freien
2322 903 136 35 Willens,
2477 904 51 31 Sie
2546 907 65 28 sind
2632 907 137 29 schlecht
2789 908 61 28 und
2869 907 90 30 recht

2058 952 212 30 Determinist!

2114 1002 68 31 Nun
2197 1004 37 33 ja,
2252 1004 48 28 ich
2317 1004 74 29 sehe
2407 1004 213 31 selbstredend
2638 1009 55 33 ein,
2712 1008 58 29 daß
2788 1008 48 29 die
2853 1008 104 34 Sätze,

2059 1053 48 28 die
2139 1053 49 29 ich
2229 1054 109 29 vorhin
2381 1056 169 32 aussprach
2591 1076 38 4 —
2667 1058 76 29 über
2787 1060 80 28 mein
2911 1060 32 28 in-

2058 1103 172 35 stinktives,
2258 1104 266 32 möglicherweise
2554 1107 155 31 geradezu
2738 1109 220 29 atavistisches

2058 1151 181 34 Empfinden
2259 1154 112 35 davon,
2392 1156 57 28 daß
2470 1156 49 29 die
2540 1155 203 37 Verbrecher,
2764 1159 75 30 über
2862 1159 96 29 deren

2058 1203 117 30 Wesen
2197 1205 57 28 wir
2277 1213 57 21 uns
2360 1208 156 33 ergingen,
2541 1208 66 28 eine
2630 1215 79 24 ganz
2733 1209 143 32 spezielle
2900 1209 58 29 Art

2059 1253 56 30 des
2133 1253 386 35 Menschengeschlechtes
2540 1258 65 28 sein
2623 1259 125 28 müssen
2766 1279 38 4 —
2823 1259 58 29 daß
2902 1260 56 34 sie,

2058 1303 47 30 bis
2124 1313 38 20 zu
2183 1305 99 28 einem
2301 1307 155 31 gewissen
2478 1307 113 34 Grade,
2612 1307 45 29 als
2677 1307 124 31 Beweis
2820 1309 47 29 für
2889 1310 69 29 eine

2058 1354 105 31 solche
2186 1354 211 35 Betrachtung
2419 1356 109 30 dienen
2550 1358 134 28 können!
2729 1357 69 30 Und
2820 1359 138 30 insofern

2058 1404 79 32 hebe
2164 1405 48 29 ich
2238 1406 79 28 noch
2345 1407 110 29 einmal
2491 1408 124 34 hervor,
2651 1408 58 29 daß
2747 1417 33 21 es
2816 1418 56 20 nur
2909 1411 49 28 ein

2060 1455 141 29 Gefühls-
2230 1456 61 28 und
2321 1456 195 34 keineswegs
2548 1460 48 27 ein
2627 1458 330 32 Verstandesmoment

2058 1513 77 26 war,
2154 1505 57 30 das
2229 1506 80 29 mich
2326 1507 188 35 veranlaßte,
2533 1516 35 21 so
2588 1517 38 21 zu
2646 1509 109 29 reden!

2114 1563 97 35 Denn,
2239 1564 39 29 du
2303 1565 95 29 lieber
2424 1565 140 35 Himmel,
2589 1566 139 35 Mensch,
2756 1568 122 29 können
2905 1568 54 29 Sie

2058 1613 80 30 denn
2162 1614 82 30 nicht
2269 1615 103 35 sehen,
2397 1617 103 28 wohin
2526 1625 33 21 es
2585 1617 109 30 führen
2719 1618 118 35 würde,
2864 1626 94 22 wenn

2059 1665 67 30 eine
2145 1664 332 36 Lebensanschauung,
2495 1669 61 28 wie
2573 1667 52 31 Sie
2643 1669 43 28 sie
2706 1669 78 29 eben
2803 1669 64 29 hier
2886 1677 55 21 aus-

2058 1716 194 31 gesprochen
2279 1716 109 34 haben,
2424 1717 53 29 der
2503 1717 115 33 großen
2655 1717 113 34 Menge
2795 1719 169 33 gepredigt

2058 1765 122 29 würde!

2115 1815 127 30 Welche
2264 1817 147 29 endlosen
2432 1817 151 31 Strecken
2601 1820 108 30 würde
2731 1820 55 30 das
2806 1820 84 30 nicht
2909 1829 34 21 er-

2060 1865 131 33 zeugen!
2224 1865 31 29 In
2285 1865 79 35 Blut,
2394 1867 96 30 lieber
2522 1868 129 35 Freund,
2683 1871 28 27 in
2744 1869 213 30 Schandtaten

2058 1916 61 28 und
2141 1915 70 30 Blut
2232 1917 45 29 bis
2300 1925 38 20 zu
2361 1925 132 22 unseren
2514 1918 156 31 Knöcheln
2692 1919 112 35 hinauf,
2827 1920 132 29 würden

2058 1966 57 28 wir
2135 1966 67 33 Tag
2223 1966 46 30 für
2290 1966 66 34 Tag
2375 1970 104 28 waten
2500 1970 137 28 müssen!

2115 2017 88 29 Denn
2220 2018 56 30 das
2293 2019 39 28 ist
2350 2018 28 32 ja
2397 2018 47 29 die
2462 2020 116 32 einzige
2594 2020 115 33 Fessel,
2728 2020 47 30 die
2793 2021 57 29 wir
2868 2020 90 30 ihnen

2059 2067 78 29 allen
2161 2068 178 32 gegenüber
2364 2069 139 29 besitzen
2526 2090 38 3 —
2587 2070 61 28 und
2676 2071 78 28 auch
2780 2079 57 21 uns
2862 2071 99 29 selbst

2058 2118 177 31 gegenüber
2258 2127 50 20 —:
2333 2127 92 21 unser
2450 2119 256 35 unaufhörliches,
2731 2129 93 21 unser
2849 2123 109 28 immer

2057 2168 86 29 mehr
2170 2168 256 33 durchgeführtes
2451 2170 178 29 Festhalten
2656 2170 105 35 daran,
2796 2171 59 29 daß
2890 2172 71 34 wir,

2058 2218 79 29 ohne
2159 2219 186 34 Ausnahme,
2369 2222 87 27 unter
2478 2220 264 34 Verantwortung
2764 2222 102 28 leben!
2890 2221 54 30 Daß-

2058 2269 28 28 in
2114 2269 178 29 demselben
2321 2269 198 36 Augenblick,
2546 2279 51 21 wo
2624 2272 57 28 wir
2710 2281 56 20 uns
2795 2272 153 30 entschlie-

2058 2318 66 35 ßen,
2152 2320 64 29 dies
2242 2320 75 29 oder
2343 2321 85 31 jenes
2453 2330 38 19 zu
2517 2323 54 27 tun
2594 2342 38 4 —-
2655 2330 33 21 es
2714 2330 92 21 unser
2833 2323 126 32 eigener

2058 2368 92 31 freier
2173 2370 89 29 Wille
2284 2372 47 33 ist,
2357 2371 53 28 der
2436 2372 48 29 die
2509 2372 91 29 Wahl
2623 2372 153 33 getroffen
2801 2372 52 30 hat
2878 2369 81 36 (wer

2058 2416 186 36 sonst???)!
2276 2420 99 30 Unser
2404 2421 92 30 freier
2528 2422 99 34 Wille,
2658 2422 54 30 der
2741 2443 37 3 —
2807 2421 152 31 natürlich

2058 2473 88 26 unter
2164 2471 164 33 gehöriger
2347 2471 281 34 Rücksichtnahme
2648 2473 52 28 auf
2719 2473 55 29 das
2794 2473 114 34 Milieu,
2927 2473 33 29 in

2059 2519 69 30 dem
2150 2523 57 26 wir
2229 2522 118 29 wirken
2368 2542 39 4 —
2426 2531 57 22 uns
2506 2532 53 20 zur
2582 2523 182 33 Belohnung
2785 2523 177 33 berechtigt

2058 2571 75 29 oder
2153 2580 55 20 uns
2228 2572 53 29 der
2302 2572 102 29 Strafe
2424 2573 214 30 anheimfallen
2657 2573 71 35 läßt,
2749 2575 27 31 je
2796 2573 168 35 nachdem,,

2058 2622 38 28 ob
2116 2622 67 33 das;
2201 2631 68 21 was
2288 2624 57 28 wir
2364 2625 94 32 taten,
2478 2624 59 28 den
2557 2624 115 29 andern
2690 2623 119 30 Nutzen
2828 2624 133 29 brachte

2058 2672 75 29 oder
2154 2673 90 29 ihnen
2267 2681 56 21 nur
2342 2673 74 29 Leid

2114 2721 123 31 Morton
2258 2723 110 30 zuckte
2390 2724 157 33 erschöpft
2566 2726 53 27 mit
2639 2725 58 29 den
2716 2724 141 34 Achseln,
2877 2724 84 30 ohne

2058 2780 38 21 zu
2119 2775 188 32 antworten;
2331 2782 32 22 er
2385 2782 68 21 war
2477 2775 74 32 jetzt
2572 2775 60 29 viel
2656 2783 37 20 zu
2717 2774 92 31 müde
2832 2782 105 25 gewor-

2058 2823 68 34 den,
2147 2823 83 30 hatte
2252 2824 164 30 außerdem
2439 2825 101 32 längst
2561 2825 37 29 all
2619 2825 105 29 diesen
2745 2824 119 30 Unsinn
2884 2833 57 21 ver-

2056 2881 122 26 gessen,
2192 2874 77 29 über
2284 2874 128 35 Dingen,
2430 2875 47 29 die
2493 2874 131 33 größere
2641 2874 184 35 Bedeutung
2841 2876 123 29 hatten^

2114 2930 87 35 „Und
2216 2932 48 28 die
2417 2953 38 3 —
2467 2932 85 33 fügte
2566 2941 63 20 von
2644 2932 82 29 Geer
2740 2933 99 34 hinzu,
2853 2933 106 28 indem

2058 2990 31 20 er
2115 2982 84 30 seine
2224 2982 110 29 beiden
2359 2982 92 30 Arme
2477 2982 188 30 ausbreitete
2688 3003 38 4 —
2752 2983 66 34 „die
2843 2982 114 32 Kunst!

2057 3031 65 35 Die,
2141 3033 47 28 die
2207 3032 51 29 Sie
2274 3053 37 2 —
2327 3033 55 29 das
2398 3033 81 28 weiß
2495 3033 28 31 ja
2538 3033 49 29 ich
2603 3035 60 27 wie
2681 3041 35 21 so
2733 3034 80 29 viele
2831 3033 125 35 andere,

2058 3090 55 21 aus
2131 3082 89 29 Ihren
2239 3082 140 30 Büchern
2397 3103 38 3 —
2453 3083 48 29 die
2520 3083 107 34 Kunst,
2648 3084 47 29 die
2715 3083 51 30 Sie
2784 3083 74 29 über
2881 3083 77 30 alles

2055 3133 109 34 lieben,
2193 3134 95 28 höher
2316 3133 43 28 als
2388 3133 72 29 alles
2489 3134 114 28 andere
2629 3154 37 3 —
2693 3134 87 29 tiefer
2808 3133 43 29 als
2880 3134 78 29 alles
2958 3133 4 34 5

2056 3183 127 29 andere!

2112 3232 103 34 Sagen
2237 3233 51 29 Sie
2310 3234 56 28 mir
2388 3242 49 20 —:

2112 3283 77 30 Was
2218 3285 28 26 in
2275 3283 72 29 aller
2376 3283 82 31 Welt
2486 3285 112 28 wollen
2627 3284 50 29 Sie
2707 3284 78 28 dann
2815 3284 54 29 mit
2899 3284 55 29 der

2055 3334 106 33 Kunst,
2185 3342 91 21 wenn
2301 3334 74 30 alles
2399 3335 96 28 schon
2519 3336 40 27 im
2580 3343 116 20 voraus
2719 3334 156 28 bestimmt
2900 3334 40 28 da-

2055 3384 85 31 liegt!
2171 3384 100 29 Wenn
2300 3384 82 29 nicht
2411 3386 48 28 ein
2489 3386 133 31 einziger
2650 3392 62 20 von
2750 3392 56 21 uns
2844 3383 111 33 irgend

2056 3436 98 26 etwas
2180 3435 132 29 anderes
2337 3436 53 27 tun
2413 3436 90 33 kann,
2530 3435 43 29 als
2598 3443 91 19 wozu
2714 3442 92 20 unser
2833 3433 122 30 Fleisch

2055 3484 60 28 und
2135 3483 71 31 Blut
2223 3485 61 28 und
2303 3494 112 21 unsere
2434 3485 123 30 Nerven
2577 3493 55 20 uns
2653 3485 244 31 prädestinieren
2916 3504 40 3 —

2054 3542 92 21 wenn
2168 3536 57 27 wir
2247 3535 82 29 nicht
2354 3535 108 29 einmal
2487 3536 46 28 ein
2558 3535 133 32 einziges
2715 3534 116 30 kleines
2854 3534 79 31 Körn-

2055 3584 77 29 chen
2152 3593 61 20 von
2237 3585 240 33 selbständigem
2498 3584 122 29 Wollen

2110 3635 124 29 Morton
2258 3636 100 28 lachte
2383 3643 79 25 ganz
2487 3635 110 31 wenig.

2111 3685 39 29 Er
2176 3686 95 30 fühlte
2298 3686 65 29 sich
2391 3694 69 19 zum
2488 3684 168 29 Umsinken
2693 3687 75 26 matt
2805 3686 30 27 in
2874 3683 80 30 allen

2055 3736 152 28 Gliedern.

2110 3785 134 30 Bereute
2262 3786 99 32 bitter,
2379 3784 57 28 daß
2455 3793 32 20 er
2503 3805 37 3 —
2557 3785 79 29 noch
2655 3785 78 29 dazu
2752 3785 28 27 in
2800 3784 151 29 direktem

2053 3835 222 33 Widerspruch
2298 3843 37 20 zu
2358 3835 101 28 seiner
2484 3835 204 29 Gewohnheit
2714 3831 49 37 (ja,
2787 3842 68 21 was
2878 3835 74 32 ging
2952 3831 3 37 ;

2054 3885 172 31 überhaupt
2249 3885 53 28 mit
2325 3884 60 29 ihm
2408 3892 67 26 vor,
2496 3881 152 35 heute??)
2672 3904 37 4 —
2733 3884 84 29 diese
2841 3883 111 30 Worte
