2634 3845
1297 3576 122 64 138

2185 3589 104 43 JUIN
2329 3577 115 46 1922

230 3596 56 32 LA
321 3586 125 43 CITÉ.

886 186 909 47 URBANISME

195 400 59 35 LE
287 399 133 35 PLAN
452 398 446 36 D'AMENAGEMENT
929 397 65 35 DE
1026 397 278 36 BELGRADE.

229 462 60 34 Un
333 475 193 21 concours
568 460 279 36 international
887 475 102 28 pour
1030 460 274 35 l'élaboration

139 524 90 35 d'un
270 524 91 44 plan
399 523 158 44 général
594 523 345 42 d'aménagement
976 522 47 35 de
1060 522 36 35 la
1133 521 89 36 ville
1243 521 63 36 de

139 587 187 43 Belgrade
352 601 22 20 a
399 589 60 32 été
485 594 138 26 ouvert
649 600 48 20 en
731 584 70 35 192
816 585 8 34 1
860 594 36 26 et
920 587 106 33 vient
1051 584 124 36 d'être
1198 587 105 40 jugé.

195 674 53 34 La
293 684 20 23 «
356 672 281 34 Construction
679 670 191 35 Moderne
913 682 34 28 »,
994 672 65 42 qui
1103 669 203 44 reproduit

138 736 97 33 dans
276 750 69 19 son
388 738 166 30 numéro
595 733 51 35 du
695 733 43 35 18
778 735 85 41 juin
905 733 156 35 dernier
1101 733 34 36 le
1174 735 131 41 projet

136 799 138 42 primé,
305 811 98 21 nous
432 795 177 44 apprend
641 809 75 30 que
747 798 288 41 quatre-vingts
1065 794 241 44 spécialistes

139 860 49 35 du
222 859 142 35 monde
397 860 125 33 entier
559 874 6 19 :
597 860 246 37 américains,
878 858 163 44 anglais,
1075 856 228 40 allemands,

138 921 251 40 autrichiens,
439 921 145 43 beiges,
637 921 183 42 français,
872 920 165 39 italiens,
1090 921 214 38 roumains,

137 985 202 42 tchèques,
365 983 131 35 serbes
522 992 37 26 et
583 985 141 33 suisses
747 998 40 22 se
811 992 88 26 sont
924 983 69 35 fait
1017 984 163 34 inscrire
1203 996 103 29 pour

136 1055 103 26 cette
278 1044 234 37 formidable
553 1047 271 42 compétition.
863 1046 51 35 Le
961 1046 43 35 10
1045 1045 97 36 avril
1189 1044 114 40 1922,

136 1117 129 27 trente
312 1110 152 42 projets
514 1107 191 44 complets
755 1107 94 36 dont
900 1123 50 19 un
1001 1107 81 35 seul
1135 1107 171 42 français

137 1173 146 33 étaient
318 1171 164 43 déposés
515 1174 23 31 à
571 1171 38 35 la
642 1172 137 34 mairie
814 1170 46 36 de
894 1169 201 44 Belgrade.
1129 1169 110 35 Dans
1271 1168 34 36 le

134 1236 103 41 jury,
275 1232 280 37 international
592 1232 234 44 également,
863 1232 37 36 la
935 1231 149 36 France
1119 1233 94 34 était
1248 1244 39 22 re-

135 1299 208 41 présentée
373 1310 74 28 par
477 1295 51 36 M.
562 1294 178 36 Chifflot.

192 1383 72 34 Les
297 1383 229 42 opérations
559 1381 50 36 du
638 1383 207 41 jugement
879 1390 67 25 ont
978 1381 95 35 duré
1107 1395 51 20 un
1191 1382 111 33 mois.

136 1444 52 38 Le
220 1447 104 41 jury,
361 1444 165 35 d'abord
560 1443 119 36 divisé
714 1458 47 21 en
796 1444 182 38 sections,
1015 1445 87 41 puis
1138 1444 111 33 réuni
1284 1444 22 32 à

137 1521 195 26 nouveau,
371 1523 22 21 a
432 1505 122 36 classé
594 1507 174 42 premier
803 1506 34 35 le
877 1507 131 42 projet
1047 1504 172 43 français
1258 1503 47 35 de

134 1568 94 36 MM.
261 1568 149 36 Marcel
441 1568 200 35 Auburtin
674 1577 36 26 et
740 1567 140 36 Albert
911 1567 172 43 Parenty
1089 1601 6 16 ?
1128 1566 155 35 urbanis-

134 1639 59 29 tes
219 1634 23 33 à
270 1631 121 41 Paris,
421 1646 49 21 en
500 1629 285 36 collaboration
816 1643 96 22 avec
938 1630 104 35 deux
1071 1628 235 36 architectes

134 1694 195 44 diplômés
377 1692 175 38 installés
603 1696 22 32 à
672 1690 202 45 Belgrade,
922 1691 95 36 MM.
1067 1690 151 36 Naville
1269 1698 36 26 et

137 1757 224 42 Chauquet.

194 1843 65 34 Au
291 1850 177 26 moment
498 1841 46 35 de
574 1839 261 36 l'attribution
865 1839 69 35 des
964 1841 98 40 prix,
1095 1838 34 34 le
1159 1837 147 35 conseil

138 1904 214 43 municipal
378 1921 22 20 a
427 1903 135 35 décidé
588 1903 47 35 de
662 1917 48 21 ne
736 1916 70 29 pas
833 1900 191 36 décerner
1049 1900 37 35 la
1110 1901 195 43 première

138 1970 127 41 prime
283 1975 39 26 et
343 1966 46 35 de
411 1966 153 35 donner
584 1966 96 34 trois
701 1963 189 36 secondes
911 1962 257 45 primes.MM.
1191 1961 113 40 Berk,

136 2029 111 35 Hirtz
275 2038 37 26 et
341 2027 122 41 Oker,
494 2027 46 36 de
568 2026 154 36 Vienne
752 2034 36 27 et
816 2025 52 38 M.
898 2024 178 36 Forbach
1105 2024 47 36 de
1181 2023 99 35 Buda-

137 2100 87 35 pest
256 2091 230 35 obtiennent
517 2104 64 21 ces
613 2088 189 37 secondes
833 2090 157 42 primes.

192 2178 53 35 Le
272 2185 163 35 rapport
457 2175 53 36 du
534 2177 93 42 jury
653 2174 95 36 rend
773 2173 212 43 hommage
1010 2187 78 21 aux
1114 2172 191 36 solutions

135 2248 22 26 â
195 2239 37 35 la
270 2239 73 35 fois
381 2238 230 44 grandioses
650 2246 38 26 et
726 2238 203 41 pratiques
967 2238 227 41 présentées
1233 2248 72 29 par

134 2302 95 36 MM.
261 2301 202 36 Auburtin
494 2309 38 27 et
561 2300 182 42 Parenty.

191 2389 53 35 La
272 2387 89 36 ville
392 2386 167 36 actuelle
587 2399 151 30 groupe
776 2384 171 35 140.000
978 2383 201 36 habitants
1208 2381 95 35 dans

141 2451 115 35 1.000
286 2450 195 40 hectares.
510 2449 56 35 La
594 2448 130 35 future
753 2446 168 44 capitale
949 2445 47 35 de
1023 2445 94 35 MM.
1146 2443 131 36 Aubur-

134 2516 56 33 tin
221 2522 36 25 et
286 2513 172 41 Parenty
487 2520 57 27 est
572 2514 148 40 prévue
750 2523 45 21 en
828 2509 195 43 première
1053 2506 122 44 phase
1204 2520 101 28 pour

136 2575 179 35 300.000
340 2574 200 36 habitants
564 2573 167 43 répartis
756 2586 66 20 sur
848 2570 120 35 5.200
992 2570 181 35 hectares
1199 2582 78 20 com-

135 2639 80 42 pris
240 2637 55 34 les
321 2640 174 31 réserves
522 2644 37 26 et
585 2647 161 31 espaces
770 2633 129 35 libres.
926 2631 80 36 Elle
1034 2640 55 26 est
1117 2629 166 44 régulari-

135 2704 64 31 sée
238 2714 102 28 pour
376 2699 181 33 contenir
595 2695 178 36 850.000
811 2695 200 35 habitants
1048 2709 67 19 sur
1159 2692 143 36 15.000

134 2761 193 39 hectares,
366 2775 95 20 avec
500 2758 264 43 cités-jardins
800 2756 151 40 isolées,
991 2760 174 31 réserves
1202 2756 81 40 agri-

133 2823 118 41 coles,
283 2831 129 28 etc....

190 2898 52 35 Le
270 2899 130 42 projet
427 2897 46 35 de
498 2895 94 36 MM.
620 2894 113 38 Berk,
761 2892 111 36 Hirtz
898 2900 37 27 et
961 2890 111 35 Oker
1099 2892 92 33 était
1218 2888 85 44 plus

136 2959 271 37 monumental
433 2960 98 33 mais
555 2958 127 33 moins
708 2952 333 38 réalisable.Celui
1066 2953 46 34 de
1135 2951 52 36 M.
1214 2950 67 36 For-

134 3022 103 36 bach
270 3022 91 36 s'est
394 3021 144 34 étendu
571 3034 48 21 en
651 3017 137 37 détails
820 3031 66 21 sur
916 3016 56 35 les
1004 3017 202 42 questions
1237 3013 67 35 des

135 3094 109 35 ports
272 3094 36 26 et
334 3084 47 35 de
409 3083 176 35 chemins
611 3082 47 35 de
686 3081 69 37 fer.

191 3164 116 37 Deux
336 3165 221 35 troisièmes
586 3164 148 42 primes
761 3168 69 28 ont
862 3163 59 32 été
953 3159 174 35 données
1162 3172 7 20 :
1200 3157 9 34 1
1229 3171 74 20 une

134 3230 22 33 à
181 3227 52 35 M.
260 3226 101 40 Brix,
391 3226 46 35 de
465 3223 376 43 Charlottenbourg,
870 3222 140 35 l'autre
1038 3224 21 31 à
1085 3221 37 35 la
1150 3219 152 35 célèbre

135 3289 114 36 firme
277 3288 118 44 Hugo
422 3288 139 43 Stines,
591 3287 47 35 de
667 3285 245 43 Hambourg.

190 3350 182 37 Dix-huit
399 3351 146 42 primes
571 3358 68 26 ont
666 3351 60 32 été
753 3348 224 34 décernées.

1439 396 70 36 UN
1538 395 179 37 GRAND
1745 395 286 37 BATISSEUR.
2144 395 38 35 A
2212 394 150 36 l'heure
2392 397 51 31 où
2473 394 79 37 l'on

1384 460 109 41 parle
1531 460 46 34 de
1615 459 289 35 l'achèvement
1938 458 53 37 du
2029 457 216 36 boulevard
2283 457 267 39 Haussmann,

1381 521 27 36 i)l
1432 530 56 25 est
1512 524 198 40 peut-être
1733 524 236 33 intéressant
1992 521 47 35 de
2063 521 82 35 dire
2168 536 52 19 un
2246 529 81 26 mot
2350 519 51 35 du
2425 519 127 35 baron

1383 583 266 44 Haussmann,
1674 586 78 41 qui,
1775 584 128 43 préfet
1924 584 47 35 de
1992 584 37 35 la
2050 583 113 37 Seine
2184 583 47 35 de
2260 581 98 37 1853
2384 586 22 31 à
2435 581 115 41 1870,

1383 646 162 35 modifia
1578 655 36 26 et
1644 646 173 35 embellit
1848 646 382 36 considérablement
2260 646 120 36 Paris.

1439 708 357 44 Georges-Eugène
1828 708 254 36 Haussmann
2116 718 57 26 est
2205 712 50 31 né
2289 723 48 21 en
2379 707 114 40 1809,
2529 710 23 32 à

1381 770 121 41 Paris,
1533 771 96 35 dans
1657 784 77 22 une
1764 772 151 34 maison
1944 771 254 43 aujourd'hui
2225 771 161 35 abattue
2414 771 67 42 qui
2511 783 40 21 se

1382 835 173 34 trouvait
1584 837 20 30 à
1634 832 143 44 l'angle
1806 832 51 36 du
1888 833 197 44 faubourg
2111 833 292 36 Saint-Honoré
2434 841 37 27 et
2499 832 52 35 du

1382 895 217 36 boulevard
1637 895 145 43 auquel
1821 910 50 20 on
1911 910 24 21 a
1971 896 131 35 donné
2141 910 69 21 son
2250 910 106 21 nom.
2395 895 76 35 Par
2509 909 42 21 sa

1383 957 159 41 famille,
1572 972 71 22 son
1670 957 211 36 éducation
1909 966 37 28 et
1972 971 60 22 ses
2059 958 209 36 habitudes
2295 957 174 44 d'esprit,
2499 971 52 21 on

1382 1029 94 34 peut
1502 1020 35 35 le
1564 1020 228 35 considérer
1818 1034 156 21 comme
2000 1036 52 19 un
2078 1020 200 36 Alsacien.
2305 1020 72 36 Les
2404 1020 122 35 Hauss-

1383 1097 120 21 mann
1528 1084 157 35 vinrent
1710 1083 46 35 de
1782 1083 226 36 l'Electorat
2034 1083 46 36 de
2107 1083 178 43 Cologne
2311 1097 40 21 se
2379 1082 99 35 fixer
2502 1096 45 21 er

1383 1145 143 35 Alsace
1562 1160 91 20 sous
1687 1145 34 35 le
1758 1148 119 40 règne
1911 1145 48 35 de
1991 1145 118 35 Louis
2142 1144 106 43 XIV.
2286 1144 48 37 Ils
2367 1153 165 36 apparte

1384 1210 132 33 naient
1549 1223 48 20 au
1632 1208 103 35 culte
1766 1207 209 39 luthérien,
2010 1216 37 26 et
2079 1207 45 35 ils
2157 1210 145 33 étaient
2333 1210 136 32 attirés
2502 1221 49 22 en

1381 1269 146 36 Alsace
1554 1284 73 30 par
1654 1270 56 36 les
1736 1269 158 36 libertés
1924 1269 226 44 religieuses
2176 1269 95 35 dont
2300 1284 51 20 on
2379 1284 25 28 y
2431 1270 100 42 jouis-

1382 1336 84 32 sait.
1494 1333 51 35 Le
1573 1332 238 45 grand-ipère
1839 1332 294 35 d'Haussmann
2161 1334 138 41 naquit
2326 1335 22 31 à
2375 1331 174 36 Colmar.

1380 1395 104 35 Tout
1512 1399 156 39 auprès,
1696 1398 21 31 à
1744 1394 236 43 Logelbach,
2010 1394 36 37 la
2074 1393 147 36 famille
2248 1394 198 43 possédait
2473 1407 78 22 une

1384 1457 278 36 manufacture
1699 1457 47 35 de
1784 1457 112 36 toiles
1934 1458 164 42 peintes.
2138 1456 27 35 Il
2201 1458 83 34 vint
2321 1458 152 33 ensuite
2511 1470 40 20 se

1383 1520 101 35 fixer
1509 1523 21 31 à
1556 1519 189 40 Chaville,
1773 1534 77 20 aux
1877 1520 184 34 environs
2087 1519 46 35 de
2159 1519 120 35 Paris.
2307 1518 26 36 Il
2359 1520 77 41 prit
2463 1526 83 35 par*

1383 1597 51 20 au
1465 1590 254 27 mouvement
1753 1581 334 36 révolutionnaire
2118 1581 47 36 de
2205 1580 114 40 1789,
2352 1589 37 28 et
2420 1580 34 35 le
2486 1580 43 35 dé-

1383 1652 225 36 partement
1646 1643 49 37 de
2065 1643 181 43 l'envoya
2287 1644 127 42 siéger
2454 1646 22 31 à
2514 1642 38 35 la

1383 1706 265 38 Convention.

1441 1779 254 35 Haussmann
1727 1787 100 26 reste
1858 1778 35 35 le
1924 1778 88 44 plus
2042 1777 124 44 grand
2197 1785 277 27 constructeur
2504 1775 47 36 de

1385 1843 94 34 cités
1510 1842 120 43 qu'on
1663 1843 53 33 ait
1744 1842 142 42 jamais
1917 1855 142 24 connu,
2094 1843 128 32 même
2253 1849 118 25 avant
2401 1839 130 35 Pierre-

1383 1903 189 35 le-Grand
1612 1906 65 41 qui
1718 1902 44 36 fit
1801 1902 276 43 Pétersibourg,
2119 1910 37 30 et
2195 1901 117 36 Louis
2351 1900 95 42 XIV
2485 1903 65 41 qui

1383 1965 160 36 décréta
1568 1965 224 35 Versailles.
1821 1965 107 43 Qu'il
1956 1964 136 36 suffise
2119 1965 47 34 de
2194 1965 83 34 dire
2304 1978 76 28 que
2408 1963 144 35 durant

1383 2028 55 35 les
1472 2028 170 43 dix-sept
1675 2031 146 31 années
1854 2027 47 36 de
1935 2041 71 21 son
2040 2029 119 40 règne
2196 2026 147 35 77.000
2379 2027 172 33 maisons

1384 2091 131 35 furent
1543 2091 236 34 construites
1805 2093 22 32 à
1853 2089 127 36 Paris!
2010 2089 62 34 On
2101 2088 53 36 lui
2182 2088 81 37 doit
2292 2090 102 33 aussi
2421 2096 130 27 toutes

1383 2152 54 35 les
1462 2151 169 45 grandes
1656 2154 149 33 artères
1830 2153 243 42 parisiennes
2102 2166 8 19 :
2133 2150 38 36 la
2196 2166 68 21 rue
2288 2151 47 34 de

1382 2214 36 36 la
1446 2229 70 21 rue
1537 2214 58 36 La
1621 2213 173 45 Fayette,
1822 2213 38 36 la
1887 2228 69 21 rue
1982 2213 68 36 des
2076 2213 207 43 Pyrénées,
2312 2213 35 35 le
2375 2213 177 43 quartier

1384 2278 46 35 de
1468 2277 175 43 l'Opéra,
1681 2276 54 35 les
1771 2275 236 36 boulevards
2044 2277 234 38 extérieurs;
2312 2274 216 44 l'aménage-

1384 2348 107 26 ment
1518 2339 46 35 de
1589 2339 38 35 la
1651 2339 112 43 place
1790 2339 46 35 de
1861 2338 164 40 l'Etoile,
2053 2338 47 35 de
2126 2337 37 36 la
2189 2337 112 44 pilace
2328 2337 51 35 du
2404 2337 145 40 Trône,

1383 2401 47 35 de
1464 2401 38 35 la
1538 2401 112 44 place
1686 2399 161 45 d'ltalie,
1885 2409 89 26 tous
2010 2399 55 36 les
2101 2414 176 29 squares,
2314 2399 54 35 les
2406 2398 145 44 grands

1380 2463 152 44 jardins
1557 2463 163 44 publics,
1748 2462 56 36 les
1829 2462 395 40 Buttes-Chaumont,
2253 2461 34 36 le
2316 2476 96 29 parc
2438 2460 84 36 Mon-

1383 2540 110 25 ceau,
1530 2525 50 36 20
1616 2525 155 43 églises;
1804 2525 333 43 l'aménagement
2170 2525 50 35 du
2253 2525 85 33 bois
2372 2523 47 35 de
2450 2523 75 35 Bou-

1382 2587 116 44 logne
1529 2596 36 26 et
1594 2588 49 34 du
1672 2587 85 35 bois
1786 2587 46 35 de
1861 2586 239 41 Vincennes,
2132 2588 97 34 ainsi
2260 2601 76 28 que
2366 2584 165 38 l'établis-

1383 2659 151 26 sement
1564 2650 51 35 du
1646 2650 157 35 chemin
1834 2649 46 36 de
1911 2648 60 36 fer
2001 2648 46 35 de
2079 2650 187 33 ceinture.

1438 2712 52 35 Le
1520 2713 184 42 premier,
1735 2711 24 36 il
1789 2726 69 21 osa
1888 2714 112 32 créer
2029 2711 66 35 des
2125 2725 172 21 avenues
2327 2711 46 35 de
2405 2709 64 40 20,
2502 2710 47 35 de

1384 2775 50 34 40
1466 2783 36 26 et
1531 2775 46 35 de
1608 2774 50 34 80
1690 2777 144 31 mètres
1863 2773 46 36 de
1937 2773 121 43 large,
2088 2776 22 31 à
2140 2787 76 25 une
2248 2777 154 38 époque
2432 2775 51 31 où
2512 2772 37 35 îa

1383 2851 68 20 rue
1477 2836 193 36 Vivienne
1697 2845 36 26 et
1759 2836 37 36 la
1824 2852 67 20 rue
1919 2836 47 36 de
1992 2835 204 36 Richelieu
2221 2837 199 41 passaient
2448 2848 101 30 pour

1381 2899 54 35 les
1460 2898 85 44 plus
1570 2898 128 44 larges
1722 2901 108 32 voies
1856 2897 121 45 qu'on
2002 2900 131 41 puisse
2156 2899 207 42 imaginer.

1437 2960 73 37 Les
1552 2960 182 37 résultats
1776 2960 47 36 de
1864 2974 71 22 son
1977 2959 328 40 administration,
2351 2974 76 28 que
2469 2958 80 35 l'on

1383 3022 206 39 considéra
1624 3022 105 37 alors
1763 3037 155 21 comme
1952 3025 80 32 très
2067 3024 200 37 coûteuse,
2305 3021 132 35 furent
2472 3034 77 30 que

1380 3085 36 35 la
1441 3100 195 28 moyenne
1660 3085 47 36 de
1728 3085 37 35 la
1787 3087 61 33 vie
1870 3084 188 36 humaine
2082 3083 96 36 dans
2203 3083 108 36 Paris
2335 3091 215 36 augmenta

1382 3148 46 34 de
1473 3149 56 33 six
1572 3152 164 36 années;
1780 3161 75 30 que
1899 3146 56 36 les
1999 3149 175 32 émeutes
2219 3155 87 26 sont
2352 3147 198 35 devenues

1382 3210 216 35 désormais
1636 3208 259 46 impossibles,
1936 3218 36 27 et
2012 3224 76 28 que
2127 3209 137 43 depuis
2302 3208 52 35 lui
2394 3222 51 21 on
2484 3207 64 36 n'a

1382 3271 86 44 pllus
1499 3287 93 21 revu
1622 3273 55 35 les
1707 3272 168 44 grandes
1905 3271 225 44 épidémies.

1981 3344 189 40 (Excelsior
2173 3372 7 12 ,
2205 3344 45 35 20
2278 3346 76 33 août
2385 3342 115 42 1922.)
