2266 3048
1902 2705 67 36 115

208 363 138 36 ALLES,
366 364 97 32 WAS
481 365 89 32 WIR
588 365 171 34 LIEBEN,
778 365 108 33 LEBE

201 428 65 22 von
296 417 79 32 dem
401 417 370 39 Krisenhilfszuschuß,

202 463 65 31 den
298 473 79 21 man
408 464 217 31 wöchentlich
657 465 137 36 erhebe,

201 512 31 35 je
263 508 163 31 nachdem
456 510 71 30 und
557 509 71 32 lauf
658 510 175 32 Beschluß.

199 580 126 31 Lieben
351 581 140 32 können
515 585 60 28 wir
601 582 92 32 dann
717 582 97 37 alles,

199 637 66 20 was
295 629 59 28 wir
383 626 125 32 wollen
535 627 73 32 und
636 628 96 32 auch:
762 632 71 28 wie.

199 671 91 31 Doch
315 671 134 32 erlaubt
474 672 61 32 das
560 683 103 21 unser
687 673 129 37 Dalies,

201 715 112 40 (wenn
336 720 60 28 wir
417 716 140 40 wollen)
581 718 110 31 leider
712 722 66 28 nie.

198 788 98 32 Denn
323 789 56 31 die
404 789 394 41 Krisenzuschußgelder

198 834 78 31 sind
298 834 88 31 nicht
408 835 193 31 sonderlich
623 838 156 37 pompös,

198 879 70 31 und
298 878 195 33 allmählich
522 881 85 31 wird
636 892 80 21 man
746 881 97 37 älter,

198 925 70 31 und
297 925 61 31 das
386 925 93 31 Kind
508 929 44 28 ist
579 925 186 33 skrofulös.

198 997 77 31 Und
298 997 57 31 die
379 997 129 37 Gattin,
532 997 57 33 die
612 1010 79 20 man
715 999 102 32 freite

198 1046 34 28 in
259 1042 61 32 der
344 1042 322 38 Heckenrosenzeif,

198 1086 66 40 legt
288 1087 70 31 sich
381 1087 154 40 langsam
558 1089 60 31 auf
642 1089 56 32 die
722 1090 94 32 Seife

198 1133 69 30 und
288 1144 80 20 man
387 1136 54 28 tut
462 1134 69 30 sich
552 1134 114 32 selber
689 1134 79 32 leid.

198 1205 76 31 Und
298 1217 56 19 am
378 1206 96 43 Epde
499 1206 86 33 wird
610 1207 56 32 die
692 1207 119 32 Minne

197 1250 197 32 schrecklich
425 1262 157 28 sparsam
612 1252 73 32 und
715 1253 153 36 bedacht,

196 1306 78 21 man
296 1295 84 33 liebt
400 1296 82 32 Brot
501 1300 62 28 mit
583 1297 195 40 Margarine

197 1341 69 31 und
292 1341 83 31 auch
401 1344 76 29 eine
502 1342 121 40 ruhige
648 1343 118 32 Nacht.

196 1413 91 32 Doch
308 1414 62 31 das
390 1414 85 32 alles
495 1415 93 31 kann
607 1426 64 20 uns
693 1416 87 31 eben

196 1469 118 21 unsrer
350 1459 114 32 hohen
500 1460 249 39 Bürgerpflicht

195 1504 87 32 nicht
314 1507 46 29 im
390 1505 173 32 kleinsten
593 1505 84 33 Maß
708 1506 172 32 entheben

194 1560 65 21 was
283 1553 60 28 wir
365 1549 140 38 liebten,
528 1550 62 32 das
612 1550 67 32 soll
703 1550 112 37 leben,

195 1594 42 32 ob
261 1598 60 28 wir
344 1595 84 31 noch
451 1619 7 7 .
480 1620 8 7 .
509 1620 9 7 .
541 1596 85 31 und:
651 1608 98 19 wenn
773 1598 81 30 auch
877 1598 87 31 nicht

194 1666 92 37 Also,
309 1667 83 32 kurz
414 1668 71 31 und
506 1667 108 32 klein:
637 1679 37 21 es
697 1669 77 31 lebe

194 1712 82 32 hoch
303 1713 72 31 und
401 1712 77 40 lang
503 1714 73 30 und
601 1714 205 32 wunderbar

193 1769 66 20 von
290 1758 79 31 dem
398 1758 100 37 Geld,
530 1759 60 31 das
620 1770 80 20 man
731 1759 136 37 erhebe,

194 1802 93 37 alles,
311 1814 69 21 was
401 1814 64 21 uns
488 1807 103 29 etwas
613 1815 77 21 war.

193 1874 104 38 Alles,
322 1887 69 21 was
414 1880 61 28 wir
500 1876 124 37 lieben,
650 1877 117 36 darbe,

193 1920 138 40 hungre,
354 1921 122 36 lechze,
498 1922 84 38 gehe
605 1924 65 29 ein.

193 1965 77 31 Und
294 1967 61 30 das
379 1966 94 31 Kind
495 1966 140 32 verliert
659 1967 57 32 die
740 1967 110 32 Farbe

193 2011 69 31 und
284 2011 62 32 das
365 2011 93 32 Herz
477 2012 86 31 wird
585 2012 102 32 dabei
707 2012 107 32 Stein.

194 2082 76 33 Und
293 2095 68 20 was
384 2084 110 32 leider
516 2084 118 37 leidet,
657 2084 91 32 leide

193 2129 175 31 weiterhin
390 2129 89 32 anT
481 2129 60 32 T—c,b
546 2140 66 26 —c,

193 2173 136 33 sterben
353 2174 139 32 können
518 2185 93 21 arme
635 2174 106 32 Leute

193 2219 80 31 auch
296 2219 59 31 auf
379 2222 112 29 einem
513 2219 173 40 Kanapee.

192 2363 232 34 DEUTSCHE
445 2365 187 40 JUGEND,
653 2366 147 32 UNSER
819 2366 194 38 HOFFEN

193 2421 51 28 dir
267 2422 86 29 etwa
373 2421 72 30 und
466 2421 223 31 hierzulande

192 2462 348 42 Lebensmöglichkeif
564 2476 44 21 zu
633 2465 108 39 geben

193 2507 114 40 (Denn
335 2510 61 31 das
423 2510 102 31 willst
553 2510 48 32 du
627 2510 100 32 doch!
762 2510 43 40 Ja
831 2510 113 40 eben.)

192 2554 77 32 sind
294 2558 61 29 wir
381 2554 110 33 leider
518 2555 242 32 außerstande.

192 2598 90 33 Doch
304 2600 62 31 das
387 2600 147 32 Sterben
554 2600 92 32 steht
668 2601 54 31 dir
742 2601 109 32 offen.

1124 367 49 32 ES
1193 368 172 32 KOMMT
1382 369 77 32 DIE
1476 369 150 33 STILLE
1644 370 153 32 NACHT
1816 371 168 33 HEREIN

1122 433 51 19 wo
1198 421 68 32 alle
1290 422 184 32 Menschen
1498 422 162 33 schlafen.

1122 467 41 30 In
1192 470 112 28 einem
1331 467 98 32 Staat
1456 468 83 32 muß
1568 468 167 40 Ordnung
1765 473 73 28 sein

1122 512 71 31 und
1216 512 98 32 Ruhe
1336 512 57 32 für
1417 513 56 31 die
1496 513 141 32 Braven.

1120 602 59 31 Sie
1202 603 109 31 ruhen
1333 604 82 30 nach
1439 604 61 31 des
1522 604 106 39 Tages
1652 605 89 32 Last.

1120 647 58 32 Sie
1203 648 112 31 haben
1339 652 58 35 gut
1421 655 173 33 gegessen.

1120 693 58 31 Sie
1212 695 158 30 träumen
1404 693 64 32 süß
1503 695 72 31 und
1608 694 120 32 hätten
1761 695 71 32 fast

1121 741 47 27 im
1189 737 123 33 Traum
1333 742 56 28 ein
1409 739 98 31 Weib
1529 740 173 31 besessen.

1120 828 69 31 Der
1216 828 110 32 Mond
1352 829 153 32 verweilt
1530 830 60 31 auf
1616 830 110 32 ihrem
1752 831 86 32 Bett.

1120 873 56 32 Sie
1202 874 78 30 sind
1303 874 61 31 des
1387 875 136 31 Staates
1546 875 151 32 Stützen.

1119 918 57 32 Sie
1196 930 113 20 waren
1326 930 61 20 aus
1404 920 73 31 und
1494 930 37 21 es
1550 931 68 21 war
1635 924 76 28 nett

1119 963 72 32 und
1216 964 139 32 manche
1380 968 139 29 müssen
1545 966 188 31 schwitzen.

1119 1058 79 32 Und
1223 1060 139 31 manche
1387 1063 139 28 müssen
1552 1061 189 32 manchmal
1767 1062 69 36 auf,

1120 1103 61 32 das
1203 1104 59 31 hat
1284 1105 107 31 nichts
1411 1116 44 21 zu
1474 1106 184 31 bedeuten.

1118 1148 64 32 Die
1207 1149 122 32 Sterne
1353 1150 110 39 gehen
1487 1151 97 32 ihren
1607 1151 88 32 Lauf

1118 1194 71 31 und
1215 1194 98 32 ferne
1340 1195 116 32 Uhren
1483 1195 126 34 läuten.

1117 1293 64 32 Die
1202 1293 131 33 Polizei
1351 1295 144 32 behütet
1512 1298 50 29 sie

1117 1339 71 30 und
1210 1339 104 31 wacht
1336 1343 63 28 mit
1420 1340 156 32 scharfen
1597 1340 139 32 Sinnen.

1116 1383 58 32 Sie
1192 1383 111 32 ruhen
1319 1384 108 32 sicher
1442 1385 74 31 und
1533 1385 51 32 als
1602 1389 63 28 wie

1118 1428 55 32 die
1201 1429 163 31 Kindlein
1391 1433 35 28 in
1451 1430 70 32 den
1546 1431 141 32 Linnen.

1115 1527 77 33 Daß
1216 1528 156 32 draußen
1392 1532 36 28 in
1450 1529 61 32 der
1531 1530 119 31 kalten
1671 1530 108 33 Nacht

1116 1573 157 31 verlorne
1299 1574 185 32 Menschen
1507 1576 145 36 wachen,

1116 1618 61 31 das
1202 1619 113 31 haben
1338 1622 49 29 sie
1411 1621 68 30 sich
1501 1623 57 29 nie
1583 1621 150 38 gedacht.

1115 1663 93 31 Audi
1235 1664 125 32 hassen
1386 1667 50 30 sie
1464 1665 55 32 die
1546 1665 139 33 Sachen.

1115 1763 76 31 Daß
1222 1766 95 29 einer
1347 1764 89 32 ohne
1465 1764 140 33 Heimat
1634 1768 46 29 ist

1114 1808 73 31 imd
1212 1808 88 32 ohne
1325 1808 92 33 Dach
1439 1809 72 32 und
1535 1810 154 37 Daunen,

1115 1853 61 32 das
1200 1856 44 29 ist
1267 1857 57 29 ein
1344 1854 242 32 altbekannter
1606 1855 87 32 Mist

1114 1898 72 32 und
1214 1905 58 32 gar
1299 1899 90 32 nicht
1415 1910 79 21 zum
1521 1900 201 32 Erstaunen.

1113 1998 79 31 Was
1222 1998 170 32 kümmert
1422 2002 50 28 sie
1501 2002 36 29 in
1565 2000 110 31 ihrem
1704 2000 122 32 Traum

1113 2046 56 28 ein
1198 2043 155 32 irrender
1382 2043 148 33 Geselle.

1113 2087 73 32 Vor
1208 2088 98 32 ihren
1325 2088 112 32 Türen
1458 2092 44 29 ist
1523 2090 81 31 kein
1625 2090 111 32 Raum

1112 2133 57 31 für
1193 2133 263 40 hoffnungslose
1480 2134 105 33 Fälle.

1112 2232 79 32 Und
1214 2233 167 32 hämmert
1403 2233 83 32 auch
1508 2237 74 28 sein
1604 2234 122 32 müder
1748 2234 121 32 Schrift

1113 2280 35 29 in
1170 2278 74 31 ihre
1265 2278 93 32 stille
1379 2278 131 32 Stunde

1113 2322 56 32 die
1202 2323 130 32 scharfe
1364 2324 122 31 Wache
1518 2327 121 29 nimmt
1670 2324 58 31 ihn
1761 2327 61 28 mit

1112 2367 90 32 wohl
1223 2368 57 31 bei
1303 2368 60 31 der
1386 2368 128 32 driften
1535 2369 132 32 Runde.

1112 2466 44 33 Er
1181 2467 59 32 hat
1264 2467 82 32 kein
1369 2467 114 37 Recht,
1508 2468 60 32 auf
1595 2471 111 29 einem
1730 2468 97 32 Stein

1113 2512 67 31 den
1201 2512 145 39 Morgen
1367 2513 213 39 abzupassen
1601 2537 8 8 .

1112 2557 63 31 Ein
1202 2556 130 33 solcher
1358 2558 83 30 muß
1467 2559 182 38 gestorben
1676 2562 83 32 sein,

1112 2602 68 31 daß
1205 2605 50 29 sie
1279 2602 59 31 ihn
1361 2602 112 40 liegen
1496 2603 125 32 lassen.
