2343 3048
335 2700 67 38 122

345 361 174 31 STIMMT
539 362 62 32 AN
619 363 83 32 MIT
719 363 191 38 HELLEM,

345 414 170 33 HOHEM
536 416 153 32 KLANG

346 487 85 31 doch
452 491 205 37 wenigstens
679 491 91 31 dann
791 491 131 31 Lieder.

346 541 79 33 Und
453 543 122 32 schreit
603 545 91 31 nicht
721 548 120 28 immer
869 543 226 38 stundenlang

346 596 71 32 und
438 597 110 32 macht
571 598 55 31 die
647 599 129 31 braven
797 599 104 31 Leute
924 598 97 38 bang,

346 650 62 36 ihr,
441 651 62 36 ihr,
535 651 54 32 ihr
619 676 8 7 .
648 675 9 9 .
677 676 8 8 .
716 652 296 39 Stempelbrüder!

346 749 80 31 Was
452 749 95 32 wollt
574 750 54 32 ihr
655 750 90 33 denn
772 754 62 29 mit
861 761 115 21 eurem
1004 750 92 31 Mist.

345 802 69 32 Das
446 806 213 30 interessiert
687 805 86 32 doch
801 805 135 31 keinen.

345 856 44 32 Es
414 860 44 28 ist
481 868 71 20 nun
577 859 125 31 einmal
726 862 62 29 wie
813 870 37 20 es
874 861 45 28 ist

343 910 73 32 und
441 922 68 21 wer
533 912 195 40 vernünftig
754 916 44 28 ist
822 912 133 39 vergißt

346 975 56 20 am
430 965 131 32 besten.
609 966 81 32 Will
718 970 66 28 mir
812 966 166 31 scheinen.

346 1072 83 32 Man
458 1073 130 31 kommt
618 1075 88 30 nicht
734 1077 78 28 weit
840 1077 61 27 mit
928 1073 81 31 dem
1037 1073 168 31 Geschrei.

344 1126 70 32 Das
443 1127 129 32 könnte
603 1129 81 30 euch
714 1129 82 30 doch
826 1128 186 31 dämmern.

343 1181 59 31 Ihr
428 1181 92 32 zieht
550 1181 67 32 den
644 1181 174 33 Kürzeren
845 1181 103 32 dabei

342 1246 99 20 wenn
468 1238 49 29 sie
546 1235 72 39 (die
646 1247 67 20 von
739 1236 62 31 der
828 1235 144 40 Polizei)

342 1288 61 32 auf
433 1299 80 21 eure
543 1289 144 31 Schädel
717 1290 184 30 hämmern.

1263 363 99 31 Denn
1384 374 80 20 eure
1484 363 70 31 Not
1575 365 45 29 ist
1639 363 80 31 kein
1740 362 163 32 Problem

1262 428 79 20 zum
1363 417 111 31 Lösen
1557 417 149 31 sondern
1729 416 110 32 leider

1263 471 56 31 für
1346 470 88 32 viele
1461 471 88 31 nicht
1575 471 81 31 sehr
1681 470 190 40 angenehm

1263 525 71 31 und
1363 528 113 34 etwas,
1503 536 69 21 was
1601 525 61 32 das
1689 524 246 40 Staatssystem

1263 579 179 39 gefährdet
1474 579 72 32 und
1579 590 38 21 so
1650 582 127 29 weiter.

1262 714 79 31 Und
1363 725 98 21 wenn
1484 714 52 31 ihr
1557 713 141 40 Hunger
1721 714 92 36 habt,
1836 725 39 21 so
1899 715 122 31 schreit

1261 778 65 22 nur
1347 772 35 35 ja
1400 768 90 32 nicht
1508 768 86 32 über
1615 768 127 32 diesen.

1262 822 83 32 Man
1366 825 44 29 ist
1428 833 61 21 zur
1507 822 74 32 Zeit
1601 833 38 21 so
1659 822 96 32 rasch
1774 822 112 32 bereit

1262 879 57 29 ein
1344 876 144 32 bißchen
1515 888 62 28 per
1604 876 224 40 Gelegenheit

1262 930 59 31 auf
1347 933 179 29 unsereins
1551 942 43 20 zu
1620 930 169 32 schießen.

1261 1074 108 31 Drum
1393 1077 109 37 singet
1527 1074 107 32 lieber
1657 1075 177 39 irgendein

1261 1128 162 32 Chanson
1441 1131 84 29 statt
1543 1129 61 31 der
1621 1129 168 31 Proteste.

1260 1182 70 32 Das
1356 1182 129 32 könnte
1510 1182 287 40 beispielshalber
1823 1187 87 27 sein:

1301 1236 79 32 Fest
1399 1236 91 32 steht
1507 1236 71 32 und
1589 1241 74 27 treu
1676 1237 56 32 die
1743 1237 117 32 Wacht
1877 1248 55 21 am
1943 1237 108 32 Rhein

1301 1291 61 31 das
1383 1290 106 36 heißt,
1510 1291 55 31 die
1585 1291 215 31 Ueberreste.
