3551 4437
1778 195 0 0 133

146 283 412 50 interessantesten.
615 280 62 51 So
708 279 184 52 brachte
934 283 79 50 der
1053 282 297 51 Stern'sche
1391 283 166 50 Verein
1597 282 77 52 das

154 367 142 66 Kyrie
310 364 94 50 und
720 364 160 50 Gloria
619 381 80 33 aus
729 364 79 51 der
832 383 188 49 grossen
1042 367 151 49 Messe
1221 383 86 32 von
1336 367 342 49 Beethoven

148 466 82 33 zur
253 447 301 65 Aufführung.
580 447 86 48 Am
680 448 157 55 Rhein,
851 466 73 32 wo
949 449 76 49 das
1041 466 139 48 ganze
1197 449 146 49 Werk
1367 449 137 49 schon
1528 448 119 50 mehr-

145 531 97 49 fach
266 529 91 50 und
379 529 115 50 noch
519 529 41 47 in
587 528 166 51 diesem
769 531 184 49 Winter
976 531 264 49 wiederholt
1264 531 226 49 öffentlich
1514 531 164 66 gehört

145 613 174 57 wurde,
351 612 112 51 wird
493 612 92 49 dies
614 613 147 65 wenig
790 613 263 66 Auffälliges
1082 613 172 59 haben;
1292 613 43 50 in
1366 614 149 49 Berlin
1545 613 54 50 ist
1629 630 48 33 es

144 697 148 50 indess
323 714 100 31 zum
455 703 150 41 ersten
634 696 132 56 Male,
807 696 101 48 dass
940 714 102 31 man
1082 696 92 49 sich
1203 696 112 49 auch
1345 715 88 30 nur
1462 715 53 30 an
1549 697 125 48 einen

144 780 126 49 Theil
310 778 78 50 des
426 778 344 50 Riesenwerkes
800 787 181 57 gewagt
1020 778 90 52 hat.
1170 780 83 48 Die
1296 778 378 66 Sing-Akademie

144 863 79 49 hat
251 861 255 51 bestimmte
535 860 301 58 Traditionen,
889 879 55 30 an
974 862 144 50 denen
1150 862 61 50 sie
1241 862 193 59 festhält,
1465 862 90 48 und
1590 861 84 58 die,

145 946 87 49 wie
259 945 96 48 ihre
383 942 152 51 Leiter
573 941 208 66 glauben,
822 942 93 50 sich
957 945 78 48 mit
1074 943 101 50 dem
1218 943 154 50 Geiste
1413 945 78 48 der

150 1027 205 52 solemnis
393 1025 120 49 nicht
552 1023 252 66 vereinigen
855 1025 169 61 lassen;
1084 1026 80 49 der
1207 1026 256 49 Stern'sche
1513 1026 164 49 Verein

145 1111 177 50 kommt
351 1115 94 42 erst
473 1107 60 48 im
562 1107 139 50 Laufe
732 1107 80 50 der
840 1108 98 49 Zeit
968 1110 145 58 dahin,
1154 1108 90 50 sich
1284 1110 79 48 mit
1394 1110 282 56 Grösserem,

149 1191 371 66 Schwierigerem
550 1197 123 42 ernst
703 1208 58 31 zu
787 1190 320 68 beschäftigen.
1166 1192 116 51 Was
1324 1192 77 50 das
1443 1191 234 51 Publicum

148 1275 184 58 betrifft,
371 1291 51 32 so
450 1274 57 49 ist
550 1290 49 33 es
629 1274 116 49 doch
790 1275 113 48 auch
939 1275 95 49 hier
1074 1294 85 30 nur
1188 1276 70 48 ein
1288 1275 219 49 kleinerer
1538 1275 140 57 Theil,

149 1359 79 50 auf
252 1359 161 48 dessen
439 1356 309 50 Dankbarkeit
776 1356 92 50 sich
900 1359 194 48 rechnen
1122 1359 132 58 lässt;
1286 1357 183 60 überall,
1508 1375 72 32 wo
1612 1356 67 51 die

148 1441 169 57 Macht,
348 1439 176 52 Werke
553 1439 145 49 dieser
726 1437 87 51 Art
850 1458 56 30 zu
947 1440 250 51 verbreiten
1245 1440 94 52 und
1381 1459 56 30 zu
1476 1439 203 58 beleben,

149 1521 259 54 vorhanden
439 1525 135 53 wäre,
602 1528 102 59 regt
733 1521 90 50 sich
854 1522 98 49 eine
981 1542 101 30 zum
1107 1524 248 51 mindesten
1378 1530 141 42 etwas
1541 1528 140 43 matte

150 1605 292 51 Theilnahme
486 1604 140 49 dafür.
684 1606 116 47 Dass
841 1605 69 50 die
950 1605 252 51 kolossalen
1240 1605 322 50 Dimensionen
1603 1604 78 49 des

150 1689 202 53 Werkes
383 1688 77 48 das
489 1688 318 49 Verständniss
837 1686 93 51 und
959 1688 69 49 die
1056 1690 117 48 Lust
1202 1690 137 50 daran
1380 1689 298 57 erschweren,

150 1789 97 33 wer
275 1771 151 51 wollte
456 1770 78 50 das
564 1770 228 66 läugnen?
821 1773 118 48 Dem
968 1771 173 51 minder
1160 1771 234 68 Begabten
1424 1789 103 48 mag
1552 1771 96 50 Man-

152 1855 105 50 ches
287 1853 140 58 darin,
458 1851 271 68 wenigstens
759 1853 71 49 für
859 1853 85 49 den
973 1853 195 68 Anfang,
1207 1855 63 50 als
1301 1854 95 49 eine
1427 1851 255 51 drückende

150 1939 111 48 Last
277 1934 272 51 erscheinen.
574 1934 125 50 Aber
715 1935 44 49 in
776 1935 80 50 der
865 1935 209 68 Hingabe
1095 1956 55 31 an
1162 1938 129 49 einen
1314 1937 193 49 Starken
1535 1935 118 51 wach-

153 2038 80 32 sen
258 2018 244 52 allmählich
517 2018 112 48 auch
649 2018 70 51 die
731 2019 158 48 Kräfte
906 2020 77 50 des
1002 2022 303 57 Schwachen;
1334 2037 101 32 man
1456 2020 120 65 ringt
1592 2018 89 49 und

153 2103 190 49 arbeitet
374 2100 91 51 sich
496 2117 171 51 empor,
696 2102 94 49 und
820 2102 68 49 die
919 2103 322 49 künstlerische
1269 2103 319 66 Befriedigung
1627 2102 57 48 ist

153 2185 98 49 eine
280 2201 76 31 um
386 2201 51 31 so
468 2182 181 57 höhere,
689 2183 47 65 je
775 2183 128 48 mehr
944 2184 81 48 wir
1053 2184 64 48 sie
1156 2185 142 49 durch
1331 2185 154 64 eigene
1523 2182 161 49 Arbeit

154 2283 227 50 errungen
417 2264 163 50 haben.
647 2265 118 50 Was
807 2265 86 50 den
943 2265 268 51 kirchlichen
1251 2267 92 48 und
1381 2265 301 50 ästhetischen

154 2349 173 52 Werth
359 2348 80 50 der
466 2348 149 48 Messe
646 2345 182 60 betrifft,
872 2365 49 31 so
953 2348 152 50 finden
1136 2349 82 50 wir
1249 2348 270 67 wenigstens
1549 2349 134 56 nicht,

155 2433 101 50 dass
286 2432 80 49 der
395 2429 242 50 Ausdruck
667 2429 123 50 darin
820 2431 156 66 irgend
1016 2438 140 43 etwas
1185 2432 270 51 Weltliches
1498 2448 54 32 an
1594 2432 92 49 sich

154 2514 138 59 habe;
333 2531 50 32 er
413 2513 194 48 entfernt
646 2512 91 49 sich
765 2530 88 33 nur
880 2530 86 31 von
996 2513 257 67 derjenigen
1291 2514 87 49 Art
1416 2513 79 50 der
1522 2514 129 50 Fröm-

157 2597 199 66 migkeit,
395 2596 71 48 die
506 2594 216 50 vielleicht
761 2594 156 50 darum
969 2612 70 32 am
1072 2597 290 66 populärsten
1394 2596 69 58 ist,
1495 2597 98 48 weil
1623 2597 63 48 sie

158 2679 70 51 die
256 2678 190 51 meisten
475 2677 218 49 irdischen
722 2677 332 49 Bestandtheile
1085 2678 43 50 in
1169 2679 91 49 sich
1292 2678 196 59 enthält;
1533 2679 43 49 in
1607 2679 80 50 der

157 2763 151 50 Messe
336 2761 94 49 lebt
458 2761 80 49 der
567 2759 124 50 Geist
720 2759 79 50 des
827 2759 285 59 Erhabenen,
1150 2779 87 31 von
1267 2761 100 49 dem
1400 2761 69 49 die
1496 2762 190 50 Meisten

160 2845 115 50 auch
312 2845 44 49 in
394 2845 127 48 ihren
560 2843 219 50 frommen
821 2843 312 66 Stimmungen
1169 2843 143 50 nichts
1357 2845 162 48 wissen
1576 2845 81 48 wol-

159 2928 88 50 len.
318 2928 53 47 In
426 2925 296 50 ästhetischer
767 2925 205 50 Hinsicht
1018 2926 128 49 liesse
1195 2926 91 49 sich
1336 2926 216 49 vielleicht
1592 2927 95 48 eine

159 3010 142 49 Reihe
337 3026 88 32 von
461 3008 348 66 Bemerkungen
850 3008 136 50 daran
1027 3008 207 68 knüpfen,
1275 3008 102 50 dass
1418 3010 80 49 der
1526 3010 130 50 Wort-

160 3093 225 50 ausdruck
414 3092 127 50 mehr
571 3109 80 30 zur
672 3091 297 51 deutlichsten
990 3092 308 66 Ausprägung
1328 3092 77 50 des
1428 3092 259 59 Einzelnen,

160 3177 64 50 als
265 3193 80 31 zur
393 3173 397 67 Verschmelzung,
831 3191 81 32 zur
950 3173 178 50 Einheit
1178 3175 213 66 hinneigt,
1447 3175 85 49 wie
1570 3175 118 49 denn

159 3259 257 67 überhaupt
445 3257 68 50 die
543 3256 348 60 Gründlichkeit,
931 3257 69 49 die
1032 3256 265 67 Vertiefung
1335 3259 79 48 des
1444 3257 244 50 deutschen

163 3342 174 50 Geistes
366 3342 80 47 auf
478 3340 114 49 allen
632 3339 217 50 Gebieten
898 3339 120 49 diese
1062 3358 103 31 vom
1194 3340 179 49 Idealen
1414 3340 274 49 abführende

160 3424 230 67 Richtung
427 3422 133 51 leicht
600 3421 340 66 einzuschlagen
980 3421 180 67 geneigt
1203 3422 84 59 ist;
1339 3422 136 50 damit
1514 3424 173 64 hangen

159 3509 178 48 Härten
351 3506 91 50 und
456 3505 327 51 Schroffheiten
807 3521 84 33 von
919 3504 163 49 allerlei
1096 3506 87 47 Art
1207 3521 281 42 zusammen;
1512 3505 175 49 Werke

163 3590 147 50 dieser
352 3590 101 56 Art,
494 3607 84 31 von
619 3605 51 33 so
710 3586 301 68 grossartiger
1060 3586 268 68 Erfindung,
1380 3605 85 32 von
1513 3588 175 49 solcher

160 3673 132 49 Kraft
323 3673 89 48 und
435 3671 205 51 Reinheit
670 3671 77 50 des
774 3669 279 58 Ausdrucks,
1081 3685 125 33 muss
1237 3688 101 30 man
1367 3670 147 50 indess
1542 3687 145 48 genau

162 3755 193 57 kennen,
384 3753 140 50 selbst
546 3769 131 33 wenn
708 3753 62 49 sie
797 3751 120 51 nicht
947 3753 83 48 den
1054 3751 199 66 Stempel
1282 3751 208 50 idealster
1515 3753 144 48 Schön-

163 3838 94 49 heit
285 3845 173 59 tragen.
487 3836 109 51 Wir
623 3835 147 50 haben
799 3835 172 57 Grund,
1002 3853 54 32 zu
1085 3834 164 58 hoffen,
1279 3834 101 49 dass
1410 3835 79 50 der
1518 3836 169 49 Stern'-

165 3920 106 50 sche
299 3920 166 51 Verein
494 3920 79 50 das
604 3919 207 48 Studium
841 3919 80 48 der
948 3919 147 48 Messe
1131 3915 244 51 fortsetzen
1413 3916 94 51 und
1536 3916 62 50 sie
1630 3916 57 50 im

163 4003 217 51 nächsten
412 4004 183 50 Winter
624 4019 110 50 ganz
784 4018 81 32 zur
893 4000 287 64 Aufführung
1216 3998 189 67 bringen
1435 3999 126 51 wird.
1606 3998 82 52 Die

165 4084 161 52 beiden
375 4092 151 44 ersten
564 4085 135 50 Sätze
728 4083 234 67 gelangen,
1000 4080 268 52 namentlich
1306 4099 94 33 was
1441 4082 68 49 die
1540 4080 148 51 Chöre

1767 282 183 59 betrifft,
1999 282 44 51 in
2092 283 305 66 vorzüglicher
2436 283 169 52 Weise.
2658 284 53 49 In
2765 280 261 53 demselben
3079 278 221 52 Concerte

1767 366 156 67 spielte
1952 367 120 49 Frau
2104 366 177 49 Clara
2311 366 330 49 Schumann
2667 367 69 49 die
2761 364 237 50 Phantasie
3028 364 234 49 vonßeet-

1767 448 184 50 hoven
1982 449 69 49 für
2083 447 184 59 Ciavier,
2299 448 248 51 Orchester
2581 449 89 50 und
2700 448 136 60 Chor,
2868 448 69 50 die
2967 446 212 50 ebenfalls
3210 461 86 33 nur

1768 531 149 66 wenig
1945 531 95 48 hier
2079 529 198 50 bekannt
2318 531 156 66 war*),
2515 529 199 51 obschon
2754 531 61 49 sie
2858 547 88 32 nur
2984 527 196 51 Blüthen
3219 527 78 48 der

1766 614 296 58 reizendsten,
2104 613 273 50 lieblichsten
2406 613 256 65 Erfindung
2700 617 135 62 trägt.
2866 614 121 49 Herr
3031 609 265 51 Joachim

1768 697 154 66 spielte
1964 696 76 49 das
2083 696 366 51 Violin-Concert
2492 714 88 31 von
2618 696 420 51 Mendelssohn
3081 692 92 52 und
3225 692 71 49 die

1778 781 149 47 F-dur
1928 780 244 48 -Romanze
2203 796 85 32 von
2318 778 358 50 Beethoven.

1889 877 85 50 Die
2003 879 504 66 Sing-Akademie
2539 880 146 48 führte
2714 896 70 32 am
2805 877 90 50 26.
2921 877 122 49 März
3065 875 85 51 den
3177 874 122 50 Tod

1766 962 142 49 Jesu
1947 979 87 33 von
2076 961 195 51 Graun
2314 962 42 50 in
2398 962 79 49 der
2505 962 275 50 Domkirche
2821 961 88 57 auf,
2949 976 57 32 an
3034 956 258 52 demselben

1768 1045 131 56 Orte,
1930 1061 72 34 wo
2032 1044 78 51 das
2139 1044 278 51 vielbeliebte
2449 1045 149 51 Werk
2634 1061 80 34 vor
2755 1042 194 51 hundert
2987 1041 168 50 Jahren
3194 1055 102 33 zum

1767 1134 151 42 ersten
1951 1126 88 50 Mal
2069 1128 252 66 erklungen
2350 1144 108 34 war.
2490 1129 62 48 So
2591 1126 83 52 viel
2702 1125 311 67 Begründetes
3055 1122 91 51 sich
3186 1121 114 50 auch

1768 1227 146 49 gegen
1954 1210 86 48 den
2082 1209 174 58 Cultus,
2308 1210 85 50 den
2438 1210 121 50 diese
2596 1208 423 52 Passions-Cantate
3069 1205 44 50 in
3153 1202 149 51 Berlin

1772 1291 90 50 und
1891 1291 257 68 überhaupt
2187 1293 41 48 in
2257 1291 423 51 Norddeutschland
2709 1291 155 60 findet,
2905 1307 137 49 sagen
3080 1288 125 57 lässt,
3247 1285 54 50 da

1772 1375 62 50 sie
1861 1375 42 50 in
1932 1375 141 50 ihrem
2112 1375 336 50 musicalischen
2486 1375 174 50 Inhalte
2708 1375 122 50 nicht
2869 1370 252 53 sonderlich
3165 1369 136 60 reich,

1771 1458 45 49 in
1844 1458 84 49 den
1961 1458 139 49 Arien
2130 1458 104 49 sehr
2264 1458 128 58 breit,
2422 1458 60 49 im
2510 1458 246 51 Ausdruck
2784 1456 93 50 und
2914 1456 44 50 in
2987 1455 80 50 der
3095 1451 175 69 Empfin-

1773 1540 123 66 dung
1936 1547 142 43 etwas
2119 1539 311 51 oberflächlich
2469 1540 69 59 ist,
2570 1558 49 33 so
2662 1540 188 51 würden
2892 1538 80 51 wir
3012 1536 115 51 doch
3178 1535 121 48 einer

1773 1623 258 67 gänzlichen
2062 1624 351 66 Zurücklegung
2443 1623 236 49 derselben
2705 1620 361 70 widersprechen
3104 1622 196 47 müssen.

1772 1707 95 48 Der
1896 1705 100 50 Tod
2025 1707 120 48 Jesu'
2166 1707 75 49 hat
2281 1707 214 66 gewisser
2520 1707 207 49 Maassen
2766 1705 130 50 einen
2937 1699 362 72 pädagogischen

1775 1788 198 60 Werth;
2003 1788 69 49 für
2102 1788 98 49 eine
2229 1789 188 66 gewisse
2449 1789 128 48 Stufe
2615 1789 80 50 der
2735 1787 335 50 musicalischen
3109 1783 193 66 Bildung

1772 1870 58 50 ist
1860 1888 48 32 er
1936 1890 86 30 von
2051 1888 204 49 grossem
2286 1872 195 65 Belang;
2526 1872 84 49 wie
2655 1888 45 33 es
2730 1870 177 51 Bücher
2948 1868 108 67 gibt,
3099 1865 69 51 die
3198 1865 103 50 dem

1773 1954 216 66 gereiften
2020 1953 151 50 Geiste
2201 1954 127 49 keine
2358 1953 317 67 Befriedigung
2704 1953 257 66 gewähren,
2990 1949 109 51 aber
3122 1949 72 48 für
3222 1948 78 49 das

1767 2034 287 68 jugendliche
2078 2036 196 49 Gemüth
2304 2036 295 49 unersetzlich
2623 2036 110 59 sind,
2764 2053 51 32 so
2839 2034 95 68 gibt
2961 2051 45 32 es
3032 2029 113 52 auch
3168 2029 101 50 Com-

1773 2119 249 66 positionen
2051 2119 145 49 dieser
2215 2119 102 59 Art,
2347 2119 69 49 die
2444 2137 115 40 man,
2589 2118 148 52 indem
2759 2136 104 32 man
2892 2117 93 49 sich
3005 2116 45 49 in
3078 2116 69 48 die
3170 2112 131 51 Seele

1772 2202 80 48 des
1883 2201 81 49 der
1993 2201 146 48 Musik
2170 2201 198 66 weniger
2396 2201 115 48 nahe
2540 2201 248 49 stehenden
2805 2198 256 51 Publicums
3092 2201 209 50 versetzt,

1773 2282 121 49 nicht
1928 2282 371 66 geringschätzen
2328 2281 126 50 wird.
2483 2282 126 48 Dazu
2641 2282 186 57 kommt,
2858 2281 101 49 dass
2984 2279 190 49 Graun's
3203 2276 102 49 Tod

1772 2366 111 48 Jesu
1912 2365 122 49 wohl
2063 2363 77 50 das
2164 2363 168 66 einzige
2355 2363 114 66 jetzt
2488 2365 117 48 noch
2629 2381 80 32 zur
2723 2363 290 65 Aufführung
3036 2357 269 52 kommende

1772 2447 152 51 Werk
1954 2447 69 58 ist,
2051 2446 93 57 das,
2175 2447 276 65 wenngleich
2481 2447 120 48 nicht
2631 2446 261 66 durchweg,
2924 2462 49 32 so
2998 2443 114 51 doch
3141 2442 45 50 in
3213 2441 66 49 vie-

1773 2530 71 48 len
1875 2530 198 57 Theilen,
2114 2528 68 50 die
2211 2528 270 50 italiänische
2511 2530 164 48 Schule
2713 2546 80 32 aus
2835 2528 102 50 dem
2979 2526 205 65 Anfange
3224 2523 77 49 des

1776 2612 183 66 vorigen
2001 2611 329 49 Jahrhunderts
2371 2611 173 67 (Graun
2585 2612 123 48 hatte
2750 2611 91 49 sich
2885 2607 268 53 namentlich
3189 2605 115 50 nach

1777 2693 125 53 Vinci
1935 2693 210 68 gebildet)
2177 2701 131 42 unter
2338 2711 83 32 uns
2453 2695 188 48 vertritt.
2702 2693 150 50 Schon
2881 2710 80 32 aus
2991 2687 310 52 historischem

1777 2779 225 48 Interesse
2030 2781 123 45 wäre
2184 2777 92 50 also
2307 2777 68 50 die
2406 2777 324 65 Beibehaltung
2760 2777 76 49 des
2864 2775 198 52 Werkes
3094 2790 55 30 zu
3178 2775 95 45 wün-

1780 2859 136 49 schen
1960 2860 196 66 (Händel
2196 2859 75 49 hat
2321 2859 105 58 sich,
2465 2859 267 49 namentlich
2769 2859 44 48 in
2854 2857 151 49 seinen
3045 2853 260 58 Oratorien,

1778 2960 88 32 von
1905 2942 102 50 dem
2046 2942 223 50 Einflüsse
2321 2942 143 50 dieser
2507 2941 163 50 Schule
2709 2940 70 49 bei
2820 2941 203 51 Weitem
3062 2937 131 51 freier
3233 2953 51 49 ge-

1781 3025 180 66 macht).
2020 3025 82 48 Die
2140 3025 202 49 Musiker
2382 3041 78 32 aus
2512 3024 86 49 den
2637 3024 229 66 sechziger
2905 3022 93 50 und
3039 3019 272 66 siebenziger

1778 3106 169 50 Jahren
1990 3106 78 50 des
2107 3106 184 66 vorigen
2330 3106 344 56 Jahrhunderts,
2731 3106 84 48 wie
2855 3105 155 58 Hiller,
3050 3100 256 58 Reichardt,

1780 3187 139 51 selbst
1959 3189 80 49 der
2078 3198 180 57 strenge
2297 3189 179 57 Forkel,
2516 3189 148 48 haben
2700 3189 97 48 eine
2839 3204 171 50 grosse,
3051 3187 81 47 fast
3175 3184 106 49 über-

1780 3289 157 47 grosse
1966 3273 270 63 Verehrung
2276 3271 68 49 für
2383 3271 168 59 Graun,
2592 3271 92 50 und
2723 3288 121 33 zwar
2872 3269 330 67 vorzugsweise
3243 3266 68 48 für

1852 3485 33 48 *)
1914 3483 115 41 Diese
2059 3482 205 39 Phantasie
2293 3483 133 40 wurde
2454 3482 41 39 in
2525 3482 175 39 Berlin
2730 3494 87 26 zum
2846 3486 127 34 ersten
2990 3481 104 40 Male
3123 3480 52 39 im
3196 3478 117 40 Jahre

1914 3544 98 40 1816
2041 3543 40 39 in
2109 3543 90 39 dem
2228 3543 166 39 Concert
2424 3544 105 38 eines
2561 3542 165 40 Vereins
2754 3554 73 27 von
2866 3542 350 39 Studirenden
3243 3551 47 28 un-

1909 3610 59 35 ter
1994 3604 167 51 Leitung
2184 3605 67 38 des
2280 3604 349 41 Unterzeichnelen
2656 3603 53 39 im
2740 3601 110 41 Saale
2888 3603 70 39 der
2986 3599 328 55 Sing-Akademie

1910 3665 219 52 aufgeführt
2158 3665 79 39 und
2258 3665 113 51 gefiel
2401 3666 146 38 damals
2576 3665 145 46 schon;
2759 3664 164 39 seitdem
2951 3664 151 39 scheint
3140 3662 54 40 sie
3224 3661 67 38 wie-

1910 3728 70 39 der
2010 3737 208 40 vergessen
2244 3726 162 38 worden
2436 3737 46 27 zu
2511 3725 94 39 sein.
2636 3725 44 38 In
2709 3725 230 38 demselben
2963 3723 164 41 Concert
3155 3721 163 39 wurden

1913 3788 97 40 auch
2039 3787 84 38 drei
2152 3800 75 25 von
2255 3786 43 40 C.
2326 3787 53 39 M.
2410 3800 31 25 v.
2476 3787 182 38 Weber
2697 3784 54 40 im
2782 3786 119 38 Jahre
2942 3786 100 38 1814
3079 3782 239 52 componirte

1910 3849 260 41 Körner'sche
2214 3849 156 40 Lieder:
2426 3848 188 39 Lützow's
2652 3848 116 38 wilde
2805 3848 111 51 Jagd,
2959 3847 67 39 das
3062 3844 256 41 Schwertlied

1910 3911 80 41 und
2017 3911 69 38 das
2114 3910 208 39 Reiterlied
2351 3909 159 48 „Frisch
2539 3909 69 39 auf
2632 3909 70 39 mit
2727 3909 177 39 raschem
3092 3918 223 39 gesungen;

1912 3972 68 40 der
2007 3971 178 39 ziemlich
2213 3971 127 39 starke
2366 3971 266 39 Männerchor
2675 3971 163 39 bestand
2878 3981 74 27 nur
2989 3979 68 28 aus
3085 3967 231 45 Studenten,

1914 4035 79 39 und
2034 4045 101 26 zwar
2177 4033 69 38 mit
2283 4032 179 52 geringer
2490 4032 231 41 Ausnahme
2759 4043 67 28 aus
2859 4031 170 45 solchen,
3066 4029 150 40 welche
3253 4029 62 40 die

1914 4094 196 51 Feldzüge
2138 4093 249 52 mitgemacht
2415 4093 142 41 hatten.
