2535 4210
800 498 154 117 LE
1045 498 707 126 JUSTICIER

289 850 107 58 S'il
431 856 94 54 est
553 871 127 41 une
715 855 192 60 chose
944 859 110 75 qui
1100 860 296 76 toujours
1429 879 103 42 me
1566 869 189 71 parut
1796 866 363 72 manifeste,
2194 866 156 61 c'est

206 946 123 59 que
357 931 64 57 la
445 932 141 59 voie
619 935 204 58 suivie
857 954 116 57 par
1001 957 165 40 nous
1199 940 158 60 dans
1399 943 372 61 l'existence
1810 945 160 60 n'est
2011 965 113 58 pas
2154 948 191 59 d'une

206 1010 375 75 rigoureuse
600 1016 337 60 rectitude.
967 1021 86 55 La
1076 1020 164 60 fable
1270 1023 264 76 antique
1570 1024 85 58 du
1683 1025 104 59 bel
1819 1025 308 61 Héraklès
2162 1029 184 75 placé

207 1092 35 55 à
269 1109 91 41 un
391 1095 328 58 carrefour
751 1096 156 60 dont
937 1100 251 76 chaque
1219 1108 185 53 route
1438 1109 96 53 est
1559 1104 304 76 décisive,
1893 1106 452 79 estvéridique

205 1189 166 57 pour
400 1178 143 54 tout
572 1175 287 61 homme.
899 1180 258 60 Chacun
1208 1183 74 58 de
1322 1202 167 39 nous
1520 1190 360 65 rencontre,
1914 1190 34 55 à
1983 1207 127 40 une
2143 1190 203 59 heure

206 1251 376 76 incertaine,
601 1258 164 57 mais
794 1259 75 58 de
898 1278 208 42 venue
1142 1264 165 68 sûre,
1344 1264 58 58 la
1437 1266 369 60 troublante
1839 1269 412 74 bifurcation,
2286 1275 62 54 et

206 1331 77 59 de
324 1332 272 77 longues
642 1339 416 60 méditations
1104 1360 101 41 me
1256 1350 391 69 permettent
1683 1346 370 77 d'affirmer,
2096 1350 147 75 qu'à
2276 1369 69 41 ce

205 1420 294 52 moment
534 1418 332 76 iatidique,
901 1421 58 58 le
1000 1421 231 61 hasard
1277 1429 95 55 est
1410 1430 185 55 notre
1631 1428 137 58 seul
1820 1433 61 54 et
1926 1430 424 60 bienveillant

206 1495 363 60 conseiller.
607 1498 47 57 Il
687 1500 205 74 prend
916 1506 208 55 certes
1156 1522 168 58 pour
1354 1524 65 41 se
1452 1508 377 58 manifester
1858 1509 94 58 les
1980 1510 241 59 formes
2252 1512 94 57 les

205 1573 147 74 plus
379 1575 268 74 variées,
691 1579 92 57 les
816 1585 250 71 aspects
1108 1583 91 58 les
1232 1584 145 75 plus
1419 1604 223 57 graves
1680 1593 64 53 et
1781 1589 90 58 les
1910 1590 145 75 plus
2101 1592 242 68 futiles,

206 1658 63 54 et
297 1654 110 58 des
431 1655 421 80 philosophes
884 1663 288 59 notoires
1204 1664 161 60 l'ont
1395 1684 87 59 pu
1513 1668 142 57 voir
1678 1669 156 58 dans
1858 1670 59 57 le
1936 1689 115 40 nez
2074 1672 76 58 de
2171 1673 142 58 Cléo-

205 1734 179 75 pâtre
436 1740 60 54 et
536 1736 158 60 dans
741 1740 89 57 les
870 1759 174 57 poux
1078 1743 285 59 funestes
1406 1749 34 55 à
1484 1747 198 74 Sylla.
1717 1750 71 57 Je
1833 1768 77 39 ne
1953 1750 127 59 sais
2131 1752 215 75 quelle

202 1815 196 57 vérité
423 1815 43 56 il
499 1818 136 57 faut
663 1820 314 60 attribuer
1009 1825 34 55 à
1071 1842 103 39 ces
1202 1825 227 59 hautes
1454 1829 468 74 spéculations;
1950 1832 164 57 mais
2133 1849 69 41 ce
2223 1849 124 59 que

202 1893 61 74 je
297 1895 146 74 puis
475 1896 160 73 dire,
667 1899 155 60 c'est
847 1919 122 59 que
1012 1903 60 58 le
1114 1904 234 60 hasard
1381 1908 137 57 seul
1552 1927 34 39 a
1619 1909 116 58 fait
1764 1909 76 58 de
1870 1912 156 71 moi,
2061 1912 284 59 honnête

206 1974 348 75 bachelier,
577 1979 100 58 fils
710 1984 62 55 et
805 1983 295 75 petit-fils
1133 1985 76 57 de
1247 1987 394 76 clergyman,
1666 2007 89 39 un
1781 1990 242 60 affreux
2051 1992 290 73 scélérat,

306 2055 65 75 je
404 2074 104 41 me
543 2075 132 42 sers
708 2060 109 59 des
852 2065 407 74 expressions
1297 2068 353 60 familières
1683 2073 34 55 à
1750 2088 104 41 ces
1898 2073 337 58 Messieurs
2270 2074 75 59 de

206 2133 63 59 la
287 2134 259 75 justice,
584 2141 216 72 quand
833 2141 78 59 ils
935 2161 104 40 me
1068 2145 139 57 font
1232 2147 346 59 l'honneur
1609 2149 77 59 de
1720 2150 331 78 s'occuper
2078 2153 76 58 de
2187 2153 154 58 moi.

287 2215 50 57 Il
366 2234 103 41 me
502 2219 157 74 plaît
690 2220 430 76 aujourd'hui,
1150 2228 34 54 à
1223 2225 271 61 l'ombre
1531 2230 190 59 d'une
1755 2232 305 59 salutaire
2097 2234 244 75 prison,

209 2294 36 58 d
273 2295 83 59 où
376 2296 64 77 je
468 2315 81 41 ne
579 2300 276 73 sortirai,
891 2305 347 73 méconnu,
1272 2324 123 58 que
1426 2327 167 57 pour
1616 2310 390 60 l'ascension
2027 2317 34 53 à
2082 2332 89 39 un
2202 2332 108 58 pro-

206 2375 189 60 bable
426 2378 197 75 gibet,
659 2380 42 56 il
750 2398 101 41 me
897 2384 159 74 plaît
1095 2384 76 58 de
1212 2403 104 41 me
1360 2389 397 60 remémorer
1801 2393 94 57 les
1931 2395 412 58 événements

207 2455 111 74 qui
353 2455 347 62 influèrent
733 2459 513 63 définitivement
1280 2483 107 41 sur
1415 2486 107 39 ma
1551 2469 123 57 vie.

289 2536 358 72 Comment,
677 2545 184 71 après
893 2562 90 38 un
1002 2544 153 75 jour
1185 2545 78 59 de
1294 2549 456 76 vagabondage
1777 2549 157 61 dans
1960 2553 96 58 les
2088 2571 149 42 rues
2268 2554 77 59 de

206 2616 307 74 Londres,
562 2622 344 74 trouvai-je
958 2624 159 57 dans
1166 2642 155 42 mon
1376 2629 414 73 portefeuille
1833 2630 63 59 la
1932 2632 52 58 si
2049 2633 294 60 curieuse

206 2695 342 61 invitation
581 2700 108 74 qui
717 2702 384 59 bouleversa
1131 2722 116 58 par
1269 2705 62 58 la
1354 2708 164 58 suite
1546 2726 136 40 mes
1717 2710 174 59 idées
1924 2717 61 54 et
2013 2731 108 39 ma
2145 2717 161 56 méta-

203 2776 374 77 physique?
607 2783 73 57 Je
714 2799 77 41 ne
840 2784 59 57 le
948 2784 127 59 sais
1120 2787 345 59 vraiment.
1499 2789 242 60 Jamais
1787 2792 59 58 le
1896 2793 233 58 hasard
2161 2813 80 40 ne
2280 2812 65 42 se

205 2858 345 59 manifesta
577 2860 193 60 d'une
813 2863 182 75 façon
1030 2865 173 58 aussi
1237 2867 520 77 déconcertante,
1796 2876 62 54 et
1901 2872 329 62 l'inutilité
2268 2874 77 59 de

205 2940 178 56 toute
435 2940 345 61 recherche
845 2945 400 74 postérieure
1306 2966 103 39 me
1463 2952 319 73 persuada
1837 2952 285 61 d'autant
2169 2956 172 76 plus,

205 3017 237 76 qu'une
470 3020 260 61 volonté
765 3022 213 59 divine
1012 3024 155 59 était
1197 3025 377 61 intervenue
1599 3048 79 40 en
1705 3048 106 42 ma
1838 3033 236 58 faveur.

281 3099 72 58 Je
372 3099 138 58 vois
535 3118 255 56 encore,
827 3109 185 71 après
1039 3105 177 77 vingt
1246 3124 135 56 ans,
1418 3108 58 58 le
1510 3110 224 60 bristol
1763 3118 193 55 nacré
1990 3132 111 41 sur
2127 3116 216 75 lequel

205 3175 387 64 l'invitation
629 3183 155 57 était
816 3184 215 74 écrite,
1064 3189 61 55 et
1165 3187 280 71 celle-ci,
1480 3189 65 76 je
1586 3191 63 57 la
1697 3210 170 58 peux
1920 3196 427 58 reconstituer

206 3259 490 61 textuellement
720 3279 13 42 :

574 3413 230 54 Institut
836 3415 293 54 Rationnel
1155 3417 91 53 des
1273 3420 195 54 Jeunes

736 3541 64 53 A.
838 3541 270 53 SHADWEL
1133 3542 279 66 soliciter,
1448 3545 332 58 fondateur.

275 3688 299 56 Archibald
598 3691 295 66 Shadwell,
922 3695 264 63 solicitor,
1214 3712 132 37 vous
1363 3699 127 66 prie
1520 3700 66 53 de
1613 3701 78 53 lui
1721 3701 142 65 faire
1894 3700 286 57 l'honneur
2204 3702 141 56 d'as-
