2535 4210
1249 276 125 62 174

265 437 337 67 brasserie,
647 437 155 57 dont
842 438 138 58 MM.
1027 440 228 57 Barrés
1298 445 61 53 et
1398 442 404 75 Margueritte
1864 442 376 59 demeurent
2281 445 91 57 les

268 516 143 75 plus
443 516 284 57 illustres
758 534 381 57 soucoupes.

345 593 154 58 Mais
534 593 234 74 jamais
809 596 440 74 personnalité
1289 597 273 59 n'excita
1619 600 216 57 mieux
1878 616 122 57 que
2031 601 73 55 M.
2137 602 197 56 Harau-

272 675 182 54 court
493 671 61 57 la
585 673 404 74 compassion
1032 675 76 57 de
1149 673 457 60 l'observateur
1644 695 115 58 par
1788 678 57 59 le
1883 677 271 59 sublime
2187 678 76 59 de
2305 698 67 38 sa

261 751 291 57 bassesse
578 755 62 52 et
655 751 398 60 l'admirable
1078 753 75 56 de
1175 771 115 40 son
1309 756 381 74 abnégation
1716 757 553 74 bureaucratique.
2293 758 79 58 Ce

268 830 227 69 scribe,
533 830 107 73 qui
669 847 373 42 commence
1075 835 36 53 à
1144 836 286 55 entamer
1460 835 63 56 la
1554 836 198 74 gloire
1785 836 84 57 du
1907 840 186 71 poète
2132 837 240 57 mobile

260 910 163 55 Jean
444 910 305 68 Rameau,
773 910 236 57 débuta
1031 911 156 57 dans
1210 912 62 56 la
1293 913 224 58 tourbe
1540 913 372 74 parasitaire
1935 915 165 57 voici
2127 916 246 56 bientôt

263 987 274 74 quelque
579 987 105 56 dix
720 1005 133 39 ans.
890 988 281 57 Soudain
1204 1007 81 40 on
1317 996 261 69 aperçut
1601 1010 68 38 sa
1699 992 196 75 figure
1915 992 74 57 de
2022 993 349 74 prognathe

264 1065 278 57 derrière
573 1070 147 53 tous
753 1066 93 57 les
876 1067 192 57 vieux
1097 1072 338 71 paravents
1468 1070 76 57 de
1568 1071 192 57 Chers
1794 1071 247 57 Maîtres
2074 1072 108 73 qui
2212 1089 120 57 pon-

261 1143 206 57 tifient
500 1143 75 57 de
603 1143 264 60 l'Odéon
891 1148 35 54 à
954 1146 326 58 l'lnstitut.
1307 1148 47 56 Il
1380 1148 226 74 forçait
1636 1150 90 57 les
1749 1153 212 70 portes
1994 1167 78 40 en
2102 1155 271 53 mettant

265 1240 80 39 au
388 1222 144 57 titre
587 1222 74 57 de
719 1241 99 41 ses
867 1223 319 60 minables
1239 1244 141 39 vers
1425 1227 91 57 les
1566 1245 184 39 noms
1808 1246 79 40 en
1926 1228 296 58 dédicace
2260 1230 108 56 des

264 1301 450 75 amphitryons
748 1305 80 55 où
860 1303 129 56 l'on
1027 1305 144 57 dîne
1204 1308 61 54 et
1305 1307 84 55 où
1418 1306 130 57 l'on
1585 1307 225 57 bêche.
1843 1307 217 57 Pendu
2091 1308 36 58 à
2161 1312 206 54 toutes

263 1380 92 57 les
401 1383 351 70 sonnettes,
801 1381 45 57 il
889 1383 310 57 attendait
1237 1385 258 57 léchant
1535 1385 93 57 les
1671 1386 213 57 taches
1930 1386 75 58 de
2048 1404 98 40 ses
2185 1391 182 70 gants

264 1458 206 70 fanés,
526 1461 61 54 la
635 1460 413 59 miséricorde
1097 1462 84 56 du
1229 1462 167 57 valet
1437 1467 60 53 et
1547 1465 62 54 la
1656 1465 479 75 complaisance
2188 1466 74 56 de
2310 1466 60 56 la

261 1537 421 58 chambrière.
729 1540 94 55 Ah
847 1540 10 54 !
904 1540 79 57 ils
1025 1541 212 57 furent
1276 1559 207 39 amers
1525 1559 79 40 en
1644 1560 102 39 ces
1782 1546 208 74 temps
2031 1543 334 77 premiers,

260 1617 93 56 les
381 1634 232 57 propos
642 1616 108 58 des
780 1618 362 75 concierges
1169 1637 80 38 au
1289 1620 383 59 solliciteur!

338 1694 63 59 Si
443 1694 606 75 obséquieusement
1087 1698 44 56 il
1175 1698 367 57 demandait
1575 1717 125 40 une
1740 1703 175 55 tonte
1951 1701 195 75 petite
2187 1702 183 74 place

259 1791 80 39 au
381 1774 407 58 contentieux
828 1776 75 57 de
943 1776 447 59 l'Admiration
1425 1778 338 74 publique!
1796 1780 157 57 Tant
1980 1781 43 54 il
2057 1797 62 41 se
2146 1797 225 41 remua

258 1856 302 71 pourtant
590 1853 193 74 qu'on
806 1854 488 59 s'accoutumait
1321 1860 34 53 à
1370 1857 434 76 l'apercevoir.
1830 1858 126 57 Son
1980 1860 387 57 lamentable

258 1931 224 75 papier
513 1934 34 55 à
571 1931 64 58 la
659 1933 195 69 main,
888 1952 151 40 avec
1072 1952 76 40 en
1180 1936 155 57 haut
1360 1937 58 56 le
1445 1954 154 40 nom
1633 1937 75 57 de
1741 1937 196 58 l'hôte
1966 1938 225 71 choisi,
2227 1938 44 56 il
2306 1955 64 40 se

258 2009 271 59 faufilait
559 2015 175 54 entre
757 2013 94 57 les
884 2015 289 57 meubles
1202 2018 61 54 et
1290 2018 141 55 tout
1464 2018 36 54 à
1526 2032 184 57 coup,
1745 2016 51 57 si
1836 2018 273 74 quelque
2133 2017 234 75 impair

256 2088 215 59 venait
501 2091 35 54 à
565 2089 171 73 geler
759 2092 61 56 la
846 2093 467 71 conversation,
1350 2093 46 57 il
1430 2093 258 59 clamait
1719 2114 12 39 :

1181 2310 75 37 LE
1309 2312 122 35 LIT.

1044 2418 35 38 A
1115 2416 234 53 Alphonse
1375 2418 196 41 Daudet.

494 2547 311 47 Sanctuaire
828 2547 145 48 divin
997 2547 62 48 de
1086 2548 209 48 l'extase
1319 2552 49 44 et
1398 2550 85 46 des
1502 2550 156 60 rêves,

504 2608 250 48 Tombeau
782 2608 62 48 de
863 2623 92 33 nos
980 2613 214 59 regrets,
1219 2611 204 61 gouffre
1451 2611 63 49 de
1538 2627 90 31 nos
1658 2613 248 59 remords,

494 2670 57 46 Je
580 2669 191 55 t'aime,
804 2670 28 47 ô
858 2671 65 47 lit
942 2671 247 61 profond,
1218 2676 64 42 où
1316 2674 71 45 les
1412 2672 180 49 heures
1615 2677 116 44 sont
1760 2674 243 52 brèves...
2036 2698 14 15 >■

330 2841 95 59 Ou
452 2840 145 58 bien
623 2858 228 42 encore
881 2859 13 41 :

1053 2989 34 36 R
1110 2972 453 55 ÉSIPISCENCE!

965 3091 38 40 A
1030 3090 216 42 Madame
1284 3093 53 39 A.
1388 3091 260 42 Godebska.

767 3225 119 46 Mon
918 3222 130 56 rêve,
1082 3225 26 46 ô
1134 3224 133 55 rêve,
1295 3226 59 45 tu

777 3286 132 47 C'est
936 3300 100 33 eux
1053 3288 113 45 tous
1191 3286 89 62 qui
1305 3286 124 47 t'ont
1454 3286 197 51 chassé.

763 3348 58 47 Je
847 3362 79 33 me
951 3347 236 48 souviens
1210 3347 72 47 du
1318 3349 211 60 passé...

1300 3439 7 11 V

322 3518 192 57 Force
556 3518 151 57 était
759 3518 146 59 bien
941 3519 35 58 à
1011 3518 63 57 la
1111 3516 653 72 personne'nommée
1801 3522 73 57 de
1914 3522 58 58 le
2004 3522 170 66 prier
2206 3522 153 58 chez

246 3596 142 56 elle.
