2535 4210
1240 324 122 60 172

256 489 282 78 pendant
573 491 145 55 cent
764 505 110 40 ans
911 504 13 42 :
964 505 87 40 un
1093 487 283 58 fantôme
1413 490 248 67 ventru,
1703 485 256 70 hideux,
2001 486 251 76 ignoble
2291 491 61 54 et

257 567 251 70 louche,
546 566 108 74 qui
681 566 215 57 venait
930 565 75 57 de
1039 583 62 40 se
1132 565 404 75 prophétiser
1566 581 69 40 sa
1667 569 170 53 mort
1857 567 34 54 à
1914 564 342 58 lui-même
2293 569 60 53 et

253 645 107 76 qui
395 645 334 75 s'appelait
759 645 62 56 la
856 644 430 75 Bourgeoisie.

331 725 170 70 Puis,
534 724 214 75 quand
783 724 61 57 le
880 722 257 59 dernier
1167 722 232 75 député
1432 722 105 58 eût
1571 722 201 73 quitté
1811 722 416 75 l'hémicycle,
2258 724 92 56 les

253 802 323 74 drapeaux
610 819 229 57 rouges
883 801 526 74 s'engouffrèrent
1442 801 159 56 dans
1636 799 354 58 l'enceinte.
2034 802 114 55 Les
2187 800 132 58 délé-

251 884 153 71 gués
436 880 109 58 des
567 880 401 57 travailleurs
987 879 394 58 décrétèrent
1405 879 61 57 la
1477 879 230 57 remise
1735 879 75 57 de
1837 882 142 54 tous
1993 879 86 57 les
2100 880 252 57 ateliers

256 978 123 38 aux
408 960 206 56 mains
647 959 75 57 de
759 959 62 55 la
863 957 355 59 hiérarchie
1246 957 262 59 élective
1541 956 184 74 qu'ils
1758 957 287 56 s'étaient
2079 957 268 59 donnée.

248 1040 86 56 De
366 1055 316 52 nouveau,
705 1037 64 57 la
792 1040 210 54 même
1044 1037 283 57 clameur
1358 1036 433 58 enthousiaste
1827 1036 251 70 s'éleva,
2115 1040 61 53 et
2211 1054 105 57 par-

249 1120 267 55 courant
557 1120 158 53 cette
760 1116 119 57 fois
919 1134 90 38 un
1062 1115 257 58 chemin
1360 1116 270 69 inverse,
1672 1131 204 56 gagna
1913 1115 91 57 les
2048 1115 298 71 couloirs,

245 1196 93 56 les
365 1213 145 38 rues
539 1197 59 55 et
626 1195 65 57 la
717 1195 171 57 foule
925 1197 326 71 compacte
1279 1196 282 53 amassée
1585 1191 231 57 devant
1841 1192 58 56 le
1922 1192 396 57 Palais-Bour-

247 1275 148 56 bon.
417 1276 72 53 Et
511 1291 70 40 ce
605 1275 114 70 fut,
742 1274 156 57 dans
926 1277 159 55 cette
1114 1274 141 55 nuit
1284 1272 85 57 du
1401 1275 24 52 ler1
1437 1279 44 25 er
1505 1270 129 57 mai
1668 1274 211 68 189...,
1903 1289 119 56 que
2048 1272 59 57 le
2138 1272 177 75 prolé-

244 1352 187 57 tariat
456 1352 418 74 inaugurales
903 1352 228 57 assises
1151 1351 84 58 du
1259 1351 225 57 travail
1504 1350 330 73 émancipé
1849 1366 115 57 par
1985 1351 56 56 le
2067 1351 245 75 dépouil-

243 1432 241 56 lement
506 1431 109 57 des
643 1431 245 57 cahiers
916 1431 85 58 du
1023 1430 351 73 quatrième
1407 1431 145 69 état,
1574 1429 183 58 réuni
1772 1445 166 58 pour
1957 1429 63 57 la
2035 1430 314 75 première

247 1510 120 57 fois
400 1526 78 43 en
520 1526 98 41 ses
648 1511 555 57 Etats-Généraux.

1402 1741 344 63 THÉODORE
1798 1741 280 64 RANDAL.
