2535 4210
1188 294 122 60 155

195 461 253 55 voudrais
478 459 156 70 qu'ils
662 464 211 47 eussent
895 459 118 66 pris
1042 459 52 51 la
1114 459 163 66 peine
1301 456 66 52 de
1392 456 72 52 les
1484 456 240 69 justifier
1753 474 70 36 ou
1847 457 65 53 de
1944 456 72 54 les
2044 457 267 53 autoriser

187 548 111 52 par
329 530 234 53 d'autres
600 531 208 52 raisons
836 529 173 52 moins
1034 527 362 70 personnelles
1430 543 102 52 que
1568 529 152 53 celles
1752 529 159 68 qu'ils
1933 544 146 39 nous
2111 545 66 36 en
2215 534 97 47 ont

196 602 250 52 données.

1051 668 179 53 (Revue
1263 668 80 41 des
1366 670 132 39 Deux
1519 668 211 49 Mondes,
1757 673 20 36 ler1
1782 677 29 17 er
1841 670 117 41 avril
1986 671 136 53 1891.)

276 807 170 56 Nous
487 802 477 76 reproduisons,
1008 818 78 39 en
1104 802 443 75 justification,
1596 819 102 41 ces
1737 803 200 75 lignes
1982 826 25 30 «
2052 821 222 58 person-

199 884 203 59 nelles
428 906 27 30 »
481 884 44 56 il
558 885 94 55 est
671 880 156 73 vrai,
860 899 121 58 que
1013 898 162 41 nous
1201 898 194 41 avons
1433 903 27 31 «
1488 880 129 77 pris
1646 882 61 57 la
1731 883 186 75 peine
1944 907 26 29 »
2002 883 262 58 d'écrire
2293 899 13 41 :

272 1007 74 51 La
387 1005 235 67 strophe
662 1002 61 70 (à
754 1004 190 66 parler
983 1019 124 37 sans
1146 1004 354 66 dogmatisme
1545 1010 51 46 et
1634 1005 396 51 en-admettant
2059 1004 255 52 d'avance

204 1082 172 47 toutes
414 1077 70 51 les
521 1073 325 68 objections)
884 1075 135 50 n'est
1048 1080 154 45 autre
1232 1090 102 51 que
1366 1075 53 50 la
1447 1073 237 69 période
1720 1090 11 35 :
1766 1091 104 36 une
1907 1076 115 51 idée
2049 1076 264 65 formulée

201 1161 123 38 avec
351 1161 79 36 ses
456 1145 374 66 compléments
856 1142 65 52 de
945 1143 252 66 qualités,
1222 1145 65 50 de
1305 1148 185 61 temps,
1509 1143 65 51 de
1738 1150 122 57 etc.,
1880 1146 135 51 dans
2039 1146 52 49 la
2110 1158 204 37 mesure

220 1214 318 71 qu'indique
916 1216 46 49 le
628 1219 109 45 tact
1343 1213 226 66 intuitif
1010 1213 95 66 qui
1136 1219 79 46 est
1234 1214 360 66 précisément
1620 1216 45 49 le
1693 1214 111 51 don
1820 1216 280 66 poétique.

270 1288 80 50 La
371 1284 219 66 strophe
616 1298 54 37 se
700 1297 244 52 compose
972 1283 65 51 de
1062 1299 144 45 vers,
1231 1284 206 51 alinéas
1455 1284 311 66 perpétuels
1781 1301 22 44 ;

271 1357 71 49 Le
371 1371 116 35 vers
842 1350 257 56 s'adresse
793 1355 32 49 à
850 1350 302 55 /'intellect
2162 1353 163 52 d'une
1359 1359 150 62 part,
1537 1357 33 48 à
1592 1353 241 53 /'oreille
1857 1354 64 52 de

221 1423 323 54 sidérons-le
553 1424 138 51 donc
719 1424 438 51 successivement
1185 1424 149 52 selon
1358 1439 79 37 ses
1462 1424 144 52 deux
1631 1424 248 67 objectifs
1909 1440 19 33 :

276 1498 55 48 1°
356 1495 47 51 Il
432 1495 170 50 existe
632 1494 461 51 instinctivement
1118 1509 105 37 une
1255 1494 277 66 répulsion
1550 1510 146 50 pour
1726 1492 436 69 l'enjambement
2172 1512 20 44 ;
2213 1510 105 36 une

205 1569 206 63 époque
436 1564 71 52 l'a
535 1565 46 51 si
611 1564 118 52 bien
761 1567 261 63 éprouvée
1051 1580 101 51 que
1179 1565 46 51 le
1245 1566 197 50 cuistre
1471 1565 222 52 Boileciu
2185 1581 102 50 par-

205 1636 243 51 donnera
472 1639 137 47 cette
638 1633 340 69 expression)
1009 1632 70 54 l'a
1099 1650 84 51 pu
1212 1636 263 63 formuler
1504 1650 123 37 avec
1659 1632 401 69 /'approbation
2091 1640 53 47 et
2171 1636 150 51 selon

207 1707 73 51 les
310 1720 198 37 œuvres
539 1705 65 50 de
646 1719 78 38 ses
759 1703 202 66 grands
996 1706 434 65 contemporains
1441 1722 23 45 ;
1493 1721 80 45 or,
1608 1705 46 50 le
1687 1706 367 61 romantisme,
2090 1706 134 51 clans
2262 1720 61 37 sa

206 1774 324 52 dislocation
550 1776 327 63 passionnée
905 1773 73 51 du
997 1774 163 51 vieux
1184 1774 177 51 moule
1390 1774 281 66 classique,
1698 1791 33 34 a
1761 1774 358 51 brutalement
2142 1774 154 68 prati-

207 1849 101 64 qué
336 1844 430 68 l'enjambement
776 1861 22 43 ;
815 1849 52 46 et
883 1844 55 51 la
948 1844 118 66 joie
1091 1844 421 68 iconoclastique
1536 1847 89 63 fut
1648 1846 122 50 telle
1795 1843 164 67 qu'on
1980 1844 183 51 oublia
2180 1860 147 50 pour

207 1932 56 35 ce
301 1915 172 51 leurre
503 1914 64 51 de
599 1914 186 52 liberté
812 1914 97 66 qui
931 1919 78 46 est
1047 1914 52 51 la
1127 1915 260 65 négation
1417 1918 165 48 même
1611 1914 75 51 du
1710 1929 136 46 vers,
1876 1919 136 47 cette
2046 1919 155 46 autre
2239 1918 60 47 ré-

206 1988 173 63 forme
404 1984 291 67 accomplie
721 1984 63 51 de
811 1999 95 36 nos
924 1983 157 66 jours
1109 1990 52 46 et
1187 1985 94 66 qui
1305 1984 244 52 mobilise
1570 1984 54 51 la
1649 1988 179 48 césure
1845 1984 290 66 jusque-là
2162 1985 132 66 hypo-

209 2055 279 51 critement
514 2058 264 62 respectée
792 2068 110 52 par
920 2054 71 51 les
1009 2054 127 65 plus
1152 2054 303 65 farouches.
1479 2054 134 53 Mais
1631 2068 241 53 prenons
1893 2069 75 36 un
1993 2054 259 67 exemple,
2281 2055 46 51 si

209 2140 128 38 vous
362 2125 204 62 voulez,
594 2125 64 51 de
676 2124 227 67 période
930 2139 65 35 en
1011 2139 183 51 prose.

373 2196 80 50 En
470 2210 183 50 prose.

524 2263 118 63 Oui,ma
643 2263 423 52 démonstration
1099 2280 34 51 y
1165 2280 244 49 gagnera
1442 2280 66 37 en
1537 2265 188 52 clarté.
1753 2266 99 66 (Et
1876 2281 125 37 mon
2026 2266 270 52 interlocu-

214 2341 119 46 teur
355 2334 249 54 scandait
620 2350 108 54 par
752 2334 90 53 des
868 2336 170 51 arrêts
1065 2340 136 47 cette
1217 2334 227 67 période
1471 2334 65 54 de
1842 2337 61 67 je
1928 2336 192 70 crois.)

613 2456 133 47 Mais
773 2456 114 47 rien
1638 2456 184 49 n'était
1122 2456 46 47 si
1192 2455 336 62 formidable,

615 2517 106 58 Que
750 2516 65 48 de
842 2517 111 46 voir
980 2519 139 45 toute
2111 2516 228 50 l'Allema

616 2583 66 45 Ce
708 2578 175 63 grand
907 2582 50 45 et
980 2581 143 46 vaste
1143 2594 166 47 corps,

620 2642 248 61 Composé
896 2643 62 46 de
990 2644 113 45 tant
1128 2641 64 48 de
1217 2642 219 61 peuples

616 2704 68 45 Et
708 2703 62 47 de
803 2703 211 47 nations
1039 2703 317 62 différentes,

616 2765 258 62 Déployer
900 2768 114 44 tous
1042 2779 77 33 ses
1150 2765 294 60 étendards,

618 2827 68 47 Et
713 2826 241 48 marcher
980 2840 111 33 vers
1117 2840 91 34 nos
1231 2827 296 61 frontières,

620 2889 140 46 Pour
785 2902 131 34 nous
944 2887 241 48 accabler
1206 2903 99 47 par
1330 2889 52 47 la
1410 2889 156 58 force,

623 2950 165 63 Après
820 2966 127 33 nous
980 2952 150 47 avoir
1156 2948 225 66 effrayés
1404 2967 104 47 par
1546 2952 50 48 la
1635 2952 297 48 multitude.

381 3088 60 50 Je
460 3086 233 66 perçois,
723 3086 330 69 concluai-je
1081 3103 18 35 :
1124 3089 33 49 à
1183 3086 203 70 chaque
1411 3088 355 69 complément
1782 3088 65 53 de
1872 3085 154 56 l'idée
2049 3104 130 38 vous
2203 3089 136 53 allez

221 3157 35 51 à
360 3156 34 52 là
395 3157 131 65 ligne.

395 3229 395 66 Parfaitement
802 3245 19 43 ;
860 3229 149 52 voilà
1042 3244 103 37 une
1183 3231 269 65 première
1495 3231 187 52 raison
1714 3246 146 52 pour
1897 3235 81 47 cet
2016 3235 320 62 ètagement,

221 3298 332 66 mystérieux
581 3314 148 50 pour
765 3298 292 69 beaucoup,
1085 3300 66 52 de
1178 3301 199 67 petites
1415 3301 169 67 lignes
1620 3304 255 66 inégales,
1902 3302 341 52 maintenant
2266 3317 73 39 un

224 3368 239 68 exemple
491 3368 64 52 de
580 3384 116 38 vers
726 3386 17 38 :

976 3465 38 47 0
1044 3467 89 59 toi,

841 3527 183 58 Haine,
1052 3541 199 46 amour,
1283 3528 186 50 double
1486 3530 131 63 joie,

851 3588 106 57 Que
983 3592 248 58 rêves-tu,

849 3640 169 58 Assise
1041 3651 139 47 ainsi
1208 3651 149 49 vêtue
