2791 4089
2246 412 123 47 1123

902 413 273 36 SOUVENIRS
1204 414 65 33 DE
1301 413 162 37 CLARA
1496 416 266 35 SCHUMANN

296 563 60 51 et
389 576 113 53 que
536 558 56 70 je
626 556 202 56 devais
868 557 176 55 venir.
1082 558 98 68 Et,
1216 559 147 55 dans
1396 566 156 52 cette
1585 560 306 69 situation,
1924 559 56 71 je
2013 560 108 55 dus
2157 562 217 54 donner

299 656 138 39 mon
469 644 251 50 concert.
756 638 108 55 Les
896 656 139 53 gens
1067 638 295 58 affirment
1395 657 113 53 que
1537 640 102 72 j'ai
1673 640 535 74 particulièrement
2238 639 137 56 bien

299 718 134 71 joué
470 736 64 38 ce
572 718 199 55 soir-là
795 739 14 47 ;
847 718 149 60 mais
1033 718 57 70 je
1125 718 116 56 n'ai
1282 718 123 57 rien
1442 724 256 55 entendu
1734 728 58 50 et
1830 722 55 71 je
1922 739 72 37 ne
2030 719 115 56 sais
2187 719 188 56 même

299 798 132 71 plus
459 797 47 56 si
536 795 102 73 j'ai
671 797 134 71 joué
833 802 60 49 et
922 814 65 39 ce
1015 816 113 52 que
1156 797 100 71 j'ai
1287 798 153 70 joué.
1473 799 70 70 Je
1573 800 114 55 sais
1716 802 320 54 seulement
2065 818 115 54 que
2208 804 167 51 toute

297 878 59 57 la
390 877 140 57 salle
564 877 235 72 nageait
836 878 220 55 devant
1091 894 121 39 mes
1246 894 156 54 yeux
1437 884 58 49 et
1532 898 112 54 que
1677 886 136 49 tout
1839 879 273 61 semblait
2135 884 244 52 tourner

301 966 217 49 autour
562 958 69 56 de
670 957 135 59 moi.
847 957 515 61 Immédiatement
1400 959 166 71 après
1603 960 52 56 le
1706 967 251 63 concert,
2009 980 58 53 je
2117 978 93 42 me
2266 959 112 56 mis

303 1057 71 37 en
410 1043 168 50 route
624 1056 148 53 pour
809 1038 188 55 Bonn.

414 1137 22 29 «
471 1117 91 56 De
598 1136 273 37 nouveau
930 1134 76 37 on
1043 1134 93 40 me
1171 1117 195 56 refusa
1401 1118 238 57 l'entrée
1666 1141 13 47 ;
1717 1119 149 56 mais
1901 1122 56 70 je
1994 1119 283 73 protestai
2315 1124 61 51 et

304 1198 91 56 dis
437 1218 12 33 :

416 1298 21 28 «
584 1275 285 73 Puisqu'il
907 1275 124 58 doit
1071 1277 237 70 mourir,
1346 1296 97 40 ma
1479 1279 271 70 présence
1786 1298 72 37 ne
1895 1287 142 63 peut
2075 1279 80 55 lui
2192 1278 184 57 nuire.

305 1359 71 70 Je
421 1374 155 40 veux
621 1362 211 52 entrer.

417 1458 23 28 «
487 1437 70 70 Je
601 1435 239 58 l'aurais
888 1437 34 53 à
967 1435 170 72 peine
1183 1455 271 39 reconnu,
1505 1439 131 55 sauf
1679 1438 323 57 seulement
2061 1457 89 38 ses
2227 1456 155 53 yeux

305 1515 371 70 admirables,
713 1515 98 74 qui
847 1514 226 59 étaient
1108 1517 142 56 fixés
1284 1535 99 38 sur
1416 1517 117 56 moi
1570 1524 60 50 et
1666 1518 100 72 qui
1802 1521 390 69 rayonnèrent
2227 1517 124 57 subi-

305 1603 246 53 tement.

418 1697 22 29 «
582 1675 96 55 Ma
714 1675 189 58 chérie
929 1677 10 53 !
979 1675 345 72 s'écria-t-il,
1357 1679 287 55 étendant
1680 1693 131 41 vers
1846 1678 115 56 moi
1999 1697 90 37 ses
2121 1678 154 55 bras.

419 1778 22 28 «
474 1758 51 53 Il
555 1777 73 37 ne
664 1755 224 56 voulait
921 1755 123 59 rien
1076 1776 256 53 manger,
1364 1759 355 70 prétendant
1753 1761 175 69 qu'on
1969 1758 222 56 voulait
2223 1758 129 55 l'em-

308 1837 330 73 poisonner.
705 1837 89 56 De
845 1837 117 54 moi
1004 1838 176 67 seule,
1216 1837 44 54 il
1298 1843 241 66 accepta
1578 1858 80 36 un
1693 1857 114 53 peu
1848 1841 70 54 de
1956 1838 332 56 nourriture
2323 1841 61 52 et

306 1917 224 56 suivait
574 1918 99 55 des
713 1935 155 52 yeux
907 1922 136 49 tous
1082 1935 122 38 mes
1244 1923 425 51 mouvements.
1713 1919 72 69 Je
1824 1918 93 55 fus
1957 1936 247 53 presque
2244 1918 105 53 heu-

308 2015 185 50 reuse,
535 1999 145 55 dans
718 2015 98 35 ma
851 1996 239 55 terrible
1127 1996 346 69 souffrance,
1513 1999 72 55 de
1622 1998 201 69 sentir,
1862 2017 113 37 une
2011 1997 111 54 fois
2158 2012 227 53 encore,

311 2095 108 39 son
456 2078 187 72 grand
678 2095 220 36 amour.

423 2177 23 29 «
478 2157 157 68 Puis,
663 2157 43 53 il
736 2162 254 49 mourut.
1024 2157 79 54 Et
1133 2157 139 68 moi,
1302 2163 169 51 toute
1500 2159 155 55 seule
1684 2177 98 36 sur
1810 2158 57 55 la
1896 2163 151 51 terre
2079 2171 141 42 avec
2251 2161 136 49 tous

310 2256 122 38 mes
463 2237 181 71 petits
675 2236 232 57 enfants
939 2237 34 53 à
1004 2237 254 56 nourrir!
1296 2237 209 57 C'était
1538 2239 123 56 dur.
1696 2261 21 28 »

426 2557 124 56 Elle
591 2556 217 73 parlait
851 2573 141 38 avec
1034 2556 330 72 simplicité,
1407 2563 60 51 et
1506 2558 270 71 toujours
1820 2559 71 55 de
1931 2557 103 68 lui,
2075 2573 226 38 comme
2341 2553 48 56 si

311 2638 58 53 la
408 2637 95 56 vie
544 2636 162 55 avait
748 2637 153 56 cessé
944 2636 203 72 depuis
1188 2638 165 70 après
1391 2638 103 55 lui.
1536 2638 153 56 Tout
1731 2656 61 38 ce
1833 2637 99 72 qui
1975 2636 196 55 s'était
2224 2634 168 73 passé

315 2716 225 72 depuis,
576 2716 105 57 elle
715 2716 135 55 n'en
884 2714 179 56 disait
1096 2735 247 53 presque
1377 2717 143 57 rien.
1559 2718 213 55 C'était
1806 2717 268 71 toujours
2106 2713 81 56 lui
2215 2714 12 54 !
2267 2713 125 56 Elle

311 2796 150 57 était
494 2815 64 38 ce
591 2815 113 53 que
737 2796 124 57 doit
894 2796 124 57 être
1049 2815 112 38 une
1193 2797 161 57 vraie
1388 2813 185 42 veuve
1609 2820 12 33 :
1655 2799 52 56 le
1739 2797 292 61 mausolée
2065 2796 209 54 vivant
2322 2794 71 55 de

314 2893 108 39 son
460 2876 169 56 mari.
670 2876 130 56 Une
840 2874 111 56 fois
990 2876 106 57 elle
1150 2891 92 42 me
1279 2883 263 64 raconta,
1585 2883 170 51 toute
1795 2878 137 55 hors
1988 2873 400 69 d'elle-même,

315 2957 217 71 qu'une
570 2958 171 56 dame
775 2953 83 57 lui
897 2954 164 56 avait
1100 2957 304 70 demandé,
1446 2959 144 56 dans
1627 2976 114 38 une
1780 2957 200 68 soirée,
2017 2956 47 54 si
2105 2972 105 38 son
2246 2952 146 60 mari

316 3034 153 56 aussi
506 3036 148 54 était
689 3034 271 73 pianiste.
998 3056 22 29 «
1054 3036 85 54 La
1171 3052 222 56 pauvre
1418 3038 11 54 !
1471 3059 22 29 »
1527 3037 359 71 m'écriai-je.
1924 3037 80 55 Et
2039 3036 105 56 elle
2177 3052 74 37 ne
2284 3037 110 67 put

316 3116 357 72 s'empêcher
706 3118 71 55 de
808 3116 235 56 sourire.
1078 3117 72 70 Je
1181 3136 92 37 me
1303 3119 256 72 rappelle
1589 3136 204 39 encore
1825 3117 209 75 qu'elle
2063 3133 94 42 me
2194 3112 201 56 faisait

318 3196 164 72 jouer
526 3196 53 56 le
624 3213 272 40 morceau
938 3196 237 56 intitulé
2138 3198 208 55 Glucks

322 3277 146 56 dans
503 3295 114 37 une
654 3276 258 57 sonorité
948 3281 134 51 tout
1120 3278 36 54 à
1190 3276 111 57 fait
1340 3279 199 56 douce.
1580 3279 97 55 Un
1711 3279 264 55 bonheur
2011 3276 158 72 plein
2194 3276 73 56 de
2289 3271 81 57 lui-

319 3354 189 58 même
539 3362 59 48 et
629 3356 263 54 rassasié.
926 3356 79 54 Et
1037 3373 223 40 comme
1289 3360 56 68 je
1374 3377 93 41 me
1499 3358 250 69 récriais,
1780 3377 71 37 ne
1867 3360 380 68 comprenant
2270 3368 108 58 pas

322 3434 105 56 elle
465 3436 249 72 plongea
752 3455 107 37 son
897 3437 207 70 regard
1143 3437 145 56 dans
1326 3438 52 56 le
1418 3438 176 70 mien,
1635 3451 223 43 comme
1896 3453 149 55 pour
2084 3452 93 42 me
2218 3433 123 56 dire
2383 3451 11 34 :

323 3536 23 29 «
385 3516 135 56 Cela
559 3535 224 53 prouve
824 3536 114 52 que
978 3516 102 71 j'ai
1122 3536 73 37 eu
1233 3518 131 71 plus
1407 3521 72 54 de
1519 3521 264 54 bonheur
1825 3536 115 53 que
1988 3533 140 39 vous
2171 3530 227 50 encore,

325 3612 99 40 car
460 3596 117 58 moi
616 3596 56 71 je
709 3597 364 71 comprends.
1114 3616 23 31 »

436 3676 93 54 Au
548 3676 147 56 mois
722 3680 69 53 de
822 3676 117 56 mai
972 3694 147 38 nous
1146 3677 236 57 allâmes
1404 3680 35 53 à
1459 3681 258 67 Moscou,
1743 3683 59 51 et
1825 3678 56 71 je
1904 3673 310 60 l'entendis
2238 3672 161 71 jouer
