2791 4089
1093 315 245 36 BULLETIN
1383 312 243 44 FRANÇAIS
1669 310 65 33 DE
1778 307 64 34 LA
1888 304 39 36 S.
1976 303 30 34 I.
2054 300 52 34 M.

572 322 116 35 1210

564 480 131 49 teur
723 494 13 47 ;
767 471 141 55 d'un
935 468 267 52 concerto
1232 480 145 53 pour
1406 459 197 55 violon
1630 461 58 51 et
1719 454 308 61 orchestre,
2058 443 268 72 composé
2354 459 104 54 par
2489 439 133 55 Mlle

572 548 303 60 Elisabeth
934 545 258 69 Kuyper,
1251 538 388 73 compositeur
1694 527 395 62 néerlandaise
2148 522 269 56 attachée
2477 518 145 55 àla

567 625 367 62 Hochschule
967 625 70 53 de
1068 620 198 55 Berlin
1292 641 13 46 ;
1339 620 68 54 de
1439 617 266 70 musique
1739 613 68 55 de
1843 611 175 53 danse
2049 621 146 54 pour
2228 603 289 52 orchestre
2552 598 71 55 de

571 710 227 56 Koeber
840 711 59 49 et
944 705 70 54 de
1054 700 145 55 trois
1241 698 205 56 Lieder
1489 697 70 56 de
1600 696 238 62 Zweers,
1884 686 221 55 Arnold
2147 680 170 73 Spael
2355 686 57 49 et
2458 677 158 56 L.-F.

569 787 257 56 Brandts
852 785 181 68 Buys,
1063 778 239 56 chantés
1327 795 107 53 par
1461 776 133 54 Mlle
1620 773 153 69 Tilly
1804 769 259 54 Koenen.

680 868 78 52 Le
795 879 364 57 programme
1193 857 148 57 était
1377 858 130 70 plus
1541 856 134 70 long
1715 868 112 56 que
1851 847 310 72 captivant
2196 846 60 49 et
2293 858 72 36 ne
2403 854 146 37 nous
2586 854 34 35 a

567 946 218 72 signalé
811 960 222 38 aucune
1062 956 196 37 œuvre
1282 936 265 56 nouvelle
1571 933 139 55 bien
1729 928 404 56 intéressante.
2163 922 41 53 C
2228 924 86 50 est
2338 918 54 55 le
2416 917 204 70 poème

565 1022 426 75 symphonique
1024 1017 147 57 Saùl
1214 1023 46 47 et
1297 1016 188 53 David
1518 1014 70 54 de
1620 1013 321 66 Wagenaar
1973 1002 99 72 qui
2106 1020 33 34 a
2171 1004 92 49 ete
2293 998 52 53 le
2376 997 129 70 plus
2536 993 56 53 fa-

568 1103 399 56 vorablement
1002 1096 277 68 accueilli,
1315 1101 58 49 et
1405 1096 52 53 le
1489 1091 254 73 pianiste
1777 1082 316 58 Oberstadt
2129 1098 33 35 a
2195 1083 93 48 ete
2322 1075 300 54 vivement

568 1181 277 74 applaudi
879 1180 166 69 après
1076 1177 57 52 la
1164 1176 146 56 belle
1340 1172 309 57 exécution
1682 1169 68 55 de
1782 1183 107 37 son
1921 1166 267 50 concerto
2222 1173 140 37 avec
2397 1154 192 55 orches-

567 1268 109 63 tre,
720 1280 83 37 un
845 1274 253 53 ouvrage
1141 1275 72 35 en
1255 1255 144 54 trois
1440 1251 218 72 parties
1702 1248 70 55 de
1815 1244 184 54 forme
2041 1234 455 59 traditionnelle.
2544 1233 79 53 Le

568 1346 268 52 concerto
860 1355 147 56 pour
1033 1336 197 54 violon
1256 1337 70 53 de
1352 1333 132 55 Mlle
1510 1327 304 57 Elisabeth
1841 1324 242 69 Kuyper
2108 1340 40 34 n
2171 1336 34 34 a
2229 1333 106 54 pas
2360 1312 264 72 répondu

569 1423 36 52 à
633 1423 270 52 l'attente
935 1422 56 50 et
1024 1417 96 55 n'a
1153 1434 79 52 pu
1263 1409 270 75 parvenir
1565 1408 137 71 qu'à
1731 1403 170 72 peine
1933 1402 35 52 à
1997 1417 82 37 un
2110 1395 194 56 succès
2338 1394 38 54 d
2398 1390 222 59 estime.

571 1503 195 70 Quant
798 1500 33 52 à
856 1498 57 52 la
941 1493 266 71 musique
1236 1495 70 53 de
1335 1493 177 54 danse
1541 1489 71 54 de
1642 1484 287 68 Koeberg,
1957 1479 107 55 elle
2092 1496 34 34 a
2153 1475 93 54 été
2274 1470 349 58 froidement

569 1578 294 58 accueillie
897 1582 60 50 et
991 1577 57 52 la
1082 1572 272 71 majorité
1391 1572 77 53 du
1501 1564 197 75 public
1734 1568 87 51 est
1856 1558 190 74 partie
2081 1555 262 73 pendant
2378 1552 215 54 l'exécu-

568 1660 131 57 tion
747 1660 69 54 de
863 1675 62 35 ce
971 1671 284 43 morceau.
1305 1648 193 57 Parmi
1543 1648 82 54 les
1668 1642 145 56 trois
1857 1639 226 66 Lieder,
2129 1632 494 72 supérieurement

571 1740 241 54 chantés
838 1752 106 55 par
972 1738 166 50 notre
1167 1732 340 52 charmante
1536 1722 421 70 concitoyenne
1987 1717 133 54 Mlle
2149 1712 156 71 Tilly
2360 1710 264 66 Koenen,

569 1820 141 53 c'est
746 1818 106 54 Ma
892 1816 202 68 langue
1128 1808 316 56 maternelle
1451 1853 11 21 }
1501 1807 69 53 de
1603 1803 159 53 L.-F.
1799 1798 256 55 Brandts
2088 1794 181 69 Buys,
2304 1788 99 74 qui
2446 1807 26 33 3
2507 1787 88 54 ins-

569 1897 123 74 piré
720 1898 54 54 le
802 1896 130 71 plus
962 1891 184 72 grand
1172 1886 449 57 enthousiasme.

684 1973 193 57 Parmi
932 1973 82 54 les
1070 1968 226 56 solistes
1357 1964 99 72 qui
1501 1967 145 51 vont
1697 1977 61 38 se
1815 1957 146 54 faire
2017 1953 278 57 entendre
2338 1967 117 36 aux
2496 1963 97 55 pro-

571 2055 201 55 chains
807 2055 260 53 concerts
1103 2051 69 53 de
1204 2048 57 52 la
1296 2044 223 58 Société
1556 2043 70 55 de
1658 2034 322 74 Diligentia
2016 2036 34 50 à
2082 2036 84 52 La
2200 2029 189 71 Haye,
2421 2027 43 53 il
2497 2027 130 52 faut

569 2135 142 54 citer
738 2149 222 41 comme
988 2131 341 52 chanteuses
1360 2146 11 32 :
1400 2128 166 50 notre
1594 2121 304 52 charmant
1950 2110 288 59 contralto
2470 2104 158 71 Julia

573 2215 144 69 Culp
745 2236 12 46 ;
799 2213 154 54 Mme
992 2211 130 52 Von
1164 2203 509 57 Krauss-Osborne
1712 2202 60 51 et
1813 2196 133 54 Mlle
1985 2190 219 73 Angèle
2243 2188 225 55 Vidron
2495 2207 12 47 ;
2547 2185 81 55 les

573 2288 441 60 violoncellistes
1047 2286 171 70 Hugo
1254 2283 217 55 Becker
1503 2286 59 49 et
1592 2279 199 54 Anton
1823 2272 277 70 Hekhing
2128 2292 12 46 ;
2172 2271 81 52 les
2288 2264 340 57 violonistes

571 2373 132 54 Mlle
736 2370 142 57 Stefi
908 2368 204 70 Geyer,
1145 2364 137 55 MM.
1319 2362 127 55 Cari
1477 2359 202 55 Flesch
1710 2362 59 49 et
1802 2353 218 57 Sebald
2045 2373 13 46 ;
2091 2363 223 41 comme
2345 2344 283 73 pianistes

571 2452 137 55 MM.
743 2448 187 55 Risler
958 2451 60 51 et
1048 2442 267 56 Frédéric
1345 2439 282 55 Lamond.
1661 2437 51 52 A
1738 2431 358 58 l'exécution
2126 2429 70 55 de
2251 2427 57 53 la
2360 2441 269 52 musique

568 2532 315 69 d'Egmont
931 2527 70 55 de
1048 2525 337 53 Beethoven
1430 2519 320 70 prendront
1799 2517 134 67 part
1983 2511 76 53 M.
2112 2504 347 73 Rooyaards
2510 2504 88 66 (dé-

568 2608 335 66 clamation)
950 2611 59 49 et
1053 2605 154 53 Mme
1250 2602 169 55 Anna
1465 2597 232 71 Kappel
1743 2593 245 69 (chant).
2039 2588 138 55 Puis
2222 2602 147 39 nous
2413 2599 216 39 aurons

567 2688 283 74 plusieurs
870 2683 158 56 chefs
1052 2682 348 57 d'orchestre
1420 2678 295 69 étrangers
1738 2674 69 54 de
1827 2668 250 74 premier
2098 2668 183 53 ordre.

681 2770 84 52 La
800 2765 224 57 Société
1059 2759 224 73 Royale
1320 2754 330 61 d'Oratorio
1686 2754 34 52 à
1753 2749 375 56 Amsterdam
2159 2745 308 55 exécutera
2500 2740 104 55 l'hi-

572 2866 99 38 ver
718 2845 279 73 prochain
1043 2842 57 53 la
1735 2837 306 57 Neuvième
2418 2833 214 73 Symph
1881 2831 70 54 de
2003 2828 340 55 Beethoven
2369 2843 13 47 ;

573 2931 70 55 de
672 2925 246 55 Heendel
944 2946 13 46 ;
987 2923 56 54 la
1075 2917 385 58 Résurrection
1499 2916 77 53 du
1621 2912 184 56 Christ
1847 2912 70 53 de
1947 2911 159 52 Foch
2133 2928 11 46 ;
2177 2904 113 55 Ode
2324 2903 35 52 à
2397 2898 235 56 Vamitié

574 3007 69 55 de
670 3007 193 69 Johan
891 3003 321 69 Wagenoor
1236 3003 57 50 et
1320 2997 52 53 le
2248 2993 181 56 Chant
2018 2991 69 52 de
2108 2987 254 52 Vincent
2393 2983 39 53 d
2454 2980 173 69 Indy.

684 3087 82 52 La
800 3082 224 57 Société
1056 3096 147 53 pour
1232 3076 544 67 l'Encouragement
1811 3071 70 53 de
1912 3068 151 52 l'Art
2096 3063 242 56 Musical
2374 3063 254 52 donnera

573 3179 221 41 comme
823 3163 267 69 toujours
1120 3163 160 51 entre
1312 3161 193 48 autres
1538 3171 109 35 une
1677 3148 311 57 exécution
2013 3148 69 53 de
2111 3147 57 52 la
2199 3142 246 54 Passion
2473 3139 157 55 selon

586 3241 457 59 Saint-Mathieu
1059 3241 69 53 de
1160 3238 138 69 J.-S.
1331 3234 178 54 Bach.

684 3323 50 54 A
776 3323 57 52 la
875 3321 82 54 fin
1001 3321 70 53 de
1114 3314 328 73 septembre
1482 3312 58 52 la
1584 3311 218 53 célèbre
1848 3306 226 57 Société
2120 3302 222 71 Royale
2388 3298 240 55 Chorale

573 3403 192 70 Belge,
807 3402 54 53 la
896 3400 174 71 Legia
1106 3398 69 55 de
1212 3394 189 70 Liège,
1440 3393 254 54 donnera
1730 3405 133 38 sous
1896 3387 58 52 la
1990 3382 287 58 direction
2312 3382 68 53 de
2417 3379 76 52 M.
2534 3378 63 69 Jé-

572 3483 159 54 rôme
770 3483 154 54 deux
962 3482 279 62 concerts,
1282 3490 139 38 avec
1451 3472 50 53 le
1540 3486 276 38 concours
1857 3469 70 52 de
1965 3467 76 52 M.
2068 3460 260 72 Leopold
2352 3458 275 67 Charlier,

572 3561 322 71 professeur
944 3562 67 53 de
1061 3557 195 55 violon
1303 3572 75 35 au
1425 3548 438 57 Conservatoire
1913 3548 70 53 de
2028 3544 192 70 Liège,
2270 3542 76 52 M.
2396 3541 232 66 Mawet,
