2791 4089
361 401 121 50 1172

886 403 245 35 BULLETIN
1178 403 241 47 FRANÇAIS
1464 406 64 34 DE
1575 405 63 34 LA
1683 403 40 37 S.
1773 403 30 36 I.
1852 403 50 35 M.

1368 553 53 49 II

557 690 76 48 De
666 690 180 56 même,
883 690 30 46 ô
948 690 312 58 Beethoven,
1297 696 112 45 âme
1443 693 32 47 à
1507 692 182 62 jamais
1724 692 298 53 chantante,

555 757 132 62 Lyre
718 754 245 51 immense
993 755 209 50 vibrant
1235 758 32 47 à
1297 763 116 44 tous
1444 759 71 47 les
1547 759 165 48 bruits
1745 758 70 48 du
1848 755 108 57 ciel,

557 821 185 61 Quand
772 826 61 45 tu
865 823 193 57 venais,
1091 824 47 47 le
1171 825 116 57 soir,
1321 826 295 49 t'accouder
1648 839 116 34 sous
1796 823 52 48 la
1880 825 138 46 tente.

555 887 82 49 Où
675 889 62 48 de
774 889 156 49 vieux
967 890 259 63 villageois
1264 892 264 59 buvaient,
1566 892 113 47 l'air
1716 890 241 56 solennel,

555 953 82 49 En
670 956 242 50 écoutant
944 957 71 47 les
1049 959 182 47 chants
1264 957 131 50 naïfs
1429 961 125 47 d'un
1585 957 272 51 ménestrel
1880 973 11 41 ;

557 1079 80 48 Oh
659 1084 12 46 !
696 1084 118 45 tous
841 1097 80 33 ces
949 1083 180 48 chants
1155 1084 132 49 naïfs
1315 1086 127 48 dont
1470 1086 51 48 la
1546 1086 183 63 phrase
1754 1082 205 53 module

555 1145 84 51 Un
666 1148 173 51 thème
866 1155 279 45 monotone
1171 1158 52 42 et
1251 1153 179 62 simple
1550 1153 127 49 mais
1705 1152 43 48 si
1775 1150 113 49 vrai
1910 1154 11 45 !

551 1213 78 49 De
653 1214 72 48 les
752 1216 244 49 entendre
1024 1218 127 48 ainsi
1179 1219 126 48 dans
1331 1220 46 46 le
1404 1219 117 47 bleu
1550 1218 288 63 crépuscule

554 1281 111 47 Ton
705 1285 113 46 âme
860 1282 295 51 frissonnait
1198 1286 123 48 d'un
1363 1286 154 47 délire
1557 1286 139 47 sacré

555 1347 87 59 Et,
662 1347 72 50 les
753 1354 202 55 notant,
979 1352 199 61 pensait
1204 1369 9 31 :
1236 1369 20 29 «
1275 1352 61 62 Je
1359 1367 80 36 me
1457 1352 71 48 les
1550 1351 263 49 chanterai
1837 1355 11 42 !
1870 1366 20 28 »

557 1459 119 51 Puis
703 1464 175 60 quand
903 1469 60 43 tu
987 1469 53 45 te
1065 1465 157 49 levais
1250 1467 69 47 du
1345 1467 131 48 banc
1503 1468 61 46 de
1590 1465 110 50 bois
1726 1464 230 62 rustique
2220 1461 8 64 j

560 1527 185 61 Quand
882 1545 80 33 ces
1005 1533 101 48 airs
1151 1534 126 46 dans
1321 1538 93 42 ton
1452 1548 138 32 cœur
1626 1531 237 49 s'enflant
1900 1534 52 43 et
1994 1529 324 48 s'émouvant

559 1595 79 47 Tu
666 1597 250 49 marchais
945 1599 31 47 à
1004 1614 91 47 pas
1120 1599 149 58 lents,
1300 1615 114 32 vers
1440 1600 50 46 la
1519 1600 131 47 forêt
1679 1599 276 62 mystique,

560 1660 317 52 Grouillante
908 1665 87 48 des
1025 1681 229 33 rumeurs
1286 1667 86 47 des
1404 1666 190 47 feuilles
1626 1670 51 44 et
1710 1666 70 47 du
1809 1668 141 51 vent,

560 1726 400 54 Bourdonnante
988 1733 204 47 d'échos
1220 1733 154 62 qu'on
1404 1733 191 64 perçoit
1622 1748 64 32 en
1712 1733 182 47 rêvant
1919 1747 10 41 ;

558 1839 145 50 Alors
733 1856 55 33 ce
817 1844 215 62 premier
1059 1846 171 47 thème
1260 1845 31 46 à
1319 1845 49 48 la
1397 1846 182 61 phrase
1607 1850 150 42 naïve

559 1907 109 48 Ton
698 1922 138 35 cœur
863 1910 306 62 l'amplifiait
1200 1912 86 46 des
1315 1912 164 47 bruits
1508 1912 62 47 de
1597 1912 49 47 la
1675 1911 149 58 forêt,

559 1972 85 50 Du
673 1976 125 49 choc
826 1977 216 48 lointain
1072 1980 87 47 des
1189 1978 116 49 flots
1335 1980 88 61 qui
1453 1983 235 46 montent
1719 1994 86 33 sur
1834 1978 51 49 la
1913 1977 109 48 rive

558 2041 68 48 Et
659 2043 72 47 du
761 2044 373 49 recueillement
1169 2046 265 61 grandiose
1466 2049 52 44 et
1552 2046 184 47 discret

557 2107 109 62 Que
690 2109 166 48 donne
882 2126 64 30 au
971 2110 92 46 ciel
1085 2112 217 61 profond
1325 2110 49 49 la
1396 2112 118 47 lune
1538 2112 88 62 qui
1650 2110 184 64 paraît.

554 2217 119 50 Puis
706 2220 201 62 lorsque
944 2222 127 47 dans
1105 2227 92 43 ton
1231 2222 123 59 sein,
1390 2239 176 31 source
1602 2223 62 47 de
1698 2221 320 65 symphonie,

555 2284 204 51 Autour
789 2288 62 48 de
883 2293 135 45 cette
1049 2291 197 61 phrase,
1279 2306 70 32 un
1381 2291 114 57 soir,
1529 2291 132 61 prise
1693 2307 64 32 en
1788 2293 229 60 passant,

555 2352 126 48 Sous
720 2354 308 50 l'évocation
1068 2357 237 62 magique
1345 2357 70 47 du
1458 2357 170 57 Génie,

558 2418 245 51 S'étaient
830 2423 214 62 groupés
1068 2424 72 47 les
1164 2424 136 57 voix,
1325 2424 72 47 les
1423 2424 218 62 plaintes
1667 2428 50 44 et
1740 2424 216 47 l'accent

555 2484 167 51 D'une
757 2489 370 49 orchestration
1164 2490 89 62 qui
1287 2495 175 45 monte
1498 2508 62 30 en
1597 2495 322 59 progressant
1942 2505 12 44 ;

553 2597 184 62 Quand
779 2599 524 65 l'accompagnement
1348 2603 171 48 s'était
1564 2603 95 48 fait
1705 2617 139 33 assez
1885 2602 138 63 large

554 2664 135 48 Pour
719 2669 241 48 encadrer
992 2670 126 47 dans
1148 2686 72 30 un
1253 2670 148 47 décor
1432 2672 195 48 illimité

553 2730 137 51 L'air
714 2734 231 61 rustique
971 2740 52 42 et
1051 2751 128 46 pour
1204 2737 126 47 faire
1355 2753 99 31 une
1481 2737 213 48 sublime
1722 2737 166 60 image

550 2796 82 48 Au
668 2803 144 45 texte
850 2801 217 63 primitif
1104 2803 127 47 dont
1269 2803 50 47 la
1357 2803 268 62 simplicité

551 2866 230 50 Tranche
811 2869 378 62 magiquement
1220 2885 85 31 sur
1334 2874 115 43 tant
1481 2871 62 47 de
1571 2870 215 62 majesté
1809 2888 11 42 ;

549 2979 163 60 Alors,
750 2983 30 47 ô
816 2982 311 58 Beethoven,
1164 2983 196 57 maître,
1399 2983 127 48 dans
1560 2999 71 33 un
1667 2985 151 47 délire

551 3046 79 47 Tu
656 3048 170 48 notais
854 3064 195 34 comme
1076 3065 71 31 un
1175 3049 117 48 dieu
1320 3065 128 46 pour
1474 3050 213 48 l'avenir
1714 3053 234 61 profond,

551 3112 93 50 Ces
663 3130 273 36 morceaux
955 3116 295 57 immortels,
1270 3116 136 47 vrais
1425 3119 211 47 mondes
1655 3120 156 61 qu'on
1830 3125 125 56 peut
1973 3120 108 52 lire.

553 3181 209 50 Mondes
790 3185 66 46 où
882 3189 59 42 tu
968 3185 241 47 descends
1237 3199 116 32 sans
1380 3185 158 57 effroi,
1566 3185 242 63 jusqu'au
1833 3187 141 59 fond,

550 3248 229 49 Trouant
812 3251 107 47 leur
952 3252 175 48 ombre
1160 3267 123 32 avec
1315 3251 45 47 le
1394 3251 138 48 soleil
1566 3253 61 47 de
1660 3259 92 43 ton
1785 3255 139 48 front
1948 3260 65 43 !...

551 3361 143 59 Mais,
728 3377 117 34 sans
878 3369 52 42 te
963 3365 194 47 soucier
1192 3365 86 47 des
1311 3365 208 48 lauriers
1554 3382 83 31 sur
1669 3372 57 43 ta
1759 3368 123 58 tête,

546 3429 234 48 Solitaire
816 3432 250 61 toujours,
1104 3436 61 42 tu
1200 3431 195 48 laissais
1432 3432 255 50 l'Univers

546 3495 258 48 Résonner
833 3497 126 49 dans
987 3502 93 44 ton
1110 3502 126 54 âme,
1273 3513 53 33 or
1354 3514 97 47 pur
1479 3500 86 61 qui
1592 3500 45 47 le
1665 3501 188 60 reflète,

549 3561 141 48 Echo
719 3562 88 62 qui
833 3565 225 47 réfléchit
1087 3580 78 32 ses
1193 3566 134 48 mille
1357 3567 180 46 chants
1566 3567 183 59 divers,

644 3629 210 49 Eternel
889 3631 187 62 inspiré
1114 3633 85 47 des
1239 3633 213 47 éternels
1490 3640 227 43 concerts
1741 3640 11 44 !
