2791 4089
752 1340 561 126 POÉSIE
1425 1350 193 104 ET
1730 1330 740 117 MUSIOUE

934 1729 36 39 L
1004 1731 38 52 y
1080 1728 35 36 a
1150 1726 71 36 eu
1256 1724 78 36 un
1368 1699 289 57 Monsieur
1693 1694 97 72 qui
1829 1693 96 57 n'a
1961 1708 105 53 pas
2102 1686 91 56 été
2229 1681 254 60 satisfait

970 1803 122 42 mes
1131 1781 229 59 articles
1402 1799 11 33 :
1449 1779 44 52 il
1529 1775 117 60 m'a
1682 1773 144 54 écrit
1864 1788 113 38 une
2011 1768 172 54 lettre
2226 1765 76 55 où
2349 1760 43 53 il
2443 1756 145 72 m'ap-

970 1867 147 73 pelle
1157 1883 11 33 :
1234 1881 23 29 «
1319 1856 159 58 Petit
1533 1853 299 72 sceptique
1884 1851 132 51 »et
2080 1864 23 29 «
2138 1839 252 59 Baladin
2555 1836 71 70 Je

973 1942 262 77 pourrais
1284 1940 53 54 le
1387 1950 279 56 renvoyer
1714 1949 36 36 a
1798 1925 285 67 Banville,
2131 1921 100 73 qui
2296 1920 67 55 fit
2423 1915 21 54 1
2466 1914 159 69 eloge

979 2025 79 55 du
1092 2018 430 67 saltimbanque
1548 2030 15 49 ;
1597 2010 58 70 je
1688 2006 221 74 préfète
1940 2002 54 55 le
2029 2014 283 57 renvoyer
2359 1995 37 54 à
2433 1990 194 71 Hello,

971 2100 101 65 qui
1106 2113 168 52 passe
1304 2109 147 56 pour
1482 2109 81 36 un
1592 2091 231 52 homme
1854 2081 244 56 sérieux.

702 2188 111 55 T'ai
852 2206 70 39 en
957 2182 139 58 effet
1134 2176 311 59 découvert
1486 2171 141 55 dans
1665 2166 298 54 L'Homme
2000 2166 152 47 cette
2185 2166 232 61 phrase:

703 2288 21 29 «
899 2269 81 52 La
1114 2260 181 71 poésie
1312 2260 48 50 et
1663 2255 54 54 la
1821 2249 274 71 musique,
2427 2243 94 74 qui

600 2350 141 54 dans
804 2343 73 54 les
934 2331 473 69 mathématiques,
1459 2321 311 73 inflexibles
1827 2323 49 49 et
1945 2314 341 58 absolument
2356 2310 205 52 exactes
2608 2323 21 45 ;

602 2439 200 42 comme
844 2419 51 56 si
945 2418 233 54 Vamour
1234 2411 47 52 et
1340 2405 217 65 l'ordre,
1614 2401 99 69 qui
1773 2392 344 77 quelquefois
2174 2403 140 43 nous
2371 2387 259 54 semblent

607 2499 268 69 ennemis,
914 2491 278 64 mettaient
1229 2486 51 71 je
1318 2502 69 36 ne
1426 2484 114 53 sais
1582 2477 179 73 quelle
1799 2475 320 71 affectation
2163 2472 30 54 à
2230 2484 57 38 se
2326 2466 305 71 proclamer

606 2580 132 56 unis
773 2578 141 56 dans
948 2589 82 38 ces
1064 2569 190 55 hautes
1288 2557 443 73 manifestations
1760 2550 409 60 d'eux-mêmes.

715 2658 89 54 Au
825 2651 250 78 premier
1100 2643 200 67 abord,
1324 2640 125 56 rien
1474 2640 68 53 de
1561 2635 132 72 plus
1714 2630 222 74 simple.
1961 2626 195 58 Vérité
2184 2625 98 56 dès
2305 2621 326 71 longtemps

607 2735 241 68 admise,
898 2731 301 59 dira-t-on.
2277 2777 13 13 .
2533 2771 12 21 ,

710 2817 92 54 Eh
818 2811 139 58 bien
981 2809 12 55 !
1016 2804 115 57 moi
1153 2800 99 74 qui
1274 2796 213 59 n'aime
1503 2809 106 57 pas
1625 2791 83 55 les
1726 2786 213 58 vérités
1961 2786 266 62 admises,
2246 2796 47 37 si
2316 2781 215 69 quelqu
2552 2791 80 37 un

609 2898 143 53 veut
780 2908 91 38 me
901 2885 125 61 dire
1054 2900 73 38 en
1150 2880 122 56 bon
1298 2870 269 71 français,
1597 2870 33 53 à
1658 2865 188 73 quelle
1874 2862 201 59 réalité
2105 2852 348 76 correspond
2479 2855 154 53 cette

608 2974 212 70 phrase
860 2970 69 56 de
969 2961 186 69 Hello,
1195 2952 192 77 j'offre
1423 2954 36 52 à
1510 2952 90 53 cet
1646 2944 209 73 Œdipe
1905 2960 81 37 un
2034 2942 154 70 petit
2237 2947 272 44 macaron
2564 2932 68 52 de

712 3129 154 53 Rien
885 3123 150 57 n'est
1056 3118 47 55 si
1130 3111 235 62 difficile
1385 3124 113 56 que
1522 3106 69 56 de
1616 3100 223 59 vouloir
1863 3100 217 54 donner
2098 3100 136 66 trop
2259 3093 70 56 de
2348 3083 284 79 précision

609 3209 36 52 à
677 3223 63 38 ce
769 3201 99 75 qui
905 3219 73 38 en
1007 3195 296 72 comporte
1331 3187 45 56 si
1409 3203 131 57 peu.

1166 3429 7 5 '
1192 3427 2 25 -
1195 3429 15 9 v
1223 3427 52 25 -m

1244 3452 2 14 .
1254 3452 4 14 *
1266 3452 7 11 *

724 3520 77 56 M.
842 3507 576 73 Sully-Prudhomme
1454 3502 89 52 est
1577 3496 154 57 mort
1769 3513 14 34 :
1821 3490 124 57 cela
1978 3505 74 39 ne
2086 3485 120 57 m'a
2239 3499 105 58 pas
2382 3476 250 59 attristé.

617 3599 52 54 Il
701 3615 39 56 y
771 3559 36 92 à
834 3613 75 39 eu
938 3589 224 61 ensuite
1188 3600 115 45 une
1327 3577 150 63 belle
1506 3570 316 62 cérémonie
1850 3571 36 55 à
1910 3566 61 56 la
1996 3561 339 68 Madeleine,
2366 3572 139 45 avec
2538 3558 95 54 des
