2791 4089
1106 406 339 36 FRESCOBALDI

2184 405 124 49 1135

245 552 249 73 quelque
527 557 126 52 mot
687 570 82 38 un
801 570 116 53 peu
949 569 127 40 rare
1110 571 73 38 en
1214 552 58 55 la
1305 552 193 73 poesie
1531 553 277 73 vulgaire,
1844 551 41 56 il
1919 571 73 37 en
2027 553 285 59 demande

246 632 165 56 advis
449 633 36 55 à
521 650 66 38 sa
622 632 233 70 femme,
894 633 100 72 qui
1031 651 74 40 en
1140 632 148 55 scait
1324 632 131 71 plus
1493 651 112 54 que
1641 633 104 73 luy
1784 635 76 68 (i)
1902 654 40 32 »•
1984 632 137 55 Plus
2156 635 156 68 tard,

244 710 152 58 Doni
430 711 143 56 écrit
607 729 204 39 encore
847 713 35 53 à
914 710 300 58 Mersenne
1250 730 76 38 au
1359 711 156 71 sujet
1552 713 352 72 d'exemples
1940 713 70 55 de
2046 712 266 71 musique

245 791 36 55 à
319 790 209 58 insérer
571 793 145 55 dans
755 810 83 38 un
876 792 178 55 traité
1082 813 11 34 :
1136 813 22 29 «
1200 793 154 54 Pour
1394 792 388 71 Frescobaldi,
1822 793 42 54 il
1904 797 87 51 est
2031 792 53 55 le
2126 792 186 56 moins

242 887 207 56 propre
490 873 71 55 de
599 877 136 50 tous
762 894 13 47 ;
815 889 114 39 veu
969 890 113 53 que
1121 872 141 56 c'est
1302 889 82 38 un
1421 871 234 56 homme
1694 872 117 55 fort
1850 872 262 73 grossier,
2154 890 158 56 quoy

242 950 141 72 qu'il
429 952 135 73 joue
609 952 418 71 parfaitement
1077 952 99 56 des
1224 970 205 53 orgues
1476 956 59 51 et
1582 952 113 55 soit
1744 953 281 56 excellent
2075 971 34 37 a
2154 971 119 37 com-

241 1049 165 54 poser
466 1032 100 56 des
623 1032 300 70 fantasies,
985 1032 294 57 danceries
1337 1036 61 52 et
1457 1031 200 56 choses
1714 1033 348 56 semblables
2089 1055 14 47 ;
2164 1033 147 55 mais

241 1129 149 54 pour
421 1114 404 54 accommoder
848 1112 83 56 les
965 1112 236 73 parties,
1224 1111 42 55 il
1300 1116 89 52 est
1411 1110 118 56 fort
1563 1111 271 72 ignorant
1857 1117 59 50 et
1948 1114 363 71 despourveu

244 1192 71 56 de
344 1191 316 72 jugement,
692 1192 70 56 de
790 1191 172 71 façon
990 1192 181 73 qu'on
1196 1196 144 67 peut
1370 1191 121 56 dire
1520 1191 144 71 qu'il
1691 1191 84 55 ait
1802 1196 169 51 toute
1998 1210 66 37 sa
2090 1192 221 56 science

242 1287 120 39 aux
394 1272 172 54 bouts
603 1274 100 54 des
739 1271 171 57 doits.
950 1272 77 54 Et
1063 1272 57 71 je
1154 1290 73 37 ne
1262 1274 179 53 doute
1474 1289 107 53 pas
1617 1271 142 71 qu'il
1792 1271 114 55 soit
1940 1272 131 71 plus
2105 1272 206 56 estimé

239 1350 122 56 loin
390 1350 148 72 d'icy
565 1369 113 54 que
703 1351 59 55 la
789 1369 76 38 ou
890 1350 41 54 il
959 1356 86 50 est
1077 1354 77 67 (2)
1186 1373 41 31 ».
1257 1351 93 55 En
1375 1355 187 63 outre,
1591 1350 154 54 Doni
1771 1369 73 37 ne
1869 1351 247 71 pouvait
2142 1351 169 72 point

240 1432 329 70 pardonner
625 1434 34 52 à
714 1431 370 56 Frescobaldi
1142 1431 223 56 d'avoir
1421 1432 300 70 approuvé
1775 1431 52 53 le
1881 1432 429 70 tempérament

241 1511 128 71 égal
410 1511 94 56 des
546 1511 316 56 demi-tons
902 1529 114 53 que
1056 1531 22 31 «
2008 1516 292 67 ftannosus
1953 1531 22 28 »
2013 1510 81 54 lui
2147 1511 163 55 avait

240 1592 300 69 persuadé,
602 1611 23 30 «
1139 1591 380 72 frequentibus
2020 1596 49 48 et
2269 1608 43 53 gr
2136 1611 41 47 »,
2240 1591 71 55 de

240 1674 434 54 recommander
726 1691 22 30 «
1374 1676 187 50 contra
1848 1671 165 67 jidem
2278 1689 34 35 au
1818 1671 78 67 (3)
1949 1691 41 33 ».

352 1750 268 72 Maugars
660 1756 89 51 est
791 1751 131 71 plus
962 1751 157 71 juste
1159 1768 149 54 pour
1349 1749 389 69 Frescobaldi,
1783 1749 142 71 qu'il
1966 1749 266 55 entendit
2276 1750 35 53 à

242 1830 206 70 Rome,
482 1851 73 37 en
593 1831 162 72 1639.
884 1831 180 56 décrit
1098 1831 60 53 la
1194 1830 265 71 musique
1495 1830 101 72 qui
1632 1848 58 36 se
1726 1829 129 69 fait,
1893 1849 73 35 en
1999 1829 311 55 l'Oratoire

237 1910 425 71 Saint-Marcel,
702 1911 83 56 les
824 1911 309 56 vendredis
1175 1912 69 54 de
1285 1910 255 68 Carême,
1585 1911 68 53 de
1691 1910 145 53 trois
1877 1911 35 51 à
1949 1909 90 54 six
2085 1910 224 68 heures,

240 1989 35 53 à
311 1990 58 54 la
410 1992 283 54 demande
734 1991 70 55 de
848 1990 59 53 la
946 2010 23 29 «
1008 1989 423 72 Congrégation
1472 1990 98 53 des
1610 1989 198 54 Frères
1857 1987 78 56 du
1981 1987 298 56 Saint-Cru-

239 2069 153 71 cifix,
443 2070 301 72 composée
794 2070 99 56 des
941 2069 131 72 plus
1121 2070 212 71 grands
1382 2067 292 71 seigneurs
1723 2067 70 56 de
1844 2067 203 55 Rome.
2100 2088 22 29 »
2173 2065 51 54 Il
2272 2085 39 52 y

239 2151 227 55 admira
504 2151 305 70 beaucoup
852 2168 83 38 un
975 2149 198 55 violon
1214 2149 100 72 qui
1359 2169 21 28 «
1422 2165 184 38 sonna
1651 2147 70 56 de
1761 2147 59 54 la
1860 2165 145 53 pure
2050 2147 224 55 chroma-

237 2230 165 71 tique
448 2253 22 28 »
662 2250 22 29 «
729 2230 147 54 Mais
922 2235 251 63 surtout,
1222 2227 339 73 ajoute-t-il,
1599 2245 65 38 ce
1708 2227 185 71 grand
1952 2225 358 57 Friscobaldi

237 2309 68 54 fit
362 2310 283 71 paroistre
716 2309 155 55 mille
942 2314 183 50 sortes
1197 2307 394 56 d'inventions
1662 2325 97 37 sur
1827 2324 108 38 son
2005 2305 304 71 clavessin,

236 2387 220 73 l'orgue
494 2394 208 52 tenant
740 2389 295 54 tousiours
1074 2387 198 56 ferme.
1317 2387 76 56 Ce
1432 2387 152 55 n'est
1624 2404 107 53 pas
1783 2404 135 38 sans
1973 2404 172 38 cause
2197 2403 114 54 que

237 2486 63 40 ce
345 2470 238 56 fameux
628 2469 293 72 organiste
969 2471 70 55 de
1084 2469 386 55 Saint-Pierre
1516 2485 36 36 a
1596 2466 201 72 acquis
1843 2471 135 51 tant
2027 2469 70 53 de
2141 2467 136 70 répu-

235 2550 197 54 tation
484 2551 143 55 dans
679 2549 278 71 l'Europe
983 2568 11 33 :
1051 2565 97 37 car
1200 2547 137 57 bien
1389 2565 113 53 que
1554 2564 89 37 ses
1698 2564 227 37 œuvres
1977 2545 332 72 imprimées

235 2630 246 56 rendent
528 2648 159 38 assez
735 2630 70 54 de
849 2629 367 69 témoignage
1263 2629 72 54 de
1378 2644 67 37 sa
1490 2624 327 69 suffisance,
1844 2625 279 56 toutefois
2160 2643 149 53 pour

234 2709 138 56 bien
414 2709 162 72 juger
623 2710 70 55 de
736 2726 65 37 sa
844 2706 285 72 profonde
1172 2707 240 68 science,
1458 2706 42 53 il
1542 2705 130 54 faut
1714 2706 323 55 l'entendre
2083 2706 35 52 à
2159 2705 120 53 l'im-

234 2790 260 72 proviste
537 2789 145 56 faire
728 2790 99 55 des
869 2789 273 54 toccades
1185 2786 218 72 pleines
1449 2784 71 57 de
1563 2785 334 57 recherches
1942 2790 58 49 et
2047 2784 230 55 d'inven-

234 2869 157 56 tions
435 2869 366 56 admirables.
849 2867 153 55 C'est
1046 2885 148 53 pour
1197 2884 159 54 quoy
1397 2866 42 53 il
1481 2865 205 56 mérite
1728 2864 136 57 bien
1907 2883 115 54 que
2065 2881 147 37 vous
2254 2864 53 55 le

232 2949 301 73 proposiez
573 2966 224 40 comme
832 2966 84 39 un
952 2947 243 72 original
1234 2949 35 52 à
1303 2951 136 51 tous
1476 2964 105 37 nos
1619 2945 342 71 organistes,
2000 2961 147 56 pour
2183 2944 126 55 leur

235 3029 221 57 donner
498 3029 169 57 envie
712 3030 71 55 de
824 3029 53 54 le
922 3027 164 56 venir
1130 3026 280 56 entendre
1454 3026 34 53 à
1534 3026 185 53 Rome
1766 3026 99 67 (4).
1912 3045 22 29 »

348 3109 49 53 Il
442 3114 87 51 est
573 3109 137 56 bien
755 3110 262 53 douteux
1062 3124 111 55 que
1218 3105 212 72 jamais
1473 3104 291 72 organiste
1808 3102 252 73 français
2105 3104 84 53 ait
2234 3121 73 37 eu

230 3189 171 57 l'idée
437 3191 70 55 de
550 3187 193 58 suivre
787 3205 64 38 ce
894 3186 230 56 conseil.
1162 3186 187 56 Même
1393 3184 47 55 si
1483 3185 121 54 l'on
1644 3201 324 54 remarque,
2014 3184 146 55 dans
2206 3185 100 54 des

345 3389 62 48 (1)
440 3387 115 39 Bibl.
583 3387 105 39 Nat.
714 3387 177 40 Lettres
915 3385 225 41 adressées
1163 3384 27 38 à
1213 3385 230 40 Mersenne
1470 3384 100 49 (ms.
1585 3396 136 27 nouv.
1737 3395 97 39 acq.
1860 3384 52 38 fr.
1928 3384 127 49 6205,
2070 3382 138 40 f°2BB
2243 3382 59 58 b).

346 3450 62 49 (2)
441 3446 128 47 Ibid.,
608 3451 44 34 i°
692 3458 79 39 307
813 3460 40 25 a.

346 3510 62 49 (3)
441 3509 25 38 /
472 3539 22 23 Q
500 3539 7 8 .
538 3509 52 37 B.
620 3507 151 42 Donii.
802 3508 64 38 De
893 3506 268 51 praestantia
1187 3505 188 39 musicas
1402 3505 161 39 veteris.
1594 3505 65 39 Cf.
1690 3504 219 39 Descartes
1937 3507 40 35 et
2004 3504 43 37 la
2074 3504 229 51 Musique,

234 3579 121 40 1907,
395 3581 43 38 p.
484 3580 63 38 17.

344 3629 62 50 (4)
437 3628 219 52 Response
679 3628 103 50 faite
809 3629 26 37 à
858 3640 56 26 vn
937 3627 185 39 cvrieux
1145 3638 68 28 svr
1238 3626 37 38 le
1300 3627 226 39 sentiment
1548 3626 48 38 de
1623 3625 44 39 la
1690 3624 192 52 mvsique
1907 3624 27 37 d
1938 3626 9 17 }
1952 3622 147 41 ltalie.
2134 3622 168 42 Escrite

227 3690 26 38 à
280 3690 133 40 Rome
442 3690 36 39 le
505 3689 184 51 premier
715 3689 155 39 octobre
902 3689 124 50 1639.
1046 3688 136 48 (Bibl.
1213 3687 105 38 Nat.
1350 3687 103 38 Rés.
1483 3685 53 40 V.
1566 3687 146 48 2469).
