<?xml version="1.0" encoding="UTF-8"?>
<alto xmlns:xsi="http://www.w3.org/2001/XMLSchema-instance" xmlns="http://www.loc.gov/standards/alto/ns-v2#" xsi:schemaLocation="http://www.loc.gov/standards/alto/ns-v2# http://www.loc.gov/standards/alto/alto-v2.0.xsd" xmlns:xlink="http://www.w3.org/1999/xlink">
	<Description>
		<MeasurementUnit>mm10</MeasurementUnit>
		<sourceImageInformation>
			<fileName>//fileserver7/IN2/Princeton/Batch3/bmtnabh/1908/11/15_01/00000287.tif</fileName>
		</sourceImageInformation>
		<OCRProcessing ID="OCRPROCESSING_1">
			<preProcessingStep>
				<processingSoftware>
					<softwareCreator>CCS Content Conversion Specialists GmbH, Germany</softwareCreator>
					<softwareName>CCS docWORKS</softwareName>
					<softwareVersion>6.6-1.18</softwareVersion>
				</processingSoftware>
			</preProcessingStep>
			<ocrProcessingStep>
				<processingSoftware>
					<softwareCreator>ABBYY (BIT Software), Russia</softwareCreator>
					<softwareName>FineReader</softwareName>
					<softwareVersion>10.0</softwareVersion>
				</processingSoftware>
			</ocrProcessingStep>
		</OCRProcessing>
	</Description>
	<Styles>
		<TextStyle ID="TXT_0" FONTSIZE="12" FONTFAMILY="Times New Roman" FONTSTYLE="bold"/>
		<TextStyle ID="TXT_1" FONTSIZE="19" FONTFAMILY="Times New Roman"/>
		<TextStyle ID="TXT_2" FONTSIZE="21" FONTFAMILY="Times New Roman"/>
		<TextStyle ID="TXT_3" FONTSIZE="21" FONTFAMILY="Times New Roman" FONTSTYLE="italics"/>
		<TextStyle ID="TXT_4" FONTSIZE="12" FONTFAMILY="Unknown" FONTSTYLE="italics"/>
		<TextStyle ID="TXT_5" FONTSIZE="7" FONTFAMILY="Fraktur"/>
		<ParagraphStyle ID="PAR_LEFT" ALIGN="Left"/>
		<ParagraphStyle ID="PAR_RIGHT" ALIGN="Right"/>
	</Styles>
	<Layout>
		<Page ID="P102" PHYSICAL_IMG_NR="102" HEIGHT="4089" WIDTH="2791" PC="0.902">
			<TopMargin ID="P102_TM00001" HPOS="0" VPOS="0" WIDTH="2791" HEIGHT="469">
				<TextBlock ID="P102_TB00001" HPOS="1141" VPOS="420" WIDTH="211" HEIGHT="35" STYLEREFS="TXT_0 PAR_LEFT">
					<TextLine ID="P102_TL00001" HPOS="1141" VPOS="420" WIDTH="211" HEIGHT="35">
						<String ID="P102_ST00001" HPOS="1141" VPOS="420" WIDTH="60" HEIGHT="34" CONTENT="LE" WC="0.67" CC="15"/>
						<SP ID="P102_SP00001" HPOS="1201" VPOS="454" WIDTH="33"/>
						<String ID="P102_ST00002" HPOS="1234" VPOS="421" WIDTH="118" HEIGHT="34" CONTENT="MOIS" WC="0.98" CC="3060"/>
					</TextLine>
				</TextBlock>
				<TextBlock ID="P102_TB00002" HPOS="2148" VPOS="419" WIDTH="123" HEIGHT="50" STYLEREFS="TXT_1 PAR_RIGHT">
					<TextLine ID="P102_TL00002" HPOS="2149" VPOS="420" WIDTH="122" HEIGHT="49">
						<String ID="P102_ST00003" HPOS="2149" VPOS="420" WIDTH="122" HEIGHT="49" CONTENT="1215" WC="0.41" CC="5655"/>
					</TextLine>
				</TextBlock>
			</TopMargin>
			<LeftMargin ID="P102_LM00001" HPOS="0" VPOS="458" WIDTH="189" HEIGHT="2987"/>
			<RightMargin ID="P102_RM00001" HPOS="2271" VPOS="458" WIDTH="520" HEIGHT="2987"/>
			<BottomMargin ID="P102_BM00001" HPOS="0" VPOS="3445" WIDTH="2791" HEIGHT="644"/>
			<PrintSpace ID="P102_PS00001" HPOS="189" VPOS="458" WIDTH="2082" HEIGHT="2988">
				<TextBlock ID="P102_TB00003" HPOS="189" VPOS="565" WIDTH="2082" HEIGHT="2551" STYLEREFS="TXT_2 PAR_LEFT">
					<TextLine ID="P102_TL00003" HPOS="208" VPOS="566" WIDTH="2063" HEIGHT="73">
						<String ID="P102_ST00004" HPOS="208" VPOS="566" WIDTH="245" HEIGHT="54" CONTENT="ROMAIN" WC="0.99" CC="010500" STYLEREFS="TXT_1"/>
						<SP ID="P102_SP00002" HPOS="453" VPOS="620" WIDTH="43"/>
						<String ID="P102_ST00005" HPOS="496" VPOS="569" WIDTH="309" HEIGHT="54" CONTENT="ROLLAND." WC="1.00" CC="00220060" STYLEREFS="TXT_1"/>
						<SP ID="P102_SP00003" HPOS="805" VPOS="623" WIDTH="156"/>
						<String ID="P102_ST00006" HPOS="961" VPOS="570" WIDTH="149" HEIGHT="69" CONTENT="Jean" WC="0.98" CC="0315" STYLEREFS="TXT_3"/>
						<SP ID="P102_SP00004" HPOS="1110" VPOS="639" WIDTH="1011"/>
						<String ID="P102_ST00007" HPOS="2121" VPOS="571" WIDTH="150" HEIGHT="54" CONTENT="Chris" WC="0.97" CC="06724" STYLEREFS="TXT_3"/>
					</TextLine>
					<TextLine ID="P102_TL00004" HPOS="454" VPOS="646" WIDTH="741" HEIGHT="70">
						<String ID="P102_ST00008" HPOS="454" VPOS="646" WIDTH="54" HEIGHT="52" CONTENT="la" WC="0.63" CC="07" STYLEREFS="TXT_3"/>
						<SP ID="P102_SP00005" HPOS="508" VPOS="698" WIDTH="123"/>
						<String ID="P102_ST00009" HPOS="631" VPOS="646" WIDTH="115" HEIGHT="55" CONTENT="Place." WC="0.99" CC="603040" STYLEREFS="TXT_3"/>
						<String ID="P102_ST00010" HPOS="747" VPOS="646" WIDTH="91" HEIGHT="70" CONTENT="Paris," WC="0.98" CC="640107"/>
						<SP ID="P102_SP00006" HPOS="838" VPOS="716" WIDTH="38"/>
						<String ID="P102_ST00011" HPOS="876" VPOS="647" WIDTH="319" HEIGHT="56" CONTENT="Ollendorf." WC="0.66" CC="0146446060"/>
					</TextLine>
					<TextLine ID="P102_TL00005" HPOS="318" VPOS="832" WIDTH="1190" HEIGHT="72">
						<String ID="P102_ST00012" HPOS="318" VPOS="832" WIDTH="228" HEIGHT="55" CONTENT="Maison" WC="1.00" CC="010050"/>
						<SP ID="P102_SP00007" HPOS="546" VPOS="887" WIDTH="32"/>
						<String ID="P102_ST00013" HPOS="578" VPOS="834" WIDTH="68" HEIGHT="53" CONTENT="A." WC="1.00" CC="00"/>
						<SP ID="P102_SP00008" HPOS="646" VPOS="887" WIDTH="37"/>
						<String ID="P102_ST00014" HPOS="683" VPOS="834" WIDTH="246" HEIGHT="55" CONTENT="Durand" WC="0.98" CC="394014"/>
						<SP ID="P102_SP00009" HPOS="929" VPOS="889" WIDTH="32"/>
						<String ID="P102_ST00015" HPOS="961" VPOS="840" WIDTH="58" HEIGHT="49" CONTENT="et" WC="1.00" CC="00"/>
						<SP ID="P102_SP00010" HPOS="1019" VPOS="889" WIDTH="36"/>
						<String ID="P102_ST00016" HPOS="1055" VPOS="835" WIDTH="137" HEIGHT="69" CONTENT="Fils," WC="0.99" CC="00004"/>
						<SP ID="P102_SP00011" HPOS="1192" VPOS="904" WIDTH="38"/>
						<String ID="P102_ST00017" HPOS="1230" VPOS="838" WIDTH="33" HEIGHT="52" CONTENT="à" WC="0.73" CC="2"/>
						<SP ID="P102_SP00012" HPOS="1263" VPOS="904" WIDTH="35"/>
						<String ID="P102_ST00018" HPOS="1298" VPOS="837" WIDTH="163" HEIGHT="54" CONTENT="Paris" WC="0.98" CC="70500"/>
						<SP ID="P102_SP00013" HPOS="1461" VPOS="904" WIDTH="37"/>
						<String ID="P102_ST00019" HPOS="1498" VPOS="861" WIDTH="10" HEIGHT="32" CONTENT=":" WC="1.00" CC="0"/>
					</TextLine>
					<TextLine ID="P102_TL00006" HPOS="205" VPOS="974" WIDTH="1801" HEIGHT="73">
						<String ID="P102_ST00020" HPOS="205" VPOS="974" WIDTH="191" HEIGHT="53" CONTENT="Louis" WC="1.00" CC="12000"/>
						<SP ID="P102_SP00014" HPOS="396" VPOS="1027" WIDTH="41"/>
						<String ID="P102_ST00021" HPOS="437" VPOS="974" WIDTH="274" HEIGHT="54" CONTENT="AUBERT." WC="0.81" CC="0030504" STYLEREFS="TXT_1"/>
						<SP ID="P102_SP00015" HPOS="711" VPOS="1028" WIDTH="830"/>
						<String ID="P102_ST00022" HPOS="1541" VPOS="976" WIDTH="294" HEIGHT="54" CONTENT="Fantaisie" WC="0.99" CC="066550209" STYLEREFS="TXT_3"/>
						<SP ID="P102_SP00016" HPOS="1835" VPOS="1030" WIDTH="-638"/>
						<String ID="P102_ST00023" HPOS="1197" VPOS="994" WIDTH="146" HEIGHT="53" CONTENT="pour" WC="0.96" CC="6370"/>
						<SP ID="P102_SP00017" HPOS="1835" VPOS="1047" WIDTH="-452"/>
						<String ID="P102_ST00024" HPOS="1383" VPOS="978" WIDTH="177" HEIGHT="69" CONTENT="piano" WC="0.98" CC="50505"/>
						<SP ID="P102_SP00018" HPOS="1835" VPOS="1047" WIDTH="-234"/>
						<String ID="P102_ST00025" HPOS="1601" VPOS="985" WIDTH="59" HEIGHT="50" CONTENT="et" WC="0.75" CC="40"/>
						<SP ID="P102_SP00019" HPOS="1835" VPOS="1047" WIDTH="-132"/>
						<String ID="P102_ST00026" HPOS="1703" VPOS="983" WIDTH="303" HEIGHT="53" CONTENT="orchestre." WC="0.99" CC="5006600300"/>
					</TextLine>
					<TextLine ID="P102_TL00007" HPOS="1124" VPOS="1055" WIDTH="838" HEIGHT="76">
						<String ID="P102_ST00027" HPOS="1545" VPOS="1055" WIDTH="214" HEIGHT="53" CONTENT="Hélène" WC="0.98" CC="280650" STYLEREFS="TXT_3"/>
						<SP ID="P102_SP00020" HPOS="1759" VPOS="1108" WIDTH="-635"/>
						<String ID="P102_ST00028" HPOS="1124" VPOS="1056" WIDTH="90" HEIGHT="68" CONTENT="(A." WC="0.99" CC="003"/>
						<SP ID="P102_SP00021" HPOS="1759" VPOS="1124" WIDTH="-497"/>
						<String ID="P102_ST00029" HPOS="1262" VPOS="1058" WIDTH="70" HEIGHT="54" CONTENT="de" WC="0.81" CC="30"/>
						<SP ID="P102_SP00022" HPOS="1759" VPOS="1124" WIDTH="-380"/>
						<String ID="P102_ST00030" HPOS="1379" VPOS="1059" WIDTH="358" HEIGHT="72" CONTENT="Bengy-Puy" WC="0.71" CC="356001070"/>
						<SP ID="P102_SP00023" HPOS="1759" VPOS="1131" WIDTH="-19"/>
						<String ID="P102_ST00031" HPOS="1740" VPOS="1061" WIDTH="222" HEIGHT="68" CONTENT="vallée)." WC="1.00" CC="00130000"/>
					</TextLine>
					<TextLine ID="P102_TL00008" HPOS="209" VPOS="1133" WIDTH="1612" HEIGHT="75">
						<String ID="P102_ST00032" HPOS="209" VPOS="1133" WIDTH="476" HEIGHT="54" CONTENT="RHENÉ-RATON." WC="0.79" CC="043020701500" STYLEREFS="TXT_1"/>
						<SP ID="P102_SP00024" HPOS="685" VPOS="1187" WIDTH="180"/>
						<String ID="P102_ST00033" HPOS="865" VPOS="1134" WIDTH="189" HEIGHT="54" CONTENT="L'âme" WC="0.98" CC="12046" STYLEREFS="TXT_3"/>
						<SP ID="P102_SP00025" HPOS="1054" VPOS="1188" WIDTH="42"/>
						<String ID="P102_ST00034" HPOS="1096" VPOS="1136" WIDTH="90" HEIGHT="52" CONTENT="des" WC="0.97" CC="070" STYLEREFS="TXT_3"/>
						<SP ID="P102_SP00026" HPOS="1186" VPOS="1188" WIDTH="39"/>
						<String ID="P102_ST00035" HPOS="1225" VPOS="1136" WIDTH="107" HEIGHT="54" CONTENT="iris" WC="1.00" CC="0000" STYLEREFS="TXT_3"/>
						<SP ID="P102_SP00027" HPOS="1332" VPOS="1190" WIDTH="43"/>
						<String ID="P102_ST00036" HPOS="1375" VPOS="1138" WIDTH="81" HEIGHT="67" CONTENT="(C." WC="0.82" CC="022"/>
						<SP ID="P102_SP00028" HPOS="1456" VPOS="1205" WIDTH="44"/>
						<String ID="P102_ST00037" HPOS="1500" VPOS="1139" WIDTH="321" HEIGHT="69" CONTENT="Mauclair)." WC="0.83" CC="0080300500"/>
					</TextLine>
					<TextLine ID="P102_TL00009" HPOS="1171" VPOS="1216" WIDTH="633" HEIGHT="72">
						<String ID="P102_ST00038" HPOS="1538" VPOS="1216" WIDTH="266" HEIGHT="52" CONTENT="Berceuse" WC="0.99" CC="00010509" STYLEREFS="TXT_3"/>
						<SP ID="P102_SP00029" HPOS="1804" VPOS="1268" WIDTH="-633"/>
						<String ID="P102_ST00039" HPOS="1171" VPOS="1216" WIDTH="89" HEIGHT="66" CONTENT="(G." WC="0.98" CC="050"/>
						<SP ID="P102_SP00030" HPOS="1804" VPOS="1282" WIDTH="-500"/>
						<String ID="P102_ST00040" HPOS="1304" VPOS="1218" WIDTH="427" HEIGHT="70" CONTENT="Champenois)." WC="0.99" CC="060580040022"/>
					</TextLine>
					<TextLine ID="P102_TL00010" HPOS="205" VPOS="1291" WIDTH="1836" HEIGHT="78">
						<String ID="P102_ST00041" HPOS="205" VPOS="1291" WIDTH="210" HEIGHT="54" CONTENT="HENRI" WC="0.99" CC="52020" STYLEREFS="TXT_1"/>
						<SP ID="P102_SP00031" HPOS="415" VPOS="1345" WIDTH="32"/>
						<String ID="P102_ST00042" HPOS="447" VPOS="1293" WIDTH="268" HEIGHT="53" CONTENT="BUSSER." WC="0.93" CC="0000102" STYLEREFS="TXT_1"/>
						<SP ID="P102_SP00032" HPOS="715" VPOS="1346" WIDTH="826"/>
						<String ID="P102_ST00043" HPOS="1541" VPOS="1295" WIDTH="84" HEIGHT="53" CONTENT="La" WC="0.68" CC="06" STYLEREFS="TXT_3"/>
						<SP ID="P102_SP00033" HPOS="1625" VPOS="1348" WIDTH="160"/>
						<String ID="P102_ST00044" HPOS="1785" VPOS="1295" WIDTH="256" HEIGHT="53" CONTENT="Colombe" WC="0.98" CC="0001579" STYLEREFS="TXT_3"/>
						<SP ID="P102_SP00034" HPOS="2041" VPOS="1348" WIDTH="-760"/>
						<String ID="P102_ST00045" HPOS="1281" VPOS="1296" WIDTH="98" HEIGHT="68" CONTENT="(H." WC="0.98" CC="050" STYLEREFS="TXT_1"/>
						<SP ID="P102_SP00035" HPOS="2041" VPOS="1364" WIDTH="-620"/>
						<String ID="P102_ST00046" HPOS="1421" VPOS="1298" WIDTH="70" HEIGHT="53" CONTENT="de" WC="1.00" CC="00"/>
						<SP ID="P102_SP00036" HPOS="2041" VPOS="1364" WIDTH="-511"/>
						<String ID="P102_ST00047" HPOS="1530" VPOS="1298" WIDTH="290" HEIGHT="71" CONTENT="Régnier)." WC="0.99" CC="016006612"/>
					</TextLine>
					<TextLine ID="P102_TL00011" HPOS="204" VPOS="1370" WIDTH="1797" HEIGHT="78">
						<String ID="P102_ST00048" HPOS="204" VPOS="1370" WIDTH="222" HEIGHT="55" CONTENT="ANDRÉ" WC="0.99" CC="00203" STYLEREFS="TXT_1"/>
						<SP ID="P102_SP00037" HPOS="426" VPOS="1425" WIDTH="44"/>
						<String ID="P102_ST00049" HPOS="470" VPOS="1371" WIDTH="250" HEIGHT="55" CONTENT="CAPLET." WC="0.85" CC="1030400" STYLEREFS="TXT_1"/>
						<SP ID="P102_SP00038" HPOS="720" VPOS="1426" WIDTH="139"/>
						<String ID="P102_ST00050" HPOS="859" VPOS="1374" WIDTH="266" HEIGHT="54" CONTENT="Chanson" WC="0.99" CC="0032505" STYLEREFS="TXT_3"/>
						<SP ID="P102_SP00039" HPOS="1125" VPOS="1428" WIDTH="43"/>
						<String ID="P102_ST00051" HPOS="1168" VPOS="1375" WIDTH="315" HEIGHT="55" CONTENT="d'automne" WC="0.99" CC="213420409" STYLEREFS="TXT_3"/>
						<SP ID="P102_SP00040" HPOS="1483" VPOS="1430" WIDTH="46"/>
						<String ID="P102_ST00052" HPOS="1529" VPOS="1376" WIDTH="89" HEIGHT="68" CONTENT="(A." WC="1.00" CC="000"/>
						<SP ID="P102_SP00041" HPOS="1618" VPOS="1444" WIDTH="47"/>
						<String ID="P102_ST00053" HPOS="1665" VPOS="1379" WIDTH="336" HEIGHT="69" CONTENT="Sylvestre)." WC="0.99" CC="00433005003"/>
					</TextLine>
					<TextLine ID="P102_TL00012" HPOS="1329" VPOS="1455" WIDTH="828" HEIGHT="73">
						<String ID="P102_ST00054" HPOS="1524" VPOS="1455" WIDTH="165" HEIGHT="52" CONTENT="Deux" WC="0.95" CC="5564" STYLEREFS="TXT_3"/>
						<SP ID="P102_SP00042" HPOS="1689" VPOS="1507" WIDTH="251"/>
						<String ID="P102_ST00055" HPOS="1940" VPOS="1455" WIDTH="217" HEIGHT="70" CONTENT="poèmes" WC="0.97" CC="906790" STYLEREFS="TXT_3"/>
						<SP ID="P102_SP00043" HPOS="2157" VPOS="1525" WIDTH="-828"/>
						<String ID="P102_ST00056" HPOS="1329" VPOS="1456" WIDTH="91" HEIGHT="68" CONTENT="(G." WC="0.98" CC="004"/>
						<SP ID="P102_SP00044" HPOS="2157" VPOS="1525" WIDTH="-687"/>
						<String ID="P102_ST00057" HPOS="1470" VPOS="1456" WIDTH="421" HEIGHT="72" CONTENT="Jean-Aubry)." WC="0.71" CC="240030777000"/>
					</TextLine>
					<TextLine ID="P102_TL00013" HPOS="203" VPOS="1530" WIDTH="2065" HEIGHT="79">
						<String ID="P102_ST00058" HPOS="203" VPOS="1530" WIDTH="308" HEIGHT="70" CONTENT="FRANÇOIS" WC="1.00" CC="00300400" STYLEREFS="TXT_1"/>
						<SP ID="P102_SP00045" HPOS="511" VPOS="1600" WIDTH="41"/>
						<String ID="P102_ST00059" HPOS="552" VPOS="1531" WIDTH="337" HEIGHT="55" CONTENT="COUPERIN." WC="0.85" CC="200600003" STYLEREFS="TXT_1"/>
						<SP ID="P102_SP00046" HPOS="889" VPOS="1600" WIDTH="1080"/>
						<String ID="P102_ST00060" HPOS="1969" VPOS="1534" WIDTH="103" HEIGHT="53" CONTENT="Les" WC="1.00" CC="000" STYLEREFS="TXT_3"/>
						<SP ID="P102_SP00047" HPOS="2072" VPOS="1600" WIDTH="-334"/>
						<String ID="P102_ST00061" HPOS="1738" VPOS="1549" WIDTH="31" HEIGHT="56" CONTENT="se,5" WC="0.54" CC="0004"/>
						<String ID="P102_ST00062" HPOS="1773" VPOS="1549" WIDTH="20" HEIGHT="24" CONTENT="e" STYLE="superscript" WC="1.00" CC="0"/>
						<String ID="P102_ST00063" HPOS="1798" VPOS="1582" WIDTH="13" HEIGHT="23" CONTENT="," WC="0.55" CC="4"/>
						<SP ID="P102_SP00048" HPOS="2072" VPOS="1605" WIDTH="-208"/>
						<String ID="P102_ST00064" HPOS="1864" VPOS="1538" WIDTH="33" HEIGHT="53" CONTENT="6" WC="0.72" CC="2"/>
						<String ID="P102_ST00065" HPOS="1897" VPOS="1549" WIDTH="22" HEIGHT="24" CONTENT="e" STYLE="superscript" WC="0.24" CC="7"/>
						<String ID="P102_ST00066" HPOS="1922" VPOS="1583" WIDTH="13" HEIGHT="22" CONTENT="," WC="0.55" CC="4"/>
						<SP ID="P102_SP00049" HPOS="2072" VPOS="1605" WIDTH="-75"/>
						<String ID="P102_ST00067" HPOS="1997" VPOS="1552" WIDTH="33" HEIGHT="54" CONTENT="7" WC="0.34" CC="6"/>
						<String ID="P102_ST00068" HPOS="2033" VPOS="1550" WIDTH="20" HEIGHT="23" CONTENT="e" STYLE="superscript" WC="1.00" CC="0"/>
						<SP ID="P102_SP00050" HPOS="2072" VPOS="1606" WIDTH="30"/>
						<String ID="P102_ST00069" HPOS="2102" VPOS="1543" WIDTH="58" HEIGHT="49" CONTENT="et" WC="1.00" CC="00"/>
						<SP ID="P102_SP00051" HPOS="2160" VPOS="1606" WIDTH="52"/>
						<String ID="P102_ST00070" HPOS="2212" VPOS="1554" WIDTH="33" HEIGHT="55" CONTENT="9" WC="0.54" CC="4"/>
						<String ID="P102_ST00071" HPOS="2246" VPOS="1552" WIDTH="22" HEIGHT="24" CONTENT="e" STYLE="superscript" WC="0.61" CC="3"/>
					</TextLine>
					<TextLine ID="P102_TL00014" HPOS="312" VPOS="1611" WIDTH="1207" HEIGHT="73">
						<String ID="P102_ST00072" HPOS="312" VPOS="1616" WIDTH="282" HEIGHT="64" CONTENT="concerts," WC="0.99" CC="060793004"/>
						<SP ID="P102_SP00052" HPOS="594" VPOS="1680" WIDTH="46"/>
						<String ID="P102_ST00073" HPOS="640" VPOS="1611" WIDTH="282" HEIGHT="58" CONTENT="Revision" WC="1.00" CC="01000060"/>
						<SP ID="P102_SP00053" HPOS="922" VPOS="1680" WIDTH="40"/>
						<String ID="P102_ST00074" HPOS="962" VPOS="1630" WIDTH="107" HEIGHT="54" CONTENT="par" WC="0.98" CC="113"/>
						<SP ID="P102_SP00054" HPOS="1069" VPOS="1684" WIDTH="43"/>
						<String ID="P102_ST00075" HPOS="1112" VPOS="1614" WIDTH="145" HEIGHT="55" CONTENT="Paul" WC="0.97" CC="6060"/>
						<SP ID="P102_SP00055" HPOS="1257" VPOS="1684" WIDTH="42"/>
						<String ID="P102_ST00076" HPOS="1299" VPOS="1615" WIDTH="220" HEIGHT="55" CONTENT="Dukas." WC="0.83" CC="180000"/>
					</TextLine>
					<TextLine ID="P102_TL00015" HPOS="202" VPOS="1689" WIDTH="2061" HEIGHT="79">
						<String ID="P102_ST00077" HPOS="202" VPOS="1689" WIDTH="249" HEIGHT="54" CONTENT="CLAUDE" WC="1.00" CC="400000" STYLEREFS="TXT_1"/>
						<SP ID="P102_SP00056" HPOS="451" VPOS="1743" WIDTH="40"/>
						<String ID="P102_ST00078" HPOS="491" VPOS="1690" WIDTH="324" HEIGHT="57" CONTENT="DEBUSSY." WC="0.99" CC="50500004" STYLEREFS="TXT_1"/>
						<SP ID="P102_SP00057" HPOS="815" VPOS="1747" WIDTH="1008"/>
						<String ID="P102_ST00079" HPOS="1823" VPOS="1693" WIDTH="285" HEIGHT="54" CONTENT="Children'" WC="0.93" CC="600000000" STYLEREFS="TXT_3"/>
						<SP ID="P102_SP00058" HPOS="2108" VPOS="1747" WIDTH="7"/>
						<String ID="P102_ST00080" HPOS="2115" VPOS="1712" WIDTH="27" HEIGHT="35" CONTENT="s" WC="1.00" CC="9" STYLEREFS="TXT_3"/>
						<SP ID="P102_SP00059" HPOS="2142" VPOS="1747" WIDTH="-476"/>
						<String ID="P102_ST00081" HPOS="1666" VPOS="1695" WIDTH="184" HEIGHT="70" CONTENT="petite" WC="1.00" CC="000002"/>
						<SP ID="P102_SP00060" HPOS="2142" VPOS="1765" WIDTH="-234"/>
						<String ID="P102_ST00082" HPOS="1908" VPOS="1696" WIDTH="152" HEIGHT="55" CONTENT="suite" WC="0.99" CC="08000"/>
						<SP ID="P102_SP00061" HPOS="2142" VPOS="1765" WIDTH="-25"/>
						<String ID="P102_ST00083" HPOS="2117" VPOS="1714" WIDTH="146" HEIGHT="54" CONTENT="pour" WC="0.96" CC="0477"/>
					</TextLine>
					<TextLine ID="P102_TL00016" HPOS="310" VPOS="1769" WIDTH="1851" HEIGHT="77">
						<String ID="P102_ST00084" HPOS="310" VPOS="1769" WIDTH="176" HEIGHT="70" CONTENT="piano" WC="0.99" CC="00401"/>
						<SP ID="P102_SP00062" HPOS="486" VPOS="1839" WIDTH="36"/>
						<String ID="P102_ST00085" HPOS="522" VPOS="1773" WIDTH="15" HEIGHT="66" CONTENT="(" WC="1.00" CC="0"/>
						<String ID="P102_ST00086" HPOS="544" VPOS="1773" WIDTH="200" HEIGHT="52" CONTENT="Doctor" WC="0.80" CC="006500" STYLEREFS="TXT_3"/>
						<SP ID="P102_SP00063" HPOS="744" VPOS="1839" WIDTH="33"/>
						<String ID="P102_ST00087" HPOS="777" VPOS="1773" WIDTH="218" HEIGHT="53" CONTENT="Gradus" WC="0.95" CC="001000" STYLEREFS="TXT_3"/>
						<SP ID="P102_SP00064" HPOS="995" VPOS="1839" WIDTH="33"/>
						<String ID="P102_ST00088" HPOS="1028" VPOS="1774" WIDTH="73" HEIGHT="52" CONTENT="ad" WC="1.00" CC="00" STYLEREFS="TXT_3"/>
						<SP ID="P102_SP00065" HPOS="1101" VPOS="1839" WIDTH="38"/>
						<String ID="P102_ST00089" HPOS="1139" VPOS="1774" WIDTH="372" HEIGHT="53" CONTENT="Parnassum." WC="0.68" CC="0081800922" STYLEREFS="TXT_3"/>
						<SP ID="P102_SP00066" HPOS="1511" VPOS="1839" WIDTH="142"/>
						<String ID="P102_ST00090" HPOS="1653" VPOS="1775" WIDTH="240" HEIGHT="71" CONTENT="Jimbo's" WC="0.78" CC="3650000" STYLEREFS="TXT_3"/>
						<SP ID="P102_SP00067" HPOS="1893" VPOS="1846" WIDTH="35"/>
						<String ID="P102_ST00091" HPOS="1928" VPOS="1776" WIDTH="233" HEIGHT="69" CONTENT="lullaby." WC="0.64" CC="08006706" STYLEREFS="TXT_3"/>
						<SP ID="P102_SP00068" HPOS="2161" VPOS="1846" WIDTH="0"/>
					</TextLine>
					<TextLine ID="P102_TL00017" HPOS="310" VPOS="1850" WIDTH="1955" HEIGHT="75">
						<String ID="P102_ST00092" HPOS="310" VPOS="1850" WIDTH="278" HEIGHT="56" CONTENT="Serenade" WC="0.52" CC="04085909" STYLEREFS="TXT_3"/>
						<SP ID="P102_SP00069" HPOS="588" VPOS="1906" WIDTH="33"/>
						<String ID="P102_ST00093" HPOS="621" VPOS="1851" WIDTH="87" HEIGHT="69" CONTENT="for" WC="0.98" CC="050" STYLEREFS="TXT_3"/>
						<SP ID="P102_SP00070" HPOS="708" VPOS="1920" WIDTH="36"/>
						<String ID="P102_ST00094" HPOS="744" VPOS="1851" WIDTH="88" HEIGHT="54" CONTENT="the" WC="0.58" CC="606" STYLEREFS="TXT_3"/>
						<SP ID="P102_SP00071" HPOS="832" VPOS="1920" WIDTH="36"/>
						<String ID="P102_ST00095" HPOS="868" VPOS="1853" WIDTH="134" HEIGHT="53" CONTENT="doll." WC="0.93" CC="00030" STYLEREFS="TXT_3"/>
						<SP ID="P102_SP00072" HPOS="1002" VPOS="1920" WIDTH="139"/>
						<String ID="P102_ST00096" HPOS="1141" VPOS="1854" WIDTH="115" HEIGHT="52" CONTENT="The" WC="0.94" CC="393" STYLEREFS="TXT_3"/>
						<SP ID="P102_SP00073" HPOS="1256" VPOS="1920" WIDTH="37"/>
						<String ID="P102_ST00097" HPOS="1293" VPOS="1870" WIDTH="152" HEIGHT="37" CONTENT="snow" WC="0.98" CC="0000" STYLEREFS="TXT_3"/>
						<SP ID="P102_SP00074" HPOS="1445" VPOS="1920" WIDTH="42"/>
						<String ID="P102_ST00098" HPOS="1487" VPOS="1855" WIDTH="52" HEIGHT="52" CONTENT="is" WC="0.72" CC="05" STYLEREFS="TXT_3"/>
						<SP ID="P102_SP00075" HPOS="1539" VPOS="1920" WIDTH="38"/>
						<String ID="P102_ST00099" HPOS="1577" VPOS="1855" WIDTH="260" HEIGHT="70" CONTENT="dancing." WC="0.99" CC="20850056" STYLEREFS="TXT_3"/>
						<SP ID="P102_SP00076" HPOS="1837" VPOS="1925" WIDTH="139"/>
						<String ID="P102_ST00100" HPOS="1976" VPOS="1856" WIDTH="112" HEIGHT="55" CONTENT="The" WC="1.00" CC="000" STYLEREFS="TXT_3"/>
						<SP ID="P102_SP00077" HPOS="2088" VPOS="1925" WIDTH="41"/>
						<String ID="P102_ST00101" HPOS="2129" VPOS="1856" WIDTH="136" HEIGHT="54" CONTENT="little" WC="0.64" CC="005708" STYLEREFS="TXT_3"/>
					</TextLine>
					<TextLine ID="P102_TL00018" HPOS="308" VPOS="1929" WIDTH="1189" HEIGHT="74">
						<String ID="P102_ST00102" HPOS="308" VPOS="1929" WIDTH="289" HEIGHT="71" CONTENT="shepherd." WC="0.77" CC="006009004" STYLEREFS="TXT_3"/>
						<SP ID="P102_SP00078" HPOS="597" VPOS="2000" WIDTH="157"/>
						<String ID="P102_ST00103" HPOS="754" VPOS="1931" WIDTH="323" HEIGHT="72" CONTENT="Golliwogg'" WC="0.89" CC="0000700003" STYLEREFS="TXT_3"/>
						<SP ID="P102_SP00079" HPOS="1077" VPOS="2003" WIDTH="9"/>
						<String ID="P102_ST00104" HPOS="1086" VPOS="1949" WIDTH="24" HEIGHT="36" CONTENT="s" WC="1.00" CC="0" STYLEREFS="TXT_3"/>
						<SP ID="P102_SP00080" HPOS="1110" VPOS="2003" WIDTH="43"/>
						<String ID="P102_ST00105" HPOS="1153" VPOS="1933" WIDTH="344" HEIGHT="68" CONTENT="cake-walk)." WC="0.85" CC="03401000041" STYLEREFS="TXT_3"/>
					</TextLine>
					<TextLine ID="P102_TL00019" HPOS="199" VPOS="2006" WIDTH="2072" HEIGHT="59">
						<String ID="P102_ST00106" HPOS="199" VPOS="2006" WIDTH="250" HEIGHT="59" CONTENT="CLAUDE" WC="0.99" CC="006000" STYLEREFS="TXT_1"/>
						<SP ID="P102_SP00081" HPOS="449" VPOS="2065" WIDTH="50"/>
						<String ID="P102_ST00107" HPOS="499" VPOS="2011" WIDTH="321" HEIGHT="54" CONTENT="DEBUSSY." WC="1.00" CC="20000000" STYLEREFS="TXT_1"/>
						<SP ID="P102_SP00082" HPOS="820" VPOS="2065" WIDTH="986"/>
						<String ID="P102_ST00108" HPOS="1806" VPOS="2011" WIDTH="162" HEIGHT="52" CONTENT="Trois" WC="1.00" CC="00000" STYLEREFS="TXT_3"/>
						<SP ID="P102_SP00083" HPOS="1968" VPOS="2065" WIDTH="263"/>
						<String ID="P102_ST00109" HPOS="2231" VPOS="2011" WIDTH="40" HEIGHT="54" CONTENT="C" WC="0.33" CC="6" STYLEREFS="TXT_3"/>
					</TextLine>
					<TextLine ID="P102_TL00020" HPOS="308" VPOS="2088" WIDTH="1687" HEIGHT="73">
						<String ID="P102_ST00110" HPOS="308" VPOS="2103" WIDTH="148" HEIGHT="54" CONTENT="pour" WC="0.96" CC="0476"/>
						<SP ID="P102_SP00084" HPOS="456" VPOS="2157" WIDTH="48"/>
						<String ID="P102_ST00111" HPOS="504" VPOS="2094" WIDTH="209" HEIGHT="65" CONTENT="quatre" WC="0.98" CC="070096"/>
						<SP ID="P102_SP00085" HPOS="713" VPOS="2159" WIDTH="55"/>
						<String ID="P102_ST00112" HPOS="768" VPOS="2088" WIDTH="133" HEIGHT="54" CONTENT="voix" WC="0.97" CC="7600"/>
						<SP ID="P102_SP00086" HPOS="901" VPOS="2159" WIDTH="49"/>
						<String ID="P102_ST00113" HPOS="950" VPOS="2089" WIDTH="214" HEIGHT="55" CONTENT="mixtes" WC="0.99" CC="440040"/>
						<SP ID="P102_SP00087" HPOS="1164" VPOS="2159" WIDTH="57"/>
						<String ID="P102_ST00114" HPOS="1221" VPOS="2107" WIDTH="135" HEIGHT="38" CONTENT="sans" WC="0.98" CC="0260"/>
						<SP ID="P102_SP00088" HPOS="1356" VPOS="2159" WIDTH="69"/>
						<String ID="P102_ST00115" HPOS="1425" VPOS="2097" WIDTH="570" HEIGHT="64" CONTENT="accompagnement." WC="0.99" CC="060090455202400"/>
					</TextLine>
					<TextLine ID="P102_TL00021" HPOS="313" VPOS="2168" WIDTH="1838" HEIGHT="72">
						<String ID="P102_ST00116" HPOS="313" VPOS="2168" WIDTH="145" HEIGHT="69" CONTENT="qu'il" WC="1.00" CC="00100" STYLEREFS="TXT_3"/>
						<SP ID="P102_SP00089" HPOS="458" VPOS="2237" WIDTH="34"/>
						<String ID="P102_ST00117" HPOS="492" VPOS="2169" WIDTH="56" HEIGHT="53" CONTENT="la" WC="1.00" CC="00" STYLEREFS="TXT_3"/>
						<SP ID="P102_SP00090" HPOS="548" VPOS="2237" WIDTH="33"/>
						<String ID="P102_ST00118" HPOS="581" VPOS="2168" WIDTH="108" HEIGHT="68" CONTENT="fait" WC="0.98" CC="2106" STYLEREFS="TXT_3"/>
						<SP ID="P102_SP00091" HPOS="689" VPOS="2237" WIDTH="33"/>
						<String ID="P102_ST00119" HPOS="722" VPOS="2169" WIDTH="103" HEIGHT="52" CONTENT="bon" WC="0.97" CC="700" STYLEREFS="TXT_3"/>
						<SP ID="P102_SP00092" HPOS="825" VPOS="2237" WIDTH="33"/>
						<String ID="P102_ST00120" HPOS="858" VPOS="2169" WIDTH="272" HEIGHT="68" CONTENT="regarder." WC="1.00" CC="000000090" STYLEREFS="TXT_3"/>
						<SP ID="P102_SP00093" HPOS="1130" VPOS="2237" WIDTH="142"/>
						<String ID="P102_ST00121" HPOS="1272" VPOS="2170" WIDTH="206" HEIGHT="70" CONTENT="Quand" WC="1.00" CC="10000" STYLEREFS="TXT_3"/>
						<SP ID="P102_SP00094" HPOS="1478" VPOS="2240" WIDTH="29"/>
						<String ID="P102_ST00122" HPOS="1507" VPOS="2170" WIDTH="121" HEIGHT="70" CONTENT="j'ay" WC="0.95" CC="2000" STYLEREFS="TXT_3"/>
						<SP ID="P102_SP00095" HPOS="1628" VPOS="2240" WIDTH="33"/>
						<String ID="P102_ST00123" HPOS="1661" VPOS="2175" WIDTH="98" HEIGHT="49" CONTENT="ouï" WC="0.97" CC="105" STYLEREFS="TXT_3"/>
						<SP ID="P102_SP00096" HPOS="1759" VPOS="2240" WIDTH="35"/>
						<String ID="P102_ST00124" HPOS="1794" VPOS="2171" WIDTH="47" HEIGHT="53" CONTENT="le" WC="1.00" CC="00" STYLEREFS="TXT_3"/>
						<SP ID="P102_SP00097" HPOS="1841" VPOS="2240" WIDTH="32"/>
						<String ID="P102_ST00125" HPOS="1873" VPOS="2171" WIDTH="278" HEIGHT="54" CONTENT="tabourin." WC="0.73" CC="650009002" STYLEREFS="TXT_3"/>
						<SP ID="P102_SP00098" HPOS="2151" VPOS="2240" WIDTH="0"/>
					</TextLine>
					<TextLine ID="P102_TL00022" HPOS="434" VPOS="2248" WIDTH="1837" HEIGHT="72">
						<String ID="P102_ST00126" HPOS="434" VPOS="2248" WIDTH="206" HEIGHT="69" CONTENT="Hyver," WC="0.99" CC="000000" STYLEREFS="TXT_3"/>
						<SP ID="P102_SP00099" HPOS="640" VPOS="2317" WIDTH="284"/>
						<String ID="P102_ST00127" HPOS="924" VPOS="2267" WIDTH="132" HEIGHT="35" CONTENT="vous" WC="1.00" CC="2000" STYLEREFS="TXT_3"/>
						<SP ID="P102_SP00100" HPOS="1056" VPOS="2317" WIDTH="206"/>
						<String ID="P102_ST00128" HPOS="1262" VPOS="2249" WIDTH="197" HEIGHT="53" CONTENT="n'estes" WC="0.99" CC="3000600" STYLEREFS="TXT_3"/>
						<SP ID="P102_SP00101" HPOS="1459" VPOS="2317" WIDTH="279"/>
						<String ID="P102_ST00129" HPOS="1738" VPOS="2250" WIDTH="176" HEIGHT="70" CONTENT="qu'un" WC="0.99" CC="00160" STYLEREFS="TXT_3"/>
						<SP ID="P102_SP00102" HPOS="1914" VPOS="2320" WIDTH="247"/>
						<String ID="P102_ST00130" HPOS="2161" VPOS="2249" WIDTH="110" HEIGHT="53" CONTENT="vila" WC="0.99" CC="4001" STYLEREFS="TXT_3"/>
					</TextLine>
					<TextLine ID="P102_TL00023" HPOS="197" VPOS="2324" WIDTH="2065" HEIGHT="77">
						<String ID="P102_ST00131" HPOS="197" VPOS="2324" WIDTH="250" HEIGHT="56" CONTENT="CLAUDE" WC="1.00" CC="000050" STYLEREFS="TXT_1"/>
						<SP ID="P102_SP00103" HPOS="447" VPOS="2380" WIDTH="39"/>
						<String ID="P102_ST00132" HPOS="486" VPOS="2326" WIDTH="320" HEIGHT="55" CONTENT="DEBUSSY." WC="0.99" CC="02600004" STYLEREFS="TXT_1"/>
						<SP ID="P102_SP00104" HPOS="806" VPOS="2381" WIDTH="151"/>
						<String ID="P102_ST00133" HPOS="957" VPOS="2329" WIDTH="176" HEIGHT="53" CONTENT="Petite" WC="0.99" CC="006060" STYLEREFS="TXT_3"/>
						<SP ID="P102_SP00105" HPOS="1133" VPOS="2382" WIDTH="39"/>
						<String ID="P102_ST00134" HPOS="1172" VPOS="2329" WIDTH="161" HEIGHT="67" CONTENT="suite," WC="0.98" CC="600460" STYLEREFS="TXT_3"/>
						<SP ID="P102_SP00106" HPOS="1333" VPOS="2396" WIDTH="38"/>
						<String ID="P102_ST00135" HPOS="1371" VPOS="2329" WIDTH="310" HEIGHT="56" CONTENT="transcrite" WC="0.99" CC="0604223001"/>
						<SP ID="P102_SP00107" HPOS="1681" VPOS="2396" WIDTH="41"/>
						<String ID="P102_ST00136" HPOS="1722" VPOS="2347" WIDTH="146" HEIGHT="54" CONTENT="pour" WC="0.96" CC="9062"/>
						<SP ID="P102_SP00108" HPOS="1868" VPOS="2401" WIDTH="42"/>
						<String ID="P102_ST00137" HPOS="1910" VPOS="2345" WIDTH="30" HEIGHT="40" CONTENT="2" WC="1.00" CC="0"/>
						<SP ID="P102_SP00109" HPOS="1940" VPOS="2401" WIDTH="40"/>
						<String ID="P102_ST00138" HPOS="1980" VPOS="2329" WIDTH="205" HEIGHT="71" CONTENT="pianos" WC="0.99" CC="000460"/>
						<SP ID="P102_SP00110" HPOS="2185" VPOS="2401" WIDTH="40"/>
						<String ID="P102_ST00139" HPOS="2225" VPOS="2333" WIDTH="37" HEIGHT="52" CONTENT="à" WC="0.40" CC="5"/>
					</TextLine>
					<TextLine ID="P102_TL00024" HPOS="306" VPOS="2406" WIDTH="796" HEIGHT="72">
						<String ID="P102_ST00140" HPOS="306" VPOS="2422" WIDTH="35" HEIGHT="53" CONTENT="4" WC="0.80" CC="1"/>
						<SP ID="P102_SP00111" HPOS="341" VPOS="2475" WIDTH="35"/>
						<String ID="P102_ST00141" HPOS="376" VPOS="2406" WIDTH="207" HEIGHT="69" CONTENT="mains," WC="0.99" CC="000324"/>
						<SP ID="P102_SP00112" HPOS="583" VPOS="2475" WIDTH="35"/>
						<String ID="P102_ST00142" HPOS="618" VPOS="2424" WIDTH="107" HEIGHT="54" CONTENT="par" WC="0.98" CC="005"/>
						<SP ID="P102_SP00113" HPOS="725" VPOS="2478" WIDTH="34"/>
						<String ID="P102_ST00143" HPOS="759" VPOS="2408" WIDTH="76" HEIGHT="52" CONTENT="H." WC="0.51" CC="63"/>
						<SP ID="P102_SP00114" HPOS="835" VPOS="2478" WIDTH="38"/>
						<String ID="P102_ST00144" HPOS="873" VPOS="2408" WIDTH="229" HEIGHT="54" CONTENT="Busser." WC="0.72" CC="4600502"/>
					</TextLine>
					<TextLine ID="P102_TL00025" HPOS="195" VPOS="2484" WIDTH="1595" HEIGHT="75">
						<String ID="P102_ST00145" HPOS="195" VPOS="2484" WIDTH="167" HEIGHT="54" CONTENT="PAUL" WC="0.97" CC="6304" STYLEREFS="TXT_1"/>
						<SP ID="P102_SP00115" HPOS="362" VPOS="2538" WIDTH="30"/>
						<String ID="P102_ST00146" HPOS="392" VPOS="2486" WIDTH="241" HEIGHT="55" CONTENT="DUKAS." WC="1.00" CC="000000" STYLEREFS="TXT_1"/>
						<SP ID="P102_SP00116" HPOS="633" VPOS="2541" WIDTH="141"/>
						<String ID="P102_ST00147" HPOS="774" VPOS="2488" WIDTH="355" HEIGHT="71" CONTENT="L'Apprenti" WC="0.80" CC="0100008540" STYLEREFS="TXT_3"/>
						<SP ID="P102_SP00117" HPOS="1129" VPOS="2559" WIDTH="33"/>
						<String ID="P102_ST00148" HPOS="1162" VPOS="2488" WIDTH="233" HEIGHT="54" CONTENT="Sorcier." WC="0.99" CC="20070092" STYLEREFS="TXT_3"/>
						<SP ID="P102_SP00118" HPOS="1395" VPOS="2559" WIDTH="38"/>
						<String ID="P102_ST00149" HPOS="1433" VPOS="2489" WIDTH="186" HEIGHT="55" CONTENT="Piano" WC="0.98" CC="60006"/>
						<SP ID="P102_SP00119" HPOS="1619" VPOS="2559" WIDTH="33"/>
						<String ID="P102_ST00150" HPOS="1652" VPOS="2489" WIDTH="138" HEIGHT="56" CONTENT="seul." WC="0.98" CC="02650"/>
					</TextLine>
					<TextLine ID="P102_TL00026" HPOS="193" VPOS="2563" WIDTH="2078" HEIGHT="58">
						<String ID="P102_ST00151" HPOS="193" VPOS="2563" WIDTH="199" HEIGHT="55" CONTENT="CÉSAR" WC="1.00" CC="30000" STYLEREFS="TXT_1"/>
						<SP ID="P102_SP00120" HPOS="392" VPOS="2618" WIDTH="51"/>
						<String ID="P102_ST00152" HPOS="443" VPOS="2566" WIDTH="272" HEIGHT="55" CONTENT="FRANCK." WC="1.00" CC="0000000" STYLEREFS="TXT_1"/>
						<SP ID="P102_SP00121" HPOS="715" VPOS="2621" WIDTH="880"/>
						<String ID="P102_ST00153" HPOS="1595" VPOS="2566" WIDTH="278" HEIGHT="55" CONTENT="Première" WC="0.98" CC="09600994" STYLEREFS="TXT_3"/>
						<SP ID="P102_SP00122" HPOS="1873" VPOS="2621" WIDTH="378"/>
						<String ID="P102_ST00154" HPOS="2251" VPOS="2568" WIDTH="20" HEIGHT="53" CONTENT="F" WC="1.00" CC="0" STYLEREFS="TXT_4"/>
					</TextLine>
					<TextLine ID="P102_TL00027" HPOS="306" VPOS="2646" WIDTH="1938" HEIGHT="73">
						<String ID="P102_ST00155" HPOS="306" VPOS="2646" WIDTH="310" HEIGHT="68" CONTENT="Cantabile," WC="0.93" CC="0006000000" STYLEREFS="TXT_3"/>
						<SP ID="P102_SP00123" HPOS="616" VPOS="2714" WIDTH="42"/>
						<String ID="P102_ST00156" HPOS="658" VPOS="2646" WIDTH="306" HEIGHT="55" CONTENT="transcrits" WC="1.00" CC="0105000002"/>
						<SP ID="P102_SP00124" HPOS="964" VPOS="2714" WIDTH="40"/>
						<String ID="P102_ST00157" HPOS="1004" VPOS="2664" WIDTH="148" HEIGHT="54" CONTENT="pour" WC="0.96" CC="0475"/>
						<SP ID="P102_SP00125" HPOS="1152" VPOS="2718" WIDTH="43"/>
						<String ID="P102_ST00158" HPOS="1195" VPOS="2662" WIDTH="31" HEIGHT="39" CONTENT="2" WC="0.57" CC="4"/>
						<SP ID="P102_SP00126" HPOS="1226" VPOS="2718" WIDTH="41"/>
						<String ID="P102_ST00159" HPOS="1267" VPOS="2646" WIDTH="207" HEIGHT="72" CONTENT="pianos" WC="0.99" CC="000360"/>
						<SP ID="P102_SP00127" HPOS="1474" VPOS="2718" WIDTH="42"/>
						<String ID="P102_ST00160" HPOS="1516" VPOS="2649" WIDTH="34" HEIGHT="52" CONTENT="à" WC="1.00" CC="0"/>
						<SP ID="P102_SP00128" HPOS="1550" VPOS="2718" WIDTH="41"/>
						<String ID="P102_ST00161" HPOS="1591" VPOS="2664" WIDTH="36" HEIGHT="54" CONTENT="4" WC="1.00" CC="0"/>
						<SP ID="P102_SP00129" HPOS="1627" VPOS="2718" WIDTH="41"/>
						<String ID="P102_ST00162" HPOS="1668" VPOS="2648" WIDTH="207" HEIGHT="67" CONTENT="mains," WC="0.99" CC="000314"/>
						<SP ID="P102_SP00130" HPOS="1875" VPOS="2718" WIDTH="42"/>
						<String ID="P102_ST00163" HPOS="1917" VPOS="2665" WIDTH="106" HEIGHT="54" CONTENT="par" WC="1.00" CC="000"/>
						<SP ID="P102_SP00131" HPOS="2023" VPOS="2719" WIDTH="42"/>
						<String ID="P102_ST00164" HPOS="2065" VPOS="2648" WIDTH="179" HEIGHT="56" CONTENT="Henri" WC="0.97" CC="53370"/>
					</TextLine>
					<TextLine ID="P102_TL00028" HPOS="303" VPOS="2725" WIDTH="254" HEIGHT="71">
						<String ID="P102_ST00165" HPOS="303" VPOS="2725" WIDTH="254" HEIGHT="71" CONTENT="Duparc." WC="0.84" CC="0600030"/>
					</TextLine>
					<TextLine ID="P102_TL00029" HPOS="190" VPOS="2801" WIDTH="1673" HEIGHT="59">
						<String ID="P102_ST00166" HPOS="190" VPOS="2801" WIDTH="57" HEIGHT="55" CONTENT="C." WC="0.89" CC="02" STYLEREFS="TXT_1"/>
						<SP ID="P102_SP00132" HPOS="247" VPOS="2856" WIDTH="31"/>
						<String ID="P102_ST00167" HPOS="278" VPOS="2805" WIDTH="425" HEIGHT="55" CONTENT="SAINT-SAËNS." WC="0.82" CC="000002095004" STYLEREFS="TXT_1"/>
						<SP ID="P102_SP00133" HPOS="703" VPOS="2860" WIDTH="772"/>
						<String ID="P102_ST00168" HPOS="1475" VPOS="2806" WIDTH="388" HEIGHT="54" CONTENT="Lntroduction" WC="0.66" CC="985007054000" STYLEREFS="TXT_3"/>
					</TextLine>
					<TextLine ID="P102_TL00030" HPOS="419" VPOS="2885" WIDTH="1835" HEIGHT="73">
						<String ID="P102_ST00169" HPOS="419" VPOS="2885" WIDTH="234" HEIGHT="54" CONTENT="Concerto" WC="1.00" CC="00030040" STYLEREFS="TXT_3"/>
						<SP ID="P102_SP00134" HPOS="653" VPOS="2939" WIDTH="1"/>
						<String ID="P102_ST00170" HPOS="654" VPOS="2903" WIDTH="95" HEIGHT="52" CONTENT="pour" WC="0.96" CC="0776"/>
						<SP ID="P102_SP00135" HPOS="749" VPOS="2955" WIDTH="38"/>
						<String ID="P102_ST00171" HPOS="787" VPOS="2885" WIDTH="178" HEIGHT="71" CONTENT="piano" WC="0.99" CC="00050"/>
						<SP ID="P102_SP00136" HPOS="965" VPOS="2956" WIDTH="37"/>
						<String ID="P102_ST00172" HPOS="1002" VPOS="2892" WIDTH="59" HEIGHT="48" CONTENT="et" WC="0.79" CC="40"/>
						<SP ID="P102_SP00137" HPOS="1061" VPOS="2956" WIDTH="41"/>
						<String ID="P102_ST00173" HPOS="1102" VPOS="2888" WIDTH="310" HEIGHT="66" CONTENT="orchestie," WC="0.65" CC="2030550764"/>
						<SP ID="P102_SP00138" HPOS="1412" VPOS="2956" WIDTH="695"/>
						<String ID="P102_ST00174" HPOS="2107" VPOS="2904" WIDTH="147" HEIGHT="54" CONTENT="pour" WC="0.98" CC="0470"/>
					</TextLine>
					<TextLine ID="P102_TL00031" HPOS="297" VPOS="2964" WIDTH="1945" HEIGHT="72">
						<String ID="P102_ST00175" HPOS="297" VPOS="2964" WIDTH="176" HEIGHT="71" CONTENT="piano" WC="0.99" CC="00006"/>
						<SP ID="P102_SP00139" HPOS="473" VPOS="3035" WIDTH="42"/>
						<String ID="P102_ST00176" HPOS="515" VPOS="2969" WIDTH="60" HEIGHT="50" CONTENT="et" WC="0.71" CC="50"/>
						<SP ID="P102_SP00140" HPOS="575" VPOS="3035" WIDTH="43"/>
						<String ID="P102_ST00177" HPOS="618" VPOS="2965" WIDTH="311" HEIGHT="69" CONTENT="orchestre," WC="0.99" CC="6106000404"/>
						<SP ID="P102_SP00141" HPOS="929" VPOS="3035" WIDTH="844"/>
						<String ID="P102_ST00178" HPOS="1773" VPOS="2965" WIDTH="303" HEIGHT="55" CONTENT="Troisième" WC="0.99" CC="090000050" STYLEREFS="TXT_3"/>
						<SP ID="P102_SP00142" HPOS="2076" VPOS="3035" WIDTH="-448"/>
						<String ID="P102_ST00179" HPOS="1628" VPOS="2984" WIDTH="145" HEIGHT="52" CONTENT="pour" WC="0.97" CC="0068"/>
						<SP ID="P102_SP00143" HPOS="2076" VPOS="3036" WIDTH="-258"/>
						<String ID="P102_ST00180" HPOS="1818" VPOS="2964" WIDTH="193" HEIGHT="55" CONTENT="violon" WC="0.99" CC="025140"/>
						<SP ID="P102_SP00144" HPOS="2076" VPOS="3036" WIDTH="-24"/>
						<String ID="P102_ST00181" HPOS="2052" VPOS="2970" WIDTH="60" HEIGHT="49" CONTENT="et" WC="0.73" CC="50"/>
						<SP ID="P102_SP00145" HPOS="2112" VPOS="3036" WIDTH="42"/>
						<String ID="P102_ST00182" HPOS="2154" VPOS="2983" WIDTH="59" HEIGHT="36" CONTENT="or" SUBS_TYPE="HypPart1" SUBS_CONTENT="orchestre." WC="0.97" CC="72"/>
						<HYP HPOS="2213" VPOS="2983" WIDTH="29" CONTENT="-"/>
					</TextLine>
					<TextLine ID="P102_TL00032" HPOS="296" VPOS="3043" WIDTH="1278" HEIGHT="72">
						<String ID="P102_ST00183" HPOS="296" VPOS="3045" WIDTH="245" HEIGHT="54" CONTENT="chestre." SUBS_TYPE="HypPart2" SUBS_CONTENT="orchestre." WC="0.99" CC="60600323"/>
						<SP ID="P102_SP00146" HPOS="541" VPOS="3099" WIDTH="48"/>
						<String ID="P102_ST00184" HPOS="589" VPOS="3043" WIDTH="220" HEIGHT="56" CONTENT="Petites" WC="1.00" CC="0000000"/>
						<SP ID="P102_SP00147" HPOS="809" VPOS="3099" WIDTH="40"/>
						<String ID="P102_ST00185" HPOS="849" VPOS="3044" WIDTH="315" HEIGHT="71" CONTENT="partitions" WC="1.00" CC="0000000410"/>
						<SP ID="P102_SP00148" HPOS="1164" VPOS="3115" WIDTH="43"/>
						<String ID="P102_ST00186" HPOS="1207" VPOS="3046" WIDTH="367" HEIGHT="55" CONTENT="d'orchestre." WC="0.99" CC="035460200540"/>
					</TextLine>
				</TextBlock>
				<ComposedBlock ID="P102_CB00001" HPOS="1104" VPOS="3249" WIDTH="195" HEIGHT="197" STYLEREFS="TXT_5 PAR_LEFT" TYPE="Illustration">
					<GraphicalElement ID="P102_CB00001_SUB" HPOS="1104" VPOS="3249" WIDTH="195" HEIGHT="197"/>
				</ComposedBlock>
			</PrintSpace>
		</Page>
	</Layout>
</alto>
