2791 4089
514 352 122 49 n6o

1036 367 245 35 BULLETIN
1328 367 240 46 FRANÇAIS
1613 370 63 33 DE
1723 369 61 34 LA
1831 369 38 35 S.
1920 369 29 34 I.
1999 369 49 33 M.

510 516 233 70 prunte,
777 529 76 38 ou
882 511 197 56 mieux
1108 512 196 71 paraît
1337 520 335 66 emprunter
1703 513 277 73 quelques
2013 513 261 72 rythmes
2309 519 59 50 et
2410 532 135 41 sono-

513 592 160 67 rités,
705 596 57 50 et
792 592 144 55 dont
961 590 225 57 Mailler
1210 590 136 71 joue
1374 610 220 38 comme
1621 612 82 37 un
1729 593 204 55 enfant
1966 592 174 56 d'une
2165 611 232 54 paume.
2442 593 51 55 Il
2513 595 66 57 la

513 670 197 57 réduit
744 671 34 52 à
811 668 184 58 n'être
1026 689 115 53 que
1174 670 54 54 le
1261 672 189 67 cadre,
1486 693 95 50 ou,
1599 672 45 55 si
1680 673 118 56 l'on
1831 676 161 66 veut,
2009 672 53 54 le
2094 670 283 75 récipient
2413 675 70 54 de
2512 691 67 41 sa

510 747 295 57 fantaisie.
854 747 386 57 L'avez-vous
1289 767 157 39 assez
1507 751 275 67 admirée,
1841 750 341 56 semble-t-il
2240 769 149 38 nous
2439 751 138 67 dire,

510 828 74 54 eh
616 825 165 58 bien!
813 840 182 58 voyez
1031 845 62 38 ce
1127 846 113 52 que
1274 828 119 72 j'en
1426 828 140 56 fais!
1595 832 77 52 Et
1704 831 44 53 il
1774 830 57 54 la
1859 828 196 73 pelote
2090 833 57 51 et
2179 828 46 56 il
2259 849 72 38 en
2364 830 216 73 jongle,

508 911 59 51 et
592 905 44 53 il
660 903 60 56 la
748 903 282 74 disloque,
1053 912 76 65 et,
1150 912 131 50 tout
1310 907 372 71 subitement,
1713 910 58 54 la
1795 908 167 56 lâche
1989 912 58 52 et
2084 927 148 39 nous
2260 915 230 52 montre
2514 927 66 41 ce

506 983 145 75 qu'il
686 990 142 66 peut
863 983 149 56 faire
1046 1004 134 38 sans
1218 987 123 69 elle,
1380 993 59 49 et
1473 988 143 72 qu'il
1653 990 229 57 n'avait
1917 1006 107 54 pas
2058 987 207 59 besoin
2303 988 188 74 d'elle,
2519 993 61 53 et

508 1065 209 71 qu'elle
741 1063 150 56 était
918 1063 57 56 là
1000 1065 367 72 simplement
1394 1084 107 53 par
1528 1086 303 52 gageure...
1864 1072 56 52 et
1952 1071 68 53 de
2047 1085 276 39 nouveau
2348 1086 63 37 ce
2436 1068 144 73 qu'il

509 1148 143 66 peut
692 1157 141 41 avec
871 1143 168 58 e11e...
1059 1150 57 52 et
1158 1147 69 54 de
1265 1164 271 38 nouveau
1572 1164 154 39 sans.
1769 1147 192 70 Qu'on
1995 1146 278 71 imagine,
2314 1148 99 56 dès
2442 1147 138 71 lors,

510 1227 244 67 passant
802 1239 135 38 sous
985 1222 82 56 les
1116 1242 249 37 arceaux
1416 1227 70 54 de
1535 1231 155 48 cette
1738 1231 296 50 armature
2081 1226 497 74 nurembergoise,

510 1320 113 38 une
654 1298 303 60 farandole
1274 1303 237 70 yodlant,
1512 1305 123 54 exultant
1636 1307 61 54 de
1698 1305 94 53 cris
1829 1307 68 54 de
1930 1305 117 71 joie
2083 1311 58 48 et
2176 1307 70 55 de
2277 1306 270 57 bondisse-

506 1385 213 63 ments,
773 1382 70 53 de
890 1383 262 69 rythmes
1204 1386 299 65 dansants,
1559 1386 68 53 de
1676 1383 283 56 mélodies
2047 1383 358 73 tyroliennes
2500 1402 80 39 ou

508 1457 452 70 carinthiennes,
990 1462 70 53 de
1088 1463 206 54 chants
1324 1463 69 52 de
1421 1462 336 57 clarinettes
1784 1463 329 70 slovaques.
2142 1463 155 56 C'est
2321 1463 162 72 plein
2508 1465 72 57 de

506 1538 200 56 scènes
749 1538 343 56 d'autrefois
1136 1556 140 39 avec
1319 1557 93 37 ces
1458 1540 420 57 déformations
1920 1560 240 53 propres
2202 1543 35 54 à
2277 1542 137 55 l'art
2456 1561 82 38 mo-

512 1620 194 54 derne.
744 1617 152 56 C'est
932 1636 206 38 encore
1171 1639 115 38 une
1319 1618 113 55 fois
1467 1620 52 52 le
1553 1621 204 54 Prater
1792 1627 134 48 tout
1962 1621 206 72 entier,
2185 1621 138 60 vidé
2353 1640 137 39 sous
2521 1621 59 57 la

509 1695 300 57 charmille
844 1697 461 71 wagnérienne...
1331 1697 78 52 Et
1448 1697 43 55 il
1526 1700 103 69 n'y
1667 1717 33 36 a
1735 1700 133 72 plus
1910 1702 70 53 de
2013 1702 256 70 Wagner
2307 1705 79 54 du
2423 1706 156 52 tout.

509 1777 287 55 Cherchez
828 1776 197 70 plutôt
1061 1778 221 69 Haydn
1319 1780 144 53 dans
1500 1778 358 58 Beethoven.
1897 1781 97 67 Et,
2016 1780 261 72 dix-sept
2300 1780 275 71 minutes,

510 1857 156 52 cette
698 1852 141 56 folie
870 1855 324 55 lumineuse
1227 1855 237 73 s'éploie
1498 1875 71 37 en
1601 1857 332 72 perpétuels
1968 1863 612 70 recommencements,

509 1933 390 73 perpétuelles
933 1933 343 57 variations.
1312 1936 152 53 C'est
1501 1937 77 52 du
1611 1936 167 70 génie
1836 1940 34 52 à
1933 1936 59 56 la
2056 1938 301 68 centième,
2428 1937 152 59 àla

510 2011 280 56 millième
828 2015 322 71 puissance.
1191 2013 152 55 C'est
1387 2013 58 54 la
1481 2015 266 69 musique
1784 2016 323 56 elle-même
2142 2017 99 71 qui
2296 2022 136 51 tout
2483 2036 65 38 en-

508 2088 146 56 tière
696 2095 163 49 entre
900 2109 73 36 en
1016 2093 176 55 danse
1219 2091 11 54 !
1314 2091 94 53 Ah
1434 2092 8 52 !
1491 2091 45 56 si
1582 2093 342 57 Beethoven
1967 2095 166 55 avait
2188 2097 260 55 entendu
2488 2101 92 49 cet

504 2171 216 70 hymne
755 2170 36 53 à
821 2173 60 51 la
913 2170 138 71 joie!
1080 2172 79 52 Et
1194 2173 200 68 quand
1427 2189 78 36 on
1538 2190 71 35 ne
1643 2172 113 55 sait
1792 2175 129 71 plus
1957 2176 73 52 où
2065 2176 120 56 l'on
2217 2194 74 38 en
2323 2181 107 63 est,
2466 2192 114 56 que

508 2252 134 51 tout
670 2247 168 70 siffle,
867 2248 178 65 hurle,
1069 2248 213 73 piaule,
1312 2248 96 70 rit,
1439 2250 302 71 s'esclaffe,
1770 2253 234 70 bondit,
2033 2255 146 54 mêlé
2210 2272 116 37 aux
2354 2255 226 57 cloches

512 2330 69 54 de
612 2327 184 55 vache
826 2333 59 49 et
917 2330 34 52 à
980 2332 168 51 toute
1162 2327 59 57 la
1232 2327 301 71 bigarrure
1563 2331 293 56 excessive
1889 2335 70 54 de
1989 2332 59 55 la
2075 2333 258 55 batterie
2362 2333 182 56 mahle-

510 2406 202 56 rienne
736 2426 12 33 :
782 2424 230 39 cassure
1058 2411 182 65 nette,
1291 2408 176 54 chute
1515 2411 424 71 chromatique,
1990 2412 376 70 roulements,
2415 2418 60 51 et
2522 2412 58 57 la

513 2484 80 55 fin
625 2483 59 55 la
715 2483 131 71 plus
875 2486 277 71 brusque,
1182 2484 58 56 la
1271 2484 130 73 plus
1434 2484 293 73 inopinée,
1762 2507 224 37 comme
2019 2490 46 54 si
2100 2491 52 53 le
2185 2491 395 72 compositeur

510 2561 219 57 cassait
768 2580 108 40 son
910 2563 188 57 bâton
1141 2566 70 54 de
1248 2562 132 56 chef
1421 2566 353 57 d'orchestre
1815 2573 58 50 et
1915 2585 146 40 vous
2099 2571 53 53 le
2189 2571 222 68 lançait
2451 2571 129 56 àla

510 2642 142 56 tête.

613 2722 76 55 Ce
730 2722 131 55 chef
901 2723 373 69 d'orchestre,
1315 2723 140 55 c'est
1498 2726 36 52 à
1571 2725 219 55 l'heure
1832 2730 244 54 actuelle
2116 2728 53 56 le
2207 2730 253 72 premier
2500 2731 78 56 du

512 2801 232 56 monde.
781 2802 153 55 C'est
965 2802 55 53 le
1051 2802 210 55 maître
1290 2801 334 57 incontesté
1658 2807 101 52 des
1784 2807 429 72 Weingartner,
2250 2811 100 54 des
2381 2808 197 70 Mottl,

514 2881 100 54 des
647 2882 235 55 Strauss
915 2883 59 52 et
1011 2882 99 55 des
1141 2879 265 58 Nikisch.
1441 2881 385 73 L'Amérique
1858 2886 78 54 l'a
1968 2887 203 56 enlevé
2218 2890 35 53 à
2298 2888 281 71 l'Europe

512 2961 34 53 à
580 2976 179 55 coups
795 2959 70 56 de
900 2959 230 56 dollars.
1166 2958 184 70 Paris,
1384 2962 97 67 qui
1505 2979 33 35 a
1571 2966 259 53 entendu
1860 2971 136 49 tous
2029 2967 81 53 les
2146 2971 215 66 autres,
2396 2986 74 37 ne
2500 2966 80 56 l'a

512 3056 106 56 pas
655 3053 206 42 encore
896 3039 224 73 appelé.
1158 3038 52 55 Il
1246 3059 72 35 en
1354 3059 34 35 a
1422 3039 92 53 été
1550 3050 251 48 souvent
1839 3046 294 70 question,
2171 3047 124 56 cela
2329 3066 74 36 ne
2437 3047 141 55 s'est

514 3117 210 71 jamais
768 3117 132 55 fait.
946 3121 100 54 Ses
1091 3118 302 73 exigences
1437 3125 285 64 pourtant
1766 3142 76 36 ne
1882 3132 136 48 sont
2062 3145 108 53 pas
2212 3127 269 71 grandes.
2528 3125 52 54 Il

517 3197 285 56 demande
824 3201 236 52 surtout
1083 3198 53 55 le
1162 3197 152 57 droit
1340 3203 57 49 et
1421 3198 57 52 la
1500 3198 215 56 licence
1741 3203 68 54 de
1832 3205 303 54 travailler
2156 3222 106 37 son
2286 3207 293 53 orchestre

513 3276 35 53 à
579 3292 66 38 sa
674 3274 192 72 façon.
900 3276 52 54 Il
981 3276 152 56 n'est
1162 3295 108 53 pas
1303 3277 255 72 d'usage,
1590 3281 282 68 paraît-il,
1909 3283 335 59 d'accorder
2270 3286 308 70 beaucoup

515 3356 71 54 de
623 3353 346 74 répétitions
1007 3373 76 39 au
1588 3354 233 74 Kapelïmeister
1822 3357 139 74 étranger.
1962 3362 61 53 A
2024 3363 139 68 lui,
2164 3365 20 53 il
2218 3363 84 56 lui
2343 3382 72 37 en
2450 3365 130 53 faut

513 3451 114 38 une
669 3434 485 72 demi-douzaine,
1196 3451 140 39 avec
1376 3436 83 56 les
1497 3437 279 70 premiers
1815 3442 322 55 orchestres
2179 3443 400 71 d'Allemagne

515 3530 77 38 ou
625 3512 363 57 d'Autriche.
1014 3516 91 54 Ne
1129 3532 61 38 se
1215 3516 440 56 résoudra-t-on
1682 3521 149 53 donc
1875 3522 35 52 à
1950 3526 282 53 entendre
2258 3544 75 35 en
2357 3525 221 53 France

512 3591 83 56 les
636 3594 133 70 sept
810 3592 297 58 radieuses
1147 3594 378 72 symphonies
1569 3597 70 53 de
1680 3597 242 70 Mahler,
1966 3619 223 38 comme
2231 3621 78 38 on
2347 3601 80 56 l'a
2466 3600 111 55 fait
