2278 3787
119 180 85 49 488

970 186 336 28 INFORMATIONS

181 285 88 42 Les
292 287 224 40 créations
539 285 221 53 projetées
778 290 101 33 sont
899 296 9 26 :

176 349 62 41 La
289 349 134 41 Tosca
467 347 239 55 (Puccini),
744 344 142 42 Marie
920 343 283 57 Magdeleine
1240 341 287 55 (Massenet),
1556 341 27 41 /'
1586 341 188 42 Ancêtre
1798 339 359 58 (Saint-Saëns),

126 414 41 40 la
189 412 164 42 Guerre
376 413 71 39 des
465 412 181 52 femmes
664 417 9 37 {
684 409 170 42 Lucien
875 409 239 52 Poujade),
1141 412 134 49 opéra
1305 408 210 51 comique
1538 407 297 39 entièrement
1865 404 144 41 inédit
2037 417 9 37 ;

183 476 55 40 Le
268 475 195 41 Vénitien
485 472 219 55 (d'Albert
720 471 192 53 Cahen),
932 470 169 43 Blanca
1127 471 188 49 Torella,
1329 471 55 40 de
1400 470 47 40 M
1452 475 65 17 mes
1533 470 287 50 Fontmagne
1833 477 42 32 et
1897 468 262 54 Amaryllis,

123 548 129 32 conte
285 537 346 53 mythologique
654 537 54 39 de
730 535 62 40 M.
813 535 152 41 André
989 534 236 52 Gailhard,
1245 533 72 42 fils
1341 534 59 41 du
1425 534 225 40 directeur
1665 533 55 41 de
1754 531 203 54 l'Opéra,
1981 534 95 51 qui,
2103 546 58 29 on

124 602 39 40 le
186 603 100 48 sait,
315 616 22 25 a
362 599 168 42 obtenu
555 600 38 40 le
619 600 94 52 prix
738 598 54 42 de
814 598 144 42 Rome
996 608 112 32 cette
1134 603 143 37 année
1294 609 9 40 ;

179 663 256 42 Maïmouna
459 662 176 53 (Béon),
668 663 36 39 le
743 662 152 54 Péage
931 662 184 53 (Banès)
1152 672 41 31 et
1233 662 58 41 les
1327 661 125 42 Deux
1490 659 114 58 Coqs
1636 659 233 55 (Létorey)
1908 668 103 33 sont
2053 662 106 41 trois

123 741 234 28 nouveaux
376 726 177 51 ballets,
583 732 57 35 où
664 725 39 41 la
738 729 133 48 grâce
904 726 54 41 de
997 725 42 40 M
1046 724 41 33 lle
1108 725 126 43 Irène
1266 725 179 52 Lovati,
1482 733 129 33 notre
1647 725 224 53 première
1914 723 242 53 danseuse,

123 795 267 47 réengagée,
408 804 161 38 pourra
591 803 47 27 se
668 790 407 52 métamorphoser.

179 872 379 42 CONSERVATOIRE
595 870 279 43 D'ATHÈNES.
912 872 139 41 —M.
1083 873 175 41 Franck
1288 872 188 54 Choisy,
1523 872 170 53 éphore
1717 872 57 41 du
1809 872 350 51 conservatoire,

122 950 114 28 nous
258 938 160 40 envoie
441 937 40 40 le
505 950 289 40 programme
817 936 54 40 de
889 950 70 27 ses
977 945 219 41 concerts,
1218 943 57 35 où
1299 950 114 28 nous
1434 936 224 51 relevons,
1683 935 237 42 Deuxième
1944 934 186 55 Sympho-

122 1000 69 40 nie
220 1014 55 27 en
311 999 39 41 si
372 1002 178 39 mineur
596 1000 55 40 de
687 999 241 49 Borodine,
960 999 264 55 Symphonie
1262 999 227 41 inachevée
1528 1000 54 39 de
1613 998 244 46 Schubert,
1890 998 269 53 symphonie

122 1063 40 40 la
204 1062 133 42 Grèce
342 1096 9 16 ,
390 1078 115 38 pour
546 1063 145 51 grand
734 1062 245 51 orchestre,
1017 1076 157 37 orgue,
1225 1062 84 41 soli
1352 1072 41 31 et
1427 1062 196 44 choeurs,
1663 1063 55 40 de
1750 1062 178 41 Franck
1966 1061 190 54 Choisy,

123 1126 137 40 Conte
270 1126 190 55 féerique
489 1129 54 37 de
558 1124 473 54 Rimsky-Korsakoff,
1067 1125 39 41 \Q
1132 1124 154 55 Cygne
1309 1126 51 39 de
1402 1125 42 41 la
1484 1124 194 42 Tuonela
1701 1126 54 40 de
1789 1124 219 44 Sibelius,
2046 1125 112 41 suite

123 1202 54 27 en
200 1192 44 36 ré
268 1189 170 52 majeur
470 1188 55 40 de
548 1188 139 47 Bach,
724 1187 59 40 les
805 1186 246 42 Murmures
1073 1188 50 39 de
1153 1188 41 40 la
1227 1187 133 50 forêt,
1387 1187 300 42 introduction
1709 1198 42 32 et
1790 1188 120 41 Mort
1942 1188 29 41 d
1996 1188 159 50 Yseult,

123 1261 239 32 ouverture
399 1251 60 41 du
501 1249 435 42 Vaisseau-Fantôme
958 1251 55 41 de
1048 1251 223 52 Wagner,
1301 1250 183 57 Caprice
1507 1253 215 55 espagnol
1743 1253 56 41 de
1823 1251 302 54 Rimsky-Kor-

122 1313 163 52 sakoff,
301 1314 193 41 Bourrée
497 1314 240 55 fantasque
756 1314 54 41 de
831 1313 397 49 Chabrier-Mottl,
1253 1324 102 42 etc.,
1381 1324 121 33 etc...
1529 1315 170 43 Toutes
1720 1330 73 28 ces
1824 1317 333 52 compositions

125 1387 102 31 sont
250 1378 79 41 des
351 1376 346 43 chefs-d'œuvre
718 1378 95 53 déjà
840 1387 42 31 et
906 1387 190 32 souvent
1115 1378 240 54 applaudis
1376 1392 54 28 en
1470 1380 186 41 France.

182 1475 20 25 2
207 1465 15 18 e
254 1459 216 42 CONGRÈS
492 1475 55 25 DE
569 1475 52 25 LA
645 1459 463 42 Musikinternational
1134 1460 298 57 Gesellschaft.
1559 1461 64 42 Le
1658 1477 21 25 2
1685 1467 15 18 e
1729 1462 209 52 Congrès
1971 1463 54 40 de
2049 1472 111 33 cette

127 1521 176 43 Société
325 1525 120 39 vient
461 1524 54 40 de
539 1525 211 39 terminer
775 1536 71 28 ses
867 1533 204 32 travaux.
1104 1524 73 41 lia
1203 1534 105 32 tenu
1332 1539 71 27 ses
1427 1530 185 36 séances
1647 1530 23 36 à
1696 1526 111 41 Bâle
1839 1526 59 41 du
1924 1541 48 37 23
2009 1541 56 26 au
2108 1530 51 37 28

126 1587 270 52 septembre,
423 1587 390 41 alternativement
838 1592 21 35 à
885 1587 289 42 l'Université
1211 1599 41 30 et
1277 1603 54 26 au
1369 1586 364 44 Conservatoire.
1773 1589 99 43 Une
1910 1591 178 40 dizaine
2105 1591 55 41 de

125 1663 83 28 nos
231 1650 228 51 collègues
485 1651 355 52 représentaient
863 1650 39 40 la
929 1650 170 42 France
1124 1655 20 36 à
1164 1665 71 27 ces
1266 1653 228 40 réunions.
1519 1651 63 42 La
1602 1654 170 40 section
1807 1653 56 41 de
1886 1653 130 41 Paris
2041 1656 119 39 avait

125 1713 190 51 délégué
340 1712 61 42 M.
424 1712 377 42 ECORCHEVILLE.
830 1713 124 41 Deux
974 1714 226 41 décisions
1227 1715 298 53 importantes
1561 1716 184 41 doivent
1767 1720 94 37 être
1891 1717 228 51 signalées
2147 1729 7 28 :

125 1776 39 40 la
205 1778 200 39 création
447 1774 131 42 d'une
616 1776 335 53 bibliographie
989 1778 216 40 musicale
1228 1778 351 42 internationale
1614 1788 42 32 et
1696 1779 40 41 la
1775 1780 375 42 transformation

124 1839 58 40 du
226 1838 190 43 bulletin
460 1839 213 52 français.
710 1839 64 42 Le
816 1840 217 53 prochain
1071 1840 209 52 Congrès
1314 1840 149 55 (1908)
1505 1856 46 27 se
1589 1843 174 41 tiendra
1804 1857 106 28 sans
1953 1844 136 42 doute
2138 1849 21 36 à

124 1902 185 41 Munich
337 1914 9 38 ;
372 1903 39 41 le
435 1905 180 39 suivant
634 1902 147 54 (1910)
805 1918 108 27 aura
937 1906 323 40 certainement
1278 1905 87 41 lieu
1392 1909 21 37 à
1439 1905 145 43 Paris.

179 2056 132 41 Nous
335 2056 263 56 rappelons,
617 2069 124 40 pour
762 2055 224 55 prévenir
1018 2063 125 34 toute
1175 2056 309 42 réclamation
1516 2070 89 28 non
1616 2057 200 56 fondée,
1843 2072 88 42 que
1954 2058 119 42 dans
2098 2060 64 42 les

123 2121 116 38 mois
275 2119 29 40 d
308 2119 7 16 }
321 2120 110 40 août
471 2126 42 33 et
542 2120 54 40 de
630 2119 255 54 septembre
925 2121 42 40 la
1002 2120 153 43 Revue
1193 2120 237 52 Musicale,
1470 2123 126 39 selon
1635 2122 178 56 Vusage
1842 2124 122 40 suivi
1999 2124 163 54 depuis

120 2185 78 38 six
221 2196 98 33 ans,
349 2196 54 27 ne
426 2190 157 46 parait
612 2196 58 41 qu
690 2196 86 27 une
787 2182 106 55 fois
910 2197 87 40 par
1019 2184 131 41 mois.

185 2244 131 42 Ceux
342 2246 54 40 de
419 2259 80 27 nos
520 2245 203 41 abonnés
744 2246 94 55 qui,
861 2260 89 39 par
973 2246 119 41 suite
1115 2246 132 42 d'une
1270 2249 270 53 négligence
1572 2248 55 41 de
1652 2249 44 41 la
1713 2257 148 47 poste,
1896 2265 27 26 n
1943 2251 219 41 auraient

115 2321 90 42 pas
226 2321 108 28 reçu
368 2322 56 27 un
461 2310 204 49 numéro,
701 2316 108 34 sont
840 2310 126 53 priés
988 2309 54 41 de
1082 2323 111 28 nous
1230 2324 50 27 en
1303 2312 170 52 aviser,
1510 2325 52 28 en
1603 2312 225 52 écrivant,
1858 2313 25 51 i
1883 2313 52 51 6,
1974 2316 111 54 quai
2107 2314 55 42 de

124 2371 173 55 Passy.

1359 3493 59 40 Le
1451 3492 165 44 Gérant
1641 3511 13 24 :
1685 3497 54 40 A.
1777 3497 207 48 REBECQ.

771 3577 101 28 Poitiers.
889 3589 17 6 -
919 3578 84 29 Société
1019 3581 107 33 française
1139 3584 153 30 d'Imprimerie
1308 3586 25 26 et
1349 3587 27 25 de
1396 3587 112 27 Librairie.

561 2510 340 48 INSTITUT
950 2512 317 49 MUSICAL
1314 2515 88 46 DE
1447 2514 286 49 FRANCE

680 2592 59 31 12,
774 2580 141 38 PLACE
940 2593 52 24 DE
1021 2594 53 24 LA
1105 2583 182 47 NATION,
1321 2583 164 38 PARIS
1516 2583 64 51 (12
1586 2590 13 16 E
1603 2584 10 40 )

1418 2678 360 42 TÉLÉPHONE
1811 2688 173 35 924-70

320 2743 395 42 Harmonisation,
741 2744 367 41 Orchestration,
1128 2747 346 44 Arrangement
1493 2750 56 33 de
1577 2752 158 32 toutes
1768 2761 189 25 œuvres

515 2797 118 33 pour
658 2789 157 41 Piano,
844 2790 267 42 Harmonie,
1140 2792 250 34 Orchestre
1417 2796 346 42 symphonique

123 2848 304 64 EXAMEN
481 2851 94 61 ET
636 2852 453 64 CORRECTION
1147 2857 92 59 DE
1294 2857 284 62 TOUTES
1639 2860 521 63 COMPOSITIONS

905 2944 464 41 MUSICALES

468 3008 213 35 Conseils
703 3019 93 24 aux
822 3010 256 35 débutants
1102 3014 46 32 et
1173 3015 342 35 consultations
1536 3018 280 42 techniques

869 3067 228 34 GRAVURE
1125 3070 59 32 ET
1213 3062 198 43 ÉDITION

175 3157 250 40 L'INSTITUT
461 3159 192 39 MUSICAL
690 3174 52 24 DE
778 3162 188 48 FRANCE,
998 3163 72 50 qui
1107 3174 168 41 compte
1310 3167 134 50 parmi
1480 3180 66 26 ses
1582 3169 351 41 Collaborateurs
1967 3171 60 39 les
2063 3175 97 36 Pro-

122 3208 184 38 fesseurs
331 3217 40 29 et
400 3209 60 37 les
495 3211 325 50 Compositeurs
849 3213 60 37 les
933 3213 95 50 plus
1053 3215 226 47 éminents,
1303 3226 97 29 tous
1425 3218 212 50 diplômés
1658 3220 57 38 du
1744 3221 347 51 Conservatoire,
2118 3237 42 25 se

120 3258 152 51 charge
306 3259 51 38 de
380 3267 97 30 tous
509 3260 61 38 les
604 3271 176 28 travaux
812 3263 72 49 qui
917 3264 59 36 lui
1011 3274 97 29 sont
1138 3267 202 39 transmis
1374 3269 53 38 de
1464 3269 132 49 Paris,
1633 3271 51 38 de
1714 3272 38 37 la
1790 3273 209 38 Province
2031 3284 40 28 et
2109 3276 49 36 de

119 3309 11 36 1
150 3311 219 48 Etranger.
397 3312 89 35 Son
516 3312 292 50 organisation
832 3313 230 52 technique
1088 3316 59 38 lui
1175 3327 164 41 permet
1361 3319 50 39 de
1443 3320 145 39 traiter
1609 3330 142 31 toutes
1781 3323 60 38 les
1867 3325 223 47 questions
2116 3338 42 25 se

120 3368 253 40 rapportant
394 3361 22 37 à
439 3361 102 38 l'Art
565 3362 194 39 musical.
