2278 3787
767 211 148 27 COURS
950 212 59 26 DU
1044 204 201 35 COLLÈGE
1278 213 55 25 DE
1368 212 172 27 FRANCE

135 210 82 37 474

135 308 195 50 épuisée,
351 320 85 38 que
463 306 38 40 la
540 307 224 51 musique,
791 304 104 42 bien
939 304 162 54 qu'elle
1125 308 87 38 soit
1237 306 38 40 la
1302 306 101 52 plus
1433 306 218 40 ancienne
1675 306 78 39 des
1798 304 362 48 manifestations

133 375 55 40 de
211 373 166 55 l'esprit
401 378 187 38 humain
608 385 41 31 et
671 375 37 41 la
730 376 101 52 plus
862 377 283 39 étroitement
1181 376 83 40 liée
1306 390 85 26 aux
1427 375 257 41 conditions
1718 376 54 38 de
1795 375 40 39 la
1871 376 70 39 vie
1980 379 177 50 sociale,

133 453 65 31 est
222 445 257 40 considérée
502 458 175 27 comme
695 445 164 40 devant
882 444 109 41 faire
1016 444 151 54 l'objet
1193 445 133 40 d'une
1350 445 186 40 histoire
1559 445 224 40 distincte.
1819 444 126 41 Telle
1980 456 65 31 est
2084 448 57 41 l'é-

133 513 202 40 volution
361 512 134 53 qu'on
520 527 286 39 remarquera
833 528 105 26 sans
960 515 134 40 doute
1117 515 113 39 dans
1252 514 63 39 les
1337 513 101 41 faits
1463 516 76 50 qui
1562 522 108 32 vont
1692 518 91 37 être
1809 518 215 37 résumés.
2044 515 87 44 Con-

135 583 257 39 trairement
412 596 84 26 aux
519 596 164 37 usages
708 584 138 40 suivis
861 583 111 41 dans
996 597 82 27 nos
1102 597 19 24 «
1141 583 221 41 Histoires
1382 584 54 39 de
1459 582 150 50 l'art»,
1631 585 39 52 je
1687 598 56 27 ne
1776 584 223 41 craindrai
2016 600 93 37 pas,
2136 593 21 35 à

134 664 167 39 propos
321 651 53 40 de
397 654 224 51 musique,
650 652 54 40 de
732 652 148 53 parler
903 652 284 53 quelquefois
1210 653 78 41 des
1321 662 90 32 arts
1433 656 188 38 voisins.

192 898 72 43 On
320 901 83 39 sait
455 910 224 31 comment
729 901 64 40 les
833 902 155 41 études
1044 902 277 52 historiques
1365 915 46 28 se
1464 911 102 32 sont
1628 904 279 49 organisées,
1956 902 113 40 dans
2117 903 38 42 la

135 971 218 50 première
374 971 154 39 moitié
546 971 58 40 du
628 985 68 25 xix
699 975 15 18 e
736 971 147 47 siècle,
910 984 106 27 sous
1040 971 38 39 la
1106 971 320 41 Restauration
1450 981 41 31 et
1513 972 37 39 la
1599 972 262 40 monarchie
1891 972 53 40 de
1985 971 167 55 Juillet.

133 1037 62 42 Le
235 1040 198 51 principe
466 1039 53 40 de
543 1038 131 41 l'élan
707 1040 35 39 si
765 1038 64 41 vif
849 1042 74 49 qui
942 1052 165 39 pousse
1130 1039 119 41 alors
1273 1053 54 27 en
1367 1049 101 31 tous
1511 1054 105 26 sens
1658 1040 169 54 l'esprit
1887 1041 266 53 historique,

132 1105 104 42 c'est
259 1116 110 31 cette
393 1108 110 47 idée,
530 1121 196 38 apparue
746 1108 112 39 dans
888 1121 19 24 «
944 1107 167 41 l'éclair
1133 1108 54 40 de
1206 1108 140 52 juillet
1368 1122 38 30 »,
1430 1122 176 27 comme
1628 1110 63 40 dit
1714 1109 229 49 Michelet,
1964 1114 21 36 à
2012 1113 146 39 savoir

133 1189 86 37 que
242 1176 38 38 la
302 1175 270 41 Révolution
589 1176 54 40 de
671 1179 118 47 1830,
815 1190 55 26 en
896 1176 285 41 réconciliant
1207 1177 225 41 l'autorité
1455 1186 41 32 et
1517 1178 38 40 la
1579 1178 174 48 liberté,
1855 1179 302 42 dénouement

132 1244 104 40 d'un
259 1244 154 40 drame
432 1245 234 48 séculaire,
764 1246 107 40 rend
893 1245 287 51 intelligible,
1206 1247 226 52 explique,
1458 1247 204 41 illumine
1684 1257 123 32 toute
1822 1258 127 31 notre
1972 1249 184 42 histoire

132 1315 249 38 antérieure
404 1313 157 53 depuis
585 1313 63 42 les
685 1312 188 43 Gaulois
907 1324 41 31 et
970 1315 63 40 les
1071 1315 167 41 Francs
1282 1318 35 39 si
1343 1316 103 41 bien
1476 1331 86 40 que
1583 1327 111 32 cette
1719 1319 186 40 histoire
1929 1328 105 44 peut
2067 1324 89 37 être

130 1384 132 38 écrite
284 1383 250 40 désormais
555 1397 76 26 sur
654 1398 59 26 un
737 1383 103 53 plan
864 1384 132 41 d'une
1044 1386 265 40 saisissante
1329 1388 139 39 unité.
1494 1386 64 41 La
1581 1390 265 50 conception
1867 1388 53 40 de
1945 1388 40 40 la
2007 1389 147 41 vieille

131 1451 168 41 France
322 1465 45 27 se
390 1451 223 42 substitue
636 1453 119 40 alors
773 1458 22 35 à
828 1453 108 40 celle
958 1454 54 40 de
1036 1453 251 54 l'antiquité
1305 1458 379 48 gréco-romaine,
1712 1466 40 32 et
1792 1458 84 40 elle
1900 1471 45 27 se
1967 1460 185 50 précise,

129 1520 158 53 depuis
310 1521 239 52 l'apologie
572 1522 57 40 du
659 1522 334 41 christianisme
1014 1532 42 32 et
1080 1537 46 27 sa
1165 1525 327 41 réinstallation
1513 1526 247 40 solennelle
1785 1531 21 35 à
1832 1526 319 46 Notre-Dame,

129 1590 112 40 dans
285 1589 160 41 l'étude
476 1591 53 39 de
570 1604 84 28 nos
676 1600 89 32 arts
788 1593 244 40 nationaux
1066 1595 75 51 qui
1176 1591 193 55 (malgré
1392 1595 40 40 le
1473 1595 282 42 vandalisme
1799 1610 217 39 passager
2039 1598 54 40 de
2114 1599 38 40 la

129 1658 337 53 Restauration]
493 1669 100 31 sont
625 1662 134 39 remis
782 1675 54 26 en
856 1661 208 41 honneur
1089 1660 75 54 (il.

182 1727 119 41 C'est
324 1729 112 40 dans
466 1743 70 27 ces
560 1731 344 50 circonstances,
931 1745 108 27 sous
1062 1732 253 41 l'influence
1338 1734 53 40 de
1414 1742 66 32 cet
1500 1739 88 36 état
1611 1733 201 55 d'esprit,
1839 1734 135 54 qu'au
1999 1738 153 41 milieu

125 1796 58 41 du
224 1812 69 25 xix
296 1802 15 18 e
349 1798 146 48 siècle,
530 1797 350 48 officiellement,
906 1799 66 42 fut
997 1806 118 36 tracé
1139 1806 21 35 à
1183 1810 99 32 tous
1301 1803 64 40 les
1390 1804 207 41 hommes
1618 1805 177 41 d'étude
1818 1806 55 40 de
1890 1814 128 33 notre
2041 1821 108 39 pays

125 1880 59 25 un
224 1867 244 49 grandiose
504 1882 289 38 programme
835 1870 53 40 de
906 1870 156 40 travail
1087 1870 113 41 dans
1225 1872 144 53 lequel
1395 1873 40 40 la
1456 1876 210 50 musique
1690 1875 123 40 allait
1846 1884 150 32 entrer
2018 1890 84 38 peu
2124 1882 19 35 à

126 1948 102 38 peu,
253 1940 20 35 à
301 1936 39 40 la
360 1938 114 39 suite
495 1937 76 41 des
591 1947 149 31 autres
761 1948 104 32 arts.
891 1939 49 55 Je
962 1940 231 40 considère
1233 1955 174 28 comme
1430 1943 78 41 des
1531 1948 308 48 précurseurs,
1861 1945 108 41 dont
1994 1945 156 43 l'effort

126 2007 92 38 doit
247 2009 92 37 être
367 2009 262 39 caractérisé
666 2009 54 39 ici
745 2023 104 26 avec
883 2011 389 51 reconnaissance,
1298 2025 106 28 ceux
1430 2014 92 51 qui,
1557 2014 56 39 de
1644 2017 103 48 1840
1782 2019 22 35 à
1848 2014 121 52 1856,
2005 2014 145 43 furent

125 2074 181 52 appelés
327 2079 21 35 à
367 2079 236 47 organiser
628 2091 55 26 en
704 2078 169 41 France
897 2079 62 40 les
979 2079 155 42 études
1172 2081 233 41 d'histoire
1439 2083 219 41 musicale
1677 2093 42 31 et
1748 2084 63 40 les
1846 2085 301 41 rattachèrent

125 2157 56 26 au
207 2143 165 41 Comité
407 2145 71 39 des
519 2152 180 34 travaux
733 2147 260 55 historiques
1027 2148 134 42 fondé
1197 2163 54 27 en
1299 2153 103 48 1834
1426 2166 80 38 par
1539 2150 164 44 Guizot
1727 2165 7 27 :
1775 2152 104 42 c'est
1905 2154 156 41 Bottée
2094 2156 52 40 de

124 2210 241 50 Toulmon,
393 2213 201 45 Vincent,
617 2215 208 53 Ampère,
853 2216 83 41 Ch.
960 2218 53 40 de
1037 2217 275 50 Courcelles,
1328 2220 54 40 de
1417 2219 352 53 Coussemaker,
1796 2223 109 40 dont
1929 2223 64 41 les
2014 2238 131 27 noms

125 2289 99 32 sont
242 2296 59 26 un
337 2296 86 38 peu
463 2282 174 42 oubliés
660 2284 58 41 du
741 2286 144 50 grand
922 2286 166 52 public,
1114 2289 112 39 mais
1248 2289 109 40 dont
1378 2289 185 42 l'œuvre
1586 2290 112 41 n'est
1722 2306 78 37 pas
1826 2298 143 35 restée
1998 2295 148 40 stérile

125 2362 76 28 sur
250 2359 99 32 tous
389 2352 62 40 les
494 2355 148 49 points
689 2363 41 32 et
765 2357 217 49 pourrait,
1024 2356 105 41 sauf
1167 2358 220 53 quelques
1426 2360 343 51 changements,
1795 2365 91 37 être
1927 2369 218 46 proposée

124 2432 159 27 encore
303 2434 173 27 comme
498 2422 190 41 modèle.
718 2422 120 42 Leur
861 2427 156 38 mérite
1039 2425 66 40 fut
1127 2425 185 42 d'abord
1346 2428 54 39 de
1423 2428 108 41 faire
1555 2438 148 32 entrer
1732 2430 40 40 la
1804 2433 211 51 musique
2037 2433 111 41 dans

124 2502 87 26 une
233 2491 245 50 entreprise
506 2491 106 40 d'un
633 2498 220 35 caractère
875 2496 222 39 vraiment
1119 2496 202 40 national
1339 2505 41 32 et
1400 2497 54 41 de
1477 2500 297 51 comprendre
1801 2506 87 35 très
1905 2510 244 33 nettement

123 2556 160 52 qu'elle
304 2572 21 25 a
348 2572 87 27 une
450 2559 126 52 place
595 2561 310 42 considérable
920 2568 21 35 à
961 2576 190 40 occuper
1173 2564 112 41 dans
1306 2566 40 40 la
1371 2569 342 40 reconstitution
1735 2569 53 40 de
1810 2568 250 43 l'ancienne
2079 2573 67 38 vie

123 2624 243 52 française;
400 2627 96 42 leur
523 2630 257 50 originalité
821 2630 64 42 fut
926 2632 54 40 de
1007 2633 167 41 diviser
1197 2634 39 40 le
1254 2636 159 40 travail
1436 2636 285 54 scientifique
1745 2647 41 32 et
1801 2640 190 41 musical
2026 2649 121 32 entre

123 2695 63 40 les
226 2696 223 41 membres
487 2695 131 43 d'une
637 2698 215 42 véritable
894 2706 147 36 armée
1058 2702 53 40 de
1132 2703 269 42 chercheurs
1443 2706 148 51 réglée
1611 2721 81 38 par
1710 2721 86 28 une
1821 2709 250 41 hiérarchie
2094 2710 52 40 de

127 2763 222 43 fonctions
381 2775 42 31 et
445 2766 54 40 de
532 2770 213 49 pouvoirs
783 2783 104 27 avec
910 2785 86 26 une
1029 2780 119 31 sorte
1186 2773 52 39 de
1265 2775 167 39 conseil
1463 2778 235 49 supérieur
1727 2781 23 35 à
1776 2790 46 27 sa
1849 2782 102 46 tête,
1977 2780 165 40 conseil

124 2833 165 50 chargé
311 2834 54 40 de
387 2836 173 40 donner
582 2837 79 40 des
695 2837 258 50 directions,
988 2840 54 40 de
1066 2842 258 40 centraliser
1347 2843 62 40 les
1443 2846 226 48 résultats,
1693 2846 53 40 de
1777 2846 63 41 les
1861 2849 223 40 contrôler
2104 2858 39 31 et

124 2902 54 40 de
202 2903 62 40 les
288 2913 157 31 mettre
464 2919 56 26 au
541 2907 141 50 point,
708 2907 54 40 de
782 2907 96 41 leur
900 2909 171 41 donner
1099 2909 138 52 enfin,
1275 2915 132 48 grâce
1437 2928 54 26 au
1534 2928 218 28 concours
1792 2917 58 40 du
1894 2932 223 36 gouverne-

126 2981 136 40 ment,
292 2972 38 40 le
355 2973 99 52 plus
477 2975 55 39 de
555 2974 128 41 relief
695 2985 41 32 et
757 2977 55 40 de
833 2977 214 52 publicité
1078 2980 220 52 possible.

183 3039 62 41 Le
273 3052 253 41 piomoteur
550 3044 52 40 de
623 3053 111 32 cette
758 3055 117 31 sorte
910 3047 53 41 de
1006 3047 307 44 Renaissance
1336 3050 65 42 fut
1435 3051 178 43 Guizot.
1637 3053 163 43 Guizot
1830 3055 153 43 n'était
2007 3066 137 32 certes

170 3198 47 43 (i)
243 3199 50 33 En
315 3200 259 45 1815,Seroux
593 3204 239 43 d'Agincourt
857 3207 93 33 avait
971 3209 126 40 publié
1117 3222 48 21 un
1181 3212 142 32 Recueil
1341 3224 64 22 sur
1412 3213 174 34 l'histoire
1609 3217 40 31 de
1663 3216 100 41 l'art;
1783 3220 18 32 à
1829 3219 110 41 Caen,
1965 3220 178 35 Caumont

126 3250 94 32 a\ait
242 3251 192 42 inauguré,
459 3264 43 22 en
530 3254 103 44 1824,
662 3259 31 29 le
713 3257 156 40 premier
904 3269 106 23 cours
1033 3260 233 44 d'antiquités
1289 3265 299 41 monumentales,
1611 3268 163 40 professé
1797 3280 85 22 sous
1905 3274 50 30 les
1979 3272 164 42 auspices

123 3300 44 32 de
185 3302 32 30 la
244 3301 144 34 Société
413 3303 62 33 des
495 3304 227 43 antiquaires
745 3307 44 33 de
807 3307 239 44 Normandie,
1071 3319 33 25 et
1128 3311 84 35 c'est
1233 3313 52 32 lui
1310 3314 77 42 qui,
1408 3325 44 22 en
1485 3316 104 42 1830,
1614 3318 110 34 fonda
1746 3322 33 30 la
1801 3320 147 35 Société
1971 3322 173 43 française

123 3351 21 30 d
161 3352 244 42 archéologie.
424 3353 47 33 Le
492 3356 122 32 musée
647 3356 145 34 installé
811 3368 42 22 en
885 3361 89 42 1796
1016 3372 66 29 par
1115 3363 203 34 Alexandre
1357 3365 132 34 Lenoir
1536 3368 91 32 dans
1669 3372 32 30 le
1743 3370 129 34 cloître
1911 3373 62 33 des
2011 3373 131 33 Petits-

121 3401 202 42 Augustins
346 3411 51 25 est
417 3405 199 41 supprimé,
630 3406 23 32 il
675 3415 53 25 est
750 3408 74 33 vrai
854 3420 64 30 par
941 3410 263 36 l'ordonnance
1226 3415 163 41 deiBi6,
1416 3418 89 32 mais
1528 3420 31 30 le
1581 3419 132 33 zèledu
1741 3422 144 33 célèbre
1900 3424 243 43 archéologue

122 3450 88 33 n'est
229 3463 65 30 pas
327 3455 93 31 resté
448 3466 83 22 sans
563 3458 193 32 résultats:
798 3469 43 23 en
885 3460 101 42 1828,
1029 3462 105 33 l'Etat
1167 3467 125 31 achète
1341 3469 33 30 la
1406 3467 196 34 collection
1640 3471 22 31 d
1677 3471 119 42 objets
1822 3473 91 33 d'art
1950 3474 135 33 formée
2125 3476 18 30 à

121 3500 100 42 Lyon
265 3514 65 29 par
351 3504 140 39 Révoil,
529 3514 34 25 et
586 3507 62 42 qui
690 3509 120 33 devait
834 3509 143 42 former,
1004 3523 43 22 au
1077 3514 154 40 Louvre,
1268 3519 32 30 le
1334 3517 252 42 département
1631 3520 46 33 du
1703 3522 134 41 Moyen
1871 3525 77 38 Age
1967 3532 34 27 et
2036 3526 44 32 de
2111 3527 32 29 la

120 3552 259 35 Renaissance.
1703 3573 6 4 -
1743 3573 5 3 -
1901 3551 24 17 0
