2278 3787
123 183 81 48 462

651 194 51 26 LA
737 192 169 27 CHASSE
940 192 52 26 ET
1027 193 50 25 LA
1111 191 218 33 MUSIQUE.
1451 195 51 25 LE
1536 194 86 27 COR

179 287 68 41 En
266 287 77 42 fait
367 287 53 41 de
436 286 196 42 fanfares
651 286 29 40 il
703 300 68 38 ya
790 285 38 41 la
854 284 143 54 royale
1004 315 8 18 ,
1039 289 168 37 sonnée
1231 298 112 40 pour
1368 300 60 26 un
1451 285 93 41 cerf
1560 286 71 40 dix
1651 298 115 35 cors,
1813 286 206 38 inventée
2061 299 78 38 par

125 355 139 42 Louis
288 356 77 41 XV
382 370 8 32 ;
416 357 38 40 la
472 355 129 56 petite
623 355 140 54 royale
771 387 7 17 ,
805 367 114 40 pour
941 355 63 40 les
1028 355 223 51 sangliers
1271 369 9 36 ;
1298 355 197 41 diverses
1521 364 149 32 autres
1690 368 115 39 pour
1827 353 254 51 distinguer
2103 355 39 42 le

125 425 120 52 loup,
265 426 38 39 le
327 425 172 48 renard,
521 425 38 39 la
604 424 176 49 belette,
804 424 38 39 le
875 424 151 48 lièvre,
1051 433 42 32 et
1129 424 38 40 la
1185 425 181 51 fanfare
1401 425 50 39 de
1477 425 115 40 saint
1634 423 188 49 Hubert,
1847 437 85 39 que
1958 423 88 41 l'on
2087 439 53 27 ne

125 495 177 39 sonnait
327 506 84 39 que
435 493 39 40 le
494 494 98 51 jour
610 493 53 40 de
687 493 39 40 la
748 492 85 41 fêté
851 493 57 40 du
931 502 159 43 patron
1114 493 53 40 de
1191 493 39 40 la
1249 493 174 41 chasse.

179 561 63 41 La
268 564 226 38 troisième
530 563 113 39 série
667 575 46 27 se
751 562 244 53 rapproche
1019 562 100 53 plus
1153 576 86 39 que
1274 563 62 41 les
1361 571 148 33 autres
1548 561 303 43 d'exécutions
1896 563 241 41 musicales

125 631 260 50 régulières,
409 640 40 31 et
483 640 89 31 sert
596 632 53 39 de
672 632 238 40 transition
933 640 123 32 entre
1080 630 194 55 l'emploi
1317 633 58 40 du
1401 646 74 27 cor
1494 646 175 27 comme
1701 632 147 50 signal
1891 640 42 32 et
1969 644 173 29 comme

125 701 268 39 instrument
418 700 203 40 musical.
642 698 87 42 Ces
765 701 88 39 airs
886 710 101 31 sont
1010 701 247 42 nombreux
1275 711 42 32 et
1351 703 147 40 variés
1536 711 41 32 et
1597 710 178 45 portent
1804 701 78 40 des
1913 714 133 27 noms
2088 702 53 41 de

125 782 307 39 personnages
464 782 166 39 royaux
661 783 56 27 ou
741 770 53 41 de
813 770 236 42 chasseurs
1067 771 268 52 distingués.
1377 771 183 41 Donner
1581 772 56 40 du
1672 787 72 25 cor
1775 772 106 40 était
1919 771 39 40 le
2002 780 139 33 terme

125 839 115 39 usité
273 851 113 40 pour
405 838 176 41 l'action
605 839 54 40 de
682 840 124 52 jouer
826 853 56 28 ou
910 841 54 40 de
983 854 165 28 sonner
1167 842 58 40 du
1250 855 88 27 cor.

183 906 62 42 Le
264 907 91 41 rôle
371 908 53 40 de
444 908 39 40 la
506 916 174 46 trompe
703 909 54 41 de
779 910 159 40 chasse
961 911 112 39 dans
1094 911 258 41 l'orchestre
1373 926 21 25 a
1417 916 67 36 été
1519 912 76 40 des
1620 910 101 54 plus
1759 912 249 38 restreints.
2056 908 57 42 Ce-

129 977 210 52 pendant,
358 978 54 40 de
436 986 142 44 temps
596 983 21 35 à
639 987 139 41 autre,
807 992 56 27 on
882 978 223 53 femploie
1125 980 113 40 dans
1261 982 218 38 certaines
1503 981 326 51 compositions
1858 991 78 37 ;.sa
1956 978 186 42 tonalité

129 1056 64 32 est
214 1050 42 37 rê
277 1046 17 35 b
332 1060 56 28 ou
411 1048 61 39 mi
491 1046 17 35 b
532 1078 7 9 .

181 1263 354 42 L'introduction
559 1265 76 40 des
653 1277 96 28 cors
770 1264 110 40 dans
898 1265 257 40 l'orchestre
1178 1279 55 26 en
1254 1265 168 41 France
1442 1275 65 32 est
1526 1265 218 42 attribuée
1758 1270 20 35 à
1806 1265 183 42 Gossec.
2006 1266 137 43 Etant

127 1347 158 26 encore
310 1338 86 35 très
414 1333 146 52 jeune,
584 1347 56 27 on
665 1334 60 39 lui
749 1334 222 40 demanda
995 1331 181 43 d'écrire
1199 1335 113 40 deux
1338 1336 87 39 airs
1463 1348 113 40 pour
1613 1336 63 40 les
1697 1335 161 41 débuts
1879 1336 54 40 de
1970 1335 172 54 Sophie

128 1401 187 41 Arnoult
340 1406 22 36 à
386 1400 196 54 l'Opéra,
609 1416 54 26 en
695 1416 114 39 1757,
835 1411 41 32 et
898 1402 113 40 dans
1034 1416 71 27 ces
1140 1404 87 40 airs
1266 1404 28 40 il
1325 1404 258 41 introduisit
1613 1405 78 40 des
1734 1406 166 51 parties
1938 1405 203 51 obligées

127 1484 111 38 pour
258 1471 112 40 deux
393 1484 98 28 cors
513 1479 42 33 et
570 1471 114 41 deux
704 1471 253 41 clarinettes
979 1486 9 34 ;
1030 1486 47 26 ce
1109 1472 177 41 dernier
1323 1474 270 40 instrument
1632 1475 106 39 était
1780 1476 122 39 aussi
1945 1475 196 41 entendu

127 1553 113 39 pour
260 1540 39 40 la
324 1542 219 50 première
559 1538 85 42 fois
679 1540 48 50 (il
752 1554 54 26 ne
835 1540 130 51 s'agit
988 1543 53 38 ici
1063 1555 85 39 que
1168 1542 54 40 de
1246 1542 163 52 l'opéra
1448 1542 229 53 français).
1703 1542 121 41 Lotti
1861 1552 41 31 et
1932 1542 209 43 Scarlatti

128 1608 369 41 l'introduisirent
517 1622 52 27 en
592 1608 123 41 Italie
745 1618 40 31 et
808 1608 147 41 furent
980 1611 138 38 suivis
1141 1624 81 38 par
1240 1609 146 42 Nasse
1406 1620 41 31 et
1477 1611 186 41 Alberti.
1706 1611 29 40 Il
1774 1612 95 41 doit
1911 1614 125 39 avoir
2074 1618 68 36 été

125 1677 361 51 précédemment
510 1677 206 52 employé
735 1691 55 26 en
813 1677 281 52 Allemagne,
1126 1677 211 54 puisqu'il
1364 1684 201 48 apparaît
1588 1680 330 53 fréquemment
1941 1683 113 39 dans
2078 1683 62 40 les

125 1747 236 50 partitions
384 1746 52 39 de
458 1743 119 57 J.-S.
601 1745 135 46 Bach,
766 1748 73 51 qui
883 1756 180 31 mourut
1086 1761 54 26 en
1181 1761 117 39 1750.
1340 1749 30 40 Il
1394 1764 26 38 y
1445 1764 20 25 a
1501 1765 59 25 un
1586 1751 63 39 air
1674 1756 305 47 accompagné
2002 1766 81 38 par
2102 1752 38 41 le

125 1827 73 28 cor
218 1815 52 39 de
287 1815 156 40 chasse
466 1813 166 50 [Corno
656 1815 54 40 da
733 1815 141 40 caccia
879 1816 7 49 )
913 1816 112 40 dans
1061 1816 39 40 la
1126 1830 146 28 messe
1304 1818 53 40 de
1380 1818 121 40 Bach
1522 1832 53 27 en
1603 1818 52 41 si.

181 1883 31 40 Il
238 1883 63 41 fut
325 1883 206 52 employé
562 1897 112 38 pour
691 1884 40 40 la
753 1886 218 51 première
990 1883 85 43 fois
1099 1899 54 27 en
1171 1885 280 53 Angleterre,
1479 1902 54 26 en
1557 1902 120 38 1720,
1696 1903 79 38 par
1802 1889 257 41 l'orchestre
2087 1891 53 40 de

128 1951 288 52 Havmarket,
438 1952 89 40 lors
543 1950 392 44 del'exécutionde
952 1952 252 43 Radcimisto
1214 1986 7 18 ,
1238 1956 54 40 de
1308 1956 200 41 Haendel.
1529 1956 71 42 On
1616 1956 47 43 fit
1680 1957 103 41 bien
1797 1958 78 41 des
1891 1958 248 54 objections

126 2021 149 51 quand
300 2034 57 27 on
381 2020 227 42 l'entendit
631 2035 113 39 pour
767 2022 40 41 la
832 2025 217 49 première
1069 2025 85 39 fois
1177 2039 8 33 ;
1206 2038 57 27 on
1300 2025 38 40 le
1360 2028 192 39 trouvait
1569 2028 200 49 grossier
1791 2036 41 33 et
1851 2029 221 50 vulgaire,
2098 2039 41 31 et

127 2103 57 27 on
208 2103 46 27 se
274 2090 144 40 livrait
439 2094 20 36 à
484 2090 77 40 des
595 2092 209 51 critiques
826 2097 176 36 sévères
1020 2106 74 27 sur
1127 2093 325 42 l'introduction
1475 2095 102 40 d'un
1602 2095 256 42 instrument
1879 2097 189 55 rustique
2103 2105 37 34 et

126 2158 183 40 éclatant
347 2173 55 26 au
438 2159 153 40 milieu
611 2160 78 41 des
713 2162 98 39 voix
836 2161 300 41 mélodieuses
1175 2163 77 40 des
1294 2163 213 42 hautbois
1528 2174 40 32 et
1592 2166 76 40 des
1702 2166 197 41 violons.
1929 2167 110 41 —Il
2074 2178 66 31 est

127 2228 178 40 curieux
339 2227 52 41 de
416 2241 259 40 remarquer
698 2229 207 41 combien
929 2229 287 54 l'expérience
1237 2246 22 26 a
1294 2238 207 36 renversé
1524 2248 47 26 ce
1611 2236 230 51 jugement
1883 2241 257 47 prématuré

127 2304 40 32 et
188 2304 92 33 tout
299 2300 21 36 à
345 2295 78 42 fait
443 2295 131 42 fautif
597 2309 8 37 ;
628 2298 63 40 les
715 2311 107 28 sons
846 2300 177 41 tendres
1043 2309 40 31 et
1107 2302 280 50 particuliers
1411 2303 58 40 du
1493 2316 74 27 cor
1597 2310 325 35 contrastèrent
1947 2307 166 40 admira-

128 2362 195 41 blement
381 2377 104 27 avec
539 2378 70 27 ses
651 2367 170 39 voisins
873 2368 52 40 de
967 2365 258 45 l'orchestre
1267 2383 54 27 en
1357 2370 204 42 donnant
1612 2371 63 41 les
1721 2372 129 41 bases
1888 2374 54 41 de
1978 2374 135 42 fonda-

128 2434 117 38 tions
263 2432 165 40 solides
451 2447 80 38 par
551 2433 266 42 l'harmonie
840 2436 112 40 dans
991 2437 62 39 les
1078 2438 182 40 accords
1280 2447 41 31 et
1341 2439 62 40 les
1437 2448 127 32 notes
1590 2450 171 31 tenues.
1800 2441 124 42 Pour
1961 2446 179 40 vaincre

128 2500 38 40 le
190 2501 198 51 préjugé,
414 2501 180 53 lorsque
626 2502 39 41 le
701 2516 75 27 cor
798 2503 63 41 fut
898 2509 22 35 à
959 2518 80 27 son
1069 2507 174 50 origine
1280 2514 254 47 transporté
1557 2523 54 27 en
1635 2509 284 54 Allemagne,
1966 2523 41 31 et
2032 2515 105 51 qu'il

126 2569 166 51 devint,
317 2570 54 39 de
392 2580 171 42 trompe
586 2571 53 40 de
658 2572 174 49 chasse,
858 2588 59 25 un
941 2573 77 41 des
1039 2577 294 40 instruments
1354 2577 53 40 de
1432 2578 274 49 l'orchestre,
1731 2593 57 27 on
1806 2582 200 50 imagina
2025 2582 92 42 d'in-

127 2638 195 40 troduire
346 2652 84 26 une
454 2639 210 41 sourdine
688 2653 57 28 ou
769 2641 205 42 étouffoir
997 2644 111 40 dans
1133 2645 38 39 le
1194 2646 213 51 pavillon,
1432 2645 89 42 afin
1541 2647 100 42 d'en
1666 2650 183 40 adoucir
1866 2651 39 40 le
1938 2664 82 28 son
2046 2667 8 34 ;
2082 2667 56 26 on

129 2706 61 40 les
214 2709 257 39 construisit
494 2707 185 42 d'abord
703 2723 54 26 en
778 2709 116 52 bois,
920 2714 100 49 puis
1042 2726 52 26 en
1119 2723 169 31 carton.

184 2774 161 42 C'était
368 2776 39 40 la
429 2786 207 31 coutume
659 2779 54 40 de
731 2779 209 52 produire
959 2796 59 25 un
1033 2780 100 43 effet
1158 2782 250 43 semblable
1434 2786 113 40 dans
1568 2786 38 40 le
1628 2787 212 42 hautbois
1857 2803 55 27 en
1934 2791 177 52 remplis-

129 2852 101 32 sant
248 2845 55 40 de
344 2854 131 31 ouate
509 2846 37 39 le
583 2847 228 51 pavillon;
837 2862 46 27 ce
916 2863 161 39 moyen
1107 2857 194 45 suggéra
1328 2858 21 35 à
1372 2853 180 54 Hampl,
1587 2859 195 38 corniste
1814 2858 173 42 célèbre
2007 2860 53 40 de
2098 2860 37 40 la

129 2925 106 28 cour
266 2913 54 40 de
343 2912 167 42 Dresde
530 2928 53 26 en
613 2928 121 38 1770,
757 2914 126 44 l'idée
905 2918 52 40 de
980 2918 109 41 faire
1111 2921 38 38 la
1176 2925 145 37 même
1341 2923 134 40 chose
1499 2937 114 38 pour
1634 2925 38 40 le
1696 2939 92 27 cor.

184 2980 37 40 A
242 2995 45 26 sa
312 2982 171 49 grande
507 2985 213 50 surprise,
747 2985 245 42 l'insertion
1017 2989 57 39 du
1112 2998 184 45 tampon
1329 2991 53 41 de
1418 3001 130 32 coton
1588 2994 159 41 élevait
1771 2996 39 40 le
1834 2996 221 54 diapason
2084 2999 53 41 de

129 3049 297 41 l'instrument
448 3049 104 43 d'un
572 3052 239 42 demi-ton.
835 3055 174 54 Frappé
1032 3057 52 40 de
1107 3072 48 27 ce
1176 3060 200 47 résultat,
1393 3061 27 39 il
1443 3062 207 53 employa
1675 3077 46 26 sa
1747 3067 123 39 main
1895 3081 55 26 au
1974 3067 88 41 lieu
2080 3068 56 41 du

129 3126 185 44 tampon
337 3127 40 32 et
400 3119 242 53 découvrit,
669 3122 38 40 le
727 3125 205 50 premier,
951 3125 39 40 le
1014 3140 160 39 moyen
1198 3128 222 41 d'obtenir
1441 3128 372 46 artificiellement
1837 3135 63 40 les
1917 3145 128 32 notes
2062 3139 74 50 qui

128 3186 269 42 comblaient
422 3188 63 41 les
508 3191 271 40 intervalles.
803 3191 86 42 Les
913 3203 127 31 notes
1074 3198 114 39 ainsi
1228 3196 218 43 obtenues
1469 3198 147 43 furent
1653 3203 209 52 appelées
1891 3215 7 29 :
1942 3212 117 33 notes
2088 3207 49 38 de

130 3255 40 41 la
191 3271 115 24 main
314 3288 8 16 ,
348 3266 41 31 et
422 3257 10 40 1
453 3259 267 41 instrument
745 3260 239 43 lui-même
1007 3263 65 41 fut
1113 3267 157 51 appelé
1298 3280 7 26 1
1345 3268 36 39 le
1416 3283 73 25 cor
1530 3271 24 38 à
1580 3285 116 24 main
1741 3271 281 53 [Handhorn)
2031 3307 6 7 .
2065 3274 73 42 Sir

126 3324 117 54 John
261 3324 217 43 Mawkins
498 3330 259 40 mentionne
779 3345 58 25 un
872 3342 203 31 concerto
1100 3334 101 52 joué
1220 3350 81 37 par
1321 3351 58 26 un
1403 3340 152 38 artiste
1580 3346 181 34 nommé
1780 3340 229 54 Spandau,
2034 3358 102 26 avec

129 3393 62 40 les
211 3402 125 32 notes
359 3395 53 39 de
437 3398 135 50 main,
599 3410 53 27 en
682 3412 116 38 1773?
824 3400 287 43 adoucissant
1150 3403 39 40 le
1228 3418 81 27 son
1334 3420 79 38 par
1443 3407 305 53 l'application
1785 3411 54 41 de
1879 3425 70 27 ses
1985 3413 150 51 doigts

129 3462 111 40 dans
264 3462 62 40 les
346 3462 252 44 différentes
625 3469 165 49 parties
813 3468 57 41 du
892 3469 118 41 tube.

184 3529 65 43 La
282 3532 207 42 méthode
506 3534 53 41 de
583 3534 196 43 boucher
799 3537 38 40 le
861 3551 72 28 cor
956 3553 54 27 ne
1030 3542 191 40 consiste
1235 3556 79 38 pas
1339 3548 22 35 à
1385 3546 248 41 introduire
1654 3547 37 41 le
1713 3551 138 48 poing
1872 3549 261 42 fermédans
