2443 4285
2061 279 96 51 687

789 283 332 49 BRUNO'S
1195 283 346 49 WEEKLY

175 420 231 89 Sons
447 418 104 89 of
591 418 298 91 Great
932 418 428 86 Fathers:

168 2429 268 57 Siegfried
479 2431 237 56 Wagner

169 2541 413 108 Perhaps

167 2666 249 86 QNCE
461 2668 53 48 in
558 2667 167 51 olden
770 2668 182 59 times,
996 2685 64 33 so
1103 2668 42 48 it
1188 2668 45 48 is
1276 2667 141 58 writ,
1461 2668 157 47 there
1662 2682 116 34 was
1822 2683 30 32 a
1898 2664 154 61 King
2094 2666 59 49 of

303 2737 94 49 the
445 2737 139 51 East
627 2737 129 51 who
801 2738 303 61 possessed
1151 2754 30 32 a
1225 2754 145 42 copy
1416 2737 59 49 of
1520 2737 136 49 each
1701 2735 61 50 of
1805 2735 94 50 the
1945 2735 206 50 known

170 2801 179 51 books
389 2801 61 50 of
490 2803 94 49 the
623 2801 196 51 world.
895 2803 180 58 Being
1115 2803 212 58 a\busy
1369 2801 288 59 monarch,
1698 2800 152 50 what
1888 2800 136 51 with
2066 2799 86 49 his

166 2881 145 35 wars
345 2866 109 49 and
488 2865 87 50 his
609 2881 169 45 many
812 2866 191 50 affairs
1038 2865 61 51 of
1132 2874 162 51 state,
1329 2866 93 49 the
1460 2865 154 60 King
1649 2865 102 48 felt
1785 2865 94 48 the
1916 2864 142 49 need
2094 2864 59 49 of

165 2948 31 31 a
243 2930 324 49 condensed
615 2930 398 61 compendium
1061 2927 60 52 of
1167 2931 94 48 the
1310 2930 258 58 learning
1611 2928 304 51 contained
1963 2928 53 49 in
2066 2928 85 50 his

165 2995 209 59 library
408 2995 89 49 for
532 2995 86 49 his
651 3011 127 33 own
814 2995 217 60 private
1066 3011 115 43 use,
1216 2996 108 48 and
1360 2995 238 49 ordered
1635 2995 85 49 his
1756 2993 135 52 wise
1927 3010 129 33 men
2092 3002 60 41 to

163 3075 237 43 prepare
433 3058 55 50 it.
557 3059 65 47 In
657 3067 214 52 twenty
901 3059 182 60 years'
1117 3059 133 49 time
1285 3059 133 60 they
1451 3058 249 60 brought
1733 3057 117 51 him
1883 3071 69 37 an
1986 3075 134 43 ency-

165 3123 255 61 clopedia
466 3123 182 51 which
695 3132 215 52 twenty
956 3123 209 51 camels
1210 3123 183 61 might
1440 3139 176 45 carry.
1699 3124 110 48 But
1855 3120 94 52 the
1997 3123 155 58 King

165 3188 108 48 had
303 3195 102 42 not
434 3186 133 50 time
600 3195 57 42 to
689 3188 132 49 read
853 3204 65 33 so
947 3189 165 48 much
1144 3204 61 33 as
1237 3189 137 48 that.
1438 3188 121 49 The
1591 3188 134 50 wise
1758 3204 129 33 men
1920 3188 232 49 labored

163 3250 190 49 afresh
396 3251 272 60 reducing
707 3251 94 50 the
842 3260 205 41 matter
1089 3260 59 41 to
1188 3252 153 49 what
1379 3269 108 33 one
1527 3251 181 51 camel
1748 3251 183 60 might
1971 3268 177 43 carry.

165 3315 111 49 But
314 3313 120 51 still
477 3316 93 48 the
613 3316 273 49 monarch
929 3317 315 48 demurred.
1555 3316 56 60 it,
1652 3316 110 49 and
1804 3325 102 52 put
1948 3316 42 49 it
2032 3316 119 49 into

162 3381 94 48 the
288 3379 142 50 least
458 3379 250 61 possible
1084 3382 118 48 said
1234 3382 93 58 he;
1452 3398 91 33 am
1573 3398 130 33 now
1733 3381 95 49 old
1859 3382 110 48 and
2000 3389 151 42 must

166 3461 231 43 possess
441 3444 112 50 this
598 3445 336 59 knowledge
980 3445 53 49 in
1078 3463 30 32 a
1153 3445 150 50 form
1347 3445 123 50 that
1515 3447 24 48 I
1584 3462 131 44 may
1761 3445 127 51 take
1935 3445 42 51 it
2020 3445 55 50 in
2120 3463 31 32 a

497 3508 177 59 Then,
722 3516 59 42 at
829 3509 123 58 last,
1004 3509 85 49 his
1137 3510 225 60 worthy
1412 3518 259 42 servants
1720 3527 157 33 came
1925 3518 61 42 to
2034 3509 116 49 him

161 3571 236 61 bearing
425 3589 30 32 a
487 3572 200 61 simple
718 3572 112 51 leaf
857 3572 62 51 of
948 3574 94 49 the
1073 3590 246 45 papyrus
1352 3590 150 45 upon
1535 3574 183 50 which
1751 3590 115 34 was
1896 3572 252 52 written:

233 3638 125 49 This
421 3638 42 49 is
524 3640 84 47 the
671 3638 192 60 history
924 3640 55 59 of
1042 3640 268 48 mankind:
1409 3641 141 60 They
1610 3659 140 30 were
1813 3641 156 56 born;
2034 3641 116 60 they

159 3702 256 60 suffered;
464 3703 106 47 and
617 3703 115 60 they
781 3702 135 49 died.
990 3702 128 49 And
1154 3703 94 50 the
1282 3703 395 60 quintessence
1713 3703 58 50 of
1807 3704 71 49 all
1915 3703 235 59 science,

162 3765 61 51 of
261 3765 73 50 all
374 3765 351 60 knowledge,
767 3767 44 49 is
852 3767 136 49 this:
1066 3768 267 59 Perhaps.
