<?xml version="1.0" encoding="UTF-8"?>
<alto xmlns:xsi="http://www.w3.org/2001/XMLSchema-instance" xmlns="http://www.loc.gov/standards/alto/ns-v2#" xsi:schemaLocation="http://www.loc.gov/standards/alto/ns-v2# http://www.loc.gov/standards/alto/alto-v2.0.xsd" xmlns:xlink="http://www.w3.org/1999/xlink">
	<Description>
		<MeasurementUnit>mm10</MeasurementUnit>
		<sourceImageInformation>
			<fileName>//fileserver7/IN2/Princeton/jp2/pudl0097/2980652/018/192709_01/00000114.jp2</fileName>
		</sourceImageInformation>
		<OCRProcessing ID="OCRPROCESSING_1">
			<preProcessingStep>
				<processingSoftware>
					<softwareCreator>CCS Content Conversion Specialists GmbH, Germany</softwareCreator>
					<softwareName>CCS docWORKS</softwareName>
					<softwareVersion>6.6-0.29</softwareVersion>
				</processingSoftware>
			</preProcessingStep>
			<ocrProcessingStep>
				<processingSoftware>
					<softwareCreator>ABBYY (BIT Software), Russia</softwareCreator>
					<softwareName>FineReader</softwareName>
					<softwareVersion>10.0</softwareVersion>
				</processingSoftware>
			</ocrProcessingStep>
		</OCRProcessing>
	</Description>
	<Styles>
		<TextStyle ID="TXT_0" FONTSIZE="10" FONTFAMILY="Times New Roman"/>
		<ParagraphStyle ID="PAR_LEFT" ALIGN="Left"/>
		<ParagraphStyle ID="PAR_BLOCK" ALIGN="Block"/>
	</Styles>
	<Layout>
		<Page ID="P12" PHYSICAL_IMG_NR="12" HEIGHT="5458" WIDTH="4216" PRINTED_IMG_NR="82" PC="0.963">
			<TopMargin ID="P12_TM00001" HPOS="0" VPOS="0" WIDTH="4216" HEIGHT="5"/>
			<LeftMargin ID="P12_LM00001" HPOS="0" VPOS="5" WIDTH="5" HEIGHT="5046"/>
			<RightMargin ID="P12_RM00001" HPOS="4210" VPOS="5" WIDTH="6" HEIGHT="5046"/>
			<BottomMargin ID="P12_BM00001" HPOS="0" VPOS="5051" WIDTH="4216" HEIGHT="407">
				<TextBlock ID="P12_TB00001" HPOS="322" VPOS="5055" WIDTH="82" HEIGHT="82" STYLEREFS="TXT_0 PAR_LEFT">
					<TextLine ID="P12_TL00001" HPOS="322" VPOS="5081" WIDTH="82" HEIGHT="56">
						<String ID="P12_ST00001" HPOS="322" VPOS="5081" WIDTH="82" HEIGHT="56" CONTENT="82" WC="0.41" CC="56"/>
					</TextLine>
				</TextBlock>
			</BottomMargin>
			<PrintSpace ID="P12_PS00001" HPOS="5" VPOS="5" WIDTH="4205" HEIGHT="5046">
				<TextBlock ID="P12_TB00002" HPOS="315" VPOS="446" WIDTH="1745" HEIGHT="4526" STYLEREFS="TXT_0 PAR_BLOCK">
					<TextLine ID="P12_TL00002" HPOS="360" VPOS="447" WIDTH="1700" HEIGHT="86">
						<String ID="P12_ST00002" HPOS="360" VPOS="450" WIDTH="45" HEIGHT="54" CONTENT="1." WC="1.00" CC="00"/>
						<SP ID="P12_SP00001" HPOS="405" VPOS="504" WIDTH="48"/>
						<String ID="P12_ST00003" HPOS="453" VPOS="447" WIDTH="394" HEIGHT="64" CONTENT="Dichter:" WC="0.99" CC="22000060"/>
						<SP ID="P12_SP00002" HPOS="847" VPOS="511" WIDTH="49"/>
						<String ID="P12_ST00004" HPOS="896" VPOS="453" WIDTH="78" HEIGHT="60" CONTENT="Es" WC="0.70" CC="50"/>
						<SP ID="P12_SP00003" HPOS="974" VPOS="513" WIDTH="43"/>
						<String ID="P12_ST00005" HPOS="1017" VPOS="474" WIDTH="132" HEIGHT="40" CONTENT="war" WC="0.98" CC="060"/>
						<SP ID="P12_SP00004" HPOS="1149" VPOS="514" WIDTH="42"/>
						<String ID="P12_ST00006" HPOS="1191" VPOS="458" WIDTH="230" HEIGHT="58" CONTENT="einmal" WC="0.99" CC="003560"/>
						<SP ID="P12_SP00005" HPOS="1421" VPOS="516" WIDTH="43"/>
						<String ID="P12_ST00007" HPOS="1464" VPOS="460" WIDTH="137" HEIGHT="58" CONTENT="eine" WC="0.98" CC="0460"/>
						<SP ID="P12_SP00006" HPOS="1601" VPOS="518" WIDTH="42"/>
						<String ID="P12_ST00008" HPOS="1643" VPOS="462" WIDTH="200" HEIGHT="59" CONTENT="uralte" WC="0.99" CC="401080"/>
						<SP ID="P12_SP00007" HPOS="1843" VPOS="521" WIDTH="41"/>
						<String ID="P12_ST00009" HPOS="1884" VPOS="463" WIDTH="176" HEIGHT="70" CONTENT="Frau," WC="0.98" CC="60324"/>
					</TextLine>
					<TextLine ID="P12_TL00003" HPOS="429" VPOS="545" WIDTH="1631" HEIGHT="86">
						<String ID="P12_ST00010" HPOS="429" VPOS="545" WIDTH="98" HEIGHT="59" CONTENT="die" WC="1.00" CC="100"/>
						<SP ID="P12_SP00008" HPOS="527" VPOS="604" WIDTH="53"/>
						<String ID="P12_ST00011" HPOS="580" VPOS="567" WIDTH="132" HEIGHT="39" CONTENT="war" WC="0.98" CC="040"/>
						<SP ID="P12_SP00009" HPOS="712" VPOS="606" WIDTH="49"/>
						<String ID="P12_ST00012" HPOS="761" VPOS="568" WIDTH="73" HEIGHT="39" CONTENT="so" WC="1.00" CC="00"/>
						<SP ID="P12_SP00010" HPOS="834" VPOS="607" WIDTH="52"/>
						<String ID="P12_ST00013" HPOS="886" VPOS="552" WIDTH="146" HEIGHT="57" CONTENT="sehr" WC="1.00" CC="0001"/>
						<SP ID="P12_SP00011" HPOS="1032" VPOS="609" WIDTH="52"/>
						<String ID="P12_ST00014" HPOS="1084" VPOS="557" WIDTH="588" HEIGHT="69" CONTENT="neunundneunzig'" WC="0.99" CC="502507050030054"/>
						<SP ID="P12_SP00012" HPOS="1672" VPOS="626" WIDTH="51"/>
						<String ID="P12_ST00015" HPOS="1723" VPOS="560" WIDTH="186" HEIGHT="66" CONTENT="Jahre" WC="0.98" CC="66000"/>
						<SP ID="P12_SP00013" HPOS="1909" VPOS="626" WIDTH="49"/>
						<String ID="P12_ST00016" HPOS="1958" VPOS="562" WIDTH="102" HEIGHT="69" CONTENT="alt," WC="0.99" CC="0003"/>
					</TextLine>
					<TextLine ID="P12_TL00004" HPOS="427" VPOS="643" WIDTH="1633" HEIGHT="83">
						<String ID="P12_ST00017" HPOS="427" VPOS="643" WIDTH="126" HEIGHT="58" CONTENT="daß" WC="0.99" CC="030"/>
						<SP ID="P12_SP00014" HPOS="553" VPOS="701" WIDTH="57"/>
						<String ID="P12_ST00018" HPOS="610" VPOS="646" WIDTH="90" HEIGHT="58" CONTENT="sie" WC="0.98" CC="150"/>
						<SP ID="P12_SP00015" HPOS="700" VPOS="704" WIDTH="56"/>
						<String ID="P12_ST00019" HPOS="756" VPOS="665" WIDTH="74" HEIGHT="41" CONTENT="zu" WC="0.44" CC="47"/>
						<SP ID="P12_SP00016" HPOS="830" VPOS="706" WIDTH="60"/>
						<String ID="P12_ST00020" HPOS="890" VPOS="648" WIDTH="196" HEIGHT="61" CONTENT="ihrem" WC="0.99" CC="00007"/>
						<SP ID="P12_SP00017" HPOS="1086" VPOS="709" WIDTH="59"/>
						<String ID="P12_ST00021" HPOS="1145" VPOS="651" WIDTH="249" HEIGHT="61" CONTENT="kleinen" WC="0.99" CC="0007442"/>
						<SP ID="P12_SP00018" HPOS="1394" VPOS="712" WIDTH="56"/>
						<String ID="P12_ST00022" HPOS="1450" VPOS="655" WIDTH="340" HEIGHT="61" CONTENT="Söhnchen" WC="0.99" CC="03501001"/>
						<SP ID="P12_SP00019" HPOS="1790" VPOS="716" WIDTH="56"/>
						<String ID="P12_ST00023" HPOS="1846" VPOS="665" WIDTH="214" HEIGHT="61" CONTENT="sagte:" WC="0.99" CC="306000"/>
					</TextLine>
					<TextLine ID="P12_TL00005" HPOS="431" VPOS="743" WIDTH="1629" HEIGHT="81">
						<String ID="P12_ST00024" HPOS="431" VPOS="743" WIDTH="208" HEIGHT="61" CONTENT="Heute" WC="0.99" CC="40300"/>
						<SP ID="P12_SP00020" HPOS="639" VPOS="804" WIDTH="44"/>
						<String ID="P12_ST00025" HPOS="683" VPOS="746" WIDTH="210" HEIGHT="68" CONTENT="gehen" WC="0.99" CC="90000"/>
						<SP ID="P12_SP00021" HPOS="893" VPOS="814" WIDTH="46"/>
						<String ID="P12_ST00026" HPOS="939" VPOS="751" WIDTH="113" HEIGHT="56" CONTENT="wir" WC="0.99" CC="102"/>
						<SP ID="P12_SP00022" HPOS="1052" VPOS="814" WIDTH="46"/>
						<String ID="P12_ST00027" HPOS="1098" VPOS="770" WIDTH="105" HEIGHT="39" CONTENT="zur" WC="0.97" CC="313"/>
						<SP ID="P12_SP00023" HPOS="1203" VPOS="814" WIDTH="47"/>
						<String ID="P12_ST00028" HPOS="1250" VPOS="753" WIDTH="515" HEIGHT="68" CONTENT="Urgroßmutter." WC="1.00" CC="0000200100000"/>
						<SP ID="P12_SP00024" HPOS="1765" VPOS="821" WIDTH="51"/>
						<String ID="P12_ST00029" HPOS="1816" VPOS="756" WIDTH="244" HEIGHT="68" CONTENT="(Beifall" WC="1.00" CC="00000130"/>
					</TextLine>
					<TextLine ID="P12_TL00006" HPOS="426" VPOS="841" WIDTH="536" HEIGHT="73">
						<String ID="P12_ST00030" HPOS="426" VPOS="841" WIDTH="83" HEIGHT="56" CONTENT="im" WC="0.56" CC="26"/>
						<SP ID="P12_SP00025" HPOS="509" VPOS="897" WIDTH="71"/>
						<String ID="P12_ST00031" HPOS="580" VPOS="841" WIDTH="382" HEIGHT="73" CONTENT="Publikum.)" WC="0.99" CC="5650020001"/>
					</TextLine>
					<TextLine ID="P12_TL00007" HPOS="354" VPOS="938" WIDTH="1706" HEIGHT="78">
						<String ID="P12_ST00032" HPOS="354" VPOS="938" WIDTH="492" HEIGHT="62" CONTENT="Männchen" WC="0.99" CC="40700003"/>
						<SP ID="P12_SP00026" HPOS="846" VPOS="1000" WIDTH="44"/>
						<String ID="P12_ST00033" HPOS="890" VPOS="944" WIDTH="216" HEIGHT="70" CONTENT="(steigt" WC="1.00" CC="5000000"/>
						<SP ID="P12_SP00027" HPOS="1106" VPOS="1014" WIDTH="38"/>
						<String ID="P12_ST00034" HPOS="1144" VPOS="946" WIDTH="105" HEIGHT="59" CONTENT="auf" WC="0.96" CC="506"/>
						<SP ID="P12_SP00028" HPOS="1249" VPOS="1014" WIDTH="40"/>
						<String ID="P12_ST00035" HPOS="1289" VPOS="949" WIDTH="185" HEIGHT="60" CONTENT="einen" WC="1.00" CC="00000"/>
						<SP ID="P12_SP00029" HPOS="1474" VPOS="1014" WIDTH="40"/>
						<String ID="P12_ST00036" HPOS="1514" VPOS="951" WIDTH="178" HEIGHT="58" CONTENT="Stuhl" WC="1.00" CC="00002"/>
						<SP ID="P12_SP00030" HPOS="1692" VPOS="1014" WIDTH="41"/>
						<String ID="P12_ST00037" HPOS="1733" VPOS="953" WIDTH="129" HEIGHT="57" CONTENT="und" WC="0.98" CC="040"/>
						<SP ID="P12_SP00031" HPOS="1862" VPOS="1014" WIDTH="39"/>
						<String ID="P12_ST00038" HPOS="1901" VPOS="953" WIDTH="159" HEIGHT="63" CONTENT="küßt" WC="1.00" CC="0000"/>
					</TextLine>
					<TextLine ID="P12_TL00008" HPOS="427" VPOS="1038" WIDTH="1629" HEIGHT="74">
						<String ID="P12_ST00039" HPOS="427" VPOS="1038" WIDTH="161" HEIGHT="66" CONTENT="ihn):" WC="0.99" CC="00441"/>
						<SP ID="P12_SP00032" HPOS="588" VPOS="1104" WIDTH="80"/>
						<String ID="P12_ST00040" HPOS="668" VPOS="1039" WIDTH="128" HEIGHT="61" CONTENT="Das" WC="0.96" CC="470"/>
						<SP ID="P12_SP00033" HPOS="796" VPOS="1104" WIDTH="77"/>
						<String ID="P12_ST00041" HPOS="873" VPOS="1044" WIDTH="78" HEIGHT="61" CONTENT="ist" WC="1.00" CC="000"/>
						<SP ID="P12_SP00034" HPOS="951" VPOS="1105" WIDTH="72"/>
						<String ID="P12_ST00042" HPOS="1023" VPOS="1046" WIDTH="60" HEIGHT="66" CONTENT="ja" WC="0.73" CC="50"/>
						<SP ID="P12_SP00035" HPOS="1083" VPOS="1112" WIDTH="74"/>
						<String ID="P12_ST00043" HPOS="1157" VPOS="1048" WIDTH="97" HEIGHT="57" CONTENT="ein" WC="0.99" CC="003"/>
						<SP ID="P12_SP00036" HPOS="1254" VPOS="1112" WIDTH="74"/>
						<String ID="P12_ST00044" HPOS="1328" VPOS="1048" WIDTH="415" HEIGHT="64" CONTENT="allerliebstes" WC="1.00" CC="0000000000700"/>
						<SP ID="P12_SP00037" HPOS="1743" VPOS="1112" WIDTH="71"/>
						<String ID="P12_ST00045" HPOS="1814" VPOS="1053" WIDTH="242" HEIGHT="59" CONTENT="kleines" WC="0.99" CC="0400500"/>
					</TextLine>
					<TextLine ID="P12_TL00009" HPOS="429" VPOS="1134" WIDTH="1627" HEIGHT="88">
						<String ID="P12_ST00046" HPOS="429" VPOS="1134" WIDTH="330" HEIGHT="63" CONTENT="Blickchen" WC="1.00" CC="400000000"/>
						<SP ID="P12_SP00038" HPOS="759" VPOS="1197" WIDTH="54"/>
						<String ID="P12_ST00047" HPOS="813" VPOS="1141" WIDTH="56" HEIGHT="57" CONTENT="in" WC="0.82" CC="03"/>
						<SP ID="P12_SP00039" HPOS="869" VPOS="1198" WIDTH="53"/>
						<String ID="P12_ST00048" HPOS="922" VPOS="1143" WIDTH="100" HEIGHT="57" CONTENT="die" WC="1.00" CC="000"/>
						<SP ID="P12_SP00040" HPOS="1022" VPOS="1200" WIDTH="52"/>
						<String ID="P12_ST00049" HPOS="1074" VPOS="1144" WIDTH="176" HEIGHT="59" CONTENT="Tiefe" WC="0.98" CC="70070"/>
						<SP ID="P12_SP00041" HPOS="1250" VPOS="1203" WIDTH="53"/>
						<String ID="P12_ST00050" HPOS="1303" VPOS="1146" WIDTH="112" HEIGHT="59" CONTENT="der" WC="0.99" CC="003"/>
						<SP ID="P12_SP00042" HPOS="1415" VPOS="1205" WIDTH="50"/>
						<String ID="P12_ST00051" HPOS="1465" VPOS="1148" WIDTH="429" HEIGHT="61" CONTENT="Kinderseele." WC="1.00" CC="480014000000"/>
						<SP ID="P12_SP00043" HPOS="1894" VPOS="1209" WIDTH="73"/>
						<String ID="P12_ST00052" HPOS="1967" VPOS="1153" WIDTH="89" HEIGHT="69" CONTENT="Ja," WC="0.96" CC="422"/>
					</TextLine>
					<TextLine ID="P12_TL00010" HPOS="422" VPOS="1236" WIDTH="644" HEIGHT="66">
						<String ID="P12_ST00053" HPOS="422" VPOS="1236" WIDTH="80" HEIGHT="66" CONTENT="ja." WC="0.97" CC="330"/>
						<SP ID="P12_SP00044" HPOS="502" VPOS="1302" WIDTH="83"/>
						<String ID="P12_ST00054" HPOS="585" VPOS="1236" WIDTH="127" HEIGHT="61" CONTENT="Der" WC="1.00" CC="000"/>
						<SP ID="P12_SP00045" HPOS="712" VPOS="1302" WIDTH="57"/>
						<String ID="P12_ST00055" HPOS="769" VPOS="1239" WIDTH="297" HEIGHT="63" CONTENT="Nächste." WC="1.00" CC="27000000"/>
					</TextLine>
					<TextLine ID="P12_TL00011" HPOS="351" VPOS="1334" WIDTH="1255" HEIGHT="68">
						<String ID="P12_ST00056" HPOS="351" VPOS="1336" WIDTH="49" HEIGHT="54" CONTENT="2." WC="0.58" CC="62"/>
						<SP ID="P12_SP00046" HPOS="400" VPOS="1390" WIDTH="63"/>
						<String ID="P12_ST00057" HPOS="463" VPOS="1334" WIDTH="394" HEIGHT="63" CONTENT="Dichter:" WC="1.00" CC="00003000"/>
						<SP ID="P12_SP00047" HPOS="857" VPOS="1397" WIDTH="63"/>
						<String ID="P12_ST00058" HPOS="920" VPOS="1339" WIDTH="80" HEIGHT="59" CONTENT="Es" WC="0.70" CC="50"/>
						<SP ID="P12_SP00048" HPOS="1000" VPOS="1398" WIDTH="56"/>
						<String ID="P12_ST00059" HPOS="1056" VPOS="1359" WIDTH="137" HEIGHT="41" CONTENT="war" WC="0.97" CC="007"/>
						<SP ID="P12_SP00049" HPOS="1193" VPOS="1400" WIDTH="54"/>
						<String ID="P12_ST00060" HPOS="1247" VPOS="1344" WIDTH="230" HEIGHT="58" CONTENT="einmal" WC="1.00" CC="000050"/>
						<SP ID="P12_SP00050" HPOS="1477" VPOS="1402" WIDTH="54"/>
						<String ID="P12_ST00061" HPOS="1531" VPOS="1381" WIDTH="75" HEIGHT="5" CONTENT="—" WC="0.20" CC="8"/>
					</TextLine>
					<TextLine ID="P12_TL00012" HPOS="354" VPOS="1432" WIDTH="1702" HEIGHT="78">
						<String ID="P12_ST00062" HPOS="354" VPOS="1432" WIDTH="424" HEIGHT="63" CONTENT="Kritiker:" WC="1.00" CC="300000001"/>
						<SP ID="P12_SP00051" HPOS="778" VPOS="1495" WIDTH="71"/>
						<String ID="P12_ST00063" HPOS="849" VPOS="1437" WIDTH="262" HEIGHT="61" CONTENT="Warum" WC="0.97" CC="55440"/>
						<SP ID="P12_SP00052" HPOS="1111" VPOS="1498" WIDTH="72"/>
						<String ID="P12_ST00064" HPOS="1183" VPOS="1441" WIDTH="167" HEIGHT="59" CONTENT="denn" WC="0.99" CC="0024"/>
						<SP ID="P12_SP00053" HPOS="1350" VPOS="1500" WIDTH="73"/>
						<String ID="P12_ST00065" HPOS="1423" VPOS="1444" WIDTH="151" HEIGHT="66" CONTENT="jetzt" WC="0.99" CC="00800"/>
						<SP ID="P12_SP00054" HPOS="1574" VPOS="1510" WIDTH="69"/>
						<String ID="P12_ST00066" HPOS="1643" VPOS="1464" WIDTH="73" HEIGHT="39" CONTENT="so" WC="0.72" CC="05"/>
						<SP ID="P12_SP00055" HPOS="1716" VPOS="1510" WIDTH="69"/>
						<String ID="P12_ST00067" HPOS="1785" VPOS="1446" WIDTH="271" HEIGHT="62" CONTENT="hetzen?" WC="0.99" CC="3004300"/>
					</TextLine>
					<TextLine ID="P12_TL00013" HPOS="422" VPOS="1530" WIDTH="1636" HEIGHT="78">
						<String ID="P12_ST00068" HPOS="422" VPOS="1530" WIDTH="154" HEIGHT="60" CONTENT="Was" WC="0.98" CC="500"/>
						<SP ID="P12_SP00056" HPOS="576" VPOS="1590" WIDTH="44"/>
						<String ID="P12_ST00069" HPOS="620" VPOS="1534" WIDTH="154" HEIGHT="57" CONTENT="wird" WC="1.00" CC="0000"/>
						<SP ID="P12_SP00057" HPOS="774" VPOS="1591" WIDTH="51"/>
						<String ID="P12_ST00070" HPOS="825" VPOS="1535" WIDTH="109" HEIGHT="61" CONTENT="mit" WC="1.00" CC="000"/>
						<SP ID="P12_SP00058" HPOS="934" VPOS="1596" WIDTH="45"/>
						<String ID="P12_ST00071" HPOS="979" VPOS="1535" WIDTH="144" HEIGHT="60" CONTENT="dem" WC="1.00" CC="000"/>
						<SP ID="P12_SP00059" HPOS="1123" VPOS="1596" WIDTH="48"/>
						<String ID="P12_ST00072" HPOS="1171" VPOS="1546" WIDTH="211" HEIGHT="55" CONTENT="ersten" WC="0.99" CC="000705"/>
						<SP ID="P12_SP00060" HPOS="1382" VPOS="1601" WIDTH="49"/>
						<String ID="P12_ST00073" HPOS="1431" VPOS="1540" WIDTH="300" HEIGHT="60" CONTENT="Dichter?" WC="0.99" CC="06600000"/>
						<SP ID="P12_SP00061" HPOS="1731" VPOS="1601" WIDTH="68"/>
						<String ID="P12_ST00074" HPOS="1799" VPOS="1544" WIDTH="259" HEIGHT="64" CONTENT="Kommt" WC="0.99" CC="02005"/>
					</TextLine>
					<TextLine ID="P12_TL00014" HPOS="422" VPOS="1630" WIDTH="815" HEIGHT="66">
						<String ID="P12_ST00075" HPOS="422" VPOS="1647" WIDTH="65" HEIGHT="41" CONTENT="er" WC="1.00" CC="00"/>
						<SP ID="P12_SP00062" HPOS="487" VPOS="1688" WIDTH="64"/>
						<String ID="P12_ST00076" HPOS="551" VPOS="1630" WIDTH="59" HEIGHT="58" CONTENT="in" WC="0.90" CC="02"/>
						<SP ID="P12_SP00063" HPOS="610" VPOS="1688" WIDTH="66"/>
						<String ID="P12_ST00077" HPOS="676" VPOS="1630" WIDTH="124" HEIGHT="61" CONTENT="den" WC="0.97" CC="006"/>
						<SP ID="P12_SP00064" HPOS="800" VPOS="1691" WIDTH="69"/>
						<String ID="P12_ST00078" HPOS="869" VPOS="1635" WIDTH="368" HEIGHT="61" CONTENT="Vorstand?" WC="1.00" CC="005004200"/>
					</TextLine>
					<TextLine ID="P12_TL00015" HPOS="353" VPOS="1727" WIDTH="1698" HEIGHT="74">
						<String ID="P12_ST00079" HPOS="353" VPOS="1727" WIDTH="354" HEIGHT="61" CONTENT="Diener:" WC="1.00" CC="0002000"/>
						<SP ID="P12_SP00065" HPOS="707" VPOS="1788" WIDTH="47"/>
						<String ID="P12_ST00080" HPOS="754" VPOS="1732" WIDTH="75" HEIGHT="56" CONTENT="Er" WC="0.57" CC="62"/>
						<SP ID="P12_SP00066" HPOS="829" VPOS="1788" WIDTH="40"/>
						<String ID="P12_ST00081" HPOS="869" VPOS="1732" WIDTH="76" HEIGHT="62" CONTENT="ist" WC="0.99" CC="002"/>
						<SP ID="P12_SP00067" HPOS="945" VPOS="1794" WIDTH="39"/>
						<String ID="P12_ST00082" HPOS="984" VPOS="1733" WIDTH="634" HEIGHT="65" CONTENT="selbstverständlich" WC="1.00" CC="000000500060000300"/>
						<SP ID="P12_SP00068" HPOS="1618" VPOS="1798" WIDTH="40"/>
						<String ID="P12_ST00083" HPOS="1658" VPOS="1740" WIDTH="197" HEIGHT="60" CONTENT="schon" WC="1.00" CC="00000"/>
						<SP ID="P12_SP00069" HPOS="1855" VPOS="1800" WIDTH="40"/>
						<String ID="P12_ST00084" HPOS="1895" VPOS="1740" WIDTH="156" HEIGHT="61" CONTENT="drin." WC="1.00" CC="00040"/>
					</TextLine>
					<TextLine ID="P12_TL00016" HPOS="421" VPOS="1827" WIDTH="1630" HEIGHT="74">
						<String ID="P12_ST00085" HPOS="421" VPOS="1827" WIDTH="162" HEIGHT="66" CONTENT="Jetzt" WC="0.98" CC="00407"/>
						<SP ID="P12_SP00070" HPOS="583" VPOS="1893" WIDTH="51"/>
						<String ID="P12_ST00086" HPOS="634" VPOS="1828" WIDTH="149" HEIGHT="60" CONTENT="muß" WC="1.00" CC="000"/>
						<SP ID="P12_SP00071" HPOS="783" VPOS="1893" WIDTH="54"/>
						<String ID="P12_ST00087" HPOS="837" VPOS="1850" WIDTH="66" HEIGHT="39" CONTENT="es" WC="0.86" CC="02"/>
						<SP ID="P12_SP00072" HPOS="903" VPOS="1893" WIDTH="51"/>
						<String ID="P12_ST00088" HPOS="954" VPOS="1832" WIDTH="91" HEIGHT="59" CONTENT="fix" WC="0.96" CC="406"/>
						<SP ID="P12_SP00073" HPOS="1045" VPOS="1893" WIDTH="51"/>
						<String ID="P12_ST00089" HPOS="1096" VPOS="1835" WIDTH="230" HEIGHT="66" CONTENT="gehen." WC="0.99" CC="901030"/>
						<SP ID="P12_SP00074" HPOS="1326" VPOS="1901" WIDTH="77"/>
						<String ID="P12_ST00090" HPOS="1403" VPOS="1837" WIDTH="184" HEIGHT="59" CONTENT="Denn" WC="0.98" CC="0631"/>
						<SP ID="P12_SP00075" HPOS="1587" VPOS="1901" WIDTH="51"/>
						<String ID="P12_ST00091" HPOS="1638" VPOS="1857" WIDTH="130" HEIGHT="41" CONTENT="nun" WC="0.97" CC="700"/>
						<SP ID="P12_SP00076" HPOS="1768" VPOS="1901" WIDTH="48"/>
						<String ID="P12_ST00092" HPOS="1816" VPOS="1840" WIDTH="235" HEIGHT="59" CONTENT="häufen" WC="0.99" CC="003602"/>
					</TextLine>
					<TextLine ID="P12_TL00017" HPOS="419" VPOS="1925" WIDTH="1631" HEIGHT="83">
						<String ID="P12_ST00093" HPOS="419" VPOS="1925" WIDTH="130" HEIGHT="59" CONTENT="sich" WC="0.99" CC="3000"/>
						<SP ID="P12_SP00077" HPOS="549" VPOS="1984" WIDTH="71"/>
						<String ID="P12_ST00094" HPOS="620" VPOS="1928" WIDTH="100" HEIGHT="58" CONTENT="die" WC="1.00" CC="000"/>
						<SP ID="P12_SP00078" HPOS="720" VPOS="1986" WIDTH="75"/>
						<String ID="P12_ST00095" HPOS="795" VPOS="1930" WIDTH="469" HEIGHT="71" CONTENT="Katastrophen" WC="1.00" CC="050208035000"/>
						<SP ID="P12_SP00079" HPOS="1264" VPOS="2001" WIDTH="73"/>
						<String ID="P12_ST00096" HPOS="1337" VPOS="1935" WIDTH="227" HEIGHT="69" CONTENT="Schlag" WC="1.00" CC="000010"/>
						<SP ID="P12_SP00080" HPOS="1564" VPOS="2004" WIDTH="69"/>
						<String ID="P12_ST00097" HPOS="1633" VPOS="1937" WIDTH="105" HEIGHT="59" CONTENT="auf" WC="0.97" CC="401"/>
						<SP ID="P12_SP00081" HPOS="1738" VPOS="2004" WIDTH="66"/>
						<String ID="P12_ST00098" HPOS="1804" VPOS="1938" WIDTH="246" HEIGHT="70" CONTENT="Schlag." WC="0.99" CC="0000091"/>
					</TextLine>
					<TextLine ID="P12_TL00018" HPOS="348" VPOS="2023" WIDTH="1705" HEIGHT="80">
						<String ID="P12_ST00099" HPOS="348" VPOS="2026" WIDTH="47" HEIGHT="55" CONTENT="2." WC="1.00" CC="00"/>
						<SP ID="P12_SP00082" HPOS="395" VPOS="2081" WIDTH="68"/>
						<String ID="P12_ST00100" HPOS="463" VPOS="2023" WIDTH="366" HEIGHT="64" CONTENT="Dichter" WC="1.00" CC="0000100"/>
						<SP ID="P12_SP00083" HPOS="829" VPOS="2087" WIDTH="61"/>
						<String ID="P12_ST00101" HPOS="890" VPOS="2028" WIDTH="293" HEIGHT="70" CONTENT="(beginnt" WC="0.99" CC="30000530"/>
						<SP ID="P12_SP00084" HPOS="1183" VPOS="2098" WIDTH="59"/>
						<String ID="P12_ST00102" HPOS="1242" VPOS="2052" WIDTH="125" HEIGHT="39" CONTENT="von" WC="0.99" CC="030"/>
						<SP ID="P12_SP00085" HPOS="1367" VPOS="2098" WIDTH="64"/>
						<String ID="P12_ST00103" HPOS="1431" VPOS="2037" WIDTH="287" HEIGHT="66" CONTENT="neuem):" WC="0.99" CC="0050003"/>
						<SP ID="P12_SP00086" HPOS="1718" VPOS="2103" WIDTH="64"/>
						<String ID="P12_ST00104" HPOS="1782" VPOS="2037" WIDTH="80" HEIGHT="59" CONTENT="Es" WC="0.73" CC="50"/>
						<SP ID="P12_SP00087" HPOS="1862" VPOS="2103" WIDTH="57"/>
						<String ID="P12_ST00105" HPOS="1919" VPOS="2055" WIDTH="134" HEIGHT="41" CONTENT="war" WC="0.98" CC="040"/>
					</TextLine>
					<TextLine ID="P12_TL00019" HPOS="419" VPOS="2121" WIDTH="1239" HEIGHT="71">
						<String ID="P12_ST00106" HPOS="419" VPOS="2121" WIDTH="230" HEIGHT="61" CONTENT="einmal" WC="0.99" CC="000042"/>
						<SP ID="P12_SP00088" HPOS="649" VPOS="2182" WIDTH="61"/>
						<String ID="P12_ST00107" HPOS="710" VPOS="2125" WIDTH="95" HEIGHT="57" CONTENT="ein" WC="0.98" CC="006"/>
						<SP ID="P12_SP00089" HPOS="805" VPOS="2182" WIDTH="63"/>
						<String ID="P12_ST00108" HPOS="868" VPOS="2126" WIDTH="326" HEIGHT="63" CONTENT="seßhaftes" WC="1.00" CC="000022000"/>
						<SP ID="P12_SP00090" HPOS="1194" VPOS="2189" WIDTH="63"/>
						<String ID="P12_ST00109" HPOS="1257" VPOS="2130" WIDTH="401" HEIGHT="62" CONTENT="Geschlecht." WC="1.00" CC="40001000081"/>
					</TextLine>
					<TextLine ID="P12_TL00020" HPOS="346" VPOS="2219" WIDTH="1704" HEIGHT="83">
						<String ID="P12_ST00110" HPOS="346" VPOS="2219" WIDTH="491" HEIGHT="63" CONTENT="Männchen" WC="0.99" CC="60050002"/>
						<SP ID="P12_SP00091" HPOS="837" VPOS="2282" WIDTH="61"/>
						<String ID="P12_ST00111" HPOS="898" VPOS="2225" WIDTH="161" HEIGHT="67" CONTENT="(zum" WC="0.98" CC="2530"/>
						<SP ID="P12_SP00092" HPOS="1059" VPOS="2292" WIDTH="59"/>
						<String ID="P12_ST00112" HPOS="1118" VPOS="2226" WIDTH="398" HEIGHT="73" CONTENT="Orchester):" WC="1.00" CC="00000000600"/>
						<SP ID="P12_SP00093" HPOS="1516" VPOS="2299" WIDTH="58"/>
						<String ID="P12_ST00113" HPOS="1574" VPOS="2231" WIDTH="238" HEIGHT="61" CONTENT="Tusch!" WC="1.00" CC="000000"/>
						<SP ID="P12_SP00094" HPOS="1812" VPOS="2299" WIDTH="80"/>
						<String ID="P12_ST00114" HPOS="1892" VPOS="2233" WIDTH="158" HEIGHT="69" CONTENT="(Das" WC="0.98" CC="4040"/>
					</TextLine>
					<TextLine ID="P12_TL00021" HPOS="417" VPOS="2318" WIDTH="1634" HEIGHT="74">
						<String ID="P12_ST00115" HPOS="417" VPOS="2318" WIDTH="344" HEIGHT="64" CONTENT="Orchester" WC="1.00" CC="010000500"/>
						<SP ID="P12_SP00095" HPOS="761" VPOS="2382" WIDTH="47"/>
						<String ID="P12_ST00116" HPOS="808" VPOS="2324" WIDTH="217" HEIGHT="68" CONTENT="spielt:" WC="0.99" CC="0060050"/>
						<SP ID="P12_SP00096" HPOS="1025" VPOS="2392" WIDTH="53"/>
						<String ID="P12_ST00117" HPOS="1078" VPOS="2326" WIDTH="84" HEIGHT="59" CONTENT="So" WC="0.88" CC="02"/>
						<SP ID="P12_SP00097" HPOS="1162" VPOS="2392" WIDTH="54"/>
						<String ID="P12_ST00118" HPOS="1216" VPOS="2328" WIDTH="183" HEIGHT="59" CONTENT="leben" WC="1.00" CC="00031"/>
						<SP ID="P12_SP00098" HPOS="1399" VPOS="2392" WIDTH="54"/>
						<String ID="P12_ST00119" HPOS="1453" VPOS="2331" WIDTH="131" HEIGHT="58" CONTENT="wir." WC="1.00" CC="0000"/>
						<SP ID="P12_SP00099" HPOS="1584" VPOS="2392" WIDTH="76"/>
						<String ID="P12_ST00120" HPOS="1660" VPOS="2331" WIDTH="129" HEIGHT="59" CONTENT="Das" WC="0.99" CC="020"/>
						<SP ID="P12_SP00100" HPOS="1789" VPOS="2392" WIDTH="56"/>
						<String ID="P12_ST00121" HPOS="1845" VPOS="2331" WIDTH="172" HEIGHT="59" CONTENT="Publi" SUBS_TYPE="HypPart1" SUBS_CONTENT="Publikum" WC="0.99" CC="40001"/>
						<HYP HPOS="2017" VPOS="2331" WIDTH="34" CONTENT="-"/>
					</TextLine>
					<TextLine ID="P12_TL00022" HPOS="417" VPOS="2418" WIDTH="1633" HEIGHT="72">
						<String ID="P12_ST00122" HPOS="417" VPOS="2418" WIDTH="147" HEIGHT="59" CONTENT="kum" SUBS_TYPE="HypPart2" SUBS_CONTENT="Publikum" WC="0.99" CC="030"/>
						<SP ID="P12_SP00101" HPOS="564" VPOS="2477" WIDTH="58"/>
						<String ID="P12_ST00123" HPOS="622" VPOS="2419" WIDTH="103" HEIGHT="63" CONTENT="hat" WC="0.98" CC="060"/>
						<SP ID="P12_SP00102" HPOS="725" VPOS="2482" WIDTH="55"/>
						<String ID="P12_ST00124" HPOS="780" VPOS="2423" WIDTH="130" HEIGHT="59" CONTENT="sich" WC="0.98" CC="0502"/>
						<SP ID="P12_SP00103" HPOS="910" VPOS="2482" WIDTH="57"/>
						<String ID="P12_ST00125" HPOS="967" VPOS="2424" WIDTH="282" HEIGHT="60" CONTENT="erhoben" WC="1.00" CC="0101000"/>
						<SP ID="P12_SP00104" HPOS="1249" VPOS="2484" WIDTH="55"/>
						<String ID="P12_ST00126" HPOS="1304" VPOS="2428" WIDTH="129" HEIGHT="57" CONTENT="und" WC="0.99" CC="120"/>
						<SP ID="P12_SP00105" HPOS="1433" VPOS="2485" WIDTH="54"/>
						<String ID="P12_ST00127" HPOS="1487" VPOS="2428" WIDTH="144" HEIGHT="61" CONTENT="hört" WC="0.97" CC="4008"/>
						<SP ID="P12_SP00106" HPOS="1631" VPOS="2489" WIDTH="49"/>
						<String ID="P12_ST00128" HPOS="1680" VPOS="2429" WIDTH="102" HEIGHT="60" CONTENT="die" WC="1.00" CC="000"/>
						<SP ID="P12_SP00107" HPOS="1782" VPOS="2489" WIDTH="52"/>
						<String ID="P12_ST00129" HPOS="1834" VPOS="2431" WIDTH="216" HEIGHT="59" CONTENT="Weise" WC="0.99" CC="50010"/>
					</TextLine>
					<TextLine ID="P12_TL00023" HPOS="415" VPOS="2516" WIDTH="1635" HEIGHT="76">
						<String ID="P12_ST00130" HPOS="415" VPOS="2516" WIDTH="270" HEIGHT="61" CONTENT="stehend" WC="1.00" CC="0000010"/>
						<SP ID="P12_SP00108" HPOS="685" VPOS="2577" WIDTH="66"/>
						<String ID="P12_ST00131" HPOS="751" VPOS="2538" WIDTH="96" HEIGHT="40" CONTENT="an." WC="0.96" CC="432"/>
						<SP ID="P12_SP00109" HPOS="847" VPOS="2578" WIDTH="87"/>
						<String ID="P12_ST00132" HPOS="934" VPOS="2521" WIDTH="330" HEIGHT="71" CONTENT="Applaus.)" WC="1.00" CC="200300001"/>
						<SP ID="P12_SP00110" HPOS="1264" VPOS="2592" WIDTH="86"/>
						<String ID="P12_ST00133" HPOS="1350" VPOS="2526" WIDTH="124" HEIGHT="58" CONTENT="Wo" WC="0.75" CC="04"/>
						<SP ID="P12_SP00111" HPOS="1474" VPOS="2592" WIDTH="66"/>
						<String ID="P12_ST00134" HPOS="1540" VPOS="2526" WIDTH="112" HEIGHT="59" CONTENT="das" WC="0.98" CC="050"/>
						<SP ID="P12_SP00112" HPOS="1652" VPOS="2592" WIDTH="64"/>
						<String ID="P12_ST00135" HPOS="1716" VPOS="2528" WIDTH="112" HEIGHT="57" CONTENT="der" WC="0.95" CC="039"/>
						<SP ID="P12_SP00113" HPOS="1828" VPOS="2592" WIDTH="61"/>
						<String ID="P12_ST00136" HPOS="1889" VPOS="2529" WIDTH="121" HEIGHT="58" CONTENT="Tau" SUBS_TYPE="HypPart1" SUBS_CONTENT="Tausendsassa" WC="0.98" CC="053"/>
						<HYP HPOS="2010" VPOS="2529" WIDTH="40" CONTENT="-"/>
					</TextLine>
					<TextLine ID="P12_TL00024" HPOS="415" VPOS="2616" WIDTH="1631" HEIGHT="83">
						<String ID="P12_ST00137" HPOS="415" VPOS="2616" WIDTH="346" HEIGHT="59" CONTENT="sendsassa" SUBS_TYPE="HypPart2" SUBS_CONTENT="Tausendsassa" WC="0.99" CC="302005026"/>
						<SP ID="P12_SP00114" HPOS="761" VPOS="2675" WIDTH="71"/>
						<String ID="P12_ST00138" HPOS="832" VPOS="2638" WIDTH="115" HEIGHT="39" CONTENT="nur" WC="1.00" CC="000"/>
						<SP ID="P12_SP00115" HPOS="947" VPOS="2677" WIDTH="66"/>
						<String ID="P12_ST00139" HPOS="1013" VPOS="2621" WIDTH="151" HEIGHT="59" CONTENT="alles" WC="0.99" CC="55000"/>
						<SP ID="P12_SP00116" HPOS="1164" VPOS="2680" WIDTH="73"/>
						<String ID="P12_ST00140" HPOS="1237" VPOS="2622" WIDTH="384" HEIGHT="63" CONTENT="hernimmt?" WC="1.00" CC="000200000"/>
						<SP ID="P12_SP00117" HPOS="1621" VPOS="2685" WIDTH="90"/>
						<String ID="P12_ST00141" HPOS="1711" VPOS="2626" WIDTH="145" HEIGHT="57" CONTENT="Und" WC="0.98" CC="230"/>
						<SP ID="P12_SP00118" HPOS="1856" VPOS="2685" WIDTH="72"/>
						<String ID="P12_ST00142" HPOS="1928" VPOS="2628" WIDTH="118" HEIGHT="71" CONTENT="Du," WC="0.97" CC="024"/>
					</TextLine>
					<TextLine ID="P12_TL00025" HPOS="414" VPOS="2714" WIDTH="747" HEIGHT="68">
						<String ID="P12_ST00143" HPOS="414" VPOS="2714" WIDTH="239" HEIGHT="59" CONTENT="kleiner" WC="1.00" CC="0000102"/>
						<SP ID="P12_SP00119" HPOS="653" VPOS="2773" WIDTH="66"/>
						<String ID="P12_ST00144" HPOS="719" VPOS="2717" WIDTH="442" HEIGHT="65" CONTENT="Hosenmatz?" WC="1.00" CC="6000401300"/>
					</TextLine>
					<TextLine ID="P12_TL00026" HPOS="343" VPOS="2812" WIDTH="1507" HEIGHT="80">
						<String ID="P12_ST00145" HPOS="343" VPOS="2816" WIDTH="49" HEIGHT="54" CONTENT="3." WC="0.64" CC="70"/>
						<SP ID="P12_SP00120" HPOS="392" VPOS="2870" WIDTH="67"/>
						<String ID="P12_ST00146" HPOS="459" VPOS="2812" WIDTH="366" HEIGHT="64" CONTENT="Dichter" WC="0.99" CC="0100317"/>
						<SP ID="P12_SP00121" HPOS="825" VPOS="2876" WIDTH="65"/>
						<String ID="P12_ST00147" HPOS="890" VPOS="2817" WIDTH="279" HEIGHT="70" CONTENT="(gähnt):" WC="0.99" CC="00200814"/>
						<SP ID="P12_SP00122" HPOS="1169" VPOS="2887" WIDTH="69"/>
						<String ID="P12_ST00148" HPOS="1238" VPOS="2821" WIDTH="112" HEIGHT="57" CONTENT="Ein" WC="0.98" CC="500"/>
						<SP ID="P12_SP00123" HPOS="1350" VPOS="2887" WIDTH="63"/>
						<String ID="P12_ST00149" HPOS="1413" VPOS="2822" WIDTH="437" HEIGHT="70" CONTENT="Merkspruch." WC="1.00" CC="00000004002"/>
					</TextLine>
					<TextLine ID="P12_TL00027" HPOS="346" VPOS="2909" WIDTH="1702" HEIGHT="72">
						<String ID="P12_ST00150" HPOS="346" VPOS="2909" WIDTH="354" HEIGHT="62" CONTENT="Diener:" WC="1.00" CC="0004000"/>
						<SP ID="P12_SP00124" HPOS="700" VPOS="2971" WIDTH="69"/>
						<String ID="P12_ST00151" HPOS="769" VPOS="2914" WIDTH="77" HEIGHT="57" CONTENT="Er" WC="0.71" CC="50"/>
						<SP ID="P12_SP00125" HPOS="846" VPOS="2971" WIDTH="64"/>
						<String ID="P12_ST00152" HPOS="910" VPOS="2915" WIDTH="105" HEIGHT="63" CONTENT="hat" WC="0.97" CC="250"/>
						<SP ID="P12_SP00126" HPOS="1015" VPOS="2978" WIDTH="63"/>
						<String ID="P12_ST00153" HPOS="1078" VPOS="2919" WIDTH="270" HEIGHT="59" CONTENT="nämlich" WC="1.00" CC="0000000"/>
						<SP ID="P12_SP00127" HPOS="1348" VPOS="2978" WIDTH="65"/>
						<String ID="P12_ST00154" HPOS="1413" VPOS="2921" WIDTH="288" HEIGHT="59" CONTENT="draußen" WC="1.00" CC="0050000"/>
						<SP ID="P12_SP00128" HPOS="1701" VPOS="2980" WIDTH="62"/>
						<String ID="P12_ST00155" HPOS="1763" VPOS="2924" WIDTH="100" HEIGHT="57" CONTENT="ein" WC="0.97" CC="007"/>
						<SP ID="P12_SP00129" HPOS="1863" VPOS="2981" WIDTH="61"/>
						<String ID="P12_ST00156" HPOS="1924" VPOS="2922" WIDTH="93" HEIGHT="59" CONTENT="bis" SUBS_TYPE="HypPart1" SUBS_CONTENT="bischen" WC="0.99" CC="040"/>
						<HYP HPOS="2017" VPOS="2922" WIDTH="31" CONTENT="-"/>
					</TextLine>
					<TextLine ID="P12_TL00028" HPOS="414" VPOS="3009" WIDTH="511" HEIGHT="71">
						<String ID="P12_ST00157" HPOS="414" VPOS="3009" WIDTH="156" HEIGHT="59" CONTENT="chen" SUBS_TYPE="HypPart2" SUBS_CONTENT="bischen" WC="1.00" CC="0000"/>
						<SP ID="P12_SP00130" HPOS="570" VPOS="3068" WIDTH="55"/>
						<String ID="P12_ST00158" HPOS="625" VPOS="3019" WIDTH="300" HEIGHT="61" CONTENT="gepennt." WC="1.00" CC="00900000"/>
					</TextLine>
					<TextLine ID="P12_TL00029" HPOS="346" VPOS="3107" WIDTH="1697" HEIGHT="81">
						<String ID="P12_ST00159" HPOS="346" VPOS="3107" WIDTH="422" HEIGHT="62" CONTENT="Kritiker:" WC="1.00" CC="900300000"/>
						<SP ID="P12_SP00131" HPOS="768" VPOS="3169" WIDTH="81"/>
						<String ID="P12_ST00160" HPOS="849" VPOS="3114" WIDTH="179" HEIGHT="59" CONTENT="Halt!" WC="0.99" CC="63000"/>
						<SP ID="P12_SP00132" HPOS="1028" VPOS="3173" WIDTH="99"/>
						<String ID="P12_ST00161" HPOS="1127" VPOS="3114" WIDTH="125" HEIGHT="59" CONTENT="Soll" WC="1.00" CC="0002"/>
						<SP ID="P12_SP00133" HPOS="1252" VPOS="3173" WIDTH="80"/>
						<String ID="P12_ST00162" HPOS="1332" VPOS="3117" WIDTH="113" HEIGHT="59" CONTENT="das" WC="0.98" CC="040"/>
						<SP ID="P12_SP00134" HPOS="1445" VPOS="3176" WIDTH="78"/>
						<String ID="P12_ST00163" HPOS="1523" VPOS="3119" WIDTH="98" HEIGHT="57" CONTENT="ein" WC="0.95" CC="065"/>
						<SP ID="P12_SP00135" HPOS="1621" VPOS="3176" WIDTH="76"/>
						<String ID="P12_ST00164" HPOS="1697" VPOS="3119" WIDTH="346" HEIGHT="69" CONTENT="Wortspiel" WC="1.00" CC="500300100"/>
					</TextLine>
					<TextLine ID="P12_TL00030" HPOS="410" VPOS="3207" WIDTH="1633" HEIGHT="76">
						<String ID="P12_ST00165" HPOS="410" VPOS="3207" WIDTH="182" HEIGHT="57" CONTENT="sein?" WC="1.00" CC="00000"/>
						<SP ID="P12_SP00136" HPOS="592" VPOS="3264" WIDTH="74"/>
						<String ID="P12_ST00166" HPOS="666" VPOS="3207" WIDTH="188" HEIGHT="59" CONTENT="Dann" WC="0.97" CC="0346"/>
						<SP ID="P12_SP00137" HPOS="854" VPOS="3266" WIDTH="56"/>
						<String ID="P12_ST00167" HPOS="910" VPOS="3210" WIDTH="151" HEIGHT="68" CONTENT="paßt" WC="0.98" CC="0602"/>
						<SP ID="P12_SP00138" HPOS="1061" VPOS="3278" WIDTH="55"/>
						<String ID="P12_ST00168" HPOS="1116" VPOS="3230" WIDTH="67" HEIGHT="41" CONTENT="es" WC="1.00" CC="00"/>
						<SP ID="P12_SP00139" HPOS="1183" VPOS="3278" WIDTH="57"/>
						<String ID="P12_ST00169" HPOS="1240" VPOS="3213" WIDTH="307" HEIGHT="61" CONTENT="natürlich" WC="0.99" CC="621025002"/>
						<SP ID="P12_SP00140" HPOS="1547" VPOS="3278" WIDTH="52"/>
						<String ID="P12_ST00170" HPOS="1599" VPOS="3234" WIDTH="114" HEIGHT="49" CONTENT="gar" WC="0.99" CC="012"/>
						<SP ID="P12_SP00141" HPOS="1713" VPOS="3283" WIDTH="52"/>
						<String ID="P12_ST00171" HPOS="1765" VPOS="3217" WIDTH="169" HEIGHT="59" CONTENT="nicht" WC="0.98" CC="54005"/>
						<SP ID="P12_SP00142" HPOS="1934" VPOS="3283" WIDTH="43"/>
						<String ID="P12_ST00172" HPOS="1977" VPOS="3220" WIDTH="66" HEIGHT="63" CONTENT="jn" WC="0.92" CC="10"/>
					</TextLine>
					<TextLine ID="P12_TL00031" HPOS="407" VPOS="3303" WIDTH="308" HEIGHT="65">
						<String ID="P12_ST00173" HPOS="407" VPOS="3303" WIDTH="124" HEIGHT="59" CONTENT="den" WC="0.97" CC="008"/>
						<SP ID="P12_SP00143" HPOS="531" VPOS="3362" WIDTH="57"/>
						<String ID="P12_ST00174" HPOS="588" VPOS="3305" WIDTH="127" HEIGHT="63" CONTENT="Stil." WC="1.00" CC="03000"/>
					</TextLine>
					<TextLine ID="P12_TL00032" HPOS="341" VPOS="3401" WIDTH="1698" HEIGHT="80">
						<String ID="P12_ST00175" HPOS="341" VPOS="3401" WIDTH="352" HEIGHT="63" CONTENT="Diener:" WC="1.00" CC="0001000"/>
						<SP ID="P12_SP00144" HPOS="693" VPOS="3464" WIDTH="53"/>
						<String ID="P12_ST00176" HPOS="746" VPOS="3406" WIDTH="79" HEIGHT="60" CONTENT="Es" WC="0.70" CC="50"/>
						<SP ID="P12_SP00145" HPOS="825" VPOS="3466" WIDTH="48"/>
						<String ID="P12_ST00177" HPOS="873" VPOS="3408" WIDTH="76" HEIGHT="61" CONTENT="ist" WC="1.00" CC="000"/>
						<SP ID="P12_SP00146" HPOS="949" VPOS="3469" WIDTH="49"/>
						<String ID="P12_ST00178" HPOS="998" VPOS="3408" WIDTH="113" HEIGHT="58" CONTENT="mir" WC="1.00" CC="000"/>
						<SP ID="P12_SP00147" HPOS="1111" VPOS="3469" WIDTH="46"/>
						<String ID="P12_ST00179" HPOS="1157" VPOS="3429" WIDTH="73" HEIGHT="40" CONTENT="so" WC="1.00" CC="00"/>
						<SP ID="P12_SP00148" HPOS="1230" VPOS="3469" WIDTH="47"/>
						<String ID="P12_ST00180" HPOS="1277" VPOS="3410" WIDTH="561" HEIGHT="71" CONTENT="herausgefahren." WC="1.00" CC="000000005630000"/>
						<SP ID="P12_SP00149" HPOS="1838" VPOS="3481" WIDTH="46"/>
						<String ID="P12_ST00181" HPOS="1884" VPOS="3415" WIDTH="155" HEIGHT="59" CONTENT="Man" WC="0.97" CC="053"/>
					</TextLine>
					<TextLine ID="P12_TL00033" HPOS="409" VPOS="3501" WIDTH="1629" HEIGHT="70">
						<String ID="P12_ST00182" HPOS="409" VPOS="3501" WIDTH="74" HEIGHT="60" CONTENT="ist" WC="0.98" CC="004"/>
						<SP ID="P12_SP00150" HPOS="483" VPOS="3561" WIDTH="66"/>
						<String ID="P12_ST00183" HPOS="549" VPOS="3501" WIDTH="364" HEIGHT="61" CONTENT="schließlich" WC="1.00" CC="00204000000"/>
						<SP ID="P12_SP00151" HPOS="913" VPOS="3562" WIDTH="70"/>
						<String ID="P12_ST00184" HPOS="983" VPOS="3506" WIDTH="157" HEIGHT="60" CONTENT="auch" WC="1.00" CC="2000"/>
						<SP ID="P12_SP00152" HPOS="1140" VPOS="3566" WIDTH="70"/>
						<String ID="P12_ST00185" HPOS="1210" VPOS="3527" WIDTH="116" HEIGHT="39" CONTENT="nur" WC="0.97" CC="203"/>
						<SP ID="P12_SP00153" HPOS="1326" VPOS="3566" WIDTH="67"/>
						<String ID="P12_ST00186" HPOS="1393" VPOS="3510" WIDTH="98" HEIGHT="57" CONTENT="ein" WC="1.00" CC="000"/>
						<SP ID="P12_SP00154" HPOS="1491" VPOS="3567" WIDTH="67"/>
						<String ID="P12_ST00187" HPOS="1558" VPOS="3511" WIDTH="288" HEIGHT="60" CONTENT="Mensch." WC="0.99" CC="0030023"/>
						<SP ID="P12_SP00155" HPOS="1846" VPOS="3571" WIDTH="92"/>
						<String ID="P12_ST00188" HPOS="1938" VPOS="3511" WIDTH="100" HEIGHT="60" CONTENT="Ich" WC="0.98" CC="060"/>
					</TextLine>
					<TextLine ID="P12_TL00034" HPOS="407" VPOS="3600" WIDTH="1634" HEIGHT="77">
						<String ID="P12_ST00189" HPOS="407" VPOS="3600" WIDTH="232" HEIGHT="66" CONTENT="glaube" WC="0.99" CC="003400"/>
						<SP ID="P12_SP00156" HPOS="639" VPOS="3666" WIDTH="63"/>
						<String ID="P12_ST00190" HPOS="702" VPOS="3603" WIDTH="289" HEIGHT="71" CONTENT="nämlich," WC="1.00" CC="00010010"/>
						<SP ID="P12_SP00157" HPOS="991" VPOS="3674" WIDTH="66"/>
						<String ID="P12_ST00191" HPOS="1057" VPOS="3625" WIDTH="65" HEIGHT="39" CONTENT="er" WC="1.00" CC="00"/>
						<SP ID="P12_SP00158" HPOS="1122" VPOS="3674" WIDTH="61"/>
						<String ID="P12_ST00192" HPOS="1183" VPOS="3605" WIDTH="128" HEIGHT="64" CONTENT="läßt" WC="0.99" CC="0003"/>
						<SP ID="P12_SP00159" HPOS="1311" VPOS="3674" WIDTH="61"/>
						<String ID="P12_ST00193" HPOS="1372" VPOS="3608" WIDTH="131" HEIGHT="59" CONTENT="sich" WC="0.99" CC="0002"/>
						<SP ID="P12_SP00160" HPOS="1503" VPOS="3674" WIDTH="59"/>
						<String ID="P12_ST00194" HPOS="1562" VPOS="3615" WIDTH="117" HEIGHT="62" CONTENT="gut" WC="0.97" CC="062"/>
						<SP ID="P12_SP00161" HPOS="1679" VPOS="3677" WIDTH="57"/>
						<String ID="P12_ST00195" HPOS="1736" VPOS="3611" WIDTH="90" HEIGHT="60" CONTENT="als" WC="0.99" CC="100"/>
						<SP ID="P12_SP00162" HPOS="1826" VPOS="3677" WIDTH="59"/>
						<String ID="P12_ST00196" HPOS="1885" VPOS="3611" WIDTH="117" HEIGHT="58" CONTENT="Vor" SUBS_TYPE="HypPart1" SUBS_CONTENT="Vorsitzender" WC="1.00" CC="001"/>
						<HYP HPOS="2002" VPOS="3611" WIDTH="39" CONTENT="-"/>
					</TextLine>
					<TextLine ID="P12_TL00035" HPOS="405" VPOS="3699" WIDTH="695" HEIGHT="63">
						<String ID="P12_ST00197" HPOS="405" VPOS="3699" WIDTH="315" HEIGHT="60" CONTENT="sitzender" SUBS_TYPE="HypPart2" SUBS_CONTENT="Vorsitzender" WC="0.99" CC="006603000"/>
						<SP ID="P12_SP00163" HPOS="720" VPOS="3759" WIDTH="43"/>
						<String ID="P12_ST00198" HPOS="763" VPOS="3701" WIDTH="337" HEIGHT="61" CONTENT="benutzen." WC="1.00" CC="000080040"/>
					</TextLine>
					<TextLine ID="P12_TL00036" HPOS="334" VPOS="3794" WIDTH="1705" HEIGHT="71">
						<String ID="P12_ST00199" HPOS="334" VPOS="3794" WIDTH="556" HEIGHT="65" CONTENT="Souffleuse:" WC="1.00" CC="00053000000"/>
						<SP ID="P12_SP00164" HPOS="890" VPOS="3859" WIDTH="77"/>
						<String ID="P12_ST00200" HPOS="967" VPOS="3799" WIDTH="275" HEIGHT="61" CONTENT="Berufen" WC="0.99" CC="0040302"/>
						<SP ID="P12_SP00165" HPOS="1242" VPOS="3860" WIDTH="73"/>
						<String ID="P12_ST00201" HPOS="1315" VPOS="3803" WIDTH="101" HEIGHT="59" CONTENT="Sie" WC="1.00" CC="000"/>
						<SP ID="P12_SP00166" HPOS="1416" VPOS="3862" WIDTH="75"/>
						<String ID="P12_ST00202" HPOS="1491" VPOS="3804" WIDTH="132" HEIGHT="60" CONTENT="sich" WC="1.00" CC="1000"/>
						<SP ID="P12_SP00167" HPOS="1623" VPOS="3864" WIDTH="74"/>
						<String ID="P12_ST00203" HPOS="1697" VPOS="3804" WIDTH="163" HEIGHT="61" CONTENT="doch" WC="1.00" CC="0100"/>
						<SP ID="P12_SP00168" HPOS="1860" VPOS="3865" WIDTH="71"/>
						<String ID="P12_ST00204" HPOS="1931" VPOS="3808" WIDTH="108" HEIGHT="57" CONTENT="auf" WC="1.00" CC="000"/>
					</TextLine>
					<TextLine ID="P12_TL00037" HPOS="404" VPOS="3892" WIDTH="983" HEIGHT="75">
						<String ID="P12_ST00205" HPOS="404" VPOS="3892" WIDTH="458" HEIGHT="75" CONTENT="Shakespeare," WC="1.00" CC="006003002100"/>
						<SP ID="P12_SP00169" HPOS="862" VPOS="3967" WIDTH="58"/>
						<String ID="P12_ST00206" HPOS="920" VPOS="3899" WIDTH="146" HEIGHT="58" CONTENT="sehr" WC="1.00" CC="0000"/>
						<SP ID="P12_SP00170" HPOS="1066" VPOS="3967" WIDTH="56"/>
						<String ID="P12_ST00207" HPOS="1122" VPOS="3899" WIDTH="265" HEIGHT="61" CONTENT="einfach." WC="1.00" CC="03060000"/>
					</TextLine>
					<TextLine ID="P12_TL00038" HPOS="331" VPOS="3992" WIDTH="916" HEIGHT="75">
						<String ID="P12_ST00208" HPOS="331" VPOS="3996" WIDTH="49" HEIGHT="56" CONTENT="3," WC="0.23" CC="78"/>
						<SP ID="P12_SP00171" HPOS="380" VPOS="4052" WIDTH="61"/>
						<String ID="P12_ST00209" HPOS="441" VPOS="3992" WIDTH="366" HEIGHT="65" CONTENT="Dichter" WC="0.99" CC="6100401"/>
						<SP ID="P12_SP00172" HPOS="807" VPOS="4057" WIDTH="57"/>
						<String ID="P12_ST00210" HPOS="864" VPOS="3996" WIDTH="170" HEIGHT="69" CONTENT="(sagt" WC="1.00" CC="00000"/>
						<SP ID="P12_SP00173" HPOS="1034" VPOS="4065" WIDTH="52"/>
						<String ID="P12_ST00211" HPOS="1086" VPOS="3999" WIDTH="161" HEIGHT="68" CONTENT="auf):" WC="0.97" CC="55823"/>
					</TextLine>
					<TextLine ID="P12_TL00039" HPOS="546" VPOS="4092" WIDTH="1378" HEIGHT="82">
						<String ID="P12_ST00212" HPOS="546" VPOS="4092" WIDTH="189" HEIGHT="60" CONTENT="Mach" WC="0.99" CC="0300"/>
						<SP ID="P12_SP00174" HPOS="735" VPOS="4152" WIDTH="53"/>
						<String ID="P12_ST00213" HPOS="788" VPOS="4094" WIDTH="108" HEIGHT="59" CONTENT="Dir" WC="0.97" CC="080"/>
						<SP ID="P12_SP00175" HPOS="896" VPOS="4153" WIDTH="48"/>
						<String ID="P12_ST00214" HPOS="944" VPOS="4096" WIDTH="162" HEIGHT="59" CONTENT="doch" WC="0.99" CC="0400"/>
						<SP ID="P12_SP00176" HPOS="1106" VPOS="4155" WIDTH="53"/>
						<String ID="P12_ST00215" HPOS="1159" VPOS="4097" WIDTH="166" HEIGHT="63" CONTENT="nicht" WC="0.99" CC="40000"/>
						<SP ID="P12_SP00177" HPOS="1325" VPOS="4160" WIDTH="47"/>
						<String ID="P12_ST00216" HPOS="1372" VPOS="4118" WIDTH="73" HEIGHT="40" CONTENT="so" WC="0.61" CC="07"/>
						<SP ID="P12_SP00178" HPOS="1445" VPOS="4160" WIDTH="49"/>
						<String ID="P12_ST00217" HPOS="1494" VPOS="4101" WIDTH="119" HEIGHT="59" CONTENT="viel" WC="0.98" CC="0450"/>
						<SP ID="P12_SP00179" HPOS="1613" VPOS="4160" WIDTH="44"/>
						<String ID="P12_ST00218" HPOS="1657" VPOS="4101" WIDTH="267" HEIGHT="73" CONTENT="Sorgen," WC="0.99" CC="0900010"/>
					</TextLine>
					<TextLine ID="P12_TL00040" HPOS="485" VPOS="4191" WIDTH="1190" HEIGHT="77">
						<String ID="P12_ST00219" HPOS="485" VPOS="4226" WIDTH="8" HEIGHT="5" CONTENT="-" WC="1.00" CC="0"/>
						<SP ID="P12_SP00180" HPOS="493" VPOS="4231" WIDTH="51"/>
						<String ID="P12_ST00220" HPOS="544" VPOS="4191" WIDTH="141" HEIGHT="59" CONTENT="Wie" WC="1.00" CC="000"/>
						<SP ID="P12_SP00181" HPOS="685" VPOS="4250" WIDTH="44"/>
						<String ID="P12_ST00221" HPOS="729" VPOS="4209" WIDTH="66" HEIGHT="41" CONTENT="es" WC="1.00" CC="00"/>
						<SP ID="P12_SP00182" HPOS="795" VPOS="4250" WIDTH="44"/>
						<String ID="P12_ST00222" HPOS="839" VPOS="4192" WIDTH="154" HEIGHT="68" CONTENT="geht" WC="1.00" CC="0000"/>
						<SP ID="P12_SP00183" HPOS="993" VPOS="4260" WIDTH="44"/>
						<String ID="P12_ST00223" HPOS="1037" VPOS="4196" WIDTH="127" HEIGHT="57" CONTENT="und" WC="0.97" CC="140"/>
						<SP ID="P12_SP00184" HPOS="1164" VPOS="4260" WIDTH="46"/>
						<String ID="P12_ST00224" HPOS="1210" VPOS="4197" WIDTH="122" HEIGHT="58" CONTENT="wie" WC="1.00" CC="000"/>
						<SP ID="P12_SP00185" HPOS="1332" VPOS="4260" WIDTH="44"/>
						<String ID="P12_ST00225" HPOS="1376" VPOS="4216" WIDTH="66" HEIGHT="39" CONTENT="es" WC="1.00" CC="00"/>
						<SP ID="P12_SP00186" HPOS="1442" VPOS="4260" WIDTH="44"/>
						<String ID="P12_ST00226" HPOS="1486" VPOS="4197" WIDTH="189" HEIGHT="71" CONTENT="steht," WC="0.98" CC="050073"/>
					</TextLine>
					<TextLine ID="P12_TL00041" HPOS="549" VPOS="4290" WIDTH="1292" HEIGHT="78">
						<String ID="P12_ST00227" HPOS="549" VPOS="4290" WIDTH="142" HEIGHT="58" CONTENT="Und" WC="0.97" CC="600"/>
						<SP ID="P12_SP00187" HPOS="691" VPOS="4348" WIDTH="58"/>
						<String ID="P12_ST00228" HPOS="749" VPOS="4292" WIDTH="369" HEIGHT="59" CONTENT="verschiebe" WC="1.00" CC="0000000000"/>
						<SP ID="P12_SP00188" HPOS="1118" VPOS="4351" WIDTH="58"/>
						<String ID="P12_ST00229" HPOS="1176" VPOS="4294" WIDTH="166" HEIGHT="62" CONTENT="nicht" WC="0.99" CC="42300"/>
						<SP ID="P12_SP00189" HPOS="1342" VPOS="4356" WIDTH="54"/>
						<String ID="P12_ST00230" HPOS="1396" VPOS="4295" WIDTH="105" HEIGHT="60" CONTENT="auf" WC="0.97" CC="026"/>
						<SP ID="P12_SP00190" HPOS="1501" VPOS="4356" WIDTH="56"/>
						<String ID="P12_ST00231" HPOS="1557" VPOS="4316" WIDTH="284" HEIGHT="52" CONTENT="morgen," WC="1.00" CC="0300000"/>
					</TextLine>
					<TextLine ID="P12_TL00042" HPOS="544" VPOS="4382" WIDTH="1052" HEIGHT="79">
						<String ID="P12_ST00232" HPOS="544" VPOS="4382" WIDTH="154" HEIGHT="64" CONTENT="Was" WC="0.98" CC="040"/>
						<SP ID="P12_SP00191" HPOS="698" VPOS="4446" WIDTH="46"/>
						<String ID="P12_ST00233" HPOS="744" VPOS="4389" WIDTH="159" HEIGHT="59" CONTENT="auch" WC="0.98" CC="5200"/>
						<SP ID="P12_SP00192" HPOS="903" VPOS="4448" WIDTH="48"/>
						<String ID="P12_ST00234" HPOS="951" VPOS="4389" WIDTH="426" HEIGHT="71" CONTENT="übermorgen" WC="1.00" CC="0002010030"/>
						<SP ID="P12_SP00193" HPOS="1377" VPOS="4460" WIDTH="48"/>
						<String ID="P12_ST00235" HPOS="1425" VPOS="4394" WIDTH="171" HEIGHT="67" CONTENT="geht." WC="1.00" CC="00010"/>
					</TextLine>
					<TextLine ID="P12_TL00043" HPOS="329" VPOS="4485" WIDTH="1705" HEIGHT="70">
						<String ID="P12_ST00236" HPOS="329" VPOS="4485" WIDTH="493" HEIGHT="59" CONTENT="Männchen" WC="0.99" CC="03770004"/>
						<SP ID="P12_SP00194" HPOS="822" VPOS="4544" WIDTH="54"/>
						<String ID="P12_ST00237" HPOS="876" VPOS="4487" WIDTH="296" HEIGHT="68" CONTENT="(umarmt" WC="0.99" CC="0500004"/>
						<SP ID="P12_SP00195" HPOS="1172" VPOS="4555" WIDTH="51"/>
						<String ID="P12_ST00238" HPOS="1223" VPOS="4490" WIDTH="100" HEIGHT="59" CONTENT="ihn" WC="0.98" CC="005"/>
						<SP ID="P12_SP00196" HPOS="1323" VPOS="4555" WIDTH="54"/>
						<String ID="P12_ST00239" HPOS="1377" VPOS="4492" WIDTH="283" HEIGHT="61" CONTENT="wortlos." WC="0.99" CC="00090720"/>
						<SP ID="P12_SP00197" HPOS="1660" VPOS="4555" WIDTH="76"/>
						<String ID="P12_ST00240" HPOS="1736" VPOS="4494" WIDTH="129" HEIGHT="59" CONTENT="Das" WC="1.00" CC="000"/>
						<SP ID="P12_SP00198" HPOS="1865" VPOS="4555" WIDTH="52"/>
						<String ID="P12_ST00241" HPOS="1917" VPOS="4495" WIDTH="78" HEIGHT="60" CONTENT="Pu" SUBS_TYPE="HypPart1" SUBS_CONTENT="Publikum" WC="0.98" CC="04"/>
						<HYP HPOS="1995" VPOS="4495" WIDTH="39" CONTENT="-"/>
					</TextLine>
					<TextLine ID="P12_TL00044" HPOS="400" VPOS="4582" WIDTH="1629" HEIGHT="76">
						<String ID="P12_ST00242" HPOS="400" VPOS="4582" WIDTH="237" HEIGHT="61" CONTENT="blikum" SUBS_TYPE="HypPart2" SUBS_CONTENT="Publikum" WC="0.99" CC="540000"/>
						<SP ID="P12_SP00199" HPOS="637" VPOS="4643" WIDTH="75"/>
						<String ID="P12_ST00243" HPOS="712" VPOS="4585" WIDTH="318" HEIGHT="63" CONTENT="schluchzt" WC="1.00" CC="000000450"/>
						<SP ID="P12_SP00200" HPOS="1030" VPOS="4648" WIDTH="73"/>
						<String ID="P12_ST00244" HPOS="1103" VPOS="4588" WIDTH="186" HEIGHT="70" CONTENT="laut):" WC="0.99" CC="000832"/>
						<SP ID="P12_SP00201" HPOS="1289" VPOS="4658" WIDTH="80"/>
						<String ID="P12_ST00245" HPOS="1369" VPOS="4590" WIDTH="100" HEIGHT="59" CONTENT="Du" WC="0.63" CC="07"/>
						<SP ID="P12_SP00202" HPOS="1469" VPOS="4658" WIDTH="74"/>
						<String ID="P12_ST00246" HPOS="1543" VPOS="4592" WIDTH="486" HEIGHT="64" CONTENT="Satansbraten!" WC="1.00" CC="0563003000300"/>
					</TextLine>
					<TextLine ID="P12_TL00045" HPOS="400" VPOS="4680" WIDTH="1628" HEIGHT="71">
						<String ID="P12_ST00247" HPOS="400" VPOS="4680" WIDTH="104" HEIGHT="61" CONTENT="Du" WC="0.59" CC="52"/>
						<SP ID="P12_SP00203" HPOS="504" VPOS="4741" WIDTH="57"/>
						<String ID="P12_ST00248" HPOS="561" VPOS="4682" WIDTH="420" HEIGHT="62" CONTENT="Teufelskerl!" WC="1.00" CC="000500000610"/>
						<SP ID="P12_SP00204" HPOS="981" VPOS="4744" WIDTH="81"/>
						<String ID="P12_ST00249" HPOS="1062" VPOS="4687" WIDTH="141" HEIGHT="57" CONTENT="Wie" WC="1.00" CC="000"/>
						<SP ID="P12_SP00205" HPOS="1203" VPOS="4744" WIDTH="63"/>
						<String ID="P12_ST00250" HPOS="1266" VPOS="4707" WIDTH="165" HEIGHT="39" CONTENT="nenn" WC="0.98" CC="1014"/>
						<SP ID="P12_SP00206" HPOS="1431" VPOS="4746" WIDTH="65"/>
						<String ID="P12_ST00251" HPOS="1496" VPOS="4688" WIDTH="93" HEIGHT="60" CONTENT="ich" WC="0.99" CC="200"/>
						<SP ID="P12_SP00207" HPOS="1589" VPOS="4748" WIDTH="61"/>
						<String ID="P12_ST00252" HPOS="1650" VPOS="4690" WIDTH="201" HEIGHT="59" CONTENT="Dich?" WC="0.99" CC="07000"/>
						<SP ID="P12_SP00208" HPOS="1851" VPOS="4749" WIDTH="82"/>
						<String ID="P12_ST00253" HPOS="1933" VPOS="4692" WIDTH="95" HEIGHT="59" CONTENT="Du" WC="0.40" CC="56"/>
					</TextLine>
					<TextLine ID="P12_TL00046" HPOS="399" VPOS="4780" WIDTH="1290" HEIGHT="76">
						<String ID="P12_ST00254" HPOS="399" VPOS="4780" WIDTH="423" HEIGHT="61" CONTENT="zuckersüßes" WC="1.00" CC="06000000000"/>
						<SP ID="P12_SP00209" HPOS="822" VPOS="4841" WIDTH="68"/>
						<String ID="P12_ST00255" HPOS="890" VPOS="4783" WIDTH="604" HEIGHT="73" CONTENT="Erzvorsitzerchen," WC="0.90" CC="53000000000000034"/>
						<SP ID="P12_SP00210" HPOS="1494" VPOS="4856" WIDTH="66"/>
						<String ID="P12_ST00256" HPOS="1560" VPOS="4788" WIDTH="129" HEIGHT="58" CONTENT="Du!" WC="1.00" CC="000"/>
					</TextLine>
					<TextLine ID="P12_TL00047" HPOS="332" VPOS="4878" WIDTH="1699" HEIGHT="71">
						<String ID="P12_ST00257" HPOS="332" VPOS="4878" WIDTH="353" HEIGHT="61" CONTENT="Diener:" WC="1.00" CC="0101000"/>
						<SP ID="P12_SP00211" HPOS="685" VPOS="4939" WIDTH="57"/>
						<String ID="P12_ST00258" HPOS="742" VPOS="4881" WIDTH="117" HEIGHT="61" CONTENT="Mit" WC="1.00" CC="000"/>
						<SP ID="P12_SP00212" HPOS="859" VPOS="4942" WIDTH="53"/>
						<String ID="P12_ST00259" HPOS="912" VPOS="4881" WIDTH="125" HEIGHT="60" CONTENT="den" WC="0.97" CC="007"/>
						<SP ID="P12_SP00213" HPOS="1037" VPOS="4942" WIDTH="59"/>
						<String ID="P12_ST00260" HPOS="1096" VPOS="4883" WIDTH="232" HEIGHT="59" CONTENT="Dreien" WC="1.00" CC="002000"/>
						<SP ID="P12_SP00214" HPOS="1328" VPOS="4942" WIDTH="56"/>
						<String ID="P12_ST00261" HPOS="1384" VPOS="4885" WIDTH="256" HEIGHT="59" CONTENT="werden" WC="1.00" CC="000003"/>
						<SP ID="P12_SP00215" HPOS="1640" VPOS="4944" WIDTH="56"/>
						<String ID="P12_ST00262" HPOS="1696" VPOS="4888" WIDTH="113" HEIGHT="58" CONTENT="wir" WC="0.98" CC="005"/>
						<SP ID="P12_SP00216" HPOS="1809" VPOS="4946" WIDTH="56"/>
						<String ID="P12_ST00263" HPOS="1865" VPOS="4890" WIDTH="166" HEIGHT="59" CONTENT="nicht" WC="0.97" CC="66008"/>
					</TextLine>
				</TextBlock>
				<TextBlock ID="P12_TB00003" HPOS="2159" VPOS="467" WIDTH="1726" HEIGHT="4497" STYLEREFS="TXT_0 PAR_BLOCK">
					<TextLine ID="P12_TL00048" HPOS="2256" VPOS="467" WIDTH="1626" HEIGHT="81">
						<String ID="P12_ST00264" HPOS="2256" VPOS="467" WIDTH="278" HEIGHT="63" CONTENT="schlecht" WC="1.00" CC="00001000"/>
						<SP ID="P12_SP00217" HPOS="2534" VPOS="530" WIDTH="62"/>
						<String ID="P12_ST00265" HPOS="2596" VPOS="469" WIDTH="241" HEIGHT="72" CONTENT="fahren," WC="0.99" CC="4500040"/>
						<SP ID="P12_SP00218" HPOS="2837" VPOS="541" WIDTH="71"/>
						<String ID="P12_ST00266" HPOS="2908" VPOS="474" WIDTH="156" HEIGHT="59" CONTENT="oder" WC="0.99" CC="0006"/>
						<SP ID="P12_SP00219" HPOS="3064" VPOS="541" WIDTH="68"/>
						<String ID="P12_ST00267" HPOS="3132" VPOS="475" WIDTH="93" HEIGHT="60" CONTENT="ich" WC="1.00" CC="000"/>
						<SP ID="P12_SP00220" HPOS="3225" VPOS="541" WIDTH="67"/>
						<String ID="P12_ST00268" HPOS="3292" VPOS="477" WIDTH="124" HEIGHT="59" CONTENT="will" WC="1.00" CC="0000"/>
						<SP ID="P12_SP00221" HPOS="3416" VPOS="541" WIDTH="69"/>
						<String ID="P12_ST00269" HPOS="3485" VPOS="479" WIDTH="131" HEIGHT="59" CONTENT="hier" WC="0.99" CC="0600"/>
						<SP ID="P12_SP00222" HPOS="3616" VPOS="541" WIDTH="61"/>
						<String ID="P12_ST00270" HPOS="3677" VPOS="480" WIDTH="205" HEIGHT="68" CONTENT="gleich" WC="1.00" CC="000014"/>
					</TextLine>
					<TextLine ID="P12_TL00049" HPOS="2258" VPOS="565" WIDTH="1625" HEIGHT="81">
						<String ID="P12_ST00271" HPOS="2258" VPOS="565" WIDTH="103" HEIGHT="58" CONTENT="auf" WC="0.95" CC="407"/>
						<SP ID="P12_SP00223" HPOS="2361" VPOS="623" WIDTH="56"/>
						<String ID="P12_ST00272" HPOS="2417" VPOS="567" WIDTH="110" HEIGHT="59" CONTENT="der" WC="1.00" CC="000"/>
						<SP ID="P12_SP00224" HPOS="2527" VPOS="626" WIDTH="56"/>
						<String ID="P12_ST00273" HPOS="2583" VPOS="568" WIDTH="184" HEIGHT="61" CONTENT="Stelle" WC="1.00" CC="002000"/>
						<SP ID="P12_SP00225" HPOS="2767" VPOS="629" WIDTH="61"/>
						<String ID="P12_ST00274" HPOS="2828" VPOS="572" WIDTH="202" HEIGHT="61" CONTENT="nichts" WC="0.99" CC="200380"/>
						<SP ID="P12_SP00226" HPOS="3030" VPOS="633" WIDTH="61"/>
						<String ID="P12_ST00275" HPOS="3091" VPOS="594" WIDTH="122" HEIGHT="39" CONTENT="von" WC="0.95" CC="066"/>
						<SP ID="P12_SP00227" HPOS="3213" VPOS="633" WIDTH="61"/>
						<String ID="P12_ST00276" HPOS="3274" VPOS="575" WIDTH="322" HEIGHT="71" CONTENT="Dichtung" WC="0.99" CC="07006440"/>
						<SP ID="P12_SP00228" HPOS="3596" VPOS="646" WIDTH="55"/>
						<String ID="P12_ST00277" HPOS="3651" VPOS="587" WIDTH="199" HEIGHT="54" CONTENT="verste" SUBS_TYPE="HypPart1" SUBS_CONTENT="verstehen." WC="0.99" CC="006006"/>
						<HYP HPOS="3850" VPOS="587" WIDTH="33" CONTENT="-"/>
					</TextLine>
					<TextLine ID="P12_TL00050" HPOS="2258" VPOS="663" WIDTH="1624" HEIGHT="82">
						<String ID="P12_ST00278" HPOS="2258" VPOS="663" WIDTH="139" HEIGHT="61" CONTENT="hen." SUBS_TYPE="HypPart2" SUBS_CONTENT="verstehen." WC="1.00" CC="0002"/>
						<SP ID="P12_SP00229" HPOS="2397" VPOS="724" WIDTH="72"/>
						<String ID="P12_ST00279" HPOS="2469" VPOS="665" WIDTH="251" HEIGHT="68" CONTENT="(Pause." WC="0.99" CC="3055000"/>
						<SP ID="P12_SP00230" HPOS="2720" VPOS="733" WIDTH="92"/>
						<String ID="P12_ST00280" HPOS="2812" VPOS="670" WIDTH="186" HEIGHT="58" CONTENT="Dann" WC="0.98" CC="0143"/>
						<SP ID="P12_SP00231" HPOS="2998" VPOS="733" WIDTH="69"/>
						<String ID="P12_ST00281" HPOS="3067" VPOS="690" WIDTH="107" HEIGHT="41" CONTENT="zur" WC="0.98" CC="033"/>
						<SP ID="P12_SP00232" HPOS="3174" VPOS="733" WIDTH="64"/>
						<String ID="P12_ST00282" HPOS="3238" VPOS="673" WIDTH="418" HEIGHT="72" CONTENT="Souffleuse):" WC="1.00" CC="001530030000"/>
						<SP ID="P12_SP00233" HPOS="3656" VPOS="745" WIDTH="87"/>
						<String ID="P12_ST00283" HPOS="3743" VPOS="679" WIDTH="139" HEIGHT="57" CONTENT="Wie" WC="1.00" CC="000"/>
					</TextLine>
					<TextLine ID="P12_TL00051" HPOS="2253" VPOS="762" WIDTH="726" HEIGHT="67">
						<String ID="P12_ST00284" HPOS="2253" VPOS="762" WIDTH="186" HEIGHT="67" CONTENT="gehts" WC="0.94" CC="00030"/>
						<SP ID="P12_SP00234" HPOS="2439" VPOS="829" WIDTH="54"/>
						<String ID="P12_ST00285" HPOS="2493" VPOS="765" WIDTH="168" HEIGHT="57" CONTENT="denn" WC="1.00" CC="0010"/>
						<SP ID="P12_SP00235" HPOS="2661" VPOS="829" WIDTH="54"/>
						<String ID="P12_ST00286" HPOS="2715" VPOS="768" WIDTH="264" HEIGHT="60" CONTENT="weiter?" WC="0.99" CC="0068000"/>
					</TextLine>
					<TextLine ID="P12_TL00052" HPOS="2187" VPOS="860" WIDTH="1691" HEIGHT="81">
						<String ID="P12_ST00287" HPOS="2187" VPOS="860" WIDTH="421" HEIGHT="61" CONTENT="Kritiker:" WC="1.00" CC="030400000"/>
						<SP ID="P12_SP00236" HPOS="2608" VPOS="921" WIDTH="71"/>
						<String ID="P12_ST00288" HPOS="2679" VPOS="865" WIDTH="100" HEIGHT="59" CONTENT="Ich" WC="0.97" CC="530"/>
						<SP ID="P12_SP00237" HPOS="2779" VPOS="924" WIDTH="65"/>
						<String ID="P12_ST00289" HPOS="2844" VPOS="865" WIDTH="172" HEIGHT="61" CONTENT="finde" WC="0.98" CC="54400"/>
						<SP ID="P12_SP00238" HPOS="3016" VPOS="926" WIDTH="68"/>
						<String ID="P12_ST00290" HPOS="3084" VPOS="868" WIDTH="100" HEIGHT="59" CONTENT="die" WC="1.00" CC="000"/>
						<SP ID="P12_SP00239" HPOS="3184" VPOS="927" WIDTH="71"/>
						<String ID="P12_ST00291" HPOS="3255" VPOS="870" WIDTH="202" HEIGHT="59" CONTENT="Pause" WC="1.00" CC="00300"/>
						<SP ID="P12_SP00240" HPOS="3457" VPOS="929" WIDTH="64"/>
						<String ID="P12_ST00292" HPOS="3521" VPOS="890" WIDTH="163" HEIGHT="49" CONTENT="ganz" WC="0.99" CC="0060"/>
						<SP ID="P12_SP00241" HPOS="3684" VPOS="939" WIDTH="61"/>
						<String ID="P12_ST00293" HPOS="3745" VPOS="880" WIDTH="133" HEIGHT="61" CONTENT="gut." WC="0.95" CC="9780"/>
					</TextLine>
					<TextLine ID="P12_TL00053" HPOS="2254" VPOS="958" WIDTH="1624" HEIGHT="81">
						<String ID="P12_ST00294" HPOS="2254" VPOS="958" WIDTH="192" HEIGHT="63" CONTENT="Sonst" WC="1.00" CC="02100"/>
						<SP ID="P12_SP00242" HPOS="2446" VPOS="1021" WIDTH="62"/>
						<String ID="P12_ST00295" HPOS="2508" VPOS="961" WIDTH="153" HEIGHT="66" CONTENT="geht" WC="0.98" CC="0008"/>
						<SP ID="P12_SP00243" HPOS="2661" VPOS="1027" WIDTH="66"/>
						<String ID="P12_ST00296" HPOS="2727" VPOS="963" WIDTH="149" HEIGHT="59" CONTENT="alles" WC="0.99" CC="50000"/>
						<SP ID="P12_SP00244" HPOS="2876" VPOS="1027" WIDTH="68"/>
						<String ID="P12_ST00297" HPOS="2944" VPOS="966" WIDTH="238" HEIGHT="60" CONTENT="wieder" WC="0.99" CC="070000"/>
						<SP ID="P12_SP00245" HPOS="3182" VPOS="1027" WIDTH="70"/>
						<String ID="P12_ST00298" HPOS="3252" VPOS="968" WIDTH="156" HEIGHT="59" CONTENT="Hals" WC="0.98" CC="6100"/>
						<SP ID="P12_SP00246" HPOS="3408" VPOS="1027" WIDTH="66"/>
						<String ID="P12_ST00299" HPOS="3474" VPOS="970" WIDTH="157" HEIGHT="59" CONTENT="über" WC="1.00" CC="0000"/>
						<SP ID="P12_SP00247" HPOS="3631" VPOS="1029" WIDTH="64"/>
						<String ID="P12_ST00300" HPOS="3695" VPOS="971" WIDTH="183" HEIGHT="68" CONTENT="Kopf." WC="1.00" CC="01002"/>
					</TextLine>
					<TextLine ID="P12_TL00054" HPOS="2187" VPOS="1054" WIDTH="1695" HEIGHT="82">
						<String ID="P12_ST00301" HPOS="2187" VPOS="1054" WIDTH="352" HEIGHT="63" CONTENT="Diener:" WC="0.99" CC="5005000"/>
						<SP ID="P12_SP00248" HPOS="2539" VPOS="1117" WIDTH="71"/>
						<String ID="P12_ST00302" HPOS="2610" VPOS="1060" WIDTH="141" HEIGHT="59" CONTENT="Wie" WC="1.00" CC="000"/>
						<SP ID="P12_SP00249" HPOS="2751" VPOS="1119" WIDTH="52"/>
						<String ID="P12_ST00303" HPOS="2803" VPOS="1066" WIDTH="169" HEIGHT="56" CONTENT="wäre" WC="1.00" CC="0000"/>
						<SP ID="P12_SP00250" HPOS="2972" VPOS="1122" WIDTH="56"/>
						<String ID="P12_ST00304" HPOS="3028" VPOS="1083" WIDTH="66" HEIGHT="39" CONTENT="es" WC="1.00" CC="00"/>
						<SP ID="P12_SP00251" HPOS="3094" VPOS="1122" WIDTH="54"/>
						<String ID="P12_ST00305" HPOS="3148" VPOS="1066" WIDTH="188" HEIGHT="70" CONTENT="denn," WC="0.98" CC="00632"/>
						<SP ID="P12_SP00252" HPOS="3336" VPOS="1136" WIDTH="56"/>
						<String ID="P12_ST00306" HPOS="3392" VPOS="1087" WIDTH="187" HEIGHT="39" CONTENT="wenn" WC="1.00" CC="0020"/>
						<SP ID="P12_SP00253" HPOS="3579" VPOS="1136" WIDTH="54"/>
						<String ID="P12_ST00307" HPOS="3633" VPOS="1068" WIDTH="95" HEIGHT="61" CONTENT="ich" WC="0.97" CC="007"/>
						<SP ID="P12_SP00254" HPOS="3728" VPOS="1136" WIDTH="44"/>
						<String ID="P12_ST00308" HPOS="3772" VPOS="1088" WIDTH="110" HEIGHT="41" CONTENT="zur" WC="0.97" CC="700"/>
					</TextLine>
					<TextLine ID="P12_TL00055" HPOS="2256" VPOS="1153" WIDTH="1626" HEIGHT="81">
						<String ID="P12_ST00309" HPOS="2256" VPOS="1153" WIDTH="412" HEIGHT="72" CONTENT="Beruhigung" WC="1.00" CC="5000000010"/>
						<SP ID="P12_SP00255" HPOS="2668" VPOS="1225" WIDTH="47"/>
						<String ID="P12_ST00310" HPOS="2715" VPOS="1159" WIDTH="112" HEIGHT="60" CONTENT="des" WC="0.98" CC="050"/>
						<SP ID="P12_SP00256" HPOS="2827" VPOS="1225" WIDTH="52"/>
						<String ID="P12_ST00311" HPOS="2879" VPOS="1159" WIDTH="371" HEIGHT="63" CONTENT="Publikums" WC="1.00" CC="050000200"/>
						<SP ID="P12_SP00257" HPOS="3250" VPOS="1225" WIDTH="51"/>
						<String ID="P12_ST00312" HPOS="3301" VPOS="1166" WIDTH="100" HEIGHT="58" CONTENT="ein" WC="0.93" CC="576"/>
						<SP ID="P12_SP00258" HPOS="3401" VPOS="1225" WIDTH="49"/>
						<String ID="P12_ST00313" HPOS="3450" VPOS="1166" WIDTH="278" HEIGHT="68" CONTENT="paarmal" WC="1.00" CC="0000000"/>
						<SP ID="P12_SP00259" HPOS="3728" VPOS="1234" WIDTH="45"/>
						<String ID="P12_ST00314" HPOS="3773" VPOS="1168" WIDTH="109" HEIGHT="57" CONTENT="auf" WC="0.94" CC="615"/>
					</TextLine>
					<TextLine ID="P12_TL00056" HPOS="2251" VPOS="1254" WIDTH="1626" HEIGHT="80">
						<String ID="P12_ST00315" HPOS="2251" VPOS="1254" WIDTH="127" HEIGHT="58" CONTENT="und" WC="0.98" CC="230"/>
						<SP ID="P12_SP00260" HPOS="2378" VPOS="1312" WIDTH="80"/>
						<String ID="P12_ST00316" HPOS="2458" VPOS="1256" WIDTH="78" HEIGHT="58" CONTENT="ab" WC="0.95" CC="00"/>
						<SP ID="P12_SP00261" HPOS="2536" VPOS="1314" WIDTH="77"/>
						<String ID="P12_ST00317" HPOS="2613" VPOS="1256" WIDTH="209" HEIGHT="68" CONTENT="gehe?" WC="1.00" CC="00000"/>
						<SP ID="P12_SP00262" HPOS="2822" VPOS="1324" WIDTH="98"/>
						<String ID="P12_ST00318" HPOS="2920" VPOS="1259" WIDTH="176" HEIGHT="60" CONTENT="Oder" WC="0.99" CC="3000"/>
						<SP ID="P12_SP00263" HPOS="3096" VPOS="1324" WIDTH="76"/>
						<String ID="P12_ST00319" HPOS="3172" VPOS="1263" WIDTH="114" HEIGHT="57" CONTENT="soll" WC="0.99" CC="0100"/>
						<SP ID="P12_SP00264" HPOS="3286" VPOS="1324" WIDTH="79"/>
						<String ID="P12_ST00320" HPOS="3365" VPOS="1263" WIDTH="93" HEIGHT="59" CONTENT="ich" WC="0.99" CC="002"/>
						<SP ID="P12_SP00265" HPOS="3458" VPOS="1324" WIDTH="80"/>
						<String ID="P12_ST00321" HPOS="3538" VPOS="1264" WIDTH="103" HEIGHT="58" CONTENT="ihn" WC="0.99" CC="003"/>
						<SP ID="P12_SP00266" HPOS="3641" VPOS="1324" WIDTH="75"/>
						<String ID="P12_ST00322" HPOS="3716" VPOS="1264" WIDTH="161" HEIGHT="70" CONTENT="(aufs" WC="0.98" CC="06730"/>
					</TextLine>
					<TextLine ID="P12_TL00057" HPOS="2249" VPOS="1352" WIDTH="1628" HEIGHT="75">
						<String ID="P12_ST00323" HPOS="2249" VPOS="1352" WIDTH="364" HEIGHT="61" CONTENT="Männchen" WC="1.00" CC="00003004"/>
						<SP ID="P12_SP00267" HPOS="2613" VPOS="1413" WIDTH="55"/>
						<String ID="P12_ST00324" HPOS="2668" VPOS="1356" WIDTH="303" HEIGHT="71" CONTENT="deutend)" WC="1.00" CC="00220400"/>
						<SP ID="P12_SP00268" HPOS="2971" VPOS="1427" WIDTH="56"/>
						<String ID="P12_ST00325" HPOS="3027" VPOS="1359" WIDTH="235" HEIGHT="61" CONTENT="fristlos" WC="1.00" CC="10000520"/>
						<SP ID="P12_SP00269" HPOS="3262" VPOS="1427" WIDTH="58"/>
						<String ID="P12_ST00326" HPOS="3320" VPOS="1363" WIDTH="365" HEIGHT="59" CONTENT="entlassen?" WC="1.00" CC="0003000020"/>
						<SP ID="P12_SP00270" HPOS="3685" VPOS="1427" WIDTH="80"/>
						<String ID="P12_ST00327" HPOS="3765" VPOS="1366" WIDTH="75" HEIGHT="56" CONTENT="Im" SUBS_TYPE="HypPart1" SUBS_CONTENT="Imstande" WC="0.98" CC="50"/>
						<HYP HPOS="3840" VPOS="1366" WIDTH="37" CONTENT="-"/>
					</TextLine>
					<TextLine ID="P12_TL00058" HPOS="2249" VPOS="1451" WIDTH="601" HEIGHT="62">
						<String ID="P12_ST00328" HPOS="2249" VPOS="1451" WIDTH="224" HEIGHT="59" CONTENT="stande" SUBS_TYPE="HypPart2" SUBS_CONTENT="Imstande" WC="0.99" CC="150000"/>
						<SP ID="P12_SP00271" HPOS="2473" VPOS="1510" WIDTH="47"/>
						<String ID="P12_ST00329" HPOS="2520" VPOS="1456" WIDTH="132" HEIGHT="54" CONTENT="wär" WC="1.00" CC="000"/>
						<SP ID="P12_SP00272" HPOS="2652" VPOS="1510" WIDTH="49"/>
						<String ID="P12_ST00330" HPOS="2701" VPOS="1454" WIDTH="149" HEIGHT="59" CONTENT="ichs." WC="0.98" CC="00000"/>
					</TextLine>
					<TextLine ID="P12_TL00059" HPOS="2182" VPOS="1547" WIDTH="1695" HEIGHT="71">
						<String ID="P12_ST00331" HPOS="2182" VPOS="1547" WIDTH="421" HEIGHT="63" CONTENT="Kritiker:" WC="1.00" CC="030200000"/>
						<SP ID="P12_SP00273" HPOS="2603" VPOS="1610" WIDTH="71"/>
						<String ID="P12_ST00332" HPOS="2674" VPOS="1552" WIDTH="131" HEIGHT="61" CONTENT="Hat" WC="0.96" CC="630"/>
						<SP ID="P12_SP00274" HPOS="2805" VPOS="1613" WIDTH="61"/>
						<String ID="P12_ST00333" HPOS="2866" VPOS="1573" WIDTH="64" HEIGHT="39" CONTENT="er" WC="1.00" CC="00"/>
						<SP ID="P12_SP00275" HPOS="2930" VPOS="1613" WIDTH="66"/>
						<String ID="P12_ST00334" HPOS="2996" VPOS="1556" WIDTH="202" HEIGHT="59" CONTENT="nichts" WC="0.98" CC="412070"/>
						<SP ID="P12_SP00276" HPOS="3198" VPOS="1615" WIDTH="67"/>
						<String ID="P12_ST00335" HPOS="3265" VPOS="1557" WIDTH="176" HEIGHT="58" CONTENT="mehr" WC="0.99" CC="0003"/>
						<SP ID="P12_SP00277" HPOS="3441" VPOS="1615" WIDTH="60"/>
						<String ID="P12_ST00336" HPOS="3501" VPOS="1578" WIDTH="74" HEIGHT="39" CONTENT="zu" WC="0.47" CC="36"/>
						<SP ID="P12_SP00278" HPOS="3575" VPOS="1617" WIDTH="65"/>
						<String ID="P12_ST00337" HPOS="3640" VPOS="1559" WIDTH="237" HEIGHT="59" CONTENT="reden?" WC="1.00" CC="000200"/>
					</TextLine>
					<TextLine ID="P12_TL00060" HPOS="2180" VPOS="1645" WIDTH="1016" HEIGHT="77">
						<String ID="P12_ST00338" HPOS="2180" VPOS="1645" WIDTH="352" HEIGHT="61" CONTENT="Diener:" WC="1.00" CC="0000000"/>
						<SP ID="P12_SP00279" HPOS="2532" VPOS="1706" WIDTH="46"/>
						<String ID="P12_ST00339" HPOS="2578" VPOS="1651" WIDTH="134" HEIGHT="57" CONTENT="Nur" WC="0.98" CC="500"/>
						<SP ID="P12_SP00280" HPOS="2712" VPOS="1708" WIDTH="39"/>
						<String ID="P12_ST00340" HPOS="2751" VPOS="1652" WIDTH="160" HEIGHT="59" CONTENT="noch" WC="0.99" CC="3030"/>
						<SP ID="P12_SP00281" HPOS="2911" VPOS="1711" WIDTH="48"/>
						<String ID="P12_ST00341" HPOS="2959" VPOS="1654" WIDTH="237" HEIGHT="68" CONTENT="Unfug." WC="0.98" CC="405290"/>
					</TextLine>
					<TextLine ID="P12_TL00061" HPOS="2178" VPOS="1764" WIDTH="1695" HEIGHT="71">
						<String ID="P12_ST00342" HPOS="2178" VPOS="1764" WIDTH="425" HEIGHT="61" CONTENT="Kritiker:" WC="1.00" CC="010000000"/>
						<SP ID="P12_SP00282" HPOS="2603" VPOS="1825" WIDTH="78"/>
						<String ID="P12_ST00343" HPOS="2681" VPOS="1769" WIDTH="80" HEIGHT="58" CONTENT="Es" WC="0.71" CC="50"/>
						<SP ID="P12_SP00283" HPOS="2761" VPOS="1827" WIDTH="73"/>
						<String ID="P12_ST00344" HPOS="2834" VPOS="1771" WIDTH="157" HEIGHT="57" CONTENT="wird" WC="1.00" CC="0200"/>
						<SP ID="P12_SP00284" HPOS="2991" VPOS="1828" WIDTH="75"/>
						<String ID="P12_ST00345" HPOS="3066" VPOS="1771" WIDTH="150" HEIGHT="59" CONTENT="aber" WC="0.99" CC="3000"/>
						<SP ID="P12_SP00285" HPOS="3216" VPOS="1830" WIDTH="71"/>
						<String ID="P12_ST00346" HPOS="3287" VPOS="1772" WIDTH="119" HEIGHT="60" CONTENT="viel" WC="0.99" CC="0004"/>
						<SP ID="P12_SP00286" HPOS="3406" VPOS="1832" WIDTH="73"/>
						<String ID="P12_ST00347" HPOS="3479" VPOS="1774" WIDTH="194" HEIGHT="61" CONTENT="Staub" WC="0.98" CC="08502"/>
						<SP ID="P12_SP00287" HPOS="3673" VPOS="1835" WIDTH="73"/>
						<String ID="P12_ST00348" HPOS="3746" VPOS="1776" WIDTH="96" HEIGHT="57" CONTENT="auf" SUBS_TYPE="HypPart1" SUBS_CONTENT="aufwirbeln." WC="1.00" CC="000"/>
						<HYP HPOS="3842" VPOS="1776" WIDTH="31" CONTENT="-"/>
					</TextLine>
					<TextLine ID="P12_TL00062" HPOS="2246" VPOS="1862" WIDTH="281" HEIGHT="59">
						<String ID="P12_ST00349" HPOS="2246" VPOS="1862" WIDTH="281" HEIGHT="59" CONTENT="wirbeln." SUBS_TYPE="HypPart2" SUBS_CONTENT="aufwirbeln." WC="1.00" CC="00000440"/>
					</TextLine>
					<TextLine ID="P12_TL00063" HPOS="2177" VPOS="1977" WIDTH="1696" HEIGHT="70">
						<String ID="P12_ST00350" HPOS="2177" VPOS="1977" WIDTH="552" HEIGHT="63" CONTENT="Souffleuse:" WC="0.99" CC="02664000104"/>
						<SP ID="P12_SP00288" HPOS="2729" VPOS="2040" WIDTH="76"/>
						<String ID="P12_ST00351" HPOS="2805" VPOS="1984" WIDTH="235" HEIGHT="58" CONTENT="Ziehen" WC="0.99" CC="060002"/>
						<SP ID="P12_SP00289" HPOS="3040" VPOS="2042" WIDTH="75"/>
						<String ID="P12_ST00352" HPOS="3115" VPOS="1984" WIDTH="100" HEIGHT="61" CONTENT="Sie" WC="1.00" CC="000"/>
						<SP ID="P12_SP00290" HPOS="3215" VPOS="2045" WIDTH="72"/>
						<String ID="P12_ST00353" HPOS="3287" VPOS="1986" WIDTH="166" HEIGHT="61" CONTENT="doch" WC="0.98" CC="0033"/>
						<SP ID="P12_SP00291" HPOS="3453" VPOS="2047" WIDTH="71"/>
						<String ID="P12_ST00354" HPOS="3524" VPOS="1987" WIDTH="122" HEIGHT="60" CONTENT="den" WC="0.98" CC="004"/>
						<SP ID="P12_SP00292" HPOS="3646" VPOS="2047" WIDTH="71"/>
						<String ID="P12_ST00355" HPOS="3717" VPOS="1989" WIDTH="117" HEIGHT="58" CONTENT="Vor" SUBS_TYPE="HypPart1" SUBS_CONTENT="Vorhang" WC="0.99" CC="022"/>
						<HYP HPOS="3834" VPOS="1989" WIDTH="39" CONTENT="-"/>
					</TextLine>
					<TextLine ID="P12_TL00064" HPOS="2248" VPOS="2077" WIDTH="1625" HEIGHT="78">
						<String ID="P12_ST00356" HPOS="2248" VPOS="2077" WIDTH="169" HEIGHT="68" CONTENT="hang" SUBS_TYPE="HypPart2" SUBS_CONTENT="Vorhang" WC="0.99" CC="0120"/>
						<SP ID="P12_SP00293" HPOS="2417" VPOS="2145" WIDTH="46"/>
						<String ID="P12_ST00357" HPOS="2463" VPOS="2098" WIDTH="91" HEIGHT="40" CONTENT="zu." WC="1.00" CC="000"/>
						<SP ID="P12_SP00294" HPOS="2554" VPOS="2145" WIDTH="75"/>
						<String ID="P12_ST00358" HPOS="2629" VPOS="2081" WIDTH="76" HEIGHT="57" CONTENT="Es" WC="0.68" CC="60"/>
						<SP ID="P12_SP00295" HPOS="2705" VPOS="2145" WIDTH="49"/>
						<String ID="P12_ST00359" HPOS="2754" VPOS="2082" WIDTH="151" HEIGHT="66" CONTENT="geht" WC="0.99" CC="0030"/>
						<SP ID="P12_SP00296" HPOS="2905" VPOS="2148" WIDTH="45"/>
						<String ID="P12_ST00360" HPOS="2950" VPOS="2084" WIDTH="100" HEIGHT="58" CONTENT="die" WC="1.00" CC="000"/>
						<SP ID="P12_SP00297" HPOS="3050" VPOS="2148" WIDTH="46"/>
						<String ID="P12_ST00361" HPOS="3096" VPOS="2084" WIDTH="522" HEIGHT="63" CONTENT="Oeffentlichkeit" WC="0.77" CC="008702840000020"/>
						<SP ID="P12_SP00298" HPOS="3618" VPOS="2148" WIDTH="42"/>
						<String ID="P12_ST00362" HPOS="3660" VPOS="2089" WIDTH="61" HEIGHT="66" CONTENT="ja" WC="0.90" CC="01"/>
						<SP ID="P12_SP00299" HPOS="3721" VPOS="2155" WIDTH="37"/>
						<String ID="P12_ST00363" HPOS="3758" VPOS="2106" WIDTH="115" HEIGHT="49" CONTENT="gar" WC="0.97" CC="420"/>
					</TextLine>
					<TextLine ID="P12_TL00065" HPOS="2246" VPOS="2175" WIDTH="359" HEIGHT="61">
						<String ID="P12_ST00364" HPOS="2246" VPOS="2175" WIDTH="201" HEIGHT="61" CONTENT="nichts" WC="0.99" CC="204000"/>
						<SP ID="P12_SP00300" HPOS="2447" VPOS="2236" WIDTH="61"/>
						<String ID="P12_ST00365" HPOS="2508" VPOS="2197" WIDTH="97" HEIGHT="39" CONTENT="an." WC="0.96" CC="350"/>
					</TextLine>
					<TextLine ID="P12_TL00066" HPOS="2177" VPOS="2291" WIDTH="1693" HEIGHT="72">
						<String ID="P12_ST00366" HPOS="2177" VPOS="2291" WIDTH="353" HEIGHT="61" CONTENT="Diener:" WC="1.00" CC="5000001"/>
						<SP ID="P12_SP00301" HPOS="2530" VPOS="2352" WIDTH="58"/>
						<String ID="P12_ST00367" HPOS="2588" VPOS="2296" WIDTH="100" HEIGHT="57" CONTENT="Ich" WC="0.99" CC="300"/>
						<SP ID="P12_SP00302" HPOS="2688" VPOS="2353" WIDTH="56"/>
						<String ID="P12_ST00368" HPOS="2744" VPOS="2296" WIDTH="164" HEIGHT="62" CONTENT="halte" WC="0.98" CC="00460"/>
						<SP ID="P12_SP00303" HPOS="2908" VPOS="2358" WIDTH="56"/>
						<String ID="P12_ST00369" HPOS="2964" VPOS="2316" WIDTH="64" HEIGHT="41" CONTENT="es" WC="1.00" CC="00"/>
						<SP ID="P12_SP00304" HPOS="3028" VPOS="2358" WIDTH="56"/>
						<String ID="P12_ST00370" HPOS="3084" VPOS="2299" WIDTH="154" HEIGHT="59" CONTENT="auch" WC="0.97" CC="4650"/>
						<SP ID="P12_SP00305" HPOS="3238" VPOS="2358" WIDTH="51"/>
						<String ID="P12_ST00371" HPOS="3289" VPOS="2299" WIDTH="102" HEIGHT="59" CONTENT="für" WC="0.96" CC="505"/>
						<SP ID="P12_SP00306" HPOS="3391" VPOS="2358" WIDTH="50"/>
						<String ID="P12_ST00372" HPOS="3441" VPOS="2302" WIDTH="138" HEIGHT="58" CONTENT="eine" WC="1.00" CC="0000"/>
						<SP ID="P12_SP00307" HPOS="3579" VPOS="2360" WIDTH="47"/>
						<String ID="P12_ST00373" HPOS="3626" VPOS="2304" WIDTH="244" HEIGHT="59" CONTENT="interne" WC="0.99" CC="1280030"/>
					</TextLine>
					<TextLine ID="P12_TL00067" HPOS="2244" VPOS="2389" WIDTH="1624" HEIGHT="74">
						<String ID="P12_ST00374" HPOS="2244" VPOS="2389" WIDTH="527" HEIGHT="69" CONTENT="Angelegenheit." WC="1.00" CC="00003000000000"/>
						<SP ID="P12_SP00308" HPOS="2771" VPOS="2458" WIDTH="71"/>
						<String ID="P12_ST00375" HPOS="2842" VPOS="2394" WIDTH="351" HEIGHT="69" CONTENT="(Krempelt" WC="1.00" CC="201000018"/>
						<SP ID="P12_SP00309" HPOS="3193" VPOS="2463" WIDTH="60"/>
						<String ID="P12_ST00376" HPOS="3253" VPOS="2397" WIDTH="133" HEIGHT="60" CONTENT="sich" WC="0.99" CC="0402"/>
						<SP ID="P12_SP00310" HPOS="3386" VPOS="2463" WIDTH="67"/>
						<String ID="P12_ST00377" HPOS="3453" VPOS="2399" WIDTH="100" HEIGHT="59" CONTENT="die" WC="0.99" CC="010"/>
						<SP ID="P12_SP00311" HPOS="3553" VPOS="2463" WIDTH="68"/>
						<String ID="P12_ST00378" HPOS="3621" VPOS="2401" WIDTH="247" HEIGHT="59" CONTENT="Aermel" WC="0.95" CC="003000"/>
					</TextLine>
					<TextLine ID="P12_TL00068" HPOS="2246" VPOS="2487" WIDTH="1626" HEIGHT="78">
						<String ID="P12_ST00379" HPOS="2246" VPOS="2487" WIDTH="161" HEIGHT="59" CONTENT="hoch" WC="1.00" CC="0000"/>
						<SP ID="P12_SP00312" HPOS="2407" VPOS="2546" WIDTH="51"/>
						<String ID="P12_ST00380" HPOS="2458" VPOS="2490" WIDTH="128" HEIGHT="58" CONTENT="und" WC="0.98" CC="400"/>
						<SP ID="P12_SP00313" HPOS="2586" VPOS="2548" WIDTH="51"/>
						<String ID="P12_ST00381" HPOS="2637" VPOS="2490" WIDTH="151" HEIGHT="68" CONTENT="geht" WC="0.98" CC="0043"/>
						<SP ID="P12_SP00314" HPOS="2788" VPOS="2558" WIDTH="51"/>
						<String ID="P12_ST00382" HPOS="2839" VPOS="2492" WIDTH="137" HEIGHT="59" CONTENT="aufs" WC="0.97" CC="1470"/>
						<SP ID="P12_SP00315" HPOS="2976" VPOS="2558" WIDTH="51"/>
						<String ID="P12_ST00383" HPOS="3027" VPOS="2494" WIDTH="362" HEIGHT="61" CONTENT="Männchen" WC="1.00" CC="00040310"/>
						<SP ID="P12_SP00316" HPOS="3389" VPOS="2558" WIDTH="49"/>
						<String ID="P12_ST00384" HPOS="3438" VPOS="2497" WIDTH="134" HEIGHT="68" CONTENT="zu):" WC="0.99" CC="1101"/>
						<SP ID="P12_SP00317" HPOS="3572" VPOS="2565" WIDTH="49"/>
						<String ID="P12_ST00385" HPOS="3621" VPOS="2499" WIDTH="251" HEIGHT="61" CONTENT="Werter" WC="0.99" CC="000806"/>
					</TextLine>
					<TextLine ID="P12_TL00069" HPOS="2246" VPOS="2587" WIDTH="1619" HEIGHT="78">
						<String ID="P12_ST00386" HPOS="2246" VPOS="2587" WIDTH="181" HEIGHT="69" CONTENT="Herr," WC="0.99" CC="60000"/>
						<SP ID="P12_SP00318" HPOS="2427" VPOS="2656" WIDTH="63"/>
						<String ID="P12_ST00387" HPOS="2490" VPOS="2607" WIDTH="73" HEIGHT="39" CONTENT="so" WC="0.94" CC="01"/>
						<SP ID="P12_SP00319" HPOS="2563" VPOS="2656" WIDTH="59"/>
						<String ID="P12_ST00388" HPOS="2622" VPOS="2589" WIDTH="122" HEIGHT="59" CONTENT="leid" WC="1.00" CC="0000"/>
						<SP ID="P12_SP00320" HPOS="2744" VPOS="2656" WIDTH="62"/>
						<String ID="P12_ST00389" HPOS="2806" VPOS="2609" WIDTH="68" HEIGHT="41" CONTENT="es" WC="1.00" CC="00"/>
						<SP ID="P12_SP00321" HPOS="2874" VPOS="2656" WIDTH="65"/>
						<String ID="P12_ST00390" HPOS="2939" VPOS="2594" WIDTH="113" HEIGHT="56" CONTENT="mir" WC="1.00" CC="000"/>
						<SP ID="P12_SP00322" HPOS="3052" VPOS="2656" WIDTH="58"/>
						<String ID="P12_ST00391" HPOS="3110" VPOS="2599" WIDTH="93" HEIGHT="56" CONTENT="tut" WC="0.94" CC="258"/>
						<SP ID="P12_SP00323" HPOS="3203" VPOS="2656" WIDTH="52"/>
						<String ID="P12_ST00392" HPOS="3255" VPOS="2631" WIDTH="76" HEIGHT="5" CONTENT="—" WC="0.20" CC="8"/>
						<SP ID="P12_SP00324" HPOS="3331" VPOS="2656" WIDTH="53"/>
						<String ID="P12_ST00393" HPOS="3384" VPOS="2631" WIDTH="74" HEIGHT="7" CONTENT="—" WC="0.20" CC="8"/>
						<SP ID="P12_SP00325" HPOS="3458" VPOS="2656" WIDTH="61"/>
						<String ID="P12_ST00394" HPOS="3519" VPOS="2595" WIDTH="346" HEIGHT="70" CONTENT="(Während" WC="1.00" CC="00000050"/>
					</TextLine>
					<TextLine ID="P12_TL00070" HPOS="2243" VPOS="2683" WIDTH="1623" HEIGHT="80">
						<String ID="P12_ST00395" HPOS="2243" VPOS="2702" WIDTH="64" HEIGHT="41" CONTENT="er" WC="0.79" CC="04"/>
						<SP ID="P12_SP00326" HPOS="2307" VPOS="2743" WIDTH="46"/>
						<String ID="P12_ST00396" HPOS="2353" VPOS="2683" WIDTH="113" HEIGHT="61" CONTENT="das" WC="1.00" CC="000"/>
						<SP ID="P12_SP00327" HPOS="2466" VPOS="2744" WIDTH="47"/>
						<String ID="P12_ST00397" HPOS="2513" VPOS="2687" WIDTH="365" HEIGHT="59" CONTENT="Männchen" WC="1.00" CC="00230002"/>
						<SP ID="P12_SP00328" HPOS="2878" VPOS="2746" WIDTH="52"/>
						<String ID="P12_ST00398" HPOS="2930" VPOS="2689" WIDTH="200" HEIGHT="71" CONTENT="packt," WC="0.99" CC="080004"/>
						<SP ID="P12_SP00329" HPOS="3130" VPOS="2760" WIDTH="47"/>
						<String ID="P12_ST00399" HPOS="3177" VPOS="2690" WIDTH="136" HEIGHT="61" CONTENT="fällt" WC="0.98" CC="30037"/>
						<SP ID="P12_SP00330" HPOS="3313" VPOS="2760" WIDTH="42"/>
						<String ID="P12_ST00400" HPOS="3355" VPOS="2692" WIDTH="115" HEIGHT="59" CONTENT="der" WC="1.00" CC="000"/>
						<SP ID="P12_SP00331" HPOS="3470" VPOS="2760" WIDTH="46"/>
						<String ID="P12_ST00401" HPOS="3516" VPOS="2694" WIDTH="350" HEIGHT="69" CONTENT="Vorhang.)" WC="1.00" CC="020064000"/>
					</TextLine>
					<TextLine ID="P12_TL00071" HPOS="3008" VPOS="2822" WIDTH="30" HEIGHT="34">
						<String ID="P12_ST00402" HPOS="3008" VPOS="2822" WIDTH="30" HEIGHT="34" CONTENT="*" WC="1.00" CC="0"/>
					</TextLine>
					<TextLine ID="P12_TL00072" HPOS="2314" VPOS="2917" WIDTH="1551" HEIGHT="71">
						<String ID="P12_ST00403" HPOS="2314" VPOS="2917" WIDTH="127" HEIGHT="59" CONTENT="Der" WC="0.99" CC="001"/>
						<SP ID="P12_SP00332" HPOS="2441" VPOS="2976" WIDTH="76"/>
						<String ID="P12_ST00404" HPOS="2517" VPOS="2921" WIDTH="306" HEIGHT="67" CONTENT="Vorhang" WC="1.00" CC="0160000"/>
						<SP ID="P12_SP00333" HPOS="2823" VPOS="2988" WIDTH="78"/>
						<String ID="P12_ST00405" HPOS="2901" VPOS="2922" WIDTH="198" HEIGHT="61" CONTENT="öffnet" WC="0.99" CC="036400"/>
						<SP ID="P12_SP00334" HPOS="3099" VPOS="2988" WIDTH="77"/>
						<String ID="P12_ST00406" HPOS="3176" VPOS="2924" WIDTH="130" HEIGHT="59" CONTENT="sich" WC="0.99" CC="0004"/>
						<SP ID="P12_SP00335" HPOS="3306" VPOS="2988" WIDTH="76"/>
						<String ID="P12_ST00407" HPOS="3382" VPOS="2927" WIDTH="256" HEIGHT="58" CONTENT="wieder." WC="1.00" CC="0000000"/>
						<SP ID="P12_SP00336" HPOS="3638" VPOS="2988" WIDTH="98"/>
						<String ID="P12_ST00408" HPOS="3736" VPOS="2927" WIDTH="129" HEIGHT="60" CONTENT="Das" WC="0.97" CC="070"/>
					</TextLine>
					<TextLine ID="P12_TL00073" HPOS="2239" VPOS="3015" WIDTH="1627" HEIGHT="68">
						<String ID="P12_ST00409" HPOS="2239" VPOS="3015" WIDTH="364" HEIGHT="61" CONTENT="Männchen" WC="0.99" CC="04340020"/>
						<SP ID="P12_SP00337" HPOS="2603" VPOS="3076" WIDTH="43"/>
						<String ID="P12_ST00410" HPOS="2646" VPOS="3019" WIDTH="76" HEIGHT="61" CONTENT="ist" WC="1.00" CC="000"/>
						<SP ID="P12_SP00338" HPOS="2722" VPOS="3080" WIDTH="40"/>
						<String ID="P12_ST00411" HPOS="2762" VPOS="3020" WIDTH="524" HEIGHT="61" CONTENT="verschwunden." WC="1.00" CC="0010000000003"/>
						<SP ID="P12_SP00339" HPOS="3286" VPOS="3081" WIDTH="67"/>
						<String ID="P12_ST00412" HPOS="3353" VPOS="3022" WIDTH="116" HEIGHT="59" CONTENT="Die" WC="0.97" CC="700"/>
						<SP ID="P12_SP00340" HPOS="3469" VPOS="3081" WIDTH="42"/>
						<String ID="P12_ST00413" HPOS="3511" VPOS="3024" WIDTH="130" HEIGHT="59" CONTENT="drei" WC="1.00" CC="0000"/>
						<SP ID="P12_SP00341" HPOS="3641" VPOS="3083" WIDTH="43"/>
						<String ID="P12_ST00414" HPOS="3684" VPOS="3024" WIDTH="146" HEIGHT="59" CONTENT="Dich" SUBS_TYPE="HypPart1" SUBS_CONTENT="Dichter" WC="0.99" CC="5300"/>
						<HYP HPOS="3830" VPOS="3024" WIDTH="36" CONTENT="-"/>
					</TextLine>
					<TextLine ID="P12_TL00074" HPOS="2239" VPOS="3115" WIDTH="1624" HEIGHT="76">
						<String ID="P12_ST00415" HPOS="2239" VPOS="3119" WIDTH="92" HEIGHT="56" CONTENT="ter" SUBS_TYPE="HypPart2" SUBS_CONTENT="Dichter" WC="0.95" CC="706"/>
						<SP ID="P12_SP00342" HPOS="2331" VPOS="3175" WIDTH="67"/>
						<String ID="P12_ST00416" HPOS="2398" VPOS="3115" WIDTH="300" HEIGHT="61" CONTENT="schlafen." WC="0.99" CC="000054040"/>
						<SP ID="P12_SP00343" HPOS="2698" VPOS="3176" WIDTH="97"/>
						<String ID="P12_ST00417" HPOS="2795" VPOS="3119" WIDTH="299" HEIGHT="59" CONTENT="Draußen" WC="0.99" CC="0060004"/>
						<SP ID="P12_SP00344" HPOS="3094" VPOS="3178" WIDTH="77"/>
						<String ID="P12_ST00418" HPOS="3171" VPOS="3122" WIDTH="177" HEIGHT="58" CONTENT="Lärm" WC="0.99" CC="0040"/>
						<SP ID="P12_SP00345" HPOS="3348" VPOS="3180" WIDTH="71"/>
						<String ID="P12_ST00419" HPOS="3419" VPOS="3122" WIDTH="110" HEIGHT="59" CONTENT="der" WC="0.98" CC="005"/>
						<SP ID="P12_SP00346" HPOS="3529" VPOS="3181" WIDTH="72"/>
						<String ID="P12_ST00420" HPOS="3601" VPOS="3124" WIDTH="262" HEIGHT="67" CONTENT="übrigen" WC="0.99" CC="0550000"/>
					</TextLine>
					<TextLine ID="P12_TL00075" HPOS="2241" VPOS="3212" WIDTH="272" HEIGHT="61">
						<String ID="P12_ST00421" HPOS="2241" VPOS="3212" WIDTH="272" HEIGHT="61" CONTENT="Dichter." WC="1.00" CC="00004000"/>
					</TextLine>
					<TextLine ID="P12_TL00076" HPOS="2170" VPOS="3327" WIDTH="1693" HEIGHT="76">
						<String ID="P12_ST00422" HPOS="2170" VPOS="3327" WIDTH="325" HEIGHT="61" CONTENT="Diener" WC="1.00" CC="000000"/>
						<SP ID="P12_SP00347" HPOS="2495" VPOS="3388" WIDTH="39"/>
						<String ID="P12_ST00423" HPOS="2534" VPOS="3329" WIDTH="125" HEIGHT="69" CONTENT="(am" WC="0.99" CC="300"/>
						<SP ID="P12_SP00348" HPOS="2659" VPOS="3398" WIDTH="46"/>
						<String ID="P12_ST00424" HPOS="2705" VPOS="3334" WIDTH="313" HEIGHT="67" CONTENT="Fenster):" WC="1.00" CC="402000005"/>
						<SP ID="P12_SP00349" HPOS="3018" VPOS="3401" WIDTH="49"/>
						<String ID="P12_ST00425" HPOS="3067" VPOS="3334" WIDTH="195" HEIGHT="59" CONTENT="Einen" WC="0.98" CC="50122"/>
						<SP ID="P12_SP00350" HPOS="3262" VPOS="3401" WIDTH="44"/>
						<String ID="P12_ST00426" HPOS="3306" VPOS="3335" WIDTH="395" HEIGHT="68" CONTENT="Augenblick" WC="1.00" CC="0400000002"/>
						<SP ID="P12_SP00351" HPOS="3701" VPOS="3403" WIDTH="40"/>
						<String ID="P12_ST00427" HPOS="3741" VPOS="3337" WIDTH="82" HEIGHT="59" CONTENT="Ge" SUBS_TYPE="HypPart1" SUBS_CONTENT="Geduld." WC="0.98" CC="31"/>
						<HYP HPOS="3823" VPOS="3337" WIDTH="40" CONTENT="-"/>
					</TextLine>
					<TextLine ID="P12_TL00077" HPOS="2237" VPOS="3427" WIDTH="1623" HEIGHT="69">
						<String ID="P12_ST00428" HPOS="2237" VPOS="3427" WIDTH="170" HEIGHT="59" CONTENT="duld." SUBS_TYPE="HypPart2" SUBS_CONTENT="Geduld." WC="0.99" CC="03600"/>
						<SP ID="P12_SP00352" HPOS="2407" VPOS="3486" WIDTH="42"/>
						<String ID="P12_ST00429" HPOS="2449" VPOS="3429" WIDTH="98" HEIGHT="59" CONTENT="Sie" WC="1.00" CC="000"/>
						<SP ID="P12_SP00353" HPOS="2547" VPOS="3488" WIDTH="41"/>
						<String ID="P12_ST00430" HPOS="2588" VPOS="3430" WIDTH="249" HEIGHT="58" CONTENT="wählen" WC="1.00" CC="002000"/>
						<SP ID="P12_SP00354" HPOS="2837" VPOS="3488" WIDTH="44"/>
						<String ID="P12_ST00431" HPOS="2881" VPOS="3432" WIDTH="240" HEIGHT="59" CONTENT="soeben" WC="0.99" CC="030030"/>
						<SP ID="P12_SP00355" HPOS="3121" VPOS="3491" WIDTH="44"/>
						<String ID="P12_ST00432" HPOS="3165" VPOS="3435" WIDTH="183" HEIGHT="56" CONTENT="einen" WC="1.00" CC="00101"/>
						<SP ID="P12_SP00356" HPOS="3348" VPOS="3491" WIDTH="31"/>
						<String ID="P12_ST00433" HPOS="3379" VPOS="3435" WIDTH="481" HEIGHT="61" CONTENT="Vorsitzenden." WC="0.99" CC="0250505060042"/>
					</TextLine>
					<TextLine ID="P12_TL00078" HPOS="2239" VPOS="3523" WIDTH="1622" HEIGHT="77">
						<String ID="P12_ST00434" HPOS="2239" VPOS="3523" WIDTH="290" HEIGHT="70" CONTENT="(Gesang" WC="1.00" CC="0200040"/>
						<SP ID="P12_SP00357" HPOS="2529" VPOS="3593" WIDTH="54"/>
						<String ID="P12_ST00435" HPOS="2583" VPOS="3527" WIDTH="112" HEIGHT="57" CONTENT="der" WC="1.00" CC="000"/>
						<SP ID="P12_SP00358" HPOS="2695" VPOS="3593" WIDTH="57"/>
						<String ID="P12_ST00436" HPOS="2752" VPOS="3528" WIDTH="273" HEIGHT="70" CONTENT="Dichter," WC="0.99" CC="08007050"/>
						<SP ID="P12_SP00359" HPOS="3025" VPOS="3598" WIDTH="61"/>
						<String ID="P12_ST00437" HPOS="3086" VPOS="3549" WIDTH="125" HEIGHT="39" CONTENT="von" WC="1.00" CC="010"/>
						<SP ID="P12_SP00360" HPOS="3211" VPOS="3598" WIDTH="59"/>
						<String ID="P12_ST00438" HPOS="3270" VPOS="3530" WIDTH="227" HEIGHT="70" CONTENT="außen," WC="0.99" CC="600022"/>
						<SP ID="P12_SP00361" HPOS="3497" VPOS="3600" WIDTH="60"/>
						<String ID="P12_ST00439" HPOS="3557" VPOS="3533" WIDTH="271" HEIGHT="60" CONTENT="vierstim" SUBS_TYPE="HypPart1" SUBS_CONTENT="vierstimmig):" WC="1.00" CC="00020020"/>
						<HYP HPOS="3828" VPOS="3533" WIDTH="33" CONTENT="-"/>
					</TextLine>
					<TextLine ID="P12_TL00079" HPOS="2236" VPOS="3623" WIDTH="1622" HEIGHT="71">
						<String ID="P12_ST00440" HPOS="2236" VPOS="3623" WIDTH="184" HEIGHT="68" CONTENT="mig):" SUBS_TYPE="HypPart2" SUBS_CONTENT="vierstimmig):" WC="1.00" CC="00021"/>
						<SP ID="P12_SP00362" HPOS="2420" VPOS="3691" WIDTH="65"/>
						<String ID="P12_ST00441" HPOS="2485" VPOS="3625" WIDTH="166" HEIGHT="69" CONTENT="~Sah" WC="0.95" CC="2000"/>
						<SP ID="P12_SP00363" HPOS="2651" VPOS="3694" WIDTH="59"/>
						<String ID="P12_ST00442" HPOS="2710" VPOS="3627" WIDTH="102" HEIGHT="57" CONTENT="ein" WC="1.00" CC="000"/>
						<SP ID="P12_SP00364" HPOS="2812" VPOS="3694" WIDTH="67"/>
						<String ID="P12_ST00443" HPOS="2879" VPOS="3627" WIDTH="180" HEIGHT="61" CONTENT="Knab" WC="0.78" CC="0430"/>
						<SP ID="P12_SP00365" HPOS="3059" VPOS="3694" WIDTH="64"/>
						<String ID="P12_ST00444" HPOS="3123" VPOS="3630" WIDTH="98" HEIGHT="56" CONTENT="ein" WC="0.99" CC="003"/>
						<SP ID="P12_SP00366" HPOS="3221" VPOS="3694" WIDTH="66"/>
						<String ID="P12_ST00445" HPOS="3287" VPOS="3628" WIDTH="256" HEIGHT="63" CONTENT="Röslein" WC="0.97" CC="0000001"/>
						<SP ID="P12_SP00367" HPOS="3543" VPOS="3694" WIDTH="63"/>
						<String ID="P12_ST00446" HPOS="3606" VPOS="3630" WIDTH="252" HEIGHT="61" CONTENT='stehn."' WC="0.79" CC="0004306"/>
					</TextLine>
					<TextLine ID="P12_TL00080" HPOS="2166" VPOS="3737" WIDTH="1697" HEIGHT="78">
						<String ID="P12_ST00447" HPOS="2166" VPOS="3737" WIDTH="325" HEIGHT="61" CONTENT="Diener" WC="0.99" CC="424100"/>
						<SP ID="P12_SP00368" HPOS="2491" VPOS="3798" WIDTH="70"/>
						<String ID="P12_ST00448" HPOS="2561" VPOS="3740" WIDTH="96" HEIGHT="70" CONTENT="(zu" WC="0.99" CC="300"/>
						<SP ID="P12_SP00369" HPOS="2657" VPOS="3810" WIDTH="72"/>
						<String ID="P12_ST00449" HPOS="2729" VPOS="3742" WIDTH="189" HEIGHT="59" CONTENT="ihnen" WC="0.99" CC="00800"/>
						<SP ID="P12_SP00370" HPOS="2918" VPOS="3810" WIDTH="73"/>
						<String ID="P12_ST00450" HPOS="2991" VPOS="3743" WIDTH="281" HEIGHT="70" CONTENT="hinaus):" WC="0.99" CC="06334004"/>
						<SP ID="P12_SP00371" HPOS="3272" VPOS="3813" WIDTH="76"/>
						<String ID="P12_ST00451" HPOS="3348" VPOS="3747" WIDTH="78" HEIGHT="56" CONTENT="Es" WC="0.79" CC="40"/>
						<SP ID="P12_SP00372" HPOS="3426" VPOS="3813" WIDTH="68"/>
						<String ID="P12_ST00452" HPOS="3494" VPOS="3745" WIDTH="151" HEIGHT="68" CONTENT="geht" WC="0.97" CC="9400"/>
						<SP ID="P12_SP00373" HPOS="3645" VPOS="3813" WIDTH="66"/>
						<String ID="P12_ST00453" HPOS="3711" VPOS="3749" WIDTH="152" HEIGHT="66" CONTENT="jetzt" WC="0.99" CC="01030"/>
					</TextLine>
					<TextLine ID="P12_TL00081" HPOS="2232" VPOS="3838" WIDTH="576" HEIGHT="68">
						<String ID="P12_ST00454" HPOS="2232" VPOS="3838" WIDTH="119" HEIGHT="58" CONTENT="wie" WC="1.00" CC="000"/>
						<SP ID="P12_SP00374" HPOS="2351" VPOS="3896" WIDTH="56"/>
						<String ID="P12_ST00455" HPOS="2407" VPOS="3838" WIDTH="401" HEIGHT="68" CONTENT="geschmiert." WC="1.00" CC="00000000000"/>
					</TextLine>
					<TextLine ID="P12_TL00082" HPOS="2165" VPOS="3953" WIDTH="1246" HEIGHT="73">
						<String ID="P12_ST00456" HPOS="2165" VPOS="3953" WIDTH="421" HEIGHT="61" CONTENT="Kritiker:" WC="1.00" CC="040020000"/>
						<SP ID="P12_SP00375" HPOS="2586" VPOS="4014" WIDTH="60"/>
						<String ID="P12_ST00457" HPOS="2646" VPOS="3959" WIDTH="84" HEIGHT="57" CONTENT="Ist" WC="0.94" CC="709"/>
						<SP ID="P12_SP00376" HPOS="2730" VPOS="4016" WIDTH="53"/>
						<String ID="P12_ST00458" HPOS="2783" VPOS="3975" WIDTH="66" HEIGHT="41" CONTENT="es" WC="1.00" CC="00"/>
						<SP ID="P12_SP00377" HPOS="2849" VPOS="4016" WIDTH="57"/>
						<String ID="P12_ST00459" HPOS="2906" VPOS="3959" WIDTH="139" HEIGHT="57" CONTENT="eine" WC="0.99" CC="0005"/>
						<SP ID="P12_SP00378" HPOS="3045" VPOS="4016" WIDTH="61"/>
						<String ID="P12_ST00460" HPOS="3106" VPOS="3960" WIDTH="305" HEIGHT="66" CONTENT="Einlage?" WC="0.99" CC="50504000"/>
					</TextLine>
					<TextLine ID="P12_TL00083" HPOS="2165" VPOS="4070" WIDTH="1693" HEIGHT="68">
						<String ID="P12_ST00461" HPOS="2165" VPOS="4070" WIDTH="352" HEIGHT="60" CONTENT="Diener:" WC="1.00" CC="0003000"/>
						<SP ID="P12_SP00379" HPOS="2517" VPOS="4130" WIDTH="52"/>
						<String ID="P12_ST00462" HPOS="2569" VPOS="4072" WIDTH="100" HEIGHT="59" CONTENT="Sie" WC="1.00" CC="000"/>
						<SP ID="P12_SP00380" HPOS="2669" VPOS="4131" WIDTH="54"/>
						<String ID="P12_ST00463" HPOS="2723" VPOS="4074" WIDTH="263" HEIGHT="59" CONTENT="machen" WC="1.00" CC="020000"/>
						<SP ID="P12_SP00381" HPOS="2986" VPOS="4133" WIDTH="54"/>
						<String ID="P12_ST00464" HPOS="3040" VPOS="4094" WIDTH="66" HEIGHT="39" CONTENT="es" WC="1.00" CC="00"/>
						<SP ID="P12_SP00382" HPOS="3106" VPOS="4133" WIDTH="53"/>
						<String ID="P12_ST00465" HPOS="3159" VPOS="4094" WIDTH="110" HEIGHT="41" CONTENT="aus" WC="0.97" CC="070"/>
						<SP ID="P12_SP00383" HPOS="3269" VPOS="4135" WIDTH="52"/>
						<String ID="P12_ST00466" HPOS="3321" VPOS="4077" WIDTH="171" HEIGHT="58" CONTENT="einer" WC="0.99" CC="03013"/>
						<SP ID="P12_SP00384" HPOS="3492" VPOS="4135" WIDTH="49"/>
						<String ID="P12_ST00467" HPOS="3541" VPOS="4077" WIDTH="110" HEIGHT="61" CONTENT="Art" WC="1.00" CC="000"/>
						<SP ID="P12_SP00385" HPOS="3651" VPOS="4138" WIDTH="44"/>
						<String ID="P12_ST00468" HPOS="3695" VPOS="4079" WIDTH="131" HEIGHT="59" CONTENT="Zeit" SUBS_TYPE="HypPart1" SUBS_CONTENT="Zeitvertreib." WC="0.99" CC="0008"/>
						<HYP HPOS="3826" VPOS="4079" WIDTH="32" CONTENT="-"/>
					</TextLine>
					<TextLine ID="P12_TL00084" HPOS="2232" VPOS="4170" WIDTH="1624" HEIGHT="75">
						<String ID="P12_ST00469" HPOS="2232" VPOS="4170" WIDTH="287" HEIGHT="61" CONTENT="vertreib." SUBS_TYPE="HypPart2" SUBS_CONTENT="Zeitvertreib." WC="1.00" CC="000040000"/>
						<SP ID="P12_SP00386" HPOS="2519" VPOS="4231" WIDTH="74"/>
						<String ID="P12_ST00470" HPOS="2593" VPOS="4172" WIDTH="242" HEIGHT="59" CONTENT="Wenns" WC="1.00" CC="00020"/>
						<SP ID="P12_SP00387" HPOS="2835" VPOS="4231" WIDTH="53"/>
						<String ID="P12_ST00471" HPOS="2888" VPOS="4174" WIDTH="133" HEIGHT="57" CONTENT="hier" WC="1.00" CC="0000"/>
						<SP ID="P12_SP00388" HPOS="3021" VPOS="4231" WIDTH="50"/>
						<String ID="P12_ST00472" HPOS="3071" VPOS="4175" WIDTH="394" HEIGHT="70" CONTENT="weitergeht," WC="1.00" CC="00080100002"/>
						<SP ID="P12_SP00389" HPOS="3465" VPOS="4245" WIDTH="54"/>
						<String ID="P12_ST00473" HPOS="3519" VPOS="4175" WIDTH="198" HEIGHT="60" CONTENT="hören" WC="0.99" CC="00004"/>
						<SP ID="P12_SP00390" HPOS="3717" VPOS="4245" WIDTH="50"/>
						<String ID="P12_ST00474" HPOS="3767" VPOS="4177" WIDTH="89" HEIGHT="58" CONTENT="sie" WC="1.00" CC="000"/>
					</TextLine>
					<TextLine ID="P12_TL00085" HPOS="2232" VPOS="4268" WIDTH="1548" HEIGHT="75">
						<String ID="P12_ST00475" HPOS="2232" VPOS="4287" WIDTH="126" HEIGHT="39" CONTENT="von" WC="1.00" CC="010"/>
						<SP ID="P12_SP00391" HPOS="2358" VPOS="4326" WIDTH="54"/>
						<String ID="P12_ST00476" HPOS="2412" VPOS="4268" WIDTH="196" HEIGHT="63" CONTENT="selbst" WC="1.00" CC="002000"/>
						<SP ID="P12_SP00392" HPOS="2608" VPOS="4331" WIDTH="53"/>
						<String ID="P12_ST00477" HPOS="2661" VPOS="4270" WIDTH="120" HEIGHT="59" CONTENT="auf." WC="0.98" CC="0150"/>
						<SP ID="P12_SP00393" HPOS="2781" VPOS="4331" WIDTH="59"/>
						<String ID="P12_ST00478" HPOS="2840" VPOS="4270" WIDTH="154" HEIGHT="70" CONTENT="(Der" WC="0.98" CC="1090"/>
						<SP ID="P12_SP00394" HPOS="2994" VPOS="4340" WIDTH="51"/>
						<String ID="P12_ST00479" HPOS="3045" VPOS="4270" WIDTH="268" HEIGHT="70" CONTENT="Gesang" WC="0.99" CC="500400"/>
						<SP ID="P12_SP00395" HPOS="3313" VPOS="4340" WIDTH="47"/>
						<String ID="P12_ST00480" HPOS="3360" VPOS="4273" WIDTH="420" HEIGHT="70" CONTENT="verstummt.)" WC="0.99" CC="00007700712"/>
					</TextLine>
					<TextLine ID="P12_TL00086" HPOS="2229" VPOS="4365" WIDTH="1512" HEIGHT="71">
						<String ID="P12_ST00481" HPOS="2229" VPOS="4365" WIDTH="168" HEIGHT="59" CONTENT="Aha!" WC="1.00" CC="0000"/>
						<SP ID="P12_SP00396" HPOS="2397" VPOS="4424" WIDTH="56"/>
						<String ID="P12_ST00482" HPOS="2453" VPOS="4367" WIDTH="106" HEIGHT="67" CONTENT="(Er" WC="0.97" CC="440"/>
						<SP ID="P12_SP00397" HPOS="2559" VPOS="4434" WIDTH="49"/>
						<String ID="P12_ST00483" HPOS="2608" VPOS="4368" WIDTH="254" HEIGHT="61" CONTENT="wendet" WC="1.00" CC="000000"/>
						<SP ID="P12_SP00398" HPOS="2862" VPOS="4434" WIDTH="51"/>
						<String ID="P12_ST00484" HPOS="2913" VPOS="4368" WIDTH="131" HEIGHT="60" CONTENT="sich" WC="0.99" CC="0400"/>
						<SP ID="P12_SP00399" HPOS="3044" VPOS="4434" WIDTH="52"/>
						<String ID="P12_ST00485" HPOS="3096" VPOS="4370" WIDTH="124" HEIGHT="58" CONTENT="den" WC="0.97" CC="007"/>
						<SP ID="P12_SP00400" HPOS="3220" VPOS="4434" WIDTH="54"/>
						<String ID="P12_ST00486" HPOS="3274" VPOS="4370" WIDTH="296" HEIGHT="61" CONTENT="Dichtern" WC="1.00" CC="00000005"/>
						<SP ID="P12_SP00401" HPOS="3570" VPOS="4434" WIDTH="49"/>
						<String ID="P12_ST00487" HPOS="3619" VPOS="4372" WIDTH="122" HEIGHT="64" CONTENT="zu.)" WC="0.97" CC="6130"/>
					</TextLine>
					<TextLine ID="P12_TL00087" HPOS="2160" VPOS="4482" WIDTH="1242" HEIGHT="74">
						<String ID="P12_ST00488" HPOS="2160" VPOS="4485" WIDTH="45" HEIGHT="56" CONTENT="1." WC="0.64" CC="70"/>
						<SP ID="P12_SP00402" HPOS="2205" VPOS="4541" WIDTH="61"/>
						<String ID="P12_ST00489" HPOS="2266" VPOS="4482" WIDTH="366" HEIGHT="62" CONTENT="Dichter" WC="1.00" CC="0000000"/>
						<SP ID="P12_SP00403" HPOS="2632" VPOS="4544" WIDTH="56"/>
						<String ID="P12_ST00490" HPOS="2688" VPOS="4483" WIDTH="259" HEIGHT="70" CONTENT="(spricht" WC="1.00" CC="10000006"/>
						<SP ID="P12_SP00404" HPOS="2947" VPOS="4553" WIDTH="56"/>
						<String ID="P12_ST00491" HPOS="3003" VPOS="4487" WIDTH="79" HEIGHT="56" CONTENT="im" WC="1.00" CC="00"/>
						<SP ID="P12_SP00405" HPOS="3082" VPOS="4553" WIDTH="58"/>
						<String ID="P12_ST00492" HPOS="3140" VPOS="4487" WIDTH="262" HEIGHT="69" CONTENT="Schlaf):" WC="1.00" CC="00001510"/>
					</TextLine>
					<TextLine ID="P12_TL00088" HPOS="2442" VPOS="4599" WIDTH="1010" HEIGHT="66">
						<String ID="P12_ST00493" HPOS="2442" VPOS="4599" WIDTH="226" HEIGHT="62" CONTENT="Echter" WC="0.99" CC="500304"/>
						<SP ID="P12_SP00406" HPOS="2668" VPOS="4661" WIDTH="64"/>
						<String ID="P12_ST00494" HPOS="2732" VPOS="4600" WIDTH="720" HEIGHT="65" CONTENT="Dramen-Rezensierer" WC="1.00" CC="000005040901020000"/>
					</TextLine>
					<TextLine ID="P12_TL00089" HPOS="2441" VPOS="4697" WIDTH="895" HEIGHT="73">
						<String ID="P12_ST00495" HPOS="2441" VPOS="4697" WIDTH="271" HEIGHT="68" CONTENT="Jährlich" WC="0.99" CC="00006023"/>
						<SP ID="P12_SP00407" HPOS="2712" VPOS="4765" WIDTH="50"/>
						<String ID="P12_ST00496" HPOS="2762" VPOS="4700" WIDTH="192" HEIGHT="66" CONTENT="preist" WC="1.00" CC="000000"/>
						<SP ID="P12_SP00408" HPOS="2954" VPOS="4766" WIDTH="49"/>
						<String ID="P12_ST00497" HPOS="3003" VPOS="4719" WIDTH="66" HEIGHT="39" CONTENT="er" WC="0.98" CC="00"/>
						<SP ID="P12_SP00409" HPOS="3069" VPOS="4766" WIDTH="51"/>
						<String ID="P12_ST00498" HPOS="3120" VPOS="4700" WIDTH="216" HEIGHT="70" CONTENT="Kleist," WC="0.99" CC="0006002"/>
					</TextLine>
					<TextLine ID="P12_TL00090" HPOS="2437" VPOS="4795" WIDTH="1032" HEIGHT="71">
						<String ID="P12_ST00499" HPOS="2437" VPOS="4795" WIDTH="143" HEIGHT="59" CONTENT="Wie" WC="0.97" CC="008"/>
						<SP ID="P12_SP00410" HPOS="2580" VPOS="4854" WIDTH="57"/>
						<String ID="P12_ST00500" HPOS="2637" VPOS="4797" WIDTH="98" HEIGHT="57" CONTENT="ein" WC="0.98" CC="005"/>
						<SP ID="P12_SP00411" HPOS="2735" VPOS="4854" WIDTH="60"/>
						<String ID="P12_ST00501" HPOS="2795" VPOS="4797" WIDTH="243" HEIGHT="61" CONTENT="rechter" WC="1.00" CC="0000001"/>
						<SP ID="P12_SP00412" HPOS="3038" VPOS="4858" WIDTH="56"/>
						<String ID="P12_ST00502" HPOS="3094" VPOS="4798" WIDTH="375" HEIGHT="68" CONTENT="Tapezierer" WC="0.99" CC="0506305003"/>
					</TextLine>
					<TextLine ID="P12_TL00091" HPOS="2437" VPOS="4893" WIDTH="827" HEIGHT="71">
						<String ID="P12_ST00503" HPOS="2437" VPOS="4893" WIDTH="229" HEIGHT="60" CONTENT="Seinen" WC="0.99" CC="070101"/>
						<SP ID="P12_SP00413" HPOS="2666" VPOS="4953" WIDTH="63"/>
						<String ID="P12_ST00504" HPOS="2729" VPOS="4897" WIDTH="267" HEIGHT="61" CONTENT="Kleister" WC="1.00" CC="01010500"/>
						<SP ID="P12_SP00414" HPOS="2996" VPOS="4958" WIDTH="58"/>
						<String ID="P12_ST00505" HPOS="3054" VPOS="4897" WIDTH="210" HEIGHT="67" CONTENT="preist." WC="0.99" CC="0200063"/>
					</TextLine>
				</TextBlock>
			</PrintSpace>
		</Page>
	</Layout>
</alto>
