4216 5458
506 5141 92 55 74

514 508 157 57 Hier
722 506 214 61 werde
995 508 96 59 ich
1144 508 102 59 die
1301 508 332 62 Wahrheit
1684 508 154 61 über
1892 511 122 58 den
2075 509 103 60 Bol-

512 604 420 61 schewismus
1007 604 310 71 erfahren,
1395 606 157 59 auch
1623 626 190 39 wenn
1884 609 93 58 sie
2052 609 159 58 mich

514 704 183 58 einen
754 704 151 58 Arm
961 704 227 61 kosten
1244 704 205 61 sollte.
1527 704 210 61 Soviel
1791 706 106 59 bin
1952 706 100 59 ich
2106 706 71 59 be-

512 804 112 59 reit
678 802 578 61 daranzuwenden.
1334 804 179 59 Nach
1564 806 298 67 wenigen
1918 806 293 61 Minuten

506 892 264 64 komme
819 892 106 63 ich
978 892 125 63 mir
1151 912 123 44 vor
1323 894 122 62 wie
1484 894 104 62 die
1616 899 300 78 gesamte
1941 894 235 66 Marok-

511 990 398 59 kanerschau
1019 994 79 55 im
1176 992 473 69 Zoologischen
1721 994 261 60 Garten.
2080 994 131 59 Das

511 1107 201 49 ganze
788 1088 161 60 Dorf
1020 1088 185 63 nebst
1279 1090 248 69 Kühen,
1637 1090 376 59 Schweinen
2082 1092 129 57 und

507 1178 459 66 harmloseren
1005 1178 274 66 Gänsen
1330 1181 119 63 hat
1498 1181 140 65 sich
1687 1202 109 44 um
1847 1183 174 63 mich
2070 1202 114 44 ver-

512 1276 312 63 sammelt.
888 1278 154 66 Jede
1090 1278 222 61 Flucht
1349 1281 81 56 ist
1471 1278 557 69 ausgeschlossen.
2068 1280 143 57 Von

512 1375 459 62 Tätlichkeiten
1030 1378 82 57 ist
1168 1376 315 70 vorläufig
1542 1376 200 65 nichts
1799 1397 76 38 zu
1933 1378 278 69 merken,

512 1474 312 61 trotzdem
897 1476 249 59 endlich
1217 1478 394 66 wenigstens
1686 1478 208 66 einige
1967 1476 212 68 gefähr-

514 1573 156 59 liche
782 1574 423 61 Instrumente
1313 1574 381 60 bemerkbar
1803 1576 161 58 sind.
2058 1574 156 60 Sehr

512 1671 290 59 schlimm
871 1671 242 63 scheint
1181 1693 65 39 es
1317 1673 171 62 nicht
1552 1691 75 41 zu
1687 1674 282 60 werden.
2060 1674 151 58 Man

511 1769 159 59 wird
719 1769 132 59 sich
903 1771 111 61 mit
1059 1771 112 59 der
1222 1772 300 60 Kravatte
1567 1772 127 58 und
1745 1772 125 58 den
1919 1771 293 59 Schuhen

514 1867 322 60 zufrieden
902 1867 230 71 geben,
1202 1869 103 59 die
1369 1869 357 59 besonders
1796 1869 416 69 eindringlich

512 1966 356 62 betrachtet
917 1969 281 59 werden.
1278 1971 111 55 Ein
1447 1969 203 59 Bauer
1701 1969 198 63 reicht
1947 1971 115 55 mir
2111 1971 101 57 die

514 2065 396 72 Judashand,
983 2065 235 70 spricht
1295 2067 161 59 mich
1527 2067 265 61 deutsch
1867 2087 97 39 an.
2060 2067 116 59 Ehe-

514 2164 264 67 maliger
824 2164 645 69 Kriegsgefangener.
1540 2165 78 58 Er
1660 2165 251 63 möchte
1955 2167 256 66 wissen,

512 2264 121 57 wie
685 2280 69 41 es
810 2264 146 57 dem
1015 2264 202 67 Lager
1271 2284 124 39 von
1450 2265 232 58 Hanau
1737 2265 172 68 geht.
1991 2265 225 59 Dieser

516 2360 423 61 menschliche
978 2362 139 67 Zug
1154 2362 114 59 des
1306 2362 500 62 Bo'.schewisten
1845 2363 176 60 rührt
2053 2362 159 59 mich

512 2458 165 61 sehr.
773 2458 102 61 Ich
948 2460 350 59 schwärme
1369 2460 318 68 geradezu
1762 2480 124 41 von
1962 2462 249 71 Hanau,

512 2577 105 40 um
675 2558 105 59 ihn
837 2560 116 57 mir
1005 2560 263 68 günstig
1322 2578 74 39 zu
1447 2562 317 59 stimmen.
1842 2560 144 59 Sein
2043 2560 169 59 Blick

512 2658 166 66 zeigt
734 2658 132 70 mir,
925 2656 126 60 daß
1108 2677 66 39 er
1227 2658 147 61 dort
1420 2660 105 57 ein
1581 2658 223 70 Glück,
1864 2660 100 57 ein
2021 2658 155 61 weib-

509 2746 208 64 liches
770 2744 220 66 Glück
1041 2748 337 81 gefunden
1428 2750 134 62 hat.

516 2861 291 60 Darüber
909 2861 303 60 scheinen
1317 2863 155 59 auch
1538 2865 102 57 die
1713 2863 499 63 Bolschewisten

514 2961 164 59 noch
722 2959 166 63 nicht
927 2961 129 63 fort
1093 2982 73 38 zu
1208 2965 154 57 sein.
1425 2963 127 59 Der
1596 2963 205 59 Bauer
1838 2963 173 59 ladet
2053 2965 159 57 mich

514 3059 119 70 ein,
704 3059 113 60 das
890 3059 159 60 Dorf
1113 3080 75 39 zu
1256 3061 420 70 besichtigen.
1767 3063 78 56 Er
1908 3063 84 61 ist
2058 3063 117 57 Vor-

512 3159 317 60 sitzender
880 3159 113 60 des
1046 3159 274 68 Sowjets
1373 3161 130 58 und
1557 3159 452 61 Bolschewist.
2082 3161 130 58 Das

512 3274 202 50 ganze
773 3256 176 71 Dorf,
1005 3256 357 61 Menschen
1417 3258 132 59 und
1605 3259 199 66 Tiere,
1857 3258 162 67 folgt
2072 3276 139 41 uns.

516 3356 123 56 Um
697 3354 107 59 auf
858 3356 274 59 Zeichen
1186 3356 115 59 des
1364 3356 269 59 Führers
1689 3357 115 58 mir
1859 3357 81 56 im
1996 3357 182 68 geeig-

514 3459 188 56 neten
754 3454 298 61 Moment
1102 3454 123 59 den
1281 3454 357 61 Dolchstoß
1693 3474 127 41 von
1869 3454 218 63 hinten
2138 3473 76 42 zu

512 3552 229 70 geben.
824 3554 103 59 Ich
985 3554 244 61 betrete
1284 3554 104 59 die
1450 3554 239 61 Räume
1745 3554 112 59 des
1914 3554 297 71 Sowjets,

514 3652 98 58 ein
682 3650 262 71 kleines,
1051 3652 354 69 ärmliches,
1474 3652 156 59 aber
1696 3652 151 59 sehr
1909 3654 303 59 sauberes

516 3749 433 61 Bauernhaus.
1022 3750 125 58 Der
1195 3750 420 61 Vorsitzende
1659 3750 206 61 öffnet
1908 3750 113 60 das
2048 3755 164 55 erste

512 3850 297 71 Zimmer,
854 3848 132 61 hier
1025 3850 215 59 werde
1278 3850 100 59 ich
1418 3850 171 59 wohl
1627 3852 392 68 eingesperrt
2057 3871 118 38 wer-

512 3948 143 70 den,
727 3948 99 60 ich
898 3947 153 61 höre
1120 3948 202 60 schon
1393 3948 115 60 das
1576 3948 298 60 Schreien
1947 3950 267 59 anderer

512 4045 510 69 Unglücklicher.
1097 4047 96 59 Da
1244 4045 210 69 liegen
1503 4053 166 56 etwa
1718 4047 252 67 dreißig
2016 4047 157 69 Säug-

511 4145 167 68 linge
724 4145 132 59 und
903 4165 163 49 ganz
1110 4147 207 57 kleine
1369 4147 254 69 Kinder,
1669 4148 178 66 jedes
1892 4148 61 56 in
2002 4148 207 58 einem

509 4245 361 67 primitiven
929 4243 306 63 Bettchen
1295 4245 105 59 auf
1450 4245 493 59 schneeweißen
2001 4245 210 59 Laken

512 4345 109 59 mit
671 4341 493 61 schneeweißen
1220 4343 276 59 Decken.
1571 4343 311 59 Offenbar
1931 4345 102 57 die
2082 4345 98 57 Lei-

511 4439 382 63 chentücher
944 4441 100 58 für
1098 4441 102 59 die
1254 4460 76 42 zu
1388 4441 308 61 tötenden
1752 4441 424 63 nichtbolsche-

507 4539 368 63 wistischen
937 4541 256 61 Kinder.
1279 4543 153 57 Eine
1496 4541 286 69 Bäuerin,
1847 4544 59 56 in
1962 4541 208 59 Schwe-

509 4639 383 61 sterntracht
951 4639 367 71 verkleidet,
1383 4639 177 68 gießt
1623 4658 112 41 aus
1799 4641 209 58 einem
2068 4658 108 49 gro-

512 4736 121 61 ßen
707 4737 207 60 Eimer
976 4739 146 58 eine
1188 4737 210 61 weiße
1471 4737 399 72 Flüssigkeit,
1938 4743 234 55 vermut-

509 4834 120 59 lich
685 4834 152 71 Gift,
898 4837 61 56 in
1022 4834 322 61 Flaschen.
1427 4836 130 59 Der
1610 4836 420 61 Vorsitzende
2087 4836 93 57 for-

509 4934 137 63 dert
717 4934 164 61 mich
988 4936 122 69 auf,
1183 4936 101 57 die
1362 4936 385 69 Flüssigkeit
1811 4953 76 42 zu
1958 4936 248 59 kosten.

2343 513 333 71 Heroisch,
2734 514 315 70 Sokrates,
3112 516 174 58 Ende
3344 516 111 61 mit
3506 514 369 70 Schrecken,
3928 519 103 55 tue

2343 611 95 61 ich
2490 631 85 41 es.
2651 614 130 58 Das
2834 614 173 68 Zeug
3062 613 321 62 schmeckt
3428 616 119 57 wie
3599 621 151 61 gute
3801 614 230 61 Sahne.

2346 711 310 67 „Hierher
2720 712 270 68 bringen
3057 712 100 58 die
3228 712 397 60 Bäuerinnen
3694 712 129 60 ihre
3891 714 107 59 Kin-

2345 809 123 69 der,
2539 809 307 59 während
2913 812 94 58 sie
3076 811 108 57 auf
3252 812 144 58 dem
3471 811 188 59 Felde
3730 811 299 62 arbeiten.

2345 907 113 59 Die
2509 909 237 59 Kinder
2788 909 259 59 werden
3091 909 454 68 beaufsichtigt
3589 911 127 57 und
3760 909 269 61 ernährt.

2346 1005 102 60 Als
2492 1007 115 58 wir
2649 1007 114 58 das
2807 1007 513 68 Säuglingsheim
3367 1007 375 70 eröffneten,
3784 1010 247 58 trauten

2339 1104 134 59 sich
2534 1122 115 41 nur
2709 1107 155 58 zwei
2929 1105 420 70 Bäuerinnen,
3408 1105 134 60 ihre
3604 1105 234 61 Kinder
3899 1105 102 60 her-

2341 1202 308 68 zugeben.
2732 1204 209 60 Heute
2996 1202 160 62 fehlt
3210 1222 118 41 uns
3391 1202 200 64 Raum
3645 1204 98 57 für
3799 1204 235 67 vierzig

2736 1302 101 59 Ich
2903 1302 107 59 bin
3076 1308 196 56 etwas
3338 1302 348 69 beschämt,
3752 1305 242 56 nament-

2341 1398 137 70 lich,
2529 1398 80 60 da
2658 1398 93 60 ich
2795 1400 183 59 keine
3027 1400 313 68 Wirkung
3383 1400 113 59 des
3543 1400 205 61 Giftes
3801 1400 230 61 merke.

2341 1496 169 60 Aber
2571 1500 149 64 jetzt
2780 1498 247 59 kommt
3084 1517 89 40 es.
3262 1498 129 59 Das
3450 1502 222 59 zweite
3736 1500 293 57 Zimmer.

2341 1595 97 57 An
2487 1596 122 58 den
2659 1596 293 60 Wänden
3000 1596 274 60 Waffen.
3350 1596 217 63 Kleine
3611 1596 420 63 Giftflaschen

2341 1695 110 61 mit
2495 1695 508 59 ausdrücklicher
3052 1695 398 67 Benennung
3493 1695 113 59 des
3653 1695 207 61 Giftes
3904 1696 127 58 und

2341 1791 114 59 das
2505 1791 241 59 Modell
2800 1794 173 56 eines
3029 1793 414 68 Flugzeuges.
3518 1793 97 57 An
3662 1794 112 58 der
3821 1793 210 57 Wand

2343 1893 96 56 ein
2507 1891 227 61 buntes
2807 1891 247 61 Plakat:
3127 1893 164 57 Herr
3357 1891 451 59 Chamberlain
3874 1891 160 59 reißt

2341 1989 122 58 den
2522 1989 207 59 Mund
2788 1989 122 70 auf,
2973 1993 139 55 eine
3171 1989 586 63 bolschewistische
3813 1991 220 59 Meute

2341 2087 76 60 ist
2488 2087 83 58 im
2648 2087 254 70 Begriff,
3012 2087 105 60 auf
3183 2087 111 60 ihn
3366 2087 519 68 erbarmungslos
3957 2106 74 41 zu

2341 2184 320 61 schießen.
2737 2186 176 69 ~Das
2969 2187 78 60 ist
3096 2187 117 58 das
3269 2187 278 58 Zimmer
3596 2186 110 59 der
3760 2187 235 58 Landes-

2343 2284 462 68 verteidigung.
2869 2286 134 55 Wir
3046 2286 284 59 bereiten
3374 2302 117 41 uns
3537 2284 106 59 auf
3682 2284 122 57 den
3853 2284 145 68 Flug-

2341 2380 444 70 abwehrkrieg
2844 2401 129 40 vor.
3056 2384 132 56 Wir
3245 2382 441 68 beschäftigen
3748 2401 117 40 uns
3924 2384 110 57 mit

2343 2479 286 71 Chemie,
2681 2480 102 58 die
2836 2480 115 60 wir
2998 2479 159 61 auch
3210 2499 106 39 zur
3366 2480 282 68 Hebung
3701 2480 110 60 der
3860 2480 140 60 land-

2339 2577 554 62 wirtschaftlichen
2934 2578 394 60 Produktion
3880 2578 153 58 Eine

2338 2677 166 59 feine
2573 2677 286 59 Ausrede
2924 2677 100 59 für
3086 2677 103 59 die
3262 2677 358 69 Erziehung
3682 2697 126 39 von
3874 2677 128 61 Gift-

2343 2775 315 59 mördern.
2739 2775 134 57 Wir
2930 2775 302 59 kommen
3293 2777 59 55 in
3411 2773 115 61 das
3582 2773 227 70 größte
3870 2775 123 57 Zim-

2341 2890 149 53 mer,
2539 2873 122 58 den
2709 2873 431 68 Sitzungssaal
3184 2875 114 57 des
3345 2873 293 68 Sowjets.
3706 2873 127 59 Der
3879 2873 116 56 Vor-

2341 2971 280 61 sitzende
2671 2971 188 63 bittet
2910 2971 181 70 mich,
3144 2973 174 58 einer
3367 2971 259 68 Sitzung
3672 2970 321 61 beizuwoh-

2341 3088 142 51 nen,
2541 3070 96 59 ich
2692 3070 116 59 soll
2868 3071 240 68 Fragen
3166 3070 222 61 stellen
3440 3070 129 59 und
3628 3071 242 66 Fragen
3928 3070 70 59 be-

2339 3173 378 56 antworten.

2341 3266 193 68 „Sind
2595 3266 115 59 alle
2770 3266 604 69 Sowjetmitglieder

2339 3363 261 71 „Außer
2671 3366 114 57 mir
2858 3366 127 57 und
3057 3364 146 59 dem
3281 3364 543 63 Protokollführer
3891 3364 138 59 sind

2341 3462 115 60 alle
2510 3462 319 68 parteilos.
2907 3464 142 58 Von
3103 3462 114 60 der
3274 3462 501 70 Dorfgemeinde
3830 3464 57 56 in
3941 3461 62 59 öf-

2338 3561 328 62 fentlicher
2726 3561 184 59 Wahl
3403 3562 262 70 „Wieso
3725 3561 144 59 sind
3928 3579 70 49 ge-

2339 3659 149 59 rade
2531 3661 100 57 die
2673 3661 232 57 beiden
2949 3661 501 60 Bolschewisten
3489 3661 87 55 im

2341 3757 141 68 „Sie
2546 3757 142 59 sind
2751 3776 147 40 vom
2963 3755 240 70 Sowjet
3266 3759 59 56 in
3386 3755 401 61 öffentlicher
3845 3754 186 61 Wahl

2339 3855 297 70 gewählt,
2702 3855 139 60 weil
2907 3857 89 58 sie
3061 3855 115 60 das
3240 3855 229 68 größte
3533 3857 351 58 Vertrauen
3946 3855 83 56 im

2343 3953 161 60 Dorf
2925 3953 349 70 „Wieviele
3338 3953 366 68 Mitglieder
3769 3952 106 61 hat
3933 3952 98 57 die

2338 4052 586 62 bolschewistische
2966 4052 205 61 Partei
3203 4053 66 56 in
3303 4053 112 58 der
3450 4070 246 49 ganzen

2341 4153 147 66 „600
2514 4155 108 51 000
2659 4150 100 59 bei
2802 4152 174 57 einer
3018 4150 525 59 Einwohnerzahl
3586 4167 125 42 von
3752 4153 103 51 130
3894 4148 105 58 Mil-

2339 4250 231 57 lionen.
2700 4248 134 59 Alle
2908 4248 266 68 übrigen
3247 4248 142 59 sind
3464 4250 316 66 parteilos.
3872 4250 161 64 Jetzt

2336 4346 295 63 wünscht
2697 4365 144 41 man
2908 4346 193 60 Ihnen
3167 4348 209 66 einige
3447 4348 240 66 Fragen
3750 4365 74 39 zu
3887 4345 116 61 stel-

2582 4446 110 58 Ein
2742 4445 563 67 Sowjetmitglied:
3355 4446 129 70 „Ist
3533 4463 65 41 es
3647 4446 57 56 in
3753 4443 116 59 der
3919 4443 75 63 Re-

2339 4543 214 69 publik
2604 4543 433 61 Deutschland
3090 4543 291 69 möglich,
3428 4543 127 57 daß
3609 4543 387 66 Ratsmitglie-

2338 4643 111 57 der
2505 4643 171 57 einer
2732 4641 359 59 Gemeinde
3147 4643 303 67 arbeiten,
3511 4660 71 40 so
3637 4643 120 57 wie
3814 4639 99 60 ich
3968 4641 60 59 in

2338 4741 164 57 ihrer
2556 4739 488 70 gewöhnlichen
3105 4739 316 68 Kleidung
3476 4739 128 59 und
3662 4737 225 60 barfuß
3945 4758 56 39 er-

2758 4841 110 56 Ein
2912 4841 269 57 anderes
3225 4837 561 70 Sowjetmitglied:
3814 4839 172 68 „Müs-

2338 4956 110 41 sen
2499 4939 57 56 in
2609 4937 167 58 Ihrer
2825 4936 309 69 Republik
3181 4936 159 59 auch
3383 4937 99 58 die
3533 4934 496 63 Vorstandsmit-
