2934 4572
259 770 163 68 Also
475 773 212 67 weder
724 776 601 90 Weltanschauung,
1376 782 167 66 noch
1589 786 530 84 geschichtliches
2166 791 78 67 Be-

171 857 326 79 wußtsein,
524 862 167 66 noch
709 862 220 80 Rasse,
957 866 166 66 noch
1142 867 610 85 Wirtschaftsleben,
1787 876 167 67 noch
1973 876 306 86 Sprache,

169 944 168 66 noch
371 944 224 69 Kultur
640 950 284 67 schaffen
973 952 103 67 die
1115 956 341 66 innerliche
1489 957 329 88 Eigenheit
1850 963 128 67 und
2012 965 266 80 Einheit,

169 1031 104 66 die
328 1059 145 40 man
530 1036 419 70 Nationalität
1001 1066 248 42 nennen
1307 1044 228 68 dürfte.
1632 1049 150 66 Und
1839 1077 144 40 man
2039 1054 241 68 könnte

168 1118 135 68 hier
348 1121 103 69 die
487 1124 489 91 Untersuchung
1024 1129 366 69 abbrechen
1439 1135 129 66 und
1616 1135 104 67 die
1754 1137 416 73 Nationalität
2215 1148 61 62 in

168 1206 113 67 der
328 1207 121 69 Tat
505 1211 96 66 für
654 1212 155 69 bloß
865 1216 318 69 äußerlich
1237 1220 132 66 und
1416 1221 129 68 leer
1589 1221 234 82 halten,
1872 1253 183 41 wenn
2102 1230 173 68 nicht

163 1296 239 84 gerade
451 1299 113 67 der
607 1303 227 66 zuletzt
863 1318 318 71 genannte
1222 1308 130 67 Fall
1386 1309 116 66 des
1535 1313 450 68 australischen
2020 1317 213 68 Fremd-

162 1384 247 82 gefühls
472 1390 62 64 in
590 1388 288 86 England
933 1407 195 54 etwas
1175 1394 309 70 Positives
1540 1399 316 69 erblicken
1912 1403 183 81 ließe,
2156 1405 115 68 das

164 1465 125 71 den
338 1473 164 86 Weg
553 1501 75 40 zu
690 1483 171 62 einer
922 1508 224 51 neuen,
1212 1487 110 62 mit
1372 1489 189 80 jenen
1617 1488 254 86 Dingen
1927 1492 173 67 nicht
2161 1493 74 67 ab-

158 1569 273 71 getanen
486 1560 395 91 Auffassung
933 1569 301 68 eröffnet:
1300 1572 270 68 nämlich
1627 1576 116 67 das
1806 1577 196 67 durch
2059 1579 210 70 dieses

159 1644 443 88 Fremdgefühl
633 1677 207 59 gegen
859 1653 361 89 Engländer
1242 1659 92 65 als
1361 1665 172 63 seine
1559 1662 175 67 Folie
1757 1681 512 71 vorausgesetzte

157 1733 800 93 Verwandtschaftsgefühl
1004 1745 115 67 der
1162 1745 351 71 Australier
1559 1762 180 56 unter
1785 1753 155 68 sich.

244 1821 228 68 Dieses
502 1825 800 92 Verwandtschaftsgefühl
1334 1847 182 55 unter
1546 1836 427 71 Landsleuten
2013 1846 82 64 ist
2125 1849 140 63 eine

155 1907 361 71 besondere
562 1913 120 66 Art
731 1916 113 66 der
889 1919 393 86 Sympathie.
1363 1924 193 68 Nicht
1603 1927 103 66 die
1745 1927 374 87 Sympathie
2158 1934 107 66 auf

157 1993 227 70 Grund
431 2004 173 62 eines
634 2001 315 83 Affektes,
997 2013 117 60 wie
1150 2009 101 67 die
1284 2009 214 81 Liebe,
1549 2039 99 41 wo
1682 2042 143 39 man
1860 2018 250 67 ähnlich
2143 2025 117 62 wie

152 2087 101 63 ein
277 2085 295 70 Anderes
597 2089 159 68 fühlt
780 2093 128 66 und
935 2095 182 79 sieht,
1145 2098 137 66 weil
1308 2124 144 41 man
1470 2101 138 66 will.
1674 2104 195 66 Nicht
1888 2105 372 87 Sympathie

152 2171 104 66 auf
301 2173 226 68 Grund
574 2203 125 39 von
748 2178 336 71 bewußten
1115 2183 540 91 Anschauungen,
1691 2189 232 81 Zielen,
1961 2194 259 69 Gefühls-

148 2263 246 76 weisen,
430 2263 324 68 Manieren
803 2268 159 67 oder
1008 2272 200 66 selbst
1241 2273 573 91 Charakterzügen,
1863 2284 117 64 wie
2020 2286 92 63 sie
2147 2284 111 66 der

146 2347 460 71 Freundschaft
667 2378 75 41 zu
790 2355 266 69 Grunde
1110 2359 169 85 liegt.
1381 2362 296 70 Sondern
1734 2378 192 57 etwas
1980 2376 277 81 weniger

144 2434 535 88 Aufdringliches,
729 2453 192 57 etwas
968 2446 540 88 Verborgeneres,
1557 2453 155 66 aber
1750 2454 300 82 Tieferes,
2088 2458 123 68 Sub-

143 2523 227 79 tileres,
427 2526 366 82 Diffuseres,
845 2543 190 56 etwas
1089 2561 126 41 von
1270 2537 336 70 derselben
1654 2542 140 76 Art,
1851 2571 183 40 wenn
2088 2547 162 66 auch

143 2611 435 68 schwächerer
604 2616 335 89 Ordnung,
973 2625 116 62 wie
1124 2622 103 66 die
1254 2622 623 76 Geschwisterliebe:
1905 2636 101 62 ein
2032 2637 220 65 immer

141 2698 233 66 wieder
419 2705 417 66 miteinander
888 2707 252 68 ähnlich
1195 2711 367 86 Reagieren,
1629 2717 137 66 weil
1822 2719 105 67 die
1973 2721 236 69 Voraus-

140 2797 340 75 setzungen
527 2787 116 68 des
693 2791 307 70 Gefühles
1049 2797 129 66 und
1211 2799 382 87 Reagierens
1640 2805 253 67 ähnlich
1940 2809 162 79 sind,
2147 2814 99 63 ein

139 2871 94 67 oft
275 2899 161 60 ganz
482 2891 442 56 unerwartetes
957 2881 600 75 Zusammentreffen
1606 2894 83 63 im
1731 2891 256 82 Gefühl,
2037 2900 61 62 in
2133 2898 114 67 der

135 2960 453 89 Anschauung,
647 2970 61 61 in
762 2968 125 67 den
936 2970 447 92 Handlungen,
1439 2979 137 65 weil
1625 2979 190 69 beide
1863 2982 228 68 Seelen
2142 2987 102 67 die

136 3045 358 70 Erlebnisse
543 3055 59 62 in
653 3053 103 67 die
803 3056 288 84 gleichen
1126 3060 269 70 Formen
1427 3065 210 79 füllen,
1688 3073 140 61 eine
1869 3069 373 87 Sympathie

134 3134 106 65 auf
287 3135 225 68 Grund
567 3139 114 66 der
728 3142 288 81 Formen,
1075 3147 104 66 die
1226 3149 104 67 die
1376 3150 532 91 Empfindungen,
1956 3158 281 79 Affekte,

134 3222 632 72 Willensreaktionen
844 3233 382 81 annehmen;
1311 3265 130 39 was
1518 3241 298 86 übrigens
1893 3246 162 67 auch
2135 3248 104 69 die

132 3307 360 72 besondere
553 3313 122 67 Art
733 3343 125 41 von
926 3319 376 87 Antipathie
1362 3328 308 68 zwischen
1743 3331 491 84 Geschwistern,

127 3397 309 67 zwischen
468 3401 423 71 Landsleuten
939 3408 325 69 erklärlich
1314 3413 229 80 macht,
1584 3443 180 40 wenn
1806 3420 181 68 diese
2017 3436 183 55 unent-

127 3484 313 80 rinnbare,
497 3493 220 64 immer
761 3493 235 68 wieder
1048 3524 122 39 neu
1223 3500 136 66 sich
1411 3502 369 85 gebärende
1827 3496 409 82 Ähnlichkeit

127 3573 389 83 ringsherum
572 3581 140 63 eine
764 3606 199 59 ganze
1010 3584 203 86 Sippe
1259 3614 126 41 von
1435 3596 171 71 „moi
1639 3592 418 84 haissables“,
2106 3625 125 41 von

126 3660 380 81 sichtbaren,
571 3666 223 79 stillen,
860 3676 621 81 uneingestandenen
1545 3680 369 70 Vorwürfen
1978 3686 249 70 schafft.

214 3746 192 69 Diese
454 3751 373 87 Sympathie
1006 3760 159 67 oder
1197 3764 160 66 auch
1390 3766 374 87 Antipathie
1916 3777 311 66 zwischen

124 3834 422 71 Landsleuten
593 3841 228 70 beruht
868 3846 134 68 also
1052 3849 107 66 auf
1204 3850 115 68 der
1348 3841 406 84 Ähnlichkeit
1787 3859 113 67 der
1933 3863 291 80 Formen,

671 597 193 74 Harry
906 598 150 74 Graf
1086 601 207 71 Keßler
1348 634 13 14 •
1417 606 371 60 Nationalität

2178 616 106 54 535
