3247 4572
875 829 143 67 Mut
1042 819 435 91 aufgebracht,
1507 816 242 68 diesem
1768 801 438 76 Deutschland
2225 797 293 70 Goethes
2543 792 131 69 und
2703 788 296 70 Schillers

875 920 126 66 den
1033 914 262 69 Rücken
1328 937 75 39 zu
1434 906 258 75 kehren,
1735 927 106 42 um
1874 903 62 62 in
1970 896 177 66 Paris
2177 890 322 67 verlassen
2547 920 82 11 —■
2679 906 84 41 im
2797 882 203 63 Elend

874 1036 76 41 zu
999 1003 278 69 sterben.
1370 995 173 69 Acht
1588 993 179 84 Tage
1813 1013 114 41 vor
1974 986 240 65 seinem
2262 975 186 69 Tode
2493 971 394 68 verkündete
2935 990 66 41 er

877 1103 62 61 in
986 1098 241 64 seinem
1274 1089 231 66 letzten
1551 1079 210 71 Briefe
1818 1077 105 66 die
1977 1065 482 74 unzerstörbare
2509 1064 335 77 Hoffnung
2900 1064 105 56 aut

879 1187 127 66 den
1052 1174 343 75 Ausbruch
1460 1172 113 67 der
1625 1166 382 69 Revolution
2071 1164 62 61 in
2187 1153 459 70 Deutschland.
2741 1153 83 58 Es
2877 1168 130 41 war

879 1303 75 40 zu
1002 1277 176 62 einer
1208 1267 156 78 Zeit,
1415 1263 94 68 als
1557 1259 127 67 den
1719 1248 540 75 Schwerkranken
2300 1242 119 67 alle
2452 1240 229 66 letzten
2713 1237 294 64 Freunde

879 1359 320 72 verließen
1387 1347 350 84 „Franken,
1785 1337 324 72 Deutsche
2156 1332 130 68 und
2335 1329 264 68 Polen“.

1924 1548 67 66 11.

976 1686 290 69 Försters
1299 1674 358 73 Vorfahren
1705 1666 145 71 sind
1898 1664 310 71 Schotten
2254 1679 295 66 gewesen
2597 1648 129 69 und
2775 1643 241 76 flohen,

887 1778 94 68 als
1007 1773 185 71 Karls
1220 1770 41 69 1.
1289 1770 340 84 Regiment
1652 1747 594 82 zusammenbrach;
2282 1750 101 63 ein
2409 1742 259 66 Förster
2691 1740 325 63 strandete

890 1892 81 41 an
1020 1864 116 66 der
1167 1846 744 99 polnisch-preußischen
1944 1841 201 69 Küste
2193 1834 130 68 und
2363 1841 226 59 rettete
2630 1849 150 43 zwei
2813 1826 164 64 Gold-

890 1953 241 76 stücke,
1195 1948 310 69 heiratete
1568 1935 277 71 hernach
1909 1935 142 64 eine
2112 1920 322 92 englische
2495 1920 353 79 Fluchtige,
2914 1920 107 56 die

893 2042 160 71 auch
1116 2037 351 84 Royalistin
1530 2052 295 64 gewesen
1886 2047 155 51 war,
2112 2014 132 71 und
2307 2009 513 71 akklimatisierte
2889 2009 129 56 sich

895 2131 259 71 schnell.
1207 2126 194 68 Seine
1434 2118 485 71 Nachkommen
1952 2111 350 66 heirateten
2338 2098 305 68 deutsche
2681 2098 340 66 Mädchen,

893 2222 231 69 kamen
1157 2243 73 40 zu
1263 2210 310 71 Ansehen
1606 2205 132 68 und
1769 2199 259 72 wurden
2063 2194 498 87 Bürgermeister
2592 2210 63 40 in
2686 2184 335 64 Dirschau.

898 2311 226 76 Georg
1169 2306 292 66 Försters
1505 2299 198 66 Vater
1748 2288 216 71 wurde
2015 2283 244 71 Pfarrer
2305 2306 63 38 m
2419 2278 470 64 Nassenhuben

898 2398 195 71 wider
1126 2393 229 68 Willen
1538 2385 96 68 litt
1680 2393 183 58 unter
1906 2370 371 73 väterlicher
2315 2365 234 76 Knute,
2597 2385 107 43 um
2752 2362 274 61 hernach

900 2484 196 71 durch
1172 2481 262 66 Launen
1512 2471 132 69 und
1721 2466 320 71 Starrsinn
2119 2459 104 68 die
2310 2456 223 84 eigene
2612 2448 259 66 Famihe
2955 2466 74 41 zu

898 2573 477 86 tyrannisieren,
1418 2560 292 71 obschon
1751 2583 69 41 er
1850 2553 132 68 sich
2023 2550 96 66 für
2150 2573 91 40 sie
2282 2570 76 41 zu
2391 2537 269 71 Grunde
2701 2535 328 66 arbeitete.

900 2664 150 69 Von
1106 2664 175 64 einer
1334 2654 229 74 stillen,
1619 2647 122 68 viel
1789 2639 371 74 duldenden
2208 2634 160 68 Frau
2414 2629 218 68 wurde
2681 2629 127 61 ihm
2861 2629 170 56 1/M

908 2753 223 81 Georg
1177 2748 259 69 Förster
1479 2738 310 91 geboren.
1870 2733 145 66 Den
2056 2725 383 87 Elfjährigen
2488 2715 190 69 nahm
2729 2710 114 69 der
2881 2710 153 66 Alte

905 2847 61 61 in
1017 2840 102 66 die
1154 2832 348 71 deutschen
1530 2822 531 89 Wolgakolonien
2104 2819 132 74 mit,
2284 2834 105 44 um
2437 2807 99 66 für
2577 2801 104 69 die
2721 2799 313 68 russische

905 2931 366 74 Regierung
1332 2918 292 71 Berichte
1693 2939 76 40 zu
1837 2906 287 71 machen.
2234 2901 137 66 Der
2434 2893 348 81 Hofklique
2856 2898 183 53 unter

910 3020 224 68 Orlow
1177 3010 236 71 mißfiel
1461 3007 133 69 ihre
1627 3000 566 71 Wahrheitstreue,
2241 2987 257 68 Förster
2528 3007 122 59 zog
2683 2977 356 68 unbelohnt

910 3106 104 71 ab.
1088 3106 122 66 Die
1240 3094 364 73 Pfarrstelle
1637 3116 127 41 war
1797 3088 249 67 besetzt
2084 3121 68 11 -
2201 3104 68 40 er
2300 3101 155 59 ging
2485 3081 117 58 mit
2632 3071 115 63 der
2777 3071 264 61 Familie

913 3195 160 71 nach
1139 3188 295 88 England
1497 3182 132 69 und
1690 3175 338 71 unterhielt
2089 3167 129 71 sich
2284 3165 254 83 dürftig,
2604 3157 100 66 bis
2767 3157 104 64 ihn
2937 3157 104 58 die

913 3289 195 66 Reise
1172 3284 112 66 mit
1345 3274 195 74 Cook
1601 3297 104 40 um
1779 3266 102 69 die
1926 3261 173 69 Welt
2160 3256 257 69 erlöste.
2518 3248 224 82 Georg
2787 3241 257 68 Förster

913 3374 345 85 begleitete
1306 3366 127 67 ihn.

1006 3476 151 68 Man
1207 3468 283 85 gewahrt
1537 3462 117 68 das
1702 3457 145 70 Bild
1895 3459 174 62 eines
2109 3441 535 93 vagantenhaften
2677 3440 253 62 Lebens
2978 3455 60 38 in

918 3561 376 74 materieller
1327 3548 444 76 Unsicherheit
1822 3586 71 10 -
1949 3538 325 84 abhängig
2305 3558 124 41 von
2472 3528 125 68 den
2630 3525 259 66 Launen
2932 3523 112 61 der

920 3655 336 79 Despoten
1304 3645 132 68 und
1484 3632 506 76 Hofkamarillen
2155 3650 147 43 man
2348 3622 236 66 kannte
2640 3614 145 66 kein
2825 3614 187 61 Vater-

920 3744 171 79 land,
1157 3741 183 66 keine
1398 3734 279 73 Heimat,
1741 3729 185 66 keine
1985 3713 439 74 Nationalität.
2523 3703 341 81 Aufsässig
2922 3721 129 43 war

923 3835 119 66 das
1103 3853 201 66 ganze
1362 3825 239 66 Wesen
1667 3817 117 66 des
1848 3805 480 76 Geschlechtes.
2437 3795 188 71 Galle
2691 3790 200 83 drang
2955 3810 94 40 ms

926 3922 162 68 Blut.
1182 3917 122 68 Die
1334 3909 173 68 Welt
1551 3932 130 42 war
1729 3904 279 66 Heimat.

1442 625 147 57 Kurt
1623 621 232 58 Kersten
1914 649 12 12 •
1990 614 182 69 Georg
2209 610 219 56 Förster

869 638 112 58 548
