2763 4064
2093 188 60 29 153

288 308 110 30 Deut.
421 308 92 30 XXII
537 315 33 28 5,
593 307 86 31 that
702 314 85 23 men
812 308 103 29 must
938 308 68 29 not
1028 308 69 35 put
1119 315 47 23 on
1190 314 167 23 womens
1380 306 184 37 apparrell
1587 305 59 31 for
1668 305 81 31 fear
1771 305 38 31 of
1831 306 232 30 enormities.
2080 306 76 35 Nay

191 371 23 17 *•
228 371 12 29 I
264 370 133 37 myself
420 371 94 29 have
538 378 112 22 seene
673 369 38 30 in
728 378 22 21 a
765 378 85 28 may
866 378 108 27 game
989 377 22 22 a
1026 370 150 35 troupe,
1199 370 65 29 the
1288 371 152 34 greater
1462 371 87 34 part
1569 368 167 31 whereof
1750 369 92 29 hath
1860 371 92 27 been
1971 376 97 29 men,
2082 369 72 29 and

191 433 23 17 <f
229 435 66 35 yet
316 433 92 37 they
431 433 94 30 have
550 433 97 29 been
671 432 141 30 attired
837 439 40 22 so
901 431 77 30 like
1002 432 94 29 unto
1112 439 160 29 women,
1287 432 86 29 that
1387 432 111 36 theyr
1512 430 101 31 faces
1629 432 111 35 being
1756 431 111 29 hidde
1882 431 56 37 (as
1953 431 91 36 they
2059 437 100 23 were

232 494 152 38 indeed)
407 502 21 21 a
451 502 85 27 map
562 493 131 31 coulde
718 495 68 28 not
809 494 172 30 discerne
1004 494 103 29 them
1129 492 97 31 from
1249 501 160 22 women.
1444 492 73 31 The
1550 494 137 29 second
1722 494 129 35 abuse,
1884 492 120 30 which
2040 491 37 31 of
2110 491 49 30 all

230 557 130 29 others
383 557 33 29 is
438 556 65 29 the
528 556 183 36 greatest,
733 556 31 29 is
787 555 89 35 this,
898 555 88 30 that
1007 555 32 30 it
1061 555 92 30 hath
1178 556 94 29 been
1295 555 130 30 toulde
1448 555 86 31 that
1554 563 96 29 your
1686 558 138 28 morice
1860 557 185 28 dauncers
2068 554 93 29 have

430 617 122 31 naked
576 618 38 29 in
639 619 140 32 nettes;
801 618 103 28 what
926 618 153 35 greater
1108 617 232 30 entisement
1373 618 93 28 unto
1505 618 247 36 naughtiness
1788 618 110 29 could
1937 618 93 29 have
2067 617 92 29 been

430 679 74 31 The
520 679 103 29 third
647 680 116 28 abuse
785 679 45 36 is,
852 679 88 29 that
960 686 73 29 you
1058 678 174 37 (because
1254 686 73 29 you
1350 678 77 30 will
1451 679 78 30 lose
1553 687 47 21 no
1623 680 118 37 tyme)
1759 680 69 30 doo
1858 687 65 22 use
1950 676 211 37 commonly

287 749 123 22 runne
433 741 81 30 into
544 741 126 30 woods
692 741 39 30 in
754 741 67 30 the
845 740 110 38 night
976 741 107 36 time,
1106 743 174 35 amongst
1317 741 181 37 maidens,
1521 743 40 28 to
1584 741 57 32 fet
1663 743 137 35 bowes,
1822 742 39 29 in
1885 750 41 22 so
1950 741 110 29 much
2084 748 41 21 as
2149 741 12 27 I

231 805 94 30 have
348 804 139 30 hearde
504 802 38 31 of
557 804 116 29 tenne
697 804 169 29 maidens
887 804 122 29 which
1032 805 103 28 went
1156 804 41 29 to
1219 803 56 30 fet
1298 806 97 35 May,
1418 804 71 29 and
1515 804 86 29 nine
1625 804 37 30 of
1683 805 104 29 them
1813 812 102 22 came
1939 804 108 29 home
2070 802 92 30 with

234 866 121 31 childe
442 865 47 38 (1)
506 867 52 28 He
570 873 121 22 seems
714 864 170 32 likewise
907 867 41 28 to
971 865 125 31 allude
1119 867 40 29 to
1182 874 22 22 a
1227 867 199 29 character
1448 865 38 31 of
1507 866 65 30 the
1596 866 104 30 Devil
1724 867 37 29 in
1799 867 66 29 the
1902 867 85 34 May
2023 871 140 29 games,

195 927 38 32 of
264 928 122 29 which
421 935 48 22 no
493 927 170 29 mention
697 927 31 30 is
753 926 53 31 els
823 927 151 30 ewhere
997 928 122 29 made.
1248 934 45 25 &

264 990 40 28 In
327 989 68 29 the
419 996 132 22 course
576 988 37 30 of
635 989 94 29 time
752 989 109 30 these
884 989 146 30 several
1053 990 236 30 recreations
1310 998 101 22 were
1435 989 159 31 blended
1618 990 179 35 together
1819 997 41 21 so
1884 996 39 22 as
1947 990 39 28 to
2010 989 154 28 become

197 1051 138 30 almost
357 1049 371 37 indistinguishable.
753 1051 32 28 It
807 1051 31 29 is
861 1050 176 30 however
1058 1058 92 29 very
1173 1052 144 28 certain
1340 1052 87 28 that
1449 1051 65 29 the
1541 1053 86 34 May
1660 1058 127 29 games
1821 1049 37 31 of
1893 1049 118 33 Robin
2048 1048 116 33 Hood,

197 1112 265 35 accompanied
486 1110 94 31 with
603 1112 67 29 the
694 1112 151 36 morris,
866 1121 102 21 were
992 1114 40 28 at
1052 1112 88 31 first
1162 1122 21 20 a
1206 1114 158 29 distinct
1387 1121 198 29 ceremony
1618 1112 97 30 from
1748 1113 67 29 the
1848 1110 132 37 simple
2015 1110 151 36 morris,

195 1173 122 29 which
341 1173 109 29 when
473 1173 164 30 Warned
661 1173 98 31 lived
782 1182 76 22 was
882 1174 213 30 celebrated
1120 1176 117 29 about
1260 1176 66 29 the
1348 1183 132 23 season
1506 1176 38 30 of
1567 1176 144 37 Easter,
1734 1177 72 29 and
1831 1174 129 31 before
1983 1174 68 30 the
2080 1174 84 37 May

202 1241 139 31 games:
365 1235 46 30 he
434 1235 90 30 thus
546 1235 135 37 speaks
705 1235 36 30 of
763 1236 117 30 them:

478 1298 50 30 At
550 1297 116 31 Paske
689 1298 123 36 begun
837 1306 69 22 our
930 1299 157 29 morrise
1110 1301 72 28 and
1207 1307 63 22 ere
1294 1300 202 31 Pentecost
1520 1309 69 22 our
1611 1303 83 36 May
1752 1302 52 38 (2)

264 1361 35 29 lt
320 1361 31 29 is
374 1359 181 38 probable
578 1361 86 29 that
685 1361 108 29 when
816 1361 66 29 the
906 1362 162 34 practise
1086 1361 38 30 of
1139 1362 157 37 archery
1312 1363 184 35 declined,
1512 1364 65 29 the
1595 1365 86 36 May
1698 1371 125 29 games
1840 1364 38 29 of
1893 1363 133 30 Robin
2051 1362 116 31 Hood

196 1430 102 23 were
321 1423 279 35 discontinued,
623 1422 72 29 and
719 1423 87 28 that
828 1422 64 29 the
919 1423 137 29 morris
1079 1424 116 29 dance
1219 1432 77 22 was
1318 1424 235 31 transferred
1578 1427 40 28 to
1641 1426 66 29 the
1731 1425 232 30 celebration
1985 1424 37 31 of
2045 1425 121 30 Whit=

197 1484 167 36 suntide,
387 1484 123 29 either
533 1491 41 22 as
597 1484 208 30 connected
829 1484 93 30 with
947 1486 65 28 the
1037 1486 176 29 Whitsun
1248 1486 91 36 ales,
1362 1495 44 21 or
1428 1495 39 21 as
1490 1495 20 21 a
1539 1488 173 34 separate
1746 1488 248 29 amusement.
2029 1488 38 28 In
2102 1487 64 28 the

197 1546 116 29 latter
344 1546 173 29 instance
550 1545 31 29 it
613 1552 158 30 appears
804 1547 40 28 to
878 1547 94 29 have
1006 1548 173 30 retained
1214 1555 72 22 one
1320 1555 43 23 or
1393 1549 78 29 two
1505 1548 36 30 of
1574 1549 66 29 the
1674 1549 215 30 characters
1913 1551 37 28 in
1983 1550 66 30 the
2082 1552 85 36 May

195 1607 199 36 pageants;
417 1606 70 29 but
511 1614 47 21 no
583 1606 225 38 uniformity
830 1615 76 22 was
930 1615 43 22 or
995 1609 166 37 possibly
1185 1609 108 30 could
1315 1611 44 28 be
1383 1611 197 35 observed,
1604 1618 40 22 as
1663 1611 66 29 the
1752 1613 270 34 arrangement
2042 1611 124 30 would

197 1676 90 29 vary
310 1669 38 28 in
374 1667 183 31 different
578 1668 125 36 places
726 1670 201 36 according
949 1672 39 28 to
1012 1671 65 29 the
1101 1671 164 30 humour
1287 1679 43 22 or
1354 1672 253 30 convenience
1630 1672 37 30 of
1688 1674 66 29 the
1777 1674 154 36 parties.

2220 304 110 31 THE
2362 305 225 34 MORRIS

2222 367 257 31 DANCE.
2544 372 44 26 &

603 1736 44 25 &
671 1731 74 31 The
769 1732 153 35 painted
940 1731 99 37 glass
1055 1732 162 30 window
1242 1733 201 38 belonging
1465 1736 41 28 to
1519 1736 142 35 George
1679 1734 268 38 TollettEsqre
1962 1736 41 29 at
2025 1735 143 37 Betley,

598 1795 39 28 in
659 1793 286 36 Staffordshire,
970 1795 176 36 exhibits,
1170 1796 38 28 in
1233 1795 48 29 all
1306 1796 241 37 probability,
1570 1797 66 29 the
1660 1798 99 28 most
1781 1799 152 29 curious
1957 1806 38 21 as
2018 1797 85 30 well
2129 1806 40 22 as

600 1858 66 28 the
700 1855 123 31 oldest
855 1858 304 35 representation
1193 1856 38 30 of
1264 1865 47 21 an
1336 1858 153 36 English
1512 1859 84 36 May
1620 1867 106 28 game
1759 1861 73 28 and
1867 1861 135 29 morris
2039 1861 130 37 dance,

602 1921 86 30 that
703 1921 31 29 is
750 1920 202 36 anywhere
967 1920 42 28 to
1026 1920 44 29 be
1093 1919 130 31 found.
1247 1919 52 38 (3)
1322 1919 76 31 The
1421 1920 152 30 learned
1598 1929 195 28 possessor
1816 1921 37 31 of
1874 1922 78 30 this
1975 1923 194 37 curiosity,

602 1985 42 28 to
666 1983 123 30 whom
812 1983 66 30 the
901 1983 155 30 readers
1079 1981 38 30 of
1139 1981 258 37 Shakespeare
1414 1991 64 22 are
1495 1985 111 29 much
1623 1984 178 30 indebted
1820 1985 67 29 not
1902 1983 88 37 only
2004 1983 61 31 for
2079 1985 90 35 this,

605 2049 68 28 but
694 2046 60 30 for
778 2053 111 29 many
912 2045 111 30 other
1045 2044 173 30 valuable
1253 2046 351 36 communications,
1648 2047 67 29 has
1758 2047 183 36 supposed
1979 2047 86 29 that
2103 2047 66 28 the

605 2110 160 30 window
789 2109 122 36 might
932 2110 95 28 have
1044 2109 94 29 been
1154 2107 154 36 painted
1322 2108 37 28 in
1373 2108 66 29 the
1453 2107 177 36 youthful
1644 2109 90 36 days
1747 2108 37 30 of
1799 2109 127 36 Henry
1940 2109 66 29 the
2020 2109 149 36 Eighth,

606 2173 109 29 when
739 2172 47 30 he
809 2170 189 37 delighted
1021 2171 38 28 in
1082 2171 85 35 May
1182 2176 140 29 games;
1337 2170 69 29 but
1421 2170 32 29 it
1467 2171 103 28 must
1585 2171 45 28 be
1645 2171 181 29 observed
1842 2170 86 30 that
1942 2170 66 30 the
2024 2171 145 29 dresses

607 2236 73 29 and
705 2235 169 30 costume
898 2232 37 31 of
959 2241 102 22 some
1095 2232 38 31 of
1161 2233 65 30 the
1259 2232 145 36 figures
1430 2240 63 22 are
1521 2232 184 38 certainly
1738 2232 38 31 of
1809 2240 46 22 an
1891 2232 104 31 older
2027 2233 142 37 period,

609 2299 72 30 and
706 2306 97 28 may,
826 2295 165 31 without
1012 2294 92 30 such
1128 2294 152 36 hazard,
1304 2294 44 30 be
1372 2296 242 34 pronounced
1637 2296 41 28 to
1723 2294 137 37 belong
1892 2296 39 29 to
1964 2295 66 30 the
2064 2296 105 36 reign

2231 1730 44 25 j&
2340 1723 83 31 The
2453 1722 142 39 Betley

2234 1785 186 32 window.

255 2224 126 30 Figure
428 2225 98 22 from

256 2277 76 23 this
359 2276 169 24 window.

200 2349 37 31 of
261 2349 156 33 Edward
441 2352 65 29 the
530 2350 156 31 Fourth.
771 2355 45 25 &

200 2417 45 26 &
267 2411 146 38 Among
437 2414 111 29 other
569 2412 129 38 proofs
720 2413 87 29 that
830 2410 108 31 could
964 2411 44 28 be
1031 2409 182 34 adduced,
1237 2410 31 28 it
1289 2408 77 30 will
1392 2410 44 28 be
1460 2408 195 30 sufficient
1677 2410 42 28 to
1741 2417 172 28 compare
1936 2410 33 28 it
1990 2410 91 29 with
2105 2411 65 29 the

200 2476 169 29 annexed
393 2476 106 36 print
522 2475 38 30 of
583 2475 163 30 another
771 2474 135 30 morris
930 2474 129 28 dance.
1082 2471 87 30 This
1192 2472 31 30 is
1239 2480 22 21 a
1277 2479 92 30 copy
1383 2471 97 30 from
1498 2479 47 21 an
1562 2471 244 38 exceedingly
1821 2479 126 23 scarce
1963 2473 209 36 engraving

203 2545 50 22 on
276 2545 136 29 copper
436 2540 46 35 by
506 2537 113 31 Israel
642 2538 80 30 Von
745 2535 185 37 Mecheln,
954 2543 43 22 or
1019 2535 234 35 Meckemen,
1276 2542 41 21 so
1340 2533 135 30 named
1497 2532 97 30 from
1618 2533 66 30 the
1707 2532 104 36 place
1835 2533 38 30 of
1904 2533 58 30 his
1995 2533 176 37 nativity,

203 2611 21 22 a
249 2601 162 30 German
433 2599 137 37 village
594 2606 48 23 on
665 2599 66 28 the
755 2596 170 31 confines
950 2596 37 29 of
1011 2595 192 36 Flanders,
1226 2596 39 28 in
1287 2594 122 30 which
1434 2593 117 31 latter
1574 2595 161 36 country
1766 2594 76 30 this
1873 2595 115 29 artist
2016 2603 155 28 appears

204 2662 139 38 chiefly
363 2663 41 29 to
430 2662 92 29 have
545 2660 164 36 resided;
733 2660 72 28 and
835 2657 195 31 therefore
1053 2658 39 28 in
1117 2658 99 29 most
1241 2656 38 30 of
1306 2657 57 29 his
1392 2657 124 35 prints
1542 2664 56 22 we
1626 2664 83 29 may
1736 2657 155 29 observe
1917 2657 65 29 the
2010 2657 161 30 Flemish

207 2725 169 30 costume
400 2723 38 30 of
461 2724 57 28 his
541 2723 104 29 time.
670 2721 109 30 From
798 2721 64 29 the
878 2719 154 37 pointed
1050 2719 110 30 shoes
1176 2719 87 29 that
1277 2726 57 22 we
1350 2726 62 21 see
1436 2718 39 29 in
1498 2726 70 21 one
1592 2717 37 30 of
1651 2718 66 29 the
1740 2716 142 38 figures
1905 2718 31 29 it
1959 2719 103 29 must
2077 2719 94 30 have

205 2787 96 29 been
324 2785 180 30 executed
530 2785 173 29 between
725 2784 67 28 the
814 2790 91 29 year
928 2781 97 36 1460,
1053 2782 72 28 and
1150 2787 97 30 1470;
1276 2780 117 29 about
1414 2780 121 30 which
1564 2779 117 31 latter
1701 2780 130 36 period
1858 2780 66 29 the
1948 2781 223 29 broad«toed

1310 2823 9 11 4

207 2848 110 29 shoes
341 2854 102 22 came
466 2846 80 29 into
568 2845 147 29 fashion
739 2845 38 28 in
802 2843 139 30 France
965 2843 72 29 and
1055 2842 192 30 Flanders.
1265 2843 33 28 It
1313 2849 121 22 seems
1450 2843 40 28 to
1507 2842 93 29 have
1618 2843 93 28 been
1728 2842 180 29 intended
1926 2849 41 22 as
1982 2848 21 23 a
2018 2842 153 35 pattern

207 2908 62 31 for
290 2907 238 37 goldsmith's
551 2906 117 35 work,
691 2906 185 36 probably
899 2914 21 21 a
944 2912 70 29 cup
1037 2906 284 38 or
1747 2906 142 38 &
2031 2906 142 38 &

207 2975 46 26 &
275 2969 77 30 The
375 2970 126 35 artist,
524 2969 40 29 In
586 2976 22 22 a
629 2967 112 38 fancy
763 2966 305 37 representation
1092 2965 39 31 of
1151 2965 152 37 foliage,
1327 2966 66 29 has
1409 2965 224 30 introduced
1650 2964 146 30 several
1813 2964 141 37 figures
1971 2965 203 38 belonging

208 3034 42 28 to
273 3039 22 22 a
322 3030 163 31 Flemish
509 3031 84 35 May
616 3037 106 28 game
746 3030 136 28 morris
905 3029 211 36 consisting
1139 3029 37 29 of
1197 3029 67 30 the
1287 3028 86 38 lady
1395 3027 39 32 of
1455 3028 65 29 the
1543 3028 96 36 May,
1661 3027 66 30 the
1750 3026 89 38 fool,
1861 3027 66 30 the
1950 3028 118 36 piper,
2096 3030 77 29 two

210 3093 136 30 morris
371 3092 158 29 dancers
551 3090 94 30 with
668 3089 92 30 bells
783 3091 73 28 and
879 3092 219 34 streamers,
1132 3092 73 27 and
1239 3090 87 29 four
1359 3090 110 29 other
1503 3089 161 36 dancing
1698 3089 227 36 characters,
1958 3089 60 30 for
2050 3090 124 30 which

210 3155 241 38 appropriate
476 3160 129 23 names
626 3151 78 30 will
727 3153 68 27 not
816 3151 118 37 easily
957 3153 45 28 be
1025 3151 131 30 found.
1179 3151 76 30 The
1278 3151 207 30 similitude
1510 3151 172 29 between
1705 3159 103 21 some
1832 3151 37 30 of
1891 3152 64 30 the
1971 3152 145 37 figures
2135 3154 38 28 in

210 3218 77 30 this
310 3217 104 36 print
437 3217 71 29 and
533 3215 131 30 others
687 3214 38 29 in
748 3215 59 28 Mr
829 3213 172 30 Tollett's
1023 3215 162 28 window
1206 3214 33 29 is
1262 3220 88 30 very
1373 3212 179 38 striking,
1574 3213 73 29 and
1671 3213 123 30 shows
1809 3213 87 30 that
1910 3215 66 30 the
1992 3215 129 35 period
2138 3214 37 31 of

211 3280 214 35 execution,
448 3286 41 23 as
511 3279 40 28 to
575 3277 105 36 both,
702 3283 77 23 was
802 3275 130 37 nearly
954 3276 65 30 the
1042 3284 115 22 same.
1181 3276 77 30 One
1281 3275 190 36 objection
1494 3278 40 28 fo
1555 3276 77 30 this
1656 3277 152 35 opinion
1837 3276 92 37 will,
1962 3285 48 22 no
2044 3278 131 36 doubt,

2235 2958 32 31 A
2291 2957 182 32 Flemish
2509 2957 95 39 May

2237 3026 129 33 game.
2557 3026 46 26 &

211 3417 255 34 NOTES
489 3440 10 10 .

212 3480 56 42 (1)
291 3481 240 31 Fetherston'
544 3489 18 23 s
622 3480 180 36 Dialogue
825 3481 159 36 agaynst
1007 3480 111 37 light,
1141 3481 132 35 lewde,
1296 3481 72 30 and
1392 3480 200 32 lascivious
1616 3481 200 37 dauncing,
1840 3480 98 38 1582,
1959 3489 98 29 2010,
2081 3482 97 36 sign.

214 3544 42 30 D.
278 3551 34 29 7.
336 3544 68 30 See
427 3553 22 20 a
471 3551 156 29 passage
649 3544 42 28 to
712 3542 67 30 the
802 3549 103 22 same
927 3549 161 29 purpose
1112 3542 38 29 In
1174 3542 260 32 Northbrooke
1444 3543 36 31 *s
1730 3544 150 36 against
2109 3545 70 29 etc.

214 3612 99 29 1597,
336 3608 77 33 4to,
435 3605 51 30 fo.
508 3605 45 31 68
576 3606 36 29 b.

216 3665 61 41 (2)
299 3666 169 32 Albion's
491 3667 182 38 England,
696 3666 92 35 1612,
811 3674 36 29 p.
870 3673 69 23 121.

214 3727 62 42 (3)
297 3730 195 31 Steeven's
551 3729 258 37 Shakespeare
882 3730 42 28 at
943 3728 68 30 the
1034 3728 72 31 end
1130 3728 38 30 of
1189 3730 66 29 the
1277 3730 85 37 play
1385 3728 38 32 of
1481 3730 96 37 King
1599 3730 127 38 Henry
1748 3730 58 31 IV.
1828 3731 87 36 part
1938 3730 25 31 I.
