2763 4064
607 206 64 40 152

173 334 177 32 THEM
367 333 178 34 ORRIS

174 394 268 32 DANCE.
499 400 46 26 &

675 336 64 31 We
762 334 80 31 find
865 336 78 29 also
966 336 87 29 that
1075 335 111 30 other
1208 333 170 32 festivals
1402 336 72 28 and
1499 336 233 29 ceremonies
1757 336 71 29 had
1851 335 104 29 their
1989 332 150 39 morris,
2172 341 41 23 as
2248 333 93 39 Holy
2375 331 205 40 Thursday;

602 398 67 30 the
694 397 287 37 Whitsun-ales;
1004 398 66 29 the
1094 397 216 34 bride-ales,
1335 405 43 21 or
1400 398 207 35 weddings,
1630 398 45 36 (1)
1698 398 72 29 and
1795 407 21 20 a
1839 398 82 29 sort
1943 397 39 29 of
2004 397 86 37 play
2114 404 43 23 or
2178 398 168 35 pageant
2369 395 121 31 called
2514 396 66 30 the

607 459 83 32 lord
713 460 38 31 of
773 459 168 32 misrule.
964 458 160 32 Sheriffs
1147 459 64 30 too
1236 459 71 29 had
1333 459 102 29 their
1458 459 136 30 morris
1617 459 131 30 dance.
1771 459 52 37 (2)
1847 459 75 30 The
1952 460 135 30 reader
2121 467 84 29 may
2229 460 44 29 be
2297 459 154 30 amused
2485 459 95 30 with

607 524 66 29 the
694 522 194 36 following
911 522 161 29 account
1094 520 38 31 of
1154 522 64 29 the
1242 520 81 30 lord
1348 520 37 30 of
1408 520 168 35 misrule,
1601 529 39 22 as
1663 522 32 29 it
1718 522 173 28 contains
1915 529 20 21 a
1960 521 230 36 description
2227 520 37 31 of
2297 529 46 22 an
2378 520 206 31 attendant

609 585 149 30 morris.
782 585 34 28 It
838 584 65 28 has
927 584 94 28 been
1044 581 239 38 fortunately
1306 582 147 29 handed
1477 583 108 28 down
1609 584 42 28 to
1674 590 44 22 us
1743 585 47 34 by
1813 591 21 21 a
1856 581 228 37 puritanical
2107 583 133 29 writer
2256 581 39 31 of
2316 583 66 29 the
2406 582 109 36 reign
2545 580 39 31 of

607 647 208 36 Elizabeth,
837 647 129 29 whose
988 645 87 30 loud
1099 645 153 35 ravings
1285 644 151 36 against
1469 644 65 29 the
1566 644 235 31 fashionable
1834 652 171 23 excesses
2039 644 38 31 of
2111 645 58 30 his
2203 647 250 35 countrymen
2488 644 94 30 have

607 708 243 30 contributed
874 708 40 29 to
937 706 150 30 furnish
1110 706 187 36 posterity
1318 705 95 30 with
1436 706 66 29 the
1525 705 225 36 completest
1771 705 247 31 information
2036 708 215 35 respecting
2274 715 21 22 a
2318 706 263 31 considerable

605 771 154 35 portion
783 769 38 31 of
843 771 65 28 the
933 776 177 23 manners
1133 770 73 28 and
1230 769 146 29 custom
1394 766 38 32 of
1446 769 66 28 the
1536 769 118 29 above
1670 769 131 35 period
1818 768 85 30 that
1919 768 31 30 is
1966 776 74 30 any
2055 769 126 31 where
2196 771 40 29 to
2253 770 45 30 be
2314 769 131 31 found.
2462 769 118 30 These

605 840 65 22 are
693 833 59 29 his
774 832 137 29 words:

605 899 46 25 £?
674 893 111 37 First,
809 893 49 30 all
880 893 66 29 the
969 892 110 30 wilde
1103 893 114 29 heads
1242 892 38 30 of
1300 893 66 28 the
1390 893 140 35 parish,
1553 891 168 38 flocking
1743 893 190 37 together,
1950 894 115 30 chuse
2080 894 104 30 them
2203 903 20 21 a
2240 895 146 36 graund
2404 894 176 36 captaine

720 955 209 37 mischiefe)
951 956 146 29 whome
1120 956 91 36 they
1234 955 153 30 innoble
1410 956 93 29 with
1527 957 67 28 the
1618 956 87 30 title
1728 955 38 31 of
1787 964 71 29 my
1880 956 107 34 Z,ord
2008 957 46 29 of
2072 957 172 30 misrule
2247 980 9 14 ,
2280 959 72 28 and
2387 957 77 29 him
2488 957 92 37 they

605 1020 24 15 44
642 1026 150 22 crowne
814 1018 93 29 with
931 1019 109 35 great
1063 1016 229 37 solemnitie,
1308 1018 73 28 and
1398 1018 114 35 adopt
1528 1018 76 28 him
1621 1018 60 29 for
1695 1018 105 29 their
1816 1017 104 37 king.
1937 1018 87 30 This
2041 1018 92 37 king
2149 1020 233 37 annoynted,
2399 1019 182 30 chooseth

792 1080 171 37 twentie,
985 1079 156 35 fourtie,
1165 1080 236 29 three-score
1424 1087 43 22 or
1490 1088 21 21 a
1534 1080 172 30 hundred
1731 1080 114 30 lustie
1869 1082 130 35 guttes
2023 1081 75 31 like
2121 1082 41 30 to
2185 1081 173 31 himselfe
2391 1083 41 29 to
2466 1082 114 30 waite

604 1145 26 15 44
644 1150 99 28 upon
767 1143 57 28 his
849 1141 122 37 lordly
995 1141 175 37 majesty,
1194 1141 71 29 and
1289 1141 40 30 to
1354 1141 141 36 guarde
1519 1141 57 30 his
1601 1141 110 30 noble
1734 1149 151 28 person.
1918 1141 102 31 Then
2055 1151 113 29 every
2202 1152 72 22 one
2308 1143 37 31 of
2377 1145 109 29 these
2521 1144 59 30 his

605 1206 23 16 44
642 1212 99 28 men,
766 1204 45 29 he
835 1203 193 30 investeth
1051 1203 94 29 with
1170 1204 58 29 his
1251 1202 150 31 liveries
1425 1202 37 31 of
1484 1211 153 28 greene,
1659 1202 149 38 yellow,
1831 1211 43 21 or
1903 1211 103 22 some
2041 1205 111 28 other
2184 1205 97 37 light
2314 1208 154 28 wanton
2504 1206 58 31 col-

642 1265 97 31 lour.
762 1264 82 30 And
868 1272 40 22 as
930 1265 147 35 though
1101 1264 86 29 that
1209 1272 101 21 were
1334 1265 67 28 not
1422 1264 165 37 (bawdy)
1609 1265 134 36 gawdy
1764 1265 166 36 ynough,
1965 1267 12 27 I
2012 1265 133 31 should
2179 1275 79 30 say,
2291 1268 89 37 they
2414 1268 164 32 bedecke

891 1326 93 29 with
1007 1326 169 39 scarffes,
1199 1327 156 30 ribbons
1378 1328 73 29 and
1476 1327 99 30 laces
1599 1328 146 36 hanged
1771 1327 48 30 all
1850 1335 90 23 over
1962 1329 92 29 with
2090 1329 108 37 golde
2232 1331 142 36 ringes,
2407 1332 171 35 precious

643 1394 143 35 stones;
811 1392 73 29 and
908 1391 111 30 other
1041 1390 140 37 jewels,
1205 1390 78 29 this
1307 1390 110 36 done,
1440 1390 92 37 they
1554 1390 55 30 tie
1633 1391 117 29 about
1772 1391 126 29 either
1922 1390 107 38 legge
2053 1393 160 29 twentie
2230 1400 44 21 or
2295 1392 142 31 fourtie
2464 1393 115 30 belles

603 1455 23 17 44
640 1455 92 29 with
756 1454 81 30 rich
861 1452 293 32 handkerchiefe
1178 1453 37 28 in
1234 1452 102 30 their
1353 1453 155 36 handes,
1526 1453 72 29 and
1615 1453 220 30 sometimes
1851 1453 99 30 laide
1967 1461 21 22 a
2005 1461 126 23 crosse
2149 1462 90 23 over
2255 1455 103 31 their
2380 1456 199 30 shoulders

602 1520 23 16 44
639 1519 73 29 and
738 1516 151 37 neckes,
913 1516 196 29 borrowed
1132 1514 60 31 for
1213 1515 67 29 the
1304 1516 100 28 most
1427 1516 87 34 part
1537 1514 38 31 of
1597 1515 101 30 their
1721 1516 122 35 pretie
1868 1515 183 39 Mopsies
2074 1517 73 29 and
2172 1516 128 38 loving
2324 1517 160 30 Bessies
2489 1540 9 14 ,
2519 1517 60 30 for

602 1581 23 15 44
640 1580 158 36 bussing
821 1580 104 29 them
949 1578 39 30 in
1011 1578 66 30 the
1101 1576 131 31 darke.
1256 1576 99 30 Thus
1378 1576 50 30 all
1451 1578 131 35 things
1605 1578 61 28 set
1688 1578 38 28 in
1762 1578 125 34 order,
1920 1578 93 30 then
2048 1578 93 31 have
2174 1580 93 36 they
2298 1580 104 29 their
2436 1581 120 35 hobby-

602 1643 23 17 •4
639 1642 146 33 horses,
800 1641 104 29 their
921 1640 163 36 dragons
1101 1639 72 29 and
1192 1639 112 29 other
1319 1640 189 35 antiques,
1524 1639 171 36 togither
1707 1640 94 29 with
1814 1640 103 29 their
1929 1641 137 29 baudie
2077 1641 159 39 pipers,
2250 1643 72 28 and
2342 1642 238 37 thundering

601 1705 24 15 44
640 1703 226 30 drummers
870 1724 9 15 ,
894 1703 42 29 to
952 1701 120 30 strike
1089 1708 49 28 up
1155 1701 65 30 the
1247 1700 147 31 Devils
1420 1701 166 30 Daunce
1611 1701 158 30 withall:
1800 1703 94 28 then
1922 1704 146 29 martch
2095 1703 79 30 this
2198 1704 166 29 heathen
2397 1712 183 29 company

601 1768 24 15 44
637 1768 167 29 towards
826 1767 67 29 the
917 1765 140 30 church
1080 1764 74 30 and
1178 1764 289 38 church-yarde,
1490 1765 102 29 their
1614 1772 137 29 pypers
1773 1766 153 36 pyping,
1948 1766 103 29 their
2084 1767 214 29 drummers
2331 1767 251 36 thundering,

174 890 103 31 The
319 890 67 36 140
398 890 59 32 rd
490 890 57 32 of

172 953 257 32 Misrule
445 975 10 10 .

1129 1827 23 14 44
1164 1826 103 30 their
1288 1828 172 35 stumpes
1485 1827 173 36 dancing,
1681 1827 102 29 their
1807 1827 91 30 bells
1921 1826 185 38 jyngling,
2130 1829 103 29 their
2256 1827 324 31 handkercheefes

1126 1888 24 17 44
1162 1886 204 38 fluttering
1380 1890 119 29 about
1514 1890 102 29 their
1631 1890 138 29 heades
1787 1889 75 30 like
1886 1891 133 28 madde
2043 1898 99 28 men,
2164 1891 103 29 their
2284 1891 134 30 hobble
2436 1891 143 37 horses,

1126 1954 22 14 44
1162 1952 72 28 and
1258 1952 113 29 other
1394 1954 190 28 monsters
1606 1952 248 37 skirmishing
1877 1954 176 35 amongst
2074 1954 66 28 the
2163 1954 153 36 throng:
2341 1954 72 30 and
2437 1955 39 29 in
2500 1954 78 30 this

1124 2018 24 17 44
1161 2018 105 29 sorte
1289 2017 90 37 they
1402 2024 69 28 goe
1494 2017 40 28 to
1557 2016 65 29 the
1646 2015 141 29 church
1810 2015 161 37 (though
1994 2015 66 29 the
2091 2016 176 29 minister
2291 2017 45 29 be
2369 2017 41 29 at
2441 2024 137 29 prayer

1125 2081 23 17 44
1161 2087 43 22 or
1226 2079 223 37 preaching)
1472 2079 191 37 dauncing
1686 2079 72 29 and
1782 2079 191 35 swinging
2006 2079 101 29 their
2142 2078 313 31 handkerchiefes
2490 2086 89 24 over

1124 2144 24 15 44
1162 2143 102 28 their
1287 2142 139 29 heades
1449 2142 39 29 in
1512 2142 64 29 the
1611 2142 143 29 church
1788 2141 75 30 like
1898 2141 125 30 Devils
2056 2141 213 37 incarnate,
2302 2142 94 29 with
2429 2142 93 29 such
2557 2150 21 21 a

1124 2205 23 15 44
1182 2204 179 32 confused
1387 2206 116 36 noise,
1528 2206 85 30 that
1637 2213 47 22 no
1708 2213 86 21 man
1820 2212 67 22 can
1912 2205 112 29 heare
2049 2205 54 29 his
2121 2213 108 21 owne
2244 2205 117 29 voice.
2386 2204 102 30 Then
2512 2205 65 29 the

1123 2269 24 15 44
1159 2267 137 31 foolish
1320 2268 131 36 people
1474 2268 92 36 they
1588 2267 124 37 looke,
1735 2268 89 37 they
1847 2269 117 35 stare,
1987 2267 91 36 they
2100 2266 127 37 laugh,
2251 2267 91 36 they
2357 2265 131 38 fleere,
2504 2266 73 29 and

1123 2332 24 16 44
1161 2332 134 28 mount
1319 2337 101 29 upon
1442 2329 142 30 formes
1608 2331 73 28 and
1705 2337 136 28 pewes,
1864 2331 41 28 to
1928 2337 64 22 see
2015 2330 108 29 these
2147 2328 136 38 goodly
2305 2330 184 36 pageants
2519 2336 61 22 so®

1123 2393 24 17 44
1160 2392 185 32 lemnized
1369 2394 39 28 in
1432 2394 76 28 this
1531 2393 95 29 sort.
1649 2392 103 30 Then
1776 2392 101 30 after
1898 2392 78 30 this
1999 2393 118 29 about
2139 2393 67 29 the
2229 2392 141 30 church
2394 2392 92 37 they
2509 2398 70 30 goe

1123 2459 23 15 44
1160 2459 148 35 againe,
1331 2457 73 29 and
1428 2456 148 36 againe,
1590 2456 72 29 and
1681 2462 40 22 so
1738 2454 129 30 foorth
1884 2455 82 30 into
1983 2455 65 30 the
2064 2455 142 29 church
2222 2455 108 37 yard,
2346 2454 128 30 where
2491 2455 89 37 they

1123 2521 24 17 44
1161 2521 93 29 have
1279 2518 212 37 commonly
1514 2519 102 28 their
1638 2524 166 22 sommer
1827 2516 143 37 haules,
1994 2518 103 28 their
2121 2518 159 36 bowers,
2310 2518 173 34 arbours,
2506 2517 73 29 and

1123 2580 23 16 44
1162 2580 253 37 banquetting
1456 2580 138 29 houses
1630 2581 60 28 set
1724 2587 61 28 up,
1816 2579 167 30 wherein
2018 2580 91 35 they
2142 2579 113 36 feast,
2290 2580 183 35 banquet,
2507 2579 73 29 and

1124 2645 23 14 44
1162 2645 144 28 daunce
1330 2642 48 31 all
1402 2643 86 30 that
1511 2643 84 37 day,
1619 2643 72 30 and
1715 2643 315 36 (peradventure)
2067 2642 50 29 all
2154 2643 87 28 that
2263 2642 112 36 night
2396 2643 78 28 too.
2498 2642 80 29 And

1124 2707 23 15 44
1159 2707 92 29 thus
1272 2707 110 29 these
1405 2704 215 31 terrestrial
1643 2704 132 30 furies
1791 2705 117 35 spend
1926 2704 64 29 the
2006 2705 167 28 Sabboth
2197 2705 83 37 day.
2303 2704 173 29 Another
2498 2706 82 27 sort

1125 2770 23 15 44
1162 2768 38 32 of
1211 2766 233 32 fantastical!
1457 2766 119 30 fooles
1594 2768 111 35 bring
1721 2768 40 28 to
1777 2768 108 29 these
1909 2766 235 31 helhoundes
2159 2767 83 38 (the
2260 2768 94 30 Lord
2372 2766 38 31 of
2426 2766 154 32 misrule

598 2831 23 15 44
635 2832 73 29 and
726 2831 57 30 his
800 2832 216 38 complices)
1030 2840 102 23 some
1150 2833 126 36 bread,
1300 2840 104 22 some
1421 2833 95 35 good
1541 2831 70 35 ale,
1637 2839 104 22 some
1766 2838 82 22 new
1872 2831 146 35 cheese,
2041 2838 102 21 some
2178 2829 84 30 olde
2296 2829 147 38 cheese,
2476 2837 104 22 some

598 2894 23 16 44
636 2895 208 36 custardes,
859 2902 103 23 some
990 2894 209 36 cracknels,
1225 2902 104 22 some
1354 2893 124 35 cakes,
1502 2901 106 22 some
1631 2892 175 36 flaumes,
1830 2901 103 22 some
1962 2893 138 36 tartes,
2136 2900 105 23 some
2279 2900 162 27 creame,
2475 2900 105 23 some

597 2957 23 15 44
635 2958 136 35 meate,
789 2965 102 22 some
909 2964 71 23 one
1003 2957 125 36 thing,
1146 2964 103 22 some
1271 2956 175 36 another;
1464 2957 69 28 but
1555 2955 28 30 if
1606 2956 92 37 they
1720 2954 133 32 knewe
1877 2956 86 29 that
1985 2963 40 22 as
2049 2954 106 31 often
2173 2963 40 21 as
2230 2955 91 38 they
2338 2956 132 36 bringe
2487 2963 95 29 anye

597 3020 24 16 44
637 3021 42 28 to
702 3020 66 29 the
792 3020 265 29 maintenance
1073 3018 39 30 of
1130 3019 109 29 these
1263 3018 198 30 execrable
1486 3018 194 36 pastimes,
1703 3019 92 36 they
1818 3017 99 31 offer
1933 3017 174 31 sacrifice
2129 3019 40 29 to
2193 3019 66 28 the
2291 3017 105 30 Devil
2418 3017 74 30 and
2516 3018 45 29 Sa-

597 3082 22 17 -44
633 3081 151 36 thanas,
800 3081 91 37 they
913 3080 124 30 would
1054 3081 136 35 repent
1206 3081 72 28 and
1301 3080 225 29 withdrawe
1541 3079 103 29 their
1667 3080 156 36 handes,
1846 3080 123 29 which
1995 3079 77 30 God
2096 3080 142 35 graunt
2252 3078 91 36 they
2361 3086 96 28 may.
2472 3078 54 38 (3)
2538 3084 45 24 &

665 3142 170 30 Another
858 3142 204 30 declaimer
1086 3142 38 30 of
1145 3142 66 30 the
1235 3141 75 30 like
1335 3140 104 37 kind,
1456 3140 185 37 speaking
1657 3140 39 30 of
1710 3142 85 36 May
1811 3149 129 29 games
1957 3142 72 29 and
2048 3142 136 29 morris
2201 3141 149 36 dances,
2366 3141 92 29 thus
2475 3140 106 31 holds

596 3205 117 37 forth;
737 3207 23 15 44
774 3205 76 30 The
874 3207 137 29 abuses
1033 3205 123 31 which
1180 3213 64 22 are
1268 3205 222 30 committed
1516 3205 38 28 in
1576 3211 96 30 your
1689 3212 233 29 may-games
1945 3212 65 22 are
2034 3204 167 30 infinite.
2218 3203 75 30 The
2310 3203 89 30 first
2413 3203 170 31 whereof

596 3270 23 17 44
633 3269 31 30 is
687 3269 91 35 this,
801 3269 87 29 that
910 3276 74 30 you
1009 3269 70 30 doe
1103 3276 66 23 use
1192 3270 40 28 to
1256 3269 127 36 attyre
1407 3268 39 29 in
1469 3275 170 23 womans
1662 3266 189 38 apparrell
1875 3267 123 30 whom
2032 3275 75 29 you
2142 3268 69 29 doe
2236 3268 100 28 most
2370 3267 212 36 commonly

596 3332 22 16 44
633 3329 70 31 call
726 3330 320 37 may-marrions
1049 3350 11 16 ,
1082 3331 178 36 whereby
1282 3338 73 29 you
1380 3329 167 38 infringe
1570 3330 88 30 that
1680 3330 167 37 straight
1870 3330 359 30 commaundement
2250 3328 146 30 whiche
2420 3329 31 29 is
2468 3328 112 37 given

224 3139 32 32 A
282 3141 252 38 protest.

596 3469 256 33 NOTES
873 3492 9 9 .

595 3533 57 41 (1)
668 3535 38 29 In
726 3533 220 32 Laneham's
1160 3534 97 31 from
1282 3535 236 31 Kenilworth
1543 3544 45 22 or
1616 3533 267 40 Killingworth
2086 3542 21 23 a
2124 3533 183 31 bride-ale
2324 3533 32 31 is
2373 3533 210 39 described,

595 3596 40 30 in
659 3598 123 29 which
806 3599 171 30 mention
1000 3598 32 30 is
1056 3598 108 30 made
1188 3598 39 30 of
1330 3598 114 38 lively
1465 3600 118 30 Moris
1608 3601 137 35 dauns,
1769 3600 201 34 according
1992 3600 65 27 too
2091 3598 68 29 the
2194 3596 187 30 aunciant
2414 3605 171 23 manner:

593 3659 58 31 six
672 3660 201 38 dauncerz,
897 3662 286 34 Mawdmarion,
1206 3662 73 28 and
1302 3662 68 29 the

593 3720 61 41 (2)
677 3723 69 30 See
769 3722 149 31 Stowe'
931 3732 17 21 s
972 3724 22 17 44
1007 3725 145 36 Survey
1175 3722 38 32 of
1237 3723 154 31 London
1467 3724 95 37 1618,
1585 3726 80 35 4to,
1691 3732 35 29 p.
1750 3725 70 30 161.

592 3782 62 41 (3)
675 3786 164 30 Stubbes
853 3786 40 30 's
915 3788 24 16 44
952 3786 200 31 Anatomle
1175 3786 39 31 of
1235 3787 136 30 abuses
1443 3794 36 29 p.
1502 3794 78 29 107*
