2291 4075
166 191 65 31 180

171 884 320 65 BOOK
566 883 559 74 REVIEWS

164 1015 119 32 FLA
306 1015 79 38 YS,
416 1014 238 32 ACTING
683 1015 130 32 AND
842 1015 197 32 MUSIC
1066 1015 66 41 by

163 1077 166 32 Arthur
347 1077 186 39 Symons.
562 1077 239 33 Constable.
908 1078 84 32 net.

166 1148 119 65 '"phis
308 1151 98 31 book
421 1150 38 31 of
475 1150 146 31 critical
638 1159 127 31 essays
782 1160 47 22 on
852 1151 122 38 Plays,
991 1150 137 39 Acting

226 1215 74 28 and
323 1215 122 29 Music
461 1214 174 30 contains
652 1216 110 28 much
779 1215 124 29 which
917 1223 77 21 was
1007 1214 102 30 inclu-

165 1277 68 30 ded
257 1276 39 29 in
320 1284 21 21 a
363 1276 142 30 former
527 1276 151 31 volume
702 1278 70 29 but
795 1276 78 31 also
897 1277 111 30 much
1042 1277 87 30 that

165 1340 31 29 is
221 1347 95 22 new.
347 1340 65 30 We
446 1339 178 31 welcome
649 1340 33 29 it
704 1348 40 22 as
777 1348 58 22 we
869 1347 89 24 ever
991 1341 47 29 do
1071 1341 57 29 Mr

163 1403 145 29 Arthur
330 1403 140 36 Symon
483 1402 9 13 '
506 1410 18 22 s
546 1401 120 38 work,
690 1403 68 29 not
783 1402 88 38 only
893 1401 59 31 for
966 1403 67 29 the
1049 1401 78 31 fine

165 1465 71 30 and
260 1464 193 38 rhythmic
475 1472 111 28 prose
620 1464 39 29 in
694 1465 123 29 which
852 1465 46 29 he
933 1472 194 29 expresses

164 1526 153 31 himself
341 1534 42 22 or
410 1525 60 31 for
503 1526 66 30 the
603 1526 95 31 keen
734 1527 147 37 delight
913 1526 40 30 in
988 1528 140 36 beauty

164 1589 93 30 with
294 1589 122 29 which
454 1588 49 30 all
541 1589 58 29 his
633 1588 106 30 work
772 1589 33 30 is
839 1589 175 37 charged,
1059 1591 69 28 but

164 1652 160 29 because
341 1651 47 30 he
405 1651 31 30 is
453 1650 140 38 always
609 1651 66 30 the
688 1650 124 31 friend
829 1650 37 31 of
880 1651 68 30 the
960 1652 166 36 theatre;

164 1714 87 36 and,
275 1713 146 36 though
446 1714 32 28 it
501 1713 31 30 is
557 1714 144 29 certain
718 1714 87 30 that
821 1714 71 29 had
910 1714 47 30 he
975 1714 70 30 had
1061 1715 66 29 the

165 1777 251 36 opportunity
438 1774 59 31 for
520 1775 121 31 closer
664 1776 228 30 connection
915 1777 94 29 with
1033 1777 31 29 it
1080 1777 47 29 he

165 1838 125 31 would
325 1839 95 30 have
451 1846 104 22 come
584 1839 41 29 to
657 1837 185 32 different
874 1838 253 36 conclusions,

164 1903 46 29 he
235 1904 30 28 is
292 1902 66 37 yet
391 1900 106 31 often
530 1909 93 30 very
657 1903 119 29 sweet
809 1902 39 30 in
884 1902 58 30 his
976 1911 82 29 way
1091 1902 38 30 of

163 1964 156 37 writing
342 1965 117 29 about
481 1963 45 30 it.

231 2026 165 34 Besides,
419 2026 176 30 whether
617 2034 72 21 one
713 2034 131 30 agrees
875 2028 94 29 with
994 2027 50 30 all
1068 2028 59 31 his

162 2089 175 37 opinions
361 2097 44 21 or
428 2090 67 28 not
513 2097 71 21 one
609 2090 30 28 is
664 2090 126 28 bound
814 2090 41 29 to
880 2088 116 31 listen
1013 2091 41 28 to
1071 2091 58 28 Mr

164 2152 163 37 Symon'
341 2159 17 22 s
382 2151 182 31 criticism
600 2152 160 29 because
784 2159 72 21 one
879 2151 130 31 knows
1042 2153 87 29 that

165 2213 33 30 it
221 2215 31 29 is
276 2222 21 21 a
320 2214 90 36 poet
433 2214 83 29 who
541 2215 30 28 is
595 2213 195 37 speaking;
815 2215 72 28 and
920 2213 33 30 it
986 2215 31 29 is
1051 2215 78 30 this

162 2275 79 31 fact
262 2276 124 30 which
412 2274 284 32 differentiates
721 2276 75 29 him
820 2275 98 31 from
952 2284 104 22 some
1092 2276 38 31 of

163 2339 70 30 the
255 2337 148 31 famous
426 2339 129 29 critics
579 2337 38 31 of
639 2339 66 29 the
730 2339 82 36 day.
912 2344 45 25 &

233 2401 77 30 The
334 2401 99 30 book
454 2401 33 30 Is
516 2401 150 30 divided
697 2401 83 29 into
810 2401 110 30 three
950 2403 179 36 sections,

167 2473 47 20 on
398 2464 73 29 and
699 2471 47 21 on
985 2465 73 28 and
1081 2471 47 22 on

168 2527 23 17 44
413 2527 73 28 and
532 2525 172 30 includes
748 2527 148 28 studies
937 2525 37 30 of
1014 2527 116 29 Sarah

170 2589 226 34 Bernhardt,
421 2587 184 32 Eleonora
630 2588 112 35 Duse,
774 2589 135 28 Yvette
944 2587 187 36 Guilbert,

169 2651 77 30 The
264 2652 181 36 Question
463 2649 38 31 of
516 2650 65 30 the
597 2650 240 37 Censorship,
851 2650 75 30 The
943 2650 189 37 Speaking

170 2713 38 31 of
231 2714 127 35 Verse,
381 2712 75 30 The
478 2712 156 30 Sicilian
657 2713 133 29 Actors
814 2713 73 29 and
917 2711 214 38 Technique

170 2778 72 29 and
266 2776 68 30 the
358 2776 136 29 Artist.

238 2840 73 29 But
327 2839 108 30 there
453 2846 63 22 are
533 2839 76 29 two
626 2837 165 36 subjects
809 2845 99 29 upon
925 2838 123 30 which
1064 2839 68 29 the

171 2902 139 30 author
332 2901 158 31 touches
514 2901 123 29 which
654 2908 64 22 are
736 2901 38 29 of
790 2901 162 36 especial
969 2902 165 29 interest

170 2967 40 28 to
235 2972 57 29 us,
315 2965 72 29 and
418 2964 109 30 these
562 2972 65 21 are
661 2965 10 14 4
685 2963 149 31 Masks'
868 2965 72 28 and
975 2965 9 14 4
998 2965 114 29 Mario-

173 3029 129 28 nettes
316 3026 33 31 '.

240 3080 39 29 In
304 3078 164 31 relation
491 3080 41 28 to
555 3078 66 30 the
643 3078 143 30 former
808 3080 104 28 what
934 3080 47 28 he
1000 3087 85 30 says
1102 3080 32 30 is

172 3142 219 37 suggestive
415 3142 133 29 rather
569 3142 93 28 than
694 3141 167 37 explicit;
895 3142 149 35 indeed,
1077 3150 57 22 we

174 3207 47 28 do
246 3206 68 29 not
337 3203 113 31 think
473 3205 56 29 Mr
551 3205 159 37 Symons
733 3204 32 30 is
788 3212 125 22 aware
931 3203 151 32 himself
1094 3207 40 28 to

174 3268 104 31 what
300 3267 134 30 extent
457 3267 46 29 he
528 3267 31 29 is
583 3268 226 35 advocating
831 3268 66 28 the
929 3268 135 29 return
1098 3267 37 30 of

172 3331 68 29 the
264 3329 108 31 mask
402 3330 40 29 to
476 3330 65 29 the
574 3330 153 28 theatre
761 3330 110 29 when
906 3330 47 29 he
990 3331 144 34 praises

175 3394 88 29 that
284 3392 139 36 which,
446 3391 28 30 if
497 3393 70 28 not
590 3400 20 21 a
633 3391 120 37 mask,
777 3392 67 29 has
866 3392 67 29 the
957 3391 178 37 qualities

177 3456 37 30 of
236 3465 21 20 a
280 3454 120 38 mask,
423 3455 73 28 and
520 3453 86 31 falls
630 3454 109 29 short
762 3453 38 30 of
815 3453 213 38 perfection
1047 3456 88 38 only

175 3519 40 29 in
239 3527 41 22 so
302 3517 59 31 far
385 3525 39 22 as
449 3518 31 28 it
503 3517 66 29 has
593 3518 68 28 not
684 3517 170 29 attained
889 3518 38 28 to
961 3518 66 30 the
1050 3526 64 28 per-

174 3581 142 31 fection
342 3579 37 31 of
401 3581 67 29 the
492 3579 78 30 real
595 3579 119 30 mask.
919 3586 45 24 &
1090 3586 44 25 &

245 3643 89 30 This
357 3643 31 30 is
412 3643 103 30 what
538 3643 46 28 he
607 3643 129 28 writes
760 3641 38 30 of
822 3642 183 36 Coquelin
1028 3642 107 36 Aine;

177 3708 25 16 44
217 3707 39 29 In
290 3708 11 15 4
304 3704 182 32 Tartuffe'
526 3704 182 37 Coquelin
745 3705 131 29 stands
914 3704 221 32 motionless

177 3770 23 18 44
214 3768 59 32 for
294 3767 76 33 five
394 3768 166 30 minutes
584 3768 39 29 at
647 3776 20 21 a
683 3768 107 34 time,
807 3767 165 30 without
990 3768 143 35 change

1195 322 24 14 44
1233 321 38 31 of
1301 323 231 37 expression,
1567 325 73 29 and
1673 327 66 35 yet
1771 327 162 37 nothing
1967 326 110 31 could
2110 329 44 29 be

1195 385 23 15 44
1233 393 103 22 more
1374 387 214 35 expressive
1625 388 95 30 than
1757 388 58 30 his
1851 388 82 32 face
1970 391 41 29 at
2043 391 111 29 those

1194 448 23 14 44
1233 449 188 28 moments
1707 451 33 30 It
1773 451 33 31 is
1835 452 87 30 that
1954 460 130 29 power
2118 452 39 30 of

1194 511 22 14 44
1229 512 219 35 sustaining
1472 519 47 22 an
1553 514 217 34 expression
1807 515 238 37 unchanged,
2080 515 74 29 and

1194 573 22 14 44
1229 574 65 35 yet
1317 573 139 37 always
1479 573 69 30 full
1572 573 39 31 of
1633 575 119 38 living
1774 576 260 37 significance,
2068 577 89 29 that

1193 635 23 14 44
1231 635 11 28 1
1267 635 79 29 find
1372 636 37 29 in
1434 636 229 36 Coquelin.lt
1687 639 31 29 is
1742 647 21 21 a
1785 641 87 34 part
1908 639 39 31 of
1979 640 60 30 his
2072 647 63 22 eco-

1193 698 23 16 -44
1230 706 113 29 nomy
1367 697 38 31 of
1419 698 66 30 the
1502 701 126 28 artist.
1646 700 74 30 The
1740 702 224 35 iniproviser
1984 704 171 29 disdains

1193 762 22 15 44
1229 768 183 30 economy
1435 769 39 21 as
1492 763 111 29 much
1620 771 39 21 as
1676 764 67 29 the
1760 764 115 30 artist
1891 765 195 30 cherishes
2110 765 43 29 it.

1193 825 23 15 44
1230 822 181 38 Coquelin
1436 823 67 30 has
1526 832 102 23 some
1646 825 215 33 half-dozen
1880 827 187 36 complete
2086 836 44 22 va-

1193 888 23 14 -44
1239 886 163 30 riations
1429 885 37 31 of
1489 888 66 29 the
1578 886 80 31 face
1693 888 46 29 he
1773 889 67 30 has
1867 891 198 36 composed
2093 889 61 30 for

1193 949 24 16 44
1235 947 186 37 Tartuffe;
1466 958 48 21 no
1560 959 103 21 more
1705 951 95 29 than
1836 952 99 36 that,
1971 953 94 29 with
2105 961 47 21 no

1193 1011 23 16 44
1230 1011 290 37 insignificance
1544 1013 37 30 of
1603 1015 218 35 expression
1845 1015 150 29 thrown
2035 1022 117 31 away:

1192 1073 23 17 44
1230 1074 71 28 but
1323 1074 92 29 each
1439 1074 191 30 variation
1653 1076 32 29 is
1708 1083 21 21 a
1753 1083 83 22 new
1860 1076 110 36 point
1986 1076 37 30 of
2042 1077 113 34 view,

1192 1136 24 14 44
1230 1135 99 30 from
1352 1137 124 29 which
1499 1145 58 22 we
1580 1145 64 22 see
1667 1138 66 29 the
1756 1137 123 30 whole
1904 1139 210 30 character.

1194 1197 83 30 And
1301 1199 47 29 he
1363 1200 126 29 traces
1514 1200 76 29 this
1614 1208 103 22 same
1735 1200 203 30 mask-like
1955 1201 145 38 quality
2114 1203 38 27 in

1204 1262 127 36 Irving
1367 1262 124 35 when,
1524 1263 216 36 describing
1764 1264 56 29 his
1844 1265 306 35 representation

1192 1323 38 29 of
1267 1324 223 31 Coriolanus
1527 1324 47 30 he
1611 1326 146 36 writes,
1801 1328 24 15 44
1847 1326 223 33 Restrained
2114 1328 40 28 in

1193 1387 23 14 44
1230 1394 125 28 scorn,
1379 1387 46 30 he
1460 1387 91 37 kept
1583 1388 241 37 throughout
1847 1396 47 22 an
1920 1389 167 29 attitude
2119 1389 38 30 of

1191 1450 25 14 44
1230 1449 205 30 disdainful
1464 1450 121 36 pride,
1619 1451 67 30 the
1719 1450 94 38 face,
1846 1451 67 30 the
1947 1459 102 31 eyes,
2081 1452 73 37 set,

1191 1512 24 15 44
1229 1512 112 30 while
1364 1512 88 37 only
1475 1513 58 30 his
1557 1514 134 29 mouth
1707 1514 196 37 twitched,
1919 1516 173 35 seeming
2112 1516 41 28 to

1193 1576 22 16 44
1230 1575 104 30 chew
1358 1576 58 30 his
1439 1577 137 34 words,
1599 1577 94 29 with
1727 1577 67 30 the
1828 1578 149 36 disgust
2011 1577 38 30 of
2082 1585 72 22 one

1191 1640 23 15 44
1228 1638 237 37 swallowing
1487 1647 22 21 a
1531 1639 144 35 painful
1922 1639 82 30 And
2028 1641 125 35 again,

1192 1707 40 23 as
1245 1700 333 37 Mephistopheles.
1588 1702 23 14 44
1615 1700 76 30 The
1704 1702 121 36 image
1838 1703 93 28 with
1946 1703 48 29 its
2008 1702 146 30 solemn

1192 1765 23 15 44
1230 1763 106 29 mask
1360 1763 92 29 lives
1477 1764 37 28 in
1540 1772 20 20 a
1585 1763 90 30 kind
1701 1763 37 30 of
1762 1764 171 37 galvanic
1954 1764 65 30 life
2043 1765 37 29 of
2103 1766 52 30 Its

1193 1825 22 16 44
1230 1833 99 29 own,
1351 1825 251 37 seductively,
1626 1826 93 29 with
1742 1834 103 22 some
1870 1826 176 37 mocking
2068 1836 66 28 sug-

1192 1888 24 16 -44
1230 1887 150 36 gestion
1405 1887 37 30 of
1465 1888 59 29 his
1548 1888 9 14 4
1572 1888 131 30 cousin
1726 1889 67 29 the
1816 1888 118 30 snake
2002 1890 72 28 and
2091 1891 65 35 yet

1193 1957 94 22 once
1330 1957 104 22 more
1479 1949 166 38 relating
1681 1951 41 29 to
1760 1959 21 21 a
1818 1951 262 35 performance
2118 1951 38 30 of

1193 2012 262 37 Marionettes,
1479 2013 46 29 he
1548 2014 143 29 asserts
1713 2013 86 30 that
1823 2014 22 15 44
1860 2013 151 37 Losing,
2035 2022 40 21 as
2098 2022 56 21 we

1193 2075 23 16 44
1231 2075 59 36 do,
1313 2075 219 37 something
1555 2074 38 30 of
1615 2076 66 29 the
1705 2076 269 38 particularity
1990 2076 38 30 of
2043 2077 112 29 these

1192 2138 23 16 44
1230 2137 156 35 painted
1409 2137 114 35 faces,
1546 2146 56 22 we
1626 2146 63 22 are
1713 2138 84 30 able
1820 2140 41 28 to
1886 2139 113 37 enjoy
2021 2139 50 29 all
2086 2139 67 29 the

1193 2200 23 17 44
1232 2200 128 29 better
1392 2200 103 30 what
1518 2201 32 28 it
1572 2201 32 29 is
1633 2201 187 37 certainly
1853 2201 214 36 important
2098 2209 57 22 we

1193 2263 23 15 44
1230 2262 135 30 should
1390 2264 229 36 appreciate,
1642 2263 30 30 if
1694 2272 54 21 we
1782 2271 65 22 are
1879 2264 106 36 truly
2017 2265 41 28 to
2093 2271 63 29 ap=

1193 2326 24 14 44
1231 2326 167 35 preciate
1432 2333 71 23 our
1532 2328 175 35 puppets.
1731 2326 87 30 This
1842 2328 30 28 is
1897 2327 162 36 nothing
2082 2325 73 31 less

1193 2388 25 15 44
1232 2388 93 29 than
1350 2396 20 21 a
1400 2387 196 38 fantastic,
1630 2390 66 36 yet
1719 2398 20 21 a
1762 2389 136 35 direct,
1931 2390 150 36 return,
2114 2389 41 29 to

1193 2451 23 14 44
1235 2451 65 29 the
1338 2450 126 31 masks
1500 2450 38 31 of
1575 2452 67 29 the
1680 2452 155 30 Greeks:
1872 2452 88 29 that
1996 2452 156 31 learned

1193 2513 24 15 44
1232 2512 149 30 artifice
1406 2514 47 35 by
1476 2514 124 29 which
1616 2514 162 38 tragedy
1794 2516 73 28 and
1886 2516 155 36 comedy
2056 2522 99 22 were

1195 2575 24 16 44
1233 2575 162 29 assisted
1419 2575 39 29 in
1480 2575 185 37 speaking
1686 2577 40 28 to
1750 2577 66 28 the
1840 2576 119 30 world
1976 2577 94 29 with
2087 2577 66 29 the

1196 2638 23 14 44
1233 2637 193 30 universal
1450 2638 120 34 voice,
1593 2638 47 37 by
1663 2638 79 29 this
1766 2638 209 29 deliberate
1999 2647 138 29 genera-

1197 2699 22 14 -44
1234 2697 114 37 lislng
1382 2697 39 30 of
1454 2699 183 29 emotion.
1668 2699 33 29 It
1731 2699 77 29 will
1844 2700 43 28 be
1912 2708 21 20 a
1956 2700 126 30 lesson
2115 2702 41 28 to

1197 2763 22 16 44
1233 2769 103 22 some
1360 2761 38 30 of
1421 2769 70 22 our
1507 2763 157 28 modern
1683 2762 167 34 notions;
1867 2763 73 28 and
1957 2763 32 28 it
2005 2770 84 29 may
2114 2763 44 29 be

1197 2825 23 16 44
1234 2824 229 30 instructive
1487 2823 61 31 for
1564 2832 43 22 us
1624 2826 40 28 to
1680 2825 176 30 consider
1871 2825 87 30 that
1973 2833 55 22 we
2049 2825 108 30 could

1197 2888 22 17 44
1235 2888 68 29 not
1329 2887 84 36 give
1437 2895 21 21 a
1480 2887 87 38 play
1590 2887 38 31 of
1651 2888 155 30 Ibsen's
1828 2889 42 29 to
1894 2889 265 37 marionettes,

1197 2951 23 15 44
1235 2951 70 30 but
1327 2951 87 28 that
1446 2958 56 22 we
1537 2950 109 30 could
1680 2951 83 37 give
1795 2951 106 30 them
1936 2952 66 29 the
2026 2953 23 14 44
2062 2951 73 38 Aga-

1197 3015 23 16 -44

1198 3083 45 25 &
1268 3078 91 28 How
1381 3078 233 35 interesting
1637 3078 31 28 it
1691 3078 31 29 is
1745 3078 41 29 to
1809 3076 80 31 find
1915 3079 56 29 Mr
1998 3079 161 37 Symons

1198 3139 221 38 expressing
1441 3140 93 29 such
1557 3141 116 29 views
1691 3148 40 22 as
1746 3141 122 35 these,
1884 3142 73 28 and
1973 3142 65 37 yet
2054 3148 105 23 more

1198 3210 41 23 so
1262 3204 40 28 to
1325 3202 81 30 find
1442 3203 77 29 him
1553 3203 158 37 writing
1745 3211 41 22 as
1820 3204 46 29 he
1901 3204 91 29 does
2025 3204 38 29 in
2100 3205 57 29 his

1198 3266 23 17 44
1235 3264 168 38 Apology
1424 3264 60 31 for
1730 3273 48 22 on
1793 3265 68 30 the
1876 3265 149 36 subject
2040 3266 38 30 of
2093 3266 66 30 the

1200 3329 242 29 marionette.
1468 3329 54 29 On
1545 3329 67 29 the
1635 3336 89 29 very
1759 3328 90 30 first
1881 3336 95 29 page
2010 3328 38 30 of
2080 3329 79 30 this

1199 3400 109 28 essay
1331 3391 47 30 he
1399 3391 142 30 strikes
1565 3393 39 28 at
1626 3391 67 30 the
1727 3392 105 29 roots
1856 3389 37 31 of
1916 3398 71 22 one
2022 3389 39 31 of
2093 3392 66 30 the

1199 3455 119 29 worst
1341 3455 73 28 and
1439 3456 99 27 most
1562 3455 172 35 growing
1749 3453 93 32 evils
1858 3452 39 31 of
1911 3454 67 29 the
2000 3455 159 28 modern

1734 3497 9 8 *

1198 3517 168 34 theatre,
1390 3516 64 30 the
1478 3516 235 37 personality
1736 3516 38 30 of
1795 3516 66 29 the
1895 3516 108 29 actor
2036 3516 123 30 which

1200 3581 158 29 renders
1383 3581 31 28 it
1437 3579 219 37 impossible
1679 3581 40 28 to
1744 3579 112 37 bring
1879 3586 21 22 a
1922 3578 108 30 work
2046 3579 38 30 of
2099 3581 61 28 art

1201 3650 100 28 upon
1325 3642 65 30 the
1414 3643 122 36 stage.
1600 3648 45 25 JZ?
2115 3648 45 24 &

1268 3706 23 14 44
1305 3704 108 30 After
1435 3706 134 35 seeing
1592 3713 21 21 a
1637 3704 128 38 ballet,
1788 3713 21 21 a
1836 3703 116 38 farce,
1986 3705 74 29 and
2094 3705 66 29 the

1200 3769 23 15 44
1236 3767 195 37 fragment
1463 3767 38 31 of
1533 3776 48 22 an
1616 3776 115 28 opera
1765 3766 213 38 performed
2014 3769 47 35 by
2094 3767 66 30 the
