2763 4064
2092 216 54 32 151

180 326 173 38 century.
377 326 33 30 It
434 327 65 30 has
524 328 92 30 been
641 329 200 35 preserved
866 330 46 35 by
935 329 204 35 Tabourot,
1162 329 65 31 the
1251 329 124 33 oldest
1398 331 72 31 and
1496 333 46 36 by
1564 333 59 30 far
1646 334 65 29 the
1728 335 99 29 most
1843 336 151 29 curious
2010 336 132 30 writer

183 386 38 30 of
244 396 73 29 any
340 389 111 30 other
474 398 46 21 on
543 391 65 29 the
632 392 61 28 art
717 389 37 31 of
777 392 172 35 dancing.
973 391 45 37 (1)
1761 404 44 24 &
1931 406 44 23 jg?
2100 406 44 24 &

253 449 50 29 He
327 449 140 30 relates
489 451 87 29 that
597 452 39 28 in
660 452 57 28 his
738 451 176 38 youthful
938 453 89 36 days
1049 452 32 30 it
1104 461 76 22 was
1203 454 66 30 the
1294 456 145 29 custom
1473 458 35 28 in
1541 459 95 35 good
1670 459 174 30 societies
1877 459 59 30 for
1959 468 21 22 a
2003 461 71 37 boy
2105 462 41 29 to

183 517 104 21 come
310 510 81 30 into
414 511 66 29 the
503 512 77 30 hall
602 513 109 30 when
734 522 139 28 supper
895 523 76 21 was
992 514 177 38 finished,
1192 517 93 29 with
1310 518 58 30 his
1390 518 80 30 face
1495 519 217 39 blackened,
1737 522 57 30 his
1815 521 179 32 forehead
2019 524 125 29 bound

181 570 93 30 with
290 571 116 30 white
423 580 43 22 or
480 573 133 36 yellow
626 573 147 38 taffeta,
790 576 72 28 and
881 574 92 31 bells
989 576 76 29 tied
1083 577 40 29 to
1136 577 57 29 his
1211 577 90 37 legs.
1319 579 52 29 He
1383 579 92 30 then
1490 583 205 33 proceeded
1709 583 40 30 to
1763 583 117 30 dance
1893 584 65 29 the
1971 583 173 32 Morisco

180 633 66 30 the
268 634 122 29 whole
414 633 131 37 length
569 635 37 30 of
628 636 65 29 the
717 636 90 34 hall,
835 636 217 31 backwards
1086 639 71 28 and
1190 637 197 38 forwards,
1419 642 41 30 to
1493 643 65 29 the
1592 646 109 33 great
1733 647 237 28 amusement
2003 646 38 30 of
2080 647 65 30 the

182 703 193 30 company.
400 696 52 38 (2)
475 698 51 28 He
550 698 103 29 hints
675 698 87 29 that
783 698 66 29 the
874 698 73 30 bell
971 700 122 35 might
1115 700 93 29 have
1242 701 92 30 been
1370 703 193 31 borrowed
1597 704 96 31 from
1728 707 65 30 the
1827 707 147 31 crotali
2010 708 38 30 of
2079 708 67 31 the

181 758 173 29 ancients
377 759 38 28 in
439 759 66 29 the
529 759 159 36 Pyrrhic
710 761 130 29 dance.
865 761 50 29 He
938 761 92 29 then
1055 762 189 30 describes
1267 764 64 29 the
1362 772 101 22 more
1498 766 156 31 modern
1688 769 136 30 morris
1857 771 131 36 dance,
2022 771 122 30 which

182 827 78 21 was
281 819 214 36 performed
520 821 47 36 by
589 820 166 38 striking
776 823 65 29 the
867 824 146 35 ground
1036 824 92 29 with
1152 825 65 29 the
1240 823 171 38 forepart
1434 826 37 30 of
1493 828 65 29 the
1581 827 91 37 feet;
1689 830 81 34 but,
1787 839 40 22 as
1843 832 76 30 this
1935 841 77 22 was
2027 833 116 31 found

181 881 40 29 to
247 882 44 28 be
314 884 64 27 too
401 881 203 38 fatiguing,
626 884 66 30 the
715 885 144 29 motion
882 893 77 21 was
983 884 225 32 afterwards
1231 886 175 31 confined
1429 889 40 28 to
1493 889 64 30 the
1582 890 97 35 heel,
1701 891 65 30 the
1791 893 84 29 toes
1909 894 110 37 being
2053 895 91 36 kept

181 940 101 40 firm,
306 943 47 37 by
374 944 122 30 which
521 952 130 23 means
666 946 65 29 the
756 946 138 30 dancer
917 947 193 30 contrived
1128 948 39 29 to
1184 947 114 31 rattle
1323 949 56 29 his
1396 949 94 30 bells
1505 951 92 29 with
1615 959 102 22 more
1733 952 127 32 effect.
1878 955 52 30 He
1947 957 90 30 adds
2060 959 86 30 that

182 1005 78 30 this
284 1007 108 29 mode
415 1006 37 29 of
475 1008 162 36 dancing
658 1007 65 30 fell
747 1009 81 29 into
852 1009 139 36 disuse,
1015 1016 40 22 as
1078 1009 31 29 it
1130 1018 76 21 was
1229 1009 116 31 found
1368 1012 40 29 to
1433 1013 110 36 bring
1576 1021 48 21 on
1658 1016 117 35 gouty
1799 1017 235 36 complaints.
2058 1019 87 32 This

183 1069 31 29 is
236 1069 66 29 the
326 1070 55 28 air
403 1070 39 29 to
465 1069 123 30 which
611 1070 66 30 the
701 1069 312 32 last-mentioned
1038 1072 135 29 morris
1196 1081 77 21 was
1295 1072 228 37 performed.

2210 334 109 32 THE
2354 337 219 33 MORRIS

2212 397 257 33 DANCE.
2530 406 44 25 &

1171 1135 33 28 It
1227 1135 66 30 has
1317 1138 94 28 been
1434 1140 184 34 supposed
1642 1139 86 30 that
1749 1140 66 30 the
1850 1144 135 31 morris
2025 1144 117 31 dance

1102 1206 76 22 was
1199 1197 89 31 first
1312 1200 164 37 brought
1498 1202 82 28 into
1604 1202 167 36 England
1810 1205 36 28 in
1884 1206 66 28 the
1991 1206 94 30 time
2108 1207 39 30 of

1103 1262 156 31 Edward
1283 1264 65 28 the
1371 1263 127 37 Third,
1521 1265 110 29 when
1648 1265 97 30 John
1763 1265 37 30 of
1817 1267 125 30 Gaunt
1957 1270 183 29 returned

1102 1324 99 31 from
1223 1327 127 35 Spain;
1373 1327 51 37 (3)
1462 1328 68 28 but
1563 1329 31 28 it
1627 1329 30 29 is
1691 1330 109 29 much
1834 1340 103 22 more
1960 1331 184 37 probable

1102 1390 87 29 that
1209 1398 56 21 we
1289 1390 70 30 had
1383 1391 32 29 it
1436 1389 97 31 from
1558 1400 70 22 our
1665 1393 116 30 Gallic
1818 1396 242 35 neighbours,
2098 1404 44 23 or

1102 1459 94 22 even
1229 1451 97 30 from
1359 1453 66 29 the
1461 1453 199 38 Flemings.
1696 1456 84 30 Few
1813 1456 30 30 if
1871 1465 73 30 any
1978 1459 166 36 vestiges

2211 1139 61 30 Its
2297 1138 275 31 introduction

2208 1200 108 30 into
2359 1199 213 40 England.

184 1508 38 30 of
244 1510 32 28 it
298 1518 68 21 can
392 1511 43 28 be
456 1511 131 29 traced
613 1512 145 35 beyond
782 1512 66 29 the
870 1512 108 36 reign
1002 1511 37 30 of
1063 1513 125 37 Henry
1209 1514 65 29 the
1291 1515 178 35 Seventh;
1486 1517 117 28 about
1617 1517 121 30 which
1755 1519 105 34 time,
1884 1520 71 29 and
1980 1521 146 35 particu-

185 1571 94 37 larly
302 1572 37 29 in
364 1572 86 29 that
483 1571 38 31 of
554 1573 125 37 Henry
712 1574 65 29 the
811 1573 150 38 Eighth,
995 1575 64 29 the
1093 1575 329 31 churchwardens'
1469 1579 180 29 accounts
1692 1580 38 28 in
1775 1580 144 30 several
1975 1582 170 36 parishes

185 1632 121 31 afford
341 1634 194 30 materials
569 1636 84 28 that
675 1636 124 29 throw
823 1636 109 29 much
957 1636 97 36 light
1076 1644 47 22 on
1147 1637 66 30 the
1237 1639 159 35 subject,
1419 1640 71 28 and
1514 1640 103 29 show
1640 1641 86 29 that
1748 1642 65 29 the
1850 1644 136 29 morris
2030 1644 116 29 dance

185 1696 107 29 made
316 1705 20 20 a
359 1704 90 29 very
472 1697 260 30 considerable
754 1696 123 37 figure
901 1697 38 29 in
964 1698 66 30 the
1053 1698 190 37 parochial
1266 1698 184 32 festivals.
1592 1709 45 23 &
1930 1712 45 24 &
2102 1712 45 24 &

183 1764 44 25 j/
250 1757 29 30 A
303 1757 75 31 late
400 1758 173 31 valuable
596 1760 133 29 writer
752 1760 66 29 has
842 1761 198 29 remarked
1064 1762 87 28 that
1173 1763 37 28 in
1234 1770 102 22 some
1360 1763 123 35 places
1505 1765 65 29 the
1593 1766 231 37 May-games
1847 1766 38 30 of
1907 1769 117 32 Robin
2043 1769 101 28 Hood

181 1828 100 22 were
305 1821 162 36 nothing
490 1829 103 22 more
616 1822 93 29 than
733 1830 21 21 a
779 1824 136 29 morris
938 1825 129 34 dance,
1090 1824 39 29 in
1152 1825 122 29 which
1299 1826 117 32 Robin
1441 1828 116 35 Hood,
1582 1828 114 30 Little
1719 1829 113 34 John,
1867 1830 95 29 Maid
1987 1831 159 36 Marian,

183 1883 71 28 and
280 1882 105 30 Frier
408 1883 102 29 Tuck
531 1891 101 22 were
654 1884 65 29 the
743 1885 183 36 principal
951 1893 239 30 personages,
1213 1888 66 28 the
1303 1888 130 29 others
1458 1889 112 36 being
1585 1898 20 21 a
1622 1889 118 30 clown
1758 1898 43 21 or
1815 1889 89 38 fool,
1920 1891 65 29 the
2006 1891 118 37 hobby-

184 1946 124 36 horse,
331 1945 65 30 the
420 1947 168 35 taborer,
612 1947 73 29 and
710 1947 63 30 the
797 1948 171 34 dancers,
990 1949 84 29 who
1098 1957 99 22 were
1221 1957 103 21 more
1349 1957 41 21 or
1415 1949 71 31 less
1511 1959 216 28 numerous;
1751 1952 52 37 (4)
1825 1953 69 28 but
1916 1952 76 30 this
2025 1960 120 22 seems

185 2007 39 28 to
249 2007 44 29 be
317 2015 20 21 a
361 2007 173 30 mistake.
559 2007 75 30 The
657 2009 85 35 May
763 2017 126 27 games
912 2008 38 30 of
973 2010 117 32 Robin
1115 2011 101 29 Hood
1241 2018 139 28 appear
1401 2013 40 28 to
1465 2013 92 28 have
1583 2014 91 28 been
1700 2013 220 38 principally
1943 2015 202 29 instituted

182 2066 60 31 for
265 2069 64 28 the
352 2071 323 34 encouragement
698 2069 38 29 of
759 2071 167 36 archery,
950 2073 72 27 and
1039 2080 100 22 were
1156 2074 191 37 generally
1363 2076 261 35 accompanied
1643 2076 46 36 by
1705 2077 136 28 morris
1857 2077 171 36 dancers,
2048 2077 98 35 who,

183 2130 270 36 nevertheless,
477 2130 144 31 formed
647 2132 68 29 but
738 2140 21 20 a
782 2133 246 29 subordinate
1051 2135 85 33 part
1159 2133 38 30 of
1218 2135 66 29 the
1308 2142 211 30 ceremony.
1545 2137 32 27 It
1599 2137 32 29 is
1654 2137 46 36 by
1724 2145 47 21 no
1796 2145 127 22 means
1947 2138 100 30 clear
2061 2140 85 30 that

184 2194 39 28 at
246 2201 73 29 any
340 2194 94 28 time
459 2194 117 32 Robin
602 2194 101 28 Hood
728 2194 72 28 and
825 2194 57 30 his
906 2196 243 34 companions
1176 2204 98 21 were
1309 2196 247 31 constituent
1589 2199 215 30 characters
1838 2201 38 27 in
1909 2200 65 29 the
1998 2202 147 30 morris.

183 2255 118 29 There
324 2263 113 27 were,
461 2255 160 34 besides,
644 2256 231 35 May-games
900 2255 37 30 of
959 2265 20 20 a
1002 2264 103 22 more
1139 2257 133 36 simple
1300 2259 148 36 nature,
1483 2260 110 35 being
1627 2260 142 36 merely
1803 2261 135 29 dances
1971 2262 121 29 round
2126 2271 21 20 a

182 2315 200 38 May-pole,
405 2316 48 36 by
475 2316 65 29 the
564 2315 80 30 lads
668 2316 71 29 and
764 2316 116 31 lasses
903 2316 38 31 of
963 2318 67 29 the
1053 2317 150 37 village,
1225 2319 73 29 and
1323 2319 64 29 the
1411 2320 218 29 undoubted
1654 2322 165 30 remains
1842 2321 37 30 of
1905 2323 66 29 the
2005 2324 140 33 Roman

183 2377 172 29 Floralia.
380 2377 53 37 (5)

2211 1753 81 32 The
2309 1753 98 42 May
2421 1759 150 34 games.

183 2474 96 33 N*o
307 2476 31 30 T
357 2475 33 32 E
411 2475 28 32 S
461 2499 9 9 .

182 2537 55 42 (1)
260 2540 93 29 Jean
377 2539 203 37 Tabourot,
605 2548 119 22 canon
748 2543 72 28 and
844 2542 139 30 official
1006 2542 38 30 of
1065 2544 65 28 the
1154 2544 192 29 cathedral
1370 2544 37 29 of
1430 2545 176 35 Lengres,
1631 2545 195 35 published
1850 2547 59 29 his
1930 2548 24 15 44
1968 2549 157 29 Qrcheso-

181 2602 157 36 graphie
361 2603 40 28 et
421 2603 138 29 traicte
583 2611 46 21 an
653 2602 120 30 forme
797 2605 45 28 de
871 2605 172 36 dialogue
1076 2613 68 28 par
1177 2606 122 35 lequel
1333 2608 129 28 toutes
1495 2615 206 28 personnes
1735 2612 165 31 peuvent
1931 2609 218 32 facilement

182 2665 211 35 apprendre
416 2666 39 27 et
477 2666 198 36 pratiquer
698 2665 36 30 1'
749 2666 184 31 honneste
966 2669 163 28 exercise
1164 2669 65 28 des
1263 2667 185 31 dances'"
1482 2669 97 37 1589,
1613 2672 76 35 4to,
1714 2672 121 29 under
1856 2673 65 29 the
1950 2681 173 28 anagram-

184 2728 161 30 matized
381 2735 109 21 name
525 2727 38 29 of
595 2729 23 16 44
632 2728 163 30 Thoinot
1063 2732 51 27 He
1149 2730 84 30 died
1267 2731 38 29 in
1340 2738 97 30 1595,
1471 2733 39 28 at
1543 2733 64 28 the
1641 2741 67 28 age
1742 2733 38 30 of
1813 2734 56 30 66.
1904 2735 62 29 His
1988 2735 106 30 work
2116 2737 31 28 is

183 2788 150 38 equally
355 2789 152 30 curious
529 2791 73 28 and
628 2798 239 22 uncommon.

183 2848 60 41 (2)
267 2851 73 28 But
361 2851 67 29 the
453 2852 143 28 French
620 2852 137 29 morris
780 2860 66 21 can
872 2854 44 28 be
939 2854 130 29 traced
1093 2855 40 28 to
1156 2862 20 21 a
1201 2855 109 28 much
1333 2855 139 30 earlier
1493 2857 141 34 period.
1658 2858 144 35 Among
1825 2858 110 28 other
1957 2859 190 28 instances

185 2911 38 29 of
254 2912 66 29 the
352 2912 230 37 prodigality
616 2913 38 29 of
687 2915 157 28 Messire
881 2914 115 30 Gilles
1030 2916 44 28 de
1112 2916 101 34 Raiz,
1246 2916 39 29 in
1320 2923 97 29 1440,
1454 2916 156 31 morris
1645 2916 177 32 dancers
1858 2927 63 21 are
1957 2918 191 37 specified.

185 2973 204 35 Lobineau,
413 2972 108 31 Hist,
545 2972 49 31 de
616 2972 227 41 Bretagne,
867 2976 39 29 ii.
930 2977 97 35 1069.
1052 2979 37 27 In
1113 2979 67 28 the
1203 2980 180 28 accounts
1407 2979 37 29 of
1472 2979 139 30 Olivier
1644 2980 46 29 de
1725 2980 116 36 Roux,
1879 2982 197 29 treasurer
2108 2982 40 29 to

182 3036 147 30 Arthur
352 3036 58 28 111.
435 3034 99 30 duke
558 3035 37 29 of
619 3037 187 36 Bretagne
829 3038 38 28 in
892 3045 97 29 1457*
1013 3040 30 28 is
1066 3040 77 29 this
1168 3040 157 29 article.
1350 3041 23 15 44
1386 3040 20 29 h
1430 3041 139 29 certais
1606 3043 266 35 cempaignons
1900 3044 65 35 qui
1999 3045 151 28 avoient

182 3097 72 30 fait
275 3097 163 36 plusiers
461 3098 239 29 esbatemens
724 3099 44 28 de
790 3098 239 40 morisques
1053 3102 40 28 et
1115 3102 129 29 eutres
1268 3102 86 35 jeux
1377 3103 139 29 devant
1538 3102 34 30 le
1601 3103 71 29 due
1705 3103 21 29 h
1759 3103 117 30 Tours
1909 3106 50 28 vi.

184 3161 53 28 Id.
261 3167 97 27 1205.
382 3159 49 30 At
453 3167 22 22 a
496 3159 174 36 splendid
694 3159 99 30 feast
815 3161 110 36 given
950 3163 47 35 by
1022 3163 140 30 Gaston
1187 3165 45 28 de
1256 3163 89 30 Foix
1368 3165 40 28 at
1441 3163 189 31 Venddme
1664 3166 38 28 in
1737 3166 97 35 1458,
1868 3168 23 16 44
1909 3167 110 30 foure
2051 3176 100 28 yong

185 3222 128 30 laddes
346 3223 73 29 and
457 3231 20 20 a
515 3221 180 30 damosell
735 3222 140 30 attired
914 3222 78 30 like
1029 3233 155 28 savages
1219 3226 168 29 daunced
1422 3226 63 37 (by
1517 3227 95 35 good
1648 3227 202 39 direction)
1883 3238 47 20 an
1964 3229 187 30 excellent

185 3282 184 32 Morisco
374 3307 9 14 ,
421 3284 129 30 before
594 3285 66 28 the
704 3284 199 37 assembly.
996 3285 156 31 Favines
1196 3288 23 16 44
1244 3287 162 30 Theater
1450 3287 38 31 of
1528 3288 149 30 honour
1768 3299 35 28 p.
1848 3299 80 28 345,
1971 3293 73 28 and
2088 3299 62 22 see

185 3347 239 36 Carpentier,
458 3348 22 16 44
493 3345 129 37 Suppl.
658 3347 46 28 ad
741 3346 157 36 glossar.
935 3348 231 36 Ducangian.
1199 3357 35 22 v.
1270 3349 521 40 MorikinusCoquillart,
1825 3361 21 21 a
1880 3354 142 29 French
2062 3354 89 35 poet

185 3409 83 29 who
292 3412 121 27 wrote
437 3410 119 29 about
577 3416 98 29 1470,
697 3416 84 29 says
804 3409 87 29 that
913 3410 65 29 the
1001 3411 113 29 Swiss
1138 3412 142 29 danced
1304 3412 66 29 the
1392 3410 185 33 Morisco
1601 3415 40 28 to
1664 3415 66 28 the
1754 3415 89 30 beat
1872 3414 38 31 of
1942 3417 64 28 the
2030 3415 121 35 drum,

184 3471 23 17 44
223 3471 178 37 Oeuvres,
425 3480 35 28 p.
484 3479 75 29 127.

185 3531 60 41 (3)
270 3533 129 29 Peck's
416 3536 24 15 44
453 3534 180 29 Memoirs
649 3532 39 30 of
899 3541 74 28 135.
990 3535 112 30 What
1116 3536 77 29 this
1209 3537 132 30 writer
1357 3537 66 30 has
1439 3539 118 28 added
1575 3546 46 21 on
1638 3539 65 29 the
1719 3539 148 35 subject
1882 3537 37 31 of
1933 3539 66 29 the
2015 3540 136 30 morris

186 3595 117 29 dance
326 3595 33 29 is
383 3597 67 28 not
472 3603 90 30 very
586 3595 242 36 interesting;
851 3596 70 28 but
936 3596 46 29 he
999 3596 32 30 is
1049 3597 185 38 certainly
1250 3598 189 31 mistaken
1457 3600 38 28 In
1514 3600 57 29 his
1588 3600 240 36 explanation
1846 3600 37 30 of
1898 3598 98 40 five,
2012 3608 139 31 seven,

187 3664 53 23 or
258 3655 99 32 nine
381 3665 96 22 men
494 3657 9 13 '
515 3666 18 22 s
555 3655 167 33 morris.

187 3717 61 41 (4)
271 3719 131 34 Rltson
416 3720 40 29 's
479 3722 24 15 44
518 3721 117 33 Robin
660 3720 102 29 Hood
838 3720 27 29 I.
889 3720 61 29 cfi.

186 3779 61 40 (5)
270 3782 68 29 See
360 3781 246 39 particularly
628 3783 164 29 Stubbes
816 3782 22 16 44
853 3783 199 30 Anatomie
1076 3782 38 30 of
1135 3784 134 30 abuses
1341 3793 36 29 p.
1400 3793 75 31 109,
1498 3786 92 31 edit.
1613 3793 98 32 1595,
1733 3788 77 36 4to.
