2763 4064
2050 269 60 30 177

166 384 222 67 THE
515 384 548 74 GERMANS

1191 386 99 78 by
1414 385 204 64 John
1751 384 360 63 Balance.

166 533 105 64 'Jphe
295 537 180 29 Germans
498 544 64 22 are
585 536 137 38 always
745 538 229 35 interesting
997 536 71 30 and
1093 538 12 27 I
1127 536 80 30 find
1230 536 134 37 myself
1385 536 137 38 always
1543 536 179 37 thinking
1744 536 72 28 and
1829 534 154 37 writing
1999 535 115 29 about

224 599 118 28 them.
366 599 13 28 I
404 597 111 30 know
537 599 105 29 them
666 608 21 20 a
710 599 113 36 little;
846 600 101 29 their
969 606 139 29 energy
1131 600 31 28 is
1184 600 151 34 superb,
1358 599 102 29 their
1481 606 107 22 sense
1613 597 37 31 of
1672 606 181 27 economy
1887 597 88 30 first
2004 598 109 34 class;

164 660 90 35 they
276 661 117 28 waste
418 660 149 29 neither
588 661 107 35 time,
718 668 109 28 space
851 669 70 22 nor
954 668 146 29 money;
1131 661 92 36 they
1256 661 232 29 understand
1521 660 107 29 these
1660 660 111 29 three
1804 660 141 34 things.
1980 660 39 27 In
2044 666 70 21 one

164 722 108 35 thing
296 722 87 36 only
406 722 45 28 do
474 722 91 36 they
586 721 127 36 forget
736 724 40 28 to
800 731 65 22 use
889 731 179 28 economy
1091 724 72 28 and
1187 724 38 27 in
1247 722 86 30 that
1355 722 110 36 thing
1487 722 90 36 they
1599 729 72 22 run
1693 722 89 35 riot,
1806 722 149 28 become
1978 720 114 35 spend-

165 782 133 30 thrifts
320 783 71 28 and
417 791 63 21 are
504 783 213 36 altogether
739 785 105 35 quite
868 783 205 38 unseemly.
1096 783 85 30 This
1205 784 31 29 is
1259 784 109 29 when
1390 783 91 36 they
1504 784 163 34 attempt
1687 784 41 29 to
1762 785 125 27 create
1919 781 125 30 works
2077 781 38 30 of

166 846 72 28 art:
262 844 93 30 then
378 845 90 36 they
492 846 150 28 become
665 846 119 36 really
807 847 224 35 dangerous.
1055 846 112 29 Their
1188 845 179 36 practical
1392 846 106 28 cities
1521 846 85 28 that
1628 846 90 35 they
1747 844 103 30 build
1884 852 68 21 can
1986 845 46 27 do
2066 851 48 21 no

167 915 71 21 one
261 907 106 29 harm
390 907 71 29 and
485 908 46 27 do
555 907 226 31 themselves
804 909 109 29 much
937 908 108 36 good.
1069 909 38 27 In
1131 907 75 30 like
1230 915 157 21 manner
1408 907 102 29 their
1533 907 145 35 mighty
1710 907 102 34 ships
1846 907 115 27 about
1993 905 121 29 which

165 976 56 21 we
244 969 38 28 in
308 968 165 36 England
498 970 160 34 pretend
681 971 40 28 to
738 971 45 28 be
799 978 40 21 so
861 969 229 37 frightened;
1112 970 102 29 their
1235 977 186 28 army,...
1445 968 48 29 all
1516 968 108 29 these
1648 968 108 29 could
1780 968 47 28 do
1844 975 47 21 no
1908 974 70 21 one
1996 967 118 28 harm.

167 1029 118 30 There
301 1030 31 29 is
356 1029 87 37 only
459 1037 70 22 one
545 1032 106 33 point
673 1032 38 28 in
734 1032 121 29 which
879 1032 65 29 the
968 1033 179 28 Germans
1170 1039 64 21 are
1256 1030 118 37 really
1396 1032 292 34 dangerous;...
1709 1030 86 28 that
1817 1030 31 28 is
1870 1030 38 28 in
1925 1029 102 29 their
2042 1029 72 28 art.

167 1096 45 25 j5?
234 1093 77 28 One
334 1091 37 30 of
393 1092 66 29 the
482 1100 86 22 men
590 1093 87 29 that
700 1093 166 36 England
891 1101 68 21 can
983 1095 97 27 most
1102 1092 82 30 fear
1206 1094 31 28 is
1261 1094 50 27 Dr
1334 1093 158 33 Richard
1515 1093 165 29 Strauss.
1734 1097 44 25 45?
1902 1096 44 25 45?

167 1159 45 24 &
235 1154 50 28 Dr
308 1154 157 32 Richard
489 1155 153 29 Strauss
665 1155 31 29 is
720 1157 66 28 not
810 1164 46 21 an
880 1156 125 34 artist;
1029 1156 44 29 he
1096 1156 31 28 is
1150 1164 21 20 a
1193 1154 179 36 practical
1395 1155 159 29 German
1577 1154 83 29 who
1677 1153 122 30 would
1817 1154 93 29 have
1925 1160 91 29 very
2030 1151 85 30 well

167 1215 193 36 employed
386 1216 58 28 his
467 1224 140 29 energy
630 1218 38 28 in
693 1217 153 36 making
867 1218 158 35 engines
1047 1216 60 30 for
1128 1225 78 21 war
1230 1218 69 28 but
1319 1217 83 29 who
1426 1218 32 28 is
1481 1215 168 37 horribly
1682 1215 194 36 employed
1900 1215 38 28 in
1962 1213 154 36 making

167 1276 169 36 peaceful
360 1279 131 28 music.
515 1278 75 30 The
612 1279 136 29 reader
771 1281 101 27 must
894 1280 147 28 correct
1066 1286 58 22 me
1147 1278 27 30 if
1191 1280 12 27 I
1220 1286 59 22 am
1301 1286 131 28 wrong
1456 1279 37 27 in
1517 1277 208 36 imagining
1740 1277 85 28 that
1841 1276 64 29 the
1922 1274 88 31 Fine
2027 1274 88 29 Arts

167 1346 64 22 are
255 1340 150 28 created
429 1341 37 28 in
492 1340 148 29 honour
663 1340 37 29 of
721 1342 65 28 the
810 1341 164 29 Goddess
990 1340 37 29 of
1043 1341 129 29 Peace.
1195 1342 108 27 Some
1327 1340 82 29 how
1434 1347 41 21 or
1500 1339 109 29 other
1624 1340 13 28 I
1654 1339 211 29 remember
1886 1338 66 28 the
1968 1337 147 35 phrase,

168 1401 23 14 44
204 1400 65 30 the
293 1399 89 31 Arts
405 1400 37 30 of
464 1402 86 29 War
574 1409 42 21 or
639 1402 116 29 Peace
894 1408 45 23 ?z?
1063 1408 44 24 &?
1232 1407 44 24 ?2?
1401 1407 43 23 &
1569 1406 44 24 45?
1737 1406 44 23 &
1903 1404 45 24 £?
2071 1403 45 24 jS?

167 1467 44 25 45?
224 1463 100 36 Now,
337 1464 145 29 instead
498 1463 36 29 of
548 1465 110 34 being
671 1463 37 29 of
723 1472 72 27 any
809 1463 110 30 value
935 1465 39 28 to
992 1471 43 21 us
1051 1465 38 27 in
1105 1472 21 20 a
1142 1465 99 28 state
1259 1463 37 29 of
1311 1471 123 27 peace,
1453 1465 50 27 Dr
1520 1463 155 32 Richard
1692 1462 185 29 Strauss's
1900 1462 22 15 44

167 1524 134 30 should
326 1526 44 28 be
393 1524 129 37 played
549 1526 46 35 by
617 1526 64 28 the
705 1525 165 36 military
894 1526 96 28 band
1014 1526 108 28 when
1147 1525 65 29 the
1237 1526 179 28 Germans
1439 1526 59 28 set
1520 1526 67 28 out
1611 1531 46 21 on
1681 1524 101 28 their
1806 1524 89 28 next
1910 1523 206 35 campaign.

167 1587 12 28 I
204 1585 85 37 defy
311 1594 147 29 anyone
480 1587 40 28 to
543 1587 110 28 stand
679 1594 47 29 up
749 1587 147 35 against
919 1588 43 35 it;
976 1587 31 29 it
1018 1587 123 29 would
1166 1589 44 27 be
1234 1586 304 36 overwhelming.
1562 1585 75 30 The
1661 1586 93 35 good
1772 1585 134 29 honest
1922 1584 193 35 European

167 1656 43 20 or
232 1648 196 29 American
452 1647 159 30 soldiers
632 1648 123 29 would
780 1649 45 28 be
848 1649 143 28 mowed
1016 1650 108 28 down
1148 1650 46 36 by
1216 1649 31 29 it
1269 1649 92 28 with
1385 1656 103 21 more
1512 1648 113 29 effect
1647 1648 93 29 than
1762 1647 93 29 with
1879 1655 21 21 a
1928 1646 187 29 thousand

169 1710 134 28 Maxim
327 1717 110 28 guns;
460 1717 92 21 even
577 1710 65 29 the
665 1709 141 31 Asiatic
828 1710 122 30 would
974 1711 162 29 tremble
1160 1718 40 22 as
1223 1718 91 22 once
1338 1710 46 30 he
1408 1710 62 28 did
1495 1709 127 30 before
1649 1710 109 28 those
1793 1707 164 30 horrible
1992 1706 124 30 masks

167 1772 121 29 which
311 1773 65 28 the
400 1773 183 34 Japanese
607 1772 177 29 invented
808 1773 39 28 to
870 1771 169 37 frighten
1061 1773 65 29 the
1150 1780 144 28 enemy;
1317 1773 32 28 it
1372 1773 30 28 is
1425 1772 78 35 just
1524 1772 92 29 such
1639 1771 162 29 another
1823 1771 109 35 thing
1946 1778 41 21 as
2008 1770 108 29 those

171 1833 163 30 horrible
359 1833 137 30 masks.
559 1837 1557 28 4s?&?£?4s?jg?&?j&4&<£?j£?

168 1901 44 24 45?
235 1895 71 30 For
329 1895 179 36 example,
532 1897 174 28 conceive
729 1897 65 28 the
818 1897 118 28 sound
961 1896 37 30 of
1020 1897 129 29 drums
1172 1897 134 29 beaten
1329 1897 92 28 with
1444 1896 87 29 rods
1561 1896 71 28 and
1656 1894 37 30 of
1715 1895 182 35 triangles
1921 1893 132 30 hurled
2077 1895 39 28 at

170 1965 130 28 gongs.
326 1957 95 30 Both
445 1957 106 29 these
575 1958 24 16 44
804 1958 64 29 the
893 1959 161 28 German
1079 1959 137 28 Doctor
1239 1959 65 28 has
1327 1957 223 30 introduced
1574 1957 81 29 into
1679 1957 57 29 his
1806 1956 151 31 Elektra
2041 1956 74 29 The

169 2020 119 28 sound
313 2018 37 30 of
372 2026 113 29 every
507 2018 137 30 animal
668 2019 31 29 Is
723 2018 77 30 also
824 2020 245 35 reproduced;
1093 2020 64 29 the
1180 2019 176 36 cracking
1379 2018 37 30 of
1438 2019 119 36 whips
1573 2027 46 21 on
1636 2019 64 29 the
1717 2017 111 31 backs
1845 2017 37 30 of
1896 2017 134 36 slaves,
2049 2017 65 29 the

169 2079 146 32 shrieks
352 2080 37 29 of
410 2081 65 28 the
498 2081 187 33 tortured,
708 2081 64 28 the
797 2080 116 30 blows
936 2080 37 30 of
995 2090 21 20 a
1039 2081 154 29 hatchet
1216 2089 99 27 upon
1338 2081 139 29 human
1510 2080 108 34 flesh,
1642 2079 49 30 all
1713 2079 107 30 these
1854 2080 122 28 noises
2011 2078 103 30 belch

169 2144 66 28 out
258 2142 96 29 from
377 2143 66 28 the
457 2143 207 35 orchestra,
686 2143 66 29 the
776 2144 197 29 orchestra
996 2144 38 29 of
1056 2145 258 33 Strauss,....
1337 2145 71 28 and
1432 2151 111 22 cause
1566 2143 64 28 the
1654 2141 176 30 beholder
1854 2142 39 28 at
1915 2142 64 28 the
1997 2142 118 34 Opera

172 2213 46 20 no
240 2204 82 29 fear
343 2204 205 30 whatever.
572 2204 73 29 But
667 2203 111 30 think
800 2206 102 28 what
924 2206 90 35 they
1037 2206 120 35 might
1180 2207 44 27 be
1247 2213 48 21 on
1318 2206 64 28 the
1406 2204 88 30 field
1517 2204 37 30 of
1578 2203 117 30 battle
1709 2204 9 28 I
1736 2208 44 24 jS?
1903 2208 44 24 45?
2070 2207 45 25 j£?

170 2273 44 24 j£?
237 2266 43 30 Of
303 2274 130 22 course
456 2267 153 29 Strauss
632 2266 161 30 believes
815 2268 86 28 that
924 2267 57 30 his
1003 2269 139 28 sounds
1164 2267 120 30 strike
1307 2269 139 34 terror,
1470 2268 67 28 but
1561 2268 12 27 I
1595 2265 67 30 ask
1686 2266 73 28 him
1776 2264 59 30 for
1851 2272 70 22 one
1943 2265 173 35 evening,

169 2328 147 30 instead
340 2327 38 31 of
399 2327 153 37 looking
574 2330 40 27 at
637 2328 55 30 his
715 2337 120 28 score,
858 2330 39 28 to
919 2330 92 28 turn
1034 2330 58 28 his
1114 2337 85 29 eyes
1222 2330 165 28 towards
1409 2329 63 29 the
1495 2330 193 28 audience.
1712 2328 51 28 He
1791 2326 76 30 will
1900 2326 79 29 find
2013 2326 100 28 them

170 2391 192 35 shivering
384 2391 91 28 with
499 2389 186 36 pleasure.
708 2391 110 29 What
840 2399 21 20 a
884 2392 88 28 wise
997 2398 84 21 man
1105 2398 72 29 you
1202 2398 75 27 are,
1301 2392 150 34 Doctor,
1476 2391 66 28 not
1557 2391 40 28 to
1614 2390 93 29 have
1723 2389 228 35 anticipated
1969 2387 47 29 all
2038 2387 78 29 this

172 2451 127 30 before
321 2460 72 29 you
419 2452 133 36 began!
576 2452 76 29 You
677 2451 65 30 tell
764 2451 168 37 yourself
953 2453 87 28 that
1061 2460 72 28 you
1159 2460 62 21 are
1245 2453 151 35 moving
1416 2460 96 30 your
1534 2452 181 29 audience
1739 2458 39 21 as
1801 2451 38 28 in
1862 2450 64 28 the
1949 2449 59 29 old
2027 2449 89 36 days

172 2514 204 37 Aeschylus
400 2515 130 29 moved
555 2514 56 29 his
635 2514 192 36 audience,
851 2515 68 29 but
939 2522 74 29 you
1036 2513 126 37 forget
1183 2515 85 29 that
1290 2515 64 29 the
1379 2515 211 29 conditions
1620 2522 62 21 are
1717 2515 103 34 quite
1844 2512 192 30 different.
2060 2509 56 29 All

170 2583 72 29 you
268 2576 45 29 do
336 2577 31 28 is
389 2577 41 28 to
453 2583 125 24 amaze
601 2577 72 28 and
696 2577 39 28 to
760 2584 139 21 amuse.
923 2577 150 35 Nobody
1096 2584 75 21 was
1195 2584 88 22 ever
1306 2577 183 36 anything
1523 2577 68 28 but
1625 2577 152 28 amused
1807 2584 42 21 or
1882 2575 152 31 amazed
2069 2575 47 36 by

171 2638 64 28 the
246 2637 117 29 comic
375 2639 237 28 entertainer
625 2638 83 29 who
722 2638 102 36 gives
837 2638 210 29 imitations
1061 2637 37 30 of
1112 2638 149 29 natural
1274 2639 151 28 sounds.
1439 2639 12 27 I
1466 2638 209 29 remember
1688 2646 20 19 a
1722 2645 84 20 man
1819 2638 84 28 who
1917 2637 91 29 used
2018 2638 40 27 to
2070 2638 45 27 be

170 2699 81 29 able
264 2700 39 28 to
316 2700 147 29 imitate
486 2708 21 20 a
529 2699 64 36 pig
616 2701 46 36 by
685 2700 174 35 shutting
875 2707 71 22 one
962 2708 66 29 eye
1042 2700 71 28 and
1129 2699 161 36 blowing
1304 2701 66 28 out
1383 2699 37 29 of
1432 2707 69 22 one
1515 2699 146 30 nostril.
1675 2700 52 28 He
1740 2699 163 36 brought
1917 2700 66 28 the
2000 2699 116 29 house

171 2763 107 28 down
301 2761 77 36 just
402 2770 39 21 as
463 2770 72 29 you
558 2761 181 38 probably
762 2761 76 30 will
863 2762 76 29 this
962 2769 91 29 year
1076 2763 39 28 at
1139 2762 141 29 Covent
1304 2763 158 28 Garden.
1487 2763 31 28 It
1541 2763 30 28 is
1594 2762 76 35 just
1686 2770 21 21 a
1722 2761 100 30 trick
1839 2761 74 29 like
1935 2761 181 37 anything

172 2822 87 37 else,
282 2831 93 21 even
399 2831 39 21 as
461 2823 50 29 all
534 2824 61 28 art
616 2825 31 27 is
671 2832 20 20 a
714 2823 99 29 trick
836 2831 43 22 or
901 2831 40 21 as
964 2824 128 35 eating
1113 2831 96 29 your
1232 2823 192 30 breakfast
1447 2825 32 27 is
1501 2831 21 21 a
1543 2822 112 36 trick;
1680 2824 67 28 but
1764 2831 20 20 a
1799 2822 101 30 trick
1914 2821 134 30 should
2071 2822 44 28 be

172 2883 232 37 charmingly
426 2885 108 36 done,
557 2886 73 28 and
653 2885 133 29 should
811 2886 43 28 be
877 2885 219 34 recognised
1120 2893 39 21 as
1183 2893 20 20 a
1225 2885 112 35 trick,
1360 2886 96 28 done
1479 2884 183 37 stylishly.
1736 2889 45 24 jg?
1904 2888 44 24 £?
2072 2888 44 24 45?

239 2946 12 28 I
275 2945 107 29 could
405 2946 136 29 almost
563 2954 132 27 swear,
717 2946 155 35 judging
894 2946 96 29 from
1013 2947 23 14 44
1051 2946 165 34 Elektra,
1276 2947 85 28 that
1383 2954 72 28 you
1481 2946 79 29 bolt
1581 2953 95 29 your
1708 2944 99 37 food,
1848 2945 149 34 Doctor;
2032 2944 84 29 that

171 3013 73 30 you
270 3007 62 28 eat
354 3006 123 36 alone,
499 3006 85 29 that
605 3014 72 28 you
702 3006 171 36 grumble
896 3007 85 29 that
1003 3008 65 28 the
1103 3007 87 30 food
1223 3009 31 27 is
1289 3007 79 29 cold
1402 3006 112 30 while
1547 3008 188 35 worrying
1768 3007 115 28 about
1915 3005 108 29 these
2053 3005 62 29 life

171 3069 189 35 problems
383 3069 121 29 which
528 3069 117 37 really
669 3070 44 29 do
738 3071 68 28 not
828 3078 159 22 concern
1009 3078 72 29 you
1106 3071 71 28 and
1200 3069 122 30 which
1345 3077 72 28 you
1441 3076 64 22 are
1529 3069 103 35 quite
1657 3067 134 30 unable
1813 3069 40 28 to
1876 3066 113 30 solve.

171 3135 44 25 45?
238 3132 32 28 It
285 3131 31 29 is
332 3130 87 37 only
440 3130 109 30 when
574 3139 20 21 a
618 3139 85 21 man
727 3132 97 28 bolts
847 3132 57 28 his
924 3131 87 30 food
1033 3132 86 28 that
1140 3132 46 28 he
1209 3132 153 28 returns
1385 3132 39 28 to
1446 3131 66 29 the
1535 3131 153 29 Murder
1704 3130 37 29 of
1756 3132 254 34 Agamemnon
2034 3137 40 21 as
2096 3137 20 21 a

171 3193 127 28 theme
322 3200 98 27 upon
444 3192 121 29 which
588 3193 41 28 to
651 3193 111 28 write
785 3201 21 20 a
828 3194 153 27 modern
1006 3200 124 27 opera.
1153 3193 87 29 Now
1261 3193 102 29 what
1385 3193 65 29 the
1474 3193 151 28 murder
1648 3191 38 30 of
1707 3191 254 36 Agamemnon
1985 3191 66 29 has
2076 3192 40 27 to

172 3255 46 29 do
240 3255 92 29 with
355 3262 87 28 you,
466 3255 151 35 Doctor,
640 3255 77 28 God
741 3254 85 37 only
850 3254 140 29 knows.
1013 3255 77 28 You
1115 3254 110 30 know
1247 3254 184 36 perfectly
1453 3254 83 30 well
1559 3255 85 28 that
1667 3255 31 27 it
1720 3255 67 28 has
1821 3254 159 35 nothing
2001 3254 40 28 to
2070 3253 46 28 do

171 3317 90 29 with
285 3316 173 37 anybody
480 3316 126 36 today.
631 3316 12 28 I
666 3317 112 34 grant
799 3323 72 30 you
896 3316 85 29 that
1002 3317 31 28 it
1056 3317 30 28 is
1109 3325 20 20 a
1152 3317 125 29 theme
1300 3316 59 30 for
1381 3325 20 20 a
1425 3316 165 36 military
1615 3316 95 29 band
1745 3316 73 29 and
1841 3316 32 28 it
1905 3316 30 28 is
1969 3314 47 30 all
2050 3314 66 30 the

172 3386 103 21 more
299 3380 155 34 strange
477 3378 85 28 that
585 3377 63 29 His
672 3377 172 35 Imperial
869 3379 184 35 Highness
1075 3378 65 29 the
1165 3379 161 28 German
1350 3379 179 35 Emperor
1558 3379 32 28 is
1623 3386 40 21 so
1697 3377 143 30 critical
1875 3378 115 29 about
2022 3384 96 28 your

172 3440 130 36 music,
325 3440 60 29 for
407 3441 31 28 it
460 3447 122 22 seems
604 3440 65 28 the
692 3446 90 29 very
804 3439 111 36 thing
937 3439 59 30 for
1018 3440 75 29 him
1108 3441 9 28 !
1141 3441 52 28 He
1216 3441 30 28 is
1263 3440 64 29 the
1352 3448 69 21 one
1436 3448 84 21 man
1535 3447 48 22 on
1600 3440 108 29 earth
1724 3440 82 28 who
1825 3438 106 29 could
1947 3439 69 34 put
2031 3438 31 28 it
2077 3438 39 28 to

170 3503 50 28 its
241 3502 105 37 right
370 3510 77 22 use.
471 3502 163 35 Perhaps
658 3501 45 29 he
725 3500 101 30 fears
849 3501 85 29 that
955 3502 31 28 it
1014 3501 124 29 would
1173 3509 139 30 occupy
1343 3509 41 22 so
1418 3509 110 28 many
1561 3501 163 36 fighting
1758 3508 84 22 men
1858 3500 9 13 '
1879 3508 17 20 s
1919 3500 92 28 time
2034 3499 84 28 that

169 3565 111 28 there
303 3564 125 30 would
452 3565 45 28 be
521 3570 97 22 none
642 3570 89 22 over
752 3563 41 28 to
816 3563 46 29 do
885 3563 65 29 the
974 3563 187 36 shooting,
1186 3565 68 28 but
1287 3565 12 28 I
1329 3564 89 29 dare
1448 3572 64 28 say
1545 3572 71 28 you
1652 3563 106 29 could
1792 3562 114 29 settle
1939 3561 84 28 that
2058 3561 42 28 be-

170 3628 123 27 tween
317 3634 84 29 you.
563 3627 1556 28 45?jg?jg?4g?£?45?45?jg?4(?j&

171 3693 45 25 jg?
240 3688 51 38 By
312 3688 66 29 the
403 3688 82 37 bye,
509 3687 151 35 Doctor,
684 3686 60 29 did
767 3693 72 30 yqu
863 3692 89 24 ever
974 3686 91 30 hear
1087 3686 115 30 about
1225 3686 102 30 Plain
1352 3688 99 35 Song
1573 3692 43 25 jg?
1740 3692 44 24 45?
1909 3691 44 24 j&
2076 3688 44 25 45?

2177 1170 44 25 &
2272 1164 69 29 Di.
2363 1162 179 36 Richaid

2177 1226 176 29 Strauss.

2275 1899 115 32 Some
2412 1899 46 30 of
2476 1899 66 30 his

2225 1961 175 33 Effects.
2497 1966 43 24 &

2179 2652 43 24 &
2309 2644 80 30 The
2416 2644 126 31 comic

2179 2705 271 34 Entertainei.

2182 3686 29 30 A
2237 3685 207 39 Question.
2500 3690 43 25 *£?
