2291 4075
2056 234 54 29 191

164 343 81 29 ago,
261 337 38 28 in
357 337 74 30 The
448 337 69 30 Art
532 338 38 30 of
584 340 65 28 the
666 339 159 30 Theatre
878 341 67 28 Mr.
962 341 146 28 Gordon

164 398 109 36 Craig
294 400 133 34 wrote,
451 400 204 29 "'Hamlet
665 401 8 12 7
697 402 65 28 has
787 402 66 28 not
879 403 64 27 the
973 402 136 29 nature

270 469 21 20 a
324 461 106 35 stage
464 464 318 33 representation.
820 463 182 29 'Hamlet'
1037 464 71 28 and

289 523 109 28 other
421 523 103 36 plays
547 522 38 30 of
595 523 255 37 Shakespeare
864 525 93 29 have
970 532 41 22 so
1027 527 83 28 vast

211 584 71 28 and
307 592 41 21 so
372 584 183 36 complete
579 593 20 21 a
621 586 96 29 form
747 587 109 29 when
888 587 102 34 read,
1023 586 87 30 that

203 645 91 37 they
317 654 66 21 can
407 647 68 29 but
498 647 77 30 lose
599 647 149 38 heavily
769 649 108 29 when
907 649 202 35 presented

200 709 40 28 to
265 716 43 21 us
338 708 97 30 after
459 710 137 35 having
619 711 216 36 undergone
858 711 105 36 stage
992 712 99 28 treat-

202 771 115 29 ment.
393 777 44 24 &

231 831 95 31 That
348 833 90 36 they
466 841 99 22 were
600 835 106 28 acted
740 835 36 28 in
811 833 299 37 Shakespeare's

202 894 69 37 day
293 903 133 28 proves
444 896 172 36 nothing.
788 897 76 28 Had
880 896 108 29 these
1006 896 104 36 plays

208 957 93 28 been
327 958 104 28 made
454 958 40 28 to
518 958 44 28 be
578 959 106 27 acted
698 966 54 21 we
769 958 131 29 should
914 957 79 29 find
1007 958 103 29 them

212 1018 224 36 incomplete
452 1019 108 29 when
587 1028 55 21 we
673 1021 88 28 read
793 1021 116 28 them.
936 1021 99 35 Now,
1063 1028 47 21 no

213 1087 70 21 one
306 1079 75 29 will
406 1088 64 28 say
492 1080 86 30 that
599 1081 91 37 they
712 1080 80 30 find
816 1081 193 30 'Hamlet'
1033 1080 79 31 dull

214 1149 41 21 or
277 1141 226 36 incomplete
527 1143 108 29 when
658 1143 90 37 they
763 1144 87 28 read
868 1145 42 33 it,
925 1145 64 35 yet
1004 1144 108 28 there

213 1210 64 22 are
301 1211 110 29 many
426 1204 83 29 who
532 1205 76 29 will
632 1205 71 29 feel
720 1214 106 28 sorry
842 1205 97 30 after
960 1206 131 29 witnes-

202 1265 84 35 sing
309 1273 21 21 a
352 1265 260 36 performance
635 1266 38 30 of
695 1268 64 28 the
776 1267 96 37 play;
890 1268 130 36 saying
1036 1268 77 32 'No,

212 1327 86 28 that
320 1328 31 28 is
375 1329 68 28 not
465 1328 290 36 Shakespeare's
779 1329 183 30 Hamlet'.
995 1330 117 29 When

215 1397 46 20 no
284 1388 152 31 further
459 1391 167 28 addition
651 1399 66 20 can
742 1393 44 27 be
810 1392 106 28 made
939 1399 41 22 so
1010 1399 39 20 as
1072 1392 40 27 to

214 1451 127 29 better
364 1459 21 21 a
407 1452 105 28 work
534 1452 38 29 of
593 1454 72 33 art,
689 1454 30 27 it
753 1461 67 20 can
845 1454 44 27 be
912 1452 142 35 spoken
1078 1451 36 29 of

213 1520 39 21 as
276 1513 9 14 '
299 1512 161 30 finished
515 1514 30 28 it
562 1514 31 28 is
609 1513 198 36 complete.
824 1515 9 13 '
848 1512 168 30 Hamlet'
1037 1520 76 21 was

212 1572 175 36 finished,
411 1582 76 22 was
512 1574 196 37 complete,
730 1576 109 28 when
859 1574 254 35 Shakespeare

212 1637 119 27 wrote
353 1636 66 29 the
445 1635 72 30 last
550 1637 102 28 word
687 1635 37 30 of
757 1637 57 28 his
848 1636 115 29 blank
995 1644 119 24 verse,

214 1698 70 28 and
307 1698 60 29 for
391 1706 42 21 us
455 1699 41 28 to
520 1700 69 27 add
614 1700 38 27 to
677 1698 31 29 it
731 1700 47 34 by
802 1700 166 34 gesture,
992 1706 123 25 scene,

221 1761 167 28 costume
423 1768 42 21 or
498 1761 116 29 dance
648 1761 32 28 is
712 1761 40 28 to
786 1761 85 28 hint
903 1762 85 28 that
1020 1761 31 28 it
1084 1760 31 28 is

213 1821 224 36 incomplete
461 1824 71 27 and
556 1821 189 31 therefore
760 1823 113 29 needs
889 1823 108 28 these
1014 1823 82 28 addi-

207 1883 152 30 tions....
376 1884 111 30 What
502 1884 105 36 then,
623 1893 71 29 you
712 1884 79 36 ask,
804 1884 134 30 should
955 1884 162 29 'Hamlet

228 1953 116 21 never
378 1947 45 28 be
459 1945 235 36 performed?
726 1947 50 29 To
809 1947 104 29 what
957 1954 159 28 purpose

216 2007 124 29 would
365 2008 31 28 it
419 2009 44 28 be
487 2007 28 30 if
531 2009 13 28 I
559 2007 156 37 replied,
731 2009 9 14 '
752 2007 112 31 Yes'?
882 2008 145 29 Hamlet
1042 2006 75 31 will

214 2077 46 28 go
284 2077 47 21 on
355 2070 112 35 being
489 2069 212 36 performed
725 2068 60 31 for
807 2078 101 21 some
931 2070 94 28 time
1040 2070 77 35 yet,

216 2131 70 28 and
309 2131 65 29 the
398 2131 93 36 duty
515 2130 37 30 of
574 2131 65 29 the
663 2132 254 34 interpreters
940 2131 31 28 is
993 2131 40 28 to
1049 2131 70 34 put

215 2192 103 29 their
341 2192 84 29 best
447 2192 105 29 work
576 2194 40 27 at
639 2194 50 27 its
710 2194 146 28 service
1046 2192 72 29 But

214 2254 65 29 the
301 2254 151 30 theatre
477 2256 101 28 must
601 2256 69 28 not
691 2254 60 30 for
781 2262 89 22 ever
901 2254 82 37 rely
1016 2261 98 28 upon

211 2315 136 37 having
371 2325 20 20 a
413 2316 85 38 play
521 2317 39 29 to
581 2315 177 37 perform,
776 2317 68 28 but
856 2317 102 28 must
973 2316 38 28 in
1026 2317 91 27 time

214 2378 165 36 perform
403 2379 124 36 pieces
552 2378 38 30 of
616 2380 50 28 its
700 2387 82 21 own
817 2380 73 28 art.

167 2446 44 24 &
233 2440 86 29 This
343 2441 151 34 opinion
519 2441 196 34 expressed
741 2441 46 35 by
809 2441 57 27 Mr
904 2441 109 34 Craig
1033 2438 86 30 four

172 2509 110 28 years
306 2510 67 27 ago
397 2502 45 29 he
466 2503 66 28 has
555 2502 102 29 since
680 2502 177 36 repeated
883 2509 110 29 many
1009 2501 110 28 times

172 2563 39 29 in
238 2563 57 29 his
318 2564 174 35 writings
515 2565 37 27 in
617 2563 75 30 The
722 2562 104 30 Mask
915 2563 71 28 and
1023 2562 32 29 it
1087 2562 31 28 Is

172 2626 95 34 good
294 2634 83 21 now
399 2628 40 28 to
462 2634 62 21 see
547 2627 57 28 Mr
628 2627 189 28 Laurence
835 2625 125 35 Irving
973 2624 147 34 coming

172 2688 40 27 to
235 2687 66 29 the
324 2695 101 21 same
449 2686 217 31 conclusion
690 2687 72 29 and
786 2687 219 34 expressing
1027 2685 91 29 such

173 2749 114 29 views
311 2757 39 21 as
374 2749 45 29 he
444 2749 67 29 has
534 2749 117 36 lately
675 2749 96 28 done
794 2749 37 27 in
870 2748 169 35 Apierica
1072 2754 47 21 on

172 2811 66 28 the
275 2811 168 34 subject.

242 2872 33 28 It
298 2873 30 27 is
350 2873 87 27 true
459 2872 86 28 that
569 2874 189 28 Laurence
797 2871 137 36 Irving,
972 2870 148 29 Gordon

176 2934 110 35 Craig
309 2933 73 29 and
406 2934 140 28 Goethe
571 2933 87 29 look
680 2935 40 27 at
746 2933 65 29 the
849 2933 141 28 matter
1023 2931 97 28 from

174 2995 182 30 different
378 2996 125 34 points
527 2994 37 29 of
585 2995 109 33 view,
721 2996 67 27 but
824 2994 89 35 they
935 2992 49 30 all
1014 2992 106 29 three

174 3066 103 21 come
290 3059 39 27 to
343 3057 65 29 the
424 3064 101 22 same
541 3055 227 29 conclusion.
785 3054 142 30 Goethe
941 3053 100 29 finds
1056 3053 66 28 the

174 3119 103 38 plays
299 3119 134 30 ruined
452 3119 46 35 by
520 3117 66 29 the
609 3117 165 33 theatre;
797 3116 125 35 Irving
941 3114 99 29 finds
1056 3114 65 29 the

174 3182 150 29 theatre
348 3180 134 30 ruined
508 3181 47 36 by
576 3180 65 28 the
665 3178 118 37 plays;
808 3177 71 29 and
898 3177 109 35 Craig
1023 3175 99 29 finds

174 3243 91 29 both
289 3244 87 35 play
399 3243 73 29 and
494 3242 153 28 theatre
671 3239 134 30 ruined
847 3239 89 28 each
974 3239 46 35 by
1058 3237 64 29 the

176 3306 123 29 other.

242 3366 43 37 If,
308 3375 39 21 as
370 3367 75 30 The
468 3365 106 31 Mask
607 3365 67 29 has
707 3362 104 30 often
846 3361 212 36 suggested,
1091 3360 32 29 it

174 3437 99 21 were
294 3431 42 27 to
374 3430 44 28 be
454 3427 185 37 proposed
676 3425 86 29 that
798 3423 48 29 all
882 3422 103 37 plays
1022 3429 98 22 were

176 3490 245 31 detrimental
444 3492 40 27 to
507 3490 65 28 the
595 3489 152 29 theatre
771 3486 71 29 and
866 3485 51 29 its
939 3485 74 33 art,
1049 3484 71 28 and

175 3554 64 30 the
262 3554 149 29 theatre
434 3559 90 30 very
560 3547 244 33 detrimental
842 3548 40 28 to
919 3545 50 30 all
1005 3544 117 38 plays,

175 3617 103 28 what
301 3623 47 22 an
372 3615 133 34 outcry
527 3613 108 28 there
659 3610 122 30 would
806 3610 56 28 be.
887 3608 70 28 Yet
988 3613 135 23 sooner

176 3686 42 22 or
231 3678 96 29 later
349 3677 76 28 this
439 3676 102 28 must
563 3676 44 27 be
630 3674 64 28 the
710 3671 145 31 verdict
870 3669 130 36 passed
1025 3675 97 29 upon

176 3741 64 29 the
265 3739 139 29 absurd
427 3735 129 31 traffic
590 3737 170 28 between
790 3731 228 39 playwright
1051 3730 71 29 and

176 3805 106 35 stage
305 3807 189 31 manager.
572 3803 44 25 &
911 3799 44 25 &
1079 3798 44 24 &

1173 346 120 35 &By
1357 353 136 22 sooner
1526 354 42 22 or
1766 354 56 21 we
1856 346 117 38 really
2005 356 107 22 mean

1173 406 109 35 later;
1305 407 58 29 for
1385 409 31 27 it
1438 408 31 28 is
1495 410 67 27 not
1583 410 40 28 to
1664 410 44 28 be
1742 409 182 35 supposed
1958 409 85 29 that
2076 411 38 28 in

1172 477 19 20 a
1216 470 129 35 couple
1368 469 37 30 of
1426 478 108 28 years
1557 478 43 21 or
1622 472 36 27 in
1683 479 20 20 a
1726 478 104 22 score
1855 470 36 29 of
1913 478 108 28 years
2042 479 72 28 any

1170 532 91 29 such
1284 533 145 29 verdict
1451 541 66 21 can
1543 534 44 28 be
1610 533 147 30 arrived
1782 534 50 28 at.
2070 539 44 24 &

1238 593 74 29 The
1336 595 117 28 worst
1475 593 37 30 of
1534 594 75 30 The
1632 595 104 29 Mask
1762 595 44 36 is,
1829 595 88 37 (and
1945 595 90 29 here
2058 603 56 21 we

1172 654 146 30 confess
1351 657 30 27 it
1417 656 91 29 with
1545 657 65 28 the
1648 657 154 35 deepest
1835 657 156 36 regret),
2029 657 86 28 that

1171 724 102 21 some
1319 718 224 35 youngsters
1580 719 156 35 reading
1771 720 49 28 its
1843 718 168 30 columns
2044 719 72 29 and

1172 778 206 36 imagining
1399 779 85 29 that
1505 780 92 36 they
1609 788 64 21 are
1687 781 161 29 heaven-
1863 783 87 27 sent
1965 782 130 35 genius-

1173 847 52 28 es,
1247 841 72 28 and
1338 840 144 37 fooling
1501 841 225 30 themselves
1758 843 84 28 that
1858 844 131 35 genius
2005 844 110 34 drops

1173 904 107 28 down
1303 902 96 30 from
1423 903 141 29 heaven
1588 904 145 28 instead
1757 903 38 29 of
1816 905 110 36 being
1949 905 96 29 built
2068 912 47 29 up

1173 964 130 36 slowly
1326 972 47 21 on
1397 965 123 35 earth,
1542 964 76 29 will
1642 966 91 29 rush
1757 966 81 29 into
1869 967 75 28 this
1978 968 139 34 danger

1174 1026 38 30 of
1234 1028 105 28 haste
1364 1028 70 28 and
1459 1034 40 22 so
1522 1027 250 29 exterminate
1794 1027 228 30 themselves
2046 1028 71 29 and

1174 1090 108 35 bring
1305 1089 179 29 discredit
1499 1090 40 28 to
1555 1089 65 29 the
1636 1091 60 27 art
1710 1090 120 28 which
1847 1090 89 36 they
1952 1098 62 20 are
2029 1098 66 27 sup-

1174 1152 112 36 posed
1310 1153 40 27 to
1374 1152 160 34 respect.
1557 1150 101 38 They
1679 1150 76 29 will
1780 1151 106 29 make
1907 1152 85 28 rash
2009 1152 87 29 inno-

1174 1214 161 33 vations,
1369 1213 169 36 building
1572 1221 98 27 upon
1703 1213 65 29 the
1802 1212 58 30 old
1885 1212 233 37 artificiality

1174 1275 164 29 without
1359 1274 242 30 foundations
1625 1276 71 28 and
1719 1275 162 29 without
1909 1273 108 31 form.
2048 1275 69 29 Yet

1176 1338 30 27 it
1229 1338 31 27 is
1282 1338 127 27 better
1430 1338 40 27 to
1494 1345 70 20 run
1597 1345 92 20 even
1722 1337 75 28 this
1832 1336 78 30 risk
1943 1337 91 28 than
2067 1336 51 29 sit

1174 1397 153 38 silently
1350 1399 71 27 and
1436 1399 36 27 in
1488 1397 161 30 idleness
1663 1397 148 36 leaving
1823 1399 154 34 present
1989 1397 129 36 things

1176 1461 40 28 to
1239 1459 87 29 take
1355 1459 101 29 their
1490 1467 144 21 course.
1907 1465 44 24 &
2074 1463 45 24 &

1244 1520 75 29 The
1341 1520 126 35 public
1488 1520 45 34 is,
1556 1518 99 30 after
1677 1519 61 34 all,
1755 1527 20 21 a
1788 1519 212 36 discerning
2016 1526 78 21 mon-

1176 1584 94 35 ster,
1294 1583 71 29 and
1390 1591 82 28 may
1494 1583 44 29 be
1562 1581 70 30 left
1655 1583 40 28 to
1719 1581 163 30 forward
1906 1582 38 28 in
1968 1581 48 28 its
2038 1588 82 21 own

1178 1644 207 36 particular
1427 1652 81 29 way
1538 1644 65 29 the
1637 1644 247 32 Renaissance
1917 1643 108 29 when
2058 1642 65 28 the

1178 1708 71 27 due
1272 1706 92 29 time
1387 1706 59 29 for
1468 1707 30 28 it
1521 1707 31 27 is
1576 1713 114 22 come.
1742 1711 43 23 JZ?
1909 1710 43 24 JZ?

1177 1774 44 24 &
1282 1770 89 27 How
1395 1767 89 37 long
1507 1769 45 28 do
1574 1775 72 29 you
1671 1767 113 29 think
1806 1767 32 29 it
1869 1766 78 29 will
1980 1765 108 30 take?

1179 1830 112 30 asked
1315 1838 46 21 an
1385 1831 177 36 enquirer
1584 1830 65 28 the
1673 1830 110 28 other
1806 1830 69 35 day
1909 1827 36 31 of
1980 1836 69 21 one
2084 1827 37 30 of

1178 1894 66 28 the
1268 1893 146 29 leaders
1437 1892 37 29 of
1503 1893 65 28 the
1602 1892 227 36 movement,
1862 1891 83 29 who
1979 1889 143 37 replied

1178 1956 85 28 that
1286 1955 45 28 he
1354 1954 163 36 thought
1539 1954 116 29 about
1688 1954 75 28 two
1797 1953 169 28 hundred
2001 1959 123 29 years.

1353 2016 89 36 long
1464 2023 40 22 as
1693 2016 65 29 We
1792 2022 62 22 are
1888 2013 162 30 inclined
2083 2014 41 28 to

1178 2077 111 30 think
1314 2077 103 37 quite
1440 2085 40 22 as
1503 2077 98 36 long,
1635 2076 86 37 only
1754 2084 55 21 we
1842 2077 45 28 do
1922 2076 68 28 not
2027 2082 75 21 mea-

1179 2148 87 21 sure
1303 2141 91 28 time
1431 2140 37 28 in
1506 2138 185 37 precisely
1726 2139 66 29 the
1827 2145 101 23 same
1966 2145 80 28 way
2086 2143 38 22 as

1181 2203 140 28 others.
1339 2202 147 33 Indeed,
1498 2201 65 29 the
1578 2201 280 29 measurement
1871 2198 37 30 of
1919 2199 92 29 time
2025 2199 101 28 must

1181 2263 134 37 always
1332 2265 44 28 be
1390 2272 19 20 a
1422 2262 158 31 relative
1596 2263 122 35 thing,
1729 2261 59 30 for
1804 2263 38 28 to
1859 2260 130 36 people
2002 2259 37 30 of
2052 2268 71 21 one

1180 2326 277 35 temperament
1479 2333 22 21 a
1521 2332 90 29 year
1625 2324 123 30 would
1765 2325 43 28 be
1824 2324 65 29 the
1904 2322 219 37 equivalent

1181 2386 37 31 of
1239 2388 145 35 twenty
1406 2394 107 29 years
1528 2386 111 30 while
1656 2387 37 28 to
1710 2386 129 29 others
1854 2385 145 36 twenty
2013 2390 108 30 years

1181 2449 121 29 would
1327 2450 44 28 be
1395 2456 39 22 as
1457 2448 87 36 long
1567 2456 39 22 as
1629 2456 21 21 a
1672 2448 183 29 hundred.
2078 2451 43 25 &

1247 2509 214 37 Therefore,
1491 2511 40 28 to
1566 2510 90 28 curb
1679 2510 176 28 rashness
1877 2509 65 35 yet
1964 2507 160 36 prevent

1182 2573 147 35 despair
1350 2581 56 21 we
1428 2572 124 30 would
1576 2580 91 28 urge
1690 2572 109 29 those
1823 2571 82 28 who
1929 2578 65 21 are
2027 2570 77 34 opti-

1183 2636 124 29 mistic
1329 2635 71 30 and
1423 2634 112 30 think
1558 2634 65 29 the
1645 2633 100 30 trick
1768 2640 66 22 can
1860 2634 43 28 be
1927 2633 95 27 done
2045 2632 37 27 in
2103 2638 21 21 a

1181 2702 203 36 twinkling
1407 2702 38 29 of
1467 2709 47 22 an
1536 2709 68 28 eye
1619 2702 40 27 to
1682 2700 108 29 allow
1813 2699 122 36 thirty
1958 2706 41 21 or
2025 2697 100 35 forty

1180 2777 108 28 years
1310 2768 59 30 for
1390 2769 67 29 the
1481 2767 165 36 miracle;
1668 2768 109 28 those
1801 2766 82 28 who
1900 2772 63 22 are
1982 2762 124 37 despai-

1181 2832 86 34 ring
1291 2832 71 27 and
1386 2829 226 36 pessimistic
1633 2829 40 28 to
1698 2827 108 30 allow
1828 2827 32 28 it
1891 2826 73 29 five
1997 2832 128 30 years,

1183 2893 71 28 and
1277 2891 160 36 perhaps
1461 2891 46 35 by
1521 2890 79 29 this
1616 2896 126 22 means
1757 2895 102 22 some
1876 2888 126 28 better
2017 2893 109 22 sense

1183 2952 37 30 of
1242 2952 233 35 perspective
1498 2951 71 29 and
1594 2958 101 22 some
1717 2949 120 36 juster
1860 2956 108 22 sense
1992 2947 38 29 of
2044 2955 61 27 pro-

1183 3014 151 36 portion
1358 3013 76 30 will
1460 3020 102 22 come
1584 3013 41 28 to
1638 3011 95 30 rule.
1914 3015 44 25 &
2082 3014 45 25 &

1305 3106 198 31 Frederick
1525 3106 154 31 Whelen
1703 3107 32 28 is
1758 3112 70 22 one
1851 3103 37 30 of
1909 3103 66 30 the
1998 3109 108 29 excep-

1264 3168 118 31 tional
1427 3168 172 30 business
1642 3175 85 21 men
1776 3166 84 30 who
1912 3164 59 30 for
2025 3170 101 23 some

1183 3240 132 22 reason
1340 3240 41 21 or
1404 3231 110 29 other
1536 3230 104 36 quite
1664 3229 191 29 unknown
1879 3229 39 28 to
1942 3232 184 31 everyone

1184 3295 177 28 connects
1384 3291 151 31 himself
1556 3292 92 29 with
1671 3291 66 28 the
1760 3290 150 29 theatre
1933 3290 71 27 and
2022 3287 105 29 lends

1184 3356 219 30 distinction
1420 3357 39 27 to
1475 3363 21 21 a
1512 3354 169 28 hitherto
1694 3360 90 29 very
1800 3349 327 37 undistinguished

1185 3418 139 29 branch
1349 3417 38 29 of
1409 3418 65 28 the
1496 3417 168 34 stage...
1678 3415 77 28 .the
1772 3414 172 29 business
1960 3411 91 30 side.
2076 3411 51 27 He

1183 3479 66 30 has
1274 3487 114 22 never
1409 3480 65 36 yet
1496 3478 72 29 had
1602 3477 58 29 his
1695 3475 245 37 opportunity
1961 3474 40 27 to
2023 3472 104 28 show

1186 3542 57 29 his
1277 3542 167 35 capacity
1477 3539 183 36 although
1684 3538 45 29 he
1753 3538 66 28 has
1853 3534 210 37 originated
2087 3540 40 21 or

1185 3604 93 28 been
1303 3603 205 29 connected
1524 3602 92 29 with
1634 3608 109 28 many
1761 3597 228 35 interesting
2005 3601 98 23 move-

1187 3667 122 28 ments
1332 3667 37 27 in
1392 3666 64 28 the
1482 3665 150 29 London
1655 3662 163 30 theatre.
1915 3664 44 24 <?

1187 3735 44 24 &
1254 3728 117 29 There
1393 3735 77 22 was
1492 3726 65 30 the
1580 3726 111 35 Stage
1714 3723 161 35 Society,
1904 3727 90 22 once
2029 3725 97 28 upon

1188 3799 21 21 a
1231 3790 104 33 time,
1358 3790 70 29 and
1453 3791 38 27 to
1514 3789 108 28 those
1645 3787 83 28 who
1752 3785 110 29 know
1884 3783 65 28 the
1965 3780 144 30 difflcul-
