4302 5537
3783 5053 143 70 173

338 293 284 89 anfängt
671 321 87 45 zu
807 295 332 85 brennen,
1173 297 194 71 dann
1417 297 250 73 brennt
1713 322 73 48 es
1831 297 256 73 einfach

336 405 229 71 durch.
663 407 110 69 Da
822 412 81 64 ist
953 409 208 69 nichts
1210 432 86 46 zu
1347 410 305 70 machen.
1748 410 219 70 Wenn
2018 432 71 48 es

336 515 252 71 brennt
636 517 146 69 und
858 517 110 69 die
1017 517 306 71 Flamme
1396 542 81 46 so
1547 520 184 70 stark
1803 524 100 76 ist,
1953 519 136 71 daß

334 625 112 72 die
495 627 532 71 Deckenbalken
1080 629 313 84 ergriffen
1428 632 298 81 werden,
1779 632 195 70 dann
2009 636 81 64 ist

334 737 210 68 nichts
572 737 199 68 mehr
798 761 85 46 zu
915 741 310 67 machen.
1268 741 215 69 Wenn
1511 761 148 49 nun
1687 746 151 64 eine
1869 742 220 68 Decke

336 871 124 46 aus
522 847 268 70 Balken
864 847 266 71 besteht
1205 856 120 64 mit
1374 851 713 86 darübergenagelten

334 957 331 83 Brettern,
715 959 109 69 die
898 959 320 69 vielleicht
1290 961 145 69 drei
1483 962 409 70 Zentimeter
1943 961 144 69 dick

333 1067 171 82 sind,
553 1069 146 70 und
749 1089 171 50 man
990 1071 303 69 dadurch
1367 1078 214 62 unten
1655 1072 176 80 hört,
1880 1091 205 49 wenn

326 1181 286 81 jemand
666 1184 95 66 im
814 1181 260 71 oberen
1125 1184 383 68 Stockwerk
1559 1183 176 84 geht,
1784 1205 81 47 so
1916 1181 173 69 freut

333 1313 169 46 man
553 1293 132 67 sich
737 1293 144 67 und
932 1298 149 79 sagt
1141 1294 150 80 sich,
1342 1293 127 69 das
1540 1296 83 66 ist
1696 1293 120 69 der
1867 1293 218 79 Vater,

333 1399 120 70 der
504 1425 84 45 zu
641 1401 151 69 Bett
841 1403 159 83 geht
1049 1403 171 69 oder
1271 1403 315 69 aufsteht.
1684 1403 158 67 Was
1874 1406 81 64 ist
1996 1401 89 69 da

333 1508 398 71 Schlimmes
782 1509 225 70 dabei.

333 1618 206 69 Diese
588 1619 275 72 kleinen
900 1621 605 85 Beobachtungen,
1555 1623 109 69 die
1723 1626 95 65 ich
1870 1621 214 70 Ihnen

331 1728 205 68 heute
585 1731 349 81 mitgeteilt
983 1731 202 83 habe,
1240 1731 276 70 werden
1589 1733 320 69 vielleicht
1980 1731 104 70 für

331 1840 340 67 manchen
687 1840 452 84 Architekten,
1169 1845 121 66 der
1317 1843 174 68 nicht
1515 1841 254 85 gerade
1796 1840 288 71 offensiv

329 1951 190 66 einer
570 1950 308 67 anderen
956 1950 327 84 Meinung
1359 1955 98 79 ist,
1508 1951 108 70 die
1665 1950 238 71 Arbeit
1977 1973 70 46 er-

329 2058 314 69 leichtern
743 2058 309 71 können.
1200 2060 195 69 Mehr
1469 2060 183 71 habe
1731 2063 94 68 ich
1911 2061 174 68 nicht

329 2168 458 83 beabsichtigt.

334 2323 54 61 1.
458 2314 171 71 Hat
697 2316 164 68 das
930 2316 249 69 Haus
1247 2318 235 69 auch
1553 2321 146 64 ein
1772 2318 247 69 Bade-

981 2426 449 69 zimmer?

329 2552 99 70 Ich
478 2551 121 71 bin
649 2552 121 70 auf
814 2554 227 70 solche
1074 2554 258 70 Details
1367 2556 177 68 nicht
1586 2559 493 82 eingegangen.

329 2663 99 67 Ich
463 2661 117 69 bin
619 2663 120 69 der
775 2663 347 84 Meinung,
1157 2663 138 69 daß
1344 2668 110 66 ein
1489 2664 402 70 Baderaum
1926 2671 153 63 eine

328 2778 210 64 etwas
597 2796 86 46 zu
743 2779 189 65 teure
981 2776 209 66 Sache
1249 2779 100 65 ist.
1449 2776 142 68 Das
1643 2776 244 69 Baden
1947 2776 127 69 soll

326 2884 71 66 in
448 2881 124 69 der
622 2883 207 83 Spüle
878 2881 520 86 bewerkstelligt
1444 2884 296 70 werden.
1831 2886 73 68 In
1957 2884 120 71 der

328 2991 382 83 Spülküche
783 2991 129 69 soll
986 2996 110 66 ein
1178 2993 227 69 Wasch
1411 2999 153 78 trog
1640 2999 120 65 mit
1833 2996 244 70 Deckel

324 3106 178 78 sein,
572 3106 71 66 in
712 3103 164 69 dem
947 3104 111 68 die
1127 3103 706 86 Familienmitglieder
1906 3108 169 68 auch

326 3211 230 70 baden
610 3213 307 69 können.
1003 3213 138 69 Der
1178 3213 242 69 Deckel
1455 3213 129 69 soll
1620 3215 100 67 als
1762 3215 268 69 Küchen-

323 3325 159 67 tisch
534 3323 278 69 benutzt
844 3323 280 69 werden
1173 3325 308 69 können.
1567 3323 139 71 Auf
1735 3325 186 71 diese
1955 3326 124 70 Art

324 3433 146 69 und
506 3433 216 69 Weise
773 3433 190 69 kann
1015 3438 70 64 in
1130 3435 232 83 jedem
1408 3435 193 69 Haus
1650 3440 154 64 eine
1852 3435 225 86 billige

324 3543 625 85 Badegelegenheit
1019 3543 379 85 geschaffen
1469 3545 296 69 werden.
1872 3546 203 70 Wohl

323 3660 184 63 wäre
558 3679 71 45 es
682 3655 164 69 aber
905 3655 324 83 möglich,
1296 3662 93 62 im
1444 3655 145 69 Flur
1640 3655 119 69 des
1811 3655 263 71 oberen

323 3765 418 69 Stockwerks
812 3770 112 64 ein
991 3765 527 69 Wasserbecken
1599 3768 475 78 einzurichten,

321 3872 137 71 daß
507 3895 170 49 man
715 3877 133 67 sich
883 3873 158 71 dort
1091 3878 124 65 mit
1264 3875 256 68 kaltem
1555 3875 146 69 und
1737 3899 335 45 warmem

321 3983 271 71 Wasser
641 3988 315 66 waschen
1008 3985 212 71 kann.

319 4156 65 63 2.
468 4149 354 71 Flaches
893 4153 231 69 oder
1195 4154 489 80 geneigtes
1755 4149 312 70 Dach?

321 4281 164 70 Man
536 4280 168 71 muß
748 4283 132 68 sich
917 4281 91 70 da
1058 4285 225 66 zuerst
1330 4280 112 69 die
1476 4278 206 85 Frage
1718 4280 354 83 vorlegen:

318 4391 284 70 Warum
627 4390 234 71 haben
883 4395 122 66 wir
1024 4390 125 69 das
1174 4393 309 81 geneigte
1505 4388 186 69 Dach
1716 4388 31 69 ?
1787 4386 287 70 Manche

319 4503 200 70 Leute
570 4501 318 85 glauben,
939 4523 73 48 es
1061 4508 186 61 wäre
1296 4505 154 64 eine
1499 4498 205 85 Frage
1755 4498 120 70 der
1926 4498 93 70 Ro-

318 4612 269 69 mantik
663 4612 146 69 und
878 4610 122 69 der
1064 4596 336 82 Ästhetik.
1513 4608 186 68 Aber
1760 4606 163 70 dem
1991 4612 83 64 ist

319 4725 176 66 nicht
543 4745 101 48 so.
710 4722 193 83 Jedes
939 4718 776 85 Bedachungsmaterial
1762 4718 310 83 verlangt

318 4837 203 66 einen
573 4850 181 66 ganz
804 4832 443 69 bestimmten
1281 4828 281 70 Winkel.
1642 4827 191 81 Jeder
1879 4827 141 71 Bau-

2204 299 300 88 kundige
2571 298 198 84 weife,
2844 299 137 72 dafe
3042 302 66 83 je
3174 302 171 69 nach
3415 299 162 72 dem
3643 299 308 72 Material

2201 410 121 70 der
2400 410 420 85 Bedachung
2907 410 122 72 der
3110 412 442 70 Dachwinkel
3636 410 315 72 ermittelt

2199 522 191 70 wird.

2199 647 135 70 Wir
2385 649 234 70 halten
2670 649 157 70 kein
2876 647 293 72 anderes
3242 649 222 81 Mittel,
3525 669 132 50 uns
3731 668 217 66 gegen

2201 759 259 85 Regen,
2510 761 258 69 Schnee
2825 761 146 69 und
3023 761 229 69 Sturm
3313 785 83 44 zu
3455 763 342 79 schützen,
3848 761 100 69 als

2201 876 123 64 mit
2372 871 174 69 Hilfe
2593 895 143 45 von
2788 871 274 69 kleinen
3113 871 276 81 Platten,
3440 871 112 69 die
3601 871 347 69 entweder

2201 1003 127 47 aus
2378 981 285 69 Schiefer
2714 983 171 67 oder
2919 981 150 69 Ton
3122 981 171 69 oder
3323 981 178 69 Holz
3550 981 400 85 angefertigt

2199 1091 296 75 werden.
2576 1091 143 70 Das
2773 1093 322 68 Schönste
3145 1096 187 65 wäre
3381 1091 347 80 natürlich,
3779 1115 167 46 man

2199 1199 239 70 würde
2497 1205 110 64 ein
2668 1201 777 83 Bedachungsmaterial
3504 1201 261 83 haben,
3819 1201 127 70 das

2197 1333 127 46 aus
2348 1315 228 64 einem
2592 1311 198 70 Stück
2814 1311 355 71 bestünde.
3198 1313 239 69 Dieses
3454 1313 447 83 Bedachungs-

2199 1421 313 68 material
2554 1420 324 72 brauchte
2920 1445 132 47 nur
3086 1426 202 66 einen
3323 1423 623 85 Neigungswinkel,

2199 1530 120 69 der
2370 1531 401 83 notwendig
2822 1536 108 77 ist,
2981 1555 120 47 um
3154 1535 125 67 das
3330 1535 269 67 Wasser
3650 1531 120 71 auf
3816 1555 85 47 na-

2195 1638 276 69 türliche
2519 1640 123 69 Art
2700 1641 144 68 und
2896 1641 219 70 Weise
3173 1641 323 72 ablaufen
3547 1667 86 44 zu
3691 1643 252 68 lassen.

2199 1750 181 69 Nach
2461 1750 163 69 dem
2707 1750 261 83 großen
3054 1752 237 69 Brand
3366 1775 142 46 von
3579 1752 364 84 Hamburg

2195 1858 238 70 wurde
2495 1882 168 46 vom
2739 1860 444 85 Hamburger
3255 1863 207 68 Senat
3543 1867 110 64 ein
3728 1862 178 69 Preis-

2197 1970 479 69 ausschreiben
2698 1970 107 69 für
2825 1975 112 64 ein
2959 1970 478 73 feuersicheres
3452 1973 444 83 Bedachungs-

2195 2080 314 69 material
2560 2080 323 81 erlassen,
2934 2082 125 69 das
3108 2105 142 46 von
3301 2083 120 70 der
3474 2102 267 64 ganzen
3775 2082 168 71 Welt

2195 2190 326 68 beschickt
2553 2192 254 68 wurde.
2898 2192 109 68 Da
3042 2192 163 69 kam
3244 2195 167 66 auch
3447 2197 110 64 ein
3594 2192 303 71 Handels-

2194 2319 222 47 mann
2470 2320 296 48 namens
2817 2298 403 70 Häusler
3269 2324 127 46 aus
3432 2300 401 85 Hirschberg
3868 2305 70 65 in

2195 2407 361 81 Schlesien,
2629 2409 120 69 der
2817 2410 100 68 als
2978 2409 963 86 Nichtbausachverständiger

2192 2520 110 66 ein
2355 2517 269 85 Projekt
2671 2520 425 68 einschickte:
3149 2524 152 64 eine
3335 2520 478 85 Riesenplatte,
3855 2544 83 46 so

2192 2627 171 85 groß
2411 2630 127 66 wie
2588 2627 110 69 die
2749 2647 217 65 ganze
3018 2629 449 86 Bedachung,
3533 2654 125 46 aus
3709 2635 229 65 einem

2190 2739 193 67 Stück
2455 2737 328 86 gefertigt,
2852 2740 126 68 das
3049 2740 887 70 Holzzementdach.

2192 2849 161 69 Und
2426 2849 220 69 dieses
2715 2849 627 71 Holzzementdach
3415 2856 81 64 ist
3567 2852 190 68 wohl
3828 2852 112 68 die

2192 2957 237 83 größte
2497 2957 366 83 Erfindung
2932 2962 97 65 im
3093 2959 389 69 Bauwesen
3555 2966 122 64 seit
3741 2961 156 81 Jahr-

2189 3067 387 71 tausenden
2648 3069 394 83 geworden.
3164 3069 186 69 Aber
3425 3069 222 71 dieser
3719 3071 217 69 Mann

2190 3199 127 46 aus
2351 3177 403 83 Hirschberg
2790 3182 71 65 in
2890 3177 333 70 Schlesien
3259 3179 168 69 fand
3462 3184 110 64 ein
3609 3181 280 69 undank-

2190 3287 202 70 bares
2426 3286 403 72 Geschlecht.
2913 3289 73 69 Es
3037 3313 144 45 war
3232 3294 110 64 ein
3379 3291 386 69 Geschlecht
3814 3291 122 69 der

2190 3397 483 80 Romantiker,
2742 3397 110 70 die
2920 3396 122 69 der
3112 3397 328 85 Meinung
3508 3421 271 59 waren,
3838 3404 97 65 im

2190 3507 229 70 Dache
2488 3506 358 71 offenbare
2913 3509 131 66 sich
3115 3507 112 70 die
3294 3528 219 64 ganze
3572 3511 366 69 Schönheit

2190 3616 119 69 des
2336 3616 288 74 Hauses.
2671 3616 66 83 Je
2771 3616 220 69 steiler
3023 3619 111 66 ein
3162 3619 205 80 Dach,
3394 3618 198 69 desto
3628 3621 307 68 schöner.

2189 3728 142 67 Das
2368 3726 185 69 Dach
2602 3726 237 69 wurde
2890 3724 120 71 auf
3056 3726 257 69 einmal
3364 3750 85 45 zu
3499 3731 190 64 einer
3725 3729 208 68 Sache

2189 3838 120 67 der
2343 3822 328 99 Ästhetik,
2719 3861 84 46 zu
2844 3841 188 66 einer
3068 3838 206 69 Sache
3308 3836 122 71 der
3464 3824 315 83 Ästhetik
3813 3839 120 70 der

2187 3946 185 69 Mitte
2421 3946 120 71 des
2587 3955 101 60 19.
2710 3946 517 83 Jahrhunderts.
3311 3949 205 68 Denn
3554 3949 237 68 hätten
3824 3948 111 69 die

2187 4056 513 81 Bautechniker,
2729 4056 110 70 die
2864 4056 434 71 Baumeister
3332 4056 147 70 und
3504 4058 427 69 Architekten

2187 4173 69 63 in
2307 4168 161 69 dem
2517 4168 222 81 Jahre,
2800 4173 69 64 in
2920 4168 161 69 dem
3142 4170 110 67 die
3300 4168 467 73 Renaissance
3828 4175 105 66 ins

2187 4278 222 69 Leben
2477 4283 149 76 trat,
2695 4278 127 69 das
2891 4280 437 69 horizontale
3386 4280 186 69 Dach
3642 4285 289 66 machen

2185 4388 315 80 können,
2573 4388 193 69 dann
2837 4396 188 61 wäre
3095 4412 71 45 es
3240 4393 110 66 ein
3425 4390 333 84 Triumph
3826 4390 107 71 für

2185 4496 237 70 diesen
2473 4496 349 70 einfachen
2873 4496 535 73 Handelsmann
3465 4505 72 64 in
3596 4501 333 70 Schlesien

2185 4606 393 85 geworden.
2654 4608 158 71 Was
2863 4608 233 71 haben
3145 4610 112 69 die
3291 4610 200 71 Leute
3542 4613 176 68 nicht
3765 4612 166 69 alles

2185 4718 254 83 getan?
2539 4718 115 70 Ein
2725 4718 258 85 Kampf
3046 4722 333 69 zwischen
3449 4722 262 69 Winkel
3784 4722 145 69 und

2184 4828 469 71 horizontaler
2703 4830 180 69 Linie
2932 4832 241 69 wurde
3222 4832 284 82 geführt.
