2819 3888
2029 3163 67 37 195

449 583 90 40 The
562 585 374 39 Step-Daughter.
966 585 144 39 Shame
1129 587 143 37 indeed
1291 588 7 36 !
1353 586 96 39 This
1476 588 33 37 is
1540 600 69 35 my
1635 601 168 36 revenge
1822 589 6 37 !
1884 590 112 35 lam
2023 590 121 48 dying

345 651 44 33 to
411 647 78 38 live
510 648 93 37 that
636 658 115 27 scene
770 677 63 7 ...
888 647 84 38 The
1002 661 112 24 room
1133 680 63 7 ...
1251 652 22 34 I
1289 662 65 25 see
1368 649 33 38 it
1420 680 35 7 ..
1476 680 6 7 .
1538 652 106 36 Here
1685 651 33 37 is
1749 652 71 36 the
1852 650 169 37 window
2049 652 98 37 with

345 710 70 36 the
437 710 171 37 mantles
629 710 185 47 exposed,
837 710 113 36 there
970 711 70 37 the
1062 711 133 45 divan,
1218 712 71 37 the
1309 712 293 48 looking-glass,
1627 726 22 24 a
1671 725 147 32 screen,
1840 713 114 37 there
1974 713 40 37 in
2036 715 109 36 front

345 772 43 37 of
407 772 70 36 the
494 772 169 38 window
683 772 71 36 the
774 771 106 38 little
903 773 228 47 mahogany
1153 774 110 37 table
1281 774 99 37 with
1397 775 71 36 the
1491 775 91 37 blue
1608 776 189 47 envelope
1816 776 230 47 containing
2071 788 75 26 one

345 833 182 38 hundred
553 834 82 37 lire.
691 836 21 35 I
729 846 64 25 see
819 833 45 38 it.
919 837 21 36 I
967 849 63 24 see
1048 835 45 37 it.
1149 838 20 36 I
1188 837 116 36 could
1331 837 96 37 take
1444 837 94 36 hold
1557 838 41 36 of
1614 837 44 37 it.
1681 868 6 7 .
1709 868 6 8 .
1787 839 80 34 But
1886 849 92 33 you,
1997 838 128 47 gentle-

346 908 103 33 men,
479 909 80 33 you
582 896 126 47 ought
720 900 44 32 to
781 900 96 32 turn
894 909 101 33 your
1018 897 123 39 backs
1164 911 90 24 now
1272 910 6 26 :
1334 901 111 35 lam
1469 899 145 38 almost
1642 900 118 44 nude,
1790 911 80 35 you
1901 899 128 38 know.
2065 902 82 35 But

346 960 20 35 I
388 958 114 37 don't
524 958 118 37 blush
660 969 6 25 :
696 959 21 37 I
738 958 112 38 leave
870 959 93 37 that
983 964 44 32 to
1047 960 85 37 him
1156 961 229 48 (indicating
1404 961 168 48 Father).

448 1019 91 39 The
568 1022 225 37 Manager.
825 1023 21 35 I
875 1016 115 42 don't
1020 1022 248 38 understand
1294 1024 82 37 this
1404 1028 42 33 at
1475 1024 63 37 all.

447 1082 92 39 The
564 1083 186 38 Father.
804 1084 217 45 Naturally
1044 1085 167 47 enough.
1267 1088 20 34 I
1312 1086 130 37 would
1467 1087 73 37 ask
1566 1099 91 34 you,
1684 1087 73 44 Sir,
1782 1091 44 33 to
1852 1086 171 38 exercise
2048 1099 100 33 your

346 1145 211 46 authority
582 1158 24 23 a
632 1145 105 36 little
764 1145 104 45 here,
898 1146 79 37 and
1004 1147 56 36 let
1089 1158 62 26 me
1178 1148 125 47 speak
1329 1148 134 38 before
1491 1161 80 34 you
1599 1149 151 38 believe
1778 1149 52 36 all
1857 1149 69 37 she
1953 1148 34 38 is
2012 1150 136 47 trying

345 1211 44 33 to
419 1207 132 37 blame
578 1219 62 25 me
670 1207 110 37 with.
833 1210 77 39 lyet
938 1219 62 26 me
1028 1210 170 46 explain.

446 1267 93 40 The
568 1269 375 40 Step-Daughter.
997 1271 64 37 Ah
1091 1284 80 33 yes,
1204 1273 157 47 explain
1388 1272 33 38 it
1448 1274 41 36 in
1516 1285 101 34 your
1644 1286 89 24 own
1761 1284 99 34 way.

447 1331 92 40 The
567 1332 185 38 Father.
809 1334 82 35 But
922 1332 115 38 don't
1068 1346 81 33 you
1179 1347 63 25 see
1271 1335 93 37 that
1394 1336 70 36 the
1495 1336 125 36 whole
1650 1335 159 37 trouble
1839 1336 71 36 lies
1940 1335 104 37 here.
2100 1339 47 34 In

346 1393 140 45 words,
508 1394 141 38 words.
705 1393 112 40 Each
836 1407 76 25 one
928 1396 42 36 of
986 1407 46 26 us
1049 1395 72 38 has
1139 1397 137 36 within
1294 1397 84 36 him
1395 1410 23 24 a
1435 1398 126 37 whole
1578 1398 122 37 world
1717 1399 42 36 of
1775 1398 147 47 things,
1942 1399 97 36 each
2056 1410 94 25 man

345 1456 43 36 of
404 1467 46 25 us
466 1456 61 38 his
550 1468 89 24 own
661 1457 146 47 special
828 1457 136 37 world.
1009 1458 92 38 And
1118 1459 90 35 how
1225 1472 74 24 can
1319 1472 57 24 we
1399 1472 92 25 ever
1508 1472 111 26 come
1635 1465 44 32 to
1701 1472 51 25 an
1780 1459 316 49 understanding
2119 1461 31 37 if

347 1520 20 34 I
393 1519 139 47 putin
553 1519 70 36 the
644 1519 130 38 words
801 1521 21 35 I
849 1524 110 33 utter
980 1520 70 37 the
1072 1532 111 26 sense
1206 1521 80 36 and
1309 1522 116 37 value
1447 1523 41 36 of
1508 1523 136 47 things
1666 1535 43 25 as
1737 1525 20 35 I
1785 1535 64 25 see
1878 1522 125 44 them,
2037 1523 113 37 while

346 1592 81 33 you
449 1581 89 36 who
560 1580 119 38 listen
705 1586 44 32 to
773 1593 63 26 me
858 1586 109 33 must
994 1583 224 46 inevitably
1244 1585 195 36 translate
1465 1585 113 37 them
1601 1585 212 47 according
1833 1589 44 32 to
1895 1585 70 37 the
1985 1597 142 36 concep-

346 1642 87 37 tion
459 1644 43 35 of
522 1643 136 47 things
680 1644 98 37 each
799 1656 75 25 one
896 1645 42 36 of
959 1656 81 34 you
1061 1645 73 38 has
1158 1646 139 37 within
1319 1646 157 40 himself
1494 1648 14 36 ?
1566 1649 71 36 We
1672 1647 120 37 think
1823 1660 58 24 we
1903 1647 248 41 understand

347 1705 98 37 each
472 1705 127 45 other,
638 1706 75 37 but
751 1719 58 24 we
846 1719 121 25 never
1003 1707 124 46 really
1154 1708 63 37 do.
1271 1708 114 42 Iyook
1421 1710 93 36 here
1532 1710 6 36 !
1594 1708 95 39 This
1726 1722 158 24 woman
1924 1710 228 48 {indicating

347 1767 59 37 the
429 1767 164 48 Mother)
620 1768 116 38 takes
760 1769 53 37 all
836 1781 71 33 my
932 1769 91 48 pity
1048 1770 62 36 for
1133 1771 71 36 her
1228 1783 43 26 as
1295 1783 22 24 a
1341 1772 191 46 specially
1557 1773 197 37 ferocious
1780 1773 104 36 form
1916 1773 42 36 of
1981 1773 168 46 cruelty.

448 1829 92 40 The
567 1832 195 37 Mother.
819 1833 82 36 But
929 1844 80 33 you
1037 1832 124 38 drove
1188 1844 63 26 me
1278 1846 126 33 away.

448 1891 93 40 The
568 1893 187 38 Father.
810 1895 63 36 Do
904 1906 81 34 you
1014 1894 96 38 hear
1139 1895 71 37 her
1228 1896 15 37 ?
1300 1898 21 35 I
1359 1895 123 39 drove
1517 1896 71 38 her
1627 1909 127 34 away.
1809 1896 78 40 She
1929 1897 173 39 believes
2131 1900 21 35 I

346 1955 126 46 really
497 1959 89 34 sent
613 1955 71 37 her
719 1967 126 35 away.

448 2016 93 40 The
567 2019 195 37 Mother.
819 2021 91 35 You
936 2019 120 37 know
1080 2020 91 38 how
1195 2025 44 33 to
1265 2021 99 44 talk,
1394 2021 80 38 and
1501 2023 21 36 I
1550 2021 112 45 dont,
1691 2022 74 37 but
1801 2022 152 38 believe
1994 2034 62 26 me
2093 2022 60 39 Sir

351 2079 48 44 (to
421 2079 205 50 Manager)
651 2081 104 37 after
776 2082 50 37 he
846 2081 81 38 had
948 2082 172 38 married
1147 2094 64 26 me
1230 2113 35 8 ..
1286 2114 7 6 .
1321 2084 89 37 who
1433 2084 137 38 knows
1586 2084 93 47 why
1696 2084 44 38 ?.
1761 2115 7 7 .
1790 2115 6 7 .
1852 2087 21 36 I
1900 2097 81 25 was
2006 2098 24 24 a
2056 2097 98 36 poor

348 2142 268 48 insignificant
644 2155 158 26 woman
821 2174 6 7 .
849 2174 6 7 .
877 2175 7 7 .

449 2204 93 40 The
572 2206 185 38 Father.
814 2208 96 43 But,
941 2207 104 47 good
1073 2209 188 37 Heavens
1280 2209 6 37 !
1319 2209 33 37 it
1390 2221 83 26 was
1503 2209 84 47 just
1618 2210 62 36 for
1710 2221 101 34 your
1841 2209 191 47 humility
2060 2210 93 37 that

349 2270 20 34 I
397 2268 171 37 married
591 2280 92 34 you.
739 2271 20 34 I
782 2269 118 38 loved
922 2270 82 37 this
1021 2270 218 48 simplicity
1259 2271 42 37 in
1323 2283 81 34 you
1425 2272 74 48 (He
1522 2275 103 45 stops
1643 2272 106 36 when
1773 2272 45 36 he
1840 2285 77 23 sees
1940 2272 63 37 she
2025 2273 129 37 makes

349 2330 106 48 signs
479 2334 35 34 to
539 2331 207 37 contradict
768 2331 93 45 him,
889 2336 117 44 opens
1029 2333 62 36 his
1115 2345 104 24 arms
1251 2334 96 37 wide
1380 2334 42 37 in
1447 2334 86 48 sign
1567 2334 40 46 of
1628 2335 252 48 desperation,
1923 2335 127 48 seeing
2073 2334 81 39 how

348 2392 171 49 hopeless
543 2394 30 36 it
597 2394 35 36 is
656 2397 35 32 to
719 2394 109 36 make
851 2394 155 47 himself
1027 2395 255 48 understood).
1338 2399 92 35 You
1455 2409 63 25 see
1542 2397 70 37 she
1636 2397 135 37 denies
1794 2397 45 37 it.
1895 2399 83 35 Her
2003 2399 149 38 mental

349 2455 194 45 deafness,
569 2456 152 38 believe
745 2468 63 26 me
831 2456 34 39 is
887 2458 277 46 phenomenal,
1190 2458 71 37 the
1284 2459 104 37 limit
1416 2459 163 48 (touches
1602 2459 61 36 his
1695 2459 189 48 forehead)
1914 2460 104 44 deaf,
2048 2460 104 45 deaf,

349 2519 194 45 mentally
561 2519 103 36 deaf.
719 2519 78 38 She
814 2520 73 37 has
905 2520 142 47 plenty
1063 2521 42 36 of
1122 2521 155 47 feeling.
1333 2522 64 37 Oh
1415 2535 80 33 yes,
1517 2534 23 24 a
1557 2521 104 48 good
1679 2522 115 37 heart
1811 2523 62 36 for
1889 2523 71 36 the
1978 2522 177 39 children

349 2580 74 39 but
471 2582 71 36 the
566 2581 126 44 brain,
719 2582 102 44 deaf,
846 2587 45 33 to
913 2583 71 37 the
1007 2583 114 47 point
1145 2584 43 36 of
1210 2583 265 49 desperation.

451 2642 92 39 The
565 2643 377 41 Step-Daughter.
999 2648 91 41 Yes,
1110 2646 75 37 but
1204 2646 73 38 ask
1292 2647 85 37 him
1393 2648 91 36 how
1500 2647 61 38 his
1578 2647 249 48 intelligence
1844 2648 73 38 has
1933 2648 143 48 helped
2094 2660 59 27 us.

449 2705 93 40 The
572 2707 186 38 Father.
814 2709 39 36 If
882 2720 58 25 we
969 2709 118 36 could
1117 2721 63 24 see
1210 2709 53 36 all
1290 2709 72 37 the
1391 2709 78 38 evil
1495 2710 93 37 that
1619 2722 96 34 may
1741 2710 135 48 spring
1904 2711 105 36 from
2038 2711 116 48 good,

349 2771 108 35 what
485 2769 143 37 should
654 2781 59 25 we
739 2769 51 37 do
810 2770 14 37 ?
866 2770 68 48 (At
959 2770 76 37 this
1058 2772 113 47 point
1195 2771 59 37 the
1279 2772 174 48 Leading
1486 2773 109 46 Lady
1631 2772 79 37 who
1747 2773 35 36 is
1817 2773 121 48 biting
1975 2773 66 37 her
2079 2775 78 47 lips

350 2832 89 38 with
456 2844 87 36 rage
560 2836 39 33 at
616 2832 126 48 seeing
759 2832 58 37 the
833 2832 174 49 Leading
1023 2833 104 37 Man
1143 2834 151 48 flirting
1319 2834 89 37 with
1430 2834 59 37 the
1506 2835 317 49 Step-Daughter,
1850 2847 120 25 comes
1994 2836 164 47 forward

350 2896 78 37 and
457 2907 89 35 says
576 2898 34 33 to
638 2894 59 37 the
726 2895 220 48 Manager).

452 2959 199 40 IvEAding
673 2959 137 41 IyADY.
865 2957 158 40 Excuse
1047 2969 75 34 me,
1148 2959 76 38 but
1252 2971 67 26 are
1342 2971 59 26 we
1423 2961 120 47 going
1565 2964 44 33 to
1633 2961 181 38 rehearse
1840 2961 128 47 today
1985 2961 15 38 ?

452 3022 227 38 Manager.
734 3022 53 37 Of
813 3033 151 33 course,
981 3022 42 38 of
1049 3032 161 34 course;
1251 3022 75 38 but
1352 3022 90 39 let's
1468 3023 96 37 hear
1589 3023 113 38 them
1729 3028 84 34 out.
