2819 3888
723 3183 69 39 272

812 618 155 50 L'Objet
989 618 34 39 is
1046 619 71 37 the
1141 619 183 47 junction
1350 619 40 37 of
1414 623 82 34 two
1520 619 153 37 related
1696 620 150 38 trends.
1903 621 71 37 We
1999 619 116 38 assist
2141 623 43 33 at
2208 619 70 37 the
2303 618 110 38 birth
2429 618 41 37 of

667 696 23 23 a
708 686 112 44 great
840 682 272 37 constructive
1131 682 137 47 epoch.
1323 683 39 35 It
1382 692 92 36 goes
1492 680 172 38 without
1683 682 141 47 saying
1841 682 92 37 that
1952 680 176 39 reaction
2164 681 80 36 and
2262 680 208 48 bourgeois

665 745 212 45 obstinacy
902 755 67 26 are
993 743 81 38 still
1099 742 194 49 powerful
1315 743 44 37 in
1384 742 160 48 Europe
1570 755 43 25 as
1638 744 88 37 well
1751 756 44 25 as
1819 743 42 38 in
1888 744 156 44 Russia,
2070 743 194 38 unseated
2289 743 105 36 from
2416 743 54 36 its

664 805 67 38 old
748 804 274 39 foundations.
1078 807 81 35 But
1179 805 52 37 all
1247 805 70 37 the
1335 804 139 38 efforts
1491 805 42 37 of
1551 805 66 37 old
1635 805 193 38 believers
1846 811 148 33 cannot
2027 805 137 39 retard
2179 805 71 37 the
2268 809 180 33 construc-

664 868 88 37 tion
771 868 42 37 of
832 877 87 28 n«ew
939 868 125 37 forms
1084 868 42 36 of
1145 867 68 37 life
1234 868 81 35 and
1334 866 42 38 of
1397 872 162 33 matter.
1612 866 84 38 The
1717 867 103 46 days
1839 868 40 36 of
1901 868 261 44 destruction,
2183 867 42 37 of
2246 866 124 48 sieges
2390 866 81 37 and

663 930 184 38 trenches
881 942 67 25 are
981 942 107 25 over.

872 992 34 38 is
924 992 101 38 time
1044 996 44 32 to
1110 992 111 36 build
1244 1003 52 25 on
1315 992 72 37 the
1409 991 230 38 cleared-off
1658 992 85 39 soil.
1800 992 107 38 That
1928 993 130 37 which
2074 992 33 38 is
2124 991 103 38 dead
2248 991 73 38 will
2339 991 110 47 disap-

664 1066 95 36 pear
785 1054 41 37 of
849 1054 122 45 itself,
997 1054 75 37 but
1096 1054 71 37 the
1192 1058 141 43 empty
1357 1054 155 47 ground
1536 1054 73 37 has
1633 1066 52 24 no
1710 1054 103 37 need
1853 1055 42 36 of
1934 1065 207 38 programs
2164 1066 44 25 or
2234 1053 42 37 of
2299 1053 168 43 schools,

666 1118 77 35 but
769 1116 42 37 of
837 1116 122 37 work.

810 1178 104 38 L'Ob
916 1178 52 48 jet
990 1177 94 39 does
1107 1182 72 33 not
1204 1178 105 46 deny
1324 1179 71 37 the
1413 1183 91 42 past
1521 1178 42 37 in
1579 1178 71 37 the
1668 1183 105 43 past.
1804 1181 116 35 —In
1936 1178 146 40 invites
2100 1178 166 36 modern
2282 1177 112 37 work
2409 1176 61 37 for

664 1240 166 37 modern
852 1240 131 37 times.
1038 1239 106 38 That
1167 1241 34 36 is
1225 1240 93 46 why
1340 1241 71 36 the
1434 1240 173 48 vestiges
1631 1240 42 37 of
1695 1242 71 36 the
1791 1241 80 46 day
1894 1242 135 37 before
2051 1239 228 48 yesterday,
2304 1239 100 38 such
2426 1250 45 25 as

663 1302 323 48 impressionism,
1018 1302 246 46 symbolism,
1296 1307 77 33 etc,
1406 1315 66 25 are
1501 1303 145 37 hostile
1674 1307 46 33 to
1749 1303 46 38 it.
1849 1306 72 35 We
1944 1303 178 38 consider
2144 1303 71 36 the
2231 1301 178 47 triumph
2430 1300 40 36 of

663 1364 273 38 constructive
959 1364 186 37 methods
1167 1377 44 24 as
1232 1366 71 36 the
1326 1364 186 38 essential
1533 1365 99 37 trait
1656 1366 42 35 of
1720 1378 72 24 our
1814 1367 110 36 time.
1980 1366 71 36 We
2073 1365 166 37 observe
2261 1363 32 37 it
2317 1375 44 25 as
2383 1362 87 37 well

662 1427 41 36 in
729 1427 71 37 the
826 1438 87 25 new
941 1427 235 43 economics,
1207 1438 43 25 as
1276 1427 42 36 in
1343 1428 71 36 the
1453 1427 282 48 development
1764 1428 40 36 of
1831 1427 187 47 industry
2045 1427 79 36 and
2157 1425 247 48 psychology
2429 1424 42 36 of

666 1489 71 37 the
764 1488 186 38 Moderns
976 1488 42 37 in
1044 1493 78 34 art.

806 1551 156 48 L'Objet
978 1551 142 37 stands
1137 1551 62 37 for
1218 1552 272 38 constructive
1508 1557 64 32 art
1590 1552 131 38 which
1738 1552 94 38 does
1849 1557 72 32 not
1940 1550 205 39 embellish
2161 1550 79 45 life,
2253 1550 76 37 but
2342 1548 129 38 which

663 1613 202 48 organizes
883 1614 46 36 it.
983 1614 73 37 We
1075 1614 104 37 have
1199 1614 127 37 called
1346 1627 72 24 our
1438 1614 145 39 review
1602 1614 158 49 L'Objet
1777 1616 169 37 because
1966 1618 64 33 art
2050 1613 125 38 exists
2194 1613 61 36 for
2274 1612 70 37 the
2364 1623 85 25 crea-

660 1677 88 35 tion
777 1675 41 37 of
845 1688 87 24 new
959 1675 167 47 objects.
1181 1678 40 35 It
1249 1676 33 38 is
1309 1677 94 37 that
1432 1677 131 37 which
1589 1677 181 47 explains
1795 1677 71 37 the
1895 1676 220 38 attraction
2142 1675 130 37 which
2298 1673 169 43 realism,

661 1738 159 47 weight,
843 1738 173 43 volume,
1037 1738 71 36 the
1129 1738 117 37 earth
1265 1738 104 38 have
1389 1739 62 36 for
1473 1750 56 26 us.

807 1802 82 35 But
910 1801 33 36 it
965 1804 110 33 must
1095 1804 73 33 not
1189 1801 50 38 be
1260 1801 221 37 concluded
1500 1802 94 36 that
1614 1802 70 37 the
1706 1801 108 37 word
1835 1801 157 48 L'Objet
2012 1811 137 26 means
2169 1799 61 37 for
2251 1810 47 25 us
2315 1797 155 48 objects

661 1862 42 37 of
727 1866 160 33 current
913 1874 132 36 usage.
1071 1863 216 46 Naturally
1310 1863 42 37 in
1374 1863 72 37 the
1470 1875 89 26 case
1583 1863 42 37 of
1648 1863 224 37 utilitarian
1896 1863 155 47 objects
2076 1860 224 39 fabricated
2323 1860 43 36 in
2389 1860 61 36 fac-

661 1924 135 45 tories,
821 1924 42 37 in
885 1924 72 37 the
981 1936 90 26 case
1095 1925 41 36 of
1159 1926 71 36 the
1254 1926 224 47 areoplane,
1503 1938 44 24 or
1571 1926 70 36 the
1666 1925 246 37 automobile
1936 1938 58 23 we
2017 1937 64 25 see
2104 1924 70 37 the
2199 1928 64 32 art
2287 1922 42 37 of
2352 1922 115 37 form.

664 1988 82 35 But
770 1999 58 24 we
854 1986 51 37 do
929 1990 73 33 not
1027 1987 99 36 wish
1148 1992 45 32 to
1217 1987 104 38 limit
1345 1988 71 37 the
1439 1988 242 47 production
1705 1988 41 36 of
1770 1988 140 37 artists
1932 1991 44 33 to
2001 1986 221 37 utilitarian
2249 1985 167 47 objects.

807 2048 156 48 L'Objet
984 2048 202 38 considers
1209 2062 23 24 a
1255 2062 129 36 poem,
1411 2062 21 24 a
1456 2049 144 49 plastic
1622 2051 115 43 form,
1763 2062 23 24 a
1809 2050 96 48 play
1928 2062 43 24 as
1988 2048 295 48 indispensable
2300 2046 167 47 objects.

661 2110 157 49 L'Objet
844 2110 79 37 will
950 2110 167 39 observe
1145 2110 99 39 with
1272 2112 200 47 profound
1500 2112 204 37 attention
1730 2113 71 36 the
1828 2111 216 49 reciprocal
2071 2110 189 37 relations
2288 2109 181 37 between

660 2173 166 37 modern
848 2177 64 32 art
934 2172 80 37 and
1032 2173 52 36 all
1100 2175 70 36 the
1187 2175 160 36 various
1365 2174 322 38 manifestations
1705 2175 40 36 of
1761 2175 144 45 reality
1921 2185 7 26 :
1947 2173 163 44 science,
2129 2171 170 49 politics,
2317 2169 131 39 techni-

661 2246 89 37 que,
776 2239 191 41 customs,
992 2239 75 34 etc.

804 2299 48 36 In
885 2296 242 49 suffocating
1159 2300 269 47 atmosphere,
1461 2299 39 37 in
1536 2299 223 38 exhausted
1795 2299 155 44 Russia,
1985 2299 42 36 in
2060 2298 225 37 somnolent
2309 2295 159 47 Europe

658 2371 74 26 one
769 2371 71 35 cry
872 2359 109 38 rises.

802 2422 99 41 live
933 2444 41 4 —
1003 2427 93 43 stop
1124 2423 162 48 making
1313 2425 267 37 declarations
1607 2425 80 37 and
1714 2423 317 39 contradictions
2060 2445 39 4 —
2121 2422 116 36 make
2254 2421 157 47 objects

1214 2557 190 41 OTHER
1438 2559 177 39 BOOKS
1646 2558 275 41 RECEIVED

760 2662 147 37 Rahab.
964 2664 63 45 By
1247 2663 153 37 Frank
1430 2665 118 47 (Boni
1576 2664 79 36 and
1675 2665 219 47 Iyiveright,
1924 2665 98 35 New
2049 2662 140 47 York).

764 2723 79 38 The
865 2725 268 37 Foundations
1166 2726 40 47 of
1242 2726 220 38 Aesthetics.
1520 2728 63 45 By
1611 2726 39 38 C.
1677 2729 51 35 K.
1768 2728 166 43 Ogden,
1959 2729 32 35 I.
2016 2726 47 37 A.
2106 2727 232 39 Richards,
2380 2721 78 36 and

661 2789 37 43 J.
731 2789 135 36 Wood
899 2787 60 48 (G.
988 2787 115 37 Allen
1130 2788 81 37 and
1241 2789 157 44 Unwin,
1427 2791 19 34 I
1447 2815 12 16 y
1462 2790 147 43 ondon,
1641 2800 55 39 js.
1726 2790 61 37 6d.
1817 2790 99 47 net).

758 2850 59 37 La
839 2850 132 37 Danse
992 2850 44 37 de
1059 2850 108 46 Qiva.
1198 2853 63 44 By
1281 2851 187 40 Ananda
1491 2852 362 39 Coomaraswamy
1888 2853 57 48 (F.
1972 2852 145 38 Rieder
2139 2855 41 33 et
2204 2850 91 43 Cie.,
2321 2847 141 47 Paris).

1157 2986 179 33 Ernesto
1360 2986 181 38 Fratonj,
1564 2988 135 32 Gerente
1727 2989 234 40 responsabile.

952 3062 121 28 Printed
1099 3063 29 26 in
1152 3064 81 30 Italy
1251 3063 41 32 by
1313 3072 9 13 «
1336 3063 221 30 I/Uuiverselle
1571 3074 10 14 *
1604 3065 188 32 Imprimerie
1814 3066 173 32 Polyglotte
2008 3079 38 4 —
2065 3068 107 25 Roma.
