<?xml version="1.0" encoding="UTF-8"?>
<alto xmlns:xsi="http://www.w3.org/2001/XMLSchema-instance" xmlns="http://www.loc.gov/standards/alto/ns-v2#" xsi:schemaLocation="http://www.loc.gov/standards/alto/ns-v2# http://www.loc.gov/standards/alto/alto-v2.0.xsd" xmlns:xlink="http://www.w3.org/1999/xlink">
	<Description>
		<MeasurementUnit>mm10</MeasurementUnit>
		<sourceImageInformation>
			<fileName>//fileserver7/IN2/Princeton/Batch2/bmtnaap/1922/06_01/00000024.tif</fileName>
		</sourceImageInformation>
		<OCRProcessing ID="OCRPROCESSING_1">
			<preProcessingStep>
				<processingSoftware>
					<softwareCreator>CCS Content Conversion Specialists GmbH, Germany</softwareCreator>
					<softwareName>CCS docWORKS</softwareName>
					<softwareVersion>6.6-0.29</softwareVersion>
				</processingSoftware>
			</preProcessingStep>
			<ocrProcessingStep>
				<processingSoftware>
					<softwareCreator>ABBYY (BIT Software), Russia</softwareCreator>
					<softwareName>FineReader</softwareName>
					<softwareVersion>10.0</softwareVersion>
				</processingSoftware>
			</ocrProcessingStep>
		</OCRProcessing>
		<OCRProcessing ID="OCRPROCESSING_2">
			<preProcessingStep>
				<processingSoftware>
					<softwareCreator>CCS Content Conversion Specialists GmbH, Germany</softwareCreator>
					<softwareName>CCS docWORKS</softwareName>
					<softwareVersion>6.6-0.29</softwareVersion>
				</processingSoftware>
			</preProcessingStep>
			<ocrProcessingStep>
				<processingSoftware>
					<softwareCreator>ABBYY (BIT Software), Russia</softwareCreator>
					<softwareName>NA</softwareName>
				</processingSoftware>
			</ocrProcessingStep>
		</OCRProcessing>
	</Description>
	<Styles>
		<TextStyle ID="TXT_0" FONTSIZE="10" FONTFAMILY="Times New Roman"/>
		<ParagraphStyle ID="PAR_LEFT" ALIGN="Left"/>
		<ParagraphStyle ID="PAR_RIGHT" ALIGN="Right"/>
	</Styles>
	<Layout>
		<Page ID="P23" PHYSICAL_IMG_NR="23" HEIGHT="3888" WIDTH="2819" PRINTED_IMG_NR="204" PC="0.908">
			<TopMargin ID="P23_TM00001" HPOS="0" VPOS="0" WIDTH="2819" HEIGHT="6"/>
			<LeftMargin ID="P23_LM00001" HPOS="0" VPOS="6" WIDTH="6" HEIGHT="3245"/>
			<RightMargin ID="P23_RM00001" HPOS="2811" VPOS="6" WIDTH="8" HEIGHT="3245"/>
			<BottomMargin ID="P23_BM00001" HPOS="0" VPOS="3251" WIDTH="2819" HEIGHT="637">
				<TextBlock ID="P23_TB00001" HPOS="714" VPOS="3254" WIDTH="69" HEIGHT="35" STYLEREFS="TXT_0 PAR_LEFT">
					<TextLine ID="P23_TL00001" HPOS="714" VPOS="3255" WIDTH="69" HEIGHT="34">
						<String ID="P23_ST00001" HPOS="714" VPOS="3255" WIDTH="69" HEIGHT="34" CONTENT="204" WC="0.56" CC="660"/>
					</TextLine>
				</TextBlock>
			</BottomMargin>
			<PrintSpace ID="P23_PS00001" HPOS="6" VPOS="6" WIDTH="2805" HEIGHT="3245">
				<TextBlock ID="P23_TB00002" HPOS="655" VPOS="707" WIDTH="1790" HEIGHT="862" STYLEREFS="TXT_0 PAR_LEFT">
					<TextLine ID="P23_TL00002" HPOS="759" VPOS="708" WIDTH="1686" HEIGHT="53">
						<String ID="P23_ST00002" HPOS="759" VPOS="721" WIDTH="176" HEIGHT="37" CONTENT="Fourth" WC="0.97" CC="702677"/>
						<SP ID="P23_SP00001" HPOS="935" VPOS="758" WIDTH="25"/>
						<String ID="P23_ST00003" HPOS="960" VPOS="720" WIDTH="154" HEIGHT="38" CONTENT="Actor." WC="0.97" CC="567007"/>
						<SP ID="P23_SP00002" HPOS="1114" VPOS="758" WIDTH="33"/>
						<String ID="P23_ST00004" HPOS="1147" VPOS="720" WIDTH="20" HEIGHT="37" CONTENT="I" WC="0.46" CC="5"/>
						<SP ID="P23_SP00003" HPOS="1167" VPOS="758" WIDTH="27"/>
						<String ID="P23_ST00005" HPOS="1194" VPOS="717" WIDTH="144" HEIGHT="38" CONTENT="should" WC="0.97" CC="472756"/>
						<SP ID="P23_SP00004" HPOS="1338" VPOS="758" WIDTH="26"/>
						<String ID="P23_ST00006" HPOS="1364" VPOS="718" WIDTH="79" HEIGHT="36" CONTENT="like" WC="0.98" CC="4013"/>
						<SP ID="P23_SP00005" HPOS="1443" VPOS="758" WIDTH="26"/>
						<String ID="P23_ST00007" HPOS="1469" VPOS="720" WIDTH="44" HEIGHT="33" CONTENT="to" WC="1.00" CC="00"/>
						<SP ID="P23_SP00006" HPOS="1513" VPOS="758" WIDTH="27"/>
						<String ID="P23_ST00008" HPOS="1540" VPOS="717" WIDTH="118" HEIGHT="35" CONTENT="know" WC="0.97" CC="5700"/>
						<SP ID="P23_SP00007" HPOS="1658" VPOS="758" WIDTH="26"/>
						<String ID="P23_ST00009" HPOS="1684" VPOS="715" WIDTH="87" HEIGHT="36" CONTENT="who" WC="0.96" CC="090"/>
						<SP ID="P23_SP00008" HPOS="1771" VPOS="758" WIDTH="27"/>
						<String ID="P23_ST00010" HPOS="1798" VPOS="714" WIDTH="100" HEIGHT="47" CONTENT="they" WC="0.99" CC="0004"/>
						<SP ID="P23_SP00009" HPOS="1898" VPOS="761" WIDTH="27"/>
						<String ID="P23_ST00011" HPOS="1925" VPOS="726" WIDTH="66" HEIGHT="25" CONTENT="are" WC="0.99" CC="030"/>
						<SP ID="P23_SP00010" HPOS="1991" VPOS="761" WIDTH="30"/>
						<String ID="P23_ST00012" HPOS="2021" VPOS="710" WIDTH="158" HEIGHT="51" CONTENT="(alludes" WC="0.75" CC="03006036"/>
						<SP ID="P23_SP00011" HPOS="2179" VPOS="761" WIDTH="36"/>
						<String ID="P23_ST00013" HPOS="2215" VPOS="714" WIDTH="35" HEIGHT="33" CONTENT="to" WC="0.56" CC="53"/>
						<SP ID="P23_SP00012" HPOS="2250" VPOS="761" WIDTH="30"/>
						<String ID="P23_ST00014" HPOS="2280" VPOS="708" WIDTH="142" HEIGHT="39" CONTENT="Charac" SUBS_TYPE="HypPart1" SUBS_CONTENT="Characters)." WC="0.98" CC="055635"/>
						<HYP HPOS="2422" VPOS="708" WIDTH="23" CONTENT="-"/>
					</TextLine>
					<TextLine ID="P23_TL00003" HPOS="658" VPOS="785" WIDTH="101" HEIGHT="47">
						<String ID="P23_ST00015" HPOS="658" VPOS="785" WIDTH="101" HEIGHT="47" CONTENT="ters)." SUBS_TYPE="HypPart2" SUBS_CONTENT="Characters)." WC="0.97" CC="646436"/>
					</TextLine>
					<TextLine ID="P23_TL00004" HPOS="759" VPOS="835" WIDTH="1420" HEIGHT="51">
						<String ID="P23_ST00016" HPOS="759" VPOS="844" WIDTH="141" HEIGHT="37" CONTENT="Third" WC="0.97" CC="76006"/>
						<SP ID="P23_SP00013" HPOS="900" VPOS="881" WIDTH="28"/>
						<String ID="P23_ST00017" HPOS="928" VPOS="844" WIDTH="153" HEIGHT="37" CONTENT="Actor." WC="0.99" CC="560002"/>
						<SP ID="P23_SP00014" HPOS="1081" VPOS="881" WIDTH="55"/>
						<String ID="P23_ST00018" HPOS="1136" VPOS="842" WIDTH="121" HEIGHT="37" CONTENT="What" WC="0.98" CC="4050"/>
						<SP ID="P23_SP00015" HPOS="1257" VPOS="881" WIDTH="29"/>
						<String ID="P23_ST00019" HPOS="1286" VPOS="841" WIDTH="51" HEIGHT="36" CONTENT="do" WC="0.98" CC="00"/>
						<SP ID="P23_SP00016" HPOS="1337" VPOS="881" WIDTH="27"/>
						<String ID="P23_ST00020" HPOS="1364" VPOS="853" WIDTH="80" HEIGHT="33" CONTENT="you" WC="0.96" CC="407"/>
						<SP ID="P23_SP00017" HPOS="1444" VPOS="886" WIDTH="37"/>
						<String ID="P23_ST00021" HPOS="1481" VPOS="851" WIDTH="169" HEIGHT="35" CONTENT="suppose" WC="0.98" CC="5016440"/>
						<SP ID="P23_SP00018" HPOS="1650" VPOS="886" WIDTH="19"/>
						<String ID="P23_ST00022" HPOS="1669" VPOS="839" WIDTH="14" HEIGHT="36" CONTENT="?" WC="1.00" CC="0"/>
						<SP ID="P23_SP00019" HPOS="1683" VPOS="886" WIDTH="55"/>
						<String ID="P23_ST00023" HPOS="1738" VPOS="838" WIDTH="188" HEIGHT="37" CONTENT="Madmen" WC="0.99" CC="300018"/>
						<SP ID="P23_SP00020" HPOS="1926" VPOS="886" WIDTH="25"/>
						<String ID="P23_ST00024" HPOS="1951" VPOS="851" WIDTH="45" HEIGHT="24" CONTENT="or" WC="0.52" CC="62"/>
						<SP ID="P23_SP00021" HPOS="1996" VPOS="886" WIDTH="26"/>
						<String ID="P23_ST00025" HPOS="2022" VPOS="835" WIDTH="157" HEIGHT="40" CONTENT="rascals." WC="0.99" CC="30010053"/>
					</TextLine>
					<TextLine ID="P23_TL00005" HPOS="999" VPOS="900" WIDTH="859" HEIGHT="45">
						<String ID="P23_ST00026" HPOS="999" VPOS="905" WIDTH="132" HEIGHT="40" CONTENT="IyEAD." WC="0.35" CC="888580"/>
						<SP ID="P23_SP00022" HPOS="1131" VPOS="945" WIDTH="54"/>
						<String ID="P23_ST00027" HPOS="1185" VPOS="903" WIDTH="92" HEIGHT="39" CONTENT="And" WC="0.98" CC="060"/>
						<SP ID="P23_SP00023" HPOS="1277" VPOS="945" WIDTH="26"/>
						<String ID="P23_ST00028" HPOS="1303" VPOS="903" WIDTH="49" HEIGHT="36" CONTENT="he" WC="1.00" CC="00"/>
						<SP ID="P23_SP00024" HPOS="1352" VPOS="945" WIDTH="26"/>
						<String ID="P23_ST00029" HPOS="1378" VPOS="902" WIDTH="115" HEIGHT="37" CONTENT="takes" WC="0.98" CC="00904"/>
						<SP ID="P23_SP00025" HPOS="1493" VPOS="945" WIDTH="25"/>
						<String ID="P23_ST00030" HPOS="1518" VPOS="902" WIDTH="112" HEIGHT="36" CONTENT="them" WC="1.00" CC="0000"/>
						<SP ID="P23_SP00026" HPOS="1630" VPOS="945" WIDTH="26"/>
						<String ID="P23_ST00031" HPOS="1656" VPOS="900" WIDTH="202" HEIGHT="45" CONTENT="seriously." WC="0.99" CC="0300070702"/>
					</TextLine>
					<TextLine ID="P23_TL00006" HPOS="758" VPOS="962" WIDTH="1391" HEIGHT="48">
						<String ID="P23_ST00032" HPOS="758" VPOS="966" WIDTH="257" HEIGHT="43" CONTENT="I/Ing£nue." WC="0.31" CC="5976897281"/>
						<SP ID="P23_SP00027" HPOS="1015" VPOS="1009" WIDTH="55"/>
						<String ID="P23_ST00033" HPOS="1070" VPOS="966" WIDTH="161" HEIGHT="44" CONTENT="Vanity." WC="0.98" CC="5060172"/>
						<SP ID="P23_SP00028" HPOS="1231" VPOS="1010" WIDTH="55"/>
						<String ID="P23_ST00034" HPOS="1286" VPOS="966" WIDTH="63" HEIGHT="35" CONTENT="He" WC="0.65" CC="60"/>
						<SP ID="P23_SP00029" HPOS="1349" VPOS="1010" WIDTH="26"/>
						<String ID="P23_ST00035" HPOS="1375" VPOS="964" WIDTH="148" HEIGHT="37" CONTENT="fancies" WC="0.99" CC="0060008"/>
						<SP ID="P23_SP00030" HPOS="1523" VPOS="1010" WIDTH="25"/>
						<String ID="P23_ST00036" HPOS="1548" VPOS="962" WIDTH="156" HEIGHT="38" CONTENT="himself" WC="1.00" CC="0000150"/>
						<SP ID="P23_SP00031" HPOS="1704" VPOS="1010" WIDTH="26"/>
						<String ID="P23_ST00037" HPOS="1730" VPOS="974" WIDTH="43" HEIGHT="25" CONTENT="as" WC="0.69" CC="06"/>
						<SP ID="P23_SP00032" HPOS="1773" VPOS="1010" WIDTH="28"/>
						<String ID="P23_ST00038" HPOS="1801" VPOS="974" WIDTH="51" HEIGHT="23" CONTENT="an" WC="0.77" CC="04"/>
						<SP ID="P23_SP00033" HPOS="1852" VPOS="1010" WIDTH="29"/>
						<String ID="P23_ST00039" HPOS="1881" VPOS="962" WIDTH="144" HEIGHT="36" CONTENT="author" WC="0.99" CC="070031"/>
						<SP ID="P23_SP00034" HPOS="2025" VPOS="1010" WIDTH="26"/>
						<String ID="P23_ST00040" HPOS="2051" VPOS="973" WIDTH="98" HEIGHT="24" CONTENT="now." WC="0.98" CC="6002"/>
					</TextLine>
					<TextLine ID="P23_TL00007" HPOS="757" VPOS="1021" WIDTH="1686" HEIGHT="50">
						<String ID="P23_ST00041" HPOS="757" VPOS="1032" WIDTH="197" HEIGHT="38" CONTENT="IvBADiNG" WC="0.38" CC="59716467"/>
						<SP ID="P23_SP00035" HPOS="954" VPOS="1070" WIDTH="35"/>
						<String ID="P23_ST00042" HPOS="989" VPOS="1030" WIDTH="111" HEIGHT="34" CONTENT="Man." WC="0.97" CC="2353"/>
						<SP ID="P23_SP00036" HPOS="1100" VPOS="1070" WIDTH="55"/>
						<String ID="P23_ST00043" HPOS="1155" VPOS="1028" WIDTH="74" HEIGHT="37" CONTENT="It's" WC="0.97" CC="7025"/>
						<SP ID="P23_SP00037" HPOS="1229" VPOS="1070" WIDTH="38"/>
						<String ID="P23_ST00044" HPOS="1267" VPOS="1026" WIDTH="225" HEIGHT="45" CONTENT="absolutely" WC="0.99" CC="0790060050"/>
						<SP ID="P23_SP00038" HPOS="1492" VPOS="1071" WIDTH="25"/>
						<String ID="P23_ST00045" HPOS="1517" VPOS="1024" WIDTH="180" HEIGHT="37" CONTENT="unheard" WC="0.99" CC="7600030"/>
						<SP ID="P23_SP00039" HPOS="1697" VPOS="1071" WIDTH="27"/>
						<String ID="P23_ST00046" HPOS="1724" VPOS="1025" WIDTH="52" HEIGHT="35" CONTENT="of." WC="0.98" CC="003"/>
						<SP ID="P23_SP00040" HPOS="1776" VPOS="1071" WIDTH="55"/>
						<String ID="P23_ST00047" HPOS="1831" VPOS="1025" WIDTH="38" HEIGHT="36" CONTENT="If" WC="0.72" CC="50"/>
						<SP ID="P23_SP00041" HPOS="1869" VPOS="1071" WIDTH="35"/>
						<String ID="P23_ST00048" HPOS="1904" VPOS="1025" WIDTH="70" HEIGHT="35" CONTENT="the" WC="1.00" CC="000"/>
						<SP ID="P23_SP00042" HPOS="1974" VPOS="1071" WIDTH="37"/>
						<String ID="P23_ST00049" HPOS="2011" VPOS="1028" WIDTH="111" HEIGHT="42" CONTENT="stage" WC="0.99" CC="40030"/>
						<SP ID="P23_SP00043" HPOS="2122" VPOS="1071" WIDTH="26"/>
						<String ID="P23_ST00050" HPOS="2148" VPOS="1021" WIDTH="72" HEIGHT="37" CONTENT="has" WC="1.00" CC="000"/>
						<SP ID="P23_SP00044" HPOS="2220" VPOS="1071" WIDTH="37"/>
						<String ID="P23_ST00051" HPOS="2257" VPOS="1031" WIDTH="111" HEIGHT="25" CONTENT="come" WC="0.98" CC="3400"/>
						<SP ID="P23_SP00045" HPOS="2368" VPOS="1071" WIDTH="31"/>
						<String ID="P23_ST00052" HPOS="2399" VPOS="1023" WIDTH="44" HEIGHT="32" CONTENT="to" WC="0.79" CC="04"/>
					</TextLine>
					<TextLine ID="P23_TL00008" HPOS="656" VPOS="1091" WIDTH="477" HEIGHT="38">
						<String ID="P23_ST00053" HPOS="656" VPOS="1091" WIDTH="82" HEIGHT="38" CONTENT="this" WC="0.99" CC="0004"/>
						<SP ID="P23_SP00046" HPOS="738" VPOS="1129" WIDTH="19"/>
						<String ID="P23_ST00054" HPOS="757" VPOS="1121" WIDTH="35" HEIGHT="7" CONTENT=".." WC="1.00" CC="02"/>
						<SP ID="P23_SP00047" HPOS="792" VPOS="1129" WIDTH="21"/>
						<String ID="P23_ST00055" HPOS="813" VPOS="1121" WIDTH="6" HEIGHT="6" CONTENT="." WC="0.62" CC="3"/>
						<SP ID="P23_SP00048" HPOS="819" VPOS="1129" WIDTH="44"/>
						<String ID="P23_ST00056" HPOS="863" VPOS="1091" WIDTH="86" HEIGHT="36" CONTENT="well" WC="1.00" CC="0002"/>
						<SP ID="P23_SP00049" HPOS="949" VPOS="1129" WIDTH="26"/>
						<String ID="P23_ST00057" HPOS="975" VPOS="1091" WIDTH="78" HEIGHT="35" CONTENT="I'm" WC="0.97" CC="340"/>
						<SP ID="P23_SP00050" HPOS="1053" VPOS="1129" WIDTH="17"/>
						<String ID="P23_ST00058" HPOS="1070" VPOS="1119" WIDTH="35" HEIGHT="7" CONTENT=".." WC="0.62" CC="31"/>
						<SP ID="P23_SP00051" HPOS="1105" VPOS="1129" WIDTH="21"/>
						<String ID="P23_ST00059" HPOS="1126" VPOS="1119" WIDTH="7" HEIGHT="7" CONTENT="." WC="0.77" CC="2"/>
					</TextLine>
					<TextLine ID="P23_TL00009" HPOS="757" VPOS="1149" WIDTH="780" HEIGHT="47">
						<String ID="P23_ST00060" HPOS="757" VPOS="1154" WIDTH="131" HEIGHT="34" CONTENT="Fifth" WC="0.95" CC="72797"/>
						<SP ID="P23_SP00052" HPOS="888" VPOS="1188" WIDTH="26"/>
						<String ID="P23_ST00061" HPOS="914" VPOS="1152" WIDTH="153" HEIGHT="36" CONTENT="Actor." WC="0.99" CC="060003"/>
						<SP ID="P23_SP00053" HPOS="1067" VPOS="1188" WIDTH="56"/>
						<String ID="P23_ST00062" HPOS="1123" VPOS="1152" WIDTH="74" HEIGHT="36" CONTENT="It's" WC="0.97" CC="4044"/>
						<SP ID="P23_SP00054" HPOS="1197" VPOS="1188" WIDTH="25"/>
						<String ID="P23_ST00063" HPOS="1222" VPOS="1151" WIDTH="135" HEIGHT="36" CONTENT="rather" WC="1.00" CC="000000"/>
						<SP ID="P23_SP00055" HPOS="1357" VPOS="1188" WIDTH="27"/>
						<String ID="P23_ST00064" HPOS="1384" VPOS="1162" WIDTH="23" HEIGHT="23" CONTENT="a" WC="1.00" CC="0"/>
						<SP ID="P23_SP00056" HPOS="1407" VPOS="1188" WIDTH="27"/>
						<String ID="P23_ST00065" HPOS="1434" VPOS="1149" WIDTH="103" HEIGHT="47" CONTENT="joke." WC="0.99" CC="40003"/>
					</TextLine>
					<TextLine ID="P23_TL00010" HPOS="757" VPOS="1210" WIDTH="1375" HEIGHT="47">
						<String ID="P23_ST00066" HPOS="757" VPOS="1214" WIDTH="140" HEIGHT="37" CONTENT="Third" WC="0.97" CC="76006"/>
						<SP ID="P23_SP00057" HPOS="897" VPOS="1251" WIDTH="27"/>
						<String ID="P23_ST00067" HPOS="924" VPOS="1214" WIDTH="155" HEIGHT="37" CONTENT="Actor." WC="0.99" CC="060003"/>
						<SP ID="P23_SP00058" HPOS="1079" VPOS="1251" WIDTH="54"/>
						<String ID="P23_ST00068" HPOS="1133" VPOS="1213" WIDTH="111" HEIGHT="43" CONTENT="Well," WC="0.98" CC="31444"/>
						<SP ID="P23_SP00059" HPOS="1244" VPOS="1256" WIDTH="24"/>
						<String ID="P23_ST00069" HPOS="1268" VPOS="1211" WIDTH="100" HEIGHT="37" CONTENT="we'll" WC="0.99" CC="00404"/>
						<SP ID="P23_SP00060" HPOS="1368" VPOS="1256" WIDTH="21"/>
						<String ID="P23_ST00070" HPOS="1389" VPOS="1223" WIDTH="63" HEIGHT="26" CONTENT="see" WC="0.98" CC="500"/>
						<SP ID="P23_SP00061" HPOS="1452" VPOS="1256" WIDTH="21"/>
						<String ID="P23_ST00071" HPOS="1473" VPOS="1211" WIDTH="142" HEIGHT="37" CONTENT="what's" WC="0.99" CC="000016"/>
						<SP ID="P23_SP00062" HPOS="1615" VPOS="1256" WIDTH="21"/>
						<String ID="P23_ST00072" HPOS="1636" VPOS="1211" WIDTH="116" HEIGHT="46" CONTENT="going" WC="0.98" CC="40023"/>
						<SP ID="P23_SP00063" HPOS="1752" VPOS="1257" WIDTH="20"/>
						<String ID="P23_ST00073" HPOS="1772" VPOS="1214" WIDTH="45" HEIGHT="32" CONTENT="to" WC="0.84" CC="03"/>
						<SP ID="P23_SP00064" HPOS="1817" VPOS="1257" WIDTH="21"/>
						<String ID="P23_ST00074" HPOS="1838" VPOS="1210" WIDTH="159" HEIGHT="46" CONTENT="happen" WC="0.99" CC="000006"/>
						<SP ID="P23_SP00065" HPOS="1997" VPOS="1257" WIDTH="27"/>
						<String ID="P23_ST00075" HPOS="2024" VPOS="1212" WIDTH="108" HEIGHT="33" CONTENT="next." WC="0.99" CC="50002"/>
					</TextLine>
					<TextLine ID="P23_TL00011" HPOS="760" VPOS="1329" WIDTH="1685" HEIGHT="56">
						<String ID="P23_ST00076" HPOS="760" VPOS="1336" WIDTH="122" HEIGHT="49" CONTENT="{Thus" WC="0.96" CC="80658"/>
						<SP ID="P23_SP00066" HPOS="882" VPOS="1385" WIDTH="25"/>
						<String ID="P23_ST00077" HPOS="907" VPOS="1336" WIDTH="156" HEIGHT="47" CONTENT="talking," WC="0.99" CC="61000463"/>
						<SP ID="P23_SP00067" HPOS="1063" VPOS="1385" WIDTH="28"/>
						<String ID="P23_ST00078" HPOS="1091" VPOS="1335" WIDTH="58" HEIGHT="38" CONTENT="the" WC="0.95" CC="606"/>
						<SP ID="P23_SP00068" HPOS="1149" VPOS="1385" WIDTH="27"/>
						<String ID="P23_ST00079" HPOS="1176" VPOS="1339" WIDTH="118" HEIGHT="32" CONTENT="actors" WC="0.99" CC="035000"/>
						<SP ID="P23_SP00069" HPOS="1294" VPOS="1385" WIDTH="25"/>
						<String ID="P23_ST00080" HPOS="1319" VPOS="1335" WIDTH="101" HEIGHT="36" CONTENT="leave" WC="0.99" CC="00050"/>
						<SP ID="P23_SP00070" HPOS="1420" VPOS="1385" WIDTH="26"/>
						<String ID="P23_ST00081" HPOS="1446" VPOS="1333" WIDTH="57" HEIGHT="37" CONTENT="the" WC="0.98" CC="600"/>
						<SP ID="P23_SP00071" HPOS="1503" VPOS="1385" WIDTH="27"/>
						<String ID="P23_ST00082" HPOS="1530" VPOS="1336" WIDTH="99" HEIGHT="45" CONTENT="stage" WC="0.98" CC="05060"/>
						<SP ID="P23_SP00072" HPOS="1629" VPOS="1385" WIDTH="15"/>
						<String ID="P23_ST00083" HPOS="1644" VPOS="1345" WIDTH="16" HEIGHT="30" CONTENT=";" WC="0.67" CC="3"/>
						<SP ID="P23_SP00073" HPOS="1660" VPOS="1385" WIDTH="28"/>
						<String ID="P23_ST00084" HPOS="1688" VPOS="1344" WIDTH="99" HEIGHT="25" CONTENT="some" WC="0.99" CC="0050"/>
						<SP ID="P23_SP00074" HPOS="1787" VPOS="1385" WIDTH="24"/>
						<String ID="P23_ST00085" HPOS="1811" VPOS="1333" WIDTH="113" HEIGHT="47" CONTENT="going" WC="0.97" CC="39060"/>
						<SP ID="P23_SP00075" HPOS="1924" VPOS="1385" WIDTH="27"/>
						<String ID="P23_ST00086" HPOS="1951" VPOS="1336" WIDTH="63" HEIGHT="32" CONTENT="out" WC="0.97" CC="007"/>
						<SP ID="P23_SP00076" HPOS="2014" VPOS="1385" WIDTH="33"/>
						<String ID="P23_ST00087" HPOS="2047" VPOS="1331" WIDTH="45" HEIGHT="47" CONTENT="by" WC="0.65" CC="60"/>
						<SP ID="P23_SP00077" HPOS="2092" VPOS="1385" WIDTH="18"/>
						<String ID="P23_ST00088" HPOS="2110" VPOS="1330" WIDTH="57" HEIGHT="37" CONTENT="the" WC="0.94" CC="590"/>
						<SP ID="P23_SP00078" HPOS="2167" VPOS="1385" WIDTH="21"/>
						<String ID="P23_ST00089" HPOS="2188" VPOS="1329" WIDTH="91" HEIGHT="37" CONTENT="little" WC="0.99" CC="001600"/>
						<SP ID="P23_SP00079" HPOS="2279" VPOS="1385" WIDTH="19"/>
						<String ID="P23_ST00090" HPOS="2298" VPOS="1329" WIDTH="89" HEIGHT="35" CONTENT="door" WC="0.99" CC="0230"/>
						<SP ID="P23_SP00080" HPOS="2387" VPOS="1385" WIDTH="21"/>
						<String ID="P23_ST00091" HPOS="2408" VPOS="1331" WIDTH="37" HEIGHT="32" CONTENT="at" WC="0.80" CC="03"/>
					</TextLine>
					<TextLine ID="P23_TL00012" HPOS="656" VPOS="1396" WIDTH="1054" HEIGHT="50">
						<String ID="P23_ST00092" HPOS="656" VPOS="1399" WIDTH="58" HEIGHT="37" CONTENT="the" WC="0.98" CC="400"/>
						<SP ID="P23_SP00081" HPOS="714" VPOS="1436" WIDTH="26"/>
						<String ID="P23_ST00093" HPOS="740" VPOS="1399" WIDTH="89" HEIGHT="36" CONTENT="back" WC="0.97" CC="7005"/>
						<SP ID="P23_SP00082" HPOS="829" VPOS="1436" WIDTH="16"/>
						<String ID="P23_ST00094" HPOS="845" VPOS="1411" WIDTH="16" HEIGHT="30" CONTENT=";" WC="1.00" CC="0"/>
						<SP ID="P23_SP00083" HPOS="861" VPOS="1441" WIDTH="26"/>
						<String ID="P23_ST00095" HPOS="887" VPOS="1398" WIDTH="119" HEIGHT="36" CONTENT="others" WC="1.00" CC="060000"/>
						<SP ID="P23_SP00084" HPOS="1006" VPOS="1441" WIDTH="24"/>
						<String ID="P23_ST00096" HPOS="1030" VPOS="1398" WIDTH="156" HEIGHT="48" CONTENT="retiring" WC="0.99" CC="00601009"/>
						<SP ID="P23_SP00085" HPOS="1186" VPOS="1446" WIDTH="24"/>
						<String ID="P23_ST00097" HPOS="1210" VPOS="1402" WIDTH="34" HEIGHT="32" CONTENT="to" WC="0.64" CC="70"/>
						<SP ID="P23_SP00086" HPOS="1244" VPOS="1446" WIDTH="26"/>
						<String ID="P23_ST00098" HPOS="1270" VPOS="1396" WIDTH="94" HEIGHT="37" CONTENT="their" WC="0.99" CC="50000"/>
						<SP ID="P23_SP00087" HPOS="1364" VPOS="1446" WIDTH="24"/>
						<String ID="P23_ST00099" HPOS="1388" VPOS="1396" WIDTH="322" HEIGHT="47" CONTENT="dressing-rooms." WC="1.00" CC="602000052000605"/>
					</TextLine>
					<TextLine ID="P23_TL00013" HPOS="760" VPOS="1460" WIDTH="543" HEIGHT="47">
						<String ID="P23_ST00100" HPOS="760" VPOS="1460" WIDTH="77" HEIGHT="37" CONTENT="The" WC="0.99" CC="200"/>
						<SP ID="P23_SP00088" HPOS="837" VPOS="1497" WIDTH="26"/>
						<String ID="P23_ST00101" HPOS="863" VPOS="1460" WIDTH="152" HEIGHT="36" CONTENT="curtain" WC="0.99" CC="0905000"/>
						<SP ID="P23_SP00089" HPOS="1015" VPOS="1497" WIDTH="26"/>
						<String ID="P23_ST00102" HPOS="1041" VPOS="1460" WIDTH="168" HEIGHT="36" CONTENT="remains" WC="1.00" CC="0000000"/>
						<SP ID="P23_SP00090" HPOS="1209" VPOS="1497" WIDTH="27"/>
						<String ID="P23_ST00103" HPOS="1236" VPOS="1462" WIDTH="67" HEIGHT="45" CONTENT="up." WC="0.95" CC="076"/>
					</TextLine>
					<TextLine ID="P23_TL00014" HPOS="759" VPOS="1517" WIDTH="1287" HEIGHT="52">
						<String ID="P23_ST00104" HPOS="759" VPOS="1522" WIDTH="78" HEIGHT="37" CONTENT="The" WC="1.00" CC="000"/>
						<SP ID="P23_SP00091" HPOS="837" VPOS="1559" WIDTH="30"/>
						<String ID="P23_ST00105" HPOS="867" VPOS="1522" WIDTH="123" HEIGHT="36" CONTENT="action" WC="1.00" CC="005000"/>
						<SP ID="P23_SP00092" HPOS="990" VPOS="1559" WIDTH="32"/>
						<String ID="P23_ST00106" HPOS="1022" VPOS="1522" WIDTH="38" HEIGHT="46" CONTENT="of" WC="0.76" CC="40"/>
						<SP ID="P23_SP00093" HPOS="1060" VPOS="1568" WIDTH="28"/>
						<String ID="P23_ST00107" HPOS="1088" VPOS="1522" WIDTH="58" HEIGHT="35" CONTENT="the" WC="0.98" CC="600"/>
						<SP ID="P23_SP00094" HPOS="1146" VPOS="1568" WIDTH="28"/>
						<String ID="P23_ST00108" HPOS="1174" VPOS="1523" WIDTH="93" HEIGHT="46" CONTENT="play" WC="0.98" CC="7000"/>
						<SP ID="P23_SP00095" HPOS="1267" VPOS="1569" WIDTH="28"/>
						<String ID="P23_ST00109" HPOS="1295" VPOS="1521" WIDTH="35" HEIGHT="36" CONTENT="is" WC="1.00" CC="00"/>
						<SP ID="P23_SP00096" HPOS="1330" VPOS="1569" WIDTH="29"/>
						<String ID="P23_ST00110" HPOS="1359" VPOS="1520" WIDTH="212" HEIGHT="48" CONTENT="suspended" WC="0.99" CC="000600506"/>
						<SP ID="P23_SP00097" HPOS="1571" VPOS="1569" WIDTH="28"/>
						<String ID="P23_ST00111" HPOS="1599" VPOS="1519" WIDTH="60" HEIGHT="47" CONTENT="for" WC="0.97" CC="340"/>
						<SP ID="P23_SP00098" HPOS="1659" VPOS="1569" WIDTH="28"/>
						<String ID="P23_ST00112" HPOS="1687" VPOS="1523" WIDTH="135" HEIGHT="42" CONTENT="twenty" WC="0.99" CC="530070"/>
						<SP ID="P23_SP00099" HPOS="1822" VPOS="1569" WIDTH="30"/>
						<String ID="P23_ST00113" HPOS="1852" VPOS="1517" WIDTH="194" HEIGHT="47" CONTENT="minutes)." WC="0.99" CC="000850043"/>
					</TextLine>
				</TextBlock>
				<TextBlock ID="P23_TB00003" HPOS="1883" VPOS="1671" WIDTH="428" HEIGHT="44" STYLEREFS="TXT_0 PAR_RIGHT">
					<TextLine ID="P23_TL00015" HPOS="1883" VPOS="1673" WIDTH="403" HEIGHT="40">
						<String ID="P23_ST00114" HPOS="1883" VPOS="1673" WIDTH="126" HEIGHT="40" CONTENT="Luigi" WC="0.96" CC="00000"/>
						<SP ID="P23_SP00100" HPOS="2009" VPOS="1713" WIDTH="25"/>
						<String ID="P23_ST00115" HPOS="2034" VPOS="1673" WIDTH="252" HEIGHT="40" CONTENT="Pirandello" WC="0.98" CC="0000000000"/>
						<SP ID="P23_SP00101" HPOS="2286" VPOS="1713" WIDTH="0"/>
					</TextLine>
				</TextBlock>
				<TextBlock ID="P23_TB00004" HPOS="1739" VPOS="1736" WIDTH="704" HEIGHT="58" STYLEREFS="TXT_0 PAR_RIGHT">
					<TextLine ID="P23_TL00016" HPOS="1739" VPOS="1738" WIDTH="703" HEIGHT="54">
						<String ID="P23_ST00116" HPOS="1739" VPOS="1743" WIDTH="240" HEIGHT="49" CONTENT="(Translated" WC="0.56" CC="24665305525"/>
						<SP ID="P23_SP00102" HPOS="1979" VPOS="1792" WIDTH="33"/>
						<String ID="P23_ST00117" HPOS="2012" VPOS="1742" WIDTH="61" HEIGHT="46" CONTENT="By" WC="0.83" CC="03"/>
						<SP ID="P23_SP00103" HPOS="2073" VPOS="1792" WIDTH="39"/>
						<String ID="P23_ST00118" HPOS="2112" VPOS="1740" WIDTH="165" HEIGHT="37" CONTENT="Edward" WC="0.99" CC="220061"/>
						<SP ID="P23_SP00104" HPOS="2277" VPOS="1792" WIDTH="26"/>
						<String ID="P23_ST00119" HPOS="2303" VPOS="1738" WIDTH="139" HEIGHT="47" CONTENT="Storer)" WC="0.83" CC="2720000"/>
					</TextLine>
				</TextBlock>
				<TextBlock ID="P23_TB00005" HPOS="653" VPOS="1916" WIDTH="1794" HEIGHT="156" STYLEREFS="TXT_0 PAR_LEFT">
					<TextLine ID="P23_TL00017" HPOS="751" VPOS="1917" WIDTH="1695" HEIGHT="49">
						<String ID="P23_ST00120" HPOS="751" VPOS="1929" WIDTH="67" HEIGHT="30" CONTENT="The" WC="0.98" CC="600"/>
						<SP ID="P23_SP00105" HPOS="818" VPOS="1959" WIDTH="19"/>
						<String ID="P23_ST00121" HPOS="837" VPOS="1928" WIDTH="162" HEIGHT="30" CONTENT="dramatic" WC="0.98" CC="09557624"/>
						<SP ID="P23_SP00106" HPOS="999" VPOS="1959" WIDTH="21"/>
						<String ID="P23_ST00122" HPOS="1020" VPOS="1928" WIDTH="104" HEIGHT="38" CONTENT="rights" WC="0.97" CC="804665"/>
						<SP ID="P23_SP00107" HPOS="1124" VPOS="1966" WIDTH="17"/>
						<String ID="P23_ST00123" HPOS="1141" VPOS="1927" WIDTH="37" HEIGHT="39" CONTENT="of" WC="0.81" CC="30"/>
						<SP ID="P23_SP00108" HPOS="1178" VPOS="1966" WIDTH="16"/>
						<String ID="P23_ST00124" HPOS="1194" VPOS="1926" WIDTH="123" HEIGHT="40" CONTENT="Signor" WC="0.77" CC="000517"/>
						<SP ID="P23_SP00109" HPOS="1317" VPOS="1966" WIDTH="11"/>
						<String ID="P23_ST00125" HPOS="1328" VPOS="1925" WIDTH="227" HEIGHT="31" CONTENT="Pirandello*s" WC="0.99" CC="609060600030"/>
						<SP ID="P23_SP00110" HPOS="1555" VPOS="1966" WIDTH="13"/>
						<String ID="P23_ST00126" HPOS="1568" VPOS="1925" WIDTH="132" HEIGHT="38" CONTENT="comedy" WC="0.99" CC="616000"/>
						<SP ID="P23_SP00111" HPOS="1700" VPOS="1966" WIDTH="16"/>
						<String ID="P23_ST00127" HPOS="1716" VPOS="1923" WIDTH="61" HEIGHT="33" CONTENT="Six" WC="0.92" CC="685"/>
						<SP ID="P23_SP00112" HPOS="1777" VPOS="1966" WIDTH="16"/>
						<String ID="P23_ST00128" HPOS="1793" VPOS="1923" WIDTH="206" HEIGHT="31" CONTENT="Characters" WC="0.98" CC="6757020474"/>
						<SP ID="P23_SP00113" HPOS="1999" VPOS="1966" WIDTH="13"/>
						<String ID="P23_ST00129" HPOS="2012" VPOS="1920" WIDTH="37" HEIGHT="31" CONTENT="in" WC="0.63" CC="07"/>
						<SP ID="P23_SP00114" HPOS="2049" VPOS="1966" WIDTH="14"/>
						<String ID="P23_ST00130" HPOS="2063" VPOS="1919" WIDTH="129" HEIGHT="33" CONTENT="Search" WC="0.97" CC="660727"/>
						<SP ID="P23_SP00115" HPOS="2192" VPOS="1966" WIDTH="11"/>
						<String ID="P23_ST00131" HPOS="2203" VPOS="1919" WIDTH="36" HEIGHT="30" CONTENT="of" WC="0.90" CC="00"/>
						<SP ID="P23_SP00116" HPOS="2239" VPOS="1966" WIDTH="13"/>
						<String ID="P23_ST00132" HPOS="2252" VPOS="1926" WIDTH="45" HEIGHT="23" CONTENT="an" WC="0.64" CC="07"/>
						<SP ID="P23_SP00117" HPOS="2297" VPOS="1966" WIDTH="12"/>
						<String ID="P23_ST00133" HPOS="2309" VPOS="1917" WIDTH="137" HEIGHT="32" CONTENT="Author" WC="0.98" CC="270700"/>
					</TextLine>
					<TextLine ID="P23_TL00018" HPOS="654" VPOS="1971" WIDTH="1790" HEIGHT="48">
						<String ID="P23_ST00134" HPOS="654" VPOS="1990" WIDTH="56" HEIGHT="21" CONTENT="are" WC="0.90" CC="979"/>
						<SP ID="P23_SP00118" HPOS="710" VPOS="2011" WIDTH="16"/>
						<String ID="P23_ST00135" HPOS="726" VPOS="1982" WIDTH="134" HEIGHT="30" CONTENT="secured" WC="0.97" CC="4996900"/>
						<SP ID="P23_SP00119" HPOS="860" VPOS="2012" WIDTH="22"/>
						<String ID="P23_ST00136" HPOS="882" VPOS="1980" WIDTH="52" HEIGHT="39" CONTENT="for" WC="0.97" CC="008"/>
						<SP ID="P23_SP00120" HPOS="934" VPOS="2019" WIDTH="23"/>
						<String ID="P23_ST00137" HPOS="957" VPOS="1981" WIDTH="49" HEIGHT="29" CONTENT="the" WC="0.91" CC="689"/>
						<SP ID="P23_SP00121" HPOS="1006" VPOS="2019" WIDTH="22"/>
						<String ID="P23_ST00138" HPOS="1028" VPOS="1979" WIDTH="169" HEIGHT="39" CONTENT="following" WC="0.99" CC="040201063"/>
						<SP ID="P23_SP00122" HPOS="1197" VPOS="2019" WIDTH="15"/>
						<String ID="P23_ST00139" HPOS="1212" VPOS="1978" WIDTH="166" HEIGHT="32" CONTENT="countries" WC="0.98" CC="607978070"/>
						<SP ID="P23_SP00123" HPOS="1378" VPOS="2019" WIDTH="16"/>
						<String ID="P23_ST00140" HPOS="1394" VPOS="1987" WIDTH="11" HEIGHT="22" CONTENT=":" WC="0.59" CC="4"/>
						<SP ID="P23_SP00124" HPOS="1405" VPOS="2019" WIDTH="27"/>
						<String ID="P23_ST00141" HPOS="1432" VPOS="1979" WIDTH="40" HEIGHT="29" CONTENT="U." WC="0.62" CC="42"/>
						<SP ID="P23_SP00125" HPOS="1472" VPOS="2019" WIDTH="18"/>
						<String ID="P23_ST00142" HPOS="1490" VPOS="1978" WIDTH="34" HEIGHT="30" CONTENT="S." WC="0.78" CC="04"/>
						<SP ID="P23_SP00126" HPOS="1524" VPOS="2019" WIDTH="23"/>
						<String ID="P23_ST00143" HPOS="1547" VPOS="1977" WIDTH="35" HEIGHT="39" CONTENT="of" WC="0.78" CC="21"/>
						<SP ID="P23_SP00127" HPOS="1582" VPOS="2019" WIDTH="20"/>
						<String ID="P23_ST00144" HPOS="1602" VPOS="1977" WIDTH="166" HEIGHT="34" CONTENT="America," WC="0.99" CC="00980090"/>
						<SP ID="P23_SP00128" HPOS="1768" VPOS="2019" WIDTH="27"/>
						<String ID="P23_ST00145" HPOS="1795" VPOS="1975" WIDTH="167" HEIGHT="39" CONTENT="England," WC="0.99" CC="44419010"/>
						<SP ID="P23_SP00129" HPOS="1962" VPOS="2019" WIDTH="21"/>
						<String ID="P23_ST00146" HPOS="1983" VPOS="1975" WIDTH="140" HEIGHT="35" CONTENT="France," WC="0.99" CC="3760002"/>
						<SP ID="P23_SP00130" HPOS="2123" VPOS="2019" WIDTH="23"/>
						<String ID="P23_ST00147" HPOS="2146" VPOS="1972" WIDTH="159" HEIGHT="32" CONTENT="Holland," WC="0.99" CC="20006603"/>
						<SP ID="P23_SP00131" HPOS="2305" VPOS="2019" WIDTH="28"/>
						<String ID="P23_ST00148" HPOS="2333" VPOS="1971" WIDTH="89" HEIGHT="30" CONTENT="Germ" SUBS_TYPE="HypPart1" SUBS_CONTENT="Germany" WC="0.97" CC="0096"/>
						<HYP HPOS="2422" VPOS="1971" WIDTH="22" CONTENT="-"/>
					</TextLine>
					<TextLine ID="P23_TL00019" HPOS="654" VPOS="2027" WIDTH="1377" HEIGHT="45">
						<String ID="P23_ST00149" HPOS="654" VPOS="2041" WIDTH="70" HEIGHT="30" CONTENT="any" SUBS_TYPE="HypPart2" SUBS_CONTENT="Germany" WC="0.95" CC="364"/>
						<SP ID="P23_SP00132" HPOS="724" VPOS="2071" WIDTH="21"/>
						<String ID="P23_ST00150" HPOS="745" VPOS="2033" WIDTH="72" HEIGHT="31" CONTENT="and" WC="0.97" CC="600"/>
						<SP ID="P23_SP00133" HPOS="817" VPOS="2071" WIDTH="22"/>
						<String ID="P23_ST00151" HPOS="839" VPOS="2033" WIDTH="168" HEIGHT="39" CONTENT="Hungary" WC="0.98" CC="1670080"/>
						<SP ID="P23_SP00134" HPOS="1007" VPOS="2072" WIDTH="22"/>
						<String ID="P23_ST00152" HPOS="1029" VPOS="2032" WIDTH="38" HEIGHT="30" CONTENT="in" WC="0.76" CC="04"/>
						<SP ID="P23_SP00135" HPOS="1067" VPOS="2072" WIDTH="23"/>
						<String ID="P23_ST00153" HPOS="1090" VPOS="2033" WIDTH="48" HEIGHT="30" CONTENT="all" WC="0.97" CC="800"/>
						<SP ID="P23_SP00136" HPOS="1138" VPOS="2072" WIDTH="20"/>
						<String ID="P23_ST00154" HPOS="1158" VPOS="2031" WIDTH="36" HEIGHT="39" CONTENT="of" WC="0.76" CC="40"/>
						<SP ID="P23_SP00137" HPOS="1194" VPOS="2072" WIDTH="22"/>
						<String ID="P23_ST00155" HPOS="1216" VPOS="2031" WIDTH="103" HEIGHT="31" CONTENT="which" WC="1.00" CC="20000"/>
						<SP ID="P23_SP00138" HPOS="1319" VPOS="2072" WIDTH="17"/>
						<String ID="P23_ST00156" HPOS="1336" VPOS="2031" WIDTH="50" HEIGHT="29" CONTENT="the" WC="0.94" CC="509"/>
						<SP ID="P23_SP00139" HPOS="1386" VPOS="2072" WIDTH="22"/>
						<String ID="P23_ST00157" HPOS="1408" VPOS="2031" WIDTH="81" HEIGHT="38" CONTENT="play" WC="0.97" CC="7024"/>
						<SP ID="P23_SP00140" HPOS="1489" VPOS="2072" WIDTH="25"/>
						<String ID="P23_ST00158" HPOS="1514" VPOS="2029" WIDTH="68" HEIGHT="31" CONTENT="will" WC="0.99" CC="0300"/>
						<SP ID="P23_SP00141" HPOS="1582" VPOS="2072" WIDTH="24"/>
						<String ID="P23_ST00159" HPOS="1606" VPOS="2030" WIDTH="33" HEIGHT="30" CONTENT="be" WC="0.34" CC="66"/>
						<SP ID="P23_SP00142" HPOS="1639" VPOS="2072" WIDTH="23"/>
						<String ID="P23_ST00160" HPOS="1662" VPOS="2028" WIDTH="167" HEIGHT="41" CONTENT="produced" WC="0.99" CC="90007000"/>
						<SP ID="P23_SP00143" HPOS="1829" VPOS="2072" WIDTH="22"/>
						<String ID="P23_ST00161" HPOS="1851" VPOS="2027" WIDTH="65" HEIGHT="30" CONTENT="this" WC="0.98" CC="7000"/>
						<SP ID="P23_SP00144" HPOS="1916" VPOS="2072" WIDTH="21"/>
						<String ID="P23_ST00162" HPOS="1937" VPOS="2034" WIDTH="94" HEIGHT="30" CONTENT="year." WC="0.98" CC="00092"/>
					</TextLine>
				</TextBlock>
			</PrintSpace>
		</Page>
	</Layout>
</alto>
