2819 3888
636 3219 69 35 260

595 663 113 47 gious
733 663 102 36 than
863 675 81 34 any
974 668 318 43 contemporary,
1323 663 50 37 he
1402 664 299 47 contemplated
1731 664 131 39 Christ
1893 666 98 37 with
2020 666 148 37 wistful
2197 678 92 35 eyes
2318 668 79 37 and

594 724 99 38 then
729 724 247 38 half-turned
1012 737 126 34 away.
1190 724 85 38 The
1310 725 98 37 road
1442 729 46 33 to
1526 725 170 47 Calvary
1731 727 142 38 lacked
1910 728 242 48 completely
2187 729 212 49 satisfying

596 787 290 37 orchestration
918 787 61 36 for
1010 787 82 38 this
1125 788 185 48 questing
1344 787 272 38 adventurous
1648 788 158 47 pilgrim
1848 791 90 37 who
1970 790 153 47 winged
2155 790 61 38 his
2248 791 150 39 doubts

595 849 98 36 with
720 861 23 24 a
770 852 138 44 strong
933 849 266 47 hopefulness.

696 910 207 46 Secondly,
924 911 148 46 Moody
1090 911 81 37 had
1189 924 24 24 a
1231 912 111 36 vivid
1360 923 112 25 sense
1490 910 41 38 of
1542 911 122 39 social
1676 913 72 37 sin.
1804 917 40 34 It
1856 913 34 38 is
1902 927 23 23 a
1936 915 175 47 thought
2123 915 41 37 of
2184 915 214 48 Randolph

595 972 192 38 Bourne's
809 972 93 37 that
926 985 73 25 our
1022 977 203 34 ancestors
1249 973 171 37 suffered
1444 972 104 37 from
1570 974 184 46 personal
1777 976 74 43 sin,
1877 988 58 25 we
1958 976 105 36 from
2086 976 119 38 social
2228 988 166 36 wrongs.

593 1033 126 39 There
745 1047 80 25 was
850 1035 189 36 rebellion
1065 1035 40 36 in
1130 1035 70 38 the
1226 1047 98 34 very
1350 1035 94 37 base
1471 1035 41 36 of
1536 1035 185 47 Moody's
1745 1037 87 36 soul
1859 1038 156 47 against
2040 1039 70 37 the
2136 1038 260 49 degradation

593 1097 42 37 of
662 1096 194 38 mankind
884 1096 56 47 by
966 1097 70 37 the
1065 1098 194 43 machiiie,
1288 1097 114 37 there
1430 1108 81 26 was
1538 1098 146 46 superb
1713 1110 120 36 anger
1862 1100 157 47 against
2046 1101 71 37 the
2145 1101 182 47 captains
2354 1100 42 39 of

593 1159 127 43 earth,
753 1158 182 44 reckless,
969 1159 155 47 aghast,
1157 1158 157 48 gorged,
1348 1158 88 37 who
1467 1158 195 39 battened
1691 1160 71 37 the
1792 1160 166 38 hatches
1990 1174 51 24 on
2072 1163 119 44 souls,
2224 1163 168 48 cursing,

593 1221 167 47 sighing,
790 1220 227 48 distraught
1049 1221 79 37 and
1157 1221 84 44 sad,
1271 1221 114 37 there
1414 1233 81 25 was
1523 1221 272 38 wonderment
1826 1228 43 31 at
1897 1223 71 37 the
1997 1223 119 38 social
2145 1224 251 49 inequalities

593 1283 40 37 of
661 1283 71 37 the
759 1282 109 38 time.
924 1284 106 36 Here
1058 1284 97 36 then
1191 1296 58 24 we
1282 1284 103 36 have
1420 1283 167 37 another
1616 1284 188 38 sensitive
1833 1284 114 48 spirit
1976 1285 185 49 recoiling
2189 1287 104 37 from
2324 1287 71 38 the

592 1344 209 38 wholesale
832 1345 168 38 sadisms
1031 1345 41 36 of
1103 1357 72 25 our
1206 1350 160 42 present
1397 1345 212 38 industrial
1636 1346 285 47 organization.

693 1406 136 45 Third,
858 1407 150 45 Moody
1027 1407 159 38 worked
1206 1412 71 32 out
1298 1420 23 24 a
1340 1412 111 42 great
1472 1407 200 47 synthesis
1692 1408 61 37 for
1772 1409 170 44 himself,
1962 1410 71 36 the
2053 1411 151 36 outline
2224 1412 172 47 perhaps

593 1470 40 36 of
653 1481 22 24 a
694 1469 136 36 future
848 1469 174 47 religion.
1079 1472 39 34 It
1137 1481 81 25 was
1237 1482 23 24 a
1279 1468 289 49 philosophical
1586 1470 124 36 union
1729 1470 42 36 of
1790 1473 85 34 Pan
1894 1472 80 36 and
1994 1471 143 45 Christ,
2159 1485 23 24 a
2200 1473 197 47 harmony

592 1531 41 36 of
648 1531 119 37 Pan's
781 1531 82 37 lust
879 1531 41 36 of
933 1531 125 48 living
1073 1531 80 37 and
1168 1531 400 47 beauty-madnesses
1582 1531 99 37 with
1693 1532 71 37 the
1779 1533 131 47 gentle
1926 1534 186 38 anarchic
2126 1534 269 39 brotherhood

590 1593 42 37 of
658 1605 94 24 man
778 1593 41 37 of
842 1593 70 37 the
937 1594 199 37 romantic
1164 1595 126 44 Jesus.
1346 1595 150 45 Moody
1520 1606 81 24 was
1627 1606 132 36 pagan
1782 1600 45 32 to
1855 1608 22 24 a
1903 1595 211 48 delightful
2141 1597 150 47 degree,
2319 1597 75 38 but

590 1656 49 36 he
661 1655 117 37 could
799 1659 71 33 not
892 1660 140 43 accept
1053 1656 253 47 gladiatorial
1327 1656 128 37 shows
1477 1656 80 36 and
1578 1657 169 45 slavery.
1803 1659 64 35 He
1889 1670 80 25 was
1990 1657 200 38 Christian
2210 1659 41 37 in
2272 1670 124 36 many

590 1718 41 36 of
654 1717 61 37 his
738 1718 197 43 outlooks,
961 1718 74 37 but
1058 1719 70 36 the
1150 1718 190 48 laughing
1362 1719 116 36 earth
1501 1719 79 36 and
1602 1719 216 38 libidinous
1840 1719 153 38 liotous
2015 1732 95 25 man
2133 1726 108 32 must
2264 1721 49 38 be
2336 1722 39 36 af-

589 1779 151 37 firmed.
795 1779 75 37 His
894 1779 155 38 culture
1073 1792 81 25 was
1177 1780 41 36 of
1241 1781 102 36 both
1366 1779 144 39 Greece
1535 1780 80 37 and
1639 1781 204 38 Nazareth
1867 1782 78 37 and
1980 1788 105 33 most
2119 1783 178 47 fittingly
2318 1783 73 38 has

589 1841 118 39 Soule
734 1841 126 37 called
889 1841 85 37 him
1046 1855 22 24 a
1098 1847 113 42 great
1643 1842 75 38 His
1747 1843 153 48 perfect
1922 1844 179 47 physical
2124 1844 265 45 endowment,

587 1903 62 38 his
677 1904 89 36 firm
794 1904 190 44 intellect,
1014 1905 61 37 his
1103 1908 113 34 stout
1244 1905 127 44 heart,
1401 1905 62 37 his
1490 1905 76 47 gift
1596 1905 41 36 of
1665 1905 178 47 artistry,
1873 1906 62 37 his
1963 1906 100 37 vital
2090 1906 210 45 erudition,
2330 1906 62 39 his

588 1967 256 49 questioning
861 1966 183 48 religious
1061 1967 87 37 soul
1166 1979 101 35 gave
1284 1967 85 37 him
1378 1967 98 37 such
1490 1967 151 38 fulness
1655 1967 41 37 of
1705 1966 68 39 life
1789 1980 43 25 as
1841 1968 132 46 rarely
1982 1980 132 26 comes
2123 1973 43 32 to
2178 1980 157 35 anyone
2349 1969 42 37 in

588 2042 23 23 a
637 2029 233 47 generation
896 2029 42 36 of
962 2028 245 39 Americans.
1262 2032 64 35 He
1352 2041 82 26 was
1449 2042 23 25 a
1486 2030 278 44 bachanalian,
1793 2042 51 25 an
1863 2029 130 46 artist,
2016 2043 23 24 a
2053 2031 109 37 lover
2180 2042 7 25 :
2226 2031 49 37 he
2293 2043 74 25 wor-

586 2090 169 49 shipped
780 2091 193 43 Bacchus,
997 2091 156 47 Apollo,
1167 2091 112 40 Eros.
1326 2092 92 38 And
1437 2093 125 42 these,
1576 2094 21 35 I
1614 2096 171 44 suggest,
1799 2104 66 25 are
1874 2093 70 36 the
1955 2093 96 47 gods
2061 2091 183 39 America
2255 2093 132 38 needs.

686 2153 66 37 All
771 2153 83 38 this
874 2153 33 38 is
927 2153 42 36 in
990 2154 185 45 Moody's
1194 2155 112 36 work
1325 2153 76 38 but
1422 2155 51 36 he
1494 2154 152 38 carried
1667 2154 33 38 it
1723 2166 43 26 as
1788 2167 52 25 an
1862 2154 128 38 artist.
2045 2155 75 37 His
2141 2154 149 40 doubts
2311 2155 80 38 and

585 2215 272 48 indignations
891 2216 80 37 and
1004 2215 243 48 philosophy
1279 2214 212 50 disengage
1524 2215 242 39 themselves
1799 2216 60 37 for
1894 2229 46 25 us
1973 2216 104 37 from
2111 2229 52 25 an
2197 2216 194 39 aesthetic

584 2279 241 47 experience.
882 2277 75 38 His
977 2277 244 48 projections
1243 2290 101 25 were
1366 2279 99 47 deep
1488 2279 74 38 but
1584 2278 61 39 his
1666 2279 176 37 surfaces
1863 2291 101 25 were
1984 2277 297 50 proportioned.
2335 2281 56 38 At

584 2347 160 41 present
768 2341 71 38 the
863 2345 176 43 greatest
1063 2340 207 38 relevance
1295 2340 34 38 is
1354 2354 52 24 an
1431 2341 258 38 exhortation
1713 2346 44 32 to
1782 2341 95 37 read
1901 2341 70 37 the
1997 2341 137 37 Poems
2160 2343 77 35 and
2260 2342 129 38 Poetic

583 2403 167 37 Dramas
772 2402 79 38 and
870 2403 33 38 it
923 2404 34 36 is
976 2407 44 33 to
1040 2403 193 38 reinforce
1253 2414 70 35 my
1343 2415 175 36 urgency
1536 2404 93 37 that
1650 2406 20 34 I
1689 2403 68 38 list
1778 2405 95 44 May
1891 2402 177 46 Sinclair,
2093 2404 150 38 Robert
2264 2406 126 37 Morss

581 2468 162 42 Lovett,
790 2465 171 48 Ridgely
1002 2464 196 38 Torrence
1248 2465 78 37 and
1369 2464 142 41 Edwin
1549 2465 212 49 Arlington
1801 2465 205 38 Robinson
2044 2478 43 26 as
2119 2465 191 39 admirers
2347 2467 42 37 of

581 2527 83 38 this
693 2531 108 44 poet.

684 2592 64 35 He
780 2589 92 37 died
903 2590 39 36 in
978 2600 110 37 1910.
1143 2588 84 39 The
1260 2602 66 24 era
1358 2590 41 36 of
1431 2589 361 48 experimentation
1825 2590 80 37 and
1937 2590 272 38 achievement
2241 2592 42 36 in
2306 2604 80 25 vers

582 2651 93 38 libre
701 2651 185 37 followed
920 2651 101 37 hard
1056 2651 103 38 after
1195 2651 80 37 and
1309 2651 206 39 doubtless
1549 2652 221 38 distracted
1804 2652 200 38 attention
2038 2653 105 36 from
2177 2653 210 38 Gloucester

581 2714 135 36 Moors
745 2714 80 36 and
845 2714 79 36 The
940 2714 167 48 Masque
1124 2714 40 46 of
1179 2714 220 48 Judgment.
1455 2717 79 35 Yet
1552 2714 156 38 culture
1724 2714 35 38 is
1774 2714 234 38 traditional
2025 2728 43 25 as
2086 2715 85 38 well
2189 2728 43 26 as
2248 2716 119 38 insati-

580 2776 90 37 able
700 2776 62 36 for
783 2776 248 47 departures,
1066 2776 79 37 and
1165 2776 33 37 it
1218 2777 34 37 is
1272 2780 71 33 not
1364 2777 94 37 rash
1477 2781 44 33 to
1542 2776 155 48 predict
1720 2790 23 23 a
1763 2778 175 47 growing
1958 2776 209 49 discovery
2187 2778 42 38 of
2249 2791 22 24 a
2293 2790 94 26 man

578 2839 89 36 who
696 2838 161 38 worked
884 2837 237 39 traditional
1151 2839 181 37 metrical
1361 2844 146 42 poetry
1535 2840 86 36 into
1653 2852 23 24 a
1706 2839 184 48 complex
1919 2839 72 37 full
2019 2840 125 37 toned
2174 2853 123 35 organ
2326 2841 61 37 for

576 2901 172 44 himself,
780 2913 52 25 an
860 2912 123 36 organ
1011 2900 330 47 distinguishable
1387 2902 105 36 from
1521 2902 93 38 that
1648 2901 41 37 of
1720 2914 81 34 any
1830 2902 116 37 other
1977 2907 106 42 poet.
2138 2902 75 38 His
2244 2908 144 42 poetry

575 2963 34 38 is
637 2976 23 23 a
688 2962 185 49 splendid
900 2962 168 39 fruition
1095 2964 104 37 after
1227 2963 128 38 which
1382 2976 135 35 young
1548 2964 211 39 American
1791 2969 116 42 poets
1939 2964 127 48 might
2099 2965 86 37 well
2214 2969 97 34 turn
2341 2970 44 33 to

573 3026 133 37 revolt
734 3026 81 37 and
843 3026 260 45 experiment.

1809 3089 184 39 Gorham
2020 3091 46 37 B.
2096 3091 184 38 Munson
