2819 3888
2003 3127 68 37 227

426 706 86 35 One
530 707 112 43 great
669 703 162 48 change.
885 704 146 47 Sophie
1049 717 51 25 no
1118 707 136 48 longer
1280 708 174 45 yearned
1472 711 44 33 to
1536 708 50 37 do
1605 710 134 47 caring
1757 707 137 51 things
1912 711 61 36 for
1991 710 135 38 Hilda.

326 765 77 39 She
431 777 84 26 was
539 765 92 48 glad
659 777 90 25 now
774 766 42 36 of
842 767 153 38 Anna's
1022 769 223 46 subjective
1273 769 276 38 motherhood.
1604 770 79 40 She
1710 772 69 36 did
1810 777 73 33 not
1911 772 149 45 realise,
2089 774 42 38 in

325 829 53 37 its
402 832 92 32 true
516 833 138 38 terms,
680 828 83 37 this
788 829 162 48 change.
1004 831 151 46 Merely
1178 832 93 37 that
1296 833 69 37 she
1390 844 82 26 was
1496 844 108 26 more
1630 837 42 33 at
1707 845 121 36 peace
1846 845 7 25 :
1891 846 43 26 as
1974 835 70 38 she
2068 840 64 33 sat

326 903 90 25 now
440 890 43 37 in
508 889 153 38 Anna's
685 889 163 38 kitchen
872 902 120 37 peace
1016 905 81 25 was
1120 904 139 26 nearer
1278 924 6 7 .
1306 924 7 6 .
1334 924 7 7 .
1369 894 174 49 waiting,
1570 896 164 48 waiting
1761 926 6 7 .
1788 926 8 8 .
1817 925 6 7 .
1843 896 81 37 and
1957 897 83 39 this
2065 901 68 35 she

327 951 202 49 accepted,
555 951 180 48 docilely,
761 958 124 40 mute,
912 966 44 25 as
980 967 23 24 a
1028 955 139 38 driven
1191 956 115 38 beast
1330 957 103 37 after
1456 958 70 36 the
1551 958 209 47 work-day
1785 958 127 49 night.

427 1014 84 38 The
541 1016 163 36 months
733 1020 117 33 went.
904 1017 118 37 Anna
1052 1030 80 25 was
1161 1018 173 45 heavier,
1366 1031 110 25 more
1515 1020 164 48 languid
1697 1031 6 26 :
1746 1021 70 36 she
1856 1021 166 37 allowed
2063 1023 70 36 her

326 1077 130 37 friend
471 1081 45 33 to
534 1077 52 36 do
605 1089 109 26 more
729 1078 137 47 things
882 1078 61 37 for
960 1080 82 37 her.
1097 1080 78 38 She
1193 1080 166 38 allowed
1376 1082 70 36 her
1463 1085 44 34 to
1525 1094 129 35 sweep
1670 1082 71 38 the
1759 1083 175 44 kitchen,
1952 1088 45 32 to
2014 1084 117 48 bring

325 1139 108 38 fresh
452 1143 124 33 water
594 1143 46 34 to
659 1140 71 38 the
750 1151 113 26 room
882 1141 41 37 of
943 1143 72 35 Mr.
1039 1143 179 38 Kandro.
1271 1142 79 40 She
1381 1143 166 38 allowed
1577 1144 69 37 her
1676 1149 44 32 to
1751 1144 119 39 scrub
1899 1146 70 37 the
2000 1146 129 39 floors.

327 1201 77 39 She
433 1214 101 35 gave
560 1202 70 36 her
659 1202 145 38 orders.
860 1204 127 38 When
1016 1204 146 48 Sophie
1188 1205 123 38 broke
1339 1219 24 24 a
1392 1204 89 40 dish
1499 1218 7 25 :
1691 1207 7 37 !
1727 1208 90 37 how
1846 1220 74 25 can
1960 1220 81 34 you
2080 1209 50 37 be

327 1276 42 25 so
397 1264 165 38 careless
579 1265 15 37 ?

428 1325 144 48 Sophie
600 1339 80 26 was
705 1328 41 36 in
773 1339 131 37 peace.
959 1328 78 39 She
1064 1329 67 37 did
1157 1335 72 33 not
1255 1331 94 36 look
1375 1335 43 33 at
1445 1330 134 38 Hilda.
1635 1331 77 39 She
1754 1344 112 26 came
1907 1337 43 33 at
1992 1333 139 48 length

325 1393 72 32 not
421 1400 101 25 even
546 1393 45 33 to
614 1390 94 37 look
735 1394 42 33 at
803 1390 131 38 Anna.
988 1392 151 46 Nearly
1165 1392 51 37 all
1239 1393 112 46 days,
1378 1405 43 26 as
1442 1393 71 38 the
1534 1393 99 38 time
1656 1406 104 36 grew
1783 1406 106 32 near,
1915 1395 70 38 she
2018 1407 112 25 came

324 1454 45 33 to
395 1451 116 37 Anna
536 1451 79 37 and
638 1451 143 48 helped
808 1453 81 38 her.
943 1452 78 40 She
1045 1454 151 38 needed
1218 1459 45 33 to
1287 1456 49 36 be
1363 1468 95 24 near
1484 1457 69 36 her
1572 1486 35 8 ..
1629 1487 6 7 .
1672 1468 95 25 near
1793 1458 71 36 her
1886 1456 42 38 in
1948 1457 115 39 order
2084 1463 45 33 to

325 1514 51 37 be
395 1514 175 47 waiting,
592 1515 41 37 in
650 1515 115 37 order
784 1520 44 33 to
850 1515 82 37 find
951 1516 71 37 the
1042 1517 115 38 heart
1184 1517 42 37 of
1245 1517 162 49 waiting
1426 1548 35 7 ..
1482 1548 7 7 .
1545 1518 76 39 She
1641 1519 151 38 needed
1809 1525 71 33 not
1899 1524 45 34 to
1964 1532 63 26 see
2047 1520 80 37 her.

326 1575 79 39 She
427 1575 142 47 helped
591 1577 82 37 her.

428 1920 146 48 Sophie
600 1920 123 39 hated
750 1920 187 39 children.

428 1983 78 39 She
527 1983 156 38 walked
708 1988 45 33 to
774 1985 71 37 the
868 1985 106 36 Park
1000 1985 177 48 through
1196 1985 70 38 the
1288 1995 175 27 summer
1489 1990 146 34 streets
1665 1986 94 37 that
1780 1999 103 25 were
1913 1986 91 39 lush
2035 1987 99 39 with

323 2047 127 44 them,
469 2046 93 38 that
580 2058 101 26 were
700 2059 23 24 a
741 2058 116 36 surge
877 2046 80 38 and
976 2059 24 25 a
1018 2047 184 38 delirium
1214 2047 42 37 of
1274 2047 177 38 children
1468 2060 9 33 ;
1497 2052 145 34 streets
1654 2048 237 38 overflowed
1903 2049 99 38 with
2013 2051 96 37 shim-

326 2108 152 49 mering
498 2108 101 47 boys
620 2108 81 38 and
720 2109 104 48 girls,
848 2114 145 34 streets
1014 2110 158 39 banked
1193 2110 100 38 with
1313 2110 132 46 heavy
1465 2122 166 33 women,
1654 2111 140 37 walled
1825 2110 99 38 with
1944 2117 189 43 arrogant

325 2171 167 48 sucking
510 2172 190 37 women's
719 2171 146 38 bellies.
919 2174 83 35 But
1023 2173 69 37 she
1113 2173 154 36 walked
1288 2173 149 46 always
1458 2185 62 25 on.
1574 2173 79 39 She
1674 2173 154 38 walked
1849 2187 43 26 as
1912 2174 31 38 if
1962 2175 69 38 she
2052 2175 77 38 had

325 2234 101 38 been
447 2234 223 48 swimming
689 2235 178 47 through
889 2247 23 24 a
933 2247 78 26 sea.
1067 2235 37 38 If
1126 2235 69 39 she
1216 2235 172 47 stopped
1410 2235 68 37 she
1501 2240 109 34 must
1632 2237 99 37 sink.
1786 2238 63 35 No
1868 2238 106 36 Park
1990 2237 140 45 bench,

326 2308 51 25 no
400 2296 106 45 heat,
531 2308 52 25 no
607 2296 122 37 shade
751 2297 41 36 of
815 2309 23 24 a
858 2297 114 38 thick
997 2301 84 34 tree
1104 2298 117 37 could
1244 2299 117 35 make
1398 2298 70 37 her
1499 2301 105 45 stop.
1625 2328 7 8 .
1654 2328 6 8 .
1731 2298 114 38 Until
1877 2300 69 37 she
1978 2312 82 26 was
2091 2301 42 36 in

326 2359 69 36 her
416 2359 83 45 flat,
520 2359 110 48 limp,
652 2358 99 38 with
770 2360 75 46 dry
871 2373 91 33 eyes
983 2361 79 36 and
1082 2361 99 36 with
1207 2373 23 24 a
1250 2361 89 37 skin
1358 2361 188 37 scorched
1584 2361 56 47 by
1656 2361 71 38 the
1757 2362 160 47 passion
1953 2362 70 38 she
2053 2362 80 37 had

326 2421 154 38 walked
505 2421 187 48 through.

428 2484 187 47 Walking
633 2496 55 32 so,
710 2485 69 37 she
799 2484 69 38 did
887 2489 72 33 not
978 2486 187 47 perspire.
1220 2488 103 35 Now
1339 2486 139 38 seated
1496 2486 93 45 still,
1611 2487 69 37 she
1698 2498 81 26 was
1809 2499 96 25 soon
1935 2487 199 38 drenched

325 2545 97 38 with
450 2550 133 35 sweat.

427 2609 78 39 She
533 2620 82 26 saw
640 2610 71 37 the
739 2611 73 36 tall
841 2610 82 46 boy
1026 2623 134 36 young
1189 2623 106 32 man,
1326 2611 119 47 finely
1472 2611 74 38 tall
1652 2611 100 38 with
1777 2611 115 39 thick
1917 2613 98 44 hair,
2044 2612 91 39 thin

324 2671 129 38 hands
475 2672 132 38 whose
630 2684 102 34 eyes,
757 2673 162 48 looking
941 2678 43 32 at
1007 2674 82 44 her,
1113 2686 101 35 gave
1237 2675 69 36 her
1329 2686 24 24 a
1374 2674 142 38 tender
1538 2674 134 38 touch.
1728 2674 78 39 She
1838 2686 121 26 never
1991 2675 144 38 looked

324 2739 43 32 at
389 2734 84 37 him
494 2735 184 48 straight,
703 2735 50 38 he
774 2747 82 26 was
876 2736 114 37 there
1011 2736 42 37 in
1075 2736 69 37 her
1167 2736 123 38 mind.
1345 2738 64 35 He
1431 2736 81 37 had
1535 2750 23 24 a
1580 2738 105 47 long,
1703 2738 133 47 gentle
1853 2738 98 44 face,
1971 2737 165 49 pointed

324 2796 104 45 chin,
453 2796 92 38 blue
569 2809 102 35 eyes.
728 2800 63 35 He
814 2811 81 24 was
918 2799 104 47 good
1045 2799 202 37 somehow
1268 2799 42 36 in
1333 2799 62 38 his
1418 2800 127 47 rough
1571 2812 96 35 grey
1693 2800 100 38 shirt
1819 2800 80 37 and
1926 2800 62 37 his
2011 2801 126 47 rough

322 2860 131 36 tweed
475 2860 80 36 suit
590 2860 80 37 and
692 2860 62 38 his
786 2861 77 36 low
895 2861 133 46 heavy
1065 2862 116 37 shoes
1212 2862 93 37 that
1343 2862 162 38 showed
1541 2862 71 38 the
1649 2875 117 35 grace
1808 2863 43 37 of
1889 2863 61 37 his
1986 2863 150 37 ankles.

323 2922 65 37 He
410 2935 82 25 was
512 2922 227 49 frightened
762 2922 42 38 of
825 2923 81 38 her.
962 2926 64 35 He
1049 2936 82 26 was
1151 2924 79 37 like
1254 2937 23 24 a
1300 2936 170 26 woman.
1524 2927 64 35 He
1626 2938 82 26 was
1739 2925 82 38 this
1853 2926 94 46 boy,
1981 2927 156 37 forever

324 2989 119 34 sweet
475 2986 41 37 in
547 2986 69 37 her
644 2987 166 38 averted
831 2987 111 36 mind
963 2987 129 38 where
1112 2987 50 38 he
1182 2987 118 38 stood
1322 2988 118 44 aloof,
1463 2988 209 47 slenderly,
1701 2988 117 39 silent
1838 3019 6 7 .
1866 3019 7 8 .
1894 3018 7 7 .
