2819 3888
2109 3288 68 44 263

506 741 94 34 You
621 736 119 38 value
760 733 35 38 it
816 732 219 46 evidently,
1059 729 80 40 and
1161 731 71 36 the
1256 728 139 38 Public
1427 750 40 3 —
1497 738 102 36 your
1622 725 139 39 Public
1793 747 41 4 —
1864 725 139 36 values
2024 723 45 38 it.
2124 725 83 37 But

405 800 94 38 that
522 799 34 38 is
579 798 72 37 has
673 800 91 35 true
788 794 117 38 value
928 793 33 39 is
985 805 99 35 very
1107 790 201 40 doubtful.
1361 791 51 35 In
1435 788 96 45 fact,
1558 800 58 26 we
1641 799 96 34 may
1759 786 51 38 be
1836 789 139 44 pretty
2008 785 87 37 well
2119 797 89 26 sure

406 863 94 36 that
518 861 34 38 it
571 860 33 38 is
623 863 74 33 not
717 856 130 38 worth
866 868 24 25 a
910 856 65 47 fig.
1028 854 141 38 That's
1188 854 72 37 the
1279 855 122 34 worst
1420 850 42 38 of
1481 850 59 38 it:
1575 871 39 6 —
1644 849 132 38 would
1796 852 44 33 to
1860 846 196 50 goodness
2075 846 34 38 it
2130 860 80 24 was

407 938 45 25 as
487 936 97 35 easy
620 934 43 26 as
689 921 106 37 that.

510 988 131 36 Burnt
668 995 68 37 up,
766 981 280 44 transformed,
1077 977 233 44 translated,
1342 974 254 40 transmuted
1623 974 87 37 into
1732 973 227 48 something
1976 973 124 46 really
2127 973 63 37 val-

409 1048 117 38 uable
547 1052 46 33 to
614 1047 72 37 the
708 1043 130 44 artist,
863 1042 78 38 and
966 1054 82 35 you
1070 1052 112 28 cease
1222 1038 223 48 altogether
1477 1038 105 35 from
1615 1035 144 38 action.
1820 1037 91 34 You
1944 1047 66 25 are
2046 1038 73 33 not
2168 1039 44 32 to

409 1110 52 38 do
486 1122 45 25 as
555 1108 209 48 Napoleon
790 1105 95 38 does
909 1105 75 37 but
1009 1117 44 25 as
1081 1103 232 36 Beethoven
1338 1100 96 38 does
1458 1099 82 38 and
1564 1110 45 26 as
1633 1100 155 34 Mozart
1813 1096 106 38 does.
1976 1096 239 37 Remember

409 1174 92 37 that
515 1172 173 46 Wagner
700 1180 82 27 was
795 1167 85 49 just
893 1167 109 37 what
1014 1178 83 35 you
1111 1164 151 39 admire
1294 1185 41 4 —
1365 1175 24 25 a
1403 1161 166 39 colossal
1583 1161 124 47 figure
1719 1160 42 37 in
1774 1160 71 37 the
1858 1159 123 38 world
1995 1159 42 36 of
2050 1159 76 36 Art
2147 1188 36 9 ..
2204 1189 7 6 .

410 1235 76 38 but
510 1236 57 46 by
592 1233 69 37 the
688 1230 83 39 side
797 1231 42 37 of
866 1230 231 38 Beethoven
1124 1226 80 39 and
1230 1227 155 36 Mozart
1411 1226 49 35 he
1486 1227 90 34 cuts
1601 1235 23 25 a
1651 1235 99 33 very
1774 1233 99 36 poor
1898 1221 125 47 figure
2055 1242 40 4 —
2124 1232 54 24 no
2196 1221 14 37 ?

512 1296 94 39 And
632 1294 70 38 the
730 1297 105 34 term
891 1292 70 38 the
990 1291 207 48 Napoleon
1227 1289 41 36 of
1295 1288 71 38 the
1393 1287 184 43 Theatre,
1652 1283 194 48 although
1873 1296 60 24 we
1961 1283 118 37 know
2107 1283 109 37 what

410 1360 34 37 it
468 1359 185 50 signifies,
679 1357 33 38 is
738 1360 72 33 not
835 1359 45 33 at
905 1355 51 37 all
984 1367 23 24 a
1032 1354 140 47 happy
1197 1363 75 25 one
1290 1363 9 32 ;
1326 1350 62 37 for
1413 1349 209 48 Napoleon
1647 1346 132 39 would
1804 1346 105 37 have
1933 1345 101 38 been
2058 1345 70 37 the
2137 1345 79 38 last

411 1435 107 32 man,
532 1421 81 38 had
625 1421 49 36 he
691 1420 146 37 chosen
851 1423 44 33 to
912 1428 174 37 conquer
1101 1415 42 37 in
1153 1415 71 37 the
1239 1413 92 38 field
1347 1413 41 36 of
1403 1413 75 36 Art
1493 1410 82 38 and
1591 1409 202 48 disregard
1810 1409 52 37 all
1873 1409 117 37 other
2004 1406 123 46 fields,
2149 1438 7 6 .
2177 1438 7 6 .
2208 1438 8 8 .

411 1486 50 37 he
479 1484 132 38 would
630 1482 103 37 have
750 1481 102 37 been
877 1480 71 37 the
965 1479 80 38 last
1072 1489 95 25 man
1185 1480 43 34 to
1247 1479 123 34 waste
1389 1473 61 39 his
1468 1472 184 48 strength
1670 1470 228 49 organizing
1930 1491 40 4 —
1985 1468 171 50 pushing
2174 1491 41 4 —

411 1543 325 52 Napoleonizing.
791 1545 65 34 He
887 1540 134 39 would
1053 1540 104 36 have
1182 1536 184 40 followed
1394 1534 189 39 Mozart's
1614 1534 103 37 lead.

513 1607 209 49 Napoleon
745 1617 45 25 as
811 1603 120 38 artist
954 1602 132 38 would
1110 1602 103 37 have
1235 1599 153 38 wasted
1411 1609 52 26 no
1487 1609 147 36 energy
1656 1595 164 49 guiding
1843 1595 152 47 people,
2020 1593 176 38 dominat-

413 1672 67 48 ing
510 1672 153 36 human
693 1667 164 45 society,
886 1664 178 48 showing
1095 1663 240 48 impatience
1361 1661 116 37 when
1507 1658 231 44 restrained,
1771 1656 196 49 brooking
1997 1668 53 25 no
2088 1655 132 45 rivals,

414 1738 311 43 contemptuous
750 1729 177 39 towards
952 1729 116 37 those
1093 1727 89 36 who
1210 1724 158 39 refused
1394 1729 45 33 to
1467 1722 141 38 render
1633 1722 85 37 him
1743 1721 181 47 homage,
1968 1719 160 48 looking
2171 1730 53 25 on

414 1797 70 37 the
510 1794 125 39 world
661 1805 44 27 as
730 1806 24 26 a
781 1795 112 45 great
919 1790 179 48 banquet
1125 1800 104 37 open
1253 1791 45 33 to
1322 1797 81 36 any
1423 1796 134 28 comer
1577 1783 81 38 and
1683 1783 129 37 where
1837 1783 94 46 long
1950 1794 107 25 arms
2072 1794 68 24 are
2154 1781 71 37 the

415 1860 105 30 main
551 1856 211 47 necessity,
791 1853 196 50 grabbing
1013 1852 70 37 the
1111 1851 88 48 sign
1227 1849 41 38 of
1295 1849 70 37 the
1393 1848 157 48 highest
1578 1844 233 46 excellence,
1841 1844 80 37 and
1948 1847 44 34 to
2020 1843 70 38 the
2119 1842 106 38 devil

415 1922 99 38 with
551 1921 71 38 the
659 1919 147 38 others.

518 1985 42 37 It
578 1993 127 28 seems
722 1985 45 35 to
787 1992 62 25 me
868 1979 93 38 that
980 1989 83 36 you
1081 1975 229 41 sometimes
1329 1974 51 38 do
1399 1974 42 38 in
1462 1985 24 26 a
1505 1973 105 38 little
1629 1984 90 34 way
1737 1971 111 37 what
1865 1970 210 47 Napoleon
2093 1967 133 39 would

416 2059 122 27 never
564 2046 104 37 have
693 2044 103 38 done
821 2053 102 28 even
947 2041 42 37 in
1016 2053 23 24 a
1064 2040 67 47 big
1157 2050 90 36 way
1263 2037 82 37 had
1366 2037 50 37 he
1439 2037 101 37 been
1567 2036 71 37 the
1662 2034 118 38 artist
1807 2045 83 36 you
1914 2044 116 34 are;.
2052 2061 36 8 ..
2117 2032 110 37 what

418 2107 236 40 Beethoven
679 2117 125 27 never
832 2103 82 45 did,
945 2115 73 25 nor
1045 2102 179 43 Mozart;
1253 2101 111 35 what
1393 2100 173 47 Wagner
1586 2096 177 48 through
1784 2094 61 39 his
1860 2094 111 37 work
1990 2093 103 38 shall
2107 2092 123 38 suffer

418 2172 62 37 for
504 2169 154 49 having
693 2168 116 41 done.

523 2233 102 38 Rule
649 2235 73 35 out
747 2229 198 39 ambition
970 2228 42 37 of
1036 2228 94 37 that
1155 2224 98 39 kind
1279 2225 105 37 from
1408 2235 103 36 your
1534 2233 254 39 programme
1815 2220 278 48 altogether..
2114 2248 8 9 .
2150 2219 80 38 and

419 2295 124 48 you'll
560 2295 76 37 feel
661 2294 117 38 twice
800 2304 44 27 as
861 2295 138 43 strong
1017 2288 80 39 and
1122 2289 166 38 achieve
1308 2290 71 34 ten
1404 2286 120 38 times
1550 2296 44 27 as
1610 2284 135 38 much.
1798 2281 178 47 Already
2001 2293 84 35 you
2112 2281 119 37 know

418 2359 100 47 they
543 2357 125 50 speak
692 2356 43 38 of
760 2368 83 34 you
868 2366 45 26 as
938 2351 247 50 Napoleonic
1215 2373 42 5 —
1288 2350 163 47 awfully
1477 2348 233 47 dangerous.

523 2422 93 36 You
645 2431 66 25 are
739 2416 197 51 probably
964 2415 84 49 just
1075 2426 46 25 as
1149 2412 215 50 impatient
1393 2423 44 26 as
1465 2411 70 38 the
1564 2413 113 45 great
1707 2420 91 26 men
1827 2407 80 38 and
1937 2417 154 27 women
2128 2406 104 38 have

420 2484 102 38 been
541 2495 7 33 ;
575 2495 83 35 you
683 2495 67 24 are
777 2479 197 50 probably
999 2489 52 26 an
1078 2475 185 50 epileptic
1289 2475 42 37 in
1356 2487 24 24 a
1407 2473 98 38 mild
1530 2486 102 33 way.
1661 2474 57 36 Be
1745 2470 231 39 reasonable
2009 2469 80 38 and
2107 2468 127 38 direct

421 2545 82 38 this
524 2545 107 37 force
658 2544 92 37 that
772 2543 33 37 is
828 2553 109 25 more
959 2540 101 38 than
1082 2550 93 36 you,
1199 2538 42 37 in
1261 2538 71 37 the
1354 2549 90 33 way
1465 2536 33 37 it
1520 2535 79 37 will
1622 2538 106 34 most
1750 2533 120 48 profit
1892 2544 60 32 us,
1976 2544 101 33 your
2104 2530 127 38 fellow

423 2619 92 27 men
547 2629 41 5 —
618 2606 82 37 and
727 2604 187 48 yourself.
969 2601 131 40 Artist
1125 2623 39 5 —
1192 2600 250 48 Egoist....
1472 2597 119 39 think
1619 2596 42 37 of
1689 2595 187 48 yourself,
1906 2596 20 34 I
1956 2594 76 48 beg
2070 2594 42 36 of
2140 2605 94 34 you.

526 2672 94 35 You
645 2669 102 38 need
772 2671 74 33 not
872 2666 50 38 be
948 2677 51 26 an
1028 2663 162 40 altruist
1215 2667 45 35 to
1286 2662 52 37 do
1366 2662 104 37 that.
1525 2662 41 34 It
1592 2658 132 38 would
1751 2658 163 38 become
1940 2669 83 34 you
2047 2656 135 38 better
2192 2660 43 33 to

424 2735 49 36 be
500 2746 23 24 a
548 2732 127 38 treble
701 2731 152 48 egoist.
875 2760 6 8 .
903 2760 7 6 .
938 2729 75 37 but
1039 2728 104 37 have
1167 2738 113 27 sense
1299 2756 36 8 ..
1356 2755 6 9 .
1404 2724 110 39 show
1540 2722 162 38 method
1727 2722 42 37 in
1785 2733 103 35 your
1905 2719 197 38 madness.
2157 2721 81 35 Put

424 2797 71 37 the
518 2794 107 50 right
646 2792 139 40 saddle
807 2804 53 25 on
884 2792 70 37 the
976 2790 106 39 back
1103 2790 42 36 of
1168 2801 103 34 your
1295 2790 186 45 Pegasus,
1495 2784 80 38 and
1600 2784 127 45 don't,
1746 2784 53 37 oh
1816 2783 127 43 don't,
1968 2785 76 45 put
2066 2780 34 38 it
2124 2779 92 39 hind-

425 2858 198 43 side-fore.

528 2920 127 38 These
729 2919 240 48 Napoleons,
1044 2915 96 38 dear
1172 2914 169 44 Reader,
1373 2912 71 38 the
1473 2911 230 48 Napoleons
1733 2910 42 37 of
1797 2910 71 37 the
1893 2907 174 38 Theatre
2091 2907 148 46 always

426 2995 112 27 come
560 2983 86 37 into
669 2981 199 38 existence
890 2980 169 37 because
1079 2977 99 46 they
1200 2980 67 44 get
1290 2973 192 40 muddled
1503 2973 110 46 early
1634 2972 42 37 in
1698 2972 67 37 life
1788 2971 80 37 and
1890 2970 172 48 imagine
2083 2970 92 36 that
2188 2981 51 24 an

428 3046 118 38 artist
576 3046 33 37 is
641 3057 23 24 a
696 3055 91 26 man
821 3042 42 38 of
893 3041 147 38 action.

532 3110 84 36 But
635 3108 110 37 what
766 3108 73 36 has
857 3105 77 37 Art
955 3108 44 34 to
1021 3103 51 38 do
1093 3103 99 38 with
1211 3102 160 43 Action,
1394 3113 46 24 or
1459 3100 110 37 what
1590 3099 70 37 the
1681 3098 123 38 deuce
1826 3097 33 38 is
1878 3097 71 38 the
1970 3108 63 25 ass
2053 3094 186 48 thinking

429 3173 42 37 of
503 3171 89 39 who
620 3170 95 38 calls
747 3182 53 25 on
832 3180 52 26 an
917 3168 118 38 artist
1060 3170 45 33 to
1138 3165 50 38 be
1214 3177 24 25 a
1270 3175 94 27 man
1388 3164 42 37 of
1462 3163 134 38 action
1611 3161 14 38 ?
