<?xml version="1.0" encoding="UTF-8"?>
<alto xmlns:xsi="http://www.w3.org/2001/XMLSchema-instance" xmlns="http://www.loc.gov/standards/alto/ns-v2#" xsi:schemaLocation="http://www.loc.gov/standards/alto/ns-v2# http://www.loc.gov/standards/alto/alto-v2.0.xsd" xmlns:xlink="http://www.w3.org/1999/xlink">
	<Description>
		<MeasurementUnit>mm10</MeasurementUnit>
		<sourceImageInformation>
			<fileName>//fileserver7/IN2/Princeton/Batch2/bmtnaap/1922/06_01/00000071.tif</fileName>
		</sourceImageInformation>
		<OCRProcessing ID="OCRPROCESSING_1">
			<preProcessingStep>
				<processingSoftware>
					<softwareCreator>CCS Content Conversion Specialists GmbH, Germany</softwareCreator>
					<softwareName>CCS docWORKS</softwareName>
					<softwareVersion>6.6-0.29</softwareVersion>
				</processingSoftware>
			</preProcessingStep>
			<ocrProcessingStep>
				<processingSoftware>
					<softwareCreator>ABBYY (BIT Software), Russia</softwareCreator>
					<softwareName>FineReader</softwareName>
					<softwareVersion>10.0</softwareVersion>
				</processingSoftware>
			</ocrProcessingStep>
		</OCRProcessing>
	</Description>
	<Styles>
		<TextStyle ID="TXT_0" FONTSIZE="10" FONTFAMILY="Times New Roman"/>
		<ParagraphStyle ID="PAR_RIGHT" ALIGN="Right"/>
		<ParagraphStyle ID="PAR_BLOCK" ALIGN="Block"/>
	</Styles>
	<Layout>
		<Page ID="P70" PHYSICAL_IMG_NR="70" HEIGHT="3888" WIDTH="2819" PRINTED_IMG_NR="251" PC="0.946">
			<TopMargin ID="P70_TM00001" HPOS="0" VPOS="0" WIDTH="2819" HEIGHT="6"/>
			<LeftMargin ID="P70_LM00001" HPOS="0" VPOS="6" WIDTH="6" HEIGHT="3140"/>
			<RightMargin ID="P70_RM00001" HPOS="2811" VPOS="6" WIDTH="8" HEIGHT="3140"/>
			<BottomMargin ID="P70_BM00001" HPOS="0" VPOS="3146" WIDTH="2819" HEIGHT="742">
				<TextBlock ID="P70_TB00001" HPOS="2061" VPOS="3148" WIDTH="68" HEIGHT="37" STYLEREFS="TXT_0 PAR_RIGHT">
					<TextLine ID="P70_TL00001" HPOS="2062" VPOS="3149" WIDTH="67" HEIGHT="36">
						<String ID="P70_ST00001" HPOS="2062" VPOS="3149" WIDTH="67" HEIGHT="36" CONTENT="251" WC="0.46" CC="474"/>
					</TextLine>
				</TextBlock>
			</BottomMargin>
			<PrintSpace ID="P70_PS00001" HPOS="6" VPOS="6" WIDTH="2805" HEIGHT="3140">
				<TextBlock ID="P70_TB00002" HPOS="382" VPOS="569" WIDTH="1813" HEIGHT="2490" STYLEREFS="TXT_0 PAR_BLOCK">
					<TextLine ID="P70_TL00002" HPOS="390" VPOS="569" WIDTH="1800" HEIGHT="51">
						<String ID="P70_ST00002" HPOS="390" VPOS="573" WIDTH="136" HEIGHT="45" CONTENT="James" WC="0.98" CC="30605"/>
						<SP ID="P70_SP00001" HPOS="526" VPOS="618" WIDTH="25"/>
						<String ID="P70_ST00003" HPOS="551" VPOS="570" WIDTH="73" HEIGHT="37" CONTENT="has" WC="0.95" CC="704"/>
						<SP ID="P70_SP00002" HPOS="624" VPOS="618" WIDTH="25"/>
						<String ID="P70_ST00004" HPOS="649" VPOS="569" WIDTH="225" HEIGHT="38" CONTENT="influenced" WC="0.99" CC="1633605005"/>
						<SP ID="P70_SP00003" HPOS="874" VPOS="618" WIDTH="30"/>
						<String ID="P70_ST00005" HPOS="904" VPOS="573" WIDTH="81" HEIGHT="33" CONTENT="two" WC="1.00" CC="000"/>
						<SP ID="P70_SP00004" HPOS="985" VPOS="618" WIDTH="31"/>
						<String ID="P70_ST00006" HPOS="1016" VPOS="569" WIDTH="217" HEIGHT="38" CONTENT="creditable" WC="0.99" CC="7602000720"/>
						<SP ID="P70_SP00005" HPOS="1233" VPOS="618" WIDTH="30"/>
						<String ID="P70_ST00007" HPOS="1263" VPOS="569" WIDTH="193" HEIGHT="39" CONTENT="novelists" WC="0.99" CC="605420900"/>
						<SP ID="P70_SP00006" HPOS="1456" VPOS="618" WIDTH="30"/>
						<String ID="P70_ST00008" HPOS="1486" VPOS="570" WIDTH="41" HEIGHT="39" CONTENT="in" WC="0.58" CC="08"/>
						<SP ID="P70_SP00007" HPOS="1527" VPOS="618" WIDTH="30"/>
						<String ID="P70_ST00009" HPOS="1557" VPOS="570" WIDTH="196" HEIGHT="46" CONTENT="America," WC="0.99" CC="32015004"/>
						<SP ID="P70_SP00008" HPOS="1753" VPOS="618" WIDTH="32"/>
						<String ID="P70_ST00010" HPOS="1785" VPOS="572" WIDTH="76" HEIGHT="37" CONTENT="but" WC="0.95" CC="670"/>
						<SP ID="P70_SP00009" HPOS="1861" VPOS="618" WIDTH="31"/>
						<String ID="P70_ST00011" HPOS="1892" VPOS="584" WIDTH="187" HEIGHT="36" CONTENT="compare" WC="0.99" CC="0006003"/>
						<SP ID="P70_SP00010" HPOS="2079" VPOS="620" WIDTH="29"/>
						<String ID="P70_ST00012" HPOS="2108" VPOS="573" WIDTH="82" HEIGHT="37" CONTENT="this" WC="0.97" CC="0804"/>
					</TextLine>
					<TextLine ID="P70_TL00003" HPOS="388" VPOS="631" WIDTH="1802" HEIGHT="49">
						<String ID="P70_ST00013" HPOS="388" VPOS="633" WIDTH="99" HEIGHT="38" CONTENT="with" WC="0.99" CC="3000"/>
						<SP ID="P70_SP00011" HPOS="487" VPOS="671" WIDTH="24"/>
						<String ID="P70_ST00014" HPOS="511" VPOS="633" WIDTH="71" HEIGHT="37" CONTENT="the" WC="1.00" CC="000"/>
						<SP ID="P70_SP00012" HPOS="582" VPOS="671" WIDTH="27"/>
						<String ID="P70_ST00015" HPOS="609" VPOS="631" WIDTH="121" HEIGHT="37" CONTENT="much" WC="0.98" CC="0650"/>
						<SP ID="P70_SP00013" HPOS="730" VPOS="671" WIDTH="25"/>
						<String ID="P70_ST00016" HPOS="755" VPOS="631" WIDTH="128" HEIGHT="47" CONTENT="larger" WC="0.99" CC="202042"/>
						<SP ID="P70_SP00014" HPOS="883" VPOS="678" WIDTH="23"/>
						<String ID="P70_ST00017" HPOS="906" VPOS="631" WIDTH="201" HEIGHT="49" CONTENT="following" WC="0.99" CC="006600605"/>
						<SP ID="P70_SP00015" HPOS="1107" VPOS="680" WIDTH="24"/>
						<String ID="P70_ST00018" HPOS="1131" VPOS="633" WIDTH="49" HEIGHT="36" CONTENT="he" WC="1.00" CC="00"/>
						<SP ID="P70_SP00016" HPOS="1180" VPOS="680" WIDTH="25"/>
						<String ID="P70_ST00019" HPOS="1205" VPOS="633" WIDTH="73" HEIGHT="36" CONTENT="has" WC="1.00" CC="000"/>
						<SP ID="P70_SP00017" HPOS="1278" VPOS="680" WIDTH="23"/>
						<String ID="P70_ST00020" HPOS="1301" VPOS="632" WIDTH="175" HEIGHT="48" CONTENT="inspired" WC="0.99" CC="06065000"/>
						<SP ID="P70_SP00018" HPOS="1476" VPOS="680" WIDTH="25"/>
						<String ID="P70_ST00021" HPOS="1501" VPOS="633" WIDTH="42" HEIGHT="36" CONTENT="in" WC="0.64" CC="07"/>
						<SP ID="P70_SP00019" HPOS="1543" VPOS="680" WIDTH="25"/>
						<String ID="P70_ST00022" HPOS="1568" VPOS="632" WIDTH="197" HEIGHT="48" CONTENT="England." WC="0.99" CC="76020500"/>
						<SP ID="P70_SP00020" HPOS="1765" VPOS="680" WIDTH="56"/>
						<String ID="P70_ST00023" HPOS="1821" VPOS="636" WIDTH="63" HEIGHT="35" CONTENT="He" WC="0.64" CC="70"/>
						<SP ID="P70_SP00021" HPOS="1884" VPOS="680" WIDTH="23"/>
						<String ID="P70_ST00024" HPOS="1907" VPOS="636" WIDTH="102" HEIGHT="35" CONTENT="took" WC="0.98" CC="0604"/>
						<SP ID="P70_SP00022" HPOS="2009" VPOS="680" WIDTH="21"/>
						<String ID="P70_ST00025" HPOS="2030" VPOS="635" WIDTH="71" HEIGHT="38" CONTENT="the" WC="1.00" CC="000"/>
						<SP ID="P70_SP00023" HPOS="2101" VPOS="680" WIDTH="25"/>
						<String ID="P70_ST00026" HPOS="2126" VPOS="639" WIDTH="64" HEIGHT="32" CONTENT="art" WC="1.00" CC="010"/>
					</TextLine>
					<TextLine ID="P70_TL00004" HPOS="387" VPOS="692" WIDTH="1804" HEIGHT="52">
						<String ID="P70_ST00027" HPOS="387" VPOS="696" WIDTH="42" HEIGHT="37" CONTENT="of" WC="0.87" CC="20"/>
						<SP ID="P70_SP00024" HPOS="429" VPOS="733" WIDTH="26"/>
						<String ID="P70_ST00028" HPOS="455" VPOS="693" WIDTH="295" HEIGHT="48" CONTENT="novel-writing" WC="0.99" CC="7300330770070"/>
						<SP ID="P70_SP00025" HPOS="750" VPOS="741" WIDTH="33"/>
						<String ID="P70_ST00029" HPOS="783" VPOS="692" WIDTH="99" HEIGHT="38" CONTENT="with" WC="1.00" CC="0000"/>
						<SP ID="P70_SP00026" HPOS="882" VPOS="741" WIDTH="32"/>
						<String ID="P70_ST00030" HPOS="914" VPOS="694" WIDTH="71" HEIGHT="37" CONTENT="the" WC="0.97" CC="006"/>
						<SP ID="P70_SP00027" HPOS="985" VPOS="741" WIDTH="34"/>
						<String ID="P70_ST00031" HPOS="1019" VPOS="698" WIDTH="176" HEIGHT="43" CONTENT="greatest" WC="0.99" CC="63000020"/>
						<SP ID="P70_SP00028" HPOS="1195" VPOS="741" WIDTH="33"/>
						<String ID="P70_ST00032" HPOS="1228" VPOS="695" WIDTH="254" HEIGHT="44" CONTENT="seriousness," WC="0.99" CC="604048900064"/>
						<SP ID="P70_SP00029" HPOS="1482" VPOS="741" WIDTH="37"/>
						<String ID="P70_ST00033" HPOS="1519" VPOS="708" WIDTH="24" HEIGHT="24" CONTENT="a" WC="1.00" CC="0"/>
						<SP ID="P70_SP00030" HPOS="1543" VPOS="741" WIDTH="33"/>
						<String ID="P70_ST00034" HPOS="1576" VPOS="697" WIDTH="311" HEIGHT="47" CONTENT="preoccupation" WC="0.99" CC="9000057000006"/>
						<SP ID="P70_SP00031" HPOS="1887" VPOS="744" WIDTH="35"/>
						<String ID="P70_ST00035" HPOS="1922" VPOS="708" WIDTH="44" HEIGHT="26" CONTENT="so" WC="1.00" CC="00"/>
						<SP ID="P70_SP00032" HPOS="1966" VPOS="744" WIDTH="35"/>
						<String ID="P70_ST00036" HPOS="2001" VPOS="697" WIDTH="190" HEIGHT="39" CONTENT="offensive" WC="0.99" CC="477170050"/>
					</TextLine>
					<TextLine ID="P70_TL00005" HPOS="385" VPOS="755" WIDTH="1805" HEIGHT="50">
						<String ID="P70_ST00037" HPOS="385" VPOS="762" WIDTH="45" HEIGHT="33" CONTENT="to" WC="1.00" CC="00"/>
						<SP ID="P70_SP00033" HPOS="430" VPOS="795" WIDTH="27"/>
						<String ID="P70_ST00038" HPOS="457" VPOS="760" WIDTH="107" HEIGHT="34" CONTENT="most" WC="1.00" CC="0020"/>
						<SP ID="P70_SP00034" HPOS="564" VPOS="795" WIDTH="26"/>
						<String ID="P70_ST00039" HPOS="590" VPOS="755" WIDTH="234" HEIGHT="39" CONTENT="Americans" WC="0.99" CC="500303052"/>
						<SP ID="P70_SP00035" HPOS="824" VPOS="795" WIDTH="24"/>
						<String ID="P70_ST00040" HPOS="848" VPOS="755" WIDTH="93" HEIGHT="36" CONTENT="that" WC="1.00" CC="0000"/>
						<SP ID="P70_SP00036" HPOS="941" VPOS="795" WIDTH="22"/>
						<String ID="P70_ST00041" HPOS="963" VPOS="756" WIDTH="61" HEIGHT="37" CONTENT="his" WC="1.00" CC="000"/>
						<SP ID="P70_SP00037" HPOS="1024" VPOS="795" WIDTH="21"/>
						<String ID="P70_ST00042" HPOS="1045" VPOS="757" WIDTH="272" HEIGHT="48" CONTENT="expatriation" WC="1.00" CC="340000000007"/>
						<SP ID="P70_SP00038" HPOS="1317" VPOS="805" WIDTH="21"/>
						<String ID="P70_ST00043" HPOS="1338" VPOS="769" WIDTH="82" HEIGHT="25" CONTENT="was" WC="1.00" CC="000"/>
						<SP ID="P70_SP00039" HPOS="1420" VPOS="805" WIDTH="20"/>
						<String ID="P70_ST00044" HPOS="1440" VPOS="756" WIDTH="98" HEIGHT="38" CONTENT="used" WC="0.98" CC="7020"/>
						<SP ID="P70_SP00040" HPOS="1538" VPOS="805" WIDTH="20"/>
						<String ID="P70_ST00045" HPOS="1558" VPOS="761" WIDTH="45" HEIGHT="33" CONTENT="to" WC="1.00" CC="00"/>
						<SP ID="P70_SP00041" HPOS="1603" VPOS="805" WIDTH="22"/>
						<String ID="P70_ST00046" HPOS="1625" VPOS="763" WIDTH="103" HEIGHT="33" CONTENT="steer" WC="1.00" CC="00012"/>
						<SP ID="P70_SP00042" HPOS="1728" VPOS="805" WIDTH="22"/>
						<String ID="P70_ST00047" HPOS="1750" VPOS="758" WIDTH="85" HEIGHT="37" CONTENT="him" WC="1.00" CC="000"/>
						<SP ID="P70_SP00043" HPOS="1835" VPOS="805" WIDTH="21"/>
						<String ID="P70_ST00048" HPOS="1856" VPOS="771" WIDTH="116" HEIGHT="34" CONTENT="away" WC="0.98" CC="4003"/>
						<SP ID="P70_SP00044" HPOS="1972" VPOS="805" WIDTH="20"/>
						<String ID="P70_ST00049" HPOS="1992" VPOS="760" WIDTH="105" HEIGHT="36" CONTENT="from" WC="0.99" CC="0030"/>
						<SP ID="P70_SP00045" HPOS="2097" VPOS="805" WIDTH="22"/>
						<String ID="P70_ST00050" HPOS="2119" VPOS="772" WIDTH="71" HEIGHT="26" CONTENT="our" WC="0.95" CC="561"/>
					</TextLine>
					<TextLine ID="P70_TL00006" HPOS="388" VPOS="816" WIDTH="1803" HEIGHT="53">
						<String ID="P70_ST00051" HPOS="388" VPOS="819" WIDTH="215" HEIGHT="39" CONTENT="attention." WC="1.00" CC="0000700070"/>
						<SP ID="P70_SP00046" HPOS="603" VPOS="858" WIDTH="20"/>
						<String ID="P70_ST00052" HPOS="623" VPOS="816" WIDTH="4" HEIGHT="53" CONTENT="-" WC="0.55" CC="4"/>
						<SP ID="P70_SP00047" HPOS="627" VPOS="869" WIDTH="30"/>
						<String ID="P70_ST00053" HPOS="657" VPOS="817" WIDTH="53" HEIGHT="39" CONTENT="So" WC="0.46" CC="64"/>
						<SP ID="P70_SP00048" HPOS="710" VPOS="869" WIDTH="26"/>
						<String ID="P70_ST00054" HPOS="736" VPOS="816" WIDTH="88" HEIGHT="39" CONTENT="well" WC="0.97" CC="0074"/>
						<SP ID="P70_SP00049" HPOS="824" VPOS="869" WIDTH="31"/>
						<String ID="P70_ST00055" HPOS="855" VPOS="817" WIDTH="73" HEIGHT="38" CONTENT="has" WC="0.97" CC="008"/>
						<SP ID="P70_SP00050" HPOS="928" VPOS="869" WIDTH="31"/>
						<String ID="P70_ST00056" HPOS="959" VPOS="819" WIDTH="70" HEIGHT="37" CONTENT="the" WC="1.00" CC="001"/>
						<SP ID="P70_SP00051" HPOS="1029" VPOS="869" WIDTH="33"/>
						<String ID="P70_ST00057" HPOS="1062" VPOS="819" WIDTH="143" HEIGHT="47" CONTENT="charge" WC="1.00" CC="200012"/>
						<SP ID="P70_SP00052" HPOS="1205" VPOS="869" WIDTH="33"/>
						<String ID="P70_ST00058" HPOS="1238" VPOS="819" WIDTH="42" HEIGHT="37" CONTENT="of" WC="0.75" CC="40"/>
						<SP ID="P70_SP00053" HPOS="1280" VPOS="869" WIDTH="31"/>
						<String ID="P70_ST00059" HPOS="1311" VPOS="819" WIDTH="364" HEIGHT="39" CONTENT="un-Americanism" WC="0.81" CC="72000020607000"/>
						<SP ID="P70_SP00054" HPOS="1675" VPOS="869" WIDTH="32"/>
						<String ID="P70_ST00060" HPOS="1707" VPOS="821" WIDTH="100" HEIGHT="40" CONTENT="been" WC="0.98" CC="0008"/>
						<SP ID="P70_SP00055" HPOS="1807" VPOS="869" WIDTH="32"/>
						<String ID="P70_ST00061" HPOS="1839" VPOS="822" WIDTH="161" HEIGHT="47" CONTENT="pressed" WC="0.98" CC="7505600"/>
						<SP ID="P70_SP00056" HPOS="2000" VPOS="869" WIDTH="33"/>
						<String ID="P70_ST00062" HPOS="2033" VPOS="822" WIDTH="158" HEIGHT="47" CONTENT="against" WC="0.99" CC="0000730"/>
					</TextLine>
					<TextLine ID="P70_TL00007" HPOS="388" VPOS="879" WIDTH="1804" HEIGHT="52">
						<String ID="P70_ST00063" HPOS="388" VPOS="885" WIDTH="137" HEIGHT="44" CONTENT="James" WC="0.99" CC="00005"/>
						<SP ID="P70_SP00057" HPOS="525" VPOS="929" WIDTH="24"/>
						<String ID="P70_ST00064" HPOS="549" VPOS="881" WIDTH="95" HEIGHT="36" CONTENT="that" WC="1.00" CC="0000"/>
						<SP ID="P70_SP00058" HPOS="644" VPOS="929" WIDTH="25"/>
						<String ID="P70_ST00065" HPOS="669" VPOS="879" WIDTH="129" HEIGHT="47" CONTENT="today" WC="0.99" CC="04005"/>
						<SP ID="P70_SP00059" HPOS="798" VPOS="929" WIDTH="25"/>
						<String ID="P70_ST00066" HPOS="823" VPOS="879" WIDTH="34" HEIGHT="37" CONTENT="it" WC="1.00" CC="00"/>
						<SP ID="P70_SP00060" HPOS="857" VPOS="929" WIDTH="25"/>
						<String ID="P70_ST00067" HPOS="882" VPOS="880" WIDTH="191" HEIGHT="49" CONTENT="surprises" WC="0.99" CC="465000004"/>
						<SP ID="P70_SP00061" HPOS="1073" VPOS="929" WIDTH="26"/>
						<String ID="P70_ST00068" HPOS="1099" VPOS="893" WIDTH="47" HEIGHT="25" CONTENT="us" WC="0.35" CC="75"/>
						<SP ID="P70_SP00062" HPOS="1146" VPOS="929" WIDTH="23"/>
						<String ID="P70_ST00069" HPOS="1169" VPOS="885" WIDTH="45" HEIGHT="33" CONTENT="to" WC="1.00" CC="00"/>
						<SP ID="P70_SP00063" HPOS="1214" VPOS="929" WIDTH="25"/>
						<String ID="P70_ST00070" HPOS="1239" VPOS="882" WIDTH="97" HEIGHT="36" CONTENT="hear" WC="1.00" CC="0000"/>
						<SP ID="P70_SP00064" HPOS="1336" VPOS="929" WIDTH="24"/>
						<String ID="P70_ST00071" HPOS="1360" VPOS="894" WIDTH="135" HEIGHT="35" CONTENT="young" WC="0.98" CC="00780"/>
						<SP ID="P70_SP00065" HPOS="1495" VPOS="929" WIDTH="26"/>
						<String ID="P70_ST00072" HPOS="1521" VPOS="881" WIDTH="259" HEIGHT="49" CONTENT="Englishmen" WC="0.99" CC="7654080006"/>
						<SP ID="P70_SP00066" HPOS="1780" VPOS="930" WIDTH="24"/>
						<String ID="P70_ST00073" HPOS="1804" VPOS="884" WIDTH="210" HEIGHT="47" CONTENT="rendering" WC="0.99" CC="007003070"/>
						<SP ID="P70_SP00067" HPOS="2014" VPOS="931" WIDTH="23"/>
						<String ID="P70_ST00074" HPOS="2037" VPOS="885" WIDTH="155" HEIGHT="40" CONTENT="tribute" WC="0.99" CC="0206800"/>
					</TextLine>
					<TextLine ID="P70_TL00008" HPOS="385" VPOS="942" WIDTH="1808" HEIGHT="54">
						<String ID="P70_ST00075" HPOS="385" VPOS="949" WIDTH="45" HEIGHT="33" CONTENT="to" WC="0.93" CC="01"/>
						<SP ID="P70_SP00068" HPOS="430" VPOS="982" WIDTH="29"/>
						<String ID="P70_ST00076" HPOS="459" VPOS="944" WIDTH="24" HEIGHT="14" CONTENT='"' WC="0.60" CC="3"/>
						<SP ID="P70_SP00069" HPOS="483" VPOS="982" WIDTH="17"/>
						<String ID="P70_ST00077" HPOS="500" VPOS="954" WIDTH="102" HEIGHT="36" CONTENT="your" WC="0.98" CC="0470"/>
						<SP ID="P70_SP00070" HPOS="602" VPOS="990" WIDTH="27"/>
						<String ID="P70_ST00078" HPOS="629" VPOS="942" WIDTH="213" HEIGHT="44" CONTENT="novelist/'" WC="0.99" CC="5200400094"/>
						<SP ID="P70_SP00071" HPOS="842" VPOS="990" WIDTH="26"/>
						<String ID="P70_ST00079" HPOS="868" VPOS="944" WIDTH="195" HEIGHT="36" CONTENT='to"the' WC="0.99" CC="037003"/>
						<SP ID="P70_SP00072" HPOS="1063" VPOS="990" WIDTH="36"/>
						<String ID="P70_ST00080" HPOS="1099" VPOS="944" WIDTH="226" HEIGHT="43" CONTENT="American," WC="1.00" CC="000000034"/>
						<SP ID="P70_SP00073" HPOS="1325" VPOS="990" WIDTH="41"/>
						<String ID="P70_ST00081" HPOS="1366" VPOS="946" WIDTH="140" HEIGHT="44" CONTENT="Henry" WC="0.97" CC="64604"/>
						<SP ID="P70_SP00074" HPOS="1506" VPOS="990" WIDTH="39"/>
						<String ID="P70_ST00082" HPOS="1545" VPOS="946" WIDTH="175" HEIGHT="44" CONTENT='James."' WC="0.99" CC="0000046"/>
						<SP ID="P70_SP00075" HPOS="1720" VPOS="990" WIDTH="54"/>
						<String ID="P70_ST00083" HPOS="1774" VPOS="944" WIDTH="97" HEIGHT="39" CONTENT="This" WC="0.98" CC="7000"/>
						<SP ID="P70_SP00076" HPOS="1871" VPOS="990" WIDTH="37"/>
						<String ID="P70_ST00084" HPOS="1908" VPOS="951" WIDTH="149" HEIGHT="33" CONTENT="matter" WC="1.00" CC="000021"/>
						<SP ID="P70_SP00077" HPOS="2057" VPOS="990" WIDTH="39"/>
						<String ID="P70_ST00085" HPOS="2096" VPOS="961" WIDTH="97" HEIGHT="35" CONTENT="may" WC="1.00" CC="000"/>
					</TextLine>
					<TextLine ID="P70_TL00009" HPOS="386" VPOS="1004" WIDTH="1806" HEIGHT="51">
						<String ID="P70_ST00086" HPOS="386" VPOS="1006" WIDTH="173" HEIGHT="48" CONTENT="perhaps" WC="0.99" CC="9000000"/>
						<SP ID="P70_SP00078" HPOS="559" VPOS="1054" WIDTH="26"/>
						<String ID="P70_ST00087" HPOS="585" VPOS="1005" WIDTH="50" HEIGHT="37" CONTENT="be" WC="0.52" CC="72"/>
						<SP ID="P70_SP00079" HPOS="635" VPOS="1054" WIDTH="28"/>
						<String ID="P70_ST00088" HPOS="663" VPOS="1016" WIDTH="91" HEIGHT="26" CONTENT="seen" WC="0.98" CC="0207"/>
						<SP ID="P70_SP00080" HPOS="754" VPOS="1054" WIDTH="25"/>
						<String ID="P70_ST00089" HPOS="779" VPOS="1004" WIDTH="43" HEIGHT="37" CONTENT="in" WC="0.66" CC="06"/>
						<SP ID="P70_SP00081" HPOS="822" VPOS="1054" WIDTH="30"/>
						<String ID="P70_ST00090" HPOS="852" VPOS="1005" WIDTH="52" HEIGHT="36" CONTENT="all" WC="0.99" CC="020"/>
						<SP ID="P70_SP00082" HPOS="904" VPOS="1054" WIDTH="30"/>
						<String ID="P70_ST00091" HPOS="934" VPOS="1004" WIDTH="54" HEIGHT="38" CONTENT="its" WC="0.96" CC="091"/>
						<SP ID="P70_SP00083" HPOS="988" VPOS="1054" WIDTH="31"/>
						<String ID="P70_ST00092" HPOS="1019" VPOS="1005" WIDTH="213" HEIGHT="47" CONTENT="absurdity" WC="0.99" CC="060630000"/>
						<SP ID="P70_SP00084" HPOS="1232" VPOS="1054" WIDTH="29"/>
						<String ID="P70_ST00093" HPOS="1261" VPOS="1005" WIDTH="33" HEIGHT="38" CONTENT="if" WC="1.00" CC="00"/>
						<SP ID="P70_SP00085" HPOS="1294" VPOS="1054" WIDTH="30"/>
						<String ID="P70_ST00094" HPOS="1324" VPOS="1019" WIDTH="58" HEIGHT="24" CONTENT="we" WC="0.92" CC="01"/>
						<SP ID="P70_SP00086" HPOS="1382" VPOS="1054" WIDTH="30"/>
						<String ID="P70_ST00095" HPOS="1412" VPOS="1007" WIDTH="119" HEIGHT="37" CONTENT="recall" WC="0.99" CC="001050"/>
						<SP ID="P70_SP00087" HPOS="1531" VPOS="1054" WIDTH="29"/>
						<String ID="P70_ST00096" HPOS="1560" VPOS="1006" WIDTH="211" HEIGHT="49" CONTENT="Turgenev" WC="0.62" CC="97301800"/>
						<SP ID="P70_SP00088" HPOS="1771" VPOS="1055" WIDTH="29"/>
						<String ID="P70_ST00097" HPOS="1800" VPOS="1008" WIDTH="42" HEIGHT="37" CONTENT="in" WC="0.66" CC="06"/>
						<SP ID="P70_SP00089" HPOS="1842" VPOS="1055" WIDTH="30"/>
						<String ID="P70_ST00098" HPOS="1872" VPOS="1009" WIDTH="101" HEIGHT="38" CONTENT="exile" WC="0.98" CC="05340"/>
						<SP ID="P70_SP00090" HPOS="1973" VPOS="1055" WIDTH="31"/>
						<String ID="P70_ST00099" HPOS="2004" VPOS="1014" WIDTH="43" HEIGHT="33" CONTENT="at" WC="1.00" CC="00"/>
						<SP ID="P70_SP00091" HPOS="2047" VPOS="1055" WIDTH="33"/>
						<String ID="P70_ST00100" HPOS="2080" VPOS="1014" WIDTH="112" HEIGHT="38" CONTENT="Paris" WC="0.98" CC="60700"/>
					</TextLine>
					<TextLine ID="P70_TL00010" HPOS="388" VPOS="1066" WIDTH="1803" HEIGHT="51">
						<String ID="P70_ST00101" HPOS="388" VPOS="1068" WIDTH="79" HEIGHT="38" CONTENT="and" WC="0.98" CC="050"/>
						<SP ID="P70_SP00092" HPOS="467" VPOS="1106" WIDTH="27"/>
						<String ID="P70_ST00102" HPOS="494" VPOS="1066" WIDTH="127" HEIGHT="38" CONTENT="under" WC="0.97" CC="76006"/>
						<SP ID="P70_SP00093" HPOS="621" VPOS="1106" WIDTH="26"/>
						<String ID="P70_ST00103" HPOS="647" VPOS="1068" WIDTH="70" HEIGHT="37" CONTENT="the" WC="1.00" CC="000"/>
						<SP ID="P70_SP00094" HPOS="717" VPOS="1106" WIDTH="26"/>
						<String ID="P70_ST00104" HPOS="743" VPOS="1067" WIDTH="195" HEIGHT="38" CONTENT="influence" WC="0.99" CC="073370611"/>
						<SP ID="P70_SP00095" HPOS="938" VPOS="1106" WIDTH="27"/>
						<String ID="P70_ST00105" HPOS="965" VPOS="1068" WIDTH="42" HEIGHT="36" CONTENT="of" WC="0.82" CC="30"/>
						<SP ID="P70_SP00096" HPOS="1007" VPOS="1106" WIDTH="26"/>
						<String ID="P70_ST00106" HPOS="1033" VPOS="1068" WIDTH="205" HEIGHT="45" CONTENT="Flaubert," WC="0.99" CC="760860104"/>
						<SP ID="P70_SP00097" HPOS="1238" VPOS="1113" WIDTH="42"/>
						<String ID="P70_ST00107" HPOS="1280" VPOS="1068" WIDTH="159" HEIGHT="49" CONTENT="writing" WC="1.00" CC="0000060"/>
						<SP ID="P70_SP00098" HPOS="1439" VPOS="1117" WIDTH="39"/>
						<String ID="P70_ST00108" HPOS="1478" VPOS="1070" WIDTH="138" HEIGHT="38" CONTENT="novels" WC="0.98" CC="660034"/>
						<SP ID="P70_SP00099" HPOS="1616" VPOS="1117" WIDTH="39"/>
						<String ID="P70_ST00109" HPOS="1655" VPOS="1071" WIDTH="41" HEIGHT="36" CONTENT="in" WC="0.66" CC="06"/>
						<SP ID="P70_SP00100" HPOS="1696" VPOS="1117" WIDTH="41"/>
						<String ID="P70_ST00110" HPOS="1737" VPOS="1070" WIDTH="131" HEIGHT="37" CONTENT="which" WC="1.00" CC="00020"/>
						<SP ID="P70_SP00101" HPOS="1868" VPOS="1117" WIDTH="37"/>
						<String ID="P70_ST00111" HPOS="1905" VPOS="1071" WIDTH="71" HEIGHT="37" CONTENT="the" WC="0.99" CC="001"/>
						<SP ID="P70_SP00102" HPOS="1976" VPOS="1117" WIDTH="42"/>
						<String ID="P70_ST00112" HPOS="2018" VPOS="1074" WIDTH="173" HEIGHT="39" CONTENT="Russian" WC="0.98" CC="7680006"/>
					</TextLine>
					<TextLine ID="P70_TL00011" HPOS="384" VPOS="1129" WIDTH="1807" HEIGHT="52">
						<String ID="P70_ST00113" HPOS="384" VPOS="1129" WIDTH="215" HEIGHT="48" CONTENT="travelling" WC="1.00" CC="0300231050"/>
						<SP ID="P70_SP00103" HPOS="599" VPOS="1177" WIDTH="27"/>
						<String ID="P70_ST00114" HPOS="626" VPOS="1129" WIDTH="157" HEIGHT="38" CONTENT="outside" WC="0.99" CC="3600000"/>
						<SP ID="P70_SP00104" HPOS="783" VPOS="1177" WIDTH="26"/>
						<String ID="P70_ST00115" HPOS="809" VPOS="1129" WIDTH="62" HEIGHT="37" CONTENT="his" WC="1.00" CC="000"/>
						<SP ID="P70_SP00105" HPOS="871" VPOS="1177" WIDTH="26"/>
						<String ID="P70_ST00116" HPOS="897" VPOS="1131" WIDTH="138" HEIGHT="38" CONTENT="native" WC="1.00" CC="500000"/>
						<SP ID="P70_SP00106" HPOS="1035" VPOS="1177" WIDTH="14"/>
						<String ID="P70_ST00117" HPOS="1049" VPOS="1131" WIDTH="96" HEIGHT="37" CONTENT="land" WC="0.98" CC="5060"/>
						<SP ID="P70_SP00107" HPOS="1145" VPOS="1177" WIDTH="15"/>
						<String ID="P70_ST00118" HPOS="1160" VPOS="1142" WIDTH="81" HEIGHT="25" CONTENT="was" WC="0.98" CC="005"/>
						<SP ID="P70_SP00108" HPOS="1241" VPOS="1177" WIDTH="13"/>
						<String ID="P70_ST00119" HPOS="1254" VPOS="1131" WIDTH="113" HEIGHT="36" CONTENT="often" WC="0.99" CC="01026"/>
						<SP ID="P70_SP00109" HPOS="1367" VPOS="1177" WIDTH="14"/>
						<String ID="P70_ST00120" HPOS="1381" VPOS="1132" WIDTH="70" HEIGHT="37" CONTENT="the" WC="1.00" CC="000"/>
						<SP ID="P70_SP00110" HPOS="1451" VPOS="1177" WIDTH="14"/>
						<String ID="P70_ST00121" HPOS="1465" VPOS="1132" WIDTH="196" HEIGHT="49" CONTENT="principal" WC="1.00" CC="010640000"/>
						<SP ID="P70_SP00111" HPOS="1661" VPOS="1181" WIDTH="14"/>
						<String ID="P70_ST00122" HPOS="1675" VPOS="1133" WIDTH="124" HEIGHT="46" CONTENT="figure" WC="0.98" CC="664600"/>
						<SP ID="P70_SP00112" HPOS="1799" VPOS="1181" WIDTH="14"/>
						<String ID="P70_ST00123" HPOS="1813" VPOS="1132" WIDTH="84" HEIGHT="48" CONTENT="just" WC="0.96" CC="4660"/>
						<SP ID="P70_SP00113" HPOS="1897" VPOS="1181" WIDTH="15"/>
						<String ID="P70_ST00124" HPOS="1912" VPOS="1145" WIDTH="43" HEIGHT="26" CONTENT="as" WC="0.69" CC="06"/>
						<SP ID="P70_SP00114" HPOS="1955" VPOS="1181" WIDTH="14"/>
						<String ID="P70_ST00125" HPOS="1969" VPOS="1134" WIDTH="70" HEIGHT="38" CONTENT="the" WC="1.00" CC="000"/>
						<SP ID="P70_SP00115" HPOS="2039" VPOS="1181" WIDTH="13"/>
						<String ID="P70_ST00126" HPOS="2052" VPOS="1136" WIDTH="112" HEIGHT="39" CONTENT="Amer" SUBS_TYPE="HypPart1" SUBS_CONTENT="American" WC="0.99" CC="0020"/>
						<HYP HPOS="2164" VPOS="1136" WIDTH="27" CONTENT="-"/>
					</TextLine>
					<TextLine ID="P70_TL00012" HPOS="385" VPOS="1191" WIDTH="1807" HEIGHT="50">
						<String ID="P70_ST00127" HPOS="385" VPOS="1193" WIDTH="92" HEIGHT="37" CONTENT="ican" SUBS_TYPE="HypPart2" SUBS_CONTENT="American" WC="0.98" CC="0205"/>
						<SP ID="P70_SP00116" HPOS="477" VPOS="1230" WIDTH="25"/>
						<String ID="P70_ST00128" HPOS="502" VPOS="1192" WIDTH="42" HEIGHT="37" CONTENT="in" WC="0.65" CC="06"/>
						<SP ID="P70_SP00117" HPOS="544" VPOS="1230" WIDTH="27"/>
						<String ID="P70_ST00129" HPOS="571" VPOS="1191" WIDTH="160" HEIGHT="49" CONTENT="Europe" WC="0.98" CC="087001"/>
						<SP ID="P70_SP00118" HPOS="731" VPOS="1240" WIDTH="26"/>
						<String ID="P70_ST00130" HPOS="757" VPOS="1204" WIDTH="82" HEIGHT="26" CONTENT="was" WC="1.00" CC="000"/>
						<SP ID="P70_SP00119" HPOS="839" VPOS="1240" WIDTH="29"/>
						<String ID="P70_ST00131" HPOS="868" VPOS="1205" WIDTH="24" HEIGHT="24" CONTENT="a" WC="1.00" CC="0"/>
						<SP ID="P70_SP00120" HPOS="892" VPOS="1240" WIDTH="27"/>
						<String ID="P70_ST00132" HPOS="919" VPOS="1193" WIDTH="173" HEIGHT="38" CONTENT="favorite" WC="1.00" CC="00030004"/>
						<SP ID="P70_SP00121" HPOS="1092" VPOS="1240" WIDTH="28"/>
						<String ID="P70_ST00133" HPOS="1120" VPOS="1193" WIDTH="124" HEIGHT="48" CONTENT="figure" WC="0.99" CC="220700"/>
						<SP ID="P70_SP00122" HPOS="1244" VPOS="1241" WIDTH="28"/>
						<String ID="P70_ST00134" HPOS="1272" VPOS="1194" WIDTH="62" HEIGHT="36" CONTENT="for" WC="1.00" CC="001"/>
						<SP ID="P70_SP00123" HPOS="1334" VPOS="1241" WIDTH="30"/>
						<String ID="P70_ST00135" HPOS="1364" VPOS="1195" WIDTH="148" HEIGHT="44" CONTENT="James." WC="1.00" CC="000102"/>
						<SP ID="P70_SP00124" HPOS="1512" VPOS="1241" WIDTH="56"/>
						<String ID="P70_ST00136" HPOS="1568" VPOS="1197" WIDTH="83" HEIGHT="35" CONTENT="But" WC="0.95" CC="660"/>
						<SP ID="P70_SP00125" HPOS="1651" VPOS="1241" WIDTH="28"/>
						<String ID="P70_ST00137" HPOS="1679" VPOS="1195" WIDTH="130" HEIGHT="37" CONTENT="where" WC="1.00" CC="00000"/>
						<SP ID="P70_SP00126" HPOS="1809" VPOS="1241" WIDTH="27"/>
						<String ID="P70_ST00138" HPOS="1836" VPOS="1195" WIDTH="34" HEIGHT="37" CONTENT="is" WC="1.00" CC="00"/>
						<SP ID="P70_SP00127" HPOS="1870" VPOS="1241" WIDTH="38"/>
						<String ID="P70_ST00139" HPOS="1908" VPOS="1196" WIDTH="70" HEIGHT="37" CONTENT="the" WC="1.00" CC="001"/>
						<SP ID="P70_SP00128" HPOS="1978" VPOS="1241" WIDTH="42"/>
						<String ID="P70_ST00140" HPOS="2020" VPOS="1198" WIDTH="172" HEIGHT="40" CONTENT="Russian" WC="0.99" CC="5700007"/>
					</TextLine>
					<TextLine ID="P70_TL00013" HPOS="386" VPOS="1254" WIDTH="1806" HEIGHT="50">
						<String ID="P70_ST00141" HPOS="386" VPOS="1256" WIDTH="89" HEIGHT="36" CONTENT="who" WC="1.00" CC="000"/>
						<SP ID="P70_SP00129" HPOS="475" VPOS="1292" WIDTH="27"/>
						<String ID="P70_ST00142" HPOS="502" VPOS="1254" WIDTH="192" HEIGHT="47" CONTENT="seriously" WC="0.99" CC="001046030"/>
						<SP ID="P70_SP00130" HPOS="694" VPOS="1301" WIDTH="27"/>
						<String ID="P70_ST00143" HPOS="721" VPOS="1254" WIDTH="195" HEIGHT="38" CONTENT="contends" WC="0.99" CC="30704605"/>
						<SP ID="P70_SP00131" HPOS="916" VPOS="1301" WIDTH="25"/>
						<String ID="P70_ST00144" HPOS="941" VPOS="1256" WIDTH="92" HEIGHT="37" CONTENT="that" WC="1.00" CC="0000"/>
						<SP ID="P70_SP00132" HPOS="1033" VPOS="1301" WIDTH="27"/>
						<String ID="P70_ST00145" HPOS="1060" VPOS="1255" WIDTH="212" HEIGHT="48" CONTENT="Turgenev" WC="0.56" CC="76273700"/>
						<SP ID="P70_SP00133" HPOS="1272" VPOS="1303" WIDTH="26"/>
						<String ID="P70_ST00146" HPOS="1298" VPOS="1256" WIDTH="163" HEIGHT="48" CONTENT="belongs" WC="0.99" CC="0050600"/>
						<SP ID="P70_SP00134" HPOS="1461" VPOS="1304" WIDTH="26"/>
						<String ID="P70_ST00147" HPOS="1487" VPOS="1261" WIDTH="73" HEIGHT="33" CONTENT="not" WC="0.97" CC="700"/>
						<SP ID="P70_SP00135" HPOS="1560" VPOS="1304" WIDTH="26"/>
						<String ID="P70_ST00148" HPOS="1586" VPOS="1261" WIDTH="51" HEIGHT="33" CONTENT="to-" WC="0.98" CC="004"/>
						<SP ID="P70_SP00136" HPOS="1637" VPOS="1304" WIDTH="24"/>
						<String ID="P70_ST00149" HPOS="1661" VPOS="1258" WIDTH="174" HEIGHT="36" CONTENT="Russian" WC="0.98" CC="9610006"/>
						<SP ID="P70_SP00137" HPOS="1835" VPOS="1304" WIDTH="27"/>
						<String ID="P70_ST00150" HPOS="1862" VPOS="1258" WIDTH="75" HEIGHT="37" CONTENT="but" WC="0.97" CC="060"/>
						<SP ID="P70_SP00138" HPOS="1937" VPOS="1304" WIDTH="27"/>
						<String ID="P70_ST00151" HPOS="1964" VPOS="1262" WIDTH="44" HEIGHT="34" CONTENT="to" WC="1.00" CC="00"/>
						<SP ID="P70_SP00139" HPOS="2008" VPOS="1304" WIDTH="28"/>
						<String ID="P70_ST00152" HPOS="2036" VPOS="1261" WIDTH="156" HEIGHT="40" CONTENT="French" WC="0.98" CC="700620"/>
					</TextLine>
					<TextLine ID="P70_TL00014" HPOS="384" VPOS="1317" WIDTH="1807" HEIGHT="52">
						<String ID="P70_ST00153" HPOS="384" VPOS="1317" WIDTH="209" HEIGHT="38" CONTENT="literature" WC="0.99" CC="5000400602"/>
						<SP ID="P70_SP00140" HPOS="593" VPOS="1355" WIDTH="17"/>
						<String ID="P70_ST00154" HPOS="610" VPOS="1317" WIDTH="16" HEIGHT="37" CONTENT="?" WC="1.00" CC="0"/>
						<SP ID="P70_SP00141" HPOS="626" VPOS="1355" WIDTH="30"/>
						<String ID="P70_ST00155" HPOS="656" VPOS="1317" WIDTH="109" HEIGHT="38" CONTENT="Walt" WC="0.98" CC="5010"/>
						<SP ID="P70_SP00142" HPOS="765" VPOS="1355" WIDTH="28"/>
						<String ID="P70_ST00156" HPOS="793" VPOS="1317" WIDTH="209" HEIGHT="38" CONTENT="Whitman" WC="0.99" CC="2000006"/>
						<SP ID="P70_SP00143" HPOS="1002" VPOS="1355" WIDTH="30"/>
						<String ID="P70_ST00157" HPOS="1032" VPOS="1323" WIDTH="43" HEIGHT="32" CONTENT="at" WC="1.00" CC="00"/>
						<SP ID="P70_SP00144" HPOS="1075" VPOS="1355" WIDTH="29"/>
						<String ID="P70_ST00158" HPOS="1104" VPOS="1318" WIDTH="103" HEIGHT="37" CONTENT="least" WC="0.98" CC="52040"/>
						<SP ID="P70_SP00145" HPOS="1207" VPOS="1355" WIDTH="30"/>
						<String ID="P70_ST00159" HPOS="1237" VPOS="1331" WIDTH="80" HEIGHT="25" CONTENT="was" WC="0.97" CC="008"/>
						<SP ID="P70_SP00146" HPOS="1317" VPOS="1356" WIDTH="29"/>
						<String ID="P70_ST00160" HPOS="1346" VPOS="1318" WIDTH="259" HEIGHT="47" CONTENT="indubitably" WC="0.99" CC="06077000720"/>
						<SP ID="P70_SP00147" HPOS="1605" VPOS="1365" WIDTH="29"/>
						<String ID="P70_ST00161" HPOS="1634" VPOS="1331" WIDTH="52" HEIGHT="26" CONTENT="an" WC="0.33" CC="67"/>
						<SP ID="P70_SP00148" HPOS="1686" VPOS="1365" WIDTH="27"/>
						<String ID="P70_ST00162" HPOS="1713" VPOS="1319" WIDTH="235" HEIGHT="48" CONTENT="indigenous" WC="0.99" CC="0602056570"/>
						<SP ID="P70_SP00149" HPOS="1948" VPOS="1367" WIDTH="28"/>
						<String ID="P70_ST00163" HPOS="1976" VPOS="1327" WIDTH="108" HEIGHT="42" CONTENT="poet," WC="0.99" CC="00004"/>
						<SP ID="P70_SP00150" HPOS="2084" VPOS="1369" WIDTH="33"/>
						<String ID="P70_ST00164" HPOS="2117" VPOS="1324" WIDTH="74" HEIGHT="38" CONTENT="but" WC="0.97" CC="070"/>
					</TextLine>
					<TextLine ID="P70_TL00015" HPOS="385" VPOS="1379" WIDTH="1807" HEIGHT="50">
						<String ID="P70_ST00165" HPOS="385" VPOS="1381" WIDTH="62" HEIGHT="36" CONTENT="for" WC="0.98" CC="004"/>
						<SP ID="P70_SP00151" HPOS="447" VPOS="1417" WIDTH="26"/>
						<String ID="P70_ST00166" HPOS="473" VPOS="1379" WIDTH="94" HEIGHT="47" CONTENT="long" WC="0.98" CC="4060"/>
						<SP ID="P70_SP00152" HPOS="567" VPOS="1426" WIDTH="24"/>
						<String ID="P70_ST00167" HPOS="591" VPOS="1380" WIDTH="72" HEIGHT="36" CONTENT="the" WC="1.00" CC="000"/>
						<SP ID="P70_SP00153" HPOS="663" VPOS="1426" WIDTH="26"/>
						<String ID="P70_ST00168" HPOS="689" VPOS="1379" WIDTH="99" HEIGHT="37" CONTENT="bulk" WC="0.96" CC="0845"/>
						<SP ID="P70_SP00154" HPOS="788" VPOS="1426" WIDTH="26"/>
						<String ID="P70_ST00169" HPOS="814" VPOS="1379" WIDTH="42" HEIGHT="37" CONTENT="of" WC="0.75" CC="40"/>
						<SP ID="P70_SP00155" HPOS="856" VPOS="1426" WIDTH="31"/>
						<String ID="P70_ST00170" HPOS="887" VPOS="1379" WIDTH="63" HEIGHT="38" CONTENT="his" WC="0.96" CC="730"/>
						<SP ID="P70_SP00156" HPOS="950" VPOS="1426" WIDTH="33"/>
						<String ID="P70_ST00171" HPOS="983" VPOS="1381" WIDTH="168" HEIGHT="37" CONTENT="acclaim" WC="0.99" CC="0363000"/>
						<SP ID="P70_SP00157" HPOS="1151" VPOS="1426" WIDTH="34"/>
						<String ID="P70_ST00172" HPOS="1185" VPOS="1392" WIDTH="113" HEIGHT="26" CONTENT="came" WC="0.99" CC="0004"/>
						<SP ID="P70_SP00158" HPOS="1298" VPOS="1426" WIDTH="32"/>
						<String ID="P70_ST00173" HPOS="1330" VPOS="1381" WIDTH="105" HEIGHT="37" CONTENT="from" WC="0.99" CC="0300"/>
						<SP ID="P70_SP00159" HPOS="1435" VPOS="1426" WIDTH="35"/>
						<String ID="P70_ST00174" HPOS="1470" VPOS="1381" WIDTH="171" HEIGHT="48" CONTENT="Europe." WC="0.99" CC="9600022"/>
						<SP ID="P70_SP00160" HPOS="1641" VPOS="1429" WIDTH="55"/>
						<String ID="P70_ST00175" HPOS="1696" VPOS="1384" WIDTH="41" HEIGHT="35" CONTENT="It" WC="0.70" CC="50"/>
						<SP ID="P70_SP00161" HPOS="1737" VPOS="1429" WIDTH="34"/>
						<String ID="P70_ST00176" HPOS="1771" VPOS="1395" WIDTH="81" HEIGHT="24" CONTENT="was" WC="1.00" CC="000"/>
						<SP ID="P70_SP00162" HPOS="1852" VPOS="1429" WIDTH="33"/>
						<String ID="P70_ST00177" HPOS="1885" VPOS="1387" WIDTH="72" HEIGHT="33" CONTENT="not" WC="0.97" CC="510"/>
						<SP ID="P70_SP00163" HPOS="1957" VPOS="1429" WIDTH="34"/>
						<String ID="P70_ST00178" HPOS="1991" VPOS="1385" WIDTH="104" HEIGHT="37" CONTENT="until" WC="0.98" CC="86000"/>
						<SP ID="P70_SP00164" HPOS="2095" VPOS="1429" WIDTH="26"/>
						<String ID="P70_ST00179" HPOS="2121" VPOS="1387" WIDTH="71" HEIGHT="38" CONTENT="the" WC="0.99" CC="002"/>
					</TextLine>
					<TextLine ID="P70_TL00016" HPOS="385" VPOS="1442" WIDTH="1807" HEIGHT="51">
						<String ID="P70_ST00180" HPOS="385" VPOS="1443" WIDTH="79" HEIGHT="36" CONTENT="last" WC="1.00" CC="1000"/>
						<SP ID="P70_SP00165" HPOS="464" VPOS="1479" WIDTH="17"/>
						<String ID="P70_ST00181" HPOS="481" VPOS="1442" WIDTH="160" HEIGHT="43" CONTENT="decade," WC="1.00" CC="0030000"/>
						<SP ID="P70_SP00166" HPOS="641" VPOS="1485" WIDTH="21"/>
						<String ID="P70_ST00182" HPOS="662" VPOS="1442" WIDTH="114" HEIGHT="36" CONTENT="when" WC="0.97" CC="0047"/>
						<SP ID="P70_SP00167" HPOS="776" VPOS="1485" WIDTH="18"/>
						<String ID="P70_ST00183" HPOS="794" VPOS="1454" WIDTH="24" HEIGHT="24" CONTENT="a" WC="1.00" CC="0"/>
						<SP ID="P70_SP00168" HPOS="818" VPOS="1485" WIDTH="26"/>
						<String ID="P70_ST00184" HPOS="844" VPOS="1442" WIDTH="149" HEIGHT="47" CONTENT="species" WC="0.99" CC="3024010"/>
						<SP ID="P70_SP00169" HPOS="993" VPOS="1489" WIDTH="25"/>
						<String ID="P70_ST00185" HPOS="1018" VPOS="1443" WIDTH="42" HEIGHT="36" CONTENT="of" WC="1.00" CC="00"/>
						<SP ID="P70_SP00170" HPOS="1060" VPOS="1489" WIDTH="25"/>
						<String ID="P70_ST00186" HPOS="1085" VPOS="1443" WIDTH="209" HEIGHT="37" CONTENT="Whitman" WC="0.99" CC="6000007"/>
						<SP ID="P70_SP00171" HPOS="1294" VPOS="1489" WIDTH="28"/>
						<String ID="P70_ST00187" HPOS="1322" VPOS="1443" WIDTH="266" HEIGHT="38" CONTENT="Renaissance" WC="0.99" CC="03700060720"/>
						<SP ID="P70_SP00172" HPOS="1588" VPOS="1489" WIDTH="25"/>
						<String ID="P70_ST00188" HPOS="1613" VPOS="1456" WIDTH="148" HEIGHT="36" CONTENT="sprang" WC="0.99" CC="002074"/>
						<SP ID="P70_SP00173" HPOS="1761" VPOS="1492" WIDTH="25"/>
						<String ID="P70_ST00189" HPOS="1786" VPOS="1456" WIDTH="67" HEIGHT="37" CONTENT="up," WC="0.96" CC="604"/>
						<SP ID="P70_SP00174" HPOS="1853" VPOS="1493" WIDTH="27"/>
						<String ID="P70_ST00190" HPOS="1880" VPOS="1445" WIDTH="93" HEIGHT="37" CONTENT="that" WC="0.99" CC="0004"/>
						<SP ID="P70_SP00175" HPOS="1973" VPOS="1493" WIDTH="25"/>
						<String ID="P70_ST00191" HPOS="1998" VPOS="1447" WIDTH="50" HEIGHT="37" CONTENT="he" WC="0.93" CC="01"/>
						<SP ID="P70_SP00176" HPOS="2048" VPOS="1493" WIDTH="26"/>
						<String ID="P70_ST00192" HPOS="2074" VPOS="1449" WIDTH="118" HEIGHT="36" CONTENT="could" WC="0.98" CC="00640"/>
					</TextLine>
					<TextLine ID="P70_TL00017" HPOS="385" VPOS="1503" WIDTH="1805" HEIGHT="55">
						<String ID="P70_ST00193" HPOS="385" VPOS="1505" WIDTH="50" HEIGHT="37" CONTENT="be" WC="0.65" CC="60"/>
						<SP ID="P70_SP00177" HPOS="435" VPOS="1542" WIDTH="26"/>
						<String ID="P70_ST00194" HPOS="461" VPOS="1503" WIDTH="87" HEIGHT="38" CONTENT="said" WC="0.99" CC="3000"/>
						<SP ID="P70_SP00178" HPOS="548" VPOS="1542" WIDTH="26"/>
						<String ID="P70_ST00195" HPOS="574" VPOS="1508" WIDTH="45" HEIGHT="33" CONTENT="to" WC="1.00" CC="00"/>
						<SP ID="P70_SP00179" HPOS="619" VPOS="1542" WIDTH="28"/>
						<String ID="P70_ST00196" HPOS="647" VPOS="1505" WIDTH="103" HEIGHT="36" CONTENT="have" WC="1.00" CC="0000"/>
						<SP ID="P70_SP00180" HPOS="750" VPOS="1542" WIDTH="34"/>
						<String ID="P70_ST00197" HPOS="784" VPOS="1505" WIDTH="224" HEIGHT="37" CONTENT="fermented" WC="1.00" CC="000037020"/>
						<SP ID="P70_SP00181" HPOS="1008" VPOS="1542" WIDTH="34"/>
						<String ID="P70_ST00198" HPOS="1042" VPOS="1506" WIDTH="70" HEIGHT="36" CONTENT="the" WC="0.99" CC="002"/>
						<SP ID="P70_SP00182" HPOS="1112" VPOS="1542" WIDTH="34"/>
						<String ID="P70_ST00199" HPOS="1146" VPOS="1505" WIDTH="214" HEIGHT="38" CONTENT="American" WC="1.00" CC="00310006"/>
						<SP ID="P70_SP00183" HPOS="1360" VPOS="1543" WIDTH="35"/>
						<String ID="P70_ST00200" HPOS="1395" VPOS="1517" WIDTH="106" HEIGHT="26" CONTENT="mass" WC="0.99" CC="0050"/>
						<SP ID="P70_SP00184" HPOS="1501" VPOS="1543" WIDTH="35"/>
						<String ID="P70_ST00201" HPOS="1536" VPOS="1507" WIDTH="42" HEIGHT="36" CONTENT="in" WC="0.63" CC="07"/>
						<SP ID="P70_SP00185" HPOS="1578" VPOS="1543" WIDTH="35"/>
						<String ID="P70_ST00202" HPOS="1613" VPOS="1518" WIDTH="81" HEIGHT="35" CONTENT="any" WC="0.98" CC="050"/>
						<SP ID="P70_SP00186" HPOS="1694" VPOS="1553" WIDTH="34"/>
						<String ID="P70_ST00203" HPOS="1728" VPOS="1507" WIDTH="273" HEIGHT="48" CONTENT="recognizable" WC="0.99" CC="033056050774"/>
						<SP ID="P70_SP00187" HPOS="2001" VPOS="1555" WIDTH="35"/>
						<String ID="P70_ST00204" HPOS="2036" VPOS="1509" WIDTH="154" HEIGHT="49" CONTENT="degree." WC="0.99" CC="0005003"/>
					</TextLine>
					<TextLine ID="P70_TL00018" HPOS="384" VPOS="1565" WIDTH="1808" HEIGHT="51">
						<String ID="P70_ST00205" HPOS="384" VPOS="1566" WIDTH="97" HEIGHT="38" CONTENT="This" WC="1.00" CC="0000"/>
						<SP ID="P70_SP00188" HPOS="481" VPOS="1604" WIDTH="27"/>
						<String ID="P70_ST00206" HPOS="508" VPOS="1565" WIDTH="186" HEIGHT="39" CONTENT="slowness" WC="0.99" CC="05006100"/>
						<SP ID="P70_SP00189" HPOS="694" VPOS="1604" WIDTH="26"/>
						<String ID="P70_ST00207" HPOS="720" VPOS="1567" WIDTH="42" HEIGHT="37" CONTENT="in" WC="0.63" CC="07"/>
						<SP ID="P70_SP00190" HPOS="762" VPOS="1604" WIDTH="27"/>
						<String ID="P70_ST00208" HPOS="789" VPOS="1567" WIDTH="163" HEIGHT="47" CONTENT="making" WC="0.99" CC="000060"/>
						<SP ID="P70_SP00191" HPOS="952" VPOS="1614" WIDTH="27"/>
						<String ID="P70_ST00209" HPOS="979" VPOS="1571" WIDTH="163" HEIGHT="34" CONTENT="contact" WC="0.99" CC="0560040"/>
						<SP ID="P70_SP00192" HPOS="1142" VPOS="1614" WIDTH="30"/>
						<String ID="P70_ST00210" HPOS="1172" VPOS="1568" WIDTH="22" HEIGHT="36" CONTENT="I" WC="0.33" CC="6"/>
						<SP ID="P70_SP00193" HPOS="1194" VPOS="1614" WIDTH="31"/>
						<String ID="P70_ST00211" HPOS="1225" VPOS="1567" WIDTH="132" HEIGHT="38" CONTENT="blame" WC="0.98" CC="74001"/>
						<SP ID="P70_SP00194" HPOS="1357" VPOS="1614" WIDTH="29"/>
						<String ID="P70_ST00212" HPOS="1386" VPOS="1567" WIDTH="172" HEIGHT="49" CONTENT="directly" WC="1.00" CC="00200050"/>
						<SP ID="P70_SP00195" HPOS="1558" VPOS="1616" WIDTH="27"/>
						<String ID="P70_ST00213" HPOS="1585" VPOS="1581" WIDTH="109" HEIGHT="35" CONTENT="upon" WC="0.97" CC="7006"/>
						<SP ID="P70_SP00196" HPOS="1694" VPOS="1616" WIDTH="28"/>
						<String ID="P70_ST00214" HPOS="1722" VPOS="1570" WIDTH="71" HEIGHT="37" CONTENT="the" WC="1.00" CC="000"/>
						<SP ID="P70_SP00197" HPOS="1793" VPOS="1616" WIDTH="30"/>
						<String ID="P70_ST00215" HPOS="1823" VPOS="1570" WIDTH="169" HEIGHT="38" CONTENT="absence" WC="0.98" CC="0650640"/>
						<SP ID="P70_SP00198" HPOS="1992" VPOS="1616" WIDTH="29"/>
						<String ID="P70_ST00216" HPOS="2021" VPOS="1572" WIDTH="42" HEIGHT="37" CONTENT="of" WC="0.84" CC="30"/>
						<SP ID="P70_SP00199" HPOS="2063" VPOS="1616" WIDTH="29"/>
						<String ID="P70_ST00217" HPOS="2092" VPOS="1573" WIDTH="100" HEIGHT="38" CONTENT="alert" WC="0.99" CC="05000"/>
					</TextLine>
					<TextLine ID="P70_TL00019" HPOS="385" VPOS="1628" WIDTH="1805" HEIGHT="52">
						<String ID="P70_ST00218" HPOS="385" VPOS="1628" WIDTH="225" HEIGHT="49" CONTENT="intelligent" WC="0.99" CC="04302400460"/>
						<SP ID="P70_SP00200" HPOS="610" VPOS="1677" WIDTH="27"/>
						<String ID="P70_ST00219" HPOS="637" VPOS="1628" WIDTH="134" HEIGHT="38" CONTENT="critics" WC="0.99" CC="5200000"/>
						<SP ID="P70_SP00201" HPOS="771" VPOS="1677" WIDTH="26"/>
						<String ID="P70_ST00220" HPOS="797" VPOS="1629" WIDTH="166" HEIGHT="48" CONTENT="capable" WC="0.99" CC="0000760"/>
						<SP ID="P70_SP00202" HPOS="963" VPOS="1677" WIDTH="25"/>
						<String ID="P70_ST00221" HPOS="988" VPOS="1631" WIDTH="40" HEIGHT="36" CONTENT="of" WC="0.86" CC="02"/>
						<SP ID="P70_SP00203" HPOS="1028" VPOS="1677" WIDTH="25"/>
						<String ID="P70_ST00222" HPOS="1053" VPOS="1630" WIDTH="180" HEIGHT="49" CONTENT="utilizing" WC="1.00" CC="700000060"/>
						<SP ID="P70_SP00204" HPOS="1233" VPOS="1679" WIDTH="21"/>
						<String ID="P70_ST00223" HPOS="1254" VPOS="1631" WIDTH="72" HEIGHT="36" CONTENT="the" WC="1.00" CC="000"/>
						<SP ID="P70_SP00205" HPOS="1326" VPOS="1679" WIDTH="24"/>
						<String ID="P70_ST00224" HPOS="1350" VPOS="1631" WIDTH="221" HEIGHT="37" CONTENT="wonderful" WC="0.99" CC="006000072"/>
						<SP ID="P70_SP00206" HPOS="1571" VPOS="1679" WIDTH="24"/>
						<String ID="P70_ST00225" HPOS="1595" VPOS="1632" WIDTH="283" HEIGHT="48" CONTENT="springboards" WC="1.00" CC="002060720000"/>
						<SP ID="P70_SP00207" HPOS="1878" VPOS="1680" WIDTH="24"/>
						<String ID="P70_ST00226" HPOS="1902" VPOS="1633" WIDTH="116" HEIGHT="36" CONTENT="Mark" WC="0.99" CC="0030"/>
						<SP ID="P70_SP00208" HPOS="2018" VPOS="1680" WIDTH="23"/>
						<String ID="P70_ST00227" HPOS="2041" VPOS="1633" WIDTH="149" HEIGHT="47" CONTENT="Twain," WC="0.99" CC="000054"/>
					</TextLine>
					<TextLine ID="P70_TL00020" HPOS="385" VPOS="1691" WIDTH="1807" HEIGHT="51">
						<String ID="P70_ST00228" HPOS="385" VPOS="1693" WIDTH="142" HEIGHT="45" CONTENT="Henry" WC="0.98" CC="70700"/>
						<SP ID="P70_SP00209" HPOS="527" VPOS="1738" WIDTH="27"/>
						<String ID="P70_ST00229" HPOS="554" VPOS="1694" WIDTH="138" HEIGHT="44" CONTENT="James" WC="0.99" CC="00022"/>
						<SP ID="P70_SP00210" HPOS="692" VPOS="1738" WIDTH="26"/>
						<String ID="P70_ST00230" HPOS="718" VPOS="1691" WIDTH="80" HEIGHT="37" CONTENT="and" WC="0.97" CC="070"/>
						<SP ID="P70_SP00211" HPOS="798" VPOS="1738" WIDTH="28"/>
						<String ID="P70_ST00231" HPOS="826" VPOS="1691" WIDTH="109" HEIGHT="38" CONTENT="Walt" WC="0.99" CC="0040"/>
						<SP ID="P70_SP00212" HPOS="935" VPOS="1738" WIDTH="29"/>
						<String ID="P70_ST00232" HPOS="964" VPOS="1692" WIDTH="208" HEIGHT="39" CONTENT="Whitman" WC="1.00" CC="0000007"/>
						<SP ID="P70_SP00213" HPOS="1172" VPOS="1738" WIDTH="28"/>
						<String ID="P70_ST00233" HPOS="1200" VPOS="1693" WIDTH="224" HEIGHT="48" CONTENT="presented," WC="1.00" CC="0000070004"/>
						<SP ID="P70_SP00214" HPOS="1424" VPOS="1741" WIDTH="20"/>
						<String ID="P70_ST00234" HPOS="1444" VPOS="1694" WIDTH="80" HEIGHT="37" CONTENT="and" WC="0.97" CC="070"/>
						<SP ID="P70_SP00215" HPOS="1524" VPOS="1741" WIDTH="20"/>
						<String ID="P70_ST00235" HPOS="1544" VPOS="1694" WIDTH="62" HEIGHT="37" CONTENT="for" WC="1.00" CC="000"/>
						<SP ID="P70_SP00216" HPOS="1606" VPOS="1741" WIDTH="27"/>
						<String ID="P70_ST00236" HPOS="1633" VPOS="1695" WIDTH="117" HEIGHT="47" CONTENT="proof" WC="0.99" CC="05000"/>
						<SP ID="P70_SP00217" HPOS="1750" VPOS="1742" WIDTH="28"/>
						<String ID="P70_ST00237" HPOS="1778" VPOS="1695" WIDTH="42" HEIGHT="36" CONTENT="of" WC="0.81" CC="30"/>
						<SP ID="P70_SP00218" HPOS="1820" VPOS="1742" WIDTH="26"/>
						<String ID="P70_ST00238" HPOS="1846" VPOS="1694" WIDTH="82" HEIGHT="38" CONTENT="this" WC="1.00" CC="0000"/>
						<SP ID="P70_SP00219" HPOS="1928" VPOS="1742" WIDTH="27"/>
						<String ID="P70_ST00239" HPOS="1955" VPOS="1698" WIDTH="237" HEIGHT="36" CONTENT="contention" WC="0.99" CC="1060070066"/>
					</TextLine>
					<TextLine ID="P70_TL00021" HPOS="386" VPOS="1754" WIDTH="1808" HEIGHT="51">
						<String ID="P70_ST00240" HPOS="386" VPOS="1756" WIDTH="22" HEIGHT="36" CONTENT="I" WC="0.33" CC="6"/>
						<SP ID="P70_SP00220" HPOS="408" VPOS="1792" WIDTH="26"/>
						<String ID="P70_ST00241" HPOS="434" VPOS="1755" WIDTH="115" HEIGHT="47" CONTENT="point" WC="0.98" CC="04060"/>
						<SP ID="P70_SP00221" HPOS="549" VPOS="1802" WIDTH="27"/>
						<String ID="P70_ST00242" HPOS="576" VPOS="1754" WIDTH="118" HEIGHT="48" CONTENT="again" WC="0.99" CC="00007"/>
						<SP ID="P70_SP00222" HPOS="694" VPOS="1802" WIDTH="25"/>
						<String ID="P70_ST00243" HPOS="719" VPOS="1758" WIDTH="45" HEIGHT="33" CONTENT="to" WC="0.75" CC="05"/>
						<SP ID="P70_SP00223" HPOS="764" VPOS="1802" WIDTH="47"/>
						<String ID="P70_ST00244" HPOS="811" VPOS="1755" WIDTH="173" HEIGHT="37" CONTENT="Russian" WC="0.98" CC="9770007"/>
						<SP ID="P70_SP00224" HPOS="984" VPOS="1802" WIDTH="25"/>
						<String ID="P70_ST00245" HPOS="1009" VPOS="1755" WIDTH="219" HEIGHT="38" CONTENT="literature." WC="1.00" CC="00042007022"/>
						<SP ID="P70_SP00225" HPOS="1228" VPOS="1802" WIDTH="56"/>
						<String ID="P70_ST00246" HPOS="1284" VPOS="1758" WIDTH="107" HEIGHT="35" CONTENT="Here" WC="0.99" CC="7000"/>
						<SP ID="P70_SP00226" HPOS="1391" VPOS="1802" WIDTH="44"/>
						<String ID="P70_ST00247" HPOS="1435" VPOS="1769" WIDTH="57" HEIGHT="24" CONTENT="we" WC="0.81" CC="03"/>
						<SP ID="P70_SP00227" HPOS="1492" VPOS="1802" WIDTH="44"/>
						<String ID="P70_ST00248" HPOS="1536" VPOS="1757" WIDTH="84" HEIGHT="36" CONTENT="find" WC="0.97" CC="2270"/>
						<SP ID="P70_SP00228" HPOS="1620" VPOS="1802" WIDTH="45"/>
						<String ID="P70_ST00249" HPOS="1665" VPOS="1762" WIDTH="386" HEIGHT="43" CONTENT="contemporaneous" WC="1.00" CC="007000000061070"/>
						<SP ID="P70_SP00229" HPOS="2051" VPOS="1805" WIDTH="43"/>
						<String ID="P70_ST00250" HPOS="2094" VPOS="1759" WIDTH="100" HEIGHT="38" CONTENT="with" WC="1.00" CC="0000"/>
					</TextLine>
					<TextLine ID="P70_TL00022" HPOS="384" VPOS="1817" WIDTH="1810" HEIGHT="51">
						<String ID="P70_ST00251" HPOS="384" VPOS="1818" WIDTH="72" HEIGHT="36" CONTENT="the" WC="1.00" CC="000"/>
						<SP ID="P70_SP00230" HPOS="456" VPOS="1854" WIDTH="26"/>
						<String ID="P70_ST00252" HPOS="482" VPOS="1821" WIDTH="113" HEIGHT="44" CONTENT="great" WC="1.00" CC="00000"/>
						<SP ID="P70_SP00231" HPOS="595" VPOS="1865" WIDTH="28"/>
						<String ID="P70_ST00253" HPOS="623" VPOS="1817" WIDTH="173" HEIGHT="37" CONTENT="Russian" WC="0.99" CC="0600006"/>
						<SP ID="P70_SP00232" HPOS="796" VPOS="1865" WIDTH="20"/>
						<String ID="P70_ST00254" HPOS="816" VPOS="1821" WIDTH="116" HEIGHT="44" CONTENT="poets" WC="1.00" CC="00000"/>
						<SP ID="P70_SP00233" HPOS="932" VPOS="1865" WIDTH="20"/>
						<String ID="P70_ST00255" HPOS="952" VPOS="1817" WIDTH="80" HEIGHT="37" CONTENT="and" WC="0.97" CC="060"/>
						<SP ID="P70_SP00234" HPOS="1032" VPOS="1865" WIDTH="21"/>
						<String ID="P70_ST00256" HPOS="1053" VPOS="1818" WIDTH="192" HEIGHT="38" CONTENT="novelists" WC="1.00" CC="500030000"/>
						<SP ID="P70_SP00235" HPOS="1245" VPOS="1865" WIDTH="21"/>
						<String ID="P70_ST00257" HPOS="1266" VPOS="1819" WIDTH="221" HEIGHT="46" CONTENT="extremely" WC="0.99" CC="090030220"/>
						<SP ID="P70_SP00236" HPOS="1487" VPOS="1865" WIDTH="19"/>
						<String ID="P70_ST00258" HPOS="1506" VPOS="1819" WIDTH="89" HEIGHT="37" CONTENT="able" WC="0.99" CC="0030"/>
						<SP ID="P70_SP00237" HPOS="1595" VPOS="1865" WIDTH="21"/>
						<String ID="P70_ST00259" HPOS="1616" VPOS="1818" WIDTH="133" HEIGHT="40" CONTENT="critics" WC="0.99" CC="5200000"/>
						<SP ID="P70_SP00238" HPOS="1749" VPOS="1865" WIDTH="20"/>
						<String ID="P70_ST00260" HPOS="1769" VPOS="1819" WIDTH="158" HEIGHT="48" CONTENT="writing" WC="0.98" CC="7100570"/>
						<SP ID="P70_SP00239" HPOS="1927" VPOS="1867" WIDTH="16"/>
						<String ID="P70_ST00261" HPOS="1943" VPOS="1820" WIDTH="42" HEIGHT="37" CONTENT="in" WC="0.66" CC="06"/>
						<SP ID="P70_SP00240" HPOS="1985" VPOS="1867" WIDTH="16"/>
						<String ID="P70_ST00262" HPOS="2001" VPOS="1823" WIDTH="193" HEIGHT="45" CONTENT="powerful" WC="0.99" CC="00001073"/>
					</TextLine>
					<TextLine ID="P70_TL00023" HPOS="385" VPOS="1879" WIDTH="1809" HEIGHT="50">
						<String ID="P70_ST00263" HPOS="385" VPOS="1879" WIDTH="166" HEIGHT="39" CONTENT="reviews" WC="1.00" CC="0000100"/>
						<SP ID="P70_SP00241" HPOS="551" VPOS="1918" WIDTH="21"/>
						<String ID="P70_ST00264" HPOS="572" VPOS="1880" WIDTH="88" HEIGHT="37" CONTENT="who" WC="0.98" CC="005"/>
						<SP ID="P70_SP00242" HPOS="660" VPOS="1918" WIDTH="14"/>
						<String ID="P70_ST00265" HPOS="674" VPOS="1879" WIDTH="209" HEIGHT="48" CONTENT="promptly" WC="1.00" CC="00300510"/>
						<SP ID="P70_SP00243" HPOS="883" VPOS="1927" WIDTH="27"/>
						<String ID="P70_ST00266" HPOS="910" VPOS="1880" WIDTH="239" HEIGHT="47" CONTENT="expounded" WC="0.99" CC="000267000"/>
						<SP ID="P70_SP00244" HPOS="1149" VPOS="1927" WIDTH="29"/>
						<String ID="P70_ST00267" HPOS="1178" VPOS="1880" WIDTH="80" HEIGHT="37" CONTENT="and" WC="0.97" CC="060"/>
						<SP ID="P70_SP00245" HPOS="1258" VPOS="1927" WIDTH="28"/>
						<String ID="P70_ST00268" HPOS="1286" VPOS="1880" WIDTH="158" HEIGHT="49" CONTENT="praised" WC="0.99" CC="0000730"/>
						<SP ID="P70_SP00246" HPOS="1444" VPOS="1929" WIDTH="28"/>
						<String ID="P70_ST00269" HPOS="1472" VPOS="1882" WIDTH="69" HEIGHT="37" CONTENT="the" WC="1.00" CC="001"/>
						<SP ID="P70_SP00247" HPOS="1541" VPOS="1929" WIDTH="29"/>
						<String ID="P70_ST00270" HPOS="1570" VPOS="1882" WIDTH="130" HEIGHT="37" CONTENT="works" WC="0.98" CC="02900"/>
						<SP ID="P70_SP00248" HPOS="1700" VPOS="1929" WIDTH="28"/>
						<String ID="P70_ST00271" HPOS="1728" VPOS="1882" WIDTH="43" HEIGHT="38" CONTENT="of" WC="1.00" CC="00"/>
						<SP ID="P70_SP00249" HPOS="1771" VPOS="1929" WIDTH="25"/>
						<String ID="P70_ST00272" HPOS="1796" VPOS="1882" WIDTH="71" HEIGHT="38" CONTENT="the" WC="0.99" CC="002"/>
						<SP ID="P70_SP00250" HPOS="1867" VPOS="1929" WIDTH="27"/>
						<String ID="P70_ST00273" HPOS="1894" VPOS="1882" WIDTH="160" HEIGHT="38" CONTENT="former." WC="0.99" CC="0000143"/>
						<SP ID="P70_SP00251" HPOS="2054" VPOS="1929" WIDTH="54"/>
						<String ID="P70_ST00274" HPOS="2108" VPOS="1884" WIDTH="86" HEIGHT="38" CONTENT="The" WC="0.99" CC="003"/>
					</TextLine>
					<TextLine ID="P70_TL00024" HPOS="385" VPOS="1941" WIDTH="1807" HEIGHT="51">
						<String ID="P70_ST00275" HPOS="385" VPOS="1943" WIDTH="104" HEIGHT="47" CONTENT="huge" WC="0.99" CC="0600"/>
						<SP ID="P70_SP00252" HPOS="489" VPOS="1990" WIDTH="27"/>
						<String ID="P70_ST00276" HPOS="516" VPOS="1941" WIDTH="101" HEIGHT="38" CONTENT="sales" WC="0.98" CC="08700"/>
						<SP ID="P70_SP00253" HPOS="617" VPOS="1990" WIDTH="25"/>
						<String ID="P70_ST00277" HPOS="642" VPOS="1943" WIDTH="43" HEIGHT="37" CONTENT="of" WC="0.79" CC="04"/>
						<SP ID="P70_SP00254" HPOS="685" VPOS="1990" WIDTH="28"/>
						<String ID="P70_ST00278" HPOS="713" VPOS="1941" WIDTH="190" HEIGHT="45" CONTENT="Pushkin," WC="0.98" CC="66000554"/>
						<SP ID="P70_SP00255" HPOS="903" VPOS="1990" WIDTH="38"/>
						<String ID="P70_ST00279" HPOS="941" VPOS="1944" WIDTH="259" HEIGHT="44" CONTENT="lyermontov," WC="0.74" CC="37400080004"/>
						<SP ID="P70_SP00256" HPOS="1200" VPOS="1990" WIDTH="39"/>
						<String ID="P70_ST00280" HPOS="1239" VPOS="1943" WIDTH="221" HEIGHT="48" CONTENT="Turgenev," WC="0.72" CC="083027003"/>
						<SP ID="P70_SP00257" HPOS="1460" VPOS="1991" WIDTH="39"/>
						<String ID="P70_ST00281" HPOS="1499" VPOS="1945" WIDTH="298" HEIGHT="46" CONTENT="Dostoyevsky," WC="0.89" CC="700000101004"/>
						<SP ID="P70_SP00258" HPOS="1797" VPOS="1991" WIDTH="38"/>
						<String ID="P70_ST00282" HPOS="1835" VPOS="1944" WIDTH="180" HEIGHT="47" CONTENT="Tolstoy," WC="0.99" CC="04300004"/>
						<SP ID="P70_SP00259" HPOS="2015" VPOS="1991" WIDTH="41"/>
						<String ID="P70_ST00283" HPOS="2056" VPOS="1946" WIDTH="136" HEIGHT="46" CONTENT="Gorki," WC="0.99" CC="502004"/>
					</TextLine>
					<TextLine ID="P70_TL00025" HPOS="383" VPOS="2004" WIDTH="1811" HEIGHT="49">
						<String ID="P70_ST00284" HPOS="383" VPOS="2005" WIDTH="105" HEIGHT="37" CONTENT="their" WC="0.99" CC="00004"/>
						<SP ID="P70_SP00260" HPOS="488" VPOS="2042" WIDTH="29"/>
						<String ID="P70_ST00285" HPOS="517" VPOS="2005" WIDTH="145" HEIGHT="37" CONTENT="almost" WC="1.00" CC="000020"/>
						<SP ID="P70_SP00261" HPOS="662" VPOS="2042" WIDTH="27"/>
						<String ID="P70_ST00286" HPOS="689" VPOS="2004" WIDTH="156" HEIGHT="38" CONTENT="instant" WC="0.99" CC="0700060"/>
						<SP ID="P70_SP00262" HPOS="845" VPOS="2042" WIDTH="16"/>
						<String ID="P70_ST00287" HPOS="861" VPOS="2006" WIDTH="254" HEIGHT="47" CONTENT="penetration" WC="0.99" CC="04710400026"/>
						<SP ID="P70_SP00263" HPOS="1115" VPOS="2053" WIDTH="15"/>
						<String ID="P70_ST00288" HPOS="1130" VPOS="2006" WIDTH="88" HEIGHT="36" CONTENT="into" WC="0.98" CC="0604"/>
						<SP ID="P70_SP00264" HPOS="1218" VPOS="2053" WIDTH="14"/>
						<String ID="P70_ST00289" HPOS="1232" VPOS="2006" WIDTH="71" HEIGHT="37" CONTENT="the" WC="1.00" CC="000"/>
						<SP ID="P70_SP00265" HPOS="1303" VPOS="2053" WIDTH="14"/>
						<String ID="P70_ST00290" HPOS="1317" VPOS="2006" WIDTH="247" HEIGHT="38" CONTENT="intellectual" WC="1.00" CC="070021000700"/>
						<SP ID="P70_SP00266" HPOS="1564" VPOS="2053" WIDTH="17"/>
						<String ID="P70_ST00291" HPOS="1581" VPOS="2006" WIDTH="79" HEIGHT="37" CONTENT="and" WC="0.98" CC="040"/>
						<SP ID="P70_SP00267" HPOS="1660" VPOS="2053" WIDTH="16"/>
						<String ID="P70_ST00292" HPOS="1676" VPOS="2007" WIDTH="217" HEIGHT="37" CONTENT="emotional" WC="0.99" CC="400002605"/>
						<SP ID="P70_SP00268" HPOS="1893" VPOS="2053" WIDTH="15"/>
						<String ID="P70_ST00293" HPOS="1908" VPOS="2007" WIDTH="68" HEIGHT="37" CONTENT="life" WC="0.98" CC="1055"/>
						<SP ID="P70_SP00269" HPOS="1976" VPOS="2053" WIDTH="16"/>
						<String ID="P70_ST00294" HPOS="1992" VPOS="2009" WIDTH="41" HEIGHT="37" CONTENT="of" WC="0.81" CC="30"/>
						<SP ID="P70_SP00270" HPOS="2033" VPOS="2053" WIDTH="17"/>
						<String ID="P70_ST00295" HPOS="2050" VPOS="2010" WIDTH="144" HEIGHT="37" CONTENT="Russia" WC="1.00" CC="060000"/>
					</TextLine>
					<TextLine ID="P70_TL00026" HPOS="386" VPOS="2066" WIDTH="1808" HEIGHT="52">
						<String ID="P70_ST00296" HPOS="386" VPOS="2079" WIDTH="66" HEIGHT="26" CONTENT="are" WC="0.98" CC="040"/>
						<SP ID="P70_SP00271" HPOS="452" VPOS="2105" WIDTH="28"/>
						<String ID="P70_ST00297" HPOS="480" VPOS="2066" WIDTH="306" HEIGHT="49" CONTENT="acknowledged" WC="1.00" CC="020600030900"/>
						<SP ID="P70_SP00272" HPOS="786" VPOS="2115" WIDTH="32"/>
						<String ID="P70_ST00298" HPOS="818" VPOS="2067" WIDTH="57" HEIGHT="46" CONTENT="by" WC="0.67" CC="60"/>
						<SP ID="P70_SP00273" HPOS="875" VPOS="2115" WIDTH="29"/>
						<String ID="P70_ST00299" HPOS="904" VPOS="2067" WIDTH="216" HEIGHT="38" CONTENT="historians" WC="1.00" CC="0000000054"/>
						<SP ID="P70_SP00274" HPOS="1120" VPOS="2115" WIDTH="32"/>
						<String ID="P70_ST00300" HPOS="1152" VPOS="2069" WIDTH="41" HEIGHT="36" CONTENT="of" WC="0.95" CC="00"/>
						<SP ID="P70_SP00275" HPOS="1193" VPOS="2115" WIDTH="33"/>
						<String ID="P70_ST00301" HPOS="1226" VPOS="2069" WIDTH="173" HEIGHT="37" CONTENT="Russian" WC="0.99" CC="0710006"/>
						<SP ID="P70_SP00276" HPOS="1399" VPOS="2115" WIDTH="31"/>
						<String ID="P70_ST00302" HPOS="1430" VPOS="2069" WIDTH="207" HEIGHT="37" CONTENT="literature" WC="0.99" CC="3500000720"/>
						<SP ID="P70_SP00277" HPOS="1637" VPOS="2115" WIDTH="30"/>
						<String ID="P70_ST00303" HPOS="1667" VPOS="2073" WIDTH="46" HEIGHT="33" CONTENT="to" WC="1.00" CC="00"/>
						<SP ID="P70_SP00278" HPOS="1713" VPOS="2115" WIDTH="31"/>
						<String ID="P70_ST00304" HPOS="1744" VPOS="2070" WIDTH="49" HEIGHT="37" CONTENT="be" WC="1.00" CC="00"/>
						<SP ID="P70_SP00279" HPOS="1793" VPOS="2115" WIDTH="32"/>
						<String ID="P70_ST00305" HPOS="1825" VPOS="2070" WIDTH="261" HEIGHT="48" CONTENT="appreciably" WC="1.00" CC="00002200040"/>
						<SP ID="P70_SP00280" HPOS="2086" VPOS="2118" WIDTH="31"/>
						<String ID="P70_ST00306" HPOS="2117" VPOS="2072" WIDTH="77" HEIGHT="36" CONTENT="due" WC="0.96" CC="072"/>
					</TextLine>
					<TextLine ID="P70_TL00027" HPOS="384" VPOS="2129" WIDTH="1807" HEIGHT="50">
						<String ID="P70_ST00307" HPOS="384" VPOS="2134" WIDTH="45" HEIGHT="32" CONTENT="to" WC="1.00" CC="00"/>
						<SP ID="P70_SP00281" HPOS="429" VPOS="2166" WIDTH="25"/>
						<String ID="P70_ST00308" HPOS="454" VPOS="2130" WIDTH="72" HEIGHT="37" CONTENT="the" WC="1.00" CC="000"/>
						<SP ID="P70_SP00282" HPOS="526" VPOS="2167" WIDTH="26"/>
						<String ID="P70_ST00309" HPOS="552" VPOS="2129" WIDTH="177" HEIGHT="38" CONTENT="brilliant" WC="1.00" CC="030030060"/>
						<SP ID="P70_SP00283" HPOS="729" VPOS="2167" WIDTH="28"/>
						<String ID="P70_ST00310" HPOS="757" VPOS="2141" WIDTH="97" HEIGHT="37" CONTENT="pens" WC="0.98" CC="0270"/>
						<SP ID="P70_SP00284" HPOS="854" VPOS="2178" WIDTH="27"/>
						<String ID="P70_ST00311" HPOS="881" VPOS="2130" WIDTH="43" HEIGHT="36" CONTENT="of" WC="0.81" CC="30"/>
						<SP ID="P70_SP00285" HPOS="924" VPOS="2178" WIDTH="24"/>
						<String ID="P70_ST00312" HPOS="948" VPOS="2130" WIDTH="70" HEIGHT="37" CONTENT="the" WC="1.00" CC="001"/>
						<SP ID="P70_SP00286" HPOS="1018" VPOS="2178" WIDTH="28"/>
						<String ID="P70_ST00313" HPOS="1046" VPOS="2131" WIDTH="133" HEIGHT="37" CONTENT="critics" WC="0.99" CC="1400050"/>
						<SP ID="P70_SP00287" HPOS="1179" VPOS="2178" WIDTH="42"/>
						<String ID="P70_ST00314" HPOS="1221" VPOS="2131" WIDTH="231" HEIGHT="47" CONTENT="Byelinsky," WC="0.76" CC="8003070004"/>
						<SP ID="P70_SP00288" HPOS="1452" VPOS="2178" WIDTH="44"/>
						<String ID="P70_ST00315" HPOS="1496" VPOS="2132" WIDTH="372" HEIGHT="47" CONTENT="Tchernyshevsky," WC="0.85" CC="030246000200002"/>
						<SP ID="P70_SP00289" HPOS="1868" VPOS="2179" WIDTH="44"/>
						<String ID="P70_ST00316" HPOS="1912" VPOS="2133" WIDTH="279" HEIGHT="45" CONTENT="Dubrolubov," WC="0.55" CC="76705466004"/>
					</TextLine>
					<TextLine ID="P70_TL00028" HPOS="387" VPOS="2192" WIDTH="1806" HEIGHT="48">
						<String ID="P70_ST00317" HPOS="387" VPOS="2192" WIDTH="164" HEIGHT="38" CONTENT="Pisarev" WC="1.00" CC="0000000"/>
						<SP ID="P70_SP00290" HPOS="551" VPOS="2230" WIDTH="26"/>
						<String ID="P70_ST00318" HPOS="577" VPOS="2192" WIDTH="80" HEIGHT="37" CONTENT="and" WC="0.97" CC="080"/>
						<SP ID="P70_SP00291" HPOS="657" VPOS="2230" WIDTH="28"/>
						<String ID="P70_ST00319" HPOS="685" VPOS="2192" WIDTH="301" HEIGHT="47" CONTENT="Michailovsky." WC="0.85" CC="0077000000004"/>
						<SP ID="P70_SP00292" HPOS="986" VPOS="2239" WIDTH="55"/>
						<String ID="P70_ST00320" HPOS="1041" VPOS="2192" WIDTH="126" HEIGHT="38" CONTENT="These" WC="0.99" CC="00401"/>
						<SP ID="P70_SP00293" HPOS="1167" VPOS="2239" WIDTH="26"/>
						<String ID="P70_ST00321" HPOS="1193" VPOS="2206" WIDTH="100" HEIGHT="24" CONTENT="were" WC="0.98" CC="0333"/>
						<SP ID="P70_SP00294" HPOS="1293" VPOS="2239" WIDTH="25"/>
						<String ID="P70_ST00322" HPOS="1318" VPOS="2205" WIDTH="91" HEIGHT="26" CONTENT="men" WC="0.98" CC="006"/>
						<SP ID="P70_SP00295" HPOS="1409" VPOS="2239" WIDTH="25"/>
						<String ID="P70_ST00323" HPOS="1434" VPOS="2195" WIDTH="42" HEIGHT="37" CONTENT="of" WC="0.95" CC="00"/>
						<SP ID="P70_SP00296" HPOS="1476" VPOS="2239" WIDTH="23"/>
						<String ID="P70_ST00324" HPOS="1499" VPOS="2207" WIDTH="24" HEIGHT="24" CONTENT="a" WC="1.00" CC="0"/>
						<SP ID="P70_SP00297" HPOS="1523" VPOS="2239" WIDTH="25"/>
						<String ID="P70_ST00325" HPOS="1548" VPOS="2198" WIDTH="156" HEIGHT="34" CONTENT="stature" WC="0.99" CC="8000601"/>
						<SP ID="P70_SP00298" HPOS="1704" VPOS="2239" WIDTH="24"/>
						<String ID="P70_ST00326" HPOS="1728" VPOS="2195" WIDTH="130" HEIGHT="45" CONTENT="sorely" WC="0.99" CC="700060"/>
						<SP ID="P70_SP00299" HPOS="1858" VPOS="2240" WIDTH="24"/>
						<String ID="P70_ST00327" HPOS="1882" VPOS="2195" WIDTH="151" HEIGHT="37" CONTENT="needed" WC="0.99" CC="503000"/>
						<SP ID="P70_SP00300" HPOS="2033" VPOS="2240" WIDTH="24"/>
						<String ID="P70_ST00328" HPOS="2057" VPOS="2195" WIDTH="42" HEIGHT="37" CONTENT="in" WC="0.68" CC="06"/>
						<SP ID="P70_SP00301" HPOS="2099" VPOS="2240" WIDTH="23"/>
						<String ID="P70_ST00329" HPOS="2122" VPOS="2196" WIDTH="71" HEIGHT="37" CONTENT="the" WC="0.99" CC="003"/>
					</TextLine>
					<TextLine ID="P70_TL00029" HPOS="385" VPOS="2254" WIDTH="1058" HEIGHT="51">
						<String ID="P70_ST00330" HPOS="385" VPOS="2255" WIDTH="122" HEIGHT="38" CONTENT="ranks" WC="0.99" CC="00600"/>
						<SP ID="P70_SP00302" HPOS="507" VPOS="2293" WIDTH="27"/>
						<String ID="P70_ST00331" HPOS="534" VPOS="2254" WIDTH="42" HEIGHT="38" CONTENT="of" WC="1.00" CC="00"/>
						<SP ID="P70_SP00303" HPOS="576" VPOS="2293" WIDTH="25"/>
						<String ID="P70_ST00332" HPOS="601" VPOS="2254" WIDTH="213" HEIGHT="39" CONTENT="American" WC="0.99" CC="00020606"/>
						<SP ID="P70_SP00304" HPOS="814" VPOS="2293" WIDTH="28"/>
						<String ID="P70_ST00333" HPOS="842" VPOS="2255" WIDTH="132" HEIGHT="38" CONTENT="critics" WC="0.99" CC="3200030"/>
						<SP ID="P70_SP00305" HPOS="974" VPOS="2293" WIDTH="26"/>
						<String ID="P70_ST00334" HPOS="1000" VPOS="2256" WIDTH="105" HEIGHT="37" CONTENT="from" WC="1.00" CC="0100"/>
						<SP ID="P70_SP00306" HPOS="1105" VPOS="2293" WIDTH="27"/>
						<String ID="P70_ST00335" HPOS="1132" VPOS="2255" WIDTH="98" HEIGHT="38" CONTENT="iB6O" WC="0.97" CC="4540"/>
						<SP ID="P70_SP00307" HPOS="1230" VPOS="2293" WIDTH="28"/>
						<String ID="P70_ST00336" HPOS="1258" VPOS="2260" WIDTH="45" HEIGHT="33" CONTENT="to" WC="1.00" CC="00"/>
						<SP ID="P70_SP00308" HPOS="1303" VPOS="2293" WIDTH="29"/>
						<String ID="P70_ST00337" HPOS="1332" VPOS="2267" WIDTH="111" HEIGHT="38" CONTENT="1910." WC="0.59" CC="41632"/>
					</TextLine>
					<TextLine ID="P70_TL00030" HPOS="487" VPOS="2317" WIDTH="1707" HEIGHT="51">
						<String ID="P70_ST00338" HPOS="487" VPOS="2317" WIDTH="85" HEIGHT="38" CONTENT="The" WC="0.99" CC="003"/>
						<SP ID="P70_SP00309" HPOS="572" VPOS="2355" WIDTH="28"/>
						<String ID="P70_ST00339" HPOS="600" VPOS="2317" WIDTH="115" HEIGHT="38" CONTENT="other" WC="1.00" CC="00000"/>
						<SP ID="P70_SP00310" HPOS="715" VPOS="2355" WIDTH="26"/>
						<String ID="P70_ST00340" HPOS="741" VPOS="2317" WIDTH="144" HEIGHT="38" CONTENT="results" WC="0.99" CC="3007400"/>
						<SP ID="P70_SP00311" HPOS="885" VPOS="2355" WIDTH="26"/>
						<String ID="P70_ST00341" HPOS="911" VPOS="2331" WIDTH="81" HEIGHT="24" CONTENT="was" WC="0.99" CC="003"/>
						<SP ID="P70_SP00312" HPOS="992" VPOS="2355" WIDTH="27"/>
						<String ID="P70_ST00342" HPOS="1019" VPOS="2319" WIDTH="71" HEIGHT="37" CONTENT="the" WC="1.00" CC="000"/>
						<SP ID="P70_SP00313" HPOS="1090" VPOS="2356" WIDTH="28"/>
						<String ID="P70_ST00343" HPOS="1118" VPOS="2319" WIDTH="179" HEIGHT="37" CONTENT="creation" WC="0.99" CC="60000046"/>
						<SP ID="P70_SP00314" HPOS="1297" VPOS="2356" WIDTH="29"/>
						<String ID="P70_ST00344" HPOS="1326" VPOS="2319" WIDTH="41" HEIGHT="37" CONTENT="of" WC="0.81" CC="03"/>
						<SP ID="P70_SP00315" HPOS="1367" VPOS="2356" WIDTH="28"/>
						<String ID="P70_ST00345" HPOS="1395" VPOS="2331" WIDTH="24" HEIGHT="24" CONTENT="a" WC="1.00" CC="0"/>
						<SP ID="P70_SP00316" HPOS="1419" VPOS="2356" WIDTH="29"/>
						<String ID="P70_ST00346" HPOS="1448" VPOS="2319" WIDTH="147" HEIGHT="47" CONTENT="cloudy" WC="0.98" CC="046600"/>
						<SP ID="P70_SP00317" HPOS="1595" VPOS="2366" WIDTH="27"/>
						<String ID="P70_ST00347" HPOS="1622" VPOS="2319" WIDTH="124" HEIGHT="38" CONTENT="limbo" WC="0.98" CC="30053"/>
						<SP ID="P70_SP00318" HPOS="1746" VPOS="2366" WIDTH="28"/>
						<String ID="P70_ST00348" HPOS="1774" VPOS="2324" WIDTH="44" HEIGHT="33" CONTENT="to" WC="1.00" CC="00"/>
						<SP ID="P70_SP00319" HPOS="1818" VPOS="2366" WIDTH="29"/>
						<String ID="P70_ST00349" HPOS="1847" VPOS="2320" WIDTH="131" HEIGHT="37" CONTENT="which" WC="1.00" CC="00000"/>
						<SP ID="P70_SP00320" HPOS="1978" VPOS="2366" WIDTH="26"/>
						<String ID="P70_ST00350" HPOS="2004" VPOS="2320" WIDTH="71" HEIGHT="38" CONTENT="the" WC="1.00" CC="000"/>
						<SP ID="P70_SP00321" HPOS="2075" VPOS="2366" WIDTH="28"/>
						<String ID="P70_ST00351" HPOS="2103" VPOS="2333" WIDTH="69" HEIGHT="35" CONTENT="pro" SUBS_TYPE="HypPart1" SUBS_CONTENT="professor-preachers" WC="0.99" CC="000"/>
						<HYP HPOS="2172" VPOS="2333" WIDTH="22" CONTENT="-"/>
					</TextLine>
					<TextLine ID="P70_TL00031" HPOS="386" VPOS="2380" WIDTH="1808" HEIGHT="49">
						<String ID="P70_ST00352" HPOS="386" VPOS="2380" WIDTH="352" HEIGHT="48" CONTENT="fessor-preachers" SUBS_TYPE="HypPart2" SUBS_CONTENT="professor-preachers" WC="1.00" CC="0004103000030200"/>
						<SP ID="P70_SP00322" HPOS="738" VPOS="2428" WIDTH="27"/>
						<String ID="P70_ST00353" HPOS="765" VPOS="2381" WIDTH="214" HEIGHT="47" CONTENT="consigned" WC="0.99" CC="506005710"/>
						<SP ID="P70_SP00323" HPOS="979" VPOS="2428" WIDTH="27"/>
						<String ID="P70_ST00354" HPOS="1006" VPOS="2381" WIDTH="203" HEIGHT="37" CONTENT="whatever" WC="1.00" CC="00002000"/>
						<SP ID="P70_SP00324" HPOS="1209" VPOS="2428" WIDTH="30"/>
						<String ID="P70_ST00355" HPOS="1239" VPOS="2381" WIDTH="166" HEIGHT="48" CONTENT="original" WC="1.00" CC="03000600"/>
						<SP ID="P70_SP00325" HPOS="1405" VPOS="2429" WIDTH="29"/>
						<String ID="P70_ST00356" HPOS="1434" VPOS="2382" WIDTH="80" HEIGHT="37" CONTENT="and" WC="0.98" CC="060"/>
						<SP ID="P70_SP00326" HPOS="1514" VPOS="2429" WIDTH="30"/>
						<String ID="P70_ST00357" HPOS="1544" VPOS="2381" WIDTH="102" HEIGHT="39" CONTENT="vital" WC="1.00" CC="00002"/>
						<SP ID="P70_SP00327" HPOS="1646" VPOS="2429" WIDTH="27"/>
						<String ID="P70_ST00358" HPOS="1673" VPOS="2383" WIDTH="130" HEIGHT="37" CONTENT="talent" WC="0.99" CC="000060"/>
						<SP ID="P70_SP00328" HPOS="1803" VPOS="2429" WIDTH="30"/>
						<String ID="P70_ST00359" HPOS="1833" VPOS="2382" WIDTH="190" HEIGHT="38" CONTENT="intruded" WC="0.99" CC="06077000"/>
						<SP ID="P70_SP00329" HPOS="2023" VPOS="2429" WIDTH="30"/>
						<String ID="P70_ST00360" HPOS="2053" VPOS="2383" WIDTH="141" HEIGHT="37" CONTENT="within" WC="0.99" CC="000006"/>
					</TextLine>
					<TextLine ID="P70_TL00032" HPOS="384" VPOS="2442" WIDTH="1811" HEIGHT="51">
						<String ID="P70_ST00361" HPOS="384" VPOS="2442" WIDTH="106" HEIGHT="38" CONTENT="their" WC="1.00" CC="00100"/>
						<SP ID="P70_SP00330" HPOS="490" VPOS="2480" WIDTH="26"/>
						<String ID="P70_ST00362" HPOS="516" VPOS="2454" WIDTH="122" HEIGHT="36" CONTENT="range" WC="0.97" CC="75600"/>
						<SP ID="P70_SP00331" HPOS="638" VPOS="2490" WIDTH="27"/>
						<String ID="P70_ST00363" HPOS="665" VPOS="2443" WIDTH="41" HEIGHT="36" CONTENT="of" WC="0.68" CC="41"/>
						<SP ID="P70_SP00332" HPOS="706" VPOS="2490" WIDTH="26"/>
						<String ID="P70_ST00364" HPOS="732" VPOS="2442" WIDTH="176" HEIGHT="49" CONTENT="reading." WC="0.99" CC="02005603"/>
						<SP ID="P70_SP00333" HPOS="908" VPOS="2491" WIDTH="56"/>
						<String ID="P70_ST00365" HPOS="964" VPOS="2444" WIDTH="107" HEIGHT="47" CONTENT="Only" WC="0.99" CC="0400"/>
						<SP ID="P70_SP00334" HPOS="1071" VPOS="2491" WIDTH="29"/>
						<String ID="P70_ST00366" HPOS="1100" VPOS="2456" WIDTH="23" HEIGHT="25" CONTENT="a" WC="1.00" CC="0"/>
						<SP ID="P70_SP00335" HPOS="1123" VPOS="2491" WIDTH="30"/>
						<String ID="P70_ST00367" HPOS="1153" VPOS="2443" WIDTH="77" HEIGHT="38" CONTENT="few" WC="1.00" CC="000"/>
						<SP ID="P70_SP00336" HPOS="1230" VPOS="2491" WIDTH="28"/>
						<String ID="P70_ST00368" HPOS="1258" VPOS="2456" WIDTH="125" HEIGHT="25" CONTENT="swam" WC="0.99" CC="6000"/>
						<SP ID="P70_SP00337" HPOS="1383" VPOS="2491" WIDTH="28"/>
						<String ID="P70_ST00369" HPOS="1411" VPOS="2444" WIDTH="83" HEIGHT="38" CONTENT="free" WC="0.98" CC="0630"/>
						<SP ID="P70_SP00338" HPOS="1494" VPOS="2491" WIDTH="29"/>
						<String ID="P70_ST00370" HPOS="1523" VPOS="2444" WIDTH="81" HEIGHT="37" CONTENT="and" WC="0.98" CC="060"/>
						<SP ID="P70_SP00339" HPOS="1604" VPOS="2491" WIDTH="29"/>
						<String ID="P70_ST00371" HPOS="1633" VPOS="2444" WIDTH="181" HEIGHT="38" CONTENT="received" WC="1.00" CC="20000000"/>
						<SP ID="P70_SP00340" HPOS="1814" VPOS="2491" WIDTH="28"/>
						<String ID="P70_ST00372" HPOS="1842" VPOS="2445" WIDTH="72" HEIGHT="37" CONTENT="the" WC="1.00" CC="001"/>
						<SP ID="P70_SP00341" HPOS="1914" VPOS="2491" WIDTH="29"/>
						<String ID="P70_ST00373" HPOS="1943" VPOS="2445" WIDTH="180" HEIGHT="48" CONTENT="plaudits" WC="1.00" CC="03060000"/>
						<SP ID="P70_SP00342" HPOS="2123" VPOS="2493" WIDTH="30"/>
						<String ID="P70_ST00374" HPOS="2153" VPOS="2445" WIDTH="42" HEIGHT="37" CONTENT="of" WC="1.00" CC="00"/>
					</TextLine>
					<TextLine ID="P70_TL00033" HPOS="384" VPOS="2505" WIDTH="1809" HEIGHT="50">
						<String ID="P70_ST00375" HPOS="384" VPOS="2505" WIDTH="72" HEIGHT="38" CONTENT="the" WC="0.97" CC="070"/>
						<SP ID="P70_SP00343" HPOS="456" VPOS="2543" WIDTH="26"/>
						<String ID="P70_ST00376" HPOS="482" VPOS="2505" WIDTH="179" HEIGHT="49" CONTENT="pundits," WC="0.99" CC="06500004"/>
						<SP ID="P70_SP00344" HPOS="661" VPOS="2554" WIDTH="33"/>
						<String ID="P70_ST00377" HPOS="694" VPOS="2505" WIDTH="80" HEIGHT="38" CONTENT="and" WC="0.97" CC="070"/>
						<SP ID="P70_SP00345" HPOS="774" VPOS="2554" WIDTH="28"/>
						<String ID="P70_ST00378" HPOS="802" VPOS="2506" WIDTH="114" HEIGHT="37" CONTENT="these" WC="1.00" CC="00000"/>
						<SP ID="P70_SP00346" HPOS="916" VPOS="2554" WIDTH="16"/>
						<String ID="P70_ST00379" HPOS="932" VPOS="2506" WIDTH="173" HEIGHT="48" CONTENT="perhaps" WC="1.00" CC="0030004"/>
						<SP ID="P70_SP00347" HPOS="1105" VPOS="2554" WIDTH="29"/>
						<String ID="P70_ST00380" HPOS="1134" VPOS="2506" WIDTH="111" HEIGHT="37" CONTENT="owed" WC="1.00" CC="0000"/>
						<SP ID="P70_SP00348" HPOS="1245" VPOS="2554" WIDTH="29"/>
						<String ID="P70_ST00381" HPOS="1274" VPOS="2507" WIDTH="105" HEIGHT="36" CONTENT="their" WC="0.99" CC="00103"/>
						<SP ID="P70_SP00349" HPOS="1379" VPOS="2554" WIDTH="28"/>
						<String ID="P70_ST00382" HPOS="1407" VPOS="2507" WIDTH="205" HEIGHT="48" CONTENT="reception" WC="0.99" CC="425000057"/>
						<SP ID="P70_SP00350" HPOS="1612" VPOS="2555" WIDTH="27"/>
						<String ID="P70_ST00383" HPOS="1639" VPOS="2512" WIDTH="46" HEIGHT="32" CONTENT="to" WC="0.80" CC="03"/>
						<SP ID="P70_SP00351" HPOS="1685" VPOS="2555" WIDTH="30"/>
						<String ID="P70_ST00384" HPOS="1715" VPOS="2507" WIDTH="299" HEIGHT="47" CONTENT="extra-literary" WC="1.00" CC="10040450000000"/>
						<SP ID="P70_SP00352" HPOS="2014" VPOS="2555" WIDTH="29"/>
						<String ID="P70_ST00385" HPOS="2043" VPOS="2519" WIDTH="150" HEIGHT="26" CONTENT="causes." WC="0.99" CC="3077004"/>
					</TextLine>
					<TextLine ID="P70_TL00034" HPOS="386" VPOS="2568" WIDTH="1808" HEIGHT="46">
						<String ID="P70_ST00386" HPOS="386" VPOS="2568" WIDTH="173" HEIGHT="38" CONTENT="William" WC="1.00" CC="0002000"/>
						<SP ID="P70_SP00353" HPOS="559" VPOS="2606" WIDTH="29"/>
						<String ID="P70_ST00387" HPOS="588" VPOS="2570" WIDTH="115" HEIGHT="36" CONTENT="Dean" WC="0.97" CC="7006"/>
						<SP ID="P70_SP00354" HPOS="703" VPOS="2606" WIDTH="27"/>
						<String ID="P70_ST00388" HPOS="730" VPOS="2570" WIDTH="66" HEIGHT="35" CONTENT="Ho" WC="0.65" CC="60"/>
						<SP ID="P70_SP00355" HPOS="796" VPOS="2606" WIDTH="2"/>
						<String ID="P70_ST00389" HPOS="798" VPOS="2568" WIDTH="119" HEIGHT="45" CONTENT="wells," WC="0.99" CC="000404"/>
						<SP ID="P70_SP00356" HPOS="917" VPOS="2613" WIDTH="27"/>
						<String ID="P70_ST00390" HPOS="944" VPOS="2569" WIDTH="62" HEIGHT="37" CONTENT="for" WC="0.99" CC="030"/>
						<SP ID="P70_SP00357" HPOS="1006" VPOS="2613" WIDTH="25"/>
						<String ID="P70_ST00391" HPOS="1031" VPOS="2569" WIDTH="195" HEIGHT="45" CONTENT="instance," WC="0.99" CC="060006404"/>
						<SP ID="P70_SP00358" HPOS="1226" VPOS="2614" WIDTH="28"/>
						<String ID="P70_ST00392" HPOS="1254" VPOS="2582" WIDTH="81" HEIGHT="25" CONTENT="was" WC="1.00" CC="000"/>
						<SP ID="P70_SP00359" HPOS="1335" VPOS="2614" WIDTH="25"/>
						<String ID="P70_ST00393" HPOS="1360" VPOS="2569" WIDTH="235" HEIGHT="38" CONTENT="nominated" WC="1.00" CC="600050000"/>
						<SP ID="P70_SP00360" HPOS="1595" VPOS="2614" WIDTH="26"/>
						<String ID="P70_ST00394" HPOS="1621" VPOS="2581" WIDTH="44" HEIGHT="26" CONTENT="as" WC="1.00" CC="00"/>
						<SP ID="P70_SP00361" HPOS="1665" VPOS="2614" WIDTH="26"/>
						<String ID="P70_ST00395" HPOS="1691" VPOS="2581" WIDTH="73" HEIGHT="26" CONTENT="our" WC="0.97" CC="160"/>
						<SP ID="P70_SP00362" HPOS="1764" VPOS="2614" WIDTH="25"/>
						<String ID="P70_ST00396" HPOS="1789" VPOS="2570" WIDTH="194" HEIGHT="38" CONTENT="foremost" WC="1.00" CC="00420000"/>
						<SP ID="P70_SP00363" HPOS="1983" VPOS="2614" WIDTH="26"/>
						<String ID="P70_ST00397" HPOS="2009" VPOS="2570" WIDTH="185" HEIGHT="44" CONTENT="novelist," WC="0.99" CC="600420004"/>
					</TextLine>
					<TextLine ID="P70_TL00035" HPOS="386" VPOS="2631" WIDTH="1809" HEIGHT="50">
						<String ID="P70_ST00398" HPOS="386" VPOS="2635" WIDTH="73" HEIGHT="32" CONTENT="not" WC="0.98" CC="600"/>
						<SP ID="P70_SP00364" HPOS="459" VPOS="2667" WIDTH="28"/>
						<String ID="P70_ST00399" HPOS="487" VPOS="2643" WIDTH="43" HEIGHT="25" CONTENT="so" WC="0.73" CC="50"/>
						<SP ID="P70_SP00365" HPOS="530" VPOS="2668" WIDTH="28"/>
						<String ID="P70_ST00400" HPOS="558" VPOS="2631" WIDTH="122" HEIGHT="37" CONTENT="much" WC="0.98" CC="0620"/>
						<SP ID="P70_SP00366" HPOS="680" VPOS="2668" WIDTH="24"/>
						<String ID="P70_ST00401" HPOS="704" VPOS="2632" WIDTH="61" HEIGHT="36" CONTENT="for" WC="0.97" CC="035"/>
						<SP ID="P70_SP00367" HPOS="765" VPOS="2668" WIDTH="25"/>
						<String ID="P70_ST00402" HPOS="790" VPOS="2631" WIDTH="61" HEIGHT="37" CONTENT="his" WC="1.00" CC="000"/>
						<SP ID="P70_SP00368" HPOS="851" VPOS="2668" WIDTH="26"/>
						<String ID="P70_ST00403" HPOS="877" VPOS="2632" WIDTH="207" HEIGHT="38" CONTENT="sustained" WC="0.99" CC="070002600"/>
						<SP ID="P70_SP00369" HPOS="1084" VPOS="2670" WIDTH="26"/>
						<String ID="P70_ST00404" HPOS="1110" VPOS="2633" WIDTH="155" HEIGHT="36" CONTENT="control" WC="0.98" CC="3470354"/>
						<SP ID="P70_SP00370" HPOS="1265" VPOS="2670" WIDTH="26"/>
						<String ID="P70_ST00405" HPOS="1291" VPOS="2633" WIDTH="41" HEIGHT="36" CONTENT="of" WC="1.00" CC="00"/>
						<SP ID="P70_SP00371" HPOS="1332" VPOS="2670" WIDTH="24"/>
						<String ID="P70_ST00406" HPOS="1356" VPOS="2632" WIDTH="104" HEIGHT="47" CONTENT="good" WC="0.98" CC="2040"/>
						<SP ID="P70_SP00372" HPOS="1460" VPOS="2679" WIDTH="26"/>
						<String ID="P70_ST00407" HPOS="1486" VPOS="2644" WIDTH="126" HEIGHT="37" CONTENT="prose," WC="0.99" CC="020004"/>
						<SP ID="P70_SP00373" HPOS="1612" VPOS="2681" WIDTH="29"/>
						<String ID="P70_ST00408" HPOS="1641" VPOS="2645" WIDTH="44" HEIGHT="25" CONTENT="as" WC="1.00" CC="00"/>
						<SP ID="P70_SP00374" HPOS="1685" VPOS="2681" WIDTH="25"/>
						<String ID="P70_ST00409" HPOS="1710" VPOS="2632" WIDTH="61" HEIGHT="38" CONTENT="for" WC="1.00" CC="000"/>
						<SP ID="P70_SP00375" HPOS="1771" VPOS="2681" WIDTH="25"/>
						<String ID="P70_ST00410" HPOS="1796" VPOS="2633" WIDTH="62" HEIGHT="38" CONTENT="his" WC="1.00" CC="000"/>
						<SP ID="P70_SP00376" HPOS="1858" VPOS="2681" WIDTH="26"/>
						<String ID="P70_ST00411" HPOS="1884" VPOS="2633" WIDTH="195" HEIGHT="48" CONTENT="adoption" WC="1.00" CC="00000006"/>
						<SP ID="P70_SP00377" HPOS="2079" VPOS="2681" WIDTH="25"/>
						<String ID="P70_ST00412" HPOS="2104" VPOS="2634" WIDTH="43" HEIGHT="36" CONTENT="of" WC="0.65" CC="60"/>
						<SP ID="P70_SP00378" HPOS="2147" VPOS="2681" WIDTH="25"/>
						<String ID="P70_ST00413" HPOS="2172" VPOS="2646" WIDTH="23" HEIGHT="24" CONTENT="a" WC="1.00" CC="0"/>
					</TextLine>
					<TextLine ID="P70_TL00036" HPOS="384" VPOS="2693" WIDTH="1811" HEIGHT="48">
						<String ID="P70_ST00414" HPOS="384" VPOS="2705" WIDTH="124" HEIGHT="26" CONTENT="suave" WC="0.99" CC="06000"/>
						<SP ID="P70_SP00379" HPOS="508" VPOS="2731" WIDTH="27"/>
						<String ID="P70_ST00415" HPOS="535" VPOS="2693" WIDTH="284" HEIGHT="48" CONTENT="undisturbing" WC="0.76" CC="670000600070"/>
						<SP ID="P70_SP00380" HPOS="819" VPOS="2741" WIDTH="26"/>
						<String ID="P70_ST00416" HPOS="845" VPOS="2693" WIDTH="173" HEIGHT="38" CONTENT="selected" WC="1.00" CC="00421000"/>
						<SP ID="P70_SP00381" HPOS="1018" VPOS="2741" WIDTH="27"/>
						<String ID="P70_ST00417" HPOS="1045" VPOS="2695" WIDTH="169" HEIGHT="38" CONTENT="realism." WC="1.00" CC="00060003"/>
						<SP ID="P70_SP00382" HPOS="1214" VPOS="2741" WIDTH="56"/>
						<String ID="P70_ST00418" HPOS="1270" VPOS="2697" WIDTH="64" HEIGHT="36" CONTENT="On" WC="0.58" CC="08"/>
						<SP ID="P70_SP00383" HPOS="1334" VPOS="2741" WIDTH="22"/>
						<String ID="P70_ST00419" HPOS="1356" VPOS="2695" WIDTH="70" HEIGHT="38" CONTENT="the" WC="0.99" CC="001"/>
						<SP ID="P70_SP00384" HPOS="1426" VPOS="2741" WIDTH="25"/>
						<String ID="P70_ST00420" HPOS="1451" VPOS="2695" WIDTH="115" HEIGHT="38" CONTENT="other" WC="0.99" CC="40001"/>
						<SP ID="P70_SP00385" HPOS="1566" VPOS="2741" WIDTH="23"/>
						<String ID="P70_ST00421" HPOS="1589" VPOS="2695" WIDTH="121" HEIGHT="45" CONTENT="hand," WC="0.99" CC="00602"/>
						<SP ID="P70_SP00386" HPOS="1710" VPOS="2741" WIDTH="25"/>
						<String ID="P70_ST00422" HPOS="1735" VPOS="2695" WIDTH="88" HEIGHT="38" CONTENT="into" WC="0.98" CC="0700"/>
						<SP ID="P70_SP00387" HPOS="1823" VPOS="2741" WIDTH="23"/>
						<String ID="P70_ST00423" HPOS="1846" VPOS="2696" WIDTH="72" HEIGHT="37" CONTENT="the" WC="0.99" CC="002"/>
						<SP ID="P70_SP00388" HPOS="1918" VPOS="2741" WIDTH="22"/>
						<String ID="P70_ST00424" HPOS="1940" VPOS="2695" WIDTH="124" HEIGHT="38" CONTENT="limbo" WC="0.99" CC="00070"/>
						<SP ID="P70_SP00389" HPOS="2064" VPOS="2741" WIDTH="24"/>
						<String ID="P70_ST00425" HPOS="2088" VPOS="2700" WIDTH="107" HEIGHT="33" CONTENT="went" WC="0.99" CC="0060"/>
					</TextLine>
					<TextLine ID="P70_TL00037" HPOS="384" VPOS="2756" WIDTH="1811" HEIGHT="50">
						<String ID="P70_ST00426" HPOS="384" VPOS="2769" WIDTH="25" HEIGHT="24" CONTENT="a" WC="1.00" CC="0"/>
						<SP ID="P70_SP00390" HPOS="409" VPOS="2793" WIDTH="25"/>
						<String ID="P70_ST00427" HPOS="434" VPOS="2757" WIDTH="113" HEIGHT="46" CONTENT="truly" WC="0.98" CC="03730"/>
						<SP ID="P70_SP00391" HPOS="547" VPOS="2803" WIDTH="25"/>
						<String ID="P70_ST00428" HPOS="572" VPOS="2756" WIDTH="244" HEIGHT="48" CONTENT="fascinating" WC="0.99" CC="00020600058"/>
						<SP ID="P70_SP00392" HPOS="816" VPOS="2804" WIDTH="35"/>
						<String ID="P70_ST00429" HPOS="851" VPOS="2769" WIDTH="102" HEIGHT="25" CONTENT="crew" WC="1.00" CC="0100"/>
						<SP ID="P70_SP00393" HPOS="953" VPOS="2804" WIDTH="33"/>
						<String ID="P70_ST00430" HPOS="986" VPOS="2757" WIDTH="43" HEIGHT="37" CONTENT="of" WC="0.76" CC="40"/>
						<SP ID="P70_SP00394" HPOS="1029" VPOS="2804" WIDTH="34"/>
						<String ID="P70_ST00431" HPOS="1063" VPOS="2757" WIDTH="185" HEIGHT="47" CONTENT="doughty" WC="1.00" CC="0070000"/>
						<SP ID="P70_SP00395" HPOS="1248" VPOS="2804" WIDTH="34"/>
						<String ID="P70_ST00432" HPOS="1282" VPOS="2757" WIDTH="361" HEIGHT="49" CONTENT="uncompromisers" WC="0.81" CC="78400010000005"/>
						<SP ID="P70_SP00396" HPOS="1643" VPOS="2806" WIDTH="34"/>
						<String ID="P70_ST00433" HPOS="1677" VPOS="2757" WIDTH="101" HEIGHT="38" CONTENT="with" WC="1.00" CC="0000"/>
						<SP ID="P70_SP00397" HPOS="1778" VPOS="2806" WIDTH="34"/>
						<String ID="P70_ST00434" HPOS="1812" VPOS="2763" WIDTH="63" HEIGHT="33" CONTENT="art" WC="0.99" CC="020"/>
						<SP ID="P70_SP00398" HPOS="1875" VPOS="2806" WIDTH="37"/>
						<String ID="P70_ST00435" HPOS="1912" VPOS="2758" WIDTH="81" HEIGHT="37" CONTENT="and" WC="0.98" CC="060"/>
						<SP ID="P70_SP00399" HPOS="1993" VPOS="2806" WIDTH="34"/>
						<String ID="P70_ST00436" HPOS="2027" VPOS="2758" WIDTH="79" HEIGHT="38" CONTENT="life." WC="0.98" CC="40212"/>
						<SP ID="P70_SP00400" HPOS="2106" VPOS="2806" WIDTH="53"/>
						<String ID="P70_ST00437" HPOS="2159" VPOS="2759" WIDTH="36" HEIGHT="37" CONTENT="A" WC="1.00" CC="0"/>
					</TextLine>
					<TextLine ID="P70_TL00038" HPOS="384" VPOS="2818" WIDTH="1811" HEIGHT="51">
						<String ID="P70_ST00438" HPOS="384" VPOS="2818" WIDTH="150" HEIGHT="49" CONTENT="partial" WC="1.00" CC="0060000"/>
						<SP ID="P70_SP00401" HPOS="534" VPOS="2867" WIDTH="28"/>
						<String ID="P70_ST00439" HPOS="562" VPOS="2818" WIDTH="68" HEIGHT="38" CONTENT="list" WC="0.99" CC="0030"/>
						<SP ID="P70_SP00402" HPOS="630" VPOS="2867" WIDTH="29"/>
						<String ID="P70_ST00440" HPOS="659" VPOS="2818" WIDTH="179" HEIGHT="39" CONTENT="includes" WC="0.99" CC="06247040"/>
						<SP ID="P70_SP00403" HPOS="838" VPOS="2867" WIDTH="30"/>
						<String ID="P70_ST00441" HPOS="868" VPOS="2818" WIDTH="136" HEIGHT="38" CONTENT="Frank" WC="0.98" CC="90250"/>
						<SP ID="P70_SP00404" HPOS="1004" VPOS="2867" WIDTH="29"/>
						<String ID="P70_ST00442" HPOS="1033" VPOS="2819" WIDTH="150" HEIGHT="45" CONTENT="Norris," WC="0.77" CC="6013004"/>
						<SP ID="P70_SP00405" HPOS="1183" VPOS="2867" WIDTH="32"/>
						<String ID="P70_ST00443" HPOS="1215" VPOS="2820" WIDTH="196" HEIGHT="38" CONTENT="Ambrose" WC="1.00" CC="0030400"/>
						<SP ID="P70_SP00406" HPOS="1411" VPOS="2867" WIDTH="31"/>
						<String ID="P70_ST00444" HPOS="1442" VPOS="2820" WIDTH="149" HEIGHT="45" CONTENT="Bierce," WC="0.76" CC="5000244"/>
						<SP ID="P70_SP00407" HPOS="1591" VPOS="2867" WIDTH="33"/>
						<String ID="P70_ST00445" HPOS="1624" VPOS="2820" WIDTH="178" HEIGHT="49" CONTENT="Stephen" WC="0.99" CC="3000006"/>
						<SP ID="P70_SP00408" HPOS="1802" VPOS="2869" WIDTH="32"/>
						<String ID="P70_ST00446" HPOS="1834" VPOS="2821" WIDTH="137" HEIGHT="45" CONTENT="Crane," WC="0.98" CC="500604"/>
						<SP ID="P70_SP00409" HPOS="1971" VPOS="2869" WIDTH="31"/>
						<String ID="P70_ST00447" HPOS="2002" VPOS="2820" WIDTH="193" HEIGHT="43" CONTENT="Iyafcadio" WC="0.88" CC="170000000"/>
					</TextLine>
					<TextLine ID="P70_TL00039" HPOS="384" VPOS="2881" WIDTH="1811" HEIGHT="48">
						<String ID="P70_ST00448" HPOS="384" VPOS="2883" WIDTH="151" HEIGHT="43" CONTENT="Hearn," WC="0.58" CC="700764"/>
						<SP ID="P70_SP00410" HPOS="535" VPOS="2926" WIDTH="37"/>
						<String ID="P70_ST00449" HPOS="572" VPOS="2882" WIDTH="180" HEIGHT="38" CONTENT="Percival" WC="0.84" CC="70000005"/>
						<SP ID="P70_SP00411" HPOS="752" VPOS="2926" WIDTH="34"/>
						<String ID="P70_ST00450" HPOS="786" VPOS="2881" WIDTH="171" HEIGHT="46" CONTENT="Pollard," WC="0.99" CC="05110204"/>
						<SP ID="P70_SP00412" HPOS="957" VPOS="2927" WIDTH="34"/>
						<String ID="P70_ST00451" HPOS="991" VPOS="2882" WIDTH="154" HEIGHT="39" CONTENT="Walter" WC="1.00" CC="000002"/>
						<SP ID="P70_SP00413" HPOS="1145" VPOS="2927" WIDTH="33"/>
						<String ID="P70_ST00452" HPOS="1178" VPOS="2882" WIDTH="232" HEIGHT="38" CONTENT="Blackburn" WC="0.99" CC="030000696"/>
						<SP ID="P70_SP00414" HPOS="1410" VPOS="2927" WIDTH="32"/>
						<String ID="P70_ST00453" HPOS="1442" VPOS="2885" WIDTH="143" HEIGHT="44" CONTENT="Harte," WC="0.77" CC="602021"/>
						<SP ID="P70_SP00415" HPOS="1585" VPOS="2929" WIDTH="35"/>
						<String ID="P70_ST00454" HPOS="1620" VPOS="2883" WIDTH="170" HEIGHT="39" CONTENT="Michael" WC="1.00" CC="0000000"/>
						<SP ID="P70_SP00416" HPOS="1790" VPOS="2929" WIDTH="31"/>
						<String ID="P70_ST00455" HPOS="1821" VPOS="2884" WIDTH="216" HEIGHT="44" CONTENT="Monahan," WC="0.79" CC="01500054"/>
						<SP ID="P70_SP00417" HPOS="2037" VPOS="2929" WIDTH="35"/>
						<String ID="P70_ST00456" HPOS="2072" VPOS="2882" WIDTH="99" HEIGHT="40" CONTENT="Sada" SUBS_TYPE="HypPart1" SUBS_CONTENT="Sadakichi" WC="0.78" CC="6000"/>
						<HYP HPOS="2171" VPOS="2882" WIDTH="24" CONTENT="-"/>
					</TextLine>
					<TextLine ID="P70_TL00040" HPOS="386" VPOS="2944" WIDTH="1808" HEIGHT="51">
						<String ID="P70_ST00457" HPOS="386" VPOS="2944" WIDTH="106" HEIGHT="38" CONTENT="kichi" SUBS_TYPE="HypPart2" SUBS_CONTENT="Sadakichi" WC="1.00" CC="00000"/>
						<SP ID="P70_SP00418" HPOS="492" VPOS="2982" WIDTH="28"/>
						<String ID="P70_ST00458" HPOS="520" VPOS="2945" WIDTH="244" HEIGHT="45" CONTENT="Hartmann," WC="0.70" CC="603000754"/>
						<SP ID="P70_SP00419" HPOS="764" VPOS="2990" WIDTH="28"/>
						<String ID="P70_ST00459" HPOS="792" VPOS="2945" WIDTH="135" HEIGHT="48" CONTENT="Edgar" WC="0.99" CC="60003"/>
						<SP ID="P70_SP00420" HPOS="927" VPOS="2993" WIDTH="25"/>
						<String ID="P70_ST00460" HPOS="952" VPOS="2944" WIDTH="137" HEIGHT="39" CONTENT="Saltus" WC="0.73" CC="305070"/>
						<SP ID="P70_SP00421" HPOS="1089" VPOS="2993" WIDTH="26"/>
						<String ID="P70_ST00461" HPOS="1115" VPOS="2945" WIDTH="80" HEIGHT="37" CONTENT="and" WC="0.97" CC="070"/>
						<SP ID="P70_SP00422" HPOS="1195" VPOS="2993" WIDTH="27"/>
						<String ID="P70_ST00462" HPOS="1222" VPOS="2945" WIDTH="176" HEIGHT="38" CONTENT="William" WC="1.00" CC="0043000"/>
						<SP ID="P70_SP00423" HPOS="1398" VPOS="2993" WIDTH="25"/>
						<String ID="P70_ST00463" HPOS="1423" VPOS="2947" WIDTH="172" HEIGHT="48" CONTENT="Vaughn" WC="0.99" CC="007006"/>
						<SP ID="P70_SP00424" HPOS="1595" VPOS="2995" WIDTH="243"/>
						<String ID="P70_ST00464" HPOS="1838" VPOS="2949" WIDTH="137" HEIGHT="44" CONTENT="James" WC="1.00" CC="00004"/>
						<SP ID="P70_SP00425" HPOS="1975" VPOS="2995" WIDTH="26"/>
						<String ID="P70_ST00465" HPOS="2001" VPOS="2947" WIDTH="193" HEIGHT="36" CONTENT="Huneker" WC="0.58" CC="6761006"/>
					</TextLine>
					<TextLine ID="P70_TL00041" HPOS="383" VPOS="3007" WIDTH="1811" HEIGHT="51">
						<String ID="P70_ST00466" HPOS="383" VPOS="3007" WIDTH="101" HEIGHT="47" CONTENT="they" WC="1.00" CC="0000"/>
						<SP ID="P70_SP00426" HPOS="484" VPOS="3054" WIDTH="26"/>
						<String ID="P70_ST00467" HPOS="510" VPOS="3007" WIDTH="118" HEIGHT="38" CONTENT="could" WC="0.99" CC="10710"/>
						<SP ID="P70_SP00427" HPOS="628" VPOS="3054" WIDTH="26"/>
						<String ID="P70_ST00468" HPOS="654" VPOS="3012" WIDTH="73" HEIGHT="33" CONTENT="not" WC="0.98" CC="600"/>
						<SP ID="P70_SP00428" HPOS="727" VPOS="3054" WIDTH="28"/>
						<String ID="P70_ST00469" HPOS="755" VPOS="3008" WIDTH="99" HEIGHT="48" CONTENT="keep" WC="0.99" CC="0040"/>
						<SP ID="P70_SP00429" HPOS="854" VPOS="3056" WIDTH="31"/>
						<String ID="P70_ST00470" HPOS="885" VPOS="3008" WIDTH="127" HEIGHT="38" CONTENT="there." WC="1.00" CC="000000"/>
						<SP ID="P70_SP00430" HPOS="1012" VPOS="3056" WIDTH="54"/>
						<String ID="P70_ST00471" HPOS="1066" VPOS="3007" WIDTH="76" HEIGHT="39" CONTENT="His" WC="0.94" CC="609"/>
						<SP ID="P70_SP00431" HPOS="1142" VPOS="3056" WIDTH="32"/>
						<String ID="P70_ST00472" HPOS="1174" VPOS="3008" WIDTH="265" HEIGHT="39" CONTENT="enthusiastic" WC="1.00" CC="070070000003"/>
						<SP ID="P70_SP00432" HPOS="1439" VPOS="3056" WIDTH="33"/>
						<String ID="P70_ST00473" HPOS="1472" VPOS="3008" WIDTH="249" HEIGHT="48" CONTENT="personality" WC="1.00" CC="00001604200"/>
						<SP ID="P70_SP00433" HPOS="1721" VPOS="3056" WIDTH="31"/>
						<String ID="P70_ST00474" HPOS="1752" VPOS="3022" WIDTH="112" HEIGHT="25" CONTENT="came" WC="1.00" CC="0000"/>
						<SP ID="P70_SP00434" HPOS="1864" VPOS="3056" WIDTH="32"/>
						<String ID="P70_ST00475" HPOS="1896" VPOS="3009" WIDTH="196" HEIGHT="49" CONTENT="storming" WC="0.99" CC="60000045"/>
						<SP ID="P70_SP00435" HPOS="2092" VPOS="3058" WIDTH="17"/>
						<String ID="P70_ST00476" HPOS="2109" VPOS="3012" WIDTH="85" HEIGHT="40" CONTENT="out," WC="0.97" CC="4702"/>
					</TextLine>
				</TextBlock>
			</PrintSpace>
		</Page>
	</Layout>
</alto>
