2819 3888
699 3174 69 34 268

637 610 48 34 R.
711 607 57 44 F.,
792 608 41 36 in
856 607 124 43 short,
1004 607 73 37 has
1098 607 256 46 represented
1376 618 52 25 no
1451 618 75 25 one
1548 606 211 46 tendency.
1816 609 39 36 It
1879 607 71 39 has
1973 607 98 37 been
2104 606 159 38 eclectic
2295 612 43 33 to
2371 608 70 38 the

633 670 116 47 point
774 670 42 36 of
839 668 172 47 inviting
1035 668 196 37 members
1255 669 43 36 of
1321 668 71 38 the
1416 668 117 37 Dada
1557 679 127 36 group
1707 673 44 33 to
1780 670 238 43 contribute,
2045 670 41 36 in
2109 669 53 38 its
2185 670 85 37 fear
2305 670 40 36 of
2369 675 72 32 not

635 733 174 45 seeming
846 731 171 36 catholic
1054 731 169 47 enough.
1279 733 40 35 It
1356 731 73 36 has
1466 730 100 37 been
1621 731 251 47 sagaciously
1926 731 187 44 directed,
2163 731 73 37 has
2272 732 170 37 reached

635 807 23 24 a
685 794 100 37 wide
811 793 146 47 public,
986 792 81 37 and
1094 804 133 26 serves
1251 793 70 37 the
1348 792 193 38 excellent
1568 804 172 35 purpose
1767 793 131 38 which
1924 795 70 36 the
2020 794 177 36 Mercure
2223 794 45 36 de
2294 794 149 36 France

635 857 68 36 did
743 860 70 33 ten
850 867 116 34 years
993 867 85 35 ago.
1133 856 61 36 Its
1220 854 315 46 crystallization
1563 854 49 36 ad
1640 854 209 37 absurdum
1875 868 81 26 was
1983 856 181 37 attained
2186 856 78 36 last
2302 856 140 37 winter

634 919 98 36 with
751 918 70 36 the
842 917 305 38 establishment
1168 917 42 37 of
1231 929 23 24 a
1275 917 134 37 school
1430 917 61 36 for
1512 917 71 36 the
1604 917 244 37 instruction
1875 918 42 36 of
1936 930 135 36 young
2091 922 115 44 poets
2226 918 126 37 under
2371 919 71 35 the

633 980 195 48 guidance
855 980 41 36 of
924 980 111 44 Jules
1067 980 203 36 Romains.

737 1044 39 35 It
795 1042 131 37 would
943 1042 176 45 scarcely
1135 1042 50 37 be
1202 1041 87 44 fair,
1309 1042 110 43 then,
1438 1045 45 32 to
1500 1041 142 47 regard
1659 1042 70 35 the
1746 1043 49 35 N.
1819 1042 47 37 R.
1886 1042 43 37 F.
1950 1055 44 25 as
2009 1043 72 36 the
2108 1042 104 48 wing
2228 1042 42 37 of
2287 1042 156 37 French

635 1106 139 36 letters
805 1105 94 36 that
926 1103 119 38 offers
1077 1103 226 47 something
1334 1104 118 36 novel
1479 1115 44 24 or
1556 1103 243 48 corrupting.
1855 1104 78 36 For
1964 1105 70 36 the
2065 1108 93 40 rest,
2192 1105 136 36 Andre
2359 1104 63 39 Sal-

635 1179 95 25 mon
751 1166 79 38 and
847 1168 96 34 Max
962 1166 139 45 Jacob,
1122 1165 117 37 allied
1258 1178 44 25 as
1319 1166 99 45 they
1444 1178 67 24 are
1529 1166 99 36 with
1648 1165 172 44 Cubism,
1842 1178 67 24 are
1927 1168 70 36 the
2016 1171 223 42 exponents
2257 1167 43 36 of
2318 1179 23 23 a
2360 1178 56 25 mo-

635 1228 162 47 dernity
823 1228 129 38 which
980 1240 80 25 was
1087 1228 142 47 purely
1255 1228 41 36 of
1322 1228 70 37 the
1421 1233 180 32 moment
1630 1228 80 36 and
1739 1228 128 37 ended
1896 1228 98 37 with
2021 1228 226 46 yesterday.
2304 1228 117 38 Girau-

636 1291 109 37 doux
772 1291 80 37 and
879 1290 168 37 Morand
1075 1302 66 24 are
1169 1289 216 38 whimsical
1413 1290 80 36 and
1519 1290 165 37 ironical
1711 1291 158 47 enough
1895 1291 75 37 but
1997 1290 33 37 it
2057 1290 33 38 is
2117 1303 23 23 a
2166 1291 136 36 rather
2328 1291 116 37 facile

635 1365 167 26 manner
828 1358 44 32 at
899 1354 172 36 bottom.
1125 1352 65 37 All
1215 1354 113 36 these
1354 1364 67 25 are
1445 1353 71 37 the
1543 1362 91 27 men
1661 1353 88 35 who
1776 1353 103 37 have
1906 1352 151 48 largely
2083 1353 203 37 attracted
2312 1358 110 32 atten-

634 1416 88 37 tion
750 1416 163 44 abroad,
932 1415 81 38 and
1028 1416 101 43 who,
1147 1416 74 35 Mr.
1239 1415 109 41 Iyoeb
1376 1420 193 42 suspects,
1588 1426 95 34 may
1699 1415 104 36 have
1816 1415 223 47 persuaded
2052 1427 109 25 some
2173 1416 41 35 of
2224 1416 71 36 the
2305 1415 112 37 Amer-

633 1479 91 37 ican
750 1477 153 38 writers
927 1477 41 37 in
994 1477 111 37 Paris
1129 1477 85 37 into
1240 1489 23 24 a
1288 1477 254 38 revaluation
1569 1477 42 36 of
1633 1477 105 37 their
1762 1477 227 37 homeland.

737 1543 106 44 Very
853 1540 116 44 little,
983 1541 110 44 then,
1108 1540 34 37 is
1155 1540 149 37 offered
1317 1540 42 36 in
1370 1540 71 36 the
1453 1552 90 33 way
1555 1539 43 37 of
1609 1539 279 37 nourishment
1902 1540 62 36 for
1976 1540 71 36 the
2061 1538 211 39 American
2286 1543 159 45 quester

634 1602 42 37 of
700 1604 166 45 literary
892 1602 103 48 gold.
1051 1604 49 35 In
1126 1602 104 47 spite
1256 1602 42 37 of
1322 1602 71 37 the
1420 1613 248 36 appearance
1694 1602 42 37 of
1761 1614 24 24 a
1811 1602 171 37 number
2008 1602 41 37 of
2074 1602 232 47 impressive
2332 1602 89 37 look-

633 1667 68 47 ing
729 1677 129 26 revues
886 1665 80 37 and
993 1665 70 37 the
1091 1664 261 48 surprisingly
1378 1669 138 42 strong
1544 1664 213 38 industrial
1797 1669 167 43 support
2003 1663 42 38 of
2072 1669 76 39 art,
2187 1664 71 37 the
2286 1669 159 42 present

633 1729 102 37 hour
758 1728 33 38 is
808 1732 72 33 not
905 1739 52 25 an
974 1726 226 48 auspicious
1223 1739 75 25 one
1321 1727 62 36 for
1399 1726 156 38 French
1578 1726 150 38 letters.
1754 1729 40 35 It
1811 1726 33 38 is
1863 1739 23 24 a
1905 1731 179 31 moment
2102 1727 183 46 perhaps,
2312 1726 41 36 of
2374 1730 70 32 too

634 1796 111 44 great
771 1790 228 37 transition.
1053 1789 84 36 The
1176 1789 153 38 writers
1367 1789 89 36 who
1494 1789 104 37 have
1627 1789 100 37 been
1777 1789 305 47 conspicuously
2117 1788 213 48 presented
2379 1800 66 24 are

633 1860 70 32 too
736 1853 212 45 obviously
980 1852 115 38 small
1126 1852 162 44 talents,
1324 1851 243 47 excessively
1612 1851 227 44 mannered,
1875 1851 114 47 using
2032 1862 23 24 a
2082 1851 136 47 paltry
2253 1850 116 38 mask
2405 1849 43 37 of

635 1915 238 47 modernity.

739 1980 101 44 Jean
870 1977 175 38 Cocteau
1070 1976 34 39 is
1133 1989 22 24 a
1183 1976 155 49 typical
1366 1989 100 26 case.
1524 1975 247 48 Trumpeted
1800 1987 44 26 as
1870 1976 71 37 the
1968 1976 78 37 last
2075 1975 110 36 word
2213 1975 42 37 in
2282 1975 164 37 modern

635 2041 188 46 deviltry,
851 2040 82 37 this
960 2051 92 25 man
1082 2040 73 37 has
1183 2040 146 36 almost
1357 2039 217 38 succeeded
1600 2039 42 37 in
1670 2038 209 48 confusing
1906 2038 81 36 and
2015 2037 201 49 diverting
2242 2039 204 36 whatever

637 2103 205 39 attention
868 2103 71 37 the
966 2102 135 48 public
1129 2103 73 36 has
1230 2102 99 37 been
1359 2102 184 47 disposed
1570 2105 44 33 to
1642 2101 90 47 give
1758 2105 45 33 to
1830 2101 70 36 the
1928 2112 131 25 newer
2088 2105 64 32 art
2182 2105 262 33 movements.

634 2167 76 37 His
727 2167 74 36 has
835 2166 101 37 been
954 2165 71 37 the
1044 2164 153 47 glaring
1217 2164 183 47 example
1419 2164 43 37 of
1479 2164 71 37 the
1570 2164 125 47 cheap
1716 2163 80 36 and
1816 2163 192 37 offensive
2027 2163 120 37 shifts
2164 2162 63 37 for
2257 2163 192 47 shocking

632 2230 71 37 the
725 2227 211 49 bourgeois
957 2227 130 37 which
1108 2229 73 35 Mr.
1205 2227 110 41 Iyoeb
1338 2226 228 38 condemns.
1621 2225 84 37 The
1728 2225 166 37 method
1915 2226 42 36 in
1974 2224 62 39 his
2051 2229 148 43 poetry
2213 2225 73 37 has
2302 2225 147 47 simply

634 2293 100 37 been
755 2295 45 33 to
824 2292 117 35 make
964 2289 242 39 un-musical
1228 2289 80 37 and
1331 2287 202 50 irritating
1555 2300 133 26 verses
1711 2288 130 37 which
1862 2287 102 37 refer
1985 2291 45 33 to
2055 2299 212 36 expresses,
2303 2291 121 34 steam-

634 2355 130 43 boats,
800 2353 243 47 aeroplanes,
1078 2352 71 37 the
1182 2352 275 44 unconscious,
1481 2352 69 37 the
1573 2351 147 38 rubber
1740 2351 99 43 heel,
1863 2354 186 40 etcetera,
2072 2350 171 46 thereby
2265 2350 183 47 bringing

635 2417 61 38 his
723 2412 178 52 wiitirigs
929 2415 187 48 squarely
1141 2426 55 36 up
1223 2418 45 33 to
1299 2425 100 38 1922
1420 2415 7 36 !
1483 2415 64 36 He
1574 2413 34 38 is
1647 2413 117 48 again
1803 2425 24 23 a
1867 2413 129 37 clever
2034 2424 106 32 man,
2181 2411 269 47 occasionally

635 2479 131 37 worth
791 2478 187 47 listening
1001 2482 44 32 to
1071 2477 42 37 in
1137 2478 70 36 the
1232 2488 116 36 prose
1376 2476 188 45 medium,
1593 2476 195 47 although
1814 2474 61 38 his
1899 2479 145 44 poetry
2079 2475 132 37 leaves
2247 2487 23 24 a
2296 2475 153 47 perfect

637 2542 125 37 blank
787 2540 43 37 in
854 2541 72 37 the
958 2540 127 37 brain.

737 2603 128 38 There
882 2603 33 36 is
933 2601 81 38 still
1033 2615 23 23 a
1075 2601 115 38 small
1208 2601 247 38 determined
1468 2601 153 38 faction
1637 2605 44 33 to
1698 2606 97 32 turn
1811 2603 44 33 to
1867 2601 61 36 far
1947 2612 176 36 younger
2141 2611 91 27 men
2245 2601 88 37 who
2345 2601 105 37 have

636 2665 156 39 neither
819 2665 181 37 attained
1021 2664 105 38 their
1146 2664 124 47 ripest
1296 2665 158 46 growth
1474 2676 72 24 nor
1567 2664 101 38 been
1690 2663 189 48 accepted
1901 2663 41 37 in
1961 2664 71 36 the
2051 2674 117 26 name
2185 2662 42 37 of
2244 2662 206 38 authentic

635 2729 219 37 literature.
909 2726 58 38 To
992 2738 52 25 an
1070 2727 213 37 American
1307 2727 87 37 who
1418 2728 72 36 has
1513 2726 100 38 been
1636 2726 198 46 intensely
1856 2726 206 37 conscious
2097 2726 41 37 of
2171 2726 62 37 his
2267 2725 161 38 environ-

635 2796 112 33 ment
776 2791 144 47 during
944 2790 71 37 the
1040 2790 87 37 first
1157 2794 160 44 quarter
1343 2790 43 37 of
1408 2789 83 38 this
1516 2792 171 44 century
1712 2789 79 37 and
1816 2789 70 37 the
1910 2788 119 38 trend
2066 2789 41 36 of
2131 2788 214 37 American
2369 2787 79 45 life,

633 2855 72 37 the
724 2853 114 49 spirit
859 2852 81 38 and
957 2852 224 38 tentatives
1200 2852 42 37 of
1259 2852 82 37 this
1359 2852 73 38 left
1460 2852 102 48 wing
1580 2852 176 38 indicate
1783 2865 24 24 a
1825 2851 170 48 striking
2014 2851 215 48 departure
2248 2852 104 38 from
2380 2850 70 37 the

634 2917 116 37 other
777 2919 194 35 currents.

737 2979 86 38 The
842 2979 188 38 stimulus
1051 2989 113 27 came
1185 2977 172 47 directly
1383 2982 71 33 out
1475 2977 42 38 of
1535 2978 71 37 the
1626 2979 116 36 brain
1762 2977 42 38 of
1822 2978 71 37 the
1914 2977 141 38 Comte
2075 2977 49 37 de
2143 2979 306 41 Iyautreamont,

635 3043 90 37 who
754 3041 175 38 chanted
948 3041 42 37 in
1023 3041 61 38 his
1103 3041 155 38 Poesies
1284 3041 158 47 preface
1460 3052 7 25 :
1538 3041 94 37 Man
1660 3041 33 37 is
1726 3045 111 43 great
1857 3040 80 37 and
1964 3040 61 38 his
2049 3045 203 43 greatness
2282 3038 168 39 consists
