2819 3888
2050 3193 65 36 197

470 620 92 39 The
581 620 375 41 Step-Daughter.
1011 621 83 34 But
1110 616 173 50 imagine
1301 616 124 38 moral
1443 616 134 47 sanity
1593 618 104 37 from
1714 617 84 37 him
1838 616 31 38 if
1907 629 82 34 you
2022 618 144 46 please,

368 682 70 36 the
471 683 119 37 client
618 683 42 37 of
691 682 153 36 certain
872 681 158 37 ateliers
1056 680 77 38 like
1164 680 93 37 that
1289 680 42 36 of
1362 680 185 36 Madame
1581 682 112 35 Pace.

469 744 93 40 The
589 744 185 39 Father.
830 741 96 38 Fool
946 744 6 36 !
1006 743 107 37 That
1134 743 34 36 is
1189 743 70 36 the
1297 743 115 46 proof
1432 743 92 36 that
1548 744 109 34 lam
1695 754 22 24 a
1740 753 95 25 man
1853 743 7 36 !
1914 741 96 36 This
2048 753 98 26 seem-

368 807 66 47 ing
465 806 306 43 contradiction,
803 807 236 46 gentlemen,
1068 805 33 38 is
1130 806 70 36 the
1229 809 202 43 strongest
1457 805 116 46 proof
1601 805 93 35 that
1721 806 21 34 I
1772 805 121 37 stand
1922 804 93 36 here
2046 816 22 24 a
2092 803 78 37 live

369 880 94 25 man
489 870 136 36 before
646 880 91 33 you.
794 868 116 45 Why,
932 868 33 36 it
985 868 33 37 is
1038 868 84 47 just
1149 868 61 36 for
1230 866 82 39 this
1333 880 99 32 very
1457 866 255 47 incongruity
1738 867 41 36 in
1817 878 69 34 my
1914 871 144 32 nature
2078 866 92 37 that

370 931 20 34 I
421 930 103 38 have
551 930 81 37 had
663 932 44 34 to
735 929 122 38 suffer
889 930 107 35 what
1028 931 20 36 I
1074 930 113 37 have.
1223 931 20 34 I
1269 929 117 36 could
1405 933 71 32 not
1495 928 78 37 live
1590 929 56 45 by
1664 929 68 35 the
1749 928 83 37 side
1851 928 41 36 of
1907 927 92 37 that
2016 938 156 26 woman

372 992 228 50 (',indicating
615 993 59 36 the
689 992 165 48 Mother)
874 1004 82 34 any
980 993 148 47 longer,
1147 991 75 37 but
1238 995 71 33 not
1326 1003 44 26 so
1388 991 121 37 much
1525 991 62 37 for
1602 991 70 36 the
1689 991 192 38 boredom
1899 991 69 38 she
1994 989 176 48 inspired

368 1066 64 25 me
453 1055 97 37 with
576 1067 45 25 as
641 1055 61 36 for
721 1056 71 36 the
818 1055 92 48 pity
936 1056 20 35 I
983 1055 72 36 felt
1082 1054 61 37 for
1164 1054 81 37 her.

473 1117 93 39 The
590 1119 194 37 Mother.
837 1117 93 39 And
957 1129 43 25 so
1025 1117 49 36 he
1097 1117 147 36 turned
1270 1128 63 25 me
1358 1121 87 32 out.

474 1179 92 40 The
597 1181 184 37 Father.
837 1179 100 37 Well
968 1179 193 47 provided
1190 1179 71 37 for.
1317 1181 91 43 Yes,
1426 1182 20 36 I
1478 1184 88 32 sent
1598 1179 70 36 her
1689 1182 44 32 to
1775 1178 93 38 that
1892 1191 106 32 man,
2023 1182 129 45 gentle-

369 1253 92 27 men
481 1272 64 7 ...
582 1246 43 33 to
653 1242 57 36 let
745 1242 70 36 her
849 1254 49 35 go
934 1243 82 35 free
1043 1243 41 36 of
1119 1253 73 25 me.

474 1304 92 39 The
592 1306 195 37 Mother.
841 1302 92 41 And
959 1308 44 33 to
1029 1305 81 36 free
1137 1303 167 38 himself.

474 1366 92 39 The
598 1366 185 39 Father.
839 1368 91 41 Yes,
964 1369 21 35 I
1013 1366 128 37 admit
1171 1366 45 37 it.
1271 1367 40 36 It
1344 1378 80 25 was
1457 1365 81 37 also
1573 1378 23 24 a
1627 1365 213 39 liberation
1867 1367 61 35 for
1961 1380 74 25 me.
2092 1370 82 34 But

369 1434 112 43 great
502 1429 78 37 evil
599 1430 73 37 has
693 1441 111 25 come
825 1428 41 37 of
884 1428 45 37 it.
959 1431 22 34 I
1000 1432 137 33 meant
1156 1428 88 38 well
1262 1428 115 38 when
1397 1430 21 36 I
1439 1428 69 37 did
1527 1427 46 44 it,
1596 1428 80 37 and
1697 1432 20 34 I
1745 1428 69 38 did
1833 1428 34 37 it
1887 1440 109 26 more
2024 1431 61 36 for
2105 1430 69 37 her

368 1493 95 36 sake
488 1492 103 37 than
615 1491 116 38 mine.
787 1493 21 36 I
834 1503 123 26 swear
975 1491 33 38 it
1038 1494 154 44 (crosses
1217 1491 60 36 his
1303 1502 101 25 arms
1431 1501 48 25 on
1503 1489 61 37 his
1589 1489 99 38 chest
1711 1503 15 29 ;
1752 1491 86 36 then
1862 1494 110 34 turns
1990 1492 185 47 suddenly

368 1559 35 31 to
430 1553 59 37 the
515 1553 181 48 Mother).
751 1553 80 37 Did
849 1556 20 35 I
894 1565 93 27 ever
1010 1554 83 36 lose
1115 1553 107 47 sight
1246 1553 41 36 of
1310 1564 81 33 you
1413 1552 104 38 until
1538 1552 94 36 that
1656 1554 116 37 other
1796 1565 95 25 man
1919 1554 152 37 carried
2095 1566 81 34 you

369 1617 56 35 off
447 1619 42 32 to
517 1617 167 36 another
709 1621 109 32 town
843 1616 79 36 like
945 1616 71 37 the
1043 1628 127 35 angry
1194 1615 82 37 fool
1300 1615 50 36 he
1376 1626 80 26 was
1474 1614 14 37 ?
1523 1613 93 39 And
1641 1627 52 25 on
1719 1621 171 31 account
1918 1617 41 35 of
1985 1628 70 35 my
2078 1628 98 35 pure

368 1679 167 38 interest
562 1679 42 36 in
631 1691 80 33 you
730 1708 6 7 .
759 1708 6 7 .
787 1708 6 7 .
823 1690 70 35 my
918 1690 99 35 pure
1043 1679 179 43 interest,
1250 1680 20 35 I
1296 1682 150 42 repeat,
1473 1677 93 37 that
1584 1677 81 36 had
1687 1689 51 25 110
1762 1679 95 36 base
1883 1679 152 37 motive
2062 1679 38 36 in
2129 1678 47 37 it.

370 1743 20 35 I
422 1741 183 37 watched
636 1741 99 37 with
764 1742 71 36 the
865 1741 205 38 tenderest
1098 1752 167 26 concern
1293 1740 70 36 the
1395 1751 86 25 new
1512 1738 142 47 family
1679 1741 93 36 that
1804 1753 105 35 grew
1940 1753 54 36 up
2023 1741 153 37 around

368 1804 82 36 her.
506 1803 77 39 She
612 1816 76 25 can
714 1804 97 37 bear
839 1804 161 37 witness
1028 1808 44 32 to
1098 1803 83 37 this
1237 1802 143 48 (;points
1409 1806 34 32 to
1474 1802 58 36 the
1561 1800 332 51 Step-Daughter).

473 1863 91 40 The
582 1866 374 39 Step-Daughter.
1012 1866 64 37 Oh
1106 1877 82 34 yes,
1206 1865 131 37 that's
1351 1869 92 32 true
1460 1864 169 47 enough.
1687 1866 126 37 When
1832 1868 20 34 I
1869 1877 82 26 was
1977 1879 24 23 a
2029 1865 145 45 kiddie,

369 1940 44 26 so
437 1940 44 25 so
505 1929 106 46 high,
637 1941 81 33 you
742 1929 128 44 know,
896 1928 100 37 with
1017 1928 123 48 plaits
1162 1941 96 24 over
1282 1939 70 33 my
1375 1926 205 38 shoulders
1604 1926 80 36 and
1709 1927 182 38 knickers
1914 1929 137 45 longer
2076 1929 103 35 than

370 2002 71 34 my
464 1990 133 45 skirts,
623 1993 20 35 I
670 1991 99 37 used
790 1996 44 32 to
859 2004 64 24 see
945 1990 85 37 him
1057 1990 163 48 waiting
1244 1989 158 39 outside
1425 1990 70 36 the
1519 1989 135 37 school
1681 1989 61 37 for
1766 2001 63 26 me
1867 1995 45 32 to
1947 2002 111 25 come
2092 1995 83 33 out.

370 2054 64 35 He
463 2065 113 26 came
597 2060 44 31 to
671 2067 64 24 see
761 2054 90 36 how
880 2056 21 34 I
930 2065 81 26 was
1040 2054 173 46 growing
1241 2065 68 35 up.

474 2113 92 42 The
592 2116 185 39 Father.
832 2115 96 39 This
953 2116 33 37 is
1010 2116 214 43 infamous,
1253 2114 207 39 shameful.

475 2178 91 40 The
609 2179 375 39 Step-Daughter.
1039 2180 75 35 No.
1170 2179 107 44 Why
1295 2178 13 36 ?

474 2240 92 40 The
607 2240 185 39 Father.
847 2242 208 36 Infamous
1073 2242 6 36 !
1109 2241 201 37 infamous
1329 2241 6 36 !
1384 2240 98 48 (then
1524 2240 180 47 excitedly
1727 2244 34 33 to
1790 2241 192 47 Manager
2005 2240 152 49 explain-

371 2304 94 48 ing).
520 2303 117 38 After
670 2305 69 36 she
775 2303 229 49 (indicating
1036 2302 164 48 Mother)
1237 2307 105 33 went
1376 2315 126 32 away,
1532 2315 70 33 my
1635 2304 124 36 house
1791 2303 157 37 seemed
1980 2302 199 46 suddenfy

369 2370 153 43 empty.
578 2367 78 39 She
684 2378 81 26 was
794 2378 69 33 my
889 2366 182 43 incubus,
1101 2365 76 37 but
1206 2366 68 36 she
1304 2364 106 37 filled
1439 2376 69 34 my
1533 2366 136 37 house.
1725 2367 20 35 I
1774 2378 81 24 was
1883 2366 78 36 like
1990 2378 23 23 a
2052 2364 126 38 dazed

369 2428 56 46 fly
446 2430 113 35 alone
580 2429 42 37 in
651 2430 71 36 the
753 2433 141 43 empty
922 2440 143 26 rooms.
1121 2427 95 38 This
1232 2428 82 45 boy
1330 2428 92 36 heie
1444 2427 227 48 (indicating
1688 2427 57 37 the
1763 2427 92 47 Son)
1881 2441 80 24 was
1983 2427 196 38 educated

370 2504 115 33 away
510 2491 105 37 from
636 2493 130 42 home,
791 2491 79 37 and
893 2492 114 36 when
1029 2492 49 36 he
1117 2502 112 26 came
1266 2490 115 43 back,
1406 2490 49 36 he
1488 2490 155 37 seemed
1669 2494 45 33 to
1746 2502 63 25 me
1830 2494 44 33 to
1911 2491 49 37 be
1987 2502 52 25 no
2071 2502 109 24 more

370 2554 117 36 mine.
542 2554 113 38 With
675 2566 52 24 no
750 2554 155 37 mother
928 2558 45 33 to
996 2554 120 38 stand
1138 2554 181 36 between
1341 2552 84 37 him
1446 2552 81 36 and
1549 2564 75 33 me,
1648 2554 50 36 he
1719 2566 106 35 grew
1845 2565 54 36 up
1928 2552 171 46 entirely
2119 2553 61 36 for

369 2616 170 45 himself,
571 2629 52 24 on
652 2618 62 37 his
744 2629 100 32 own,
875 2620 130 44 apart,
1037 2616 100 37 with
1165 2628 52 25 no
1246 2615 57 38 tie
1333 2616 42 36 of
1403 2615 179 38 intellect
1610 2628 44 24 or
1684 2616 188 37 affection
1902 2616 167 47 binding
2097 2615 85 37 him

368 2684 45 33 to
434 2691 74 25 me.
563 2679 93 38 And
676 2680 99 37 then
864 2684 163 43 strange
1046 2679 75 38 but
1148 2684 91 33 true
1329 2681 21 34 I
1370 2690 81 25 was
1471 2677 140 38 driven
1632 2679 56 45 by
1707 2679 196 45 curiosity
1930 2682 42 33 at
1992 2679 88 36 first
2102 2677 80 37 and

368 2743 99 37 then
489 2743 56 45 by
567 2754 110 26 some
698 2742 143 38 tender
863 2742 218 37 sentiment
1103 2741 176 37 towards
1301 2741 70 37 her
1393 2740 144 47 family
1558 2741 130 37 which
1710 2741 81 36 had
1815 2753 113 25 come
1949 2741 88 37 into
2065 2740 117 47 being

369 2805 176 48 through
572 2816 70 35 my
670 2805 89 36 will.
814 2804 84 38 The
914 2805 177 47 thought
1107 2804 42 37 of
1165 2804 70 37 her
1253 2804 128 46 began
1410 2802 212 48 gradually
1648 2808 44 33 to
1722 2804 56 36 fill
1794 2816 55 35 up
1865 2804 72 37 the
1966 2803 216 48 emptiness

370 2870 20 35 I
418 2868 73 37 felt
519 2867 51 37 all
596 2867 154 37 around
776 2879 75 26 me.
907 2869 21 35 I
954 2867 160 37 wanted
1138 2870 45 33 to
1210 2866 119 37 know
1353 2865 31 37 if
1410 2866 69 37 she
1507 2877 100 26 were
1634 2867 140 48 happy
1798 2867 41 36 in
1865 2866 125 48 living
2015 2870 72 33 out
2113 2865 69 37 the

370 2931 140 48 simple
538 2930 110 46 daily
674 2929 131 39 duties
822 2930 42 37 of
880 2929 79 38 life.
1015 2933 21 35 I
1062 2929 161 37 wanted
1248 2934 45 32 to
1320 2929 121 37 think
1467 2929 41 36 of
1534 2929 71 37 her
1633 2942 44 25 as
1703 2930 209 36 fortunate
1939 2929 80 38 and
2045 2929 137 47 happy

369 2994 170 38 because
566 2994 63 36 far
659 3005 116 34 away
803 2994 104 36 from
935 2993 71 37 the
1036 2991 266 49 complicated
1330 2996 200 33 torments
1559 2992 42 36 of
1642 3003 70 34 my
1749 2992 127 49 spirit.
1930 2991 94 38 And
2053 3003 56 33 so,
2137 2995 44 33 to

371 3056 104 39 have
498 3056 117 47 proof
635 3056 44 37 of
703 3055 94 46 this,
822 3058 21 36 I
871 3056 99 38 used
990 3061 45 34 to
1058 3056 134 37 watch
1238 3055 93 37 that
1356 3053 106 38 child
1485 3055 158 47 coming
1669 3060 73 33 out
1765 3055 41 36 of
1829 3055 146 38 school.
