2819 3888
2138 3293 67 36 233

527 3309 17 27 4

464 725 154 37 forever
651 722 229 49 diagonally
911 720 204 39 downcast
1135 752 34 7 ..
1190 751 7 8 .
1253 721 148 38 Father
1450 722 41 36 of
1522 722 176 37 children
1716 751 35 9 ..
1773 752 7 8 .
1835 721 77 40 She
1955 720 86 39 said
2073 734 52 25 no
2156 724 109 36 word

462 791 46 32 to
526 786 95 37 him.
677 787 63 36 He
759 783 153 45 bowed,
933 783 81 38 and
1032 784 70 37 she
1121 783 86 39 said
1226 795 51 25 no
1298 783 120 44 word,
1440 783 70 38 she
1528 784 143 37 looked
1698 797 126 33 away,
1846 784 132 48 seeing
1997 784 84 37 hkn
2100 785 106 37 still.
2227 815 6 7 .
2255 816 7 7 .

464 849 132 37 father
623 848 42 38 of
710 846 188 39 children.

565 910 79 40 She
675 921 80 25 was
783 910 114 36 alone
915 938 36 8 ..
973 939 7 7 .
1035 908 148 38 behind
1209 909 71 37 the
1307 908 114 38 other
1449 908 109 38 door.

565 972 78 39 She
673 971 119 38 stood
823 983 23 24 a
876 976 193 39 moment,
1099 971 163 47 looking
1290 971 129 37 where
1447 972 101 45 they
1575 972 82 36 had
1686 971 86 37 left.
1826 971 79 39 She
1934 971 72 37 felt
2038 971 125 37 alone.
2188 971 78 39 She

464 1035 149 48 pinned
637 1035 70 37 her
731 1045 181 36 wrapper
936 1033 96 47 high
1056 1037 44 32 at
1124 1033 70 37 her
1218 1033 151 37 throat.
1423 1033 78 40 She
1536 1033 270 38 remembered
1840 1033 71 37 the
1947 1033 178 37 children
2169 1033 98 37 with

464 1097 133 37 whom
615 1096 70 38 she
703 1108 81 27 was
804 1096 115 37 alone
936 1126 37 7 ..
994 1125 7 8 .
1022 1099 72 33 not
1116 1096 114 37 alone
1248 1095 110 38 then.
1407 1097 113 36 —In
1540 1108 70 34 my
1628 1108 88 25 own
1735 1096 72 36 flat
1827 1096 115 37 alone
1961 1107 6 25 :
1998 1100 71 33 not
2088 1096 94 37 here
2201 1126 35 8 ..
2257 1126 7 8 .

463 1159 127 37 There
616 1158 99 37 with
740 1159 71 36 the
835 1159 119 36 truth
979 1158 42 37 of
1045 1158 210 37 loneliness
1281 1157 69 38 she
1376 1158 81 37 had
1484 1169 111 26 come
1622 1162 71 33 not
1719 1162 45 32 to
1791 1158 76 36 feel
1892 1157 45 37 it.
1992 1159 117 43 Here,
2139 1159 128 37 where

462 1221 114 37 there
595 1232 101 26 were
715 1232 125 34 many
865 1220 146 48 things,
1034 1232 124 34 many
1184 1220 143 44 voices,
1347 1220 111 44 lives,
1479 1220 70 38 she
1568 1232 81 26 was
1667 1223 73 33 not
1770 1220 126 43 alone,
1934 1219 70 37 she
2031 1220 71 36 felt
2120 1220 144 47 lonely.

565 1284 35 37 A
625 1283 104 38 faint
754 1283 132 38 shiver
910 1294 87 26 rose
1021 1282 105 37 from
1150 1282 70 37 her
1245 1282 186 37 stomach
1453 1287 45 32 to
1523 1283 70 36 her
1618 1282 218 38 shoulders.
1890 1281 78 39 She
1993 1282 137 47 jerked
2154 1282 32 37 it
2213 1283 55 36 off

463 1347 70 36 her
560 1357 98 26 ears.
713 1345 79 39 She
822 1345 155 37 walked
1006 1345 88 37 into
1123 1345 71 37 the
1225 1344 175 37 kitchen.
1455 1344 123 37 Hilda
1608 1343 144 38 looked
1783 1349 43 32 at
1856 1344 82 44 her,
1971 1344 225 48 suspended
2227 1345 40 36 in

463 1408 70 37 her
554 1408 189 38 ceaseless
762 1407 165 47 hopeful
947 1407 118 38 effort
1084 1411 45 33 to
1150 1407 120 37 reach
1288 1407 71 37 the
1378 1411 73 43 top
1472 1406 42 37 of
1535 1419 22 24 a
1577 1407 110 37 table
1707 1407 129 37 where
1857 1418 81 25 was
1958 1407 109 37 cake.
2122 1406 146 48 Sophie

462 1471 100 36 took
583 1482 23 24 a
627 1469 61 38 bit
710 1470 42 37 of
771 1470 70 37 the
862 1470 109 44 cake,
1001 1469 141 48 placed
1163 1468 32 37 it
1216 1468 134 47 firmly
1375 1469 42 37 in
1438 1468 157 39 Hilda's
1622 1469 120 48 palm.
1797 1468 79 40 She
1895 1468 115 37 lifted
2031 1469 81 37 her.

608 1532 110 37 Hold
744 1544 53 25 on
827 1532 121 48 tight,
980 1543 101 32 now,
1154 1531 69 38 she
1255 1531 98 37 said.
1408 1531 78 39 She
1513 1531 151 38 carried
1691 1532 70 37 her
1788 1535 84 34 out.

564 1594 191 48 Through
780 1595 70 36 the
876 1595 83 37 hall
976 1594 41 36 of
1032 1595 71 36 the
1121 1593 71 37 flat
1220 1594 70 37 she
1306 1594 145 37 looked
1476 1598 45 32 to
1537 1594 71 37 the
1634 1594 110 36 front
1772 1606 114 24 room
1912 1594 42 36 of
1980 1595 74 35 Mr.
2086 1594 179 38 Kandro.

463 1656 78 40 She
559 1656 160 39 noticed
736 1657 92 38 that
846 1656 34 38 it
898 1668 81 26 was
997 1657 61 36 far
1077 1668 115 34 away
1209 1667 7 26 :
1237 1656 69 38 she
1325 1656 69 37 did
1411 1661 72 32 not
1501 1656 119 38 think
1637 1656 32 37 it
1688 1668 80 25 was
1786 1661 161 42 strange
1963 1656 93 37 that
2074 1656 33 37 it
2126 1656 141 37 should

463 1731 107 26 seem
597 1732 56 25 so.
708 1719 75 37 His
808 1719 97 36 door
930 1731 81 25 was
1036 1730 114 36 open.
1205 1718 186 48 Sunlight
1417 1731 80 25 was
1521 1719 120 47 sharp
1665 1719 113 36 there
1801 1719 78 36 like
1905 1731 23 23 a
1952 1718 118 37 flame
2097 1718 172 48 burning

463 1794 52 24 on
540 1794 22 24 a
586 1782 119 37 black
731 1782 115 37 stick.
902 1783 40 35 It
966 1781 118 37 made
1106 1782 70 36 her
1200 1782 119 36 know
1338 1781 94 37 that
1460 1780 68 38 she
1551 1781 81 36 had
1656 1792 52 25 on
1731 1792 23 24 a
1778 1792 180 36 wrapper
1982 1780 80 36 and
2084 1781 93 37 that
2200 1782 69 36 she

434 1843 3 49 ■
463 1856 82 26 was
564 1849 71 33 not
656 1844 253 48 presentable
928 1843 31 38 if
978 1844 70 37 she
1068 1843 143 38 should
1231 1848 105 33 meet
1357 1843 84 37 him
1459 1844 42 37 in
1519 1844 71 37 the
1609 1843 81 38 hall
1709 1855 7 24 :
1746 1844 69 37 she
1834 1843 132 47 forgot
1986 1843 93 37 that
2099 1843 69 37 she
2188 1843 81 36 had

463 1911 84 33 met
572 1907 164 45 already
761 1907 153 36 Anna's
942 1918 94 25 man
1069 1928 40 5 —
1138 1905 80 37 and
1241 1907 94 36 that
1361 1906 68 37 she
1455 1905 117 38 could
1597 1906 195 46 certainly
1816 1917 75 25 run
1916 1917 95 26 over
2036 1910 45 32 to
2110 1905 70 37 her
2197 1906 72 36 flat

463 1969 81 36 and
565 1974 67 43 get
656 1982 23 24 a
701 1969 121 43 dress,
846 1968 80 37 and
948 1973 75 43 put
1045 1969 32 36 it
1101 1981 53 24 on
1175 1968 41 37 in
1236 1969 71 37 the
1328 1968 137 46 Suchy
1485 1968 203 38 bedroom.
1742 1967 113 37 Then
1877 1968 69 37 she
1967 1980 82 24 was
2074 1980 128 24 aware
2229 1969 41 36 of

463 2032 150 48 having
635 2043 112 27 come
771 2030 171 38 without
965 2031 71 37 her
1063 2031 89 46 key.
1171 2032 40 36 It
1236 2043 81 25 was
1339 2031 180 43 instinct,
1545 2030 134 38 before
1704 2030 68 37 she
1790 2030 95 38 shut
1902 2030 69 37 her
1989 2030 109 44 door,
2118 2034 44 33 to
2180 2030 86 44 feel,

461 2093 94 39 that
575 2095 70 37 she
664 2094 81 36 had
764 2094 70 37 her
855 2094 89 45 key.
998 2093 97 38 This
1112 2093 100 38 time
1231 2094 70 37 she
1320 2093 81 36 had
1421 2093 95 37 shut
1543 2093 46 44 it,
1611 2097 72 33 not
1702 2093 156 47 feeling.

564 2157 78 39 She
667 2161 106 32 went
800 2157 87 36 into
912 2156 71 38 the
1009 2156 193 37 bedroom
1230 2156 40 36 of
1294 2156 70 37 the
1390 2156 167 46 Suchys.

564 2219 80 39 She
658 2219 131 47 forgot
807 2219 78 45 key
912 2218 80 37 and
1008 2230 193 36 wrapper.
1255 2217 84 38 The
1356 2218 125 38 shade
1494 2230 82 25 was
1591 2230 67 35 up,
1676 2218 69 37 the
1761 2229 114 25 room
1890 2216 195 39 breathed
2102 2217 165 48 quietly.

461 2281 37 38 A
527 2282 138 37 brown
691 2282 115 46 light,
839 2293 97 33 very
962 2281 84 44 full,
1078 2281 41 36 in
1148 2281 70 36 the
1248 2292 124 32 room,
1404 2292 82 25 was
1514 2280 54 37 its
1597 2281 146 36 breath
1767 2281 79 36 like
1875 2280 152 37 Anna's
2057 2280 212 48 breathing

461 2345 93 37 that
581 2356 112 25 came
721 2344 81 37 also
829 2343 74 37 full
928 2343 105 37 from
1060 2343 51 37 all
1137 2344 69 36 her
1232 2343 104 37 little
1363 2342 120 47 body.

564 2407 146 47 Sophie
738 2405 131 38 closed
889 2406 70 37 the
981 2405 98 37 door
1114 2411 43 32 at
1178 2406 69 36 her
1269 2405 114 44 back,
1407 2404 117 39 stood
1546 2406 93 43 still,
1663 2404 162 48 holding
1848 2404 122 37 Hilda
1991 2405 41 36 in
2058 2404 70 37 her
2149 2417 118 26 arms.

461 2469 131 38 There
621 2481 82 24 was
729 2469 71 37 the
830 2468 253 44 double-bed,
1115 2468 168 37 covered
1312 2468 99 37 with
1439 2479 24 25 a
1491 2472 112 42 great
1631 2468 124 47 patch
1785 2467 113 48 quilt.
1953 2466 84 38 The
2082 2466 77 38 bed
2189 2479 81 26 was

464 2532 110 48 quiet
603 2531 80 37 and
700 2531 129 47 proud
848 2543 6 25 :
873 2531 70 37 the
962 2531 103 48 quilt
1082 2530 98 37 with
1196 2530 53 38 its
1265 2531 138 37 blacks
1420 2530 80 36 and
1517 2530 89 37 reds
1622 2542 82 25 was
1719 2530 191 38 vibrance
1926 2530 164 47 making
2104 2529 71 37 the
2192 2530 78 36 bed

464 2607 117 25 move
600 2624 35 7 ..
656 2624 8 7 .
693 2593 135 48 lifting
853 2594 45 43 it,
927 2593 183 48 bringing
1135 2594 71 37 the
1232 2604 158 27 corners
1417 2593 41 37 of
1483 2592 70 37 the
1603 2604 114 25 room
1742 2593 87 36 into
1867 2605 23 24 a
1916 2596 84 33 sort
2027 2591 41 37 of
2105 2592 162 37 wooden

464 2658 137 36 dance.
656 2657 55 36 At
731 2657 71 36 the
823 2656 113 37 bed's
957 2656 83 37 side
1062 2668 81 25 was
1164 2668 23 24 a
1207 2657 78 36 low
1305 2661 92 32 cot:
1422 2659 43 33 at
1486 2654 54 38 its
1560 2655 86 38 foot
1667 2655 71 37 the
1759 2655 110 46 baby
1889 2655 103 48 slept
2013 2655 42 36 in
2076 2655 69 36 her
2166 2667 104 35 open

463 2720 96 38 crib.
613 2718 127 38 There
766 2731 82 25 was
874 2731 23 24 a
922 2719 165 44 bureau,
1114 2718 174 39 littered.
1342 2718 128 37 There
1497 2730 80 25 was
1604 2731 23 23 a
1652 2718 164 47 rocking
1843 2718 122 38 chair.

565 2782 222 36 Dominant
808 2782 70 36 the
900 2781 89 37 bed.
1045 2781 137 37 Under
1202 2782 71 37 the
1295 2785 188 44 arrogant
1504 2780 190 38 vibrance
1715 2781 43 36 of
1777 2780 54 38 its
1853 2780 101 49 quilt
1976 2779 107 38 lived
2111 2780 156 47 depths.

464 2845 157 47 Depths
657 2844 122 48 quiet.
835 2843 114 48 Sleep
976 2844 42 35 of
1053 2857 23 23 a
1105 2855 95 25 man
1234 2843 80 37 and
1349 2855 170 31 woman,
1556 2843 175 48 sleeping
1766 2843 80 37 and
1881 2843 158 47 waking
2072 2843 195 47 together.

464 2907 130 37 Birth.
648 2906 91 39 Still
755 2909 182 33 moment
954 2905 137 38 before
1106 2905 112 37 birth
1242 2927 58 5 —
1323 2905 83 48 just
1429 2918 23 24 a
1476 2909 181 33 moment
1677 2918 81 25 was
1780 2905 33 37 it
1831 2905 41 36 in
1893 2905 70 37 her
1980 2904 94 48 long
2090 2916 158 36 perspec-

464 2970 85 38 tive
570 2991 39 4 —
630 2970 117 36 when
768 2981 94 25 man
883 2981 101 36 gave
1006 2969 158 46 wholly,
1188 2968 218 45 shattered,
1430 2981 101 35 gave
1552 2968 171 45 himself,
1745 2968 72 37 the
1839 2968 124 37 world
1982 2968 94 37 that
2093 2980 81 25 was
2196 2967 72 45 his,

464 3033 70 36 the
550 3032 124 37 world
691 3032 80 37 and
786 3032 55 37 its
856 3031 155 38 infinite
1026 3032 162 37 reaches
1203 3031 173 38 forward
1393 3031 80 37 and
1490 3031 106 38 back
1627 3053 40 4 —
1688 3031 80 37 and
1785 3031 113 37 when
1915 3042 157 26 woman
2087 3031 100 36 took
2205 3060 7 7 .
2233 3060 7 7 .
2261 3059 8 7 .

566 3094 147 48 Sophie
749 3099 106 33 went
893 3095 155 48 quietly
1081 3099 45 33 to
1153 3094 70 38 the
1260 3095 151 44 rocker,
1449 3093 82 39 still
1558 3094 163 48 holding
1758 3093 135 45 Hilda,
1932 3093 80 37 and
2049 3097 63 33 sat
2140 3092 128 37 down.

463 3156 85 39 The
573 3158 106 37 child
703 3170 81 25 was
808 3157 166 37 hushed.
1029 3156 78 40 She
1131 3156 93 38 held
1248 3157 69 37 her
1345 3157 98 37 cake
1467 3157 42 37 in
1533 3158 69 36 her
1636 3157 108 47 tight
1778 3157 79 37 fist.
1912 3156 79 40 She
2015 3156 70 36 did
2108 3160 71 32 not
2205 3159 64 33 eat
