2819 3888
682 3192 68 26 222

632 658 201 45 naturally
859 656 60 38 his
945 659 92 45 pain
1065 670 42 26 as
1134 659 67 37 she
1228 664 106 32 must
1362 660 101 38 have
1489 662 68 36 her
1584 662 138 38 child's
1748 664 145 47 misery
1918 665 86 36 who
2042 675 79 26 was
2157 664 113 39 dead.
2335 666 77 38 She

633 733 80 25 was
739 719 87 38 able
849 722 46 33 to
920 719 73 37 ask
1016 720 62 37 for
1101 719 129 38 Anna.
1283 720 112 38 Then
1419 722 116 37 Anna
1561 728 104 32 went
1689 728 45 33 to
1760 724 89 38 bed.

732 780 150 38 Anna's
908 780 103 37 child
1039 793 80 25 was
1147 793 23 23 a
1198 782 97 47 girl.
1316 812 6 7 .
1343 812 7 8 .
1381 795 118 25 seven
1525 785 155 45 pounds
1698 815 35 7 ..
1754 815 7 7 .
1815 787 134 36 Hilda.
2002 786 143 48 Sophie
2171 787 108 48 lying
2317 800 97 35 grey

631 844 41 37 in
698 843 69 36 her
788 841 132 47 bright
942 853 111 25 room
1075 842 113 37 knew
1208 843 90 36 how
1318 844 121 37 Hilda
1461 845 79 36 had
1562 857 110 25 come
1693 846 86 37 into
1799 848 92 38 that
1915 848 100 36 dark
2041 848 111 37 other
2185 848 70 39 flat
2279 861 43 25 as
2342 849 71 37 the

631 905 83 39 Sun
741 905 146 43 always
915 903 228 46 noiselessly
1167 904 86 36 into
1284 905 68 36 her
1383 917 99 25 own.
1535 905 125 38 There
1690 919 80 26 was
1799 909 126 47 night,
1955 910 112 37 there
2096 921 79 26 was
2215 910 80 46 day
2312 922 5 25 :
2366 922 43 26 so

630 966 133 45 easily.

729 1027 76 38 She
831 1025 138 48 placed
993 1026 70 37 her
1089 1026 85 37 cool
1199 1026 127 38 hands
1352 1040 50 24 on
1428 1028 69 37 her
1522 1029 71 36 hot
1619 1042 102 34 eyes,
1750 1043 93 24 over
1877 1032 68 37 her
1987 1033 96 36 face.
2147 1032 51 38 So
2239 1033 68 37 she
2332 1034 78 44 lay,

630 1088 146 37 behind
803 1088 79 36 and
919 1091 67 42 yet
1029 1087 138 37 within
1211 1088 151 37 herself.
1424 1090 196 46 Swaying.
1673 1091 183 49 Swaying
1897 1093 138 37 within
2076 1095 69 35 her
2187 1107 104 24 arms
2334 1095 78 36 and

630 1149 153 38 slender
809 1149 138 37 hands.
978 1149 76 37 She
1072 1149 80 36 had
1173 1162 22 23 a
1222 1162 111 26 sense
1352 1150 41 36 of
1412 1152 68 35 her
1501 1163 93 25 man
1613 1152 41 37 in
1673 1154 70 35 the
1763 1155 113 35 other
1898 1166 122 32 room,
2042 1155 138 47 sitting
2199 1156 40 36 in
2262 1168 23 24 a
2305 1155 107 37 chair

633 1211 79 37 and
729 1212 136 45 trying
889 1215 43 31 to
960 1222 149 25 reason.

867 1276 107 33 must
997 1272 49 36 be
1069 1272 177 45 sensible,
1317 1274 68 36 she
1409 1285 79 26 was
1512 1286 87 24 sure
1622 1276 49 35 he
1694 1276 85 36 said
1811 1281 44 31 to
1889 1277 166 37 himself.
2091 1277 184 39 Sensible.
2339 1278 74 38 His

632 1332 142 47 boyish
799 1334 86 36 face
903 1345 80 25 was
999 1332 76 38 less
1092 1333 141 47 ruddy,
1254 1334 61 37 his
1333 1335 74 46 lips
1426 1335 68 37 she
1512 1336 114 36 knew
1643 1349 100 25 were
1762 1350 23 23 a
1803 1337 104 38 little
1924 1338 169 37 twisted.
2127 1338 173 39 Twisted
2334 1340 79 36 and

631 1396 89 46 pale
740 1394 98 37 with
857 1394 116 47 being
993 1394 176 38 sensible.
1223 1395 125 37 There
1369 1408 99 25 were
1489 1396 182 48 diagonal
1693 1397 163 39 furrows
1877 1412 51 24 on
1948 1399 61 37 his
2028 1401 108 35 brow
2171 1399 96 37 with
2297 1401 116 48 being

631 1457 176 38 sensible.
862 1455 74 38 His
959 1455 100 37 nails
1082 1469 100 23 were
1206 1457 130 37 bitten
1359 1461 44 32 to
1428 1458 70 36 the
1524 1458 118 47 quick
1667 1459 99 37 with
1789 1461 116 46 being
1929 1461 176 37 sensible.
2159 1463 63 34 He
2257 1474 79 24 was
2361 1462 51 36 all

629 1517 182 37 tortured
834 1517 78 37 and
936 1521 70 33 out
1032 1517 43 36 of
1096 1517 156 38 himself
1274 1518 97 37 with
1393 1519 116 47 being
1532 1521 102 35 calm
1656 1521 123 43 there,
1806 1523 176 36 sensible.
2036 1522 144 47 Sophie
2213 1523 199 37 stretched

630 1580 68 37 her
723 1578 109 46 body
854 1591 99 33 very
977 1578 92 47 long
1093 1578 41 37 in
1158 1579 69 37 her
1251 1580 71 36 hot
1348 1580 87 44 bed,
1464 1581 115 36 down
1604 1585 44 32 to
1675 1582 128 37 where
1827 1582 33 38 it
1885 1596 79 24 was
1988 1584 127 36 cooler
2134 1595 6 25 :
2180 1584 68 37 she
2282 1585 129 47 forgot

630 1641 146 38 Victor.
830 1639 76 39 She
926 1640 198 37 stretched
1143 1641 69 37 her
1230 1641 91 44 feet,
1341 1642 109 47 lying
1468 1654 107 34 upon
1594 1643 68 36 her
1681 1644 113 44 back,
1822 1645 41 36 in
1889 1644 113 37 order
2030 1650 43 31 to
2093 1646 48 37 be
2159 1645 144 48 longer.
2336 1645 77 39 She

628 1714 80 26 was
728 1701 152 38 sudden
901 1706 41 32 at
963 1713 130 35 peace.
1147 1704 83 34 Her
1250 1714 105 26 arms
1374 1716 101 24 were
1495 1708 42 32 at
1557 1704 70 37 her
1647 1705 94 44 side,
1763 1718 98 33 very
1886 1705 96 37 flat:
2004 1707 70 35 her
2093 1707 127 45 palms
2249 1707 68 46 lay
2342 1719 48 35 up-

628 1763 108 38 ward
762 1774 108 36 upon
892 1763 96 37 each
1009 1762 83 38 side
1113 1763 43 37 of
1176 1764 69 36 her
1266 1764 97 38 face.
1417 1766 83 36 Her
1521 1766 86 37 face
1629 1766 80 37 and
1731 1767 69 36 her
1821 1767 127 47 palms
1969 1767 141 37 looked
2135 1768 175 47 upward.
2330 1770 82 35 Her

628 1826 75 47 lips
728 1836 99 26 were
852 1824 154 47 parted.
1059 1825 83 36 Her
1167 1825 87 38 face
1279 1825 80 37 and
1408 1828 140 45 palms,
1576 1827 69 37 her
1672 1829 142 36 mouth
1838 1828 142 37 looked
2005 1829 163 47 upward
2187 1840 6 25 :
2233 1830 68 36 her
2326 1829 87 38 face

629 1886 80 37 and
732 1887 68 36 her
825 1886 141 37 mouth
992 1898 99 25 were
1114 1898 123 25 warm
1262 1886 98 39 with
1383 1888 136 47 happy
1543 1893 118 33 tears.

772 1950 20 35 I
818 1947 78 38 will
926 1947 50 37 be
1006 1951 137 44 strong
1243 1949 107 47 right
1382 1961 113 35 away
1595 1962 98 34 very
1723 1962 107 26 soon.
1884 1952 107 37 Next
2034 1951 95 38 time
2170 1951 32 38 it
2245 1951 78 38 will
2364 1951 49 39 be

628 2010 104 47 good
750 2021 7 25 :
786 2021 48 36 go
861 2009 96 37 well.
1053 2008 78 40 She
1156 2003 128 61 slept.\

731 2070 135 38 Victor
903 2070 184 37 Breddan
1123 2076 63 33 sat
1220 2076 112 33 tense
1367 2072 42 37 in
1449 2072 61 38 his
1545 2072 106 38 chair
1691 2073 78 37 and
1811 2074 261 37 summarized
2124 2074 70 38 the
2236 2075 87 37 talk
2364 2075 49 37 he

630 2132 78 38 had
738 2132 79 36 had
854 2132 98 37 with
993 2133 150 37 Doctor
1173 2134 142 46 Lacey.
1369 2135 63 36 He
1463 2144 62 27 sat
1566 2146 94 34 very
1690 2139 111 34 tense
1832 2140 42 32 at
1901 2136 119 44 work,
2065 2136 161 48 making
2267 2148 52 36 up
2352 2136 61 38 his

629 2193 121 38 mind.

726 2255 95 37 This
844 2267 80 25 was
948 2267 22 23 a
994 2255 104 37 blow
1123 2255 79 37 and
1225 2256 49 37 he
1296 2257 181 36 resented
1501 2257 41 37 it.
1599 2259 62 35 He
1686 2257 68 37 did
1777 2252 80 43 not'
1872 2252 142 50 know,*
2041 2259 73 37 but
2149 2259 47 36 he
2230 2259 183 38 resented

626 2316 143 47 Sophie
793 2317 87 36 who
905 2316 80 37 had
1009 2316 172 48 brought
1205 2316 32 38 it
1262 2329 107 36 upon
1393 2318 94 36 him.
1541 2319 64 36 An
1639 2319 202 37 unknown
1875 2321 213 46 unsought,
2115 2321 201 46 gaugeless
2339 2321 55 37 ele-

625 2383 121 39 ment,
773 2378 61 37 his
858 2378 209 47 resenting,
1093 2383 43 32 to
1162 2390 131 36 merge
1319 2380 41 35 in
1383 2380 70 37 the
1479 2380 163 47 making
1668 2393 54 34 up
1750 2381 60 37 his
1837 2381 123 37 mind.

725 2439 136 38 Victor
884 2452 80 24 was
985 2452 98 33 very
1109 2452 144 35 young,
1277 2441 223 37 successful.
1554 2443 63 36 He
1638 2454 81 25 was
1738 2443 70 36 the
1830 2441 262 39 Confidential
2124 2441 113 38 Clerk
2269 2444 41 36 of
2340 2443 48 39 Su-

625 2513 133 35 preme
780 2500 120 38 Court
923 2501 151 45 Justice
1094 2500 176 49 Targett,
1294 2502 78 37 and
1396 2502 151 45 Justice
1567 2502 163 48 Targett
1750 2508 70 32 too
1841 2516 80 24 was
1942 2516 133 35 young
2094 2504 60 36 for
2186 2516 73 25 one
2290 2504 41 37 in
2352 2504 60 38 his

624 2562 184 48 position,
839 2562 214 38 ambitious
1079 2563 60 36 for
1167 2575 108 25 more
1303 2563 184 47 position.
1543 2567 62 34 He
1632 2564 106 37 liked
1765 2565 149 43 Victor,
1944 2565 137 38 Victor
2109 2567 113 36 knew
2239 2596 34 7 ..
2295 2596 6 7 .
2331 2566 80 36 and

623 2624 112 36 there
757 2636 80 25 was
859 2636 24 24 a
905 2624 94 47 high
1019 2636 90 34 way
1129 2624 134 37 before
1283 2626 112 35 them
1415 2626 100 45 they
1535 2630 109 33 must
1670 2626 129 37 travel
1820 2627 193 47 together.
2068 2627 137 37 Victor
2228 2632 62 32 sat
2312 2640 99 33 very

624 2685 80 37 still
725 2686 42 36 in
789 2685 60 37 his
871 2685 119 43 chair,
1015 2685 78 36 and
1115 2686 138 37 leaned
1279 2698 51 24 on
1350 2687 70 36 the
1442 2687 126 36 vision
1588 2688 92 36 that
1703 2700 79 25 was
1804 2688 122 46 easily
1947 2688 70 44 his,
2042 2701 42 24 as
2105 2689 30 36 if
2156 2689 31 36 it
2211 2689 79 36 had
2312 2689 98 37 been

625 2747 165 43 himself,
820 2747 41 36 of
889 2747 151 46 Justice
1066 2746 164 48 Targett
1256 2748 157 47 writing
1439 2760 21 24 a
1488 2749 193 37 Decision.

724 2810 39 35 It
790 2821 80 24 was
895 2808 227 47 impossible
1146 2813 44 32 to
1216 2808 114 48 bring
1354 2810 69 36 the
1449 2811 150 36 Doctor
1624 2815 44 32 to
1695 2823 22 24 a
1754 2812 288 36 commitment.
2202 2815 20 33 I
2250 2812 51 36 do
2338 2816 71 32 not

622 2870 127 43 know,
773 2871 20 35 I
814 2874 147 33 cannot
983 2882 141 33 say...
1148 2871 176 37 whether
1345 2873 90 35 Mrs.
1457 2872 184 37 Breddan
1658 2873 141 36 should
1816 2873 49 36 be
1882 2873 115 47 again
2014 2873 207 47 subjected
2232 2878 44 31 to
2289 2873 100 37 child-

621 2931 121 37 birth.
833 2961 7 7 .
861 2961 7 6 .
922 2932 125 36 There
1076 2944 79 24 was
1185 2944 22 24 a
1236 2932 91 44 risk,
1357 2933 78 35 and
1465 2938 68 41 yet
1560 2934 170 47 perhaps
1757 2934 81 37 this
1867 2947 80 25 was
1976 2948 22 22 a
2028 2947 105 25 mere
2173 2935 234 37 mischance.

621 2994 85 36 One
731 2993 108 36 can't
865 2993 48 37 be
939 3005 88 25 sure
1046 3023 34 7 ..
1101 3023 7 7 .
1137 3005 73 25 one
1235 2998 147 34 cannot
1408 2995 48 36 be
1480 2999 69 32 too
1585 2995 158 38 careful.
1799 2995 76 40 She
1900 2996 43 37 'is
1978 3008 144 35 young,
2161 2996 164 46 healthy
2344 3026 35 7 ..
2401 3026 6 7 .

619 3054 92 38 And
739 3059 68 42 yet
835 3055 149 37 there's
1013 3067 23 24 a
1065 3055 81 37 risk
1164 3085 6 7 .
1192 3085 6 7 .
1266 3056 171 46 Always,
1467 3057 170 48 perhaps
1654 3057 15 37 ?
1725 3059 138 36 Better
1903 3057 92 40 wait
2015 3087 34 8 ..
2072 3088 6 7 .
2132 3058 84 39 The
2257 3061 152 36 Doctor
