2819 3888
735 3183 68 26 210

971 940 521 47 IMPROVISATIONS
1513 954 9 29 :
1555 939 223 50 LIGHTS
1809 940 129 44 AND
1985 940 175 45 SNOW

1556 1127 37 41 I.

670 1283 94 43 The
793 1282 83 55 girl
906 1282 47 42 in
983 1282 79 42 the
1093 1296 127 28 rocm
1250 1280 197 44 beneath

671 1346 160 42 Before
861 1344 134 54 going
1025 1349 49 37 to
1105 1344 88 42 bed

669 1407 178 45 Strums
878 1406 140 53 softly
1049 1420 58 27 on
1139 1420 26 27 a
1197 1404 231 43 mandolin

670 1469 94 42 The
794 1470 127 41 three
951 1468 160 54 simple
1141 1472 133 37 tunes
1306 1467 79 42 she
1414 1468 169 40 knows.

670 1534 117 39 How
816 1531 276 54 inadequate
1122 1529 111 52 they
1265 1543 74 28 are
1370 1534 49 37 to
1450 1528 79 43 tell
1561 1529 125 41 what
1717 1528 80 41 her
1826 1528 131 41 heart
1988 1527 107 42 feels
2117 1527 6 40 !

670 1594 145 42 When
846 1593 78 42 she
954 1593 83 41 has
1067 1591 192 42 finished
1289 1591 129 42 them
1447 1590 172 43 several

670 1655 88 44 She
788 1656 179 42 thrums
998 1654 79 42 the
1108 1654 166 52 strings
1305 1652 142 53 softly
1477 1652 113 42 with
1621 1652 79 42 her
1731 1651 257 54 fingernails

670 1717 104 42 And
805 1717 163 49 smiles,
1005 1716 90 42 and
1125 1716 157 42 thinks
1312 1715 191 55 happily
1533 1715 47 41 of
1611 1729 140 37 many
1781 1713 164 54 things.

1542 1902 61 40 II.

670 2062 22 39 I
724 2059 134 42 stood
889 2059 69 41 for
990 2072 25 27 a
1046 2058 105 53 long
1184 2056 129 43 while
1344 2056 152 42 before
1527 2055 79 42 the
1637 2055 112 53 shop
1781 2053 193 42 window

668 2120 206 54 Looking
905 2125 48 37 at
984 2120 80 42 the
1094 2119 106 42 blue
1218 2117 251 43 butterflies
1501 2116 310 43 embroidered
1842 2129 58 28 on
1931 2120 157 46 tawny
2117 2113 97 42 silk.

668 2182 94 43 The
793 2181 205 54 building
1029 2196 91 27 was
1152 2196 26 27 a
1209 2186 141 36 tower
1380 2180 153 41 before
1565 2193 82 35 me,

668 2244 127 42 Time
826 2258 92 28 was
948 2244 109 42 loud
1087 2243 169 42 behind
1288 2256 83 35 me,

669 2306 95 45 Sun
794 2311 121 38 went
946 2319 109 29 over
1085 2307 79 40 the
1195 2306 245 53 housetops
1474 2303 90 42 and
1595 2303 139 52 dusty
1765 2307 129 37 trees.

669 2369 105 42 And
805 2369 127 41 there
963 2368 112 52 they
1104 2381 127 35 were,
1266 2366 252 54 glistening,
1553 2364 214 50 brilliant,
1804 2363 273 48 motionless,

671 2430 207 44 Stitched
908 2430 47 42 in
988 2445 26 27 a
1044 2430 163 53 golden
1239 2429 85 51 sky

673 2495 72 50 By
774 2493 161 52 yellow
965 2492 179 55 patient
1176 2491 163 54 fingers
1369 2491 106 52 long
1506 2489 120 42 since
1658 2488 166 42 turned
1855 2493 50 36 to
1937 2487 118 41 dust.

1525 2693 87 39 III.

673 2854 71 41 On
775 2852 79 41 the
887 2851 92 51 day
1008 2849 131 42 when
1171 2862 78 37 my
1278 2848 131 41 uncle
1441 2847 89 41 and
1561 2848 24 40 I
1617 2846 139 42 drove
1786 2849 49 37 to
1867 2844 79 42 the
1977 2847 227 46 cemetery

673 2914 119 42 Rain
824 2912 169 43 rattled
1024 2926 59 26 on
1115 2910 78 42 the
1225 2909 97 42 roof
1353 2910 46 40 of
1429 2909 79 41 the
1539 2908 196 53 carriage
1756 2921 9 36 ;

671 2976 105 42 And
807 2974 177 54 talking
1015 2971 337 52 constrainedly
1382 2971 47 42 of
1459 2970 90 43 this
1581 2971 91 41 and
1702 2970 104 41 that

672 3041 82 40 We
786 3036 223 44 refrained
1040 3035 118 42 from
1187 3034 184 53 looking
1402 3039 49 36 at
1481 3033 78 42 the
1590 3032 160 43 child's
1780 3031 133 42 coffin
1936 3044 59 28 on
2015 3029 78 43 the
2111 3033 100 37 seat
2230 3027 152 42 before
2401 3040 66 29 us.
