3246 4305
105 4230 66 31 510

105 61 69 35 und
205 60 93 39 alles,
324 59 68 35 und
411 61 115 32 immer
550 60 31 32 in
607 58 61 34 der
691 57 217 35 vollendeten
924 56 157 36 Attitüde

108 117 93 33 eines
240 113 106 35 altern
376 112 123 41 Herrn,
547 112 62 34 der
656 113 58 33 mit
753 111 328 35 beneidenswertem

105 167 266 45 Selbstgefallen
397 167 84 33 über
505 166 55 34 die
586 165 114 35 Zeilen
727 165 280 44 hinweggelesen
1025 165 58 34 hat

107 223 69 34 und
201 223 62 33 das
289 220 234 36 oberflächlich
549 218 163 36 Gefühlte
737 222 32 31 in
801 219 281 43 unzulänglicher,

107 275 102 36 durch
234 274 98 36 keine
354 274 165 44 Disziplin
545 273 206 45 geschärfter
767 272 150 45 Sprache
941 273 121 34 wieder-

105 331 86 43 gibt.
238 329 34 34 In
308 331 92 32 einer
432 327 191 44 Einleitung
647 327 86 34 über
769 327 63 34 das
855 326 129 35 Wesen
1021 326 62 34 der

105 384 184 35 deutschen
313 383 164 34 Literatur
493 381 146 35 schreibt
664 394 36 21 er
716 394 78 21 vom
811 379 130 35 Thema
959 379 123 35 nichts:

105 452 38 22 es
167 440 49 33 sei
241 437 100 40 denn,
378 436 67 34 daß
482 449 36 21 er
553 437 111 42 einige
702 433 217 35 altbekannte
943 433 119 44 Schlag-

104 499 106 29 worte
235 494 32 32 in
293 493 98 33 einen
409 489 257 43 dünnflüssigen
693 488 75 34 Brei
795 487 201 35 hineinwirft
1013 487 69 35 und

105 548 50 35 sie
192 546 158 43 armselig
386 544 68 34 und
491 543 184 40 verlassen,
713 542 253 35 herumtreiben
1000 541 81 35 läßt.

103 599 215 37 Wiederholt
353 598 125 44 spricht
514 611 36 21 er
584 611 67 20 von
692 597 61 34 der
792 595 291 45 Ueberlegenheit

105 654 185 36 deutschen
319 652 207 35 Volkstums.
574 651 79 34 Man
678 650 101 35 fühlt:
804 664 36 20 er
876 649 126 45 spricht
1027 649 56 35 auf

106 710 78 34 dem
214 708 122 34 Markt.
384 706 55 34 Du
465 705 106 35 liebes
602 704 181 35 deutsches
807 703 199 40 Vaterland,
1031 703 52 35 dir

103 762 98 35 weih*
226 761 49 34 ich
301 760 82 35 mich
411 761 59 33 mit
494 759 90 34 Herz
610 759 69 34 und
704 758 102 34 Hand
833 782 7 10 .
863 783 7 7 .
897 783 7 8 .
930 756 149 44 (möchte

104 830 76 21 man
204 815 133 45 sagen.)
384 813 117 35 Selbst
536 815 93 32 seine
654 812 121 35 Fehler
810 812 77 35 sind
924 825 61 21 nur
1008 825 55 20 ver-

105 872 128 45 kappte
273 869 170 43 Vorzüge.
505 867 326 44 „Fremdgierigkeit
867 867 69 34 und
973 865 87 35 Nach-

105 926 149 42 ahmung
279 922 76 36 sind
385 922 54 34 die
466 920 120 35 Fehler
620 920 180 35 herrlicher
823 920 162 44 Vorzüge
1021 919 62 34 der

105 978 184 36 deutschen
559 974 76 36 Tief
658 977 43 33 ist
727 988 36 21 er
787 988 67 21 von
880 974 79 35 dem
983 973 99 35 Wert

105 1036 110 32 seiner
238 1031 162 44 Aufgabe
437 1030 271 44 durchdrungen,
745 1048 45 6 —
826 1029 69 34 und
932 1042 61 21 nur
1028 1030 53 31 ein

104 1101 87 32 ganz
216 1086 258 43 Ueberlegener
503 1084 107 35 findet
634 1084 292 44 Ewigkeitsworte
950 1096 68 21 von
1043 1094 39 22 so

103 1140 308 45 überwältigender
450 1138 157 35 Neuheit.
658 1138 81 44 „Ein
787 1137 296 36 unverkennbarer

104 1198 74 44 Zug
203 1197 82 45 geht
306 1195 101 35 durch
433 1194 56 34 die
511 1196 81 42 jetzt
616 1194 96 34 mehr
736 1193 50 35 als
809 1193 148 35 tausend
980 1192 101 43 Jahre

105 1251 161 36 deutsche
303 1249 190 44 Dichtung:
530 1249 62 33 der
627 1261 74 21 zum
1015 1246 66 35 Die

104 1305 161 36 deutsche
302 1304 163 34 Literatur
501 1302 58 35 hat
583 1303 63 34 das
670 1302 88 35 Pech
795 1301 141 45 gehabt,
973 1303 108 32 einem

103 1359 197 36 heimlichen
325 1357 138 35 Dichter
490 1359 32 33 in
548 1357 56 34 die
628 1356 125 35 Hände
789 1369 39 22 zu
854 1355 122 35 fallen!
1016 1354 66 35 Die

104 1415 109 35 Feder
238 1413 82 45 geht
345 1415 58 33 mit
419 1413 79 35 dem
513 1411 103 35 Mann
642 1411 117 35 durch:
785 1430 45 5 —
854 1410 70 34 und
948 1423 39 21 es
1011 1415 54 29 ent-

103 1470 91 35 steht
218 1470 75 33 eine
319 1467 201 45 spannende
538 1465 201 45 Erzählung,
765 1465 88 35 nicht
875 1465 208 43 ungeeignet

101 1524 53 35 für
189 1523 66 35 den
292 1522 234 35 belehrenden
551 1520 73 35 Teil
661 1520 209 35 illustrierter
907 1518 156 36 Familien-

103 1579 132 35 blätter.

566 1665 53 35 IV.

103 1753 68 33 Als
196 1750 192 35 Beschlub

193 1823 122 34 Dieser
351 1820 195 44 unbändige
583 1819 134 35 Wälzer
758 1818 57 35 hat
850 1818 66 35 viei
941 1817 122 45 Ergötz-

100 1877 104 38 liches
228 1891 42 21 an
296 1876 80 40 sich,
400 1876 126 34 dessen
551 1874 171 35 komische
740 1872 97 36 Kraft
861 1872 102 36 durch
988 1874 94 33 seine

101 1929 328 45 Absichtslosigkeit
465 1928 166 35 durchaus
656 1928 89 35 nicht
774 1927 193 44 gemindert
990 1926 92 35 wird.

103 1986 61 36 Ein
188 1984 201 45 Spaßvogel
415 1985 43 33 ist
482 1997 46 25 er,
566 1983 62 35 der
653 1982 137 34 Eduard
815 1981 119 46 Engel,
960 2001 45 4 —
1029 1983 53 33 ein

102 2041 138 35 Dichter
266 2039 69 35 und
360 2037 347 36 Deutschverderber.
755 2036 99 35 Aber
878 2038 60 32 wir
960 2036 122 35 wollen

104 2095 133 35 hiermit
269 2093 102 44 jeden
407 2092 96 44 billig
539 2091 206 35 denkenden
781 2104 148 27 warnen,
969 2090 114 34 dieses

104 2150 89 35 Buch
219 2163 40 20 zu
285 2148 157 35 erstehen
468 2147 69 35 und
562 2147 67 35 sich
656 2147 162 34 belehren
843 2159 39 21 zu
908 2145 122 35 lassen.

195 2222 54 34 Da
266 2220 79 35 muß
362 2234 76 21 man
456 2220 103 35 schon
577 2233 40 20 zu
634 2219 128 34 andern
775 2218 151 36 Werken
943 2218 140 44 greifen.

102 2276 123 35 Dieser
264 2274 261 45 rückgratslose,
570 2273 179 36 miserable
789 2273 194 43 Journalist,
1023 2273 61 34 der

103 2331 139 35 niemals
267 2332 97 34 einen
381 2329 185 35 Schimmer
583 2328 293 45 philosophischer
900 2327 123 35 Arbeit
1039 2347 45 4 —

105 2386 90 35 denn
221 2385 49 34 als
296 2384 117 36 solche
439 2384 91 34 stellt
554 2383 79 41 sich,
660 2382 124 36 letzten
809 2382 172 42 Grundes,
1004 2382 79 44 jede

101 2439 119 37 tiefere
245 2437 318 37 wissenschaftliche
577 2437 124 35 Arbeit
713 2437 133 41 heraus,
872 2441 130 40 spürte,
1027 2436 57 35 hat

103 2494 130 35 einfach
266 2495 52 33 ins
343 2493 104 35 Blaue
473 2491 330 45 hineingeplaudert,
840 2491 90 35 ohne
956 2491 128 35 Gefühl

102 2549 53 35 für
179 2549 55 34 die
260 2547 247 35 Besonderheit
533 2547 62 34 des
619 2545 120 42 Stoffs,
776 2546 69 36 und
881 2546 90 35 ohne
1004 2545 79 45 jede

103 2603 174 35 Ehrfurcht
335 2615 61 21 vor
455 2602 61 34 der
575 2600 207 45 Geistigkeit
841 2600 242 36 dichterischen

105 2656 186 36 Schaffens.
355 2656 50 34 Ich
442 2655 186 44 appelliere
665 2669 42 20 an
744 2655 62 34 das
842 2654 242 45 Schamgefühl

103 2711 231 35 erwachsener
352 2710 182 35 Menschen
552 2710 70 34 und
639 2711 96 43 zeige
760 2709 57 35 auf
832 2711 94 33 seine
944 2709 139 41 Urteile,

105 2768 65 40 die,
188 2768 58 33 mit
264 2766 129 44 platten
410 2764 152 45 Spaßen,
587 2764 62 34 das
667 2764 170 44 Heiligste
863 2765 61 33 der
947 2764 137 35 Dichter

104 2821 248 34 beschmutzen.
399 2818 104 36 Wohl
519 2821 43 32 ist
585 2832 36 21 es
648 2819 62 34 des
728 2818 208 35 Historikers
954 2818 130 42 Pflicht,

105 2890 40 20 zu
171 2875 160 34 urteilen:
361 2874 69 34 und
454 2873 103 45 Spott
592 2873 69 34 und
686 2873 103 34 Hohn
826 2873 76 34 sind
939 2873 143 34 ehrliche

102 2929 149 42 Waffen,
275 2948 43 4 —
345 2929 82 33 aber
452 2942 75 20 man
545 2927 80 35 muß
650 2928 55 33 die
723 2927 217 45 Erbitterung
957 2928 125 40 fühlen,

103 2985 56 33 die
184 2984 109 34 hinter
327 2983 99 34 ihnen
464 2982 100 40 steht,
590 2988 96 28 sonst
710 2982 137 35 werden
879 2984 49 35 sie
954 2982 128 34 einfach

102 3038 143 35 Gewürz
271 3037 52 35 für
348 3038 56 33 die
429 3036 232 45 Darstellung.
710 3036 80 35 Und
815 3037 113 34 dieser
945 3037 137 44 Mangel

97 3093 100 44 jedes
232 3092 121 34 tiefern
379 3090 146 36 Gefühls
560 3094 111 31 verrät
708 3091 54 34 die
799 3091 113 35 wahre
943 3091 141 35 Absicht

105 3147 113 34 dieses
240 3146 145 44 jovialen
403 3146 216 34 Plauderers:
646 3146 55 34 die
727 3146 161 34 deutsche
905 3146 162 34 Literatur-

104 3201 191 45 geschichte
325 3203 32 31 in
393 3202 53 32 ein
475 3199 127 35 Album
637 3200 69 34 voll
739 3201 122 34 bunter
890 3201 192 44 Ereignisse

104 3255 196 35 aufzulösen
318 3255 68 33 und
404 3257 48 31 sie
470 3257 59 32 mit
550 3255 78 34 dem
651 3255 163 44 muffigen
828 3255 127 35 Pathos
972 3257 112 33 seiner

105 3309 180 34 Phantasie
316 3309 154 34 luftdicht
498 3323 39 20 zu
570 3311 213 42 umspinnen.
831 3310 72 34 Das
932 3324 68 20 war
1029 3312 53 33 ein

106 3377 137 31 grosser
267 3363 138 35 Dichter
429 3363 69 35 und
522 3364 71 34 Der
618 3366 54 32 ein
695 3364 130 35 Narr..
842 3391 5 7 .
874 3366 147 34 erinnert
1046 3379 36 21 es

105 3419 88 33 nicht
224 3432 41 20 an
296 3417 264 44 Bänkelsänger,
590 3418 55 34 die
676 3420 59 33 mit
764 3419 94 34 ihren
888 3419 194 35 Mordtaten

105 3472 262 35 herumziehen?
420 3471 86 35 Kein
535 3472 165 41 Wunder,
734 3473 80 34 dass
851 3473 61 34 der
943 3476 139 33 weitaus

105 3530 133 40 grösste
260 3525 73 35 Teil
359 3526 60 34 der
446 3526 184 34 deutschen
648 3526 121 35 Presse
794 3530 57 31 auf
874 3528 57 33 ihn
955 3528 109 35 hinein-

105 3580 146 45 gefallen
277 3583 43 32 ist
349 3580 69 36 und
450 3582 74 32 eine
553 3580 52 34 für
628 3580 204 45 Jahrzehnte
861 3582 221 36 vorbildliche

104 3634 160 45 Blamage
290 3634 131 35 erlitten
447 3634 66 35 hat.

195 3733 47 7 ...
265 3707 74 35 Wir
352 3707 92 41 aber,
470 3707 56 35 die
543 3710 58 32 wir
618 3709 43 33 im
679 3707 96 35 Lärm
797 3709 63 35 des
882 3709 200 44 hastvollen,

104 3761 128 35 bunten
265 3761 135 35 Lebens
432 3762 120 34 stehen
582 3763 69 33 und
681 3764 94 32 seine
805 3763 132 35 Mächte
967 3778 39 20 zu
1036 3779 32 21 er-

104 3814 114 35 fühlen
244 3815 135 41 suchen,
404 3815 82 35 leise
517 3816 207 34 abwehrend
753 3818 60 33 mit
842 3817 152 35 mühsam
1024 3833 38 30 ge-

104 3869 195 35 schliffenen
305 3869 149 42 Waffen,
468 3889 42 5 —
524 3872 58 32 wir
598 3870 121 34 wollen
733 3885 40 19 zu
785 3871 142 35 tieferen
934 3871 147 40 Quellen

105 3923 97 40 eilen,
228 3923 68 34 und
322 3924 114 34 edlere
452 3924 121 35 Worte
598 3924 136 41 suchen,
756 3925 49 35 als
831 3927 49 33 sie
898 3928 31 32 in
952 3927 129 35 diesem

106 3976 213 36 Geschwulst
342 3978 243 35 bildnerischer
602 3979 172 45 Impotenz
799 3991 39 23 zu
865 3980 117 35 finden
1005 3982 76 33 sind

104 4031 74 34 Wir
204 4031 122 35 wollen
357 4035 74 32 eine
466 4033 116 35 edlere
611 4033 162 45 Sprache,
807 4034 50 35 als
891 4037 49 32 sie
970 4036 113 35 dieser

105 4085 191 35 Hausvater
321 4099 40 21 zu
390 4087 176 35 schreiben
594 4101 140 31 vermag
746 4108 44 5 —
804 4095 97 29 unter
925 4090 137 35 fortwäh-

105 4139 139 35 rendem
268 4139 71 35 Auf
347 4141 103 34 —die
458 4161 42 5 —
508 4141 155 36 Schulter
670 4143 188 44 —klopfen
888 4144 69 35 und
982 4144 80 36 über-

1167 59 180 44 massigem
1365 58 242 34 Händedruck.
1655 58 96 36 Doch
1777 60 62 34 das
1864 60 76 34 sind
1962 61 33 42 ja
2015 60 127 44 gerade

1166 112 56 34 die
1238 111 202 45 Tugenden,
1457 112 57 34 die
1531 112 62 34 der
1609 112 175 44 gebildete
1801 112 74 35 Teil
1892 113 250 35 Deutschlands

1166 179 41 21 an
1231 167 128 34 seinem
1386 165 111 36 lieben
1524 165 137 35 Eduard
1687 165 108 45 Engel
1819 167 181 34 schätzt...

1168 441 703 69 Kunst-Historismus

1165 544 84 36 Von
1272 545 98 44 John
1392 544 119 36 Wolfs

1259 617 142 34 Horden
1422 616 294 35 Kunsthistoriker
1735 617 140 43 pflegen
1894 618 61 33 der
1976 617 171 43 Meinung

1168 681 41 22 zu
1248 671 89 41 sein,
1380 671 82 34 dass
1508 682 62 23 nur
1625 671 278 43 geschichtliche
1946 672 201 43 Forschung

1167 726 56 33 die
1260 725 182 34 Probleme
1479 726 64 33 der
1569 726 111 34 Kunst
1716 736 44 23 zu
1798 726 166 34 meistern
1994 736 153 34 vermag,

1167 780 56 34 die
1239 780 185 34 Probleme
1443 780 60 34 der
1517 780 202 34 Erkenntnis
1733 781 71 33 und
1827 780 56 33 die
1900 780 62 33 der
1974 780 173 44 Wertung.

1169 835 209 33 Historisten
1406 835 43 33 ist
1478 836 55 33 die
1559 835 109 34 Kunst
1693 833 125 44 Objekt
1847 835 64 33 der
1935 835 211 44 Forschung,

1168 889 93 33 nicht
1279 887 123 44 Quelle
1428 889 62 34 der
1507 889 83 34 Lust
1612 888 139 44 (Quelle
1769 889 63 34 der
1850 889 84 33 Lust
1961 890 42 34 ist
2030 890 98 33 ihnen-

1169 943 159 35 mitunter
1369 944 57 34 die
1463 943 121 35 Kunstf
1598 955 20 21 o
1634 955 14 22 r
1662 954 16 23 s
1693 954 19 23 c
1726 945 21 31 h
1762 954 21 22 u
1798 954 21 22 n
1834 947 46 40 g).
1938 943 59 34 Sie
2036 944 111 34 haben

1166 1009 69 23 von
1261 999 62 33 der
1341 999 112 34 Kunst
1476 1000 78 32 eine
1575 999 149 33 Theorie
1750 999 71 33 und
1839 1009 63 23 aus
1920 998 61 34 der
2002 999 147 33 Theorie

1168 1053 79 33 eine
1281 1053 248 43 Anschauung.
1581 1052 93 34 Aber
1707 1053 191 33 Theorieen
1935 1053 113 33 haben
2086 1063 63 24 aus

1168 1107 62 33 der
1255 1108 241 42 Anschauung
1520 1118 39 23 zu
1585 1107 133 34 fließen.

1258 1179 498 44 HeinrichWölfflin,
1776 1180 60 34 der
1853 1190 124 34 grosse
1991 1180 138 34 Elemen-

1166 1235 161 34 tarlehrer
1351 1235 60 34 der
1428 1234 153 34 Berliner
1606 1235 208 35 Universität
1851 1235 57 33 hat
1935 1245 38 23 es
2000 1235 151 34 deutlich

1167 1292 137 41 gesagt:
1331 1289 73 35 Das
1428 1289 72 33 Ziel
1528 1290 117 32 seiner
1670 1290 206 43 Forschung
1903 1290 42 33 ist
1972 1291 92 32 nicht
2089 1289 61 34 der

1167 1345 154 33 einzelne
1354 1345 160 34 Künstler
1544 1345 71 33 und
1646 1347 72 32 sein
1750 1345 177 34 einzelnes
1962 1345 110 41 Werk,
2113 1355 38 25 es

1168 1400 43 33 ist
1240 1399 55 34 die
1321 1399 132 34 Einheit
1484 1399 83 35 aller
1596 1399 178 35 einzelnen
1801 1399 262 44 Gestaltungen,
2093 1400 57 34 die

1167 1464 147 34 grossen
1332 1454 332 44 Zusammenhänge
1688 1454 71 33 und
1783 1454 70 34 ihre
1875 1454 255 44 Gesetzmässig-

1166 1508 78 35 keit.

1260 1582 99 33 Habe
1386 1582 53 34 ich
1470 1583 106 32 etwas
1606 1591 113 34 gegen
1751 1582 95 33 diese
1872 1582 279 33 Kunsthistorie?

1167 1637 81 33 Man
1270 1637 92 32 kann
1380 1636 165 34 manches
1571 1646 44 23 zu
1641 1636 108 34 ihrem
1768 1637 95 33 Lobe
1888 1636 165 34 anführen
2079 1635 72 34 und

1167 1692 98 32 unter
1291 1691 67 33 den
1384 1689 298 35 Wissenschaften
1710 1690 50 34 ihr
1787 1690 100 34 einen
1912 1691 118 33 hohen
2054 1689 98 45 Rang

1166 1745 125 44 geben.
1338 1745 94 33 Aber
1456 1755 78 23 man
1561 1745 73 33 darf
1659 1745 53 33 sie
1731 1745 94 33 nicht
1843 1745 163 33 ernstlich
2025 1755 105 34 propa-

1167 1799 128 43 gieren.
1344 1799 102 34 Denn
1471 1800 62 33 der
1558 1799 191 35 Historiker
1775 1801 132 32 lernt
1934 1799 116 42 Kunst,
2076 1809 50 24 er-

1168 1854 103 34 lebt
1296 1854 52 35 sie
1373 1853 104 34 nicht.

1260 1927 35 33 In
1322 1927 61 34 der
1401 1926 109 35 Kunst
1535 1927 107 43 (nicht
1667 1926 34 34 in
1728 1926 61 35 der
1811 1927 274 44 Kunsthistorie)
2112 1929 41 33 ist

1168 1982 60 34 der
1242 1982 211 43 Einzige
1470 1981 64 34 das
1549 1982 234 33 wesentliche.
1817 1981 104 44 Jedes
1935 1981 218 35 bedeutende

1169 2037 207 33 Kunstwerk
1402 2036 44 33 ist
1470 2036 58 33 die
1552 2036 291 43 Objektivierung
1868 2036 96 34 eines
1994 2036 157 44 einzigen

1169 2091 172 40 Erlebens,
1367 2092 32 32 in
1427 2090 69 34 ihm
1523 2090 170 34 offenbart
1718 2091 75 33 sich
1825 2090 78 34 eine
1933 2101 17 23 s
1964 2101 18 24 e
1997 2101 18 23 e
2029 2093 8 31 1
2053 2091 8 33 i
2077 2091 42 33 ch
2134 2102 18 22 e

1168 2145 304 37 Zuständlichkeit,
1521 2145 55 33 ein
1623 2145 391 43 Temperament.
2080 2146 72 34 Das

1168 2201 263 43 Temperament
1468 2201 43 33 ist
1553 2200 93 34 nicht
1688 2203 85 31 etwa
1814 2201 77 33 eine
1933 2202 219 42 dargestellte

1451 2255 61 33 der
1528 2254 245 42 Abendfriede,
1797 2255 87 34 oder
1902 2257 61 33 das
1982 2256 170 34 deutsche

1169 2310 137 42 Gemüt,
1345 2310 84 33 oder
1465 2310 63 33 das
1554 2309 246 34 Romantische
1837 2310 84 33 oder
1960 2310 60 34 der
2041 2310 111 44 Jubel.

1169 2365 159 35 Sondern
1359 2365 65 34 alle
1448 2365 123 33 Werke
1604 2364 98 34 eines
1732 2364 189 45 Schöpfers
1952 2365 198 34 offenbaren

1169 2422 52 32 die
1249 2419 135 33 Einheit
1415 2420 97 32 eines
1539 2418 222 35 Charakters.
1813 2418 107 35 Diese
1945 2420 136 33 Einheit
2110 2420 43 34 ist

1168 2474 93 35 nicht
1277 2474 60 34 der
1511 2474 70 33 Der
1597 2474 124 43 gehört
1736 2484 79 23 zum
1830 2474 238 34 Technischen
2095 2484 57 24 am

1169 2530 218 34 Kunstwerk.
1435 2528 72 35 Das
1545 2529 215 34 Technische
1799 2528 43 35 ist
1883 2528 61 34 der
1985 2529 168 35 sichtbare

1168 2585 193 40 Ausdruck,
1386 2584 58 33 die
1467 2583 198 44 sinnfältige
1682 2584 177 43 Formung
1884 2585 63 33 des
1964 2583 32 34 G
2010 2594 115 33 egen-

1168 2640 148 32 stand
1331 2649 19 23 e
1364 2648 25 24 s.
1439 2638 73 34 Das
1543 2638 270 43 Temperament
1844 2639 42 34 ist
1916 2639 93 33 nicht
2039 2639 114 42 Werk,

1169 2693 111 45 (Rilke
1295 2713 15 5 -
1324 2693 187 42 Botticelii)
1543 2693 152 33 sondern
1722 2692 107 35 Gabe.
1878 2693 62 33 Ein
1967 2693 163 44 Tempera-

1169 2751 92 31 ment
1286 2749 90 33 kann
1402 2748 73 34 sich
1502 2750 31 32 in
1565 2748 272 34 verschiedenen
1863 2747 117 42 Stilen,
2011 2748 54 33 ein
2092 2748 60 34 Stil

1169 2804 91 32 kann
1269 2802 280 34 verschiedene
1552 2805 259 40 Temperamente
1820 2802 201 34 offenbaren
2032 2802 101 44 (Quat-

1168 2858 222 34 trocentisten
1408 2877 14 5 -
1442 2857 197 44 Botticelii).
1689 2857 70 33 Der
1792 2856 61 34 Stil
1886 2867 81 34 mag
1996 2859 32 32 in
2061 2858 92 33 einer

1168 2912 239 44 Entwicklung
1438 2913 70 33 und
1544 2914 98 31 unter
1681 2912 94 33 ihren
1808 2911 174 35 Gesetzen
2020 2912 133 33 stehen.

1169 2967 64 34 Für
1258 2967 64 32 das
1339 2966 269 43 Temperament
1625 2968 40 32 ist
1684 2976 35 23 er
1736 2966 150 43 zufällig.
1935 2966 45 33 Es
1999 2966 42 34 ist
2058 2966 95 33 nicht

1169 3031 33 32 jn
1230 3022 54 33 die
1309 3021 242 43 Entwicklung
1580 3021 61 32 der
1668 3021 147 32 Formen
1847 3021 283 43 einzuzwängen.

1259 3095 67 33 Die
1357 3094 353 43 Entwicklungslehre
1747 3093 60 34 der
1841 3093 311 44 Kunstgeschichte

1168 3149 87 34 weiß
1280 3161 69 21 von
1376 3151 67 32 den
1470 3149 190 40 Kleineren,
1688 3149 103 33 deren
1806 3148 183 34 Verdienst
2016 3159 63 23 nur
2097 3149 56 33 die

1169 3204 225 42 Vollendung
1419 3203 61 33 der
1505 3203 155 33 Technik
1686 3203 43 33 ist
1754 3202 76 44 (der
1854 3203 298 34 Vollkommenste

1168 3261 97 31 unter
1280 3258 101 34 ihnen
1396 3260 42 32 ist
1452 3257 154 44 Raffael).
1640 3257 55 34 Sie
1710 3257 83 33 muß
1808 3257 64 33 das
1879 3258 273 42 Temperament,

1168 3313 73 34 also
1267 3313 67 33 den
1359 3313 136 43 großen
1519 3312 159 34 Künstler
1703 3313 206 41 ignorieren.

1259 3386 56 33 Ich
1340 3387 90 42 gebe
1457 3385 120 44 irgend
1604 3385 56 34 ein
1686 3385 163 44 Beispiel.
1896 3385 95 34 Van
2018 3386 134 43 Gogh

1167 3451 73 23 war
1265 3442 52 32 ein
1343 3441 149 42 Zögling
1516 3440 145 33 Mauves
1688 3440 71 33 und
1785 3441 61 32 der
1864 3441 199 33 Holländer.
2112 3440 41 34 Er

1166 3495 108 44 folgte
1316 3495 152 40 Pissaro,
1517 3506 36 22 er
1602 3495 103 33 malte
1745 3495 407 44 neoimpressionistisch,

1167 3550 127 34 zuletzt
1329 3551 112 43 zeigte
1470 3549 85 42 sich,
1594 3549 66 34 daß
1687 3560 35 22 er
1747 3560 65 24 van
1841 3549 104 45 Gogh
1982 3561 79 24 war.
2111 3551 42 33 Er

1168 3605 118 33 mußte
1327 3615 64 22 nur
1427 3604 55 34 die
1508 3603 199 35 Stilformen
1744 3607 220 40 zerbrechen,
2002 3605 56 34 die
2084 3606 69 33 ihm

1166 3669 69 23 von
1272 3660 112 33 außen
1425 3659 50 34 als
1512 3659 142 33 Fesseln
1693 3661 162 42 angelegt
1891 3671 127 23 waren.
2072 3661 80 33 Man

1167 3714 127 33 konnte
1320 3724 62 22 vor
1408 3713 132 44 einiger
1563 3714 72 33 Zeit
1661 3713 34 34 in
1721 3714 110 34 Berlin
1858 3714 57 33 die

1167 3768 120 40 sehen,
1314 3768 63 33 das
1395 3767 88 42 Bild,
1508 3779 53 22 wo
1588 3768 56 33 die
1662 3768 144 34 Formen
1832 3769 33 33 in
1881 3769 173 34 Flammen
2081 3770 54 32 auf-

1167 3822 123 43 gehen,
1323 3823 61 34 das
1411 3822 107 33 Feuer
1554 3824 54 32 die
1633 3822 170 44 Abhänge
1841 3823 205 34 hinabflutet
2082 3825 70 32 und

1168 3878 106 31 unten
1300 3876 47 33 im
1373 3876 60 33 Tal
1471 3877 159 34 kochend
1656 3878 70 33 und
1751 3877 168 34 brodelnd
1945 3888 113 33 gegen
2084 3880 67 31 den

1168 3930 194 36 Beschauer
1402 3930 152 35 strudelt.
1613 3931 81 32 Man
1735 3941 103 33 sage:
1884 3942 54 23 wo
1978 3942 73 24 war
2091 3934 62 33 das

1167 3984 149 42 Vorbild,
1341 3996 58 23 wo
1424 3987 41 32 ist
1490 3986 57 33 die
1558 3985 245 44 Entwicklung,
1830 3986 34 33 in
1891 3986 59 35 der
1966 3997 66 23 van
2048 3986 104 44 Gogh

1168 4038 118 34 steht?
1323 4038 132 43 Gewiß,
1481 4049 36 23 er
1542 4040 57 33 hat
1622 4050 69 23 von
1710 4040 68 33 den
1797 4040 191 35 Franzosen
2013 4042 139 43 gelernt.

1166 4091 94 34 Aber
1285 4102 36 24 er
1345 4093 117 42 lernte,
1499 4104 58 24 um
1583 4103 37 24 es
1646 4094 125 34 anders
1796 4104 45 23 zu
1867 4097 157 31 machen.
2071 4095 81 33 Was

1167 4147 55 34 hat
1247 4157 67 24 van
1340 4146 103 45 Gogh
1480 4148 74 34 also
1582 4148 61 33 mit
1668 4148 67 34 den
1761 4149 195 34 Franzosen
1990 4149 162 44 gemein?

2229 60 117 35 Nichts
2371 63 50 32 als
2446 62 66 34 daß
2540 72 35 24 er
2598 63 55 33 die
2678 63 193 35 Franzosen
2899 64 195 36 überwand.
3128 70 63 40 Was

2230 114 217 43 rechtfertigt,
2479 116 58 32 ihn
2565 116 31 34 in
2623 117 76 33 eine
2726 117 237 45 Entwicklung
2988 130 41 23 zu
3053 122 136 42 stellen?

2232 168 77 34 Daß
2347 179 36 23 er
2412 169 76 33 sich
2513 171 84 33 über
2621 171 56 33 die
2703 170 236 44 Entwicklung
2965 172 227 46 hinwegsetze.

2325 240 72 35 Das
2427 241 78 34 sind
2530 243 52 32 die
2608 242 160 34 Grenzen
2806 242 60 35 der
2891 244 302 45 Kunstgeschichte.

2231 294 76 33 Nur
2330 305 72 22 wer
2427 295 52 33 sie
2504 295 257 42 überschreitet,
2786 297 90 33 kann
2895 298 75 34 sich
2987 299 77 33 dem
3079 299 114 43 Odium

2232 349 61 33 des
2321 348 316 35 Kunsthistoriums
2663 350 185 34 entziehen.

2323 564 59 35 Ein
2401 574 83 35 paar
2497 566 130 43 Typen.
2666 566 218 41 Historisten,
2909 567 57 33 die
2984 567 62 35 das
3062 567 136 44 Stadium

2231 619 61 34 der
2340 619 208 44 Gegenwart
2597 619 59 35 mit
2704 619 79 35 dem
2833 619 158 35 Stadium
3041 623 59 33 der
3134 624 48 38 Ver-

2230 674 209 43 gangenheit
2476 674 261 34 konfundieren.
2784 673 57 36 Sie
2879 677 107 32 sehen
3023 679 46 31 im
3094 677 104 41 Neuen

2232 727 123 34 immer
2390 727 107 35 Altes.
2546 728 76 34 Karl
2660 729 174 42 Scheffler,
2871 730 54 33 ein
2958 730 240 43 Kunstskribent

2232 782 59 34 mit
2330 783 120 33 weiter
2476 782 224 43 Perspektive
2737 783 57 33 auf
2830 785 281 43 metaphysische
3135 786 48 38 Ver-

2233 837 248 43 schwafelung,
2524 837 150 35 schreibt
2697 838 171 34 wörtlich:
2906 841 132 38 „zuerst
3076 840 41 34 ist
3152 843 44 36 der

2233 890 173 35 Architekt
2431 891 256 42 Handwerker;
2725 893 92 33 denn
2843 893 38 43 (!)
2907 903 61 24 aus
2992 894 81 33 dem
3086 893 112 40 Stande

2233 947 62 33 der
2332 947 232 34 Handwerker
2604 950 42 31 ist
2683 958 36 23 er
3144 950 54 40 Wie

2233 1002 62 32 der
2335 1001 177 34 Fabrikant
2560 1002 118 33 dieses
2718 1001 185 36 Schlusses
2951 1004 150 33 schließe
3146 1006 53 37 ich:

2236 1055 146 40 „Zuerst
2418 1056 43 33 ist
2486 1056 79 34 Karl
2592 1056 168 35 Scheffler
2789 1057 56 33 ein
2871 1056 107 35 Göhr.
3025 1058 101 34 Denn
3151 1070 47 28 aus

2235 1109 78 34 dem
2339 1109 129 35 Stande
2493 1110 61 33 der
2579 1110 143 35 Göhren
2749 1110 42 35 ist
2817 1121 35 24 er

2326 1181 113 44 Sogar
2468 1181 241 42 Meier-Gräfe,
2747 1183 60 33 der
2843 1182 57 34 die
2935 1183 122 36 besten
3083 1184 117 39 Bücher

2235 1236 86 34 über
2347 1236 108 35 Kunst
2479 1237 228 44 geschrieben
2733 1239 66 41 hat,
2838 1241 94 41 sagt:
2961 1239 72 33 Nur
3058 1241 58 33 auf
3139 1242 61 37 dem

2234 1291 108 43 Wege
2366 1291 287 43 geschichtlicher
2667 1292 202 44 Forschung
2893 1294 116 32 könne
3034 1304 80 23 man
3134 1298 67 36 „das

2234 1347 132 33 Wesen
2380 1347 63 33 des
2457 1345 226 35 Kunstwerks
2696 1347 163 34 vertiefen
2874 1347 70 33 und
2963 1348 67 33 den
3048 1348 153 37 lebenden

2237 1400 180 35 Künstlern
2456 1400 177 35 Hinweise
2672 1412 41 22 zu
2752 1401 89 33 ihrer
2878 1402 243 43 persönlichen
3154 1404 32 36 Be-

2236 1455 149 43 lehrung
2615 1456 80 32 Man
2733 1456 91 33 kann
2854 1458 82 32 aber
2960 1467 83 23 vom
3069 1456 78 36 Sein
3170 1479 32 5 —

2236 1521 64 22 nur
2326 1510 63 32 das
2407 1508 81 35 Sein
2515 1510 42 33 ist
2571 1508 125 46 Objekt
2719 1511 286 43 geschichtlicher
3017 1511 186 47 Forschung

2236 1583 45 4 —
2305 1564 92 33 nicht
2424 1564 57 33 auf
2505 1564 64 33 das
2595 1562 118 35 Sollen
2740 1564 185 35 schließen.
2974 1565 149 34 Historie
3147 1569 56 33 und

2236 1618 170 44 Wertung
2441 1618 114 34 haben
2593 1618 112 35 nichts
2739 1620 225 33 miteinander
2989 1630 42 24 zu
3057 1621 146 36 schaffen.

2330 1690 62 34 Die
2412 1691 316 34 Historistenherde
2753 1694 118 32 wittert
2897 1694 128 33 überall
3043 1698 160 33 verruchte

2237 1745 260 37 Revolutionen.
2534 1745 59 34 Sie
2611 1747 203 33 erschleicht
2831 1747 75 33 sich
2925 1759 68 22 von
3008 1748 195 36 Autoritäten

2237 1799 182 35 Maßstäbe
2452 1802 70 32 und
2547 1803 116 32 wertet
2688 1801 106 34 damit
2819 1801 191 45 blindlings
3036 1802 53 34 ins
3116 1803 88 37 Blaue

2239 1855 127 33 hinein.
2404 1855 67 33 Die
2497 1865 88 24 neue
2601 1855 111 34 Kunst
2741 1856 43 34 ist
2807 1858 34 42 ja
2867 1857 93 33 nicht
2977 1858 227 36 einzuordnen,

2237 1909 96 34 nicht
2359 1910 377 43 einzukategorisieren
2756 1912 31 33 in
2806 1911 63 34 das
2884 1909 150 47 System,
3059 1912 63 34 das
3140 1924 63 25 man

2238 1964 76 33 sich
2342 1965 111 32 schon
2479 1966 174 42 glücklich
2679 1966 54 33 für
2757 1966 56 34 die
2838 1966 142 35 Meister
3007 1967 61 33 der
3093 1969 110 34 älteren

2238 2019 111 34 Kunst
2384 2020 313 34 zurechtfabriziert
2733 2021 101 33 hatte.
2882 2022 80 33 Man
2999 2022 87 33 weiß
3121 2022 32 44 ja
3173 2034 30 24 so

2236 2074 79 42 viel,
2342 2085 63 23 nur
2431 2075 108 43 grade
2564 2074 85 35 über
2673 2077 53 32 die
2752 2086 87 24 neue
2865 2076 239 45 Erscheinung
3128 2078 76 33 weiß

2237 2139 79 24 man
2352 2130 124 33 nichts.
2524 2130 69 33 Der
2619 2130 271 34 Historientreue
2928 2132 84 33 muß
3037 2131 81 34 aber
3142 2133 61 33 eine

2238 2183 204 44 Beziehung
2465 2184 171 34 zwischen
2651 2185 72 33 sich
2738 2185 71 33 und
2824 2185 113 34 seiner
2951 2185 254 37 Gelehrsamkeit

2237 2238 129 34 finden.
2415 2238 78 34 Und
2532 2240 43 33 da
2601 2239 64 33 das
2692 2239 93 34 nicht
2810 2240 155 43 möglich
2993 2241 52 42 ist,
3083 2243 66 32 und
3170 2243 35 32 da

2238 2303 35 23 er
2309 2293 83 33 über
2417 2293 56 34 die
2498 2304 91 22 neue
2615 2294 242 44 Erscheinung
2893 2295 112 33 nichts
3029 2295 94 43 weiß,
3147 2298 56 33 und

2237 2347 45 34 da
2319 2357 35 23 er
2393 2348 76 34 dies
2505 2349 76 32 sich
2620 2349 72 33 und
2730 2349 149 34 anderen
2910 2349 190 44 verbergen
3126 2349 77 42 muß,

2237 2402 86 34 wirft
2355 2412 36 23 er
2420 2413 87 33 ganz
2533 2403 132 34 einfach
2692 2403 96 34 seine
2815 2404 170 43 Ignoranz
3022 2404 61 35 der
3107 2415 96 23 neuen

2240 2457 111 33 Kunst
2374 2468 71 22 vor.

2331 2530 44 33 Es
2405 2530 140 34 handelt
2561 2531 73 34 sich
2653 2532 129 41 darum,
2809 2532 63 32 das
2898 2532 235 34 Erlebnis
3158 2533 47 33 der

2240 2584 119 42 Kunst,
2396 2585 92 34 nicht
2522 2587 52 33 ein
2600 2585 133 35 Wissen
2772 2596 56 24 um
2854 2587 55 34 die
2936 2587 109 34 Kunst
3080 2598 42 22 zu
3147 2597 44 29 ver-

2239 2639 140 35 mitteln.

2237 2953 142 70 Der
2428 2955 419 71 Oberlehrer

2238 3094 172 46 Gewaltig
2436 3096 102 34 hockt
2563 3110 36 20 er
2624 3097 58 34 auf
2706 3097 78 35 dem
2810 3096 97 36 Tisch
2933 3098 70 34 und
3029 3097 121 45 spricht

2237 3149 79 35 Von
2341 3149 143 36 Theben
2510 3151 70 34 und
2603 3150 129 43 Athen,
2757 3153 82 33 heut
2863 3152 212 45 nachmittag.

2238 3204 61 34 Ein
2330 3219 121 30 grauer
2474 3205 224 36 Schnurrbart
2723 3213 101 28 starrt
2852 3206 103 35 durch
2984 3208 72 33 sein
3083 3203 116 38 Gesicht

2238 3258 44 35 Er
2305 3260 105 34 riecht
2435 3260 82 35 nach
2543 3274 132 21 saurem
2701 3261 81 35 Brot
2807 3261 69 34 und
2901 3261 81 34 nach
3001 3260 127 35 Tobak.

2237 3358 81 35 Sein
2349 3360 117 34 kahles
2491 3360 119 45 Haupt
2634 3368 190 28 umwettert
2853 3361 61 35 der
2940 3361 166 35 Gedanke

2237 3413 79 35 Von
2329 3413 142 36 Theben
2497 3415 142 45 heiliger
2650 3415 136 42 Schaar,
2811 3429 67 21 von
2892 3416 124 34 Pindar
3040 3415 117 45 spricht
3173 3424 24 21 er

2237 3467 72 36 Der
2333 3468 130 36 Primus
2488 3470 87 34 reibt
2601 3470 67 34 sich
2694 3483 41 21 an
2761 3470 61 34 der
2847 3470 90 35 alten
2963 3470 115 34 Bänke

2238 3522 65 35 Die
2329 3525 142 33 meisten
2497 3524 137 34 machen
2659 3524 124 44 willige
2809 3524 187 36 Gesichter.

2238 3622 43 35 Er
2305 3624 126 43 spricht
2454 3636 67 22 von
2547 3623 142 36 Theben
2714 3624 102 35 heute
2842 3625 203 44 nachmittag

2238 3677 119 44 Einige
2383 3678 112 35 heben
2520 3678 71 35 ihre
2617 3678 135 35 kleinen
2777 3679 136 42 Hände,

2238 3732 119 44 Einige
2384 3732 122 35 kitzeln
2533 3733 82 35 leise
2641 3734 68 34 sich
2735 3747 52 21 am
2813 3734 89 34 Sack

2237 3786 80 35 Und
2342 3786 132 44 gucken
2500 3786 157 45 schläfrig
2682 3788 56 34 auf
2762 3788 55 34 die
2843 3788 113 35 leeren
2982 3786 141 37 Wände.

2239 3885 103 42 „Wer
2366 3886 58 34 hat
2448 3888 131 33 soeben
2605 3888 57 33 auf
2685 3888 67 34 den
2777 3887 99 35 Tisch

2237 3940 112 35 Durch
2375 3940 56 35 die
2455 3941 184 36 betrübten
2664 3942 141 35 Fenster
2834 3942 199 35 schimmern
3057 3940 134 37 Wolken.

2239 3996 65 35 Die
2328 3996 134 45 Jungen
2489 3998 105 33 sitzen
2620 3997 168 34 staunend
2813 3997 68 34 und
2905 3997 183 34 verdauen.
3110 4010 40 9 —

2237 4050 71 35 Der
2331 4050 126 35 Lehrer
2479 4050 84 35 wird
2584 4052 83 42 jetzt
2690 4052 33 33 in
2748 4050 61 35 der
2834 4050 91 35 Nase
2952 4050 135 44 polken.

2788 4150 121 45 Jakob
2934 4164 71 21 van
3029 4147 129 38 Hoddis
