3246 4305
61 77 165 47 Umfang
259 71 94 41 acht
389 70 141 42 Seiten

2614 85 272 53 Einzelbezug
2914 86 53 41 10
2986 86 174 53 Pfennig

63 729 1085 105 WOCHENSCHRIFT
1206 722 234 114 FÜR
1503 740 493 98 KULTUR
2070 740 261 98 UND
2405 742 198 92 DIE
2672 719 482 119 KÜNSTE

101 946 152 31 Redaktion
273 944 57 28 und
350 944 120 36 Verlag:
491 944 259 35 Berlin-Halensee,
772 945 281 30 Katharinenstrasse
1066 947 16 28 5

101 996 196 38 Fernsprecher
326 994 70 29 Amt
425 994 153 37 Pfalzburg-
606 995 74 29 3524
716 996 12 35 /
763 996 147 36 Anzeigen
916 1012 11 6 -
935 997 149 28 Annahme

341 1045 92 28 Berlin
452 1045 36 27 W
501 1045 35 28 35
558 1045 219 29 Potsdamerstr.
792 1046 51 28 111

2129 952 295 36 Vierteljahresbezug
2444 952 61 33 1,25
2520 952 81 28 Mark
2620 952 12 29 /
2651 952 259 36 Halbjahresbezug
2928 953 64 32 2,50
3005 952 81 28 Mark
3099 951 11 29 /

2129 1001 192 37 Jahresbezug
2340 1002 64 32 5,00
2418 1001 80 28 Mark
2517 1001 12 30 /
2549 1003 44 26 bei
2613 1003 85 26 freier
2718 1003 161 35 Zustellung
2906 1001 11 28 /
2946 1002 150 28 Insertions-

2131 1054 75 34 preis
2234 1053 46 26 für
2311 1052 47 28 die
2390 1052 228 35 fünfgespaltene
2649 1051 247 36 Nonpareillezeile
2928 1052 36 27 60
2992 1052 118 34 Pfennig

1358 970 200 36 Herausgeber
1577 971 58 27 und
1656 969 198 29 Schriftleiter:

1300 1024 324 41 HERWARTH
1654 1024 172 41 WALD
1835 1024 74 41 EN

53 1183 191 52 Jahrgang
278 1178 94 42 1911

1082 1180 221 47 BERLIN/
1325 1182 359 42 DONNERSTAG
1716 1183 104 41 DEN
1858 1184 29 40 1.
1908 1183 103 50 JUNI
2049 1183 93 41 1911

2855 1182 229 39 NUMMER
3113 1182 52 39 64

54 1322 232 73 Inhalt:

312 1357 227 36 MYNONA:
566 1357 221 37 Fabelhaftes
809 1361 15 40 /
841 1359 119 35 ELSE
986 1353 434 43 LASKER-SCHÜLER:
1456 1361 88 35 Dem
1570 1361 172 35 Barbaren
1767 1363 14 38 /
1805 1359 163 37 TRUST:
1993 1361 142 35 Wieder
2160 1363 75 32 eine
2259 1360 134 36 Woche
2418 1362 14 40 /
2458 1360 57 35 Dr.
2534 1359 125 35 KARL
2683 1359 189 36 HAMAN:
2898 1359 268 36 Literarhistorik

53 1416 61 37 und
135 1413 243 46 Journalismus
402 1415 15 40 /
440 1411 127 46 JOHN
591 1412 182 37 WOLFS:
799 1413 353 37 Kunst-Historismus
1182 1417 14 40 /
1224 1414 155 44 JAKOB
1405 1430 64 20 van
1496 1415 202 36 HODDIS:
1730 1415 71 35 Der
1826 1414 211 36 Oberlehrer
2061 1417 14 40 /
2098 1414 176 45 JOSEPH
2299 1414 171 36 ADLER:
2503 1414 173 36 Deutsche
2702 1414 187 36 Phraseure
2913 1417 14 40 /
2953 1413 213 37 MINIMAX:

52 1469 216 38 Vermischtes
292 1470 14 40 /
331 1467 191 37 LUDWIG
546 1467 297 37 SEGEBARTH:
868 1469 248 36 Versinnlichte
1142 1469 122 35 Presse
1289 1472 14 40 /
1329 1469 200 44 Zeichnung-
1553 1473 14 39 /
1591 1469 46 36 M.
1656 1469 193 35 MELZER:
1875 1469 195 44 Zeichnung

2187 1719 442 69 Fabelhaftes

2184 1819 85 36 Von
2293 1819 160 44 Mynona

2278 1892 61 35 Ein
2376 1888 115 49 König
2524 1906 68 22 von
2628 1893 79 35 sehr
2741 1892 209 46 gebildetem
2986 1892 183 36 Aussehen

2186 1947 165 35 verliebte
2386 1947 69 35 sich
2480 1949 33 33 in
2538 1949 54 33 ein
2617 1947 91 35 recht
2732 1947 180 42 hübsches,
2948 1947 83 35 aber
3054 1947 115 35 dumm

2187 2001 312 36 dreinschauendes
2536 2001 293 36 Gänsemädchen.
2882 2001 44 36 Er
2960 2001 209 36 verkleidete

2186 2056 70 36 sich
2281 2057 33 34 in
2339 2059 99 33 einen
2461 2055 192 43 Sauhirten,
2679 2056 146 45 gestand
2851 2056 66 35 ihm
2941 2058 95 33 seine
3054 2056 115 41 Liebe,

2187 2111 71 35 und
2282 2125 38 21 es
2346 2110 69 47 gab
2440 2111 68 35 sich
2533 2111 67 35 ihm
2625 2124 40 22 zu
2683 2112 109 44 eigen.
2828 2111 72 35 Der
2911 2110 136 36 Sauhirt
3071 2111 80 35 über-

2188 2165 115 36 häufte
2327 2168 51 33 sie
2403 2167 60 34 mit
2487 2165 226 36 Geschenken
2750 2165 64 36 als:
2851 2165 163 42 Pomade,
3039 2165 110 45 Honig-

2188 2220 142 42 kuchen,
2366 2221 72 35 drei
2475 2220 85 35 Paar
2596 2220 274 42 Loden-etcetra,
2906 2219 263 41 Visitenkarten,

2186 2275 200 46 Talglichte,
2413 2276 211 35 Halstücher.
2671 2275 58 36 Sie
2766 2276 108 38 freute
2910 2275 68 36 sich
3013 2275 63 35 des
3101 2275 69 34 und

2188 2330 109 36 halste
2314 2331 57 36 ihn
2388 2344 65 21 um.
2490 2330 54 36 Da
2560 2330 148 45 gestand
2725 2344 36 21 er
2777 2330 61 41 ihr,
2855 2343 37 22 er
2904 2332 49 33 sei
2967 2329 61 36 der
3046 2329 124 45 König.

2187 2385 59 37 Sie
2278 2385 167 41 erschrak,
2483 2384 100 36 nahm
2608 2384 109 36 nichts
2741 2398 68 21 von
2833 2384 113 35 Allem
2983 2384 70 35 und
3077 2385 93 43 ging,

2189 2441 71 35 ihre
2284 2440 118 36 Gänse
2440 2440 113 35 hüten.
2602 2439 58 37 Sie
2696 2452 68 22 war
2800 2439 88 35 nicht
2924 2439 94 35 mehr
3045 2452 41 21 zu
3111 2438 40 36 be-

2188 2509 132 32 wegen,
2345 2495 74 35 sich
2445 2494 77 35 dem
2541 2494 136 44 Könige
2701 2507 40 21 zu
2767 2493 137 37 nähern.
2952 2492 221 45 Hochbetagt

2189 2550 93 36 starb
2299 2551 62 40 sie,
2386 2549 70 35 und
2474 2549 71 35 ihre
2562 2549 125 35 letzten
2699 2548 121 36 Worte
2845 2548 168 37 lauteten:
3040 2547 131 42 „Wehe

2190 2605 78 35 dem
2281 2604 193 42 Sauhirten,
2501 2604 68 35 den
2594 2604 55 34 die
2663 2603 104 35 Liebe
2786 2603 88 35 nicht
2891 2605 134 43 zwingt,
3042 2603 110 45 König-

2189 2664 110 30 tümer
2322 2673 40 21 zu

2545 2722 18 20 *
2801 2721 17 20 *

2672 2747 18 20 *

2280 2792 135 44 Johann
2427 2791 190 45 Wolfgang
2633 2803 67 23 von
2719 2790 43 36 G.
2780 2791 169 35 beichtete
2967 2792 108 34 einem
3094 2789 79 37 sehr

2191 2846 126 35 milden
2341 2846 160 35 Priester:

2284 2901 73 42 „Ich
2393 2901 90 34 habe
2519 2902 55 33 ein
2599 2900 87 35 Dorf
2710 2902 32 33 in
2767 2900 113 35 Brand
2912 2899 156 45 gesteckt
3103 2900 70 34 und

2190 2958 99 33 einen
2314 2955 171 36 lebenden
2510 2954 104 47 Mops
2639 2955 85 35 noch
2749 2961 93 29 extra
2865 2957 33 32 in
2923 2955 57 35 die
3001 2954 171 36 Flammen

2502 3008 69 43 „So
2597 3010 76 35 hast
2698 3010 45 34 du
2768 3009 145 45 (näselte
2938 3010 62 35 der
3012 3008 161 44 Priester)

2190 3064 90 36 wohl
2308 3064 218 36 Verbrechen
2562 3065 184 44 begangen
2781 3083 45 6 —
2858 3064 86 35 doch
2981 3065 85 43 (und
3101 3064 73 34 hier

2190 3120 142 35 lächelte
2356 3134 37 21 er
2417 3119 185 44 kränklich)
2626 3119 87 35 doch
2738 3119 62 34 der
2824 3118 102 45 Mops
2955 3125 100 29 rettet
3080 3118 92 40 dich;

2189 3174 91 35 denn
2305 3174 62 35 der
2390 3174 256 35 Seelenkenner
2682 3174 153 43 gewahrt
2859 3174 56 34 die
2940 3174 101 34 bittre
3067 3172 105 40 Reue»

2189 3229 56 35 die
2271 3228 82 35 nach
2379 3229 147 44 Möpsen
2562 3228 103 45 greift
2689 3231 63 32 wie
2777 3228 82 35 nach
2885 3230 93 33 einer
3001 3228 65 35 Art
3101 3229 58 34 sitt-

2189 3285 102 35 licher
2326 3284 245 44 Feuerspritze.
2632 3282 59 36 Oh
2702 3283 8 35 1
2752 3285 87 33 mein
2874 3283 107 42 Sohn,
3021 3285 63 33 wie
3123 3282 52 36 oft

2190 3339 110 35 macht
2313 3353 77 21 man
2408 3339 62 34 das
2484 3338 224 36 Entsetzliche
2726 3341 59 32 mit
2798 3339 77 34 dem
2889 3337 284 35 Entsetzlicheren

2190 3393 226 45 rückgängig!
2464 3392 110 36 Zeuch
2599 3393 57 35 hin
2680 3395 33 33 in

2550 3457 17 19 #
2807 3457 16 18 &

2679 3482 17 19 *

2282 3521 87 35 Dem
2396 3521 334 45 Magazinverwalter
2754 3520 130 36 Walter
2907 3520 181 35 WaMherr
3117 3519 56 34 Hei

2191 3579 54 32 ein
2259 3576 246 35 Kronleuchter
2529 3589 40 22 so
2586 3576 172 45 geschickt
2770 3576 57 34 auf
2844 3576 55 34 die
2912 3574 259 40 Scheitelbeine»

2192 3631 68 35 daß
2285 3645 38 21 er
2348 3633 59 33 mit
2432 3631 62 35 der
2517 3630 118 46 Spitze
2659 3631 61 35 tief
2744 3633 32 32 in
2802 3630 67 35 den
2894 3628 145 36 Schädel
3068 3628 108 44 drang

2192 3686 70 34 und
2288 3685 79 35 dort
2390 3685 151 35 aufrecht
2565 3685 139 35 stecken
2729 3684 104 35 blieb.
2880 3683 190 40 Waldherr,
3108 3696 68 21 von

2191 3741 72 33 vier
2299 3739 271 45 Untergebenen
2607 3739 160 45 gehalten
2802 3737 160 35 während
2999 3736 74 35 fünf
3108 3737 68 34 sich

2192 3794 197 44 abquälten,
2416 3794 62 34 das
2492 3794 94 44 Ding
2609 3793 127 35 wieder
2752 3791 295 41 herauszuziehen,
3075 3797 81 29 stam-

2191 3849 103 34 melte
2335 3849 180 34 sterbend:

2191 3903 137 34 Doktor
2368 3902 184 44 Berghuhn
2600 3908 113 37 sagte:
2763 3899 93 42 „Das
2895 3899 282 45 Sprechzentrum

2191 3957 223 38 funktioniert
2440 3956 85 35 noch
2550 3955 232 41 rudimendär;
2820 3957 60 32 mir
2905 3957 43 33 ist
2972 3957 54 33 ein
3051 3954 127 46 großes

2191 4010 94 36 Licht
2632 4009 120 43 „Nein,
2934 4009 151 35 schrieen
3122 4009 56 35 die

2192 4065 291 41 Unterbeamten;
2512 4067 49 32 sie
2587 4066 148 33 meinten
2760 4064 67 35 den
2853 4063 254 36 Kronleuchter.
3133 4083 45 4 —

2193 4118 50 36 So
2278 4119 125 45 gehört
2440 4119 90 34 denn
2567 4132 40 21 zu
2645 4118 201 35 Erkenntnis
2883 4118 70 35 und
2975 4118 91 35 Witz
3102 4119 76 33 eine

2194 4172 109 44 große
2328 4172 304 44 Mitleidlosigkeit.
2681 4172 79 35 Und
2797 4172 172 35 instinktiv
2993 4172 95 35 rückt
3117 4171 62 35 der

120 4177 226 58 Zeichnung
373 4198 82 26 von
483 4181 55 42 M.
559 4180 151 42 Melzer
