3642 4419
1707 121 88 52 131

128 269 105 53 hem
266 270 151 52 Grade
464 269 80 51 der
582 268 320 61 Erkenntniss,
949 269 80 51 des
1062 264 381 56 Verständnisses
1485 263 93 49 und
1622 263 83 49 der

128 357 304 66 Würdigung
460 355 44 50 in
525 354 184 50 Einer
738 354 170 50 Hand
939 354 190 50 ruhen
1160 350 95 51 und
1283 350 42 49 in
1341 348 125 49 einer
1489 366 54 30 zu
1569 347 109 49 wirk-

128 439 86 50 lich
258 437 462 52 wissenschaftlichen
758 437 418 64 Untersuchungen
1233 430 254 51 führenden
1538 430 161 52 Weise

130 529 233 44 vertreten
388 522 203 51 werden.
635 523 95 52 Für
774 523 69 50 die
876 518 340 55 Wissenschaft
1257 515 117 51 wird
1406 514 187 51 alsdann
1626 515 77 49 das

127 607 42 48 R
363 623 159 33 ausser
535 607 183 49 Zweifel
747 606 119 55 sein;
899 603 60 50 ob
978 602 111 51 aber
1114 601 122 49 diese
1254 597 414 52 wissenschaft-

130 691 203 49 lichen
362 691 565 64 Untersuchungen
959 686 117 50 und
1105 683 497 67 Begründungen
1633 682 72 49 für

130 775 70 52 die
231 775 357 50 ausübende
617 772 205 52 Musik
865 788 51 32 so
959 768 415 51 ausserordentlich
1405 766 298 67 nothwendig

130 858 94 51 und
253 877 89 32 von
372 876 51 32 so
456 875 206 51 grossem
695 853 207 52 Vortheil
935 853 104 68 (wie
1072 853 43 50 in
1139 870 197 33 neuerer
1365 852 99 50 Zeit
1495 868 88 34 von
1614 851 89 51 den

130 942 354 66 schreibseligen
535 942 185 50 Herren
748 937 395 69 Musikgelehrten
1189 955 51 33 so
1285 937 127 67 eifrig
1453 935 253 68 behauptet

128 1026 134 66 wird)
295 1025 77 58 sei,
405 1025 94 49 dies
531 1023 217 51 möchten
799 1021 84 51 wir
925 1021 105 51 sehr
1080 1020 293 59 bezweifeln;
1425 1018 278 65 wenigstens

130 1109 199 68 glauben
358 1109 98 58 wir,
488 1109 104 49 dass
622 1109 82 49 der
733 1106 296 51 ausübenden
1067 1107 155 50 Kunst
1265 1105 95 49 und
1414 1105 87 49 den
1531 1103 182 50 hierauf

128 1191 299 67 bezüglichen
456 1192 182 66 Dingen
668 1190 132 51 mehr
828 1190 249 51 Vorschub
1118 1187 115 52 wird
1279 1187 208 68 geleistet
1517 1186 189 51 werden

130 1276 185 51 können
346 1276 144 51 durch
521 1276 202 51 einfache
766 1275 140 58 klare,
958 1276 82 48 auf
1085 1271 350 70 gewissenhafte
1466 1270 208 52 Beobach-

128 1369 119 60 tung
276 1361 94 51 und
399 1361 151 51 reiche
578 1361 265 65 Erfahrung
874 1363 230 63 gestützte
1133 1356 354 67 Mittheilungen
1537 1355 142 51 tüchti-

132 1463 83 49 ger
245 1445 254 60 Praktiker,
551 1445 64 51 als
658 1444 146 51 durch
855 1444 70 49 die
964 1443 136 50 hohle
1137 1441 326 69 Phraseologie
1509 1458 193 33 unserer

130 1530 254 50 modernen
413 1528 457 69 Kunstphilosophen
901 1528 95 49 und
1028 1526 69 51 die
1129 1526 113 69 (erst
1271 1528 119 49 noch
1417 1526 110 50 aller
1557 1525 119 51 siche-

130 1630 82 32 ren
241 1613 129 51 Basis
400 1610 363 71 entbehrenden)
795 1611 408 69 Systematisirung
1241 1627 194 34 unserer
1484 1609 218 67 heutigen

127 1697 455 52 Kunsttheoretiker.

254 1783 54 48 In
335 1780 267 68 Beziehung
630 1780 83 50 auf
737 1780 71 50 die
856 1780 45 50 in
930 1780 129 50 Rede
1099 1778 219 51 stehende
1359 1780 150 65 Frage
1555 1778 148 49 dürfte

130 1882 48 33 es
208 1883 94 32 nun
351 1882 82 34 vor
476 1864 153 51 Allem
673 1864 163 66 nöthig
885 1863 111 60 sein,
1043 1863 104 51 dem
1176 1862 250 52 Ausdruck
1467 1865 204 55 „natür-

130 1948 156 51 liche
631 1947 36 68 *)
699 1947 132 51 einen
861 1947 187 51 solchen
1077 1945 182 69 Begriff
1290 1965 58 30 zu
1388 1944 317 60 unterstellen,

128 2032 226 51 wodurch
386 2050 50 31 er
466 2032 65 51 als
560 2031 327 68 Bezeichnung
916 2031 123 50 eines
1070 2031 207 50 wirklich
1320 2029 385 68 selbstständigen

127 2117 238 67 Registers
396 2116 82 50 der
507 2116 160 50 Praxis
696 2133 88 33 von
814 2116 132 50 mehr
997 2116 65 49 als
1105 2114 302 51 äusserlicher
1457 2113 96 51 und
1590 2112 92 52 will-

128 2201 230 51 kürlicher
388 2201 278 67 Bedeutung
694 2201 129 49 wird.
890 2199 110 53 Wir
1030 2199 167 51 wollen
1242 2199 141 51 daher
1434 2217 53 31 zu
1532 2198 171 50 diesem

130 2285 197 50 Zwecke
356 2285 96 49 hier
483 2285 43 49 in
569 2285 81 52 der
676 2285 156 48 Kürze
878 2282 145 69 einige
1052 2282 395 69 Beobachtungen
1491 2281 95 49 und
1614 2281 59 49 Er-

130 2370 270 66 fahrungen,
432 2368 71 51 die
534 2368 83 51 wir
647 2368 73 51 bei
751 2367 221 67 Prüfung,
1023 2367 327 66 Entwicklung
1392 2366 95 51 und
1517 2365 159 50 Ausbil-

130 2453 125 68 dung
285 2471 89 33 von
405 2453 328 66 Singstimmen
763 2451 214 68 gemacht
1019 2451 164 60 haben,
1224 2450 268 59 mittheilen,
1546 2448 45 50 in
1622 2448 81 50 der

128 2537 257 66 Hoffnung,
417 2536 203 51 dadurch
645 2554 82 33 zur
746 2535 315 67 Feststellung
1083 2535 131 67 jenes
1230 2533 222 68 Begriffes
1482 2532 223 51 vielleicht

131 2622 70 50 ein
230 2621 343 52 Wesentliches
605 2620 312 67 beizutragen,
948 2620 95 51 und
1073 2639 57 30 zu
1171 2619 221 50 weiteren
1443 2617 82 50 der
1556 2617 146 51 Sache

130 2705 303 51 förderlichen
464 2704 353 68 Mittheilungen
847 2704 347 67 Veranlassung
1224 2721 56 32 zu
1312 2702 170 51 bieten.

253 2789 81 52 Bei
365 2807 216 33 unserem
608 2787 477 69 Gesang-Unterricht
1115 2787 150 68 gehen
1294 2787 84 51 wir
1407 2804 89 33 von
1527 2785 150 67 folgen-

132 2873 88 50 den
252 2873 322 50 Grundsätzen
605 2890 111 33 aus:

267 2958 174 59 „Jeder
489 2956 191 52 Mensch
729 2958 79 49 hat
851 2956 71 51 bei
974 2956 146 50 einem
1162 2955 239 67 gesunden
1442 2955 94 50 und
1576 2960 131 43 sonst

130 3043 176 49 normal
338 3041 320 51 entwickelten
701 3040 494 68 Stimm-Organismus
1241 3039 116 51 auch
1404 3039 99 49 eine
1533 3039 138 65 Sing-

130 3125 241 60 stimme,
414 3125 41 51 d.
490 3125 70 51 h.:
603 3143 50 32 er
691 3125 166 50 besitzt
903 3125 70 50 die
1003 3124 252 51 natürliche
1284 3123 254 67 Fähigkeit,
1580 3121 126 51 nicht

127 3227 89 33 nur
245 3210 202 58 Laute,
480 3208 201 51 sondern
710 3209 116 50 auch
856 3210 161 49 Töne

253 3293 204 52 Ferner:

252 3378 82 57 „In
372 3375 103 50 dem
504 3375 225 67 richtigen
758 3375 249 50 Erkennen
1038 3375 150 50 dieser
1210 3374 49 66 je
1289 3374 117 50 nach
1438 3373 81 49 der
1550 3372 126 68 physi-

131 3461 138 52 schen
287 3459 325 52 Construction
643 3459 80 50 des
749 3458 569 67 Gesammt-Organismus
1348 3458 80 50 des
1452 3457 254 51 Menschen

131 3546 241 67 allerdings
404 3544 105 51 sehr
539 3543 354 52 verschiedenen
921 3543 244 69 Fähigkeit
1207 3543 95 51 und
1340 3543 46 50 in
1425 3542 83 51 der
1546 3544 159 47 natür-

211 3769 30 50 *)
267 3769 133 41 Ueber
429 3769 143 40 dessen
600 3766 188 41 Priorität
831 3766 75 39 wir
946 3766 192 51 übrigens
1181 3766 73 40 mit
1296 3767 102 39 Hrn.
1426 3767 279 52 Angermann,

266 3831 105 40 ohne
400 3831 84 40 ihm
513 3843 49 28 zu
589 3829 105 41 nahe
720 3831 127 37 treten
876 3839 50 27 zu
954 3828 157 47 wollen,
1139 3828 163 39 rechten
1331 3828 189 47 könnten,
1551 3828 48 39 da
1628 3829 77 39 wir

269 3906 75 27 uns
375 3895 208 39 desselben
614 3892 73 41 seit
714 3891 114 41 mehr
855 3890 107 39 denn
989 3890 121 39 zwölf
1130 3890 150 39 Jahren
1318 3891 65 39 bei
1414 3903 183 29 unserem
1627 3890 51 40 Ge-

264 3956 346 51 sang-Unterricht
638 3953 211 47 bedienen,
878 3952 103 41 ohne
1011 3963 72 27 uns
1103 3952 209 41 entsinnen
1343 3965 48 26 zu
1419 3952 174 48 können,
1621 3952 61 41 die-

266 4030 71 27 sen
365 4018 216 39 Ausdruck
608 4017 56 40 im
694 4017 123 39 Sinne
861 4014 108 41 einer
997 4014 673 52 Stimmregister-Bezeich-

266 4092 138 39 nung
433 4080 140 51 irgend
603 4092 63 28 wo
695 4079 137 41 früher
860 4077 217 53 gebraucht
1105 4089 48 27 zu
1183 4077 135 39 sehen.
1359 4078 216 39 Jedenfalls
1613 4078 89 40 eine

266 4141 259 53 Begegnung,
555 4141 76 41 wie
662 4141 56 41 sie
748 4141 99 41 öfter
875 4140 56 41 im
959 4139 150 42 Beiche
1139 4139 71 39 der
1240 4137 122 41 Ideen
1395 4139 237 42 vorkommt.

1800 264 146 51 liehen
1975 264 326 66 Entwicklung
2346 261 94 51 und
2478 261 293 69 Ausbildung
2811 261 242 53 derselben
3093 261 58 50 ist
3292 260 86 50 wie

1801 366 166 33 unsere
1997 349 264 66 Erfahrung
2291 366 49 33 es
2371 364 87 32 uns
2488 345 212 51 reichlich
2722 345 218 68 bestätigt
3055 345 69 51 die
3156 344 220 51 sicherste

1800 430 127 50 Basis
1971 432 122 50 eines
2138 430 204 51 wirklich
2398 428 333 68 erfolgreichen
2774 429 493 67 Gesang-Unterrichts
3317 446 58 30 zu

1800 514 172 50 suchen
2002 517 94 49 und
2126 534 55 31 zu

1927 598 180 50 Daraus
2139 599 112 66 folgt
2281 601 69 49 für
2379 618 114 33 uns:

1936 682 148 57 „Dass
2116 698 47 33 es
2195 683 70 50 die
2295 692 121 42 erste
2442 682 215 68 Aufgabe
2699 681 123 50 eines
2851 679 187 51 solchen
3070 681 271 66 Gesang-Un-

1798 763 214 50 terrichts
2065 764 94 49 sein
2209 782 141 42 muss,
2402 767 125 49 diese
2555 766 244 68 Fähigkeit
2840 783 56 31 zu
2936 761 206 61 wecken,
3187 781 57 30 zu
3273 771 74 42 ent-

1800 847 193 51 wickeln
2022 848 93 50 und

1925 933 112 51 Wie
2068 932 94 50 und
2192 949 160 33 woran
2381 932 111 50 aber
2522 933 230 50 erkennen
2779 933 82 51 wir
2892 933 122 50 diese
3046 928 326 70 Fähigkeit?*)

1924 1016 88 49 Die
2047 1017 195 65 Lösung
2285 1016 147 51 dieser
2474 1016 151 67 Frage
2666 1017 152 48 finden
2861 1016 84 49 wir
2987 1017 45 50 in
3072 1016 148 51 einem
3268 1013 107 52 sehr

1800 1098 233 52 einfachen
2063 1100 282 50 Verfahren:

1936 1186 137 58 „Man
2103 1185 117 49 lasse
2261 1185 89 51 den
2380 1183 207 61 Schüler,
2632 1200 122 51 resp.
2785 1182 492 67 Singen-Wollenden,
3319 1203 50 31 so

1797 1267 85 51 tief
1915 1269 65 49 als
2025 1269 199 67 möglich
2256 1267 259 51 einathmen
2553 1266 96 52 und
2691 1267 135 57 dann,
2869 1266 71 50 bei
2982 1266 106 51 dem
3132 1266 243 66 möglichst

1800 1352 136 51 tiefen
1953 1354 130 49 Tone
2112 1354 271 67 anfangend,
2412 1352 68 51 bis
2503 1370 104 33 zum
2634 1350 321 52 erreichbaren
2986 1349 226 50 höchsten
3236 1349 137 67 jeden

1800 1437 233 51 einzelnen
2056 1440 101 50 Ton
2188 1439 80 51 auf
2293 1437 71 50 die
2381 1437 138 69 Sylbe
2549 1437 81 59 ha,
2656 1435 167 68 jedoch
2848 1435 81 49 mit
2954 1453 52 33 so
3023 1434 222 52 weichem
3264 1434 82 49 Ein-

1801 1528 109 52 satz,
1941 1521 104 51 dass
2077 1523 78 50 das
2186 1524 29 48 h
2246 1521 124 51 nicht
2398 1523 65 49 als
2486 1521 255 51 wirklicher
2760 1520 267 51 Consonant
3053 1519 168 67 gehört
3241 1517 132 59 wird,

1798 1605 83 50 mit
1910 1606 202 50 anderen
2150 1606 230 51 Worten:
2427 1606 79 50 auf
2538 1605 133 50 einen
2707 1604 166 49 Hauch
2914 1603 209 68 angeben
3162 1603 111 59 und,
3319 1619 52 33 so

1798 1688 134 67 lange
1964 1689 63 49 als
2058 1689 82 49 der
2171 1689 171 51 Athem
2371 1688 160 59 reicht,

1925 1774 121 50 Dem
2078 1774 207 50 scharfen
2313 1774 96 50 und
2440 1773 203 67 geübten
2675 1771 129 50 Ohre
2835 1770 79 50 des
2943 1769 200 51 Lehrers
3173 1768 118 52 wird
3320 1787 49 31 es

1801 1855 173 51 alsbald
2016 1857 125 50 nicht
2179 1857 244 67 entgehen,
2475 1855 176 51 welche
2700 1860 137 44 unter
2888 1853 154 51 diesen
3085 1854 163 48 Tönen
3303 1851 70 53 die

1800 1940 204 51 wirklich
2035 1940 284 51 musicalisch
2350 1939 334 59 brauchbaren,
2724 1938 42 51 d.
2807 1938 44 51 h.
2898 1938 206 49 sicheren
3132 1937 97 49 und
3256 1935 92 51 klin-

1802 2025 179 68 genden
2012 2025 127 60 sind;
2178 2025 81 50 auf
2291 2025 122 51 diese
2442 2024 58 51 ist
2529 2042 82 32 vor
2640 2023 150 51 Allem
2823 2022 71 52 die
2925 2025 197 64 grösste,
3164 2019 95 52 und
3289 2019 86 51 wir

1800 2111 216 49 möchten
2047 2127 141 51 sagen
2215 2109 188 68 einzige,
2418 2107 421 52 Aufmerksamkeit
2869 2126 55 30 zu
2954 2105 175 51 richten
3160 2104 95 51 und
3284 2122 88 33 nur

1797 2193 83 51 mit
1909 2194 155 50 diesen
2094 2193 131 51 allein
2256 2193 71 51 bei
2360 2193 103 50 dem
2493 2199 154 44 ersten
2677 2191 292 50 Unterrichte
3001 2208 57 32 zu
3090 2188 224 70 operiren.

1923 2277 88 51 Die
2041 2277 255 67 Fähigkeit,
2328 2278 81 50 auf
2433 2277 122 49 diese
2586 2274 162 52 Weise
2773 2277 129 48 Töne
2931 2272 440 67 hervorzubringen,

1797 2361 60 49 ist
1887 2362 65 50 oft
1983 2361 58 51 im
2072 2359 210 68 Anfange
2313 2359 100 50 eine
2445 2359 105 50 sehr
2582 2357 203 69 geringe,
2831 2357 94 51 und
2955 2357 83 49 der
3067 2357 131 48 Töne
3230 2354 143 51 selbst

1798 2445 101 50 sind
1942 2445 133 50 dabei
2125 2445 66 50 oft
2229 2461 89 33 nur
2366 2443 107 51 sehr
2512 2441 193 67 wenige.
2767 2442 110 50 Man
2916 2441 117 49 lasse
3077 2438 94 52 sich
3204 2437 169 67 jedoch

1798 2528 125 51 nicht
1951 2528 223 51 täuschen
2215 2528 113 51 oder
2355 2527 325 51 abschrecken.
2728 2525 81 50 Bei
2855 2541 216 33 unserem
3100 2522 269 61 Verfahren,

1801 2613 69 51 die
1900 2613 45 50 in
1975 2613 180 50 solcher
2185 2611 165 55 Weise
2380 2610 450 68 hervorgebrachten
2860 2611 130 48 Töne
3030 2608 64 50 als
3124 2606 245 70 primitives

1800 2697 362 68 Stimmregister
2183 2696 360 52 ausschliesslich
2563 2693 295 53 auszubilden
2887 2692 94 52 und
3010 2692 81 50 mit
3123 2690 248 52 denselben

1801 2781 70 51 die
1901 2799 143 51 ganze
2075 2781 267 67 eigentliche
2381 2781 169 50 Schule
2591 2780 80 51 des
2710 2777 311 51 Technischen
3066 2775 272 51 durchzuma-

1802 2865 129 60 chen,
1962 2864 149 50 haben
2140 2865 85 51 wir
2252 2883 81 31 aus
2361 2862 239 52 scheinbar
2621 2860 380 52 unbrauchbaren
3027 2859 223 49 Stimmen
3278 2875 91 33 von

1801 2949 136 51 kaum
1971 2949 111 49 5
2097 2949 30 49 6
2164 2950 160 50 Tönen
2353 2949 197 65 Umfang
2592 2946 116 50 nach
2751 2951 119 43 etwa
2911 2942 146 51 einem
3088 2942 69 51 bis
3188 2941 161 51 andert-

1801 3033 103 50 halb
1936 3034 111 49 Jahr
2078 3040 156 60 gute,
2265 3034 171 57 feste,
2468 3031 176 57 klare,
2690 3027 321 53 wirkliche
3055 3026 283 68 Singstim-

1801 3134 126 32 men
1966 3135 114 32 von
2132 3115 328 70 qualitativ
2513 3113 299 67 gleichem
2858 3111 289 66 Umfange
3199 3110 177 50 einer

1800 3200 237 51 Decime
2065 3200 94 51 und
2192 3199 64 51 oft
2287 3199 131 51 mehr
2446 3198 120 50 noch
2599 3194 346 71 gewonnen**).
2991 3194 108 51 Und
3127 3213 122 32 nun:

1938 3285 168 60 „Diese
2149 3284 80 51 auf
2259 3283 154 51 solche
2451 3301 71 31 am
2553 3281 133 50 Ende
2732 3280 107 51 sehr
2883 3279 202 51 einfache
3113 3279 161 52 Weise
3316 3295 57 32 zu

1801 3369 300 68 gewinnende
2130 3367 291 68 Singstimme
2463 3365 176 51 sowohl
2684 3383 83 33 vor
2812 3364 89 51 wie
2940 3363 117 51 nach
3098 3363 122 49 ihrer
3248 3360 123 51 Aus-

1873 3519 32 52 *)
1936 3519 72 39 Die
2037 3518 217 52 wenigsten
2281 3515 224 42 Menschen
2543 3515 90 41 sind
2671 3515 84 40 sich
2798 3514 131 41 dieser
2955 3513 206 52 Fähigkeit
3188 3513 85 39 klar
3301 3513 47 40 be-

1931 3585 142 43 wusst;
2112 3580 64 39 die
2204 3580 169 39 meisten
2402 3579 96 53 (und
2527 3584 117 35 unter
2672 3579 137 39 diesen
2839 3576 147 41 wieder
3013 3588 63 26 am
3105 3574 268 42 allermeisten

1932 3643 89 40 eine
2049 3642 166 52 gewisse
2234 3642 135 41 Gasse
2388 3655 79 28 von
2484 3640 336 53 Gesanglehrern)
2849 3638 199 41 erkennen
3076 3637 57 41 sie
3162 3650 72 39 gar
3262 3638 112 40 nicht

1931 3706 97 39 oder
2054 3704 231 42 verkennen
2322 3706 57 40 sie
2416 3718 111 40 ganz.
2585 3706 54 39 Es
2682 3703 94 52 liegt
2818 3701 129 40 hierin
2990 3712 166 28 unserer
3201 3701 170 39 Ansicht

1933 3768 100 39 nach
2078 3768 66 39 ein
2186 3769 278 40 wesentlicher
2493 3768 142 41 Grund
2672 3767 69 39 des
2779 3763 278 54 periodischen
3098 3763 184 53 Mangels
3321 3776 48 27 an

1931 3830 279 41 brauchbaren
2239 3829 327 53 Gesangkrälten.

1852 3890 53 54 **)
1934 3891 68 41 Bis
2037 3892 95 51 jetzt
2172 3892 67 40 hat
2275 3892 42 40 in
2346 3892 76 40 den
2450 3890 166 40 meisten
2644 3889 136 38 Fällen
2817 3886 72 41 der
2917 3887 127 40 Zufall
3074 3887 63 40 die
3166 3886 185 52 Singstim-

1931 3967 95 27 men
2054 3955 203 48 entdeckt;
2287 3966 41 28 es
2357 3955 111 39 sollte
2496 3952 100 39 nach
2625 3962 164 28 unserer
2808 3950 321 52 Ueberzeugung
3157 3950 111 39 nicht
3295 3962 52 28 we-

1933 4017 113 52 niger
2074 4017 71 39 der
2173 4016 170 40 Absicht
2385 4014 83 40 und
2510 4013 70 39 der
2616 4012 182 40 Einsicht
2841 4012 318 52 anheimgestellt
3197 4012 176 40 werden.

1932 4078 75 42 Die
2036 4079 202 38 Besultate
2281 4077 165 39 würden
2488 4074 65 41 ein
2595 4074 155 41 solches
2790 4074 225 41 Verfahren
3053 4075 62 40 für
3160 4075 63 41 die
3251 4075 122 54 Folge

1933 4140 194 52 glänzend
2155 4139 290 51 rechtfertigen.
