<?xml version="1.0" encoding="UTF-8"?>
<alto xmlns:xsi="http://www.w3.org/2001/XMLSchema-instance" xmlns="http://www.loc.gov/standards/alto/ns-v2#" xsi:schemaLocation="http://www.loc.gov/standards/alto/ns-v2# http://www.loc.gov/standards/alto/alto-v2.0.xsd" xmlns:xlink="http://www.w3.org/1999/xlink">
	<Description>
		<MeasurementUnit>mm10</MeasurementUnit>
		<sourceImageInformation>
			<fileName>//fileserver7/IN2/Princeton/Batch5/bmtnabi/1858/06/19_01/00000623.tif</fileName>
		</sourceImageInformation>
		<OCRProcessing ID="OCRPROCESSING_1">
			<preProcessingStep>
				<processingSoftware>
					<softwareCreator>CCS Content Conversion Specialists GmbH, Germany</softwareCreator>
					<softwareName>CCS docWORKS</softwareName>
					<softwareVersion>6.6-1.18</softwareVersion>
				</processingSoftware>
			</preProcessingStep>
			<ocrProcessingStep>
				<processingSoftware>
					<softwareCreator>ABBYY (BIT Software), Russia</softwareCreator>
					<softwareName>FineReader</softwareName>
					<softwareVersion>10.0</softwareVersion>
				</processingSoftware>
			</ocrProcessingStep>
		</OCRProcessing>
	</Description>
	<Styles>
		<TextStyle ID="TXT_0" FONTSIZE="17" FONTFAMILY="Times New Roman"/>
		<TextStyle ID="TXT_1" FONTSIZE="16" FONTFAMILY="Times New Roman"/>
		<TextStyle ID="TXT_2" FONTSIZE="18" FONTFAMILY="Times New Roman" FONTSTYLE="italics"/>
		<TextStyle ID="TXT_3" FONTSIZE="19" FONTFAMILY="Times New Roman" FONTSTYLE="italics"/>
		<ParagraphStyle ID="PAR_CENTER" ALIGN="Center"/>
		<ParagraphStyle ID="PAR_BLOCK" ALIGN="Block"/>
		<ParagraphStyle ID="PAR_LEFT" ALIGN="Left"/>
	</Styles>
	<Layout>
		<Page ID="P3" PHYSICAL_IMG_NR="3" HEIGHT="4432" WIDTH="3459" PRINTED_IMG_NR="195" PC="0.920">
			<TopMargin ID="P3_TM00001" HPOS="0" VPOS="0" WIDTH="3459" HEIGHT="206">
				<TextBlock ID="P3_TB00001" HPOS="1666" VPOS="154" WIDTH="105" HEIGHT="50" STYLEREFS="TXT_0 PAR_CENTER">
					<TextLine ID="P3_TL00001" HPOS="1666" VPOS="154" WIDTH="105" HEIGHT="50">
						<String ID="P3_ST00001" HPOS="1666" VPOS="154" WIDTH="105" HEIGHT="50" CONTENT="195" WC="0.28" CC="389"/>
					</TextLine>
				</TextBlock>
			</TopMargin>
			<LeftMargin ID="P3_LM00001" HPOS="0" VPOS="206" WIDTH="79" HEIGHT="4050"/>
			<RightMargin ID="P3_RM00001" HPOS="3339" VPOS="206" WIDTH="120" HEIGHT="4050"/>
			<BottomMargin ID="P3_BM00001" HPOS="0" VPOS="4256" WIDTH="3459" HEIGHT="176"/>
			<PrintSpace ID="P3_PS00001" HPOS="79" VPOS="206" WIDTH="3260" HEIGHT="4050">
				<TextBlock ID="P3_TB00002" HPOS="79" VPOS="296" WIDTH="1601" HEIGHT="3960" STYLEREFS="TXT_1 PAR_BLOCK">
					<TextLine ID="P3_TL00002" HPOS="102" VPOS="296" WIDTH="1571" HEIGHT="71">
						<String ID="P3_ST00002" HPOS="102" VPOS="304" WIDTH="62" HEIGHT="51" CONTENT="im" WC="0.62" CC="06"/>
						<SP ID="P3_SP00001" HPOS="164" VPOS="355" WIDTH="31"/>
						<String ID="P3_ST00003" HPOS="195" VPOS="305" WIDTH="117" HEIGHT="50" CONTENT="Tact" WC="0.84" CC="4000"/>
						<SP ID="P3_SP00002" HPOS="312" VPOS="355" WIDTH="30"/>
						<String ID="P3_ST00004" HPOS="342" VPOS="303" WIDTH="254" HEIGHT="52" CONTENT="behandelt" WC="0.98" CC="706770047"/>
						<SP ID="P3_SP00003" HPOS="596" VPOS="355" WIDTH="31"/>
						<String ID="P3_ST00005" HPOS="627" VPOS="303" WIDTH="92" HEIGHT="49" CONTENT="hat." WC="0.95" CC="7573"/>
						<SP ID="P3_SP00004" HPOS="719" VPOS="355" WIDTH="61"/>
						<String ID="P3_ST00006" HPOS="780" VPOS="300" WIDTH="306" HEIGHT="67" CONTENT="Wenigstens" WC="0.99" CC="2080425056"/>
						<SP ID="P3_SP00005" HPOS="1086" VPOS="367" WIDTH="31"/>
						<String ID="P3_ST00007" HPOS="1117" VPOS="298" WIDTH="81" HEIGHT="49" CONTENT="hat" WC="0.97" CC="800"/>
						<SP ID="P3_SP00006" HPOS="1198" VPOS="367" WIDTH="29"/>
						<String ID="P3_ST00008" HPOS="1227" VPOS="314" WIDTH="52" HEIGHT="33" CONTENT="er" WC="0.80" CC="04"/>
						<SP ID="P3_SP00007" HPOS="1279" VPOS="367" WIDTH="30"/>
						<String ID="P3_ST00009" HPOS="1309" VPOS="296" WIDTH="208" HEIGHT="54" CONTENT="dadurch" WC="0.98" CC="3914300"/>
						<SP ID="P3_SP00008" HPOS="1517" VPOS="367" WIDTH="32"/>
						<String ID="P3_ST00010" HPOS="1549" VPOS="300" WIDTH="124" HEIGHT="51" CONTENT="seine" WC="0.98" CC="32060"/>
					</TextLine>
					<TextLine ID="P3_TL00003" HPOS="101" VPOS="376" WIDTH="1569" HEIGHT="57">
						<String ID="P3_ST00011" HPOS="101" VPOS="384" WIDTH="368" HEIGHT="49" CONTENT="Bekanntschaft" WC="0.99" CC="5020866480655"/>
						<SP ID="P3_SP00009" HPOS="469" VPOS="433" WIDTH="37"/>
						<String ID="P3_ST00012" HPOS="506" VPOS="383" WIDTH="84" HEIGHT="48" CONTENT="mit" WC="0.97" CC="602"/>
						<SP ID="P3_SP00010" HPOS="590" VPOS="433" WIDTH="40"/>
						<String ID="P3_ST00013" HPOS="630" VPOS="381" WIDTH="91" HEIGHT="50" CONTENT="den" WC="1.00" CC="000"/>
						<SP ID="P3_SP00011" HPOS="721" VPOS="433" WIDTH="30"/>
						<String ID="P3_ST00014" HPOS="751" VPOS="380" WIDTH="257" HEIGHT="50" CONTENT="deutschen" WC="0.98" CC="966340049"/>
						<SP ID="P3_SP00012" HPOS="1008" VPOS="433" WIDTH="27"/>
						<String ID="P3_ST00015" HPOS="1035" VPOS="379" WIDTH="304" HEIGHT="48" CONTENT="Erneuerern" WC="0.99" CC="0600440309"/>
						<SP ID="P3_SP00013" HPOS="1339" VPOS="433" WIDTH="29"/>
						<String ID="P3_ST00016" HPOS="1368" VPOS="376" WIDTH="83" HEIGHT="51" CONTENT="der" WC="0.97" CC="900"/>
						<SP ID="P3_SP00014" HPOS="1451" VPOS="433" WIDTH="30"/>
						<String ID="P3_ST00017" HPOS="1481" VPOS="379" WIDTH="166" HEIGHT="49" CONTENT="altfran" SUBS_TYPE="HypPart1" SUBS_CONTENT="altfranzösischen" WC="0.99" CC="0016504"/>
						<HYP HPOS="1647" VPOS="379" WIDTH="23" CONTENT="-"/>
					</TextLine>
					<TextLine ID="P3_TL00004" HPOS="99" VPOS="456" WIDTH="1570" HEIGHT="68">
						<String ID="P3_ST00018" HPOS="99" VPOS="464" WIDTH="238" HEIGHT="49" CONTENT="zösischen" SUBS_TYPE="HypPart2" SUBS_CONTENT="altfranzösischen" WC="0.99" CC="670050007"/>
						<SP ID="P3_SP00015" HPOS="337" VPOS="513" WIDTH="27"/>
						<String ID="P3_ST00019" HPOS="364" VPOS="461" WIDTH="279" HEIGHT="59" CONTENT="Psalmodie," WC="0.64" CC="5640940600"/>
						<SP ID="P3_SP00016" HPOS="643" VPOS="520" WIDTH="27"/>
						<String ID="P3_ST00020" HPOS="670" VPOS="461" WIDTH="291" HEIGHT="55" CONTENT="Schumann," WC="0.99" CC="560270072"/>
						<SP ID="P3_SP00017" HPOS="961" VPOS="520" WIDTH="33"/>
						<String ID="P3_ST00021" HPOS="994" VPOS="458" WIDTH="147" HEIGHT="57" CONTENT="Gade," WC="0.93" CC="20001"/>
						<SP ID="P3_SP00018" HPOS="1141" VPOS="520" WIDTH="21"/>
						<String ID="P3_ST00022" HPOS="1162" VPOS="456" WIDTH="233" HEIGHT="68" CONTENT="Wagner," WC="0.98" CC="4056006"/>
						<SP ID="P3_SP00019" HPOS="1395" VPOS="524" WIDTH="24"/>
						<String ID="P3_ST00023" HPOS="1419" VPOS="458" WIDTH="250" HEIGHT="60" CONTENT="bewiesen," WC="0.99" CC="700613002"/>
					</TextLine>
					<TextLine ID="P3_TL00005" HPOS="102" VPOS="536" WIDTH="1570" HEIGHT="70">
						<String ID="P3_ST00024" HPOS="102" VPOS="562" WIDTH="137" HEIGHT="31" CONTENT="wenn" WC="0.98" CC="6040"/>
						<SP ID="P3_SP00020" HPOS="239" VPOS="593" WIDTH="31"/>
						<String ID="P3_ST00025" HPOS="270" VPOS="543" WIDTH="207" HEIGHT="50" CONTENT="er-nicht" WC="1.00" CC="20400200"/>
						<SP ID="P3_SP00021" HPOS="477" VPOS="593" WIDTH="29"/>
						<String ID="P3_ST00026" HPOS="506" VPOS="541" WIDTH="227" HEIGHT="50" CONTENT="vielleicht" WC="1.00" CC="4000000620"/>
						<SP ID="P3_SP00022" HPOS="733" VPOS="593" WIDTH="26"/>
						<String ID="P3_ST00027" HPOS="759" VPOS="558" WIDTH="58" HEIGHT="32" CONTENT="an" WC="0.66" CC="06"/>
						<SP ID="P3_SP00023" HPOS="817" VPOS="593" WIDTH="25"/>
						<String ID="P3_ST00028" HPOS="842" VPOS="539" WIDTH="84" HEIGHT="49" CONTENT="der" WC="0.94" CC="069"/>
						<SP ID="P3_SP00024" HPOS="926" VPOS="593" WIDTH="24"/>
						<String ID="P3_ST00029" HPOS="950" VPOS="538" WIDTH="171" HEIGHT="59" CONTENT="Quelle" WC="0.99" CC="520000"/>
						<SP ID="P3_SP00025" HPOS="1121" VPOS="597" WIDTH="24"/>
						<String ID="P3_ST00030" HPOS="1145" VPOS="536" WIDTH="142" HEIGHT="51" CONTENT="selbst" WC="0.98" CC="006650"/>
						<SP ID="P3_SP00026" HPOS="1287" VPOS="597" WIDTH="23"/>
						<String ID="P3_ST00031" HPOS="1310" VPOS="539" WIDTH="241" HEIGHT="67" CONTENT="geschöpft" WC="0.99" CC="811055900"/>
						<SP ID="P3_SP00027" HPOS="1551" VPOS="606" WIDTH="24"/>
						<String ID="P3_ST00032" HPOS="1575" VPOS="540" WIDTH="97" HEIGHT="59" CONTENT="hat," WC="0.97" CC="5090"/>
					</TextLine>
					<TextLine ID="P3_TL00006" HPOS="106" VPOS="616" WIDTH="1566" HEIGHT="56">
						<String ID="P3_ST00033" HPOS="106" VPOS="623" WIDTH="73" HEIGHT="49" CONTENT="die" WC="0.96" CC="046"/>
						<SP ID="P3_SP00028" HPOS="179" VPOS="672" WIDTH="45"/>
						<String ID="P3_ST00034" HPOS="224" VPOS="623" WIDTH="46" HEIGHT="48" CONTENT="in" WC="0.85" CC="02"/>
						<SP ID="P3_SP00029" HPOS="270" VPOS="672" WIDTH="44"/>
						<String ID="P3_ST00035" HPOS="314" VPOS="621" WIDTH="84" HEIGHT="50" CONTENT="der" WC="0.97" CC="060"/>
						<SP ID="P3_SP00030" HPOS="398" VPOS="672" WIDTH="37"/>
						<String ID="P3_ST00036" HPOS="435" VPOS="620" WIDTH="270" HEIGHT="51" CONTENT="Bibliothek" WC="0.99" CC="6060350700"/>
						<SP ID="P3_SP00031" HPOS="705" VPOS="672" WIDTH="43"/>
						<String ID="P3_ST00037" HPOS="748" VPOS="619" WIDTH="80" HEIGHT="48" CONTENT="des" WC="0.97" CC="053"/>
						<SP ID="P3_SP00032" HPOS="828" VPOS="672" WIDTH="32"/>
						<String ID="P3_ST00038" HPOS="860" VPOS="618" WIDTH="377" HEIGHT="49" CONTENT="Conservatoires" WC="0.77" CC="60700100560302"/>
						<SP ID="P3_SP00033" HPOS="1237" VPOS="672" WIDTH="36"/>
						<String ID="P3_ST00039" HPOS="1273" VPOS="618" WIDTH="46" HEIGHT="49" CONTENT="in" WC="0.63" CC="07"/>
						<SP ID="P3_SP00034" HPOS="1319" VPOS="672" WIDTH="30"/>
						<String ID="P3_ST00040" HPOS="1349" VPOS="616" WIDTH="90" HEIGHT="52" CONTENT="den" WC="0.98" CC="005"/>
						<SP ID="P3_SP00035" HPOS="1439" VPOS="672" WIDTH="30"/>
						<String ID="P3_ST00041" HPOS="1469" VPOS="620" WIDTH="178" HEIGHT="48" CONTENT="Partitu" SUBS_TYPE="HypPart1" SUBS_CONTENT="Partituren" WC="1.00" CC="7000000"/>
						<HYP HPOS="1647" VPOS="620" WIDTH="25" CONTENT="-"/>
					</TextLine>
					<TextLine ID="P3_TL00007" HPOS="102" VPOS="698" WIDTH="1130" HEIGHT="71">
						<String ID="P3_ST00042" HPOS="102" VPOS="720" WIDTH="84" HEIGHT="31" CONTENT="ren" SUBS_TYPE="HypPart2" SUBS_CONTENT="Partituren" WC="0.91" CC="598"/>
						<SP ID="P3_SP00036" HPOS="186" VPOS="751" WIDTH="28"/>
						<String ID="P3_ST00043" HPOS="214" VPOS="701" WIDTH="175" HEIGHT="68" CONTENT="Lully's" WC="0.67" CC="0314813"/>
						<SP ID="P3_SP00037" HPOS="389" VPOS="769" WIDTH="31"/>
						<String ID="P3_ST00044" HPOS="420" VPOS="701" WIDTH="95" HEIGHT="49" CONTENT="und" WC="0.95" CC="570"/>
						<SP ID="P3_SP00038" HPOS="515" VPOS="769" WIDTH="29"/>
						<String ID="P3_ST00045" HPOS="544" VPOS="700" WIDTH="255" HEIGHT="51" CONTENT="Bameau's" WC="0.47" CC="90059537"/>
						<SP ID="P3_SP00039" HPOS="799" VPOS="769" WIDTH="31"/>
						<String ID="P3_ST00046" HPOS="830" VPOS="698" WIDTH="217" HEIGHT="48" CONTENT="reichlich" WC="0.99" CC="290630605"/>
						<SP ID="P3_SP00040" HPOS="1047" VPOS="769" WIDTH="34"/>
						<String ID="P3_ST00047" HPOS="1081" VPOS="698" WIDTH="151" HEIGHT="49" CONTENT="lliesst." WC="0.69" CC="70006064"/>
					</TextLine>
					<TextLine ID="P3_TL00008" HPOS="220" VPOS="776" WIDTH="1453" HEIGHT="60">
						<String ID="P3_ST00048" HPOS="220" VPOS="781" WIDTH="100" HEIGHT="49" CONTENT="Der" WC="0.93" CC="763"/>
						<SP ID="P3_SP00041" HPOS="320" VPOS="830" WIDTH="31"/>
						<String ID="P3_ST00049" HPOS="351" VPOS="780" WIDTH="138" HEIGHT="50" CONTENT="dritte" WC="0.98" CC="097031"/>
						<SP ID="P3_SP00042" HPOS="489" VPOS="830" WIDTH="31"/>
						<String ID="P3_ST00050" HPOS="520" VPOS="781" WIDTH="91" HEIGHT="49" CONTENT="Act" WC="0.98" CC="013"/>
						<SP ID="P3_SP00043" HPOS="611" VPOS="830" WIDTH="30"/>
						<String ID="P3_ST00051" HPOS="641" VPOS="780" WIDTH="81" HEIGHT="48" CONTENT="hat" WC="0.96" CC="604"/>
						<SP ID="P3_SP00044" HPOS="722" VPOS="830" WIDTH="28"/>
						<String ID="P3_ST00052" HPOS="750" VPOS="776" WIDTH="136" HEIGHT="51" CONTENT="einen" WC="0.98" CC="01704"/>
						<SP ID="P3_SP00045" HPOS="886" VPOS="830" WIDTH="30"/>
						<String ID="P3_ST00053" HPOS="916" VPOS="776" WIDTH="240" HEIGHT="50" CONTENT="hübschen" WC="0.99" CC="30700105"/>
						<SP ID="P3_SP00046" HPOS="1156" VPOS="830" WIDTH="32"/>
						<String ID="P3_ST00054" HPOS="1188" VPOS="778" WIDTH="357" HEIGHT="58" CONTENT="Soldatenchor," WC="0.99" CC="4700600806052"/>
						<SP ID="P3_SP00047" HPOS="1545" VPOS="836" WIDTH="44"/>
						<String ID="P3_ST00055" HPOS="1589" VPOS="778" WIDTH="84" HEIGHT="50" CONTENT="der" WC="0.97" CC="501"/>
					</TextLine>
					<TextLine ID="P3_TL00009" HPOS="102" VPOS="856" WIDTH="1570" HEIGHT="61">
						<String ID="P3_ST00056" HPOS="102" VPOS="860" WIDTH="136" HEIGHT="50" CONTENT="mehr" WC="0.97" CC="0255"/>
						<SP ID="P3_SP00048" HPOS="238" VPOS="910" WIDTH="29"/>
						<String ID="P3_ST00057" HPOS="267" VPOS="859" WIDTH="147" HEIGHT="51" CONTENT="durch" WC="0.98" CC="00606"/>
						<SP ID="P3_SP00049" HPOS="414" VPOS="910" WIDTH="32"/>
						<String ID="P3_ST00058" HPOS="446" VPOS="860" WIDTH="74" HEIGHT="50" CONTENT="die" WC="1.00" CC="000"/>
						<SP ID="P3_SP00050" HPOS="520" VPOS="910" WIDTH="23"/>
						<String ID="P3_ST00059" HPOS="543" VPOS="861" WIDTH="162" HEIGHT="56" CONTENT="Form," WC="0.97" CC="44083"/>
						<SP ID="P3_SP00051" HPOS="705" VPOS="917" WIDTH="32"/>
						<String ID="P3_ST00060" HPOS="737" VPOS="858" WIDTH="66" HEIGHT="49" CONTENT="als" WC="0.98" CC="006"/>
						<SP ID="P3_SP00052" HPOS="803" VPOS="917" WIDTH="31"/>
						<String ID="P3_ST00061" HPOS="834" VPOS="856" WIDTH="147" HEIGHT="50" CONTENT="durch" WC="0.98" CC="05500"/>
						<SP ID="P3_SP00053" HPOS="981" VPOS="917" WIDTH="24"/>
						<String ID="P3_ST00062" HPOS="1005" VPOS="856" WIDTH="72" HEIGHT="51" CONTENT="die" WC="1.00" CC="000"/>
						<SP ID="P3_SP00054" HPOS="1077" VPOS="917" WIDTH="26"/>
						<String ID="P3_ST00063" HPOS="1103" VPOS="858" WIDTH="171" HEIGHT="49" CONTENT="Motive" WC="0.99" CC="230050"/>
						<SP ID="P3_SP00055" HPOS="1274" VPOS="917" WIDTH="24"/>
						<String ID="P3_ST00064" HPOS="1298" VPOS="875" WIDTH="60" HEIGHT="32" CONTENT="an" WC="1.00" CC="00"/>
						<SP ID="P3_SP00056" HPOS="1358" VPOS="917" WIDTH="25"/>
						<String ID="P3_ST00065" HPOS="1383" VPOS="858" WIDTH="187" HEIGHT="50" CONTENT="Weber" WC="0.99" CC="00603"/>
						<SP ID="P3_SP00057" HPOS="1570" VPOS="917" WIDTH="29"/>
						<String ID="P3_ST00066" HPOS="1599" VPOS="875" WIDTH="49" HEIGHT="32" CONTENT="er" SUBS_TYPE="HypPart1" SUBS_CONTENT="erinnert." WC="0.98" CC="04"/>
						<HYP HPOS="1648" VPOS="875" WIDTH="24" CONTENT="-"/>
					</TextLine>
					<TextLine ID="P3_TL00010" HPOS="103" VPOS="936" WIDTH="1567" HEIGHT="69">
						<String ID="P3_ST00067" HPOS="103" VPOS="940" WIDTH="165" HEIGHT="48" CONTENT="innert." SUBS_TYPE="HypPart2" SUBS_CONTENT="erinnert." WC="0.98" CC="0850654"/>
						<SP ID="P3_SP00058" HPOS="268" VPOS="988" WIDTH="32"/>
						<String ID="P3_ST00068" HPOS="300" VPOS="940" WIDTH="89" HEIGHT="48" CONTENT="Ein" WC="0.96" CC="307"/>
						<SP ID="P3_SP00059" HPOS="389" VPOS="988" WIDTH="18"/>
						<String ID="P3_ST00069" HPOS="407" VPOS="940" WIDTH="217" HEIGHT="59" CONTENT="Quintett" WC="0.99" CC="45030005"/>
						<SP ID="P3_SP00060" HPOS="624" VPOS="999" WIDTH="20"/>
						<String ID="P3_ST00070" HPOS="644" VPOS="938" WIDTH="57" HEIGHT="49" CONTENT="ist" WC="0.96" CC="055"/>
						<SP ID="P3_SP00061" HPOS="701" VPOS="999" WIDTH="22"/>
						<String ID="P3_ST00071" HPOS="723" VPOS="936" WIDTH="108" HEIGHT="54" CONTENT="sehr" WC="0.94" CC="1896"/>
						<SP ID="P3_SP00062" HPOS="831" VPOS="999" WIDTH="22"/>
						<String ID="P3_ST00072" HPOS="853" VPOS="945" WIDTH="83" HEIGHT="57" CONTENT="gut" WC="0.95" CC="650"/>
						<SP ID="P3_SP00063" HPOS="936" VPOS="1002" WIDTH="30"/>
						<String ID="P3_ST00073" HPOS="966" VPOS="938" WIDTH="218" HEIGHT="67" CONTENT="angelegt" WC="0.98" CC="06805090"/>
						<SP ID="P3_SP00064" HPOS="1184" VPOS="1005" WIDTH="29"/>
						<String ID="P3_ST00074" HPOS="1213" VPOS="936" WIDTH="94" HEIGHT="50" CONTENT="und" WC="0.98" CC="410"/>
						<SP ID="P3_SP00065" HPOS="1307" VPOS="1005" WIDTH="31"/>
						<String ID="P3_ST00075" HPOS="1338" VPOS="938" WIDTH="178" HEIGHT="48" CONTENT="enthält" WC="0.98" CC="0356444"/>
						<SP ID="P3_SP00066" HPOS="1516" VPOS="1005" WIDTH="24"/>
						<String ID="P3_ST00076" HPOS="1540" VPOS="955" WIDTH="98" HEIGHT="32" CONTENT="man" SUBS_TYPE="HypPart1" SUBS_CONTENT="manches" WC="0.96" CC="086"/>
						<HYP HPOS="1638" VPOS="955" WIDTH="32" CONTENT="-"/>
					</TextLine>
					<TextLine ID="P3_TL00011" HPOS="102" VPOS="1016" WIDTH="1570" HEIGHT="70">
						<String ID="P3_ST00077" HPOS="102" VPOS="1020" WIDTH="108" HEIGHT="50" CONTENT="ches" SUBS_TYPE="HypPart2" SUBS_CONTENT="manches" WC="0.97" CC="6303"/>
						<SP ID="P3_SP00067" HPOS="210" VPOS="1070" WIDTH="29"/>
						<String ID="P3_ST00078" HPOS="239" VPOS="1021" WIDTH="271" HEIGHT="65" CONTENT="Frappante" WC="0.99" CC="410350500"/>
						<SP ID="P3_SP00068" HPOS="510" VPOS="1086" WIDTH="29"/>
						<String ID="P3_ST00079" HPOS="539" VPOS="1019" WIDTH="62" HEIGHT="49" CONTENT="im" WC="0.81" CC="21"/>
						<SP ID="P3_SP00069" HPOS="601" VPOS="1086" WIDTH="27"/>
						<String ID="P3_ST00080" HPOS="628" VPOS="1018" WIDTH="272" HEIGHT="58" CONTENT="Orchester," WC="1.00" CC="4004500002"/>
						<SP ID="P3_SP00070" HPOS="900" VPOS="1086" WIDTH="30"/>
						<String ID="P3_ST00081" HPOS="930" VPOS="1018" WIDTH="198" HEIGHT="49" CONTENT="welches" WC="1.00" CC="0020103"/>
						<SP ID="P3_SP00071" HPOS="1128" VPOS="1086" WIDTH="32"/>
						<String ID="P3_ST00082" HPOS="1160" VPOS="1016" WIDTH="137" HEIGHT="51" CONTENT="dabei" WC="0.97" CC="08560"/>
						<SP ID="P3_SP00072" HPOS="1297" VPOS="1086" WIDTH="32"/>
						<String ID="P3_ST00083" HPOS="1329" VPOS="1018" WIDTH="136" HEIGHT="48" CONTENT="mehr" WC="0.99" CC="0060"/>
						<SP ID="P3_SP00073" HPOS="1465" VPOS="1086" WIDTH="30"/>
						<String ID="P3_ST00084" HPOS="1495" VPOS="1018" WIDTH="65" HEIGHT="49" CONTENT="als" WC="0.97" CC="231"/>
						<SP ID="P3_SP00074" HPOS="1560" VPOS="1086" WIDTH="32"/>
						<String ID="P3_ST00085" HPOS="1592" VPOS="1035" WIDTH="54" HEIGHT="50" CONTENT="ge" SUBS_TYPE="HypPart1" SUBS_CONTENT="gewöhnlich" WC="0.95" CC="90"/>
						<HYP HPOS="1646" VPOS="1035" WIDTH="26" CONTENT="-"/>
					</TextLine>
					<TextLine ID="P3_TL00012" HPOS="101" VPOS="1096" WIDTH="1572" HEIGHT="66">
						<String ID="P3_ST00086" HPOS="101" VPOS="1100" WIDTH="232" HEIGHT="50" CONTENT="wöhnlich" SUBS_TYPE="HypPart2" SUBS_CONTENT="gewöhnlich" WC="0.99" CC="00351076"/>
						<SP ID="P3_SP00075" HPOS="333" VPOS="1150" WIDTH="23"/>
						<String ID="P3_ST00087" HPOS="356" VPOS="1099" WIDTH="202" HEIGHT="49" CONTENT="bedacht" WC="0.99" CC="7200061"/>
						<SP ID="P3_SP00076" HPOS="558" VPOS="1150" WIDTH="23"/>
						<String ID="P3_ST00088" HPOS="581" VPOS="1098" WIDTH="66" HEIGHT="49" CONTENT="ist." WC="0.97" CC="5323"/>
						<SP ID="P3_SP00077" HPOS="647" VPOS="1150" WIDTH="33"/>
						<String ID="P3_ST00089" HPOS="680" VPOS="1098" WIDTH="88" HEIGHT="48" CONTENT="Die" WC="0.96" CC="900"/>
						<SP ID="P3_SP00078" HPOS="768" VPOS="1150" WIDTH="29"/>
						<String ID="P3_ST00090" HPOS="797" VPOS="1098" WIDTH="317" HEIGHT="64" CONTENT="gehaltvollste" WC="0.99" CC="9420000105650"/>
						<SP ID="P3_SP00079" HPOS="1114" VPOS="1162" WIDTH="29"/>
						<String ID="P3_ST00091" HPOS="1143" VPOS="1099" WIDTH="234" HEIGHT="48" CONTENT="Nummer" WC="0.98" CC="416005"/>
						<SP ID="P3_SP00080" HPOS="1377" VPOS="1162" WIDTH="29"/>
						<String ID="P3_ST00092" HPOS="1406" VPOS="1098" WIDTH="155" HEIGHT="50" CONTENT="dürfte" WC="0.99" CC="000005"/>
						<SP ID="P3_SP00081" HPOS="1561" VPOS="1162" WIDTH="31"/>
						<String ID="P3_ST00093" HPOS="1592" VPOS="1096" WIDTH="81" HEIGHT="51" CONTENT="das" WC="0.95" CC="056"/>
					</TextLine>
					<TextLine ID="P3_TL00013" HPOS="103" VPOS="1174" WIDTH="1570" HEIGHT="71">
						<String ID="P3_ST00094" HPOS="103" VPOS="1195" WIDTH="159" HEIGHT="50" CONTENT="grosse" WC="0.98" CC="951030"/>
						<SP ID="P3_SP00082" HPOS="262" VPOS="1245" WIDTH="28"/>
						<String ID="P3_ST00095" HPOS="290" VPOS="1180" WIDTH="149" HEIGHT="47" CONTENT="Duett" WC="1.00" CC="00000"/>
						<SP ID="P3_SP00083" HPOS="439" VPOS="1245" WIDTH="29"/>
						<String ID="P3_ST00096" HPOS="468" VPOS="1178" WIDTH="80" HEIGHT="48" CONTENT="für" WC="0.99" CC="002"/>
						<SP ID="P3_SP00084" HPOS="548" VPOS="1245" WIDTH="30"/>
						<String ID="P3_ST00097" HPOS="578" VPOS="1179" WIDTH="156" HEIGHT="48" CONTENT="Tenor" WC="1.00" CC="10100"/>
						<SP ID="P3_SP00085" HPOS="734" VPOS="1245" WIDTH="31"/>
						<String ID="P3_ST00098" HPOS="765" VPOS="1175" WIDTH="225" HEIGHT="67" CONTENT="(Quentin" WC="0.63" CC="69005007"/>
						<SP ID="P3_SP00086" HPOS="990" VPOS="1245" WIDTH="20"/>
						<String ID="P3_ST00099" HPOS="1010" VPOS="1175" WIDTH="259" HEIGHT="67" CONTENT="Durward)" WC="0.99" CC="70000107"/>
						<SP ID="P3_SP00087" HPOS="1269" VPOS="1245" WIDTH="32"/>
						<String ID="P3_ST00100" HPOS="1301" VPOS="1175" WIDTH="96" HEIGHT="50" CONTENT="und" WC="0.95" CC="380"/>
						<SP ID="P3_SP00088" HPOS="1397" VPOS="1245" WIDTH="31"/>
						<String ID="P3_ST00101" HPOS="1428" VPOS="1178" WIDTH="113" HEIGHT="48" CONTENT="Bass" WC="0.58" CC="6046"/>
						<SP ID="P3_SP00089" HPOS="1541" VPOS="1245" WIDTH="32"/>
						<String ID="P3_ST00102" HPOS="1573" VPOS="1174" WIDTH="100" HEIGHT="68" CONTENT="(der" WC="0.98" CC="6004"/>
					</TextLine>
					<TextLine ID="P3_TL00014" HPOS="105" VPOS="1256" WIDTH="1568" HEIGHT="68">
						<String ID="P3_ST00103" HPOS="105" VPOS="1256" WIDTH="254" HEIGHT="68" CONTENT="Gesandte)" WC="0.99" CC="704440306"/>
						<SP ID="P3_SP00090" HPOS="359" VPOS="1324" WIDTH="31"/>
						<String ID="P3_ST00104" HPOS="390" VPOS="1256" WIDTH="115" HEIGHT="59" CONTENT="sein," WC="0.98" CC="20072"/>
						<SP ID="P3_SP00091" HPOS="505" VPOS="1324" WIDTH="31"/>
						<String ID="P3_ST00105" HPOS="536" VPOS="1256" WIDTH="82" HEIGHT="50" CONTENT="das" WC="0.97" CC="080"/>
						<SP ID="P3_SP00092" HPOS="618" VPOS="1324" WIDTH="21"/>
						<String ID="P3_ST00106" HPOS="639" VPOS="1258" WIDTH="164" HEIGHT="48" CONTENT="zuletzt" WC="0.99" CC="6000301"/>
						<SP ID="P3_SP00093" HPOS="803" VPOS="1324" WIDTH="20"/>
						<String ID="P3_ST00107" HPOS="823" VPOS="1274" WIDTH="103" HEIGHT="32" CONTENT="zum" WC="0.95" CC="309"/>
						<SP ID="P3_SP00094" HPOS="926" VPOS="1324" WIDTH="27"/>
						<String ID="P3_ST00108" HPOS="953" VPOS="1258" WIDTH="185" HEIGHT="48" CONTENT="Terzett" WC="1.00" CC="0050000"/>
						<SP ID="P3_SP00095" HPOS="1138" VPOS="1324" WIDTH="23"/>
						<String ID="P3_ST00109" HPOS="1161" VPOS="1256" WIDTH="80" HEIGHT="49" CONTENT="für" WC="0.97" CC="305"/>
						<SP ID="P3_SP00096" HPOS="1241" VPOS="1324" WIDTH="14"/>
						<String ID="P3_ST00110" HPOS="1255" VPOS="1256" WIDTH="418" HEIGHT="50" CONTENT="Männerstimmen" WC="0.99" CC="0555053000216"/>
					</TextLine>
					<TextLine ID="P3_TL00015" HPOS="103" VPOS="1335" WIDTH="1570" HEIGHT="60">
						<String ID="P3_ST00111" HPOS="103" VPOS="1336" WIDTH="141" HEIGHT="58" CONTENT="wird;" WC="0.99" CC="00405"/>
						<SP ID="P3_SP00097" HPOS="244" VPOS="1394" WIDTH="33"/>
						<String ID="P3_ST00112" HPOS="277" VPOS="1354" WIDTH="47" HEIGHT="32" CONTENT="es" WC="1.00" CC="00"/>
						<SP ID="P3_SP00098" HPOS="324" VPOS="1394" WIDTH="32"/>
						<String ID="P3_ST00113" HPOS="356" VPOS="1336" WIDTH="163" HEIGHT="50" CONTENT="würde" WC="1.00" CC="00300"/>
						<SP ID="P3_SP00099" HPOS="519" VPOS="1394" WIDTH="22"/>
						<String ID="P3_ST00114" HPOS="541" VPOS="1338" WIDTH="122" HEIGHT="49" CONTENT="noch" WC="1.00" CC="0001"/>
						<SP ID="P3_SP00100" HPOS="663" VPOS="1394" WIDTH="26"/>
						<String ID="P3_ST00115" HPOS="689" VPOS="1336" WIDTH="132" HEIGHT="51" CONTENT="mehr" WC="1.00" CC="0000"/>
						<SP ID="P3_SP00101" HPOS="821" VPOS="1394" WIDTH="14"/>
						<String ID="P3_ST00116" HPOS="835" VPOS="1336" WIDTH="103" HEIGHT="50" CONTENT="Lob" WC="0.94" CC="625"/>
						<SP ID="P3_SP00102" HPOS="938" VPOS="1394" WIDTH="23"/>
						<String ID="P3_ST00117" HPOS="961" VPOS="1335" WIDTH="269" HEIGHT="60" CONTENT="verdienen," WC="1.00" CC="3000102063"/>
						<SP ID="P3_SP00103" HPOS="1230" VPOS="1395" WIDTH="32"/>
						<String ID="P3_ST00118" HPOS="1262" VPOS="1353" WIDTH="137" HEIGHT="32" CONTENT="wenn" WC="0.97" CC="0085"/>
						<SP ID="P3_SP00104" HPOS="1399" VPOS="1395" WIDTH="24"/>
						<String ID="P3_ST00119" HPOS="1423" VPOS="1335" WIDTH="84" HEIGHT="50" CONTENT="der" WC="0.99" CC="003"/>
						<SP ID="P3_SP00105" HPOS="1507" VPOS="1395" WIDTH="24"/>
						<String ID="P3_ST00120" HPOS="1531" VPOS="1336" WIDTH="107" HEIGHT="50" CONTENT="Com" SUBS_TYPE="HypPart1" SUBS_CONTENT="Componist" WC="0.39" CC="739"/>
						<HYP HPOS="1638" VPOS="1336" WIDTH="35" CONTENT="-"/>
					</TextLine>
					<TextLine ID="P3_TL00016" HPOS="103" VPOS="1415" WIDTH="1570" HEIGHT="67">
						<String ID="P3_ST00121" HPOS="103" VPOS="1416" WIDTH="154" HEIGHT="66" CONTENT="ponist" SUBS_TYPE="HypPart2" SUBS_CONTENT="Componist" WC="0.60" CC="808420"/>
						<SP ID="P3_SP00106" HPOS="257" VPOS="1482" WIDTH="42"/>
						<String ID="P3_ST00122" HPOS="299" VPOS="1415" WIDTH="107" HEIGHT="51" CONTENT="dem" WC="1.00" CC="000"/>
						<SP ID="P3_SP00107" HPOS="406" VPOS="1482" WIDTH="31"/>
						<String ID="P3_ST00123" HPOS="437" VPOS="1416" WIDTH="112" HEIGHT="50" CONTENT="Stile" WC="0.98" CC="44030"/>
						<SP ID="P3_SP00108" HPOS="549" VPOS="1482" WIDTH="43"/>
						<String ID="P3_ST00124" HPOS="592" VPOS="1416" WIDTH="83" HEIGHT="50" CONTENT="der" WC="0.99" CC="003"/>
						<SP ID="P3_SP00109" HPOS="675" VPOS="1482" WIDTH="30"/>
						<String ID="P3_ST00125" HPOS="705" VPOS="1416" WIDTH="210" HEIGHT="66" CONTENT="Gattung" WC="0.99" CC="5006040"/>
						<SP ID="P3_SP00110" HPOS="915" VPOS="1482" WIDTH="43"/>
						<String ID="P3_ST00126" HPOS="958" VPOS="1415" WIDTH="135" HEIGHT="50" CONTENT="mehr" WC="0.98" CC="2024"/>
						<SP ID="P3_SP00111" HPOS="1093" VPOS="1482" WIDTH="40"/>
						<String ID="P3_ST00127" HPOS="1133" VPOS="1421" WIDTH="106" HEIGHT="44" CONTENT="treu" WC="0.99" CC="0004"/>
						<SP ID="P3_SP00112" HPOS="1239" VPOS="1482" WIDTH="30"/>
						<String ID="P3_ST00128" HPOS="1269" VPOS="1415" WIDTH="249" HEIGHT="66" CONTENT="geblieben" WC="0.99" CC="906000700"/>
						<SP ID="P3_SP00113" HPOS="1518" VPOS="1482" WIDTH="29"/>
						<String ID="P3_ST00129" HPOS="1547" VPOS="1419" WIDTH="126" HEIGHT="46" CONTENT="wäre" WC="0.99" CC="0050"/>
					</TextLine>
					<TextLine ID="P3_TL00017" HPOS="103" VPOS="1494" WIDTH="1570" HEIGHT="67">
						<String ID="P3_ST00130" HPOS="103" VPOS="1495" WIDTH="97" HEIGHT="50" CONTENT="und" WC="0.95" CC="580"/>
						<SP ID="P3_SP00114" HPOS="200" VPOS="1545" WIDTH="23"/>
						<String ID="P3_ST00131" HPOS="223" VPOS="1495" WIDTH="73" HEIGHT="50" CONTENT="die" WC="0.95" CC="057"/>
						<SP ID="P3_SP00115" HPOS="296" VPOS="1545" WIDTH="24"/>
						<String ID="P3_ST00132" HPOS="320" VPOS="1495" WIDTH="253" HEIGHT="51" CONTENT="Rücksicht" WC="0.99" CC="400310029"/>
						<SP ID="P3_SP00116" HPOS="573" VPOS="1546" WIDTH="22"/>
						<String ID="P3_ST00133" HPOS="595" VPOS="1496" WIDTH="85" HEIGHT="50" CONTENT="auf" WC="0.99" CC="200"/>
						<SP ID="P3_SP00117" HPOS="680" VPOS="1546" WIDTH="10"/>
						<String ID="P3_ST00134" HPOS="690" VPOS="1495" WIDTH="152" HEIGHT="50" CONTENT="Effect" WC="1.00" CC="000400"/>
						<SP ID="P3_SP00118" HPOS="842" VPOS="1546" WIDTH="22"/>
						<String ID="P3_ST00135" HPOS="864" VPOS="1495" WIDTH="149" HEIGHT="48" CONTENT="durch" WC="0.98" CC="06505"/>
						<SP ID="P3_SP00119" HPOS="1013" VPOS="1546" WIDTH="24"/>
						<String ID="P3_ST00136" HPOS="1037" VPOS="1498" WIDTH="216" HEIGHT="63" CONTENT="grössere" WC="1.00" CC="00000040"/>
						<SP ID="P3_SP00120" HPOS="1253" VPOS="1561" WIDTH="28"/>
						<String ID="P3_ST00137" HPOS="1281" VPOS="1494" WIDTH="165" HEIGHT="58" CONTENT="Mittel," WC="1.00" CC="0030003"/>
						<SP ID="P3_SP00121" HPOS="1446" VPOS="1561" WIDTH="30"/>
						<String ID="P3_ST00138" HPOS="1476" VPOS="1495" WIDTH="66" HEIGHT="48" CONTENT="als" WC="0.94" CC="860"/>
						<SP ID="P3_SP00122" HPOS="1542" VPOS="1561" WIDTH="29"/>
						<String ID="P3_ST00139" HPOS="1571" VPOS="1495" WIDTH="102" HEIGHT="48" CONTENT="hier" WC="0.98" CC="6004"/>
					</TextLine>
					<TextLine ID="P3_TL00018" HPOS="106" VPOS="1574" WIDTH="1564" HEIGHT="68">
						<String ID="P3_ST00140" HPOS="106" VPOS="1576" WIDTH="246" HEIGHT="66" CONTENT="eigentlich" WC="0.99" CC="0001784306"/>
						<SP ID="P3_SP00123" HPOS="352" VPOS="1642" WIDTH="32"/>
						<String ID="P3_ST00141" HPOS="384" VPOS="1594" WIDTH="57" HEIGHT="32" CONTENT="an" WC="0.70" CC="05"/>
						<SP ID="P3_SP00124" HPOS="441" VPOS="1642" WIDTH="31"/>
						<String ID="P3_ST00142" HPOS="472" VPOS="1576" WIDTH="83" HEIGHT="49" CONTENT="der" WC="0.98" CC="006"/>
						<SP ID="P3_SP00125" HPOS="555" VPOS="1642" WIDTH="28"/>
						<String ID="P3_ST00143" HPOS="583" VPOS="1576" WIDTH="143" HEIGHT="50" CONTENT="Stelle" WC="0.99" CC="330200"/>
						<SP ID="P3_SP00126" HPOS="726" VPOS="1642" WIDTH="29"/>
						<String ID="P3_ST00144" HPOS="755" VPOS="1574" WIDTH="117" HEIGHT="58" CONTENT="sind," WC="0.99" CC="00800"/>
						<SP ID="P3_SP00127" HPOS="872" VPOS="1642" WIDTH="31"/>
						<String ID="P3_ST00145" HPOS="903" VPOS="1592" WIDTH="83" HEIGHT="33" CONTENT="aus" WC="0.98" CC="014"/>
						<SP ID="P3_SP00128" HPOS="986" VPOS="1642" WIDTH="32"/>
						<String ID="P3_ST00146" HPOS="1018" VPOS="1574" WIDTH="90" HEIGHT="49" CONTENT="den" WC="0.98" CC="004"/>
						<SP ID="P3_SP00129" HPOS="1108" VPOS="1642" WIDTH="21"/>
						<String ID="P3_ST00147" HPOS="1129" VPOS="1575" WIDTH="172" HEIGHT="66" CONTENT="Augen" WC="0.98" CC="02008"/>
						<SP ID="P3_SP00130" HPOS="1301" VPOS="1642" WIDTH="30"/>
						<String ID="P3_ST00148" HPOS="1331" VPOS="1581" WIDTH="173" HEIGHT="60" CONTENT="gesetzt" WC="0.98" CC="9320051"/>
						<SP ID="P3_SP00131" HPOS="1504" VPOS="1642" WIDTH="28"/>
						<String ID="P3_ST00149" HPOS="1532" VPOS="1575" WIDTH="138" HEIGHT="50" CONTENT="hätte." WC="0.99" CC="506000"/>
					</TextLine>
					<TextLine ID="P3_TL00019" HPOS="102" VPOS="1654" WIDTH="1568" HEIGHT="66">
						<String ID="P3_ST00150" HPOS="102" VPOS="1655" WIDTH="255" HEIGHT="50" CONTENT="Jedenfalls" WC="0.99" CC="0600603010"/>
						<SP ID="P3_SP00132" HPOS="357" VPOS="1705" WIDTH="30"/>
						<String ID="P3_ST00151" HPOS="387" VPOS="1655" WIDTH="236" HEIGHT="50" CONTENT="offenbart" WC="0.99" CC="000176060"/>
						<SP ID="P3_SP00133" HPOS="623" VPOS="1705" WIDTH="29"/>
						<String ID="P3_ST00152" HPOS="652" VPOS="1672" WIDTH="47" HEIGHT="33" CONTENT="es" WC="0.94" CC="10"/>
						<SP ID="P3_SP00134" HPOS="699" VPOS="1705" WIDTH="30"/>
						<String ID="P3_ST00153" HPOS="729" VPOS="1654" WIDTH="89" HEIGHT="49" CONTENT="den" WC="0.96" CC="605"/>
						<SP ID="P3_SP00135" HPOS="818" VPOS="1705" WIDTH="30"/>
						<String ID="P3_ST00154" HPOS="848" VPOS="1654" WIDTH="298" HEIGHT="49" CONTENT="talentvollen" WC="0.99" CC="000487004006"/>
						<SP ID="P3_SP00136" HPOS="1146" VPOS="1705" WIDTH="30"/>
						<String ID="P3_ST00155" HPOS="1176" VPOS="1654" WIDTH="96" HEIGHT="49" CONTENT="und" WC="0.97" CC="070"/>
						<SP ID="P3_SP00137" HPOS="1272" VPOS="1705" WIDTH="28"/>
						<String ID="P3_ST00156" HPOS="1300" VPOS="1654" WIDTH="242" HEIGHT="66" CONTENT="tüchtigen" WC="0.99" CC="000770003"/>
						<SP ID="P3_SP00138" HPOS="1542" VPOS="1720" WIDTH="24"/>
						<String ID="P3_ST00157" HPOS="1566" VPOS="1655" WIDTH="70" HEIGHT="48" CONTENT="Mu" SUBS_TYPE="HypPart1" SUBS_CONTENT="Musiker" WC="0.95" CC="72"/>
						<HYP HPOS="1636" VPOS="1655" WIDTH="34" CONTENT="-"/>
					</TextLine>
					<TextLine ID="P3_TL00020" HPOS="106" VPOS="1733" WIDTH="1563" HEIGHT="67">
						<String ID="P3_ST00158" HPOS="106" VPOS="1734" WIDTH="124" HEIGHT="49" CONTENT="siker" SUBS_TYPE="HypPart2" SUBS_CONTENT="Musiker" WC="0.98" CC="66000"/>
						<SP ID="P3_SP00139" HPOS="230" VPOS="1783" WIDTH="27"/>
						<String ID="P3_ST00159" HPOS="257" VPOS="1735" WIDTH="47" HEIGHT="48" CONTENT="in" WC="0.48" CC="18"/>
						<SP ID="P3_SP00140" HPOS="304" VPOS="1783" WIDTH="32"/>
						<String ID="P3_ST00160" HPOS="336" VPOS="1735" WIDTH="216" HEIGHT="57" CONTENT="Gevaert," WC="0.83" CC="02700102"/>
						<SP ID="P3_SP00141" HPOS="552" VPOS="1792" WIDTH="29"/>
						<String ID="P3_ST00161" HPOS="581" VPOS="1735" WIDTH="89" HEIGHT="50" CONTENT="wie" WC="1.00" CC="000"/>
						<SP ID="P3_SP00142" HPOS="670" VPOS="1792" WIDTH="30"/>
						<String ID="P3_ST00162" HPOS="700" VPOS="1734" WIDTH="122" HEIGHT="49" CONTENT="denn" WC="0.97" CC="0058"/>
						<SP ID="P3_SP00143" HPOS="822" VPOS="1792" WIDTH="31"/>
						<String ID="P3_ST00163" HPOS="853" VPOS="1733" WIDTH="270" HEIGHT="67" CONTENT="überhaupt" WC="0.99" CC="060473000"/>
						<SP ID="P3_SP00144" HPOS="1123" VPOS="1800" WIDTH="28"/>
						<String ID="P3_ST00164" HPOS="1151" VPOS="1733" WIDTH="72" HEIGHT="49" CONTENT="die" WC="1.00" CC="000"/>
						<SP ID="P3_SP00145" HPOS="1223" VPOS="1800" WIDTH="31"/>
						<String ID="P3_ST00165" HPOS="1254" VPOS="1750" WIDTH="145" HEIGHT="50" CONTENT="ganze" WC="0.97" CC="09860"/>
						<SP ID="P3_SP00146" HPOS="1399" VPOS="1800" WIDTH="31"/>
						<String ID="P3_ST00166" HPOS="1430" VPOS="1734" WIDTH="131" HEIGHT="66" CONTENT="Oper" WC="0.99" CC="6000"/>
						<SP ID="P3_SP00147" HPOS="1561" VPOS="1800" WIDTH="29"/>
						<String ID="P3_ST00167" HPOS="1590" VPOS="1750" WIDTH="53" HEIGHT="50" CONTENT="ge" SUBS_TYPE="HypPart1" SUBS_CONTENT="gegen" WC="0.94" CC="95"/>
						<HYP HPOS="1643" VPOS="1750" WIDTH="26" CONTENT="-"/>
					</TextLine>
					<TextLine ID="P3_TL00021" HPOS="105" VPOS="1814" WIDTH="1575" HEIGHT="68">
						<String ID="P3_ST00168" HPOS="105" VPOS="1832" WIDTH="90" HEIGHT="49" CONTENT="gen" SUBS_TYPE="HypPart2" SUBS_CONTENT="gegen" WC="0.93" CC="908"/>
						<SP ID="P3_SP00148" HPOS="195" VPOS="1881" WIDTH="29"/>
						<String ID="P3_ST00169" HPOS="224" VPOS="1814" WIDTH="74" HEIGHT="49" CONTENT="die" WC="1.00" CC="000"/>
						<SP ID="P3_SP00149" HPOS="298" VPOS="1881" WIDTH="31"/>
						<String ID="P3_ST00170" HPOS="329" VPOS="1815" WIDTH="318" HEIGHT="67" CONTENT="Composition" WC="0.67" CC="72401640018"/>
						<SP ID="P3_SP00150" HPOS="647" VPOS="1882" WIDTH="44"/>
						<String ID="P3_ST00171" HPOS="691" VPOS="1814" WIDTH="84" HEIGHT="49" CONTENT="der" WC="0.96" CC="046"/>
						<SP ID="P3_SP00151" HPOS="775" VPOS="1882" WIDTH="758"/>
						<String ID="P3_ST00172" HPOS="1533" VPOS="1814" WIDTH="74" HEIGHT="49" CONTENT="Lavan" WC="0.71" CC="08005" STYLEREFS="TXT_2"/>
						<SP ID="P3_SP00152" HPOS="1607" VPOS="1882" WIDTH="1"/>
						<String ID="P3_ST00173" HPOS="1608" VPOS="1814" WIDTH="72" HEIGHT="49" CONTENT="einen" WC="0.98" CC="20804"/>
					</TextLine>
					<TextLine ID="P3_TL00022" HPOS="105" VPOS="1891" WIDTH="1567" HEIGHT="68">
						<String ID="P3_ST00174" HPOS="105" VPOS="1894" WIDTH="308" HEIGHT="49" CONTENT="erfreulichen" WC="1.00" CC="300000500026"/>
						<SP ID="P3_SP00153" HPOS="413" VPOS="1943" WIDTH="22"/>
						<String ID="P3_ST00175" HPOS="435" VPOS="1894" WIDTH="280" HEIGHT="49" CONTENT="Fortschritt" WC="0.99" CC="72454040060"/>
						<SP ID="P3_SP00154" HPOS="715" VPOS="1943" WIDTH="21"/>
						<String ID="P3_ST00176" HPOS="736" VPOS="1894" WIDTH="45" HEIGHT="48" CONTENT="in" WC="0.63" CC="07"/>
						<SP ID="P3_SP00155" HPOS="781" VPOS="1943" WIDTH="23"/>
						<String ID="P3_ST00177" HPOS="804" VPOS="1891" WIDTH="89" HEIGHT="50" CONTENT="den" WC="0.94" CC="906"/>
						<SP ID="P3_SP00156" HPOS="893" VPOS="1943" WIDTH="23"/>
						<String ID="P3_ST00178" HPOS="916" VPOS="1893" WIDTH="287" HEIGHT="66" CONTENT="Leistungen" WC="1.00" CC="0000086002"/>
						<SP ID="P3_SP00157" HPOS="1203" VPOS="1959" WIDTH="31"/>
						<String ID="P3_ST00179" HPOS="1234" VPOS="1891" WIDTH="146" HEIGHT="51" CONTENT="dieses" WC="1.00" CC="000202"/>
						<SP ID="P3_SP00158" HPOS="1380" VPOS="1959" WIDTH="24"/>
						<String ID="P3_ST00180" HPOS="1404" VPOS="1891" WIDTH="268" HEIGHT="68" CONTENT="belgischen" WC="0.99" CC="5209000003"/>
					</TextLine>
					<TextLine ID="P3_TL00023" HPOS="112" VPOS="1973" WIDTH="615" HEIGHT="66">
						<String ID="P3_ST00181" HPOS="112" VPOS="1974" WIDTH="333" HEIGHT="65" CONTENT="Componisten" WC="0.55" CC="82604630644"/>
						<SP ID="P3_SP00159" HPOS="445" VPOS="2039" WIDTH="29"/>
						<String ID="P3_ST00182" HPOS="474" VPOS="1973" WIDTH="253" HEIGHT="50" CONTENT="bekundet." WC="0.99" CC="700480604"/>
					</TextLine>
					<TextLine ID="P3_TL00024" HPOS="221" VPOS="2050" WIDTH="1449" HEIGHT="69">
						<String ID="P3_ST00183" HPOS="221" VPOS="2054" WIDTH="99" HEIGHT="48" CONTENT="Das" WC="0.97" CC="600"/>
						<SP ID="P3_SP00160" HPOS="320" VPOS="2102" WIDTH="44"/>
						<String ID="P3_ST00184" HPOS="364" VPOS="2070" WIDTH="161" HEIGHT="32" CONTENT="waren" WC="0.99" CC="00403"/>
						<SP ID="P3_SP00161" HPOS="525" VPOS="2102" WIDTH="42"/>
						<String ID="P3_ST00185" HPOS="567" VPOS="2051" WIDTH="74" HEIGHT="51" CONTENT="die" WC="0.97" CC="060"/>
						<SP ID="P3_SP00162" HPOS="641" VPOS="2102" WIDTH="40"/>
						<String ID="P3_ST00186" HPOS="681" VPOS="2051" WIDTH="313" HEIGHT="68" CONTENT="Neuigkeiten" WC="1.00" CC="50000006000"/>
						<SP ID="P3_SP00163" HPOS="994" VPOS="2119" WIDTH="41"/>
						<String ID="P3_ST00187" HPOS="1035" VPOS="2050" WIDTH="82" HEIGHT="51" CONTENT="des" WC="0.99" CC="001"/>
						<SP ID="P3_SP00164" HPOS="1117" VPOS="2119" WIDTH="56"/>
						<String ID="P3_ST00188" HPOS="1173" VPOS="2053" WIDTH="141" HEIGHT="48" CONTENT="März." WC="0.98" CC="09034"/>
						<SP ID="P3_SP00165" HPOS="1314" VPOS="2119" WIDTH="69"/>
						<String ID="P3_ST00189" HPOS="1383" VPOS="2053" WIDTH="100" HEIGHT="48" CONTENT="Der" WC="0.98" CC="006"/>
						<SP ID="P3_SP00166" HPOS="1483" VPOS="2119" WIDTH="54"/>
						<String ID="P3_ST00190" HPOS="1537" VPOS="2051" WIDTH="133" HEIGHT="66" CONTENT="April" WC="0.99" CC="00600"/>
					</TextLine>
					<TextLine ID="P3_TL00025" HPOS="106" VPOS="2130" WIDTH="1012" HEIGHT="69">
						<String ID="P3_ST00191" HPOS="106" VPOS="2131" WIDTH="194" HEIGHT="51" CONTENT="brachte" WC="0.98" CC="7290573"/>
						<SP ID="P3_SP00167" HPOS="300" VPOS="2182" WIDTH="38"/>
						<String ID="P3_ST00192" HPOS="338" VPOS="2131" WIDTH="269" HEIGHT="51" CONTENT="Weber's" WC="0.78" CC="5000530"/>
						<SP ID="P3_SP00168" HPOS="607" VPOS="2182" WIDTH="63"/>
						<String ID="P3_ST00193" HPOS="670" VPOS="2130" WIDTH="261" HEIGHT="59" CONTENT="„Preciosa," WC="0.85" CC="2600001003"/>
						<SP ID="P3_SP00169" HPOS="931" VPOS="2189" WIDTH="42"/>
						<String ID="P3_ST00194" HPOS="973" VPOS="2147" WIDTH="145" HEIGHT="52" CONTENT="opera" WC="0.37" CC="89409" STYLEREFS="TXT_2"/>
					</TextLine>
					<TextLine ID="P3_TL00026" HPOS="105" VPOS="2209" WIDTH="1571" HEIGHT="67">
						<String ID="P3_ST00195" HPOS="105" VPOS="2210" WIDTH="96" HEIGHT="51" CONTENT="und" WC="0.97" CC="620"/>
						<SP ID="P3_SP00170" HPOS="201" VPOS="2261" WIDTH="31"/>
						<String ID="P3_ST00196" HPOS="232" VPOS="2210" WIDTH="116" HEIGHT="50" CONTENT="dazu" WC="0.98" CC="0270"/>
						<SP ID="P3_SP00171" HPOS="348" VPOS="2261" WIDTH="42"/>
						<String ID="P3_ST00197" HPOS="390" VPOS="2211" WIDTH="338" HEIGHT="60" CONTENT='„Almanzor",' WC="0.69" CC="50650453101"/>
						<SP ID="P3_SP00172" HPOS="728" VPOS="2271" WIDTH="43"/>
						<String ID="P3_ST00198" HPOS="771" VPOS="2209" WIDTH="121" HEIGHT="51" CONTENT="eben" WC="0.98" CC="0307"/>
						<SP ID="P3_SP00173" HPOS="892" VPOS="2271" WIDTH="28"/>
						<String ID="P3_ST00199" HPOS="920" VPOS="2227" WIDTH="67" HEIGHT="42" CONTENT="so," WC="1.00" CC="000"/>
						<SP ID="P3_SP00174" HPOS="987" VPOS="2271" WIDTH="41"/>
						<String ID="P3_ST00200" HPOS="1028" VPOS="2210" WIDTH="264" HEIGHT="66" CONTENT="componirt" WC="0.84" CC="006005200"/>
						<SP ID="P3_SP00175" HPOS="1292" VPOS="2276" WIDTH="27"/>
						<String ID="P3_ST00201" HPOS="1319" VPOS="2227" WIDTH="87" HEIGHT="31" CONTENT="von" WC="0.94" CC="925"/>
						<SP ID="P3_SP00176" HPOS="1406" VPOS="2276" WIDTH="33"/>
						<String ID="P3_ST00202" HPOS="1439" VPOS="2209" WIDTH="237" HEIGHT="49" CONTENT="Benaud" WC="0.50" CC="753930"/>
					</TextLine>
					<TextLine ID="P3_TL00027" HPOS="107" VPOS="2290" WIDTH="395" HEIGHT="51">
						<String ID="P3_ST00203" HPOS="107" VPOS="2290" WIDTH="65" HEIGHT="51" CONTENT="de" WC="1.00" CC="00"/>
						<SP ID="P3_SP00177" HPOS="172" VPOS="2341" WIDTH="37"/>
						<String ID="P3_ST00204" HPOS="209" VPOS="2290" WIDTH="293" HEIGHT="51" CONTENT="Wilback." WC="0.67" CC="86051004"/>
					</TextLine>
					<TextLine ID="P3_TL00028" HPOS="223" VPOS="2365" WIDTH="1455" HEIGHT="55">
						<String ID="P3_ST00205" HPOS="223" VPOS="2370" WIDTH="90" HEIGHT="48" CONTENT="Die" WC="1.00" CC="000"/>
						<SP ID="P3_SP00178" HPOS="313" VPOS="2418" WIDTH="33"/>
						<String ID="P3_ST00206" HPOS="346" VPOS="2370" WIDTH="535" HEIGHT="50" CONTENT="Concert-Gesellschaft" WC="0.89" CC="70004600000000001001"/>
						<SP ID="P3_SP00179" HPOS="881" VPOS="2420" WIDTH="30"/>
						<String ID="P3_ST00207" HPOS="911" VPOS="2369" WIDTH="83" HEIGHT="48" CONTENT="der" WC="0.98" CC="005"/>
						<SP ID="P3_SP00180" HPOS="994" VPOS="2420" WIDTH="28"/>
						<String ID="P3_ST00208" HPOS="1022" VPOS="2368" WIDTH="96" HEIGHT="52" CONTENT="Ste." WC="0.71" CC="6400" STYLEREFS="TXT_2"/>
						<SP ID="P3_SP00181" HPOS="1118" VPOS="2420" WIDTH="33"/>
						<String ID="P3_ST00209" HPOS="1151" VPOS="2365" WIDTH="146" HEIGHT="53" CONTENT="Ceeile" WC="0.78" CC="600104" STYLEREFS="TXT_2"/>
						<SP ID="P3_SP00182" HPOS="1297" VPOS="2420" WIDTH="41"/>
						<String ID="P3_ST00210" HPOS="1338" VPOS="2368" WIDTH="125" HEIGHT="49" CONTENT="hatte" WC="0.97" CC="77012"/>
						<SP ID="P3_SP00183" HPOS="1463" VPOS="2420" WIDTH="31"/>
						<String ID="P3_ST00211" HPOS="1494" VPOS="2385" WIDTH="81" HEIGHT="32" CONTENT="vor" WC="1.00" CC="010"/>
						<SP ID="P3_SP00184" HPOS="1575" VPOS="2420" WIDTH="29"/>
						<String ID="P3_ST00212" HPOS="1604" VPOS="2368" WIDTH="74" HEIGHT="48" CONTENT="ein" WC="0.96" CC="502"/>
					</TextLine>
					<TextLine ID="P3_TL00029" HPOS="106" VPOS="2446" WIDTH="1570" HEIGHT="69">
						<String ID="P3_ST00213" HPOS="106" VPOS="2465" WIDTH="115" HEIGHT="50" CONTENT="paar" WC="0.99" CC="0033"/>
						<SP ID="P3_SP00185" HPOS="221" VPOS="2515" WIDTH="27"/>
						<String ID="P3_ST00214" HPOS="248" VPOS="2449" WIDTH="178" HEIGHT="49" CONTENT="Jahren" WC="1.00" CC="000006"/>
						<SP ID="P3_SP00186" HPOS="426" VPOS="2515" WIDTH="29"/>
						<String ID="P3_ST00215" HPOS="455" VPOS="2457" WIDTH="154" HEIGHT="41" CONTENT="zuerst" WC="0.99" CC="010350"/>
						<SP ID="P3_SP00187" HPOS="609" VPOS="2515" WIDTH="18"/>
						<String ID="P3_ST00216" HPOS="627" VPOS="2448" WIDTH="222" HEIGHT="52" CONTENT="Weber's" WC="0.83" CC="0120520"/>
						<SP ID="P3_SP00188" HPOS="849" VPOS="2515" WIDTH="23"/>
						<String ID="P3_ST00217" HPOS="872" VPOS="2448" WIDTH="153" HEIGHT="49" CONTENT="Musik" WC="0.98" CC="00109"/>
						<SP ID="P3_SP00189" HPOS="1025" VPOS="2515" WIDTH="30"/>
						<String ID="P3_ST00218" HPOS="1055" VPOS="2464" WIDTH="82" HEIGHT="32" CONTENT="zur" WC="0.95" CC="235"/>
						<SP ID="P3_SP00190" HPOS="1137" VPOS="2515" WIDTH="29"/>
						<String ID="P3_ST00219" HPOS="1166" VPOS="2446" WIDTH="219" HEIGHT="50" CONTENT="Preciosa" WC="0.87" CC="20000600"/>
						<SP ID="P3_SP00191" HPOS="1385" VPOS="2515" WIDTH="29"/>
						<String ID="P3_ST00220" HPOS="1414" VPOS="2446" WIDTH="84" HEIGHT="50" CONTENT="mit" WC="1.00" CC="000"/>
						<SP ID="P3_SP00192" HPOS="1498" VPOS="2515" WIDTH="28"/>
						<String ID="P3_ST00221" HPOS="1526" VPOS="2448" WIDTH="150" HEIGHT="48" CONTENT="einem" WC="0.97" CC="50246"/>
					</TextLine>
					<TextLine ID="P3_TL00030" HPOS="105" VPOS="2525" WIDTH="1569" HEIGHT="66">
						<String ID="P3_ST00222" HPOS="105" VPOS="2526" WIDTH="349" HEIGHT="52" CONTENT="verbindenden" WC="0.99" CC="705646705000"/>
						<SP ID="P3_SP00193" HPOS="454" VPOS="2578" WIDTH="32"/>
						<String ID="P3_ST00223" HPOS="486" VPOS="2530" WIDTH="147" HEIGHT="47" CONTENT="Texte" WC="1.00" CC="00100"/>
						<SP ID="P3_SP00194" HPOS="633" VPOS="2578" WIDTH="43"/>
						<String ID="P3_ST00224" HPOS="676" VPOS="2529" WIDTH="45" HEIGHT="48" CONTENT="in" WC="0.87" CC="02"/>
						<SP ID="P3_SP00195" HPOS="721" VPOS="2578" WIDTH="40"/>
						<String ID="P3_ST00225" HPOS="761" VPOS="2528" WIDTH="134" HEIGHT="48" CONTENT="ihren" WC="0.99" CC="03204"/>
						<SP ID="P3_SP00196" HPOS="895" VPOS="2578" WIDTH="29"/>
						<String ID="P3_ST00226" HPOS="924" VPOS="2526" WIDTH="481" HEIGHT="51" CONTENT="Winter-Concerten" WC="0.76" CC="0060012728000006"/>
						<SP ID="P3_SP00197" HPOS="1405" VPOS="2578" WIDTH="32"/>
						<String ID="P3_ST00227" HPOS="1437" VPOS="2525" WIDTH="237" HEIGHT="66" CONTENT="gegeben;" WC="0.98" CC="90007184"/>
					</TextLine>
					<TextLine ID="P3_TL00031" HPOS="108" VPOS="2603" WIDTH="1566" HEIGHT="71">
						<String ID="P3_ST00228" HPOS="108" VPOS="2606" WIDTH="121" HEIGHT="51" CONTENT="über" WC="0.98" CC="0503"/>
						<SP ID="P3_SP00198" HPOS="229" VPOS="2657" WIDTH="29"/>
						<String ID="P3_ST00229" HPOS="258" VPOS="2606" WIDTH="89" HEIGHT="51" CONTENT="den" WC="0.98" CC="400"/>
						<SP ID="P3_SP00199" HPOS="347" VPOS="2657" WIDTH="28"/>
						<String ID="P3_ST00230" HPOS="375" VPOS="2608" WIDTH="168" HEIGHT="66" CONTENT="Erfolg" WC="0.98" CC="240009"/>
						<SP ID="P3_SP00200" HPOS="543" VPOS="2674" WIDTH="29"/>
						<String ID="P3_ST00231" HPOS="572" VPOS="2608" WIDTH="126" HEIGHT="49" CONTENT="beim" WC="0.99" CC="6000"/>
						<SP ID="P3_SP00201" HPOS="698" VPOS="2674" WIDTH="30"/>
						<String ID="P3_ST00232" HPOS="728" VPOS="2606" WIDTH="247" HEIGHT="50" CONTENT="Publicum" WC="0.99" CC="24700030"/>
						<SP ID="P3_SP00202" HPOS="975" VPOS="2674" WIDTH="45"/>
						<String ID="P3_ST00233" HPOS="1020" VPOS="2605" WIDTH="123" HEIGHT="50" CONTENT="habe" WC="0.98" CC="2050"/>
						<SP ID="P3_SP00203" HPOS="1143" VPOS="2674" WIDTH="36"/>
						<String ID="P3_ST00234" HPOS="1179" VPOS="2605" WIDTH="74" HEIGHT="48" CONTENT="ich" WC="0.96" CC="036"/>
						<SP ID="P3_SP00204" HPOS="1253" VPOS="2674" WIDTH="30"/>
						<String ID="P3_ST00235" HPOS="1283" VPOS="2603" WIDTH="179" HEIGHT="50" CONTENT="damals" WC="0.99" CC="009050"/>
						<SP ID="P3_SP00205" HPOS="1462" VPOS="2674" WIDTH="29"/>
						<String ID="P3_ST00236" HPOS="1491" VPOS="2604" WIDTH="157" HEIGHT="49" CONTENT="berich" SUBS_TYPE="HypPart1" SUBS_CONTENT="berichtet." WC="0.98" CC="606026"/>
						<HYP HPOS="1648" VPOS="2604" WIDTH="26" CONTENT="-"/>
					</TextLine>
					<TextLine ID="P3_TL00032" HPOS="107" VPOS="2683" WIDTH="1318" HEIGHT="69">
						<String ID="P3_ST00237" HPOS="107" VPOS="2694" WIDTH="79" HEIGHT="43" CONTENT="tet." SUBS_TYPE="HypPart2" SUBS_CONTENT="berichtet." WC="1.00" CC="0000"/>
						<SP ID="P3_SP00206" HPOS="186" VPOS="2737" WIDTH="42"/>
						<String ID="P3_ST00238" HPOS="228" VPOS="2689" WIDTH="117" HEIGHT="48" CONTENT="Jene" WC="1.00" CC="0000"/>
						<SP ID="P3_SP00207" HPOS="345" VPOS="2737" WIDTH="31"/>
						<String ID="P3_ST00239" HPOS="376" VPOS="2686" WIDTH="305" HEIGHT="51" CONTENT="Gesellschaft" WC="1.00" CC="300000506100"/>
						<SP ID="P3_SP00208" HPOS="681" VPOS="2737" WIDTH="43"/>
						<String ID="P3_ST00240" HPOS="724" VPOS="2686" WIDTH="56" HEIGHT="50" CONTENT="ist" WC="0.98" CC="023"/>
						<SP ID="P3_SP00209" HPOS="780" VPOS="2737" WIDTH="42"/>
						<String ID="P3_ST00241" HPOS="822" VPOS="2686" WIDTH="340" HEIGHT="66" CONTENT="eingegangen," WC="0.99" CC="002060439090"/>
						<SP ID="P3_SP00210" HPOS="1162" VPOS="2752" WIDTH="44"/>
						<String ID="P3_ST00242" HPOS="1206" VPOS="2683" WIDTH="96" HEIGHT="49" CONTENT="und" WC="0.95" CC="660"/>
						<SP ID="P3_SP00211" HPOS="1302" VPOS="2752" WIDTH="42"/>
						<String ID="P3_ST00243" HPOS="1344" VPOS="2683" WIDTH="81" HEIGHT="49" CONTENT="das" WC="0.98" CC="041"/>
					</TextLine>
					<TextLine ID="P3_TL00033" HPOS="108" VPOS="2763" WIDTH="1568" HEIGHT="71">
						<String ID="P3_ST00244" HPOS="108" VPOS="2764" WIDTH="197" HEIGHT="70" CONTENT="lyrique," WC="0.65" CC="43000657" STYLEREFS="TXT_2"/>
						<SP ID="P3_SP00212" HPOS="305" VPOS="2834" WIDTH="32"/>
						<String ID="P3_ST00245" HPOS="337" VPOS="2766" WIDTH="81" HEIGHT="51" CONTENT="das" WC="0.97" CC="070"/>
						<SP ID="P3_SP00213" HPOS="418" VPOS="2834" WIDTH="31"/>
						<String ID="P3_ST00246" HPOS="449" VPOS="2768" WIDTH="84" HEIGHT="48" CONTENT="mit" WC="1.00" CC="000"/>
						<SP ID="P3_SP00214" HPOS="533" VPOS="2834" WIDTH="20"/>
						<String ID="P3_ST00247" HPOS="553" VPOS="2765" WIDTH="223" HEIGHT="52" CONTENT="Weber's" WC="0.75" CC="6022500"/>
						<SP ID="P3_SP00215" HPOS="776" VPOS="2834" WIDTH="26"/>
						<String ID="P3_ST00248" HPOS="802" VPOS="2766" WIDTH="164" HEIGHT="65" CONTENT="Opern" WC="0.98" CC="60004"/>
						<SP ID="P3_SP00216" HPOS="966" VPOS="2834" WIDTH="28"/>
						<String ID="P3_ST00249" HPOS="994" VPOS="2763" WIDTH="283" HEIGHT="66" CONTENT="neuerdings" WC="1.00" CC="5000001703"/>
						<SP ID="P3_SP00217" HPOS="1277" VPOS="2834" WIDTH="30"/>
						<String ID="P3_ST00250" HPOS="1307" VPOS="2779" WIDTH="50" HEIGHT="33" CONTENT="so" WC="0.66" CC="33"/>
						<SP ID="P3_SP00218" HPOS="1357" VPOS="2834" WIDTH="29"/>
						<String ID="P3_ST00251" HPOS="1386" VPOS="2763" WIDTH="173" HEIGHT="50" CONTENT="schöne" WC="0.98" CC="007900"/>
						<SP ID="P3_SP00219" HPOS="1559" VPOS="2834" WIDTH="25"/>
						<String ID="P3_ST00252" HPOS="1584" VPOS="2764" WIDTH="62" HEIGHT="48" CONTENT="Ge" SUBS_TYPE="HypPart1" SUBS_CONTENT="Geschäfte" WC="0.98" CC="50"/>
						<HYP HPOS="1646" VPOS="2764" WIDTH="30" CONTENT="-"/>
					</TextLine>
					<TextLine ID="P3_TL00034" HPOS="108" VPOS="2840" WIDTH="1570" HEIGHT="74">
						<String ID="P3_ST00253" HPOS="108" VPOS="2845" WIDTH="174" HEIGHT="52" CONTENT="schäfte" SUBS_TYPE="HypPart2" SUBS_CONTENT="Geschäfte" WC="1.00" CC="0000000"/>
						<SP ID="P3_SP00220" HPOS="282" VPOS="2897" WIDTH="31"/>
						<String ID="P3_ST00254" HPOS="313" VPOS="2846" WIDTH="220" HEIGHT="68" CONTENT="gemacht" WC="0.99" CC="9000060"/>
						<SP ID="P3_SP00221" HPOS="533" VPOS="2914" WIDTH="29"/>
						<String ID="P3_ST00255" HPOS="562" VPOS="2846" WIDTH="96" HEIGHT="59" CONTENT="hat," WC="0.97" CC="6033"/>
						<SP ID="P3_SP00222" HPOS="658" VPOS="2914" WIDTH="29"/>
						<String ID="P3_ST00256" HPOS="687" VPOS="2845" WIDTH="314" HEIGHT="66" CONTENT="bemächtigte" WC="0.99" CC="70092600900"/>
						<SP ID="P3_SP00223" HPOS="1001" VPOS="2914" WIDTH="29"/>
						<String ID="P3_ST00257" HPOS="1030" VPOS="2843" WIDTH="96" HEIGHT="50" CONTENT="sich" WC="0.99" CC="0006"/>
						<SP ID="P3_SP00224" HPOS="1126" VPOS="2914" WIDTH="30"/>
						<String ID="P3_ST00258" HPOS="1156" VPOS="2841" WIDTH="85" HEIGHT="51" CONTENT="der" WC="0.98" CC="004"/>
						<SP ID="P3_SP00225" HPOS="1241" VPOS="2914" WIDTH="22"/>
						<String ID="P3_ST00259" HPOS="1263" VPOS="2840" WIDTH="269" HEIGHT="61" CONTENT="Erbschaft," WC="0.99" CC="4350041000"/>
						<SP ID="P3_SP00226" HPOS="1532" VPOS="2914" WIDTH="43"/>
						<String ID="P3_ST00260" HPOS="1575" VPOS="2843" WIDTH="103" HEIGHT="48" CONTENT="liess" WC="0.83" CC="11050"/>
					</TextLine>
					<TextLine ID="P3_TL00035" HPOS="108" VPOS="2921" WIDTH="1572" HEIGHT="70">
						<String ID="P3_ST00261" HPOS="108" VPOS="2943" WIDTH="83" HEIGHT="33" CONTENT="aus" WC="0.98" CC="021"/>
						<SP ID="P3_SP00227" HPOS="191" VPOS="2976" WIDTH="30"/>
						<String ID="P3_ST00262" HPOS="221" VPOS="2928" WIDTH="181" HEIGHT="49" CONTENT="Wolf's" WC="0.74" CC="604004"/>
						<SP ID="P3_SP00228" HPOS="402" VPOS="2977" WIDTH="42"/>
						<String ID="P3_ST00263" HPOS="444" VPOS="2926" WIDTH="218" HEIGHT="51" CONTENT="Preciosa" WC="0.85" CC="01000009"/>
						<SP ID="P3_SP00229" HPOS="662" VPOS="2977" WIDTH="43"/>
						<String ID="P3_ST00264" HPOS="705" VPOS="2925" WIDTH="75" HEIGHT="50" CONTENT="ein" WC="0.96" CC="046"/>
						<SP ID="P3_SP00230" HPOS="780" VPOS="2977" WIDTH="42"/>
						<String ID="P3_ST00265" HPOS="822" VPOS="2924" WIDTH="249" HEIGHT="67" CONTENT="einactiges" WC="0.84" CC="0030200900"/>
						<SP ID="P3_SP00231" HPOS="1071" VPOS="2991" WIDTH="29"/>
						<String ID="P3_ST00266" HPOS="1100" VPOS="2921" WIDTH="146" HEIGHT="51" CONTENT="Stück" WC="1.00" CC="00000"/>
						<SP ID="P3_SP00232" HPOS="1246" VPOS="2991" WIDTH="45"/>
						<String ID="P3_ST00267" HPOS="1291" VPOS="2921" WIDTH="249" HEIGHT="51" CONTENT="fabriciren" WC="0.76" CC="0741000603"/>
						<SP ID="P3_SP00233" HPOS="1540" VPOS="2991" WIDTH="42"/>
						<String ID="P3_ST00268" HPOS="1582" VPOS="2921" WIDTH="98" HEIGHT="50" CONTENT="und" WC="0.97" CC="070"/>
					</TextLine>
					<TextLine ID="P3_TL00036" HPOS="106" VPOS="3001" WIDTH="1571" HEIGHT="55">
						<String ID="P3_ST00269" HPOS="106" VPOS="3004" WIDTH="195" HEIGHT="52" CONTENT="brachte" WC="0.99" CC="4060402"/>
						<SP ID="P3_SP00234" HPOS="301" VPOS="3056" WIDTH="44"/>
						<String ID="P3_ST00270" HPOS="345" VPOS="3005" WIDTH="148" HEIGHT="50" CONTENT="dieses" WC="1.00" CC="000000"/>
						<SP ID="P3_SP00235" HPOS="493" VPOS="3056" WIDTH="43"/>
						<String ID="P3_ST00271" HPOS="536" VPOS="3006" WIDTH="83" HEIGHT="49" CONTENT="mit" WC="1.00" CC="000"/>
						<SP ID="P3_SP00236" HPOS="619" VPOS="3056" WIDTH="28"/>
						<String ID="P3_ST00272" HPOS="647" VPOS="3004" WIDTH="226" HEIGHT="52" CONTENT="Weber's" WC="0.81" CC="5050101"/>
						<SP ID="P3_SP00237" HPOS="873" VPOS="3056" WIDTH="38"/>
						<String ID="P3_ST00273" HPOS="911" VPOS="3003" WIDTH="154" HEIGHT="49" CONTENT="Musik" WC="1.00" CC="00300"/>
						<SP ID="P3_SP00238" HPOS="1065" VPOS="3056" WIDTH="44"/>
						<String ID="P3_ST00274" HPOS="1109" VPOS="3003" WIDTH="85" HEIGHT="49" CONTENT="auf" WC="1.00" CC="000"/>
						<SP ID="P3_SP00239" HPOS="1194" VPOS="3056" WIDTH="37"/>
						<String ID="P3_ST00275" HPOS="1231" VPOS="3001" WIDTH="74" HEIGHT="50" CONTENT="die" WC="0.96" CC="063"/>
						<SP ID="P3_SP00240" HPOS="1305" VPOS="3056" WIDTH="35"/>
						<String ID="P3_ST00276" HPOS="1340" VPOS="3001" WIDTH="182" HEIGHT="50" CONTENT="Bühne." WC="0.98" CC="705400"/>
						<SP ID="P3_SP00241" HPOS="1522" VPOS="3056" WIDTH="57"/>
						<String ID="P3_ST00277" HPOS="1579" VPOS="3003" WIDTH="98" HEIGHT="48" CONTENT="Das" WC="0.98" CC="005"/>
					</TextLine>
					<TextLine ID="P3_TL00037" HPOS="107" VPOS="3080" WIDTH="1570" HEIGHT="69">
						<String ID="P3_ST00278" HPOS="107" VPOS="3084" WIDTH="145" HEIGHT="49" CONTENT="Stück" WC="0.99" CC="30020"/>
						<SP ID="P3_SP00242" HPOS="252" VPOS="3133" WIDTH="29"/>
						<String ID="P3_ST00279" HPOS="281" VPOS="3085" WIDTH="57" HEIGHT="48" CONTENT="ist" WC="1.00" CC="000"/>
						<SP ID="P3_SP00243" HPOS="338" VPOS="3133" WIDTH="28"/>
						<String ID="P3_ST00280" HPOS="366" VPOS="3085" WIDTH="249" HEIGHT="48" CONTENT="lächerlich" WC="1.00" CC="3000000074"/>
						<SP ID="P3_SP00244" HPOS="615" VPOS="3133" WIDTH="32"/>
						<String ID="P3_ST00281" HPOS="647" VPOS="3084" WIDTH="176" HEIGHT="49" CONTENT="dumm." WC="0.98" CC="01094"/>
						<SP ID="P3_SP00245" HPOS="823" VPOS="3133" WIDTH="31"/>
						<String ID="P3_ST00282" HPOS="854" VPOS="3084" WIDTH="90" HEIGHT="48" CONTENT="Die" WC="1.00" CC="000"/>
						<SP ID="P3_SP00246" HPOS="944" VPOS="3133" WIDTH="22"/>
						<String ID="P3_ST00283" HPOS="966" VPOS="3083" WIDTH="235" HEIGHT="66" CONTENT="Zigeuner" WC="0.99" CC="44914002"/>
						<SP ID="P3_SP00247" HPOS="1201" VPOS="3149" WIDTH="21"/>
						<String ID="P3_ST00284" HPOS="1222" VPOS="3080" WIDTH="97" HEIGHT="50" CONTENT="und" WC="0.98" CC="040"/>
						<SP ID="P3_SP00248" HPOS="1319" VPOS="3149" WIDTH="28"/>
						<String ID="P3_ST00285" HPOS="1347" VPOS="3081" WIDTH="100" HEIGHT="49" CONTENT="ihre" WC="0.99" CC="0060"/>
						<SP ID="P3_SP00249" HPOS="1447" VPOS="3149" WIDTH="22"/>
						<String ID="P3_ST00286" HPOS="1469" VPOS="3080" WIDTH="208" HEIGHT="67" CONTENT="Königin" WC="0.99" CC="4070000"/>
					</TextLine>
					<TextLine ID="P3_TL00038" HPOS="107" VPOS="3159" WIDTH="1569" HEIGHT="53">
						<String ID="P3_ST00287" HPOS="107" VPOS="3164" WIDTH="222" HEIGHT="48" CONTENT="Preciosa" WC="0.64" CC="60000948"/>
						<SP ID="P3_SP00250" HPOS="329" VPOS="3212" WIDTH="28"/>
						<String ID="P3_ST00288" HPOS="357" VPOS="3163" WIDTH="193" HEIGHT="49" CONTENT="werden" WC="1.00" CC="001004"/>
						<SP ID="P3_SP00251" HPOS="550" VPOS="3212" WIDTH="31"/>
						<String ID="P3_ST00289" HPOS="581" VPOS="3180" WIDTH="89" HEIGHT="32" CONTENT="von" WC="0.96" CC="702"/>
						<SP ID="P3_SP00252" HPOS="670" VPOS="3212" WIDTH="29"/>
						<String ID="P3_ST00290" HPOS="699" VPOS="3163" WIDTH="104" HEIGHT="49" CONTENT="dem" WC="0.96" CC="009"/>
						<SP ID="P3_SP00253" HPOS="803" VPOS="3212" WIDTH="41"/>
						<String ID="P3_ST00291" HPOS="844" VPOS="3163" WIDTH="308" HEIGHT="49" CONTENT="Gouverneur" WC="0.99" CC="0068005024"/>
						<SP ID="P3_SP00254" HPOS="1152" VPOS="3212" WIDTH="28"/>
						<String ID="P3_ST00292" HPOS="1180" VPOS="3178" WIDTH="88" HEIGHT="32" CONTENT="von" WC="0.97" CC="035"/>
						<SP ID="P3_SP00255" HPOS="1268" VPOS="3212" WIDTH="29"/>
						<String ID="P3_ST00293" HPOS="1297" VPOS="3159" WIDTH="288" HEIGHT="51" CONTENT="Andalusien" WC="0.99" CC="0400523060"/>
						<SP ID="P3_SP00256" HPOS="1585" VPOS="3212" WIDTH="30"/>
						<String ID="P3_ST00294" HPOS="1615" VPOS="3160" WIDTH="61" HEIGHT="48" CONTENT="im" WC="1.00" CC="00"/>
					</TextLine>
					<TextLine ID="P3_TL00039" HPOS="112" VPOS="3239" WIDTH="1562" HEIGHT="70">
						<String ID="P3_ST00295" HPOS="112" VPOS="3243" WIDTH="206" HEIGHT="66" CONTENT="Gebirge" WC="0.98" CC="2066600"/>
						<SP ID="P3_SP00257" HPOS="318" VPOS="3309" WIDTH="30"/>
						<String ID="P3_ST00296" HPOS="348" VPOS="3243" WIDTH="230" HEIGHT="56" CONTENT="umstellt;" WC="0.99" CC="090600201"/>
						<SP ID="P3_SP00258" HPOS="578" VPOS="3309" WIDTH="45"/>
						<String ID="P3_ST00297" HPOS="623" VPOS="3243" WIDTH="96" HEIGHT="48" CONTENT="sein" WC="0.98" CC="5002"/>
						<SP ID="P3_SP00259" HPOS="719" VPOS="3309" WIDTH="31"/>
						<String ID="P3_ST00298" HPOS="750" VPOS="3243" WIDTH="128" HEIGHT="48" CONTENT="Sohn" WC="0.97" CC="2361"/>
						<SP ID="P3_SP00260" HPOS="878" VPOS="3309" WIDTH="30"/>
						<String ID="P3_ST00299" HPOS="908" VPOS="3241" WIDTH="112" HEIGHT="50" CONTENT="liebt" WC="1.00" CC="00020"/>
						<SP ID="P3_SP00261" HPOS="1020" VPOS="3309" WIDTH="28"/>
						<String ID="P3_ST00300" HPOS="1048" VPOS="3241" WIDTH="234" HEIGHT="55" CONTENT="Preciosa," WC="0.77" CC="005405030"/>
						<SP ID="P3_SP00262" HPOS="1282" VPOS="3309" WIDTH="44"/>
						<String ID="P3_ST00301" HPOS="1326" VPOS="3239" WIDTH="93" HEIGHT="49" CONTENT="und" WC="0.98" CC="500"/>
						<SP ID="P3_SP00263" HPOS="1419" VPOS="3309" WIDTH="32"/>
						<String ID="P3_ST00302" HPOS="1451" VPOS="3240" WIDTH="100" HEIGHT="48" CONTENT="ihre" WC="0.98" CC="0511"/>
						<SP ID="P3_SP00264" HPOS="1551" VPOS="3309" WIDTH="29"/>
						<String ID="P3_ST00303" HPOS="1580" VPOS="3241" WIDTH="63" HEIGHT="47" CONTENT="Ro" SUBS_TYPE="HypPart1" SUBS_CONTENT="Romanze" WC="0.50" CC="55"/>
						<HYP HPOS="1643" VPOS="3241" WIDTH="31" CONTENT="-"/>
					</TextLine>
					<TextLine ID="P3_TL00040" HPOS="106" VPOS="3318" WIDTH="1568" HEIGHT="69">
						<String ID="P3_ST00304" HPOS="106" VPOS="3338" WIDTH="165" HEIGHT="33" CONTENT="manze" SUBS_TYPE="HypPart2" SUBS_CONTENT="Romanze" WC="0.52" CC="38820"/>
						<SP ID="P3_SP00265" HPOS="271" VPOS="3371" WIDTH="32"/>
						<String ID="P3_ST00305" HPOS="303" VPOS="3321" WIDTH="124" HEIGHT="50" CONTENT="lockt" WC="0.99" CC="23001"/>
						<SP ID="P3_SP00266" HPOS="427" VPOS="3371" WIDTH="28"/>
						<String ID="P3_ST00306" HPOS="455" VPOS="3321" WIDTH="79" HEIGHT="49" CONTENT="ihn" WC="0.98" CC="041"/>
						<SP ID="P3_SP00267" HPOS="534" VPOS="3371" WIDTH="30"/>
						<String ID="P3_ST00307" HPOS="564" VPOS="3321" WIDTH="68" HEIGHT="49" CONTENT="ins" WC="1.00" CC="000"/>
						<SP ID="P3_SP00268" HPOS="632" VPOS="3371" WIDTH="30"/>
						<String ID="P3_ST00308" HPOS="662" VPOS="3321" WIDTH="156" HEIGHT="66" CONTENT="Lager" WC="1.00" CC="00004"/>
						<SP ID="P3_SP00269" HPOS="818" VPOS="3387" WIDTH="30"/>
						<String ID="P3_ST00309" HPOS="848" VPOS="3320" WIDTH="83" HEIGHT="48" CONTENT="der" WC="0.99" CC="002"/>
						<SP ID="P3_SP00270" HPOS="931" VPOS="3387" WIDTH="28"/>
						<String ID="P3_ST00310" HPOS="959" VPOS="3319" WIDTH="177" HEIGHT="49" CONTENT="Bande." WC="0.99" CC="702003"/>
						<SP ID="P3_SP00271" HPOS="1136" VPOS="3387" WIDTH="56"/>
						<String ID="P3_ST00311" HPOS="1192" VPOS="3320" WIDTH="68" HEIGHT="47" CONTENT="Er" WC="0.82" CC="30"/>
						<SP ID="P3_SP00272" HPOS="1260" VPOS="3387" WIDTH="38"/>
						<String ID="P3_ST00312" HPOS="1298" VPOS="3318" WIDTH="118" HEIGHT="49" CONTENT="wird" WC="0.97" CC="6130"/>
						<SP ID="P3_SP00273" HPOS="1416" VPOS="3387" WIDTH="45"/>
						<String ID="P3_ST00313" HPOS="1461" VPOS="3319" WIDTH="213" HEIGHT="66" CONTENT="gepackt," WC="0.98" CC="90094072"/>
					</TextLine>
					<TextLine ID="P3_TL00041" HPOS="107" VPOS="3396" WIDTH="1567" HEIGHT="68">
						<String ID="P3_ST00314" HPOS="107" VPOS="3400" WIDTH="97" HEIGHT="50" CONTENT="und" WC="0.97" CC="240"/>
						<SP ID="P3_SP00274" HPOS="204" VPOS="3450" WIDTH="29"/>
						<String ID="P3_ST00315" HPOS="233" VPOS="3418" WIDTH="110" HEIGHT="32" CONTENT="man" WC="0.96" CC="704"/>
						<SP ID="P3_SP00275" HPOS="343" VPOS="3450" WIDTH="28"/>
						<String ID="P3_ST00316" HPOS="371" VPOS="3400" WIDTH="108" HEIGHT="50" CONTENT="lässt" WC="0.74" CC="29000"/>
						<SP ID="P3_SP00276" HPOS="479" VPOS="3450" WIDTH="28"/>
						<String ID="P3_ST00317" HPOS="507" VPOS="3399" WIDTH="106" HEIGHT="49" CONTENT="dem" WC="1.00" CC="000"/>
						<SP ID="P3_SP00277" HPOS="613" VPOS="3450" WIDTH="34"/>
						<String ID="P3_ST00318" HPOS="647" VPOS="3400" WIDTH="308" HEIGHT="48" CONTENT="Gouverneur" WC="0.99" CC="4203050040"/>
						<SP ID="P3_SP00278" HPOS="955" VPOS="3450" WIDTH="35"/>
						<String ID="P3_ST00319" HPOS="990" VPOS="3414" WIDTH="161" HEIGHT="50" CONTENT="sagen," WC="0.99" CC="040072"/>
						<SP ID="P3_SP00279" HPOS="1151" VPOS="3464" WIDTH="44"/>
						<String ID="P3_ST00320" HPOS="1195" VPOS="3396" WIDTH="94" HEIGHT="49" CONTENT="sein" WC="0.98" CC="1701"/>
						<SP ID="P3_SP00280" HPOS="1289" VPOS="3464" WIDTH="32"/>
						<String ID="P3_ST00321" HPOS="1321" VPOS="3396" WIDTH="131" HEIGHT="50" CONTENT="Sohn" WC="0.98" CC="6110"/>
						<SP ID="P3_SP00281" HPOS="1452" VPOS="3464" WIDTH="29"/>
						<String ID="P3_ST00322" HPOS="1481" VPOS="3398" WIDTH="62" HEIGHT="48" CONTENT="sei" WC="0.98" CC="022"/>
						<SP ID="P3_SP00282" HPOS="1543" VPOS="3464" WIDTH="32"/>
						<String ID="P3_ST00323" HPOS="1575" VPOS="3414" WIDTH="75" HEIGHT="31" CONTENT="ver" SUBS_TYPE="HypPart1" SUBS_CONTENT="verloren," WC="1.00" CC="000"/>
						<HYP HPOS="1650" VPOS="3414" WIDTH="24" CONTENT="-"/>
					</TextLine>
					<TextLine ID="P3_TL00042" HPOS="107" VPOS="3475" WIDTH="1567" HEIGHT="69">
						<String ID="P3_ST00324" HPOS="107" VPOS="3480" WIDTH="147" HEIGHT="57" CONTENT="loren," SUBS_TYPE="HypPart2" SUBS_CONTENT="verloren," WC="0.99" CC="602002"/>
						<SP ID="P3_SP00283" HPOS="254" VPOS="3537" WIDTH="32"/>
						<String ID="P3_ST00325" HPOS="286" VPOS="3497" WIDTH="137" HEIGHT="31" CONTENT="wenn" WC="0.97" CC="0076"/>
						<SP ID="P3_SP00284" HPOS="423" VPOS="3537" WIDTH="28"/>
						<String ID="P3_ST00326" HPOS="451" VPOS="3497" WIDTH="52" HEIGHT="31" CONTENT="er" WC="0.73" CC="05"/>
						<SP ID="P3_SP00285" HPOS="503" VPOS="3537" WIDTH="28"/>
						<String ID="P3_ST00327" HPOS="531" VPOS="3479" WIDTH="127" HEIGHT="48" CONTENT="nicht" WC="0.97" CC="62642"/>
						<SP ID="P3_SP00286" HPOS="658" VPOS="3537" WIDTH="21"/>
						<String ID="P3_ST00328" HPOS="679" VPOS="3495" WIDTH="86" HEIGHT="32" CONTENT="von" WC="0.98" CC="040"/>
						<SP ID="P3_SP00287" HPOS="765" VPOS="3537" WIDTH="25"/>
						<String ID="P3_ST00329" HPOS="790" VPOS="3478" WIDTH="83" HEIGHT="49" CONTENT="der" WC="1.00" CC="000"/>
						<SP ID="P3_SP00288" HPOS="873" VPOS="3537" WIDTH="15"/>
						<String ID="P3_ST00330" HPOS="888" VPOS="3478" WIDTH="294" HEIGHT="66" CONTENT="Verfolgung" WC="1.00" CC="0060000008"/>
						<SP ID="P3_SP00289" HPOS="1182" VPOS="3544" WIDTH="30"/>
						<String ID="P3_ST00331" HPOS="1212" VPOS="3475" WIDTH="194" HEIGHT="50" CONTENT="ablasse." WC="0.99" CC="06303004"/>
						<SP ID="P3_SP00290" HPOS="1406" VPOS="3544" WIDTH="43"/>
						<String ID="P3_ST00332" HPOS="1449" VPOS="3476" WIDTH="197" HEIGHT="57" CONTENT="„Meinet" SUBS_TYPE="HypPart1" SUBS_CONTENT='„Meinetwegen!"' WC="0.99" CC="5000700"/>
						<HYP HPOS="1646" VPOS="3476" WIDTH="28" CONTENT="-"/>
					</TextLine>
					<TextLine ID="P3_TL00043" HPOS="107" VPOS="3554" WIDTH="1567" HEIGHT="72">
						<String ID="P3_ST00333" HPOS="107" VPOS="3560" WIDTH="219" HEIGHT="66" CONTENT='wegen!"' SUBS_TYPE="HypPart2" SUBS_CONTENT='„Meinetwegen!"' WC="0.99" CC="9000006"/>
						<SP ID="P3_SP00291" HPOS="326" VPOS="3626" WIDTH="41"/>
						<String ID="P3_ST00334" HPOS="367" VPOS="3558" WIDTH="326" HEIGHT="57" CONTENT="erwiderter;" WC="1.00" CC="00000004021"/>
						<SP ID="P3_SP00292" HPOS="693" VPOS="3626" WIDTH="44"/>
						<String ID="P3_ST00335" HPOS="737" VPOS="3556" WIDTH="109" HEIGHT="59" CONTENT="„der" WC="0.99" CC="3000"/>
						<SP ID="P3_SP00293" HPOS="846" VPOS="3626" WIDTH="14"/>
						<String ID="P3_ST00336" HPOS="860" VPOS="3558" WIDTH="156" HEIGHT="64" CONTENT="Junge" WC="0.97" CC="76700"/>
						<SP ID="P3_SP00294" HPOS="1016" VPOS="3626" WIDTH="18"/>
						<String ID="P3_ST00337" HPOS="1034" VPOS="3556" WIDTH="56" HEIGHT="49" CONTENT="ist" WC="0.98" CC="040"/>
						<SP ID="P3_SP00295" HPOS="1090" VPOS="3626" WIDTH="17"/>
						<String ID="P3_ST00338" HPOS="1107" VPOS="3555" WIDTH="73" HEIGHT="50" CONTENT="ein" WC="0.98" CC="006"/>
						<SP ID="P3_SP00296" HPOS="1180" VPOS="3626" WIDTH="17"/>
						<String ID="P3_ST00339" HPOS="1197" VPOS="3554" WIDTH="296" HEIGHT="57" CONTENT="Findelkind," WC="1.00" CC="60600060100"/>
						<SP ID="P3_SP00297" HPOS="1493" VPOS="3626" WIDTH="24"/>
						<String ID="P3_ST00340" HPOS="1517" VPOS="3555" WIDTH="126" HEIGHT="48" CONTENT="wahr" SUBS_TYPE="HypPart1" SUBS_CONTENT="wahrscheinlich" WC="0.98" CC="0071"/>
						<HYP HPOS="1643" VPOS="3555" WIDTH="31" CONTENT="-"/>
					</TextLine>
					<TextLine ID="P3_TL00044" HPOS="106" VPOS="3634" WIDTH="1142" HEIGHT="56">
						<String ID="P3_ST00341" HPOS="106" VPOS="3640" WIDTH="249" HEIGHT="50" CONTENT="scheinlich" SUBS_TYPE="HypPart2" SUBS_CONTENT="wahrscheinlich" WC="0.99" CC="0546051502"/>
						<SP ID="P3_SP00298" HPOS="355" VPOS="3690" WIDTH="28"/>
						<String ID="P3_ST00342" HPOS="383" VPOS="3655" WIDTH="89" HEIGHT="32" CONTENT="von" WC="0.95" CC="606"/>
						<SP ID="P3_SP00299" HPOS="472" VPOS="3690" WIDTH="30"/>
						<String ID="P3_ST00343" HPOS="502" VPOS="3654" WIDTH="161" HEIGHT="33" CONTENT="eurem" WC="0.99" CC="00500"/>
						<SP ID="P3_SP00300" HPOS="663" VPOS="3690" WIDTH="32"/>
						<String ID="P3_ST00344" HPOS="695" VPOS="3635" WIDTH="217" HEIGHT="51" CONTENT="Gesindel" WC="1.00" CC="00305000"/>
						<SP ID="P3_SP00301" HPOS="912" VPOS="3690" WIDTH="29"/>
						<String ID="P3_ST00345" HPOS="941" VPOS="3634" WIDTH="307" HEIGHT="52" CONTENT='stammend."' WC="0.99" CC="0032905037"/>
						<SP ID="P3_SP00302" HPOS="1248" VPOS="3690" WIDTH="0"/>
					</TextLine>
					<TextLine ID="P3_TL00045" HPOS="141" VPOS="3714" WIDTH="1535" HEIGHT="71">
						<String ID="P3_ST00346" HPOS="141" VPOS="3719" WIDTH="161" HEIGHT="51" CONTENT="heure!" WC="0.72" CC="653000" STYLEREFS="TXT_2"/>
						<String ID="P3_ST00347" HPOS="303" VPOS="3727" WIDTH="10" HEIGHT="19" CONTENT='"' WC="0.62" CC="3"/>
						<SP ID="P3_SP00303" HPOS="313" VPOS="3770" WIDTH="28"/>
						<String ID="P3_ST00348" HPOS="341" VPOS="3725" WIDTH="104" HEIGHT="60" CONTENT="sagt" WC="1.00" CC="0200"/>
						<SP ID="P3_SP00304" HPOS="445" VPOS="3785" WIDTH="22"/>
						<String ID="P3_ST00349" HPOS="467" VPOS="3716" WIDTH="245" HEIGHT="51" CONTENT="Preciosa:" WC="0.98" CC="000010000"/>
						<SP ID="P3_SP00305" HPOS="712" VPOS="3785" WIDTH="43"/>
						<String ID="P3_ST00350" HPOS="755" VPOS="3733" WIDTH="76" HEIGHT="41" CONTENT="„so" WC="0.98" CC="400"/>
						<SP ID="P3_SP00306" HPOS="831" VPOS="3785" WIDTH="30"/>
						<String ID="P3_ST00351" HPOS="861" VPOS="3715" WIDTH="213" HEIGHT="50" CONTENT="heirathe" WC="0.88" CC="60020000"/>
						<SP ID="P3_SP00307" HPOS="1074" VPOS="3785" WIDTH="29"/>
						<String ID="P3_ST00352" HPOS="1103" VPOS="3715" WIDTH="72" HEIGHT="48" CONTENT="ich" WC="0.99" CC="002"/>
						<SP ID="P3_SP00308" HPOS="1175" VPOS="3785" WIDTH="26"/>
						<String ID="P3_ST00353" HPOS="1201" VPOS="3714" WIDTH="120" HEIGHT="48" CONTENT='ihn."' WC="0.98" CC="06404"/>
						<SP ID="P3_SP00309" HPOS="1321" VPOS="3785" WIDTH="42"/>
						<String ID="P3_ST00354" HPOS="1363" VPOS="3714" WIDTH="191" HEIGHT="49" CONTENT="Darauf" WC="0.98" CC="703500"/>
						<SP ID="P3_SP00310" HPOS="1554" VPOS="3785" WIDTH="16"/>
						<String ID="P3_ST00355" HPOS="1570" VPOS="3714" WIDTH="106" HEIGHT="48" CONTENT="lässt" WC="0.89" CC="00310"/>
					</TextLine>
					<TextLine ID="P3_TL00046" HPOS="110" VPOS="3791" WIDTH="1564" HEIGHT="74">
						<String ID="P3_ST00356" HPOS="110" VPOS="3799" WIDTH="63" HEIGHT="49" CONTENT="sie" WC="0.98" CC="600"/>
						<SP ID="P3_SP00311" HPOS="173" VPOS="3848" WIDTH="31"/>
						<String ID="P3_ST00357" HPOS="204" VPOS="3799" WIDTH="133" HEIGHT="49" CONTENT="einen" WC="0.99" CC="00504"/>
						<SP ID="P3_SP00312" HPOS="337" VPOS="3848" WIDTH="30"/>
						<String ID="P3_ST00358" HPOS="367" VPOS="3813" WIDTH="191" HEIGHT="52" CONTENT="grossen" WC="0.98" CC="9334003"/>
						<SP ID="P3_SP00313" HPOS="558" VPOS="3865" WIDTH="30"/>
						<String ID="P3_ST00359" HPOS="588" VPOS="3796" WIDTH="127" HEIGHT="49" CONTENT="Stein" WC="0.98" CC="53007"/>
						<SP ID="P3_SP00314" HPOS="715" VPOS="3865" WIDTH="31"/>
						<String ID="P3_ST00360" HPOS="746" VPOS="3794" WIDTH="265" HEIGHT="57" CONTENT="aufheben;" WC="0.99" CC="012006062"/>
						<SP ID="P3_SP00315" HPOS="1011" VPOS="3865" WIDTH="40"/>
						<String ID="P3_ST00361" HPOS="1051" VPOS="3793" WIDTH="72" HEIGHT="49" CONTENT="ein" WC="1.00" CC="000"/>
						<SP ID="P3_SP00316" HPOS="1123" VPOS="3865" WIDTH="32"/>
						<String ID="P3_ST00362" HPOS="1155" VPOS="3791" WIDTH="204" HEIGHT="50" CONTENT="Schacht" WC="0.99" CC="3062150"/>
						<SP ID="P3_SP00317" HPOS="1359" VPOS="3865" WIDTH="30"/>
						<String ID="P3_ST00363" HPOS="1389" VPOS="3793" WIDTH="146" HEIGHT="49" CONTENT="öffnet" WC="0.99" CC="044000"/>
						<SP ID="P3_SP00318" HPOS="1535" VPOS="3865" WIDTH="28"/>
						<String ID="P3_ST00364" HPOS="1563" VPOS="3793" WIDTH="111" HEIGHT="57" CONTENT="sich," WC="0.99" CC="00052"/>
					</TextLine>
					<TextLine ID="P3_TL00047" HPOS="107" VPOS="3870" WIDTH="1565" HEIGHT="75">
						<String ID="P3_ST00365" HPOS="107" VPOS="3880" WIDTH="128" HEIGHT="48" CONTENT="Alles" WC="1.00" CC="00200"/>
						<SP ID="P3_SP00319" HPOS="235" VPOS="3928" WIDTH="30"/>
						<String ID="P3_ST00366" HPOS="265" VPOS="3879" WIDTH="137" HEIGHT="66" CONTENT="steigt" WC="1.00" CC="000003"/>
						<SP ID="P3_SP00320" HPOS="402" VPOS="3945" WIDTH="28"/>
						<String ID="P3_ST00367" HPOS="430" VPOS="3876" WIDTH="172" HEIGHT="59" CONTENT="hinein," WC="0.99" CC="4070030"/>
						<SP ID="P3_SP00321" HPOS="602" VPOS="3945" WIDTH="26"/>
						<String ID="P3_ST00368" HPOS="628" VPOS="3873" WIDTH="353" HEIGHT="58" CONTENT="verschwindet," WC="0.99" CC="5090060560004"/>
						<SP ID="P3_SP00322" HPOS="981" VPOS="3945" WIDTH="24"/>
						<String ID="P3_ST00369" HPOS="1005" VPOS="3890" WIDTH="98" HEIGHT="40" CONTENT="um," WC="0.97" CC="503"/>
						<SP ID="P3_SP00323" HPOS="1103" VPOS="3945" WIDTH="26"/>
						<String ID="P3_ST00370" HPOS="1129" VPOS="3873" WIDTH="112" HEIGHT="48" CONTENT="Gott" WC="0.97" CC="6052"/>
						<SP ID="P3_SP00324" HPOS="1241" VPOS="3945" WIDTH="22"/>
						<String ID="P3_ST00371" HPOS="1263" VPOS="3870" WIDTH="151" HEIGHT="61" CONTENT="weiss," WC="0.99" CC="000620"/>
						<SP ID="P3_SP00325" HPOS="1414" VPOS="3945" WIDTH="24"/>
						<String ID="P3_ST00372" HPOS="1438" VPOS="3889" WIDTH="92" HEIGHT="41" CONTENT="wo," WC="0.98" CC="014"/>
						<SP ID="P3_SP00326" HPOS="1530" VPOS="3945" WIDTH="30"/>
						<String ID="P3_ST00373" HPOS="1560" VPOS="3870" WIDTH="84" HEIGHT="50" CONTENT="wie" SUBS_TYPE="HypPart1" SUBS_CONTENT="wieder" WC="0.98" CC="040"/>
						<HYP HPOS="1644" VPOS="3870" WIDTH="28" CONTENT="-"/>
					</TextLine>
					<TextLine ID="P3_TL00048" HPOS="107" VPOS="3951" WIDTH="1566" HEIGHT="66">
						<String ID="P3_ST00374" HPOS="107" VPOS="3958" WIDTH="84" HEIGHT="49" CONTENT="der" SUBS_TYPE="HypPart2" SUBS_CONTENT="wieder" WC="1.00" CC="000"/>
						<SP ID="P3_SP00327" HPOS="191" VPOS="4007" WIDTH="24"/>
						<String ID="P3_ST00375" HPOS="215" VPOS="3975" WIDTH="81" HEIGHT="33" CONTENT="ans" WC="0.94" CC="960"/>
						<SP ID="P3_SP00328" HPOS="296" VPOS="4008" WIDTH="16"/>
						<String ID="P3_ST00376" HPOS="312" VPOS="3959" WIDTH="137" HEIGHT="49" CONTENT="Licht" WC="0.98" CC="06370"/>
						<SP ID="P3_SP00329" HPOS="449" VPOS="4008" WIDTH="19"/>
						<String ID="P3_ST00377" HPOS="468" VPOS="3975" WIDTH="53" HEIGHT="31" CONTENT="zu" WC="0.94" CC="10"/>
						<SP ID="P3_SP00330" HPOS="521" VPOS="4008" WIDTH="26"/>
						<String ID="P3_ST00378" HPOS="547" VPOS="3956" WIDTH="236" HEIGHT="56" CONTENT="kommen," WC="1.00" CC="0000000"/>
						<SP ID="P3_SP00331" HPOS="783" VPOS="4012" WIDTH="31"/>
						<String ID="P3_ST00379" HPOS="814" VPOS="3954" WIDTH="94" HEIGHT="49" CONTENT="und" WC="0.99" CC="010"/>
						<SP ID="P3_SP00332" HPOS="908" VPOS="4012" WIDTH="27"/>
						<String ID="P3_ST00380" HPOS="935" VPOS="3954" WIDTH="83" HEIGHT="48" CONTENT="der" WC="0.98" CC="005"/>
						<SP ID="P3_SP00333" HPOS="1018" VPOS="4012" WIDTH="24"/>
						<String ID="P3_ST00381" HPOS="1042" VPOS="3954" WIDTH="308" HEIGHT="48" CONTENT="Gouverneur" WC="0.99" CC="6230030030"/>
						<SP ID="P3_SP00334" HPOS="1350" VPOS="4012" WIDTH="27"/>
						<String ID="P3_ST00382" HPOS="1377" VPOS="3953" WIDTH="57" HEIGHT="48" CONTENT="ist" WC="0.99" CC="020"/>
						<SP ID="P3_SP00335" HPOS="1434" VPOS="4012" WIDTH="29"/>
						<String ID="P3_ST00383" HPOS="1463" VPOS="3951" WIDTH="210" HEIGHT="66" CONTENT="geprellt." WC="0.99" CC="900303000"/>
					</TextLine>
					<TextLine ID="P3_TL00049" HPOS="215" VPOS="4029" WIDTH="1459" HEIGHT="67">
						<String ID="P3_ST00384" HPOS="215" VPOS="4039" WIDTH="140" HEIGHT="48" CONTENT="Trotz" WC="0.99" CC="04006"/>
						<SP ID="P3_SP00336" HPOS="355" VPOS="4087" WIDTH="30"/>
						<String ID="P3_ST00385" HPOS="385" VPOS="4039" WIDTH="137" HEIGHT="49" CONTENT="allem" WC="0.99" CC="04600"/>
						<SP ID="P3_SP00337" HPOS="522" VPOS="4088" WIDTH="31"/>
						<String ID="P3_ST00386" HPOS="553" VPOS="4035" WIDTH="105" HEIGHT="50" CONTENT="dem" WC="0.94" CC="808"/>
						<SP ID="P3_SP00338" HPOS="658" VPOS="4088" WIDTH="29"/>
						<String ID="P3_ST00387" HPOS="687" VPOS="4035" WIDTH="82" HEIGHT="48" CONTENT="hat" WC="0.95" CC="390"/>
						<SP ID="P3_SP00339" HPOS="769" VPOS="4088" WIDTH="39"/>
						<String ID="P3_ST00388" HPOS="808" VPOS="4033" WIDTH="74" HEIGHT="49" CONTENT="die" WC="1.00" CC="000"/>
						<SP ID="P3_SP00340" HPOS="882" VPOS="4088" WIDTH="29"/>
						<String ID="P3_ST00389" HPOS="911" VPOS="4033" WIDTH="213" HEIGHT="49" CONTENT="liebliche" WC="0.99" CC="400230660"/>
						<SP ID="P3_SP00341" HPOS="1124" VPOS="4088" WIDTH="30"/>
						<String ID="P3_ST00390" HPOS="1154" VPOS="4029" WIDTH="155" HEIGHT="52" CONTENT="Musik" WC="0.99" CC="02040"/>
						<SP ID="P3_SP00342" HPOS="1309" VPOS="4088" WIDTH="30"/>
						<String ID="P3_ST00391" HPOS="1339" VPOS="4029" WIDTH="225" HEIGHT="52" CONTENT="Wunder" WC="0.99" CC="045004"/>
						<SP ID="P3_SP00343" HPOS="1564" VPOS="4088" WIDTH="30"/>
						<String ID="P3_ST00392" HPOS="1594" VPOS="4048" WIDTH="54" HEIGHT="48" CONTENT="ge" SUBS_TYPE="HypPart1" SUBS_CONTENT="gethan." WC="0.89" CC="00"/>
						<HYP HPOS="1648" VPOS="4048" WIDTH="26" CONTENT="-"/>
					</TextLine>
					<TextLine ID="P3_TL00050" HPOS="107" VPOS="4108" WIDTH="1570" HEIGHT="59">
						<String ID="P3_ST00393" HPOS="107" VPOS="4115" WIDTH="128" HEIGHT="50" CONTENT="than." SUBS_TYPE="HypPart2" SUBS_CONTENT="gethan." WC="0.50" CC="06961"/>
						<SP ID="P3_SP00344" HPOS="235" VPOS="4165" WIDTH="30"/>
						<String ID="P3_ST00394" HPOS="265" VPOS="4116" WIDTH="108" HEIGHT="50" CONTENT="Alle" WC="0.98" CC="3040"/>
						<SP ID="P3_SP00345" HPOS="373" VPOS="4166" WIDTH="27"/>
						<String ID="P3_ST00395" HPOS="400" VPOS="4118" WIDTH="265" HEIGHT="49" CONTENT="Nummern" WC="0.98" CC="0109036"/>
						<SP ID="P3_SP00346" HPOS="665" VPOS="4167" WIDTH="29"/>
						<String ID="P3_ST00396" HPOS="694" VPOS="4129" WIDTH="82" HEIGHT="36" CONTENT="aus" WC="0.94" CC="950"/>
						<SP ID="P3_SP00347" HPOS="776" VPOS="4167" WIDTH="30"/>
						<String ID="P3_ST00397" HPOS="806" VPOS="4111" WIDTH="83" HEIGHT="51" CONTENT="der" WC="0.99" CC="003"/>
						<SP ID="P3_SP00348" HPOS="889" VPOS="4167" WIDTH="28"/>
						<String ID="P3_ST00398" HPOS="917" VPOS="4113" WIDTH="220" HEIGHT="49" CONTENT="Preciosa" WC="0.83" CC="06000034"/>
						<SP ID="P3_SP00349" HPOS="1137" VPOS="4167" WIDTH="28"/>
						<String ID="P3_ST00399" HPOS="1165" VPOS="4108" WIDTH="99" HEIGHT="52" CONTENT="sind" WC="0.95" CC="6068"/>
						<SP ID="P3_SP00350" HPOS="1264" VPOS="4167" WIDTH="31"/>
						<String ID="P3_ST00400" HPOS="1295" VPOS="4109" WIDTH="157" HEIGHT="57" CONTENT="darin;" WC="0.99" CC="001060"/>
						<SP ID="P3_SP00351" HPOS="1452" VPOS="4167" WIDTH="37"/>
						<String ID="P3_ST00401" HPOS="1489" VPOS="4109" WIDTH="74" HEIGHT="49" CONTENT="die" WC="0.99" CC="030"/>
						<SP ID="P3_SP00352" HPOS="1563" VPOS="4167" WIDTH="20"/>
						<String ID="P3_ST00402" HPOS="1583" VPOS="4110" WIDTH="63" HEIGHT="50" CONTENT="Zu" SUBS_TYPE="HypPart1" SUBS_CONTENT="Zuthat" WC="0.84" CC="04"/>
						<HYP HPOS="1646" VPOS="4110" WIDTH="31" CONTENT="-"/>
					</TextLine>
					<TextLine ID="P3_TL00051" HPOS="111" VPOS="4189" WIDTH="1568" HEIGHT="66">
						<String ID="P3_ST00403" HPOS="111" VPOS="4195" WIDTH="98" HEIGHT="51" CONTENT="that" SUBS_TYPE="HypPart2" SUBS_CONTENT="Zuthat" WC="0.57" CC="6090"/>
						<SP ID="P3_SP00353" HPOS="209" VPOS="4246" WIDTH="40"/>
						<String ID="P3_ST00404" HPOS="249" VPOS="4212" WIDTH="89" HEIGHT="34" CONTENT="von" WC="0.96" CC="054"/>
						<SP ID="P3_SP00354" HPOS="338" VPOS="4246" WIDTH="32"/>
						<String ID="P3_ST00405" HPOS="370" VPOS="4196" WIDTH="97" HEIGHT="50" CONTENT="drei" WC="0.99" CC="0410"/>
						<SP ID="P3_SP00355" HPOS="467" VPOS="4246" WIDTH="34"/>
						<String ID="P3_ST00406" HPOS="501" VPOS="4196" WIDTH="222" HEIGHT="59" CONTENT="anderen," WC="0.99" CC="05005053"/>
						<SP ID="P3_SP00356" HPOS="723" VPOS="4255" WIDTH="45"/>
						<String ID="P3_ST00407" HPOS="768" VPOS="4193" WIDTH="72" HEIGHT="50" CONTENT="die" WC="1.00" CC="000"/>
						<SP ID="P3_SP00357" HPOS="840" VPOS="4255" WIDTH="44"/>
						<String ID="P3_ST00408" HPOS="884" VPOS="4193" WIDTH="121" HEIGHT="50" CONTENT="auch" WC="0.99" CC="0003"/>
						<SP ID="P3_SP00358" HPOS="1005" VPOS="4255" WIDTH="41"/>
						<String ID="P3_ST00409" HPOS="1046" VPOS="4209" WIDTH="90" HEIGHT="34" CONTENT="von" WC="0.98" CC="040"/>
						<SP ID="P3_SP00359" HPOS="1136" VPOS="4255" WIDTH="30"/>
						<String ID="P3_ST00410" HPOS="1166" VPOS="4190" WIDTH="186" HEIGHT="52" CONTENT="Weber" WC="0.97" CC="80525"/>
						<SP ID="P3_SP00360" HPOS="1352" VPOS="4255" WIDTH="43"/>
						<String ID="P3_ST00411" HPOS="1395" VPOS="4189" WIDTH="98" HEIGHT="51" CONTENT="sein" WC="0.97" CC="6007"/>
						<SP ID="P3_SP00361" HPOS="1493" VPOS="4255" WIDTH="40"/>
						<String ID="P3_ST00412" HPOS="1533" VPOS="4190" WIDTH="146" HEIGHT="51" CONTENT="sollen" WC="0.98" CC="540305"/>
					</TextLine>
				</TextBlock>
				<TextBlock ID="P3_TB00003" HPOS="1746" VPOS="291" WIDTH="1593" HEIGHT="3723" STYLEREFS="TXT_1 PAR_LEFT">
					<TextLine ID="P3_TL00052" HPOS="1750" VPOS="292" WIDTH="1589" HEIGHT="75">
						<String ID="P3_ST00413" HPOS="1750" VPOS="300" WIDTH="91" HEIGHT="67" CONTENT="(ich" WC="0.97" CC="9300"/>
						<SP ID="P3_SP00362" HPOS="1841" VPOS="367" WIDTH="33"/>
						<String ID="P3_ST00414" HPOS="1874" VPOS="298" WIDTH="133" HEIGHT="50" CONTENT="weiss" WC="0.96" CC="90095"/>
						<SP ID="P3_SP00363" HPOS="2007" VPOS="367" WIDTH="31"/>
						<String ID="P3_ST00415" HPOS="2038" VPOS="296" WIDTH="140" HEIGHT="60" CONTENT="nicht," WC="0.98" CC="100770"/>
						<SP ID="P3_SP00364" HPOS="2178" VPOS="367" WIDTH="41"/>
						<String ID="P3_ST00416" HPOS="2219" VPOS="296" WIDTH="61" HEIGHT="50" CONTENT="ob" WC="0.44" CC="37"/>
						<SP ID="P3_SP00365" HPOS="2280" VPOS="367" WIDTH="46"/>
						<String ID="P3_ST00417" HPOS="2326" VPOS="314" WIDTH="81" HEIGHT="33" CONTENT="a*us" WC="0.47" CC="6482"/>
						<SP ID="P3_SP00366" HPOS="2407" VPOS="367" WIDTH="46"/>
						<String ID="P3_ST00418" HPOS="2453" VPOS="296" WIDTH="109" HEIGHT="51" CONTENT="Abu" WC="0.97" CC="070"/>
						<SP ID="P3_SP00367" HPOS="2562" VPOS="367" WIDTH="34"/>
						<String ID="P3_ST00419" HPOS="2596" VPOS="298" WIDTH="186" HEIGHT="49" CONTENT="Hassan" WC="0.97" CC="710638"/>
						<SP ID="P3_SP00368" HPOS="2782" VPOS="367" WIDTH="37"/>
						<String ID="P3_ST00420" HPOS="2819" VPOS="294" WIDTH="116" HEIGHT="52" CONTENT="oder" WC="0.96" CC="5902"/>
						<SP ID="P3_SP00369" HPOS="2935" VPOS="367" WIDTH="41"/>
						<String ID="P3_ST00421" HPOS="2976" VPOS="301" WIDTH="130" HEIGHT="42" CONTENT="sonst" WC="0.96" CC="36865"/>
						<SP ID="P3_SP00370" HPOS="3106" VPOS="367" WIDTH="30"/>
						<String ID="P3_ST00422" HPOS="3136" VPOS="292" WIDTH="165" HEIGHT="51" CONTENT="woher" WC="0.95" CC="96649"/>
						<SP ID="P3_SP00371" HPOS="3301" VPOS="367" WIDTH="26"/>
						<String ID="P3_ST00423" HPOS="3327" VPOS="332" WIDTH="12" HEIGHT="20" CONTENT="," WC="1.00" CC="0"/>
					</TextLine>
					<TextLine ID="P3_TL00053" HPOS="1750" VPOS="376" WIDTH="717" HEIGHT="54">
						<String ID="P3_ST00424" HPOS="1750" VPOS="381" WIDTH="126" HEIGHT="49" CONTENT="hätte" WC="0.96" CC="69753"/>
						<SP ID="P3_SP00372" HPOS="1876" VPOS="430" WIDTH="32"/>
						<String ID="P3_ST00425" HPOS="1908" VPOS="376" WIDTH="326" HEIGHT="51" CONTENT="unterbleiben" WC="0.99" CC="686437072608"/>
						<SP ID="P3_SP00373" HPOS="2234" VPOS="430" WIDTH="33"/>
						<String ID="P3_ST00426" HPOS="2267" VPOS="378" WIDTH="200" HEIGHT="49" CONTENT="können." WC="0.99" CC="0007070"/>
					</TextLine>
					<TextLine ID="P3_TL00054" HPOS="1881" VPOS="451" WIDTH="1457" HEIGHT="73">
						<String ID="P3_ST00427" HPOS="1881" VPOS="459" WIDTH="341" HEIGHT="57" CONTENT='„Almanzor",' WC="0.58" CC="30407853444"/>
						<SP ID="P3_SP00374" HPOS="2222" VPOS="516" WIDTH="31"/>
						<String ID="P3_ST00428" HPOS="2253" VPOS="455" WIDTH="82" HEIGHT="51" CONTENT="das" WC="0.98" CC="050"/>
						<SP ID="P3_SP00375" HPOS="2335" VPOS="516" WIDTH="29"/>
						<String ID="P3_ST00429" HPOS="2364" VPOS="456" WIDTH="228" HEIGHT="68" CONTENT="einactige" WC="0.86" CC="000410500"/>
						<SP ID="P3_SP00376" HPOS="2592" VPOS="524" WIDTH="34"/>
						<String ID="P3_ST00430" HPOS="2626" VPOS="455" WIDTH="154" HEIGHT="52" CONTENT="Werk" WC="0.99" CC="0600"/>
						<SP ID="P3_SP00377" HPOS="2780" VPOS="524" WIDTH="26"/>
						<String ID="P3_ST00431" HPOS="2806" VPOS="455" WIDTH="176" HEIGHT="67" CONTENT="junger" WC="0.97" CC="644902"/>
						<SP ID="P3_SP00378" HPOS="2982" VPOS="524" WIDTH="28"/>
						<String ID="P3_ST00432" HPOS="3010" VPOS="454" WIDTH="201" HEIGHT="48" CONTENT="Dichter" WC="0.99" CC="5006150"/>
						<SP ID="P3_SP00379" HPOS="3211" VPOS="524" WIDTH="29"/>
						<String ID="P3_ST00433" HPOS="3240" VPOS="451" WIDTH="98" HEIGHT="50" CONTENT="und" WC="0.91" CC="589"/>
					</TextLine>
					<TextLine ID="P3_TL00055" HPOS="1750" VPOS="531" WIDTH="1589" HEIGHT="74">
						<String ID="P3_ST00434" HPOS="1750" VPOS="539" WIDTH="125" HEIGHT="49" CONTENT="eines" WC="0.99" CC="00700"/>
						<SP ID="P3_SP00380" HPOS="1875" VPOS="588" WIDTH="25"/>
						<String ID="P3_ST00435" HPOS="1900" VPOS="538" WIDTH="183" HEIGHT="67" CONTENT="jungen" WC="0.98" CC="147007"/>
						<SP ID="P3_SP00381" HPOS="2083" VPOS="605" WIDTH="33"/>
						<String ID="P3_ST00436" HPOS="2116" VPOS="536" WIDTH="351" HEIGHT="68" CONTENT="Componisten," WC="0.57" CC="850074066462"/>
						<SP ID="P3_SP00382" HPOS="2467" VPOS="605" WIDTH="34"/>
						<String ID="P3_ST00437" HPOS="2501" VPOS="535" WIDTH="301" HEIGHT="58" CONTENT="Wilback," WC="0.66" CC="90260062"/>
						<SP ID="P3_SP00383" HPOS="2802" VPOS="605" WIDTH="44"/>
						<String ID="P3_ST00438" HPOS="2846" VPOS="534" WIDTH="164" HEIGHT="51" CONTENT="dessen" WC="0.99" CC="021204"/>
						<SP ID="P3_SP00384" HPOS="3010" VPOS="605" WIDTH="33"/>
						<String ID="P3_ST00439" HPOS="3043" VPOS="535" WIDTH="155" HEIGHT="48" CONTENT="Name" WC="0.96" CC="7390"/>
						<SP ID="P3_SP00385" HPOS="3198" VPOS="605" WIDTH="29"/>
						<String ID="P3_ST00440" HPOS="3227" VPOS="531" WIDTH="112" HEIGHT="51" CONTENT="sehr" WC="0.97" CC="7016"/>
					</TextLine>
					<TextLine ID="P3_TL00056" HPOS="1747" VPOS="612" WIDTH="1588" HEIGHT="73">
						<String ID="P3_ST00441" HPOS="1747" VPOS="619" WIDTH="191" HEIGHT="49" CONTENT="deutsch" WC="0.99" CC="0065206"/>
						<SP ID="P3_SP00386" HPOS="1938" VPOS="668" WIDTH="35"/>
						<String ID="P3_ST00442" HPOS="1973" VPOS="619" WIDTH="164" HEIGHT="66" CONTENT="klingt," WC="0.99" CC="0046000"/>
						<SP ID="P3_SP00387" HPOS="2137" VPOS="685" WIDTH="31"/>
						<String ID="P3_ST00443" HPOS="2168" VPOS="618" WIDTH="93" HEIGHT="49" CONTENT="will" WC="0.97" CC="0463"/>
						<SP ID="P3_SP00388" HPOS="2261" VPOS="685" WIDTH="29"/>
						<String ID="P3_ST00444" HPOS="2290" VPOS="618" WIDTH="149" HEIGHT="48" CONTENT="nichts" WC="0.97" CC="507575"/>
						<SP ID="P3_SP00389" HPOS="2439" VPOS="685" WIDTH="33"/>
						<String ID="P3_ST00445" HPOS="2472" VPOS="615" WIDTH="250" HEIGHT="51" CONTENT="bedeuten." WC="0.99" CC="400253004"/>
						<SP ID="P3_SP00390" HPOS="2722" VPOS="685" WIDTH="41"/>
						<String ID="P3_ST00446" HPOS="2763" VPOS="618" WIDTH="122" HEIGHT="47" CONTENT="Text" WC="0.99" CC="0030"/>
						<SP ID="P3_SP00391" HPOS="2885" VPOS="685" WIDTH="28"/>
						<String ID="P3_ST00447" HPOS="2913" VPOS="615" WIDTH="95" HEIGHT="50" CONTENT="und" WC="0.95" CC="580"/>
						<SP ID="P3_SP00392" HPOS="3008" VPOS="685" WIDTH="33"/>
						<String ID="P3_ST00448" HPOS="3041" VPOS="612" WIDTH="159" HEIGHT="53" CONTENT="Musik" WC="0.98" CC="07252"/>
						<SP ID="P3_SP00393" HPOS="3200" VPOS="685" WIDTH="29"/>
						<String ID="P3_ST00449" HPOS="3229" VPOS="612" WIDTH="106" HEIGHT="51" CONTENT="sind" WC="0.96" CC="6246"/>
					</TextLine>
					<TextLine ID="P3_TL00057" HPOS="1747" VPOS="692" WIDTH="1585" HEIGHT="72">
						<String ID="P3_ST00450" HPOS="1747" VPOS="699" WIDTH="241" HEIGHT="54" CONTENT="schwach;" WC="0.99" CC="10600006"/>
						<SP ID="P3_SP00394" HPOS="1988" VPOS="753" WIDTH="33"/>
						<String ID="P3_ST00451" HPOS="2021" VPOS="698" WIDTH="136" HEIGHT="49" CONTENT="allein" WC="0.99" CC="005008"/>
						<SP ID="P3_SP00395" HPOS="2157" VPOS="753" WIDTH="32"/>
						<String ID="P3_ST00452" HPOS="2189" VPOS="714" WIDTH="47" HEIGHT="33" CONTENT="es" WC="0.71" CC="05"/>
						<SP ID="P3_SP00396" HPOS="2236" VPOS="753" WIDTH="31"/>
						<String ID="P3_ST00453" HPOS="2267" VPOS="696" WIDTH="118" HEIGHT="50" CONTENT="wird" WC="0.98" CC="0290"/>
						<SP ID="P3_SP00397" HPOS="2385" VPOS="753" WIDTH="31"/>
						<String ID="P3_ST00454" HPOS="2416" VPOS="704" WIDTH="85" HEIGHT="60" CONTENT="gut" WC="0.97" CC="015"/>
						<SP ID="P3_SP00398" HPOS="2501" VPOS="764" WIDTH="22"/>
						<String ID="P3_ST00455" HPOS="2523" VPOS="696" WIDTH="194" HEIGHT="66" CONTENT="gespielt" WC="0.99" CC="02404006"/>
						<SP ID="P3_SP00399" HPOS="2717" VPOS="764" WIDTH="24"/>
						<String ID="P3_ST00456" HPOS="2741" VPOS="694" WIDTH="93" HEIGHT="51" CONTENT="und" WC="0.97" CC="350"/>
						<SP ID="P3_SP00400" HPOS="2834" VPOS="764" WIDTH="26"/>
						<String ID="P3_ST00457" HPOS="2860" VPOS="712" WIDTH="261" HEIGHT="49" CONTENT="gesungen," WC="0.99" CC="900049000"/>
						<SP ID="P3_SP00401" HPOS="3121" VPOS="764" WIDTH="30"/>
						<String ID="P3_ST00458" HPOS="3151" VPOS="692" WIDTH="98" HEIGHT="50" CONTENT="und" WC="0.93" CC="339"/>
						<SP ID="P3_SP00402" HPOS="3249" VPOS="764" WIDTH="31"/>
						<String ID="P3_ST00459" HPOS="3280" VPOS="709" WIDTH="52" HEIGHT="33" CONTENT="so" WC="0.51" CC="44"/>
					</TextLine>
					<TextLine ID="P3_TL00058" HPOS="1748" VPOS="775" WIDTH="927" HEIGHT="69">
						<String ID="P3_ST00460" HPOS="1748" VPOS="778" WIDTH="96" HEIGHT="49" CONTENT="lebt" WC="0.96" CC="5470"/>
						<SP ID="P3_SP00403" HPOS="1844" VPOS="827" WIDTH="28"/>
						<String ID="P3_ST00461" HPOS="1872" VPOS="794" WIDTH="49" HEIGHT="33" CONTENT="es" WC="0.81" CC="03"/>
						<SP ID="P3_SP00404" HPOS="1921" VPOS="827" WIDTH="30"/>
						<String ID="P3_ST00462" HPOS="1951" VPOS="776" WIDTH="122" HEIGHT="50" CONTENT="denn" WC="0.96" CC="9073"/>
						<SP ID="P3_SP00405" HPOS="2073" VPOS="827" WIDTH="29"/>
						<String ID="P3_ST00463" HPOS="2102" VPOS="775" WIDTH="121" HEIGHT="51" CONTENT="doch" WC="0.98" CC="0306"/>
						<SP ID="P3_SP00406" HPOS="2223" VPOS="827" WIDTH="32"/>
						<String ID="P3_ST00464" HPOS="2255" VPOS="776" WIDTH="151" HEIGHT="68" CONTENT="einige" WC="0.99" CC="006002"/>
						<SP ID="P3_SP00407" HPOS="2406" VPOS="844" WIDTH="32"/>
						<String ID="P3_ST00465" HPOS="2438" VPOS="775" WIDTH="237" HEIGHT="51" CONTENT="Wochen." WC="0.98" CC="6557004"/>
					</TextLine>
					<TextLine ID="P3_TL00059" HPOS="1866" VPOS="851" WIDTH="1462" HEIGHT="55">
						<String ID="P3_ST00466" HPOS="1866" VPOS="856" WIDTH="230" HEIGHT="50" CONTENT="Dasselbe" WC="0.99" CC="60001050"/>
						<SP ID="P3_SP00408" HPOS="2096" VPOS="906" WIDTH="30"/>
						<String ID="P3_ST00467" HPOS="2126" VPOS="856" WIDTH="205" HEIGHT="49" CONTENT="Theater" WC="0.99" CC="0265003"/>
						<SP ID="P3_SP00409" HPOS="2331" VPOS="906" WIDTH="30"/>
						<String ID="P3_ST00468" HPOS="2361" VPOS="856" WIDTH="80" HEIGHT="50" CONTENT="hat" WC="0.95" CC="660"/>
						<SP ID="P3_SP00410" HPOS="2441" VPOS="906" WIDTH="30"/>
						<String ID="P3_ST00469" HPOS="2471" VPOS="854" WIDTH="123" HEIGHT="51" CONTENT="denn" WC="0.98" CC="0015"/>
						<SP ID="P3_SP00411" HPOS="2594" VPOS="906" WIDTH="32"/>
						<String ID="P3_ST00470" HPOS="2626" VPOS="854" WIDTH="120" HEIGHT="51" CONTENT="auch" WC="0.98" CC="0540"/>
						<SP ID="P3_SP00412" HPOS="2746" VPOS="906" WIDTH="32"/>
						<String ID="P3_ST00471" HPOS="2778" VPOS="854" WIDTH="61" HEIGHT="48" CONTENT="im" WC="1.00" CC="00"/>
						<SP ID="P3_SP00413" HPOS="2839" VPOS="906" WIDTH="29"/>
						<String ID="P3_ST00472" HPOS="2868" VPOS="854" WIDTH="97" HEIGHT="49" CONTENT="Mai" WC="0.98" CC="005"/>
						<SP ID="P3_SP00414" HPOS="2965" VPOS="906" WIDTH="38"/>
						<String ID="P3_ST00473" HPOS="3003" VPOS="853" WIDTH="90" HEIGHT="49" CONTENT="den" WC="0.98" CC="006"/>
						<SP ID="P3_SP00415" HPOS="3093" VPOS="906" WIDTH="30"/>
						<String ID="P3_ST00474" HPOS="3123" VPOS="851" WIDTH="176" HEIGHT="51" CONTENT="blühen" SUBS_TYPE="HypPart1" SUBS_CONTENT="blühenden" WC="0.98" CC="560647"/>
						<HYP HPOS="3299" VPOS="851" WIDTH="29" CONTENT="-"/>
					</TextLine>
					<TextLine ID="P3_TL00060" HPOS="1748" VPOS="933" WIDTH="1579" HEIGHT="71">
						<String ID="P3_ST00475" HPOS="1748" VPOS="935" WIDTH="91" HEIGHT="51" CONTENT="den" SUBS_TYPE="HypPart2" SUBS_CONTENT="blühenden" WC="0.97" CC="008"/>
						<SP ID="P3_SP00416" HPOS="1839" VPOS="986" WIDTH="30"/>
						<String ID="P3_ST00476" HPOS="1869" VPOS="936" WIDTH="522" HEIGHT="68" CONTENT="Melodieen-Frühling" WC="0.84" CC="004000008105000080"/>
						<SP ID="P3_SP00417" HPOS="2391" VPOS="1004" WIDTH="41"/>
						<String ID="P3_ST00477" HPOS="2432" VPOS="936" WIDTH="387" HEIGHT="50" CONTENT="vonMozart's" WC="0.64" CC="21025562344"/>
						<SP ID="P3_SP00418" HPOS="2819" VPOS="1004" WIDTH="55"/>
						<String ID="P3_ST00478" HPOS="2874" VPOS="934" WIDTH="244" HEIGHT="66" CONTENT="„Figaro's" WC="0.73" CC="460902000"/>
						<SP ID="P3_SP00419" HPOS="3118" VPOS="1004" WIDTH="45"/>
						<String ID="P3_ST00479" HPOS="3163" VPOS="933" WIDTH="132" HEIGHT="49" CONTENT="Hoch" SUBS_TYPE="HypPart1" SUBS_CONTENT='Hochzeit"' WC="0.98" CC="8100"/>
						<HYP HPOS="3295" VPOS="933" WIDTH="32" CONTENT="-"/>
					</TextLine>
					<TextLine ID="P3_TL00061" HPOS="1747" VPOS="1011" WIDTH="1580" HEIGHT="68">
						<String ID="P3_ST00480" HPOS="1747" VPOS="1015" WIDTH="113" HEIGHT="50" CONTENT='zeit"' SUBS_TYPE="HypPart2" SUBS_CONTENT='Hochzeit"' WC="0.97" CC="64544"/>
						<SP ID="P3_SP00420" HPOS="1860" VPOS="1065" WIDTH="44"/>
						<String ID="P3_ST00481" HPOS="1904" VPOS="1015" WIDTH="168" HEIGHT="50" CONTENT="einmal" WC="0.97" CC="605976"/>
						<SP ID="P3_SP00421" HPOS="2072" VPOS="1065" WIDTH="44"/>
						<String ID="P3_ST00482" HPOS="2116" VPOS="1014" WIDTH="173" HEIGHT="51" CONTENT="wieder" WC="0.99" CC="001005"/>
						<SP ID="P3_SP00422" HPOS="2289" VPOS="1065" WIDTH="41"/>
						<String ID="P3_ST00483" HPOS="2330" VPOS="1033" WIDTH="53" HEIGHT="32" CONTENT="zu" WC="0.69" CC="14"/>
						<SP ID="P3_SP00423" HPOS="2383" VPOS="1065" WIDTH="44"/>
						<String ID="P3_ST00484" HPOS="2427" VPOS="1015" WIDTH="132" HEIGHT="50" CONTENT="Paris" WC="0.99" CC="01300"/>
						<SP ID="P3_SP00424" HPOS="2559" VPOS="1065" WIDTH="45"/>
						<String ID="P3_ST00485" HPOS="2604" VPOS="1015" WIDTH="86" HEIGHT="48" CONTENT="auf" WC="1.00" CC="000"/>
						<SP ID="P3_SP00425" HPOS="2690" VPOS="1065" WIDTH="35"/>
						<String ID="P3_ST00486" HPOS="2725" VPOS="1013" WIDTH="73" HEIGHT="49" CONTENT="die" WC="0.98" CC="005"/>
						<SP ID="P3_SP00426" HPOS="2798" VPOS="1065" WIDTH="42"/>
						<String ID="P3_ST00487" HPOS="2840" VPOS="1013" WIDTH="169" HEIGHT="49" CONTENT="Bühne" WC="0.97" CC="70772"/>
						<SP ID="P3_SP00427" HPOS="3009" VPOS="1065" WIDTH="43"/>
						<String ID="P3_ST00488" HPOS="3052" VPOS="1011" WIDTH="275" HEIGHT="68" CONTENT="verpflanzt," WC="0.99" CC="00004448660"/>
					</TextLine>
					<TextLine ID="P3_TL00062" HPOS="1749" VPOS="1091" WIDTH="1574" HEIGHT="70">
						<String ID="P3_ST00489" HPOS="1749" VPOS="1094" WIDTH="97" HEIGHT="51" CONTENT="und" WC="0.97" CC="260"/>
						<SP ID="P3_SP00428" HPOS="1846" VPOS="1145" WIDTH="29"/>
						<String ID="P3_ST00490" HPOS="1875" VPOS="1095" WIDTH="84" HEIGHT="50" CONTENT="mit" WC="1.00" CC="000"/>
						<SP ID="P3_SP00429" HPOS="1959" VPOS="1145" WIDTH="28"/>
						<String ID="P3_ST00491" HPOS="1987" VPOS="1110" WIDTH="213" HEIGHT="51" CONTENT="grossem" WC="0.98" CC="0923700"/>
						<SP ID="P3_SP00430" HPOS="2200" VPOS="1161" WIDTH="31"/>
						<String ID="P3_ST00492" HPOS="2231" VPOS="1095" WIDTH="179" HEIGHT="57" CONTENT="Glück;" WC="1.00" CC="100002"/>
						<SP ID="P3_SP00431" HPOS="2410" VPOS="1161" WIDTH="36"/>
						<String ID="P3_ST00493" HPOS="2446" VPOS="1095" WIDTH="122" HEIGHT="48" CONTENT="denn" WC="0.97" CC="0660"/>
						<SP ID="P3_SP00432" HPOS="2568" VPOS="1161" WIDTH="32"/>
						<String ID="P3_ST00494" HPOS="2600" VPOS="1093" WIDTH="248" HEIGHT="50" CONTENT="Tausende" WC="0.99" CC="00400601"/>
						<SP ID="P3_SP00433" HPOS="2848" VPOS="1161" WIDTH="30"/>
						<String ID="P3_ST00495" HPOS="2878" VPOS="1093" WIDTH="121" HEIGHT="48" CONTENT="eilen" WC="0.99" CC="10007"/>
						<SP ID="P3_SP00434" HPOS="2999" VPOS="1161" WIDTH="29"/>
						<String ID="P3_ST00496" HPOS="3028" VPOS="1091" WIDTH="183" HEIGHT="59" CONTENT="herbei," WC="0.99" CC="5043002"/>
						<SP ID="P3_SP00435" HPOS="3211" VPOS="1161" WIDTH="33"/>
						<String ID="P3_ST00497" HPOS="3244" VPOS="1109" WIDTH="79" HEIGHT="32" CONTENT="um" WC="0.77" CC="40"/>
					</TextLine>
					<TextLine ID="P3_TL00063" HPOS="1747" VPOS="1170" WIDTH="1578" HEIGHT="70">
						<String ID="P3_ST00498" HPOS="1747" VPOS="1175" WIDTH="157" HEIGHT="48" CONTENT="seinen" WC="0.98" CC="000708"/>
						<SP ID="P3_SP00436" HPOS="1904" VPOS="1223" WIDTH="18"/>
						<String ID="P3_ST00499" HPOS="1922" VPOS="1174" WIDTH="118" HEIGHT="49" CONTENT="Duft" WC="0.97" CC="6005"/>
						<SP ID="P3_SP00437" HPOS="2040" VPOS="1223" WIDTH="15"/>
						<String ID="P3_ST00500" HPOS="2055" VPOS="1173" WIDTH="343" HEIGHT="58" CONTENT="einzuathmen," WC="0.56" CC="508566036270"/>
						<SP ID="P3_SP00438" HPOS="2398" VPOS="1231" WIDTH="24"/>
						<String ID="P3_ST00501" HPOS="2422" VPOS="1174" WIDTH="96" HEIGHT="49" CONTENT="und" WC="0.98" CC="060"/>
						<SP ID="P3_SP00439" HPOS="2518" VPOS="1231" WIDTH="24"/>
						<String ID="P3_ST00502" HPOS="2542" VPOS="1173" WIDTH="198" HEIGHT="67" CONTENT="bringen" WC="0.98" CC="7003068"/>
						<SP ID="P3_SP00440" HPOS="2740" VPOS="1240" WIDTH="23"/>
						<String ID="P3_ST00503" HPOS="2763" VPOS="1171" WIDTH="83" HEIGHT="50" CONTENT="der" WC="1.00" CC="000"/>
						<SP ID="P3_SP00441" HPOS="2846" VPOS="1240" WIDTH="27"/>
						<String ID="P3_ST00504" HPOS="2873" VPOS="1171" WIDTH="141" HEIGHT="50" CONTENT="Casse" WC="0.65" CC="50460"/>
						<SP ID="P3_SP00442" HPOS="3014" VPOS="1240" WIDTH="27"/>
						<String ID="P3_ST00505" HPOS="3041" VPOS="1188" WIDTH="86" HEIGHT="49" CONTENT="gar" WC="0.95" CC="902"/>
						<SP ID="P3_SP00443" HPOS="3127" VPOS="1240" WIDTH="22"/>
						<String ID="P3_ST00506" HPOS="3149" VPOS="1170" WIDTH="176" HEIGHT="50" CONTENT="schöne" WC="0.99" CC="004061"/>
					</TextLine>
					<TextLine ID="P3_TL00064" HPOS="1748" VPOS="1255" WIDTH="348" HEIGHT="48">
						<String ID="P3_ST00507" HPOS="1748" VPOS="1256" WIDTH="230" HEIGHT="47" CONTENT="Summen" WC="0.99" CC="300008"/>
						<SP ID="P3_SP00444" HPOS="1978" VPOS="1303" WIDTH="29"/>
						<String ID="P3_ST00508" HPOS="2007" VPOS="1255" WIDTH="89" HEIGHT="48" CONTENT="ein." WC="0.99" CC="0004"/>
					</TextLine>
					<TextLine ID="P3_TL00065" HPOS="1867" VPOS="1327" WIDTH="1458" HEIGHT="55">
						<String ID="P3_ST00509" HPOS="1867" VPOS="1334" WIDTH="188" HEIGHT="48" CONTENT="Früher" WC="1.00" CC="020001"/>
						<SP ID="P3_SP00445" HPOS="2055" VPOS="1382" WIDTH="42"/>
						<String ID="P3_ST00510" HPOS="2097" VPOS="1334" WIDTH="57" HEIGHT="48" CONTENT="ist" WC="0.96" CC="045"/>
						<SP ID="P3_SP00446" HPOS="2154" VPOS="1382" WIDTH="41"/>
						<String ID="P3_ST00511" HPOS="2195" VPOS="1330" WIDTH="147" HEIGHT="51" CONTENT="dieses" WC="0.99" CC="900000"/>
						<SP ID="P3_SP00447" HPOS="2342" VPOS="1382" WIDTH="30"/>
						<String ID="P3_ST00512" HPOS="2372" VPOS="1331" WIDTH="322" HEIGHT="51" CONTENT="Meisterwerk" WC="1.00" CC="02000010040"/>
						<SP ID="P3_SP00448" HPOS="2694" VPOS="1382" WIDTH="29"/>
						<String ID="P3_ST00513" HPOS="2723" VPOS="1331" WIDTH="220" HEIGHT="50" CONTENT="Mozart's" WC="0.58" CC="50306746"/>
						<SP ID="P3_SP00449" HPOS="2943" VPOS="1382" WIDTH="34"/>
						<String ID="P3_ST00514" HPOS="2977" VPOS="1347" WIDTH="93" HEIGHT="31" CONTENT="nur" WC="0.94" CC="744"/>
						<SP ID="P3_SP00450" HPOS="3070" VPOS="1382" WIDTH="43"/>
						<String ID="P3_ST00515" HPOS="3113" VPOS="1345" WIDTH="90" HEIGHT="33" CONTENT="von" WC="0.95" CC="606"/>
						<SP ID="P3_SP00451" HPOS="3203" VPOS="1382" WIDTH="31"/>
						<String ID="P3_ST00516" HPOS="3234" VPOS="1327" WIDTH="91" HEIGHT="50" CONTENT="den" WC="0.97" CC="008"/>
					</TextLine>
					<TextLine ID="P3_TL00066" HPOS="1747" VPOS="1407" WIDTH="1580" HEIGHT="73">
						<String ID="P3_ST00517" HPOS="1747" VPOS="1413" WIDTH="250" HEIGHT="50" CONTENT="Italiänern" WC="0.82" CC="0003104043"/>
						<SP ID="P3_SP00452" HPOS="1997" VPOS="1463" WIDTH="32"/>
						<String ID="P3_ST00518" HPOS="2029" VPOS="1410" WIDTH="216" HEIGHT="70" CONTENT="gegeben" WC="0.99" CC="0090700"/>
						<SP ID="P3_SP00453" HPOS="2245" VPOS="1480" WIDTH="30"/>
						<String ID="P3_ST00519" HPOS="2275" VPOS="1410" WIDTH="220" HEIGHT="60" CONTENT="worden;" WC="0.99" CC="0400250"/>
						<SP ID="P3_SP00454" HPOS="2495" VPOS="1480" WIDTH="31"/>
						<String ID="P3_ST00520" HPOS="2526" VPOS="1411" WIDTH="115" HEIGHT="50" CONTENT="aber" WC="0.99" CC="0302"/>
						<SP ID="P3_SP00455" HPOS="2641" VPOS="1480" WIDTH="28"/>
						<String ID="P3_ST00521" HPOS="2669" VPOS="1411" WIDTH="119" HEIGHT="50" CONTENT="auch" WC="1.00" CC="0000"/>
						<SP ID="P3_SP00456" HPOS="2788" VPOS="1480" WIDTH="32"/>
						<String ID="P3_ST00522" HPOS="2820" VPOS="1409" WIDTH="126" HEIGHT="49" CONTENT="diese" WC="0.99" CC="03030"/>
						<SP ID="P3_SP00457" HPOS="2946" VPOS="1480" WIDTH="31"/>
						<String ID="P3_ST00523" HPOS="2977" VPOS="1407" WIDTH="160" HEIGHT="51" CONTENT="haben" WC="0.98" CC="60006"/>
						<SP ID="P3_SP00458" HPOS="3137" VPOS="1480" WIDTH="30"/>
						<String ID="P3_ST00524" HPOS="3167" VPOS="1425" WIDTH="47" HEIGHT="32" CONTENT="es" WC="0.89" CC="02"/>
						<SP ID="P3_SP00459" HPOS="3214" VPOS="1480" WIDTH="27"/>
						<String ID="P3_ST00525" HPOS="3241" VPOS="1409" WIDTH="86" HEIGHT="48" CONTENT="seit" WC="0.97" CC="6050"/>
					</TextLine>
					<TextLine ID="P3_TL00067" HPOS="1747" VPOS="1489" WIDTH="1577" HEIGHT="71">
						<String ID="P3_ST00526" HPOS="1747" VPOS="1494" WIDTH="203" HEIGHT="66" CONTENT="zwanzig" WC="0.98" CC="3007517"/>
						<SP ID="P3_SP00460" HPOS="1950" VPOS="1560" WIDTH="30"/>
						<String ID="P3_ST00527" HPOS="1980" VPOS="1494" WIDTH="178" HEIGHT="49" CONTENT="Jahren" WC="0.99" CC="000405"/>
						<SP ID="P3_SP00461" HPOS="2158" VPOS="1560" WIDTH="31"/>
						<String ID="P3_ST00528" HPOS="2189" VPOS="1493" WIDTH="152" HEIGHT="66" CONTENT="liegen" WC="0.98" CC="600901"/>
						<SP ID="P3_SP00462" HPOS="2341" VPOS="1560" WIDTH="29"/>
						<String ID="P3_ST00529" HPOS="2370" VPOS="1493" WIDTH="164" HEIGHT="48" CONTENT="lassen." WC="0.99" CC="3220042"/>
						<SP ID="P3_SP00463" HPOS="2534" VPOS="1560" WIDTH="42"/>
						<String ID="P3_ST00530" HPOS="2576" VPOS="1491" WIDTH="178" HEIGHT="49" CONTENT="Zuletzt" WC="1.00" CC="0000060"/>
						<SP ID="P3_SP00464" HPOS="2754" VPOS="1560" WIDTH="28"/>
						<String ID="P3_ST00531" HPOS="2782" VPOS="1490" WIDTH="81" HEIGHT="50" CONTENT="hat" WC="0.98" CC="600"/>
						<SP ID="P3_SP00465" HPOS="2863" VPOS="1560" WIDTH="28"/>
						<String ID="P3_ST00532" HPOS="2891" VPOS="1507" WIDTH="112" HEIGHT="31" CONTENT="man" WC="0.97" CC="007"/>
						<SP ID="P3_SP00466" HPOS="3003" VPOS="1560" WIDTH="33"/>
						<String ID="P3_ST00533" HPOS="3036" VPOS="1505" WIDTH="64" HEIGHT="43" CONTENT="es," WC="0.98" CC="032"/>
						<SP ID="P3_SP00467" HPOS="3100" VPOS="1560" WIDTH="31"/>
						<String ID="P3_ST00534" HPOS="3131" VPOS="1489" WIDTH="90" HEIGHT="48" CONTENT="wie" WC="1.00" CC="001"/>
						<SP ID="P3_SP00468" HPOS="3221" VPOS="1560" WIDTH="31"/>
						<String ID="P3_ST00535" HPOS="3252" VPOS="1489" WIDTH="72" HEIGHT="48" CONTENT="ich" WC="0.98" CC="320"/>
					</TextLine>
					<TextLine ID="P3_TL00068" HPOS="1749" VPOS="1568" WIDTH="1575" HEIGHT="63">
						<String ID="P3_ST00536" HPOS="1749" VPOS="1573" WIDTH="89" HEIGHT="48" CONTENT="mir" WC="0.98" CC="500"/>
						<SP ID="P3_SP00469" HPOS="1838" VPOS="1621" WIDTH="28"/>
						<String ID="P3_ST00537" HPOS="1866" VPOS="1573" WIDTH="125" HEIGHT="49" CONTENT="habe" WC="0.98" CC="1060"/>
						<SP ID="P3_SP00470" HPOS="1991" VPOS="1622" WIDTH="30"/>
						<String ID="P3_ST00538" HPOS="2021" VPOS="1571" WIDTH="216" HEIGHT="52" CONTENT="erzählen" WC="0.99" CC="05500137"/>
						<SP ID="P3_SP00471" HPOS="2237" VPOS="1623" WIDTH="28"/>
						<String ID="P3_ST00539" HPOS="2265" VPOS="1573" WIDTH="169" HEIGHT="58" CONTENT="lassen," WC="0.99" CC="6100044"/>
						<SP ID="P3_SP00472" HPOS="2434" VPOS="1631" WIDTH="42"/>
						<String ID="P3_ST00540" HPOS="2476" VPOS="1571" WIDTH="62" HEIGHT="49" CONTENT="im" WC="0.93" CC="10"/>
						<SP ID="P3_SP00473" HPOS="2538" VPOS="1631" WIDTH="29"/>
						<String ID="P3_ST00541" HPOS="2567" VPOS="1570" WIDTH="145" HEIGHT="50" CONTENT="Jahre" WC="0.98" CC="04260"/>
						<SP ID="P3_SP00474" HPOS="2712" VPOS="1631" WIDTH="35"/>
						<String ID="P3_ST00542" HPOS="2747" VPOS="1569" WIDTH="145" HEIGHT="49" CONTENT="1838" WC="0.72" CC="0280"/>
						<SP ID="P3_SP00475" HPOS="2892" VPOS="1631" WIDTH="47"/>
						<String ID="P3_ST00543" HPOS="2939" VPOS="1569" WIDTH="84" HEIGHT="48" CONTENT="mit" WC="0.96" CC="900"/>
						<SP ID="P3_SP00476" HPOS="3023" VPOS="1631" WIDTH="36"/>
						<String ID="P3_ST00544" HPOS="3059" VPOS="1568" WIDTH="265" HEIGHT="49" CONTENT="trefflicher" WC="0.99" CC="00000630679"/>
					</TextLine>
					<TextLine ID="P3_TL00069" HPOS="1748" VPOS="1648" WIDTH="1576" HEIGHT="72">
						<String ID="P3_ST00545" HPOS="1748" VPOS="1654" WIDTH="262" HEIGHT="66" CONTENT="Besetzung" WC="0.99" CC="730010080"/>
						<SP ID="P3_SP00477" HPOS="2010" VPOS="1720" WIDTH="24"/>
						<String ID="P3_ST00546" HPOS="2034" VPOS="1654" WIDTH="193" HEIGHT="66" CONTENT="gehört:" WC="0.99" CC="0060120"/>
						<SP ID="P3_SP00478" HPOS="2227" VPOS="1720" WIDTH="31"/>
						<String ID="P3_ST00547" HPOS="2258" VPOS="1649" WIDTH="515" HEIGHT="68" CONTENT="Figaro—Lablache," WC="1.00" CC="0000608000000003"/>
						<SP ID="P3_SP00479" HPOS="2773" VPOS="1720" WIDTH="30"/>
						<String ID="P3_ST00548" HPOS="2803" VPOS="1648" WIDTH="82" HEIGHT="50" CONTENT="der" WC="0.99" CC="003"/>
						<SP ID="P3_SP00480" HPOS="2885" VPOS="1720" WIDTH="24"/>
						<String ID="P3_ST00549" HPOS="2909" VPOS="1648" WIDTH="123" HEIGHT="50" CONTENT="Graf" WC="0.99" CC="0400"/>
						<String ID="P3_ST00550" HPOS="3033" VPOS="1648" WIDTH="291" HEIGHT="49" CONTENT="—Tambu-" WC="0.98" CC="8009070"/>
					</TextLine>
					<TextLine ID="P3_TL00070" HPOS="1749" VPOS="1728" WIDTH="1575" HEIGHT="63">
						<String ID="P3_ST00551" HPOS="1749" VPOS="1731" WIDTH="104" HEIGHT="60" CONTENT="rini," SUBS_TYPE="HypPart2" SUBS_CONTENT="Tamburini," WC="0.98" CC="30904"/>
						<SP ID="P3_SP00481" HPOS="1853" VPOS="1791" WIDTH="45"/>
						<String ID="P3_ST00552" HPOS="1898" VPOS="1730" WIDTH="72" HEIGHT="51" CONTENT="die" WC="0.97" CC="800"/>
						<SP ID="P3_SP00482" HPOS="1970" VPOS="1791" WIDTH="33"/>
						<String ID="P3_ST00553" HPOS="2003" VPOS="1734" WIDTH="163" HEIGHT="49" CONTENT="Gräfin" WC="0.98" CC="520623"/>
						<SP ID="P3_SP00483" HPOS="2166" VPOS="1791" WIDTH="122"/>
						<String ID="P3_ST00554" HPOS="2288" VPOS="1730" WIDTH="73" HEIGHT="50" CONTENT="die" WC="0.99" CC="002"/>
						<SP ID="P3_SP00484" HPOS="2361" VPOS="1791" WIDTH="30"/>
						<String ID="P3_ST00555" HPOS="2391" VPOS="1730" WIDTH="227" HEIGHT="58" CONTENT="Persiani," WC="0.56" CC="504069813"/>
						<SP ID="P3_SP00485" HPOS="2618" VPOS="1791" WIDTH="44"/>
						<String ID="P3_ST00556" HPOS="2662" VPOS="1730" WIDTH="216" HEIGHT="48" CONTENT="Susanna" WC="0.98" CC="5022860"/>
						<SP ID="P3_SP00486" HPOS="2878" VPOS="1791" WIDTH="121"/>
						<String ID="P3_ST00557" HPOS="2999" VPOS="1728" WIDTH="155" HEIGHT="49" CONTENT="Giulia" WC="0.83" CC="202050"/>
						<SP ID="P3_SP00487" HPOS="3154" VPOS="1791" WIDTH="30"/>
						<String ID="P3_ST00558" HPOS="3184" VPOS="1728" WIDTH="140" HEIGHT="57" CONTENT="Grisi," WC="0.72" CC="320450"/>
					</TextLine>
					<TextLine ID="P3_TL00071" HPOS="1752" VPOS="1805" WIDTH="1571" HEIGHT="71">
						<String ID="P3_ST00559" HPOS="1752" VPOS="1810" WIDTH="273" HEIGHT="52" CONTENT="Cherubino" WC="0.61" CC="860206063"/>
						<String ID="P3_ST00560" HPOS="2036" VPOS="1814" WIDTH="94" HEIGHT="48" CONTENT="—?" WC="0.42" CC="83"/>
						<SP ID="P3_SP00488" HPOS="2130" VPOS="1862" WIDTH="55"/>
						<String ID="P3_ST00561" HPOS="2185" VPOS="1811" WIDTH="101" HEIGHT="49" CONTENT="Der" WC="0.95" CC="525"/>
						<SP ID="P3_SP00489" HPOS="2286" VPOS="1862" WIDTH="22"/>
						<String ID="P3_ST00562" HPOS="2308" VPOS="1809" WIDTH="171" HEIGHT="67" CONTENT="jetzige" WC="0.99" CC="0003090"/>
						<SP ID="P3_SP00490" HPOS="2479" VPOS="1876" WIDTH="28"/>
						<String ID="P3_ST00563" HPOS="2507" VPOS="1808" WIDTH="296" HEIGHT="57" CONTENT="Bearbeiter," WC="0.99" CC="70707100000"/>
						<SP ID="P3_SP00491" HPOS="2803" VPOS="1876" WIDTH="46"/>
						<String ID="P3_ST00564" HPOS="2849" VPOS="1806" WIDTH="84" HEIGHT="50" CONTENT="der" WC="0.98" CC="005"/>
						<SP ID="P3_SP00492" HPOS="2933" VPOS="1876" WIDTH="28"/>
						<String ID="P3_ST00565" HPOS="2961" VPOS="1806" WIDTH="96" HEIGHT="49" CONTENT="sich" WC="0.99" CC="0400"/>
						<SP ID="P3_SP00493" HPOS="3057" VPOS="1876" WIDTH="28"/>
						<String ID="P3_ST00566" HPOS="3085" VPOS="1805" WIDTH="127" HEIGHT="50" CONTENT="nicht" WC="0.98" CC="50060"/>
						<SP ID="P3_SP00494" HPOS="3212" VPOS="1876" WIDTH="29"/>
						<String ID="P3_ST00567" HPOS="3241" VPOS="1823" WIDTH="55" HEIGHT="49" CONTENT="ge" SUBS_TYPE="HypPart1" SUBS_CONTENT="genannt," WC="0.96" CC="90"/>
						<HYP HPOS="3296" VPOS="1823" WIDTH="27" CONTENT="-"/>
					</TextLine>
					<TextLine ID="P3_TL00072" HPOS="1748" VPOS="1884" WIDTH="1575" HEIGHT="68">
						<String ID="P3_ST00568" HPOS="1748" VPOS="1898" WIDTH="164" HEIGHT="52" CONTENT="nannt," SUBS_TYPE="HypPart2" SUBS_CONTENT="genannt," WC="0.97" CC="698503"/>
						<SP ID="P3_SP00495" HPOS="1912" VPOS="1950" WIDTH="30"/>
						<String ID="P3_ST00569" HPOS="1942" VPOS="1891" WIDTH="83" HEIGHT="51" CONTENT="hat" WC="0.99" CC="300"/>
						<SP ID="P3_SP00496" HPOS="2025" VPOS="1950" WIDTH="28"/>
						<String ID="P3_ST00570" HPOS="2053" VPOS="1890" WIDTH="89" HEIGHT="51" CONTENT="den" WC="1.00" CC="000"/>
						<SP ID="P3_SP00497" HPOS="2142" VPOS="1950" WIDTH="29"/>
						<String ID="P3_ST00571" HPOS="2171" VPOS="1889" WIDTH="319" HEIGHT="52" CONTENT="italiänischen" WC="0.76" CC="0000098100506"/>
						<SP ID="P3_SP00498" HPOS="2490" VPOS="1950" WIDTH="25"/>
						<String ID="P3_ST00572" HPOS="2515" VPOS="1890" WIDTH="121" HEIGHT="47" CONTENT="Text" WC="1.00" CC="0000"/>
						<SP ID="P3_SP00499" HPOS="2636" VPOS="1950" WIDTH="28"/>
						<String ID="P3_ST00573" HPOS="2664" VPOS="1904" WIDTH="89" HEIGHT="33" CONTENT="von" WC="0.97" CC="160"/>
						<SP ID="P3_SP00500" HPOS="2753" VPOS="1950" WIDTH="25"/>
						<String ID="P3_ST00574" HPOS="2778" VPOS="1886" WIDTH="126" HEIGHT="51" CONTENT="Casti" WC="0.63" CC="80045"/>
						<SP ID="P3_SP00501" HPOS="2904" VPOS="1950" WIDTH="33"/>
						<String ID="P3_ST00575" HPOS="2937" VPOS="1884" WIDTH="101" HEIGHT="68" CONTENT="(der" WC="0.97" CC="4054"/>
						<SP ID="P3_SP00502" HPOS="3038" VPOS="1952" WIDTH="22"/>
						<String ID="P3_ST00576" HPOS="3060" VPOS="1886" WIDTH="231" HEIGHT="49" CONTENT="Beaumar" SUBS_TYPE="HypPart1" SUBS_CONTENT="Beaumarchais'" WC="0.98" CC="7047026"/>
						<HYP HPOS="3291" VPOS="1886" WIDTH="32" CONTENT="-"/>
					</TextLine>
					<TextLine ID="P3_TL00073" HPOS="1749" VPOS="1965" WIDTH="1575" HEIGHT="74">
						<String ID="P3_ST00577" HPOS="1749" VPOS="1971" WIDTH="140" HEIGHT="49" CONTENT="chais'" SUBS_TYPE="HypPart2" SUBS_CONTENT="Beaumarchais'" WC="0.99" CC="060050"/>
						<SP ID="P3_SP00503" HPOS="1889" VPOS="2020" WIDTH="29"/>
						<String ID="P3_ST00578" HPOS="1918" VPOS="1973" WIDTH="231" HEIGHT="66" CONTENT="Lustspiel" WC="1.00" CC="004020002"/>
						<SP ID="P3_SP00504" HPOS="2149" VPOS="2039" WIDTH="45"/>
						<String ID="P3_ST00579" HPOS="2194" VPOS="1971" WIDTH="64" HEIGHT="50" CONTENT="als" WC="0.96" CC="054"/>
						<SP ID="P3_SP00505" HPOS="2258" VPOS="2039" WIDTH="31"/>
						<String ID="P3_ST00580" HPOS="2289" VPOS="1968" WIDTH="293" HEIGHT="68" CONTENT="Opernbuch" WC="0.99" CC="300360200"/>
						<SP ID="P3_SP00506" HPOS="2582" VPOS="2039" WIDTH="41"/>
						<String ID="P3_ST00581" HPOS="2623" VPOS="1968" WIDTH="79" HEIGHT="48" CONTENT="für" WC="0.99" CC="002"/>
						<SP ID="P3_SP00507" HPOS="2702" VPOS="2039" WIDTH="28"/>
						<String ID="P3_ST00582" HPOS="2730" VPOS="1968" WIDTH="181" HEIGHT="49" CONTENT="Mozart" WC="0.99" CC="502030"/>
						<SP ID="P3_SP00508" HPOS="2911" VPOS="2039" WIDTH="40"/>
						<String ID="P3_ST00583" HPOS="2951" VPOS="1965" WIDTH="109" HEIGHT="50" CONTENT="sehr" WC="0.99" CC="0041"/>
						<SP ID="P3_SP00509" HPOS="3060" VPOS="2039" WIDTH="29"/>
						<String ID="P3_ST00584" HPOS="3089" VPOS="1965" WIDTH="235" HEIGHT="67" CONTENT="glücklich" WC="0.99" CC="948002070"/>
					</TextLine>
					<TextLine ID="P3_TL00074" HPOS="1750" VPOS="2044" WIDTH="1575" HEIGHT="73">
						<String ID="P3_ST00585" HPOS="1750" VPOS="2049" WIDTH="307" HEIGHT="68" CONTENT="bearbeitete)" WC="0.99" CC="500106530501"/>
						<SP ID="P3_SP00510" HPOS="2057" VPOS="2117" WIDTH="16"/>
						<String ID="P3_ST00586" HPOS="2073" VPOS="2050" WIDTH="69" HEIGHT="50" CONTENT="ins" WC="0.98" CC="040"/>
						<SP ID="P3_SP00511" HPOS="2142" VPOS="2117" WIDTH="15"/>
						<String ID="P3_ST00587" HPOS="2157" VPOS="2048" WIDTH="336" HEIGHT="52" CONTENT="Französische" WC="0.99" CC="539500400020"/>
						<SP ID="P3_SP00512" HPOS="2493" VPOS="2117" WIDTH="25"/>
						<String ID="P3_ST00588" HPOS="2518" VPOS="2046" WIDTH="261" HEIGHT="57" CONTENT="übersetzt;" WC="1.00" CC="0602004200"/>
						<SP ID="P3_SP00513" HPOS="2779" VPOS="2117" WIDTH="32"/>
						<String ID="P3_ST00589" HPOS="2811" VPOS="2045" WIDTH="121" HEIGHT="50" CONTENT="auch" WC="0.99" CC="0600"/>
						<SP ID="P3_SP00514" HPOS="2932" VPOS="2117" WIDTH="22"/>
						<String ID="P3_ST00590" HPOS="2954" VPOS="2044" WIDTH="92" HEIGHT="51" CONTENT="der" WC="0.86" CC="005"/>
						<SP ID="P3_SP00515" HPOS="3046" VPOS="2117" WIDTH="0"/>
						<String ID="P3_ST00591" HPOS="3046" VPOS="2044" WIDTH="245" HEIGHT="51" CONTENT="Zwische" SUBS_TYPE="HypPart1" SUBS_CONTENT="Zwischen" WC="0.86" CC="0000006"/>
						<HYP HPOS="3291" VPOS="2044" WIDTH="34" CONTENT="-"/>
					</TextLine>
					<TextLine ID="P3_TL00075" HPOS="1750" VPOS="2125" WIDTH="1575" HEIGHT="72">
						<String ID="P3_ST00592" HPOS="1750" VPOS="2130" WIDTH="190" HEIGHT="67" CONTENT="n" SUBS_TYPE="HypPart2" SUBS_CONTENT="Zwischen" WC="0.64" CC="0"/>
						<SP ID="P3_SP00516" HPOS="1940" VPOS="2197" WIDTH="43"/>
						<String ID="P3_ST00593" HPOS="1983" VPOS="2130" WIDTH="76" HEIGHT="50" CONTENT="bei" WC="0.96" CC="603"/>
						<SP ID="P3_SP00517" HPOS="2059" VPOS="2197" WIDTH="42"/>
						<String ID="P3_ST00594" HPOS="2101" VPOS="2130" WIDTH="91" HEIGHT="50" CONTENT="den" WC="0.98" CC="005"/>
						<SP ID="P3_SP00518" HPOS="2192" VPOS="2197" WIDTH="39"/>
						<String ID="P3_ST00595" HPOS="2231" VPOS="2129" WIDTH="250" HEIGHT="49" CONTENT="Italiänern" WC="0.76" CC="4060002036"/>
						<SP ID="P3_SP00519" HPOS="2481" VPOS="2197" WIDTH="14"/>
						<String ID="P3_ST00596" HPOS="2495" VPOS="2159" WIDTH="6" HEIGHT="7" CONTENT="•" WC="1.00" CC="0"/>
						<SP ID="P3_SP00520" HPOS="2501" VPOS="2197" WIDTH="22"/>
						<String ID="P3_ST00597" HPOS="2523" VPOS="2126" WIDTH="332" HEIGHT="68" CONTENT="ursprünglich" WC="0.99" CC="330040796405"/>
						<SP ID="P3_SP00521" HPOS="2855" VPOS="2197" WIDTH="38"/>
						<String ID="P3_ST00598" HPOS="2893" VPOS="2125" WIDTH="244" HEIGHT="57" CONTENT="Recitativ," WC="0.88" CC="2000001303"/>
						<SP ID="P3_SP00522" HPOS="3137" VPOS="2197" WIDTH="45"/>
						<String ID="P3_ST00599" HPOS="3182" VPOS="2125" WIDTH="56" HEIGHT="48" CONTENT="ist" WC="0.98" CC="500"/>
						<SP ID="P3_SP00523" HPOS="3238" VPOS="2197" WIDTH="40"/>
						<String ID="P3_ST00600" HPOS="3278" VPOS="2125" WIDTH="47" HEIGHT="50" CONTENT="in" WC="0.23" CC="78"/>
					</TextLine>
					<TextLine ID="P3_TL00076" HPOS="1753" VPOS="2203" WIDTH="1574" HEIGHT="72">
						<String ID="P3_ST00601" HPOS="1753" VPOS="2208" WIDTH="307" HEIGHT="52" CONTENT="französische" WC="0.99" CC="040750502060"/>
						<SP ID="P3_SP00524" HPOS="2060" VPOS="2260" WIDTH="30"/>
						<String ID="P3_ST00602" HPOS="2090" VPOS="2210" WIDTH="148" HEIGHT="48" CONTENT="Verse" WC="0.98" CC="60400"/>
						<SP ID="P3_SP00525" HPOS="2238" VPOS="2260" WIDTH="31"/>
						<String ID="P3_ST00603" HPOS="2269" VPOS="2206" WIDTH="228" HEIGHT="69" CONTENT="gebracht" WC="0.98" CC="00469520"/>
						<SP ID="P3_SP00526" HPOS="2497" VPOS="2275" WIDTH="115"/>
						<String ID="P3_ST00604" HPOS="2612" VPOS="2205" WIDTH="123" HEIGHT="50" CONTENT="denn" WC="0.97" CC="0560"/>
						<SP ID="P3_SP00527" HPOS="2735" VPOS="2275" WIDTH="28"/>
						<String ID="P3_ST00605" HPOS="2763" VPOS="2203" WIDTH="383" HEIGHT="50" CONTENT="Beaumarchais'" WC="0.99" CC="6006003068453"/>
						<SP ID="P3_SP00528" HPOS="3146" VPOS="2275" WIDTH="31"/>
						<String ID="P3_ST00606" HPOS="3177" VPOS="2204" WIDTH="150" HEIGHT="48" CONTENT="Prosa" WC="0.97" CC="35125"/>
					</TextLine>
					<TextLine ID="P3_TL00077" HPOS="1754" VPOS="2281" WIDTH="1576" HEIGHT="75">
						<String ID="P3_ST00607" HPOS="1754" VPOS="2288" WIDTH="75" HEIGHT="57" CONTENT="da," WC="0.98" CC="050"/>
						<SP ID="P3_SP00529" HPOS="1829" VPOS="2345" WIDTH="31"/>
						<String ID="P3_ST00608" HPOS="1860" VPOS="2305" WIDTH="75" HEIGHT="33" CONTENT="wo" WC="0.81" CC="03"/>
						<SP ID="P3_SP00530" HPOS="1935" VPOS="2345" WIDTH="30"/>
						<String ID="P3_ST00609" HPOS="1965" VPOS="2289" WIDTH="65" HEIGHT="49" CONTENT="sie" WC="1.00" CC="000"/>
						<SP ID="P3_SP00531" HPOS="2030" VPOS="2345" WIDTH="29"/>
						<String ID="P3_ST00610" HPOS="2059" VPOS="2295" WIDTH="169" HEIGHT="61" CONTENT="passte," WC="0.86" CC="0510003"/>
						<SP ID="P3_SP00532" HPOS="2228" VPOS="2356" WIDTH="29"/>
						<String ID="P3_ST00611" HPOS="2257" VPOS="2305" WIDTH="56" HEIGHT="32" CONTENT="zu" WC="0.67" CC="60"/>
						<SP ID="P3_SP00533" HPOS="2313" VPOS="2356" WIDTH="31"/>
						<String ID="P3_ST00612" HPOS="2344" VPOS="2285" WIDTH="322" HEIGHT="67" CONTENT="gebrauchen," WC="1.00" CC="00600000040"/>
						<SP ID="P3_SP00534" HPOS="2666" VPOS="2356" WIDTH="43"/>
						<String ID="P3_ST00613" HPOS="2709" VPOS="2284" WIDTH="263" HEIGHT="49" CONTENT="verwehrte" WC="1.00" CC="700002100"/>
						<SP ID="P3_SP00535" HPOS="2972" VPOS="2356" WIDTH="29"/>
						<String ID="P3_ST00614" HPOS="3001" VPOS="2283" WIDTH="74" HEIGHT="49" CONTENT="ein" WC="0.98" CC="005"/>
						<SP ID="P3_SP00536" HPOS="3075" VPOS="2356" WIDTH="32"/>
						<String ID="P3_ST00615" HPOS="3107" VPOS="2281" WIDTH="223" HEIGHT="51" CONTENT="Interdict" WC="0.79" CC="264050010"/>
					</TextLine>
					<TextLine ID="P3_TL00078" HPOS="1753" VPOS="2361" WIDTH="1572" HEIGHT="71">
						<String ID="P3_ST00616" HPOS="1753" VPOS="2368" WIDTH="84" HEIGHT="49" CONTENT="der" WC="0.97" CC="025"/>
						<SP ID="P3_SP00537" HPOS="1837" VPOS="2417" WIDTH="23"/>
						<String ID="P3_ST00617" HPOS="1860" VPOS="2369" WIDTH="240" HEIGHT="49" CONTENT="Direction" WC="0.90" CC="010100060"/>
						<SP ID="P3_SP00538" HPOS="2100" VPOS="2418" WIDTH="30"/>
						<String ID="P3_ST00618" HPOS="2130" VPOS="2368" WIDTH="80" HEIGHT="50" CONTENT="des" WC="1.00" CC="000"/>
						<SP ID="P3_SP00539" HPOS="2210" VPOS="2418" WIDTH="31"/>
						<String ID="P3_ST00619" HPOS="2241" VPOS="2366" WIDTH="204" HEIGHT="52" CONTENT="Theätre" WC="0.85" CC="0000701" STYLEREFS="TXT_2"/>
						<SP ID="P3_SP00540" HPOS="2445" VPOS="2418" WIDTH="9"/>
						<String ID="P3_ST00620" HPOS="2454" VPOS="2361" WIDTH="249" HEIGHT="71" CONTENT="frangais." WC="0.76" CC="000193033" STYLEREFS="TXT_2"/>
						<SP ID="P3_SP00541" HPOS="2703" VPOS="2432" WIDTH="43"/>
						<String ID="P3_ST00621" HPOS="2746" VPOS="2365" WIDTH="99" HEIGHT="48" CONTENT="Das" WC="0.97" CC="502"/>
						<SP ID="P3_SP00542" HPOS="2845" VPOS="2432" WIDTH="24"/>
						<String ID="P3_ST00622" HPOS="2869" VPOS="2364" WIDTH="158" HEIGHT="48" CONTENT="Ganze" WC="0.98" CC="00622"/>
						<SP ID="P3_SP00543" HPOS="3027" VPOS="2432" WIDTH="28"/>
						<String ID="P3_ST00623" HPOS="3055" VPOS="2363" WIDTH="57" HEIGHT="48" CONTENT="ist" WC="0.97" CC="260"/>
						<SP ID="P3_SP00544" HPOS="3112" VPOS="2432" WIDTH="23"/>
						<String ID="P3_ST00624" HPOS="3135" VPOS="2370" WIDTH="84" HEIGHT="59" CONTENT="gut" WC="0.99" CC="030"/>
						<SP ID="P3_SP00545" HPOS="3219" VPOS="2432" WIDTH="26"/>
						<String ID="P3_ST00625" HPOS="3245" VPOS="2379" WIDTH="54" HEIGHT="50" CONTENT="ge" SUBS_TYPE="HypPart1" SUBS_CONTENT="gerathen;" WC="0.64" CC="90"/>
						<HYP HPOS="3299" VPOS="2379" WIDTH="26" CONTENT="-"/>
					</TextLine>
					<TextLine ID="P3_TL00079" HPOS="1752" VPOS="2440" WIDTH="1572" HEIGHT="70">
						<String ID="P3_ST00626" HPOS="1752" VPOS="2448" WIDTH="195" HEIGHT="57" CONTENT="rathen;" SUBS_TYPE="HypPart2" SUBS_CONTENT="gerathen;" WC="0.82" CC="0400064"/>
						<SP ID="P3_SP00546" HPOS="1947" VPOS="2505" WIDTH="32"/>
						<String ID="P3_ST00627" HPOS="1979" VPOS="2464" WIDTH="47" HEIGHT="33" CONTENT="es" WC="0.83" CC="03"/>
						<SP ID="P3_SP00547" HPOS="2026" VPOS="2505" WIDTH="31"/>
						<String ID="P3_ST00628" HPOS="2057" VPOS="2449" WIDTH="55" HEIGHT="48" CONTENT="ist" WC="0.97" CC="250"/>
						<SP ID="P3_SP00548" HPOS="2112" VPOS="2505" WIDTH="30"/>
						<String ID="P3_ST00629" HPOS="2142" VPOS="2448" WIDTH="120" HEIGHT="49" CONTENT="auch" WC="1.00" CC="0000"/>
						<SP ID="P3_SP00549" HPOS="2262" VPOS="2505" WIDTH="31"/>
						<String ID="P3_ST00630" HPOS="2293" VPOS="2446" WIDTH="150" HEIGHT="50" CONTENT="nichts" WC="0.98" CC="660270"/>
						<SP ID="P3_SP00550" HPOS="2443" VPOS="2505" WIDTH="22"/>
						<String ID="P3_ST00631" HPOS="2465" VPOS="2462" WIDTH="93" HEIGHT="33" CONTENT="neu" WC="0.97" CC="403"/>
						<SP ID="P3_SP00551" HPOS="2558" VPOS="2505" WIDTH="28"/>
						<String ID="P3_ST00632" HPOS="2586" VPOS="2443" WIDTH="352" HEIGHT="67" CONTENT="zugeschnitten" WC="1.00" CC="0300006205006"/>
						<SP ID="P3_SP00552" HPOS="2938" VPOS="2510" WIDTH="29"/>
						<String ID="P3_ST00633" HPOS="2967" VPOS="2440" WIDTH="116" HEIGHT="51" CONTENT="oder" WC="1.00" CC="0000"/>
						<SP ID="P3_SP00553" HPOS="3083" VPOS="2510" WIDTH="26"/>
						<String ID="P3_ST00634" HPOS="3109" VPOS="2441" WIDTH="189" HEIGHT="50" CONTENT="zurecht" SUBS_TYPE="HypPart1" SUBS_CONTENT="zurechtgemacht," WC="0.99" CC="1060350"/>
						<HYP HPOS="3298" VPOS="2441" WIDTH="26" CONTENT="-"/>
					</TextLine>
					<TextLine ID="P3_TL00080" HPOS="1750" VPOS="2520" WIDTH="1577" HEIGHT="72">
						<String ID="P3_ST00635" HPOS="1750" VPOS="2526" WIDTH="235" HEIGHT="66" CONTENT="gemacht," SUBS_TYPE="HypPart2" SUBS_CONTENT="zurechtgemacht," WC="0.98" CC="95000773"/>
						<SP ID="P3_SP00554" HPOS="1985" VPOS="2592" WIDTH="45"/>
						<String ID="P3_ST00636" HPOS="2030" VPOS="2528" WIDTH="84" HEIGHT="48" CONTENT="mit" WC="1.00" CC="000"/>
						<SP ID="P3_SP00555" HPOS="2114" VPOS="2592" WIDTH="40"/>
						<String ID="P3_ST00637" HPOS="2154" VPOS="2525" WIDTH="277" HEIGHT="51" CONTENT="Ausnahme" WC="0.99" CC="01000590"/>
						<SP ID="P3_SP00556" HPOS="2431" VPOS="2592" WIDTH="43"/>
						<String ID="P3_ST00638" HPOS="2474" VPOS="2525" WIDTH="130" HEIGHT="48" CONTENT="einer" WC="0.99" CC="31300"/>
						<SP ID="P3_SP00557" HPOS="2604" VPOS="2592" WIDTH="43"/>
						<String ID="P3_ST00639" HPOS="2647" VPOS="2523" WIDTH="208" HEIGHT="66" CONTENT="einzigen" WC="0.99" CC="01700007"/>
						<SP ID="P3_SP00558" HPOS="2855" VPOS="2592" WIDTH="42"/>
						<String ID="P3_ST00640" HPOS="2897" VPOS="2520" WIDTH="309" HEIGHT="67" CONTENT="Aenderung," WC="0.70" CC="0080005690"/>
						<SP ID="P3_SP00559" HPOS="3206" VPOS="2592" WIDTH="44"/>
						<String ID="P3_ST00641" HPOS="3250" VPOS="2520" WIDTH="77" HEIGHT="50" CONTENT="die" WC="0.97" CC="007"/>
					</TextLine>
					<TextLine ID="P3_TL00081" HPOS="1750" VPOS="2599" WIDTH="1570" HEIGHT="71">
						<String ID="P3_ST00642" HPOS="1750" VPOS="2606" WIDTH="115" HEIGHT="49" CONTENT="aber" WC="0.98" CC="0304"/>
						<SP ID="P3_SP00560" HPOS="1865" VPOS="2655" WIDTH="43"/>
						<String ID="P3_ST00643" HPOS="1908" VPOS="2605" WIDTH="175" HEIGHT="51" CONTENT="wieder" WC="1.00" CC="000004"/>
						<SP ID="P3_SP00561" HPOS="2083" VPOS="2656" WIDTH="41"/>
						<String ID="P3_ST00644" HPOS="2124" VPOS="2623" WIDTH="51" HEIGHT="32" CONTENT="so" WC="0.74" CC="05"/>
						<SP ID="P3_SP00562" HPOS="2175" VPOS="2656" WIDTH="43"/>
						<String ID="P3_ST00645" HPOS="2218" VPOS="2605" WIDTH="105" HEIGHT="50" CONTENT="echt" WC="1.00" CC="2000"/>
						<SP ID="P3_SP00563" HPOS="2323" VPOS="2656" WIDTH="45"/>
						<String ID="P3_ST00646" HPOS="2368" VPOS="2603" WIDTH="219" HEIGHT="67" CONTENT="parisisch" WC="0.99" CC="004060007"/>
						<SP ID="P3_SP00564" HPOS="2587" VPOS="2670" WIDTH="32"/>
						<String ID="P3_ST00647" HPOS="2619" VPOS="2601" WIDTH="95" HEIGHT="50" CONTENT="und" WC="0.97" CC="430"/>
						<SP ID="P3_SP00565" HPOS="2714" VPOS="2670" WIDTH="31"/>
						<String ID="P3_ST00648" HPOS="2745" VPOS="2599" WIDTH="575" HEIGHT="67" CONTENT="sängerisch-willkürlich" WC="1.00" CC="0650003040004530867000"/>
					</TextLine>
					<TextLine ID="P3_TL00082" HPOS="1749" VPOS="2679" WIDTH="1572" HEIGHT="66">
						<String ID="P3_ST00649" HPOS="1749" VPOS="2688" WIDTH="73" HEIGHT="56" CONTENT="ist," WC="0.98" CC="6003"/>
						<SP ID="P3_SP00566" HPOS="1822" VPOS="2744" WIDTH="30"/>
						<String ID="P3_ST00650" HPOS="1852" VPOS="2685" WIDTH="104" HEIGHT="50" CONTENT="dass" WC="0.73" CC="0504"/>
						<SP ID="P3_SP00567" HPOS="1956" VPOS="2744" WIDTH="31"/>
						<String ID="P3_ST00651" HPOS="1987" VPOS="2702" WIDTH="109" HEIGHT="33" CONTENT="man" WC="0.94" CC="096"/>
						<SP ID="P3_SP00568" HPOS="2096" VPOS="2744" WIDTH="28"/>
						<String ID="P3_ST00652" HPOS="2124" VPOS="2685" WIDTH="47" HEIGHT="48" CONTENT="in" WC="0.63" CC="07"/>
						<SP ID="P3_SP00569" HPOS="2171" VPOS="2744" WIDTH="30"/>
						<String ID="P3_ST00653" HPOS="2201" VPOS="2681" WIDTH="323" HEIGHT="52" CONTENT="Deutschland" WC="1.00" CC="00001061360"/>
						<SP ID="P3_SP00570" HPOS="2524" VPOS="2744" WIDTH="43"/>
						<String ID="P3_ST00654" HPOS="2567" VPOS="2681" WIDTH="64" HEIGHT="50" CONTENT="sie" WC="0.98" CC="500"/>
						<SP ID="P3_SP00571" HPOS="2631" VPOS="2744" WIDTH="44"/>
						<String ID="P3_ST00655" HPOS="2675" VPOS="2681" WIDTH="81" HEIGHT="49" CONTENT="für" WC="0.98" CC="006"/>
						<SP ID="P3_SP00572" HPOS="2756" VPOS="2744" WIDTH="28"/>
						<String ID="P3_ST00656" HPOS="2784" VPOS="2679" WIDTH="347" HEIGHT="66" CONTENT="unbegreiflich" WC="0.99" CC="3660030000026"/>
						<SP ID="P3_SP00573" HPOS="3131" VPOS="2745" WIDTH="32"/>
						<String ID="P3_ST00657" HPOS="3163" VPOS="2679" WIDTH="158" HEIGHT="49" CONTENT="halten" WC="0.98" CC="660408"/>
					</TextLine>
					<TextLine ID="P3_TL00083" HPOS="1750" VPOS="2756" WIDTH="1571" HEIGHT="68">
						<String ID="P3_ST00658" HPOS="1750" VPOS="2764" WIDTH="134" HEIGHT="49" CONTENT="wird." WC="0.99" CC="00203"/>
						<SP ID="P3_SP00574" HPOS="1884" VPOS="2813" WIDTH="43"/>
						<String ID="P3_ST00659" HPOS="1927" VPOS="2763" WIDTH="220" HEIGHT="50" CONTENT="Madame" WC="1.00" CC="000010"/>
						<SP ID="P3_SP00575" HPOS="2147" VPOS="2813" WIDTH="31"/>
						<String ID="P3_ST00660" HPOS="2178" VPOS="2760" WIDTH="436" HEIGHT="52" CONTENT="Carvalho-Miolan" WC="0.66" CC="729005640006006"/>
						<SP ID="P3_SP00576" HPOS="2614" VPOS="2813" WIDTH="28"/>
						<String ID="P3_ST00661" HPOS="2642" VPOS="2758" WIDTH="202" HEIGHT="50" CONTENT="nämlich" WC="0.99" CC="0020006"/>
						<SP ID="P3_SP00577" HPOS="2844" VPOS="2813" WIDTH="39"/>
						<String ID="P3_ST00662" HPOS="2883" VPOS="2758" WIDTH="124" HEIGHT="66" CONTENT="singt" WC="0.99" CC="10401"/>
						<SP ID="P3_SP00578" HPOS="3007" VPOS="2824" WIDTH="31"/>
						<String ID="P3_ST00663" HPOS="3038" VPOS="2756" WIDTH="90" HEIGHT="51" CONTENT="den" WC="0.92" CC="928"/>
						<SP ID="P3_SP00579" HPOS="3128" VPOS="2824" WIDTH="28"/>
						<String ID="P3_ST00664" HPOS="3156" VPOS="2759" WIDTH="165" HEIGHT="65" CONTENT="Pagen" WC="0.99" CC="00008"/>
					</TextLine>
					<TextLine ID="P3_TL00084" HPOS="1754" VPOS="2836" WIDTH="1567" HEIGHT="73">
						<String ID="P3_ST00665" HPOS="1754" VPOS="2844" WIDTH="258" HEIGHT="58" CONTENT="Cherubin," WC="0.99" CC="760227063"/>
						<SP ID="P3_SP00580" HPOS="2012" VPOS="2902" WIDTH="29"/>
						<String ID="P3_ST00666" HPOS="2041" VPOS="2843" WIDTH="223" HEIGHT="50" CONTENT="Madame" WC="0.99" CC="000093"/>
						<SP ID="P3_SP00581" HPOS="2264" VPOS="2902" WIDTH="29"/>
						<String ID="P3_ST00667" HPOS="2293" VPOS="2840" WIDTH="183" HEIGHT="69" CONTENT="Ugalde" WC="0.88" CC="300300"/>
						<SP ID="P3_SP00582" HPOS="2476" VPOS="2909" WIDTH="29"/>
						<String ID="P3_ST00668" HPOS="2505" VPOS="2840" WIDTH="74" HEIGHT="50" CONTENT="die" WC="0.97" CC="060"/>
						<SP ID="P3_SP00583" HPOS="2579" VPOS="2909" WIDTH="22"/>
						<String ID="P3_ST00669" HPOS="2601" VPOS="2841" WIDTH="233" HEIGHT="56" CONTENT="Susanna," WC="0.99" CC="20093301"/>
						<SP ID="P3_SP00584" HPOS="2834" VPOS="2909" WIDTH="29"/>
						<String ID="P3_ST00670" HPOS="2863" VPOS="2838" WIDTH="222" HEIGHT="49" CONTENT="Madame" WC="1.00" CC="000000"/>
						<SP ID="P3_SP00585" HPOS="3085" VPOS="2909" WIDTH="29"/>
						<String ID="P3_ST00671" HPOS="3114" VPOS="2854" WIDTH="88" HEIGHT="33" CONTENT="van" WC="0.95" CC="805"/>
						<SP ID="P3_SP00586" HPOS="3202" VPOS="2909" WIDTH="28"/>
						<String ID="P3_ST00672" HPOS="3230" VPOS="2836" WIDTH="91" HEIGHT="51" CONTENT="den" WC="0.96" CC="028"/>
					</TextLine>
					<TextLine ID="P3_TL00085" HPOS="1752" VPOS="2916" WIDTH="1571" HEIGHT="74">
						<String ID="P3_ST00673" HPOS="1752" VPOS="2924" WIDTH="397" HEIGHT="66" CONTENT="Ileuvel-Duprez" WC="0.78" CC="23013050710004"/>
						<SP ID="P3_SP00587" HPOS="2149" VPOS="2990" WIDTH="31"/>
						<String ID="P3_ST00674" HPOS="2180" VPOS="2921" WIDTH="72" HEIGHT="51" CONTENT="die" WC="0.97" CC="006"/>
						<SP ID="P3_SP00588" HPOS="2252" VPOS="2990" WIDTH="26"/>
						<String ID="P3_ST00675" HPOS="2278" VPOS="2920" WIDTH="176" HEIGHT="51" CONTENT="Gräfin." WC="0.99" CC="5090040"/>
						<SP ID="P3_SP00589" HPOS="2454" VPOS="2990" WIDTH="32"/>
						<String ID="P3_ST00676" HPOS="2486" VPOS="2919" WIDTH="228" HEIGHT="49" CONTENT="Trefflich" WC="1.00" CC="040000201"/>
						<SP ID="P3_SP00590" HPOS="2714" VPOS="2990" WIDTH="22"/>
						<String ID="P3_ST00677" HPOS="2736" VPOS="2916" WIDTH="197" HEIGHT="57" CONTENT="besetzt;" WC="0.99" CC="40302302"/>
						<SP ID="P3_SP00591" HPOS="2933" VPOS="2990" WIDTH="32"/>
						<String ID="P3_ST00678" HPOS="2965" VPOS="2916" WIDTH="115" HEIGHT="50" CONTENT="aber" WC="0.98" CC="3103"/>
						<SP ID="P3_SP00592" HPOS="3080" VPOS="2990" WIDTH="20"/>
						<String ID="P3_ST00679" HPOS="3100" VPOS="2916" WIDTH="223" HEIGHT="50" CONTENT="Madame" WC="0.98" CC="060096"/>
					</TextLine>
					<TextLine ID="P3_TL00086" HPOS="1757" VPOS="2994" WIDTH="1563" HEIGHT="68">
						<String ID="P3_ST00680" HPOS="1757" VPOS="3004" WIDTH="247" HEIGHT="57" CONTENT="Carvalho," WC="0.60" CC="643395002"/>
						<SP ID="P3_SP00593" HPOS="2004" VPOS="3061" WIDTH="45"/>
						<String ID="P3_ST00681" HPOS="2049" VPOS="3001" WIDTH="250" HEIGHT="51" CONTENT="Gemahlin" WC="0.99" CC="30005107"/>
						<SP ID="P3_SP00594" HPOS="2299" VPOS="3061" WIDTH="42"/>
						<String ID="P3_ST00682" HPOS="2341" VPOS="3000" WIDTH="80" HEIGHT="48" CONTENT="des" WC="1.00" CC="000"/>
						<SP ID="P3_SP00595" HPOS="2421" VPOS="3061" WIDTH="42"/>
						<String ID="P3_ST00683" HPOS="2463" VPOS="2999" WIDTH="241" HEIGHT="49" CONTENT="Directors" WC="0.68" CC="655004230"/>
						<SP ID="P3_SP00596" HPOS="2704" VPOS="3061" WIDTH="42"/>
						<String ID="P3_ST00684" HPOS="2746" VPOS="2996" WIDTH="80" HEIGHT="50" CONTENT="des" WC="1.00" CC="000"/>
						<SP ID="P3_SP00597" HPOS="2826" VPOS="3061" WIDTH="295"/>
						<String ID="P3_ST00685" HPOS="3121" VPOS="2994" WIDTH="199" HEIGHT="68" CONTENT="lyrique," WC="0.41" CC="16976076" STYLEREFS="TXT_2"/>
					</TextLine>
					<TextLine ID="P3_TL00087" HPOS="1750" VPOS="3074" WIDTH="1566" HEIGHT="58">
						<String ID="P3_ST00686" HPOS="1750" VPOS="3081" WIDTH="147" HEIGHT="50" CONTENT="findet" WC="0.99" CC="220004"/>
						<SP ID="P3_SP00598" HPOS="1897" VPOS="3131" WIDTH="29"/>
						<String ID="P3_ST00687" HPOS="1926" VPOS="3081" WIDTH="81" HEIGHT="50" CONTENT="das" WC="1.00" CC="000"/>
						<SP ID="P3_SP00599" HPOS="2007" VPOS="3131" WIDTH="31"/>
						<String ID="P3_ST00688" HPOS="2038" VPOS="3080" WIDTH="369" HEIGHT="51" CONTENT="Schreib-Duett" WC="0.69" CC="2064007067500"/>
						<SP ID="P3_SP00600" HPOS="2407" VPOS="3131" WIDTH="29"/>
						<String ID="P3_ST00689" HPOS="2436" VPOS="3095" WIDTH="49" HEIGHT="32" CONTENT="so" WC="0.54" CC="45"/>
						<SP ID="P3_SP00601" HPOS="2485" VPOS="3131" WIDTH="31"/>
						<String ID="P3_ST00690" HPOS="2516" VPOS="3076" WIDTH="364" HEIGHT="56" CONTENT="wunderschön," WC="1.00" CC="040040005044"/>
						<SP ID="P3_SP00602" HPOS="2880" VPOS="3132" WIDTH="30"/>
						<String ID="P3_ST00691" HPOS="2910" VPOS="3074" WIDTH="104" HEIGHT="49" CONTENT="dass" WC="0.69" CC="0506"/>
						<SP ID="P3_SP00603" HPOS="3014" VPOS="3132" WIDTH="29"/>
						<String ID="P3_ST00692" HPOS="3043" VPOS="3074" WIDTH="82" HEIGHT="57" CONTENT="sie," WC="0.98" CC="4120"/>
						<SP ID="P3_SP00604" HPOS="3125" VPOS="3132" WIDTH="44"/>
						<String ID="P3_ST00693" HPOS="3169" VPOS="3075" WIDTH="123" HEIGHT="48" CONTENT="offen" SUBS_TYPE="HypPart1" SUBS_CONTENT="offenbar" WC="0.98" CC="90008"/>
						<HYP HPOS="3292" VPOS="3075" WIDTH="24" CONTENT="-"/>
					</TextLine>
					<TextLine ID="P3_TL00088" HPOS="1752" VPOS="3154" WIDTH="1563" HEIGHT="67">
						<String ID="P3_ST00694" HPOS="1752" VPOS="3161" WIDTH="86" HEIGHT="50" CONTENT="bar" SUBS_TYPE="HypPart2" SUBS_CONTENT="offenbar" WC="0.97" CC="006"/>
						<SP ID="P3_SP00605" HPOS="1838" VPOS="3211" WIDTH="29"/>
						<String ID="P3_ST00695" HPOS="1867" VPOS="3178" WIDTH="84" HEIGHT="32" CONTENT="aus" WC="0.95" CC="065"/>
						<SP ID="P3_SP00606" HPOS="1951" VPOS="3211" WIDTH="28"/>
						<String ID="P3_ST00696" HPOS="1979" VPOS="3160" WIDTH="146" HEIGHT="50" CONTENT="Liebe" WC="0.99" CC="00060"/>
						<SP ID="P3_SP00607" HPOS="2125" VPOS="3211" WIDTH="29"/>
						<String ID="P3_ST00697" HPOS="2154" VPOS="3178" WIDTH="55" HEIGHT="30" CONTENT="zu" WC="0.76" CC="31"/>
						<SP ID="P3_SP00608" HPOS="2209" VPOS="3211" WIDTH="24"/>
						<String ID="P3_ST00698" HPOS="2233" VPOS="3160" WIDTH="194" HEIGHT="56" CONTENT="Mozart," WC="0.98" CC="0366604"/>
						<SP ID="P3_SP00609" HPOS="2427" VPOS="3216" WIDTH="30"/>
						<String ID="P3_ST00699" HPOS="2457" VPOS="3163" WIDTH="116" HEIGHT="43" CONTENT="trotz" WC="1.00" CC="00100"/>
						<SP ID="P3_SP00610" HPOS="2573" VPOS="3216" WIDTH="31"/>
						<String ID="P3_ST00700" HPOS="2604" VPOS="3156" WIDTH="126" HEIGHT="49" CONTENT="ihrer" WC="0.99" CC="04003"/>
						<SP ID="P3_SP00611" HPOS="2730" VPOS="3216" WIDTH="21"/>
						<String ID="P3_ST00701" HPOS="2751" VPOS="3154" WIDTH="278" HEIGHT="67" CONTENT="Pagenrolle" WC="0.99" CC="0090250625"/>
						<SP ID="P3_SP00612" HPOS="3029" VPOS="3221" WIDTH="31"/>
						<String ID="P3_ST00702" HPOS="3060" VPOS="3154" WIDTH="134" HEIGHT="49" CONTENT="darin" WC="0.98" CC="00821"/>
						<SP ID="P3_SP00613" HPOS="3194" VPOS="3221" WIDTH="31"/>
						<String ID="P3_ST00703" HPOS="3225" VPOS="3154" WIDTH="68" HEIGHT="49" CONTENT="sin" SUBS_TYPE="HypPart1" SUBS_CONTENT="singen" WC="0.97" CC="701"/>
						<HYP HPOS="3293" VPOS="3154" WIDTH="22" CONTENT="-"/>
					</TextLine>
					<TextLine ID="P3_TL00089" HPOS="1750" VPOS="3232" WIDTH="1568" HEIGHT="74">
						<String ID="P3_ST00704" HPOS="1750" VPOS="3257" WIDTH="89" HEIGHT="49" CONTENT="gen" SUBS_TYPE="HypPart2" SUBS_CONTENT="singen" WC="1.00" CC="000"/>
						<SP ID="P3_SP00614" HPOS="1839" VPOS="3306" WIDTH="31"/>
						<String ID="P3_ST00705" HPOS="1870" VPOS="3239" WIDTH="119" HEIGHT="48" CONTENT="will!" WC="1.00" CC="01000"/>
						<SP ID="P3_SP00615" HPOS="1989" VPOS="3306" WIDTH="32"/>
						<String ID="P3_ST00706" HPOS="2021" VPOS="3239" WIDTH="122" HEIGHT="49" CONTENT="Was" WC="0.97" CC="303"/>
						<SP ID="P3_SP00616" HPOS="2143" VPOS="3306" WIDTH="30"/>
						<String ID="P3_ST00707" HPOS="2173" VPOS="3239" WIDTH="56" HEIGHT="47" CONTENT="ist" WC="0.99" CC="010"/>
						<SP ID="P3_SP00617" HPOS="2229" VPOS="3306" WIDTH="27"/>
						<String ID="P3_ST00708" HPOS="2256" VPOS="3255" WIDTH="55" HEIGHT="31" CONTENT="zu" WC="0.69" CC="41"/>
						<SP ID="P3_SP00618" HPOS="2311" VPOS="3306" WIDTH="29"/>
						<String ID="P3_ST00709" HPOS="2340" VPOS="3236" WIDTH="151" HEIGHT="49" CONTENT="thun?" WC="0.69" CC="06072"/>
						<SP ID="P3_SP00619" HPOS="2491" VPOS="3306" WIDTH="29"/>
						<String ID="P3_ST00710" HPOS="2520" VPOS="3236" WIDTH="100" HEIGHT="47" CONTENT="Der" WC="0.99" CC="003"/>
						<SP ID="P3_SP00620" HPOS="2620" VPOS="3306" WIDTH="25"/>
						<String ID="P3_ST00711" HPOS="2645" VPOS="3235" WIDTH="125" HEIGHT="48" CONTENT="Herr" WC="0.96" CC="8052"/>
						<SP ID="P3_SP00621" HPOS="2770" VPOS="3306" WIDTH="22"/>
						<String ID="P3_ST00712" HPOS="2792" VPOS="3234" WIDTH="221" HEIGHT="48" CONTENT="Director" WC="0.85" CC="30000025"/>
						<SP ID="P3_SP00622" HPOS="3013" VPOS="3306" WIDTH="16"/>
						<String ID="P3_ST00713" HPOS="3029" VPOS="3232" WIDTH="261" HEIGHT="50" CONTENT="beschwich" SUBS_TYPE="HypPart1" SUBS_CONTENT="beschwichtigt" WC="1.00" CC="100050000"/>
						<HYP HPOS="3290" VPOS="3232" WIDTH="28" CONTENT="-"/>
					</TextLine>
					<TextLine ID="P3_TL00090" HPOS="1749" VPOS="3312" WIDTH="1567" HEIGHT="73">
						<String ID="P3_ST00714" HPOS="1749" VPOS="3320" WIDTH="85" HEIGHT="65" CONTENT="tigt" SUBS_TYPE="HypPart2" SUBS_CONTENT="beschwichtigt" WC="0.97" CC="0390"/>
						<SP ID="P3_SP00623" HPOS="1834" VPOS="3385" WIDTH="30"/>
						<String ID="P3_ST00715" HPOS="1864" VPOS="3318" WIDTH="92" HEIGHT="49" CONTENT="und" WC="0.95" CC="660"/>
						<SP ID="P3_SP00624" HPOS="1956" VPOS="3385" WIDTH="33"/>
						<String ID="P3_ST00716" HPOS="1989" VPOS="3318" WIDTH="247" HEIGHT="66" CONTENT="besänftigt" WC="0.99" CC="6759606000"/>
						<SP ID="P3_SP00625" HPOS="2236" VPOS="3385" WIDTH="30"/>
						<String ID="P3_ST00717" HPOS="2266" VPOS="3316" WIDTH="72" HEIGHT="50" CONTENT="die" WC="0.97" CC="007"/>
						<SP ID="P3_SP00626" HPOS="2338" VPOS="3385" WIDTH="31"/>
						<String ID="P3_ST00718" HPOS="2369" VPOS="3332" WIDTH="131" HEIGHT="34" CONTENT="arme" WC="0.99" CC="0600"/>
						<SP ID="P3_SP00627" HPOS="2500" VPOS="3385" WIDTH="30"/>
						<String ID="P3_ST00719" HPOS="2530" VPOS="3316" WIDTH="229" HEIGHT="56" CONTENT="Susanne," WC="0.99" CC="65000650"/>
						<SP ID="P3_SP00628" HPOS="2759" VPOS="3385" WIDTH="43"/>
						<String ID="P3_ST00720" HPOS="2802" VPOS="3314" WIDTH="109" HEIGHT="49" CONTENT="lässt" WC="0.58" CC="09560"/>
						<SP ID="P3_SP00629" HPOS="2911" VPOS="3385" WIDTH="41"/>
						<String ID="P3_ST00721" HPOS="2952" VPOS="3312" WIDTH="159" HEIGHT="50" CONTENT="seinen" WC="0.98" CC="500422"/>
						<SP ID="P3_SP00630" HPOS="3111" VPOS="3385" WIDTH="28"/>
						<String ID="P3_ST00722" HPOS="3139" VPOS="3314" WIDTH="177" HEIGHT="48" CONTENT="Poeten" WC="0.98" CC="040707"/>
					</TextLine>
					<TextLine ID="P3_TL00091" HPOS="1749" VPOS="3390" WIDTH="1567" HEIGHT="72">
						<String ID="P3_ST00723" HPOS="1749" VPOS="3399" WIDTH="159" HEIGHT="48" CONTENT="rufen:" WC="0.98" CC="450060"/>
						<SP ID="P3_SP00631" HPOS="1908" VPOS="3447" WIDTH="55"/>
						<String ID="P3_ST00724" HPOS="1963" VPOS="3437" WIDTH="17" HEIGHT="19" CONTENT="„" WC="0.73" CC="2"/>
						<String ID="P3_ST00725" HPOS="1992" VPOS="3396" WIDTH="77" HEIGHT="51" CONTENT="Ah" WC="1.00" CC="00" STYLEREFS="TXT_2"/>
						<SP ID="P3_SP00632" HPOS="2069" VPOS="3456" WIDTH="41"/>
						<String ID="P3_ST00726" HPOS="2110" VPOS="3413" WIDTH="79" HEIGHT="47" CONTENT="ga," WC="0.70" CC="062" STYLEREFS="TXT_2"/>
						<SP ID="P3_SP00633" HPOS="2189" VPOS="3460" WIDTH="43"/>
						<String ID="P3_ST00727" HPOS="2232" VPOS="3412" WIDTH="108" HEIGHT="34" CONTENT="mon" WC="0.62" CC="631" STYLEREFS="TXT_2"/>
						<SP ID="P3_SP00634" HPOS="2340" VPOS="3460" WIDTH="40"/>
						<String ID="P3_ST00728" HPOS="2380" VPOS="3393" WIDTH="113" HEIGHT="63" CONTENT="ami," WC="0.75" CC="0603" STYLEREFS="TXT_2"/>
						<SP ID="P3_SP00635" HPOS="2493" VPOS="3460" WIDTH="45"/>
						<String ID="P3_ST00729" HPOS="2538" VPOS="3390" WIDTH="349" HEIGHT="72" CONTENT="arrangez-rnoi" WC="0.39" CC="9009879937860" STYLEREFS="TXT_2"/>
						<SP ID="P3_SP00636" HPOS="2887" VPOS="3462" WIDTH="38"/>
						<String ID="P3_ST00730" HPOS="2925" VPOS="3391" WIDTH="45" HEIGHT="50" CONTENT="le" WC="0.81" CC="30" STYLEREFS="TXT_2"/>
						<SP ID="P3_SP00637" HPOS="2970" VPOS="3462" WIDTH="40"/>
						<String ID="P3_ST00731" HPOS="3010" VPOS="3391" WIDTH="104" HEIGHT="50" CONTENT="duo" WC="0.82" CC="005" STYLEREFS="TXT_2"/>
						<SP ID="P3_SP00638" HPOS="3114" VPOS="3462" WIDTH="41"/>
						<String ID="P3_ST00732" HPOS="3155" VPOS="3390" WIDTH="65" HEIGHT="51" CONTENT="de" WC="0.94" CC="10" STYLEREFS="TXT_2"/>
						<SP ID="P3_SP00639" HPOS="3220" VPOS="3462" WIDTH="42"/>
						<String ID="P3_ST00733" HPOS="3262" VPOS="3390" WIDTH="54" HEIGHT="49" CONTENT="la" WC="0.46" CC="19" STYLEREFS="TXT_2"/>
					</TextLine>
					<TextLine ID="P3_TL00092" HPOS="1750" VPOS="3470" WIDTH="1566" HEIGHT="74">
						<String ID="P3_ST00734" HPOS="1750" VPOS="3478" WIDTH="187" HEIGHT="59" CONTENT="lettre," WC="0.98" CC="0057072" STYLEREFS="TXT_2"/>
						<SP ID="P3_SP00640" HPOS="1937" VPOS="3537" WIDTH="43"/>
						<String ID="P3_ST00735" HPOS="1980" VPOS="3492" WIDTH="112" HEIGHT="34" CONTENT="vons" WC="0.59" CC="2085" STYLEREFS="TXT_2"/>
						<SP ID="P3_SP00641" HPOS="2092" VPOS="3537" WIDTH="41"/>
						<String ID="P3_ST00736" HPOS="2133" VPOS="3492" WIDTH="153" HEIGHT="45" CONTENT="savez," WC="0.79" CC="561000" STYLEREFS="TXT_2"/>
						<SP ID="P3_SP00642" HPOS="2286" VPOS="3537" WIDTH="33"/>
						<String ID="P3_ST00737" HPOS="2319" VPOS="3490" WIDTH="131" HEIGHT="54" CONTENT="pour" WC="0.68" CC="3530" STYLEREFS="TXT_2"/>
						<SP ID="P3_SP00643" HPOS="2450" VPOS="3544" WIDTH="41"/>
						<String ID="P3_ST00738" HPOS="2491" VPOS="3473" WIDTH="39" HEIGHT="50" CONTENT="le" WC="0.51" CC="09" STYLEREFS="TXT_2"/>
						<SP ID="P3_SP00644" HPOS="2530" VPOS="3544" WIDTH="41"/>
						<String ID="P3_ST00739" HPOS="2571" VPOS="3474" WIDTH="135" HEIGHT="66" CONTENT="Page" WC="0.96" CC="6642" STYLEREFS="TXT_2"/>
						<SP ID="P3_SP00645" HPOS="2706" VPOS="3544" WIDTH="43"/>
						<String ID="P3_ST00740" HPOS="2749" VPOS="3474" WIDTH="44" HEIGHT="48" CONTENT="et" WC="0.61" CC="07" STYLEREFS="TXT_2"/>
						<SP ID="P3_SP00646" HPOS="2793" VPOS="3544" WIDTH="40"/>
						<String ID="P3_ST00741" HPOS="2833" VPOS="3471" WIDTH="47" HEIGHT="50" CONTENT="la" WC="0.72" CC="50" STYLEREFS="TXT_2"/>
						<SP ID="P3_SP00647" HPOS="2880" VPOS="3544" WIDTH="55"/>
						<String ID="P3_ST00742" HPOS="2935" VPOS="3470" WIDTH="262" HEIGHT="51" CONTENT='Comtesse."' WC="0.50" CC="7815565224" STYLEREFS="TXT_2"/>
						<SP ID="P3_SP00648" HPOS="3197" VPOS="3544" WIDTH="42"/>
						<String ID="P3_ST00743" HPOS="3239" VPOS="3497" WIDTH="77" HEIGHT="9" CONTENT="—■" WC="0.24" CC="87" STYLEREFS="TXT_2"/>
					</TextLine>
					<TextLine ID="P3_TL00093" HPOS="1762" VPOS="3547" WIDTH="1544" HEIGHT="69">
						<String ID="P3_ST00744" HPOS="1762" VPOS="3596" WIDTH="16" HEIGHT="19" CONTENT="„" WC="0.66" CC="3" STYLEREFS="TXT_2"/>
						<SP ID="P3_SP00649" HPOS="1778" VPOS="3615" WIDTH="23"/>
						<String ID="P3_ST00745" HPOS="1801" VPOS="3554" WIDTH="178" HEIGHT="62" CONTENT="„Mais," WC="0.98" CC="059310" STYLEREFS="TXT_2"/>
						<SP ID="P3_SP00650" HPOS="1979" VPOS="3616" WIDTH="17"/>
						<String ID="P3_ST00746" HPOS="1996" VPOS="3554" WIDTH="329" HEIGHT="52" CONTENT="Monsieur..." WC="0.99" CC="14440000700" STYLEREFS="TXT_2"/>
						<SP ID="P3_SP00651" HPOS="2325" VPOS="3616" WIDTH="24"/>
						<String ID="P3_ST00747" HPOS="2349" VPOS="3555" WIDTH="72" HEIGHT="50" CONTENT=".La" WC="0.79" CC="600" STYLEREFS="TXT_2"/>
						<SP ID="P3_SP00652" HPOS="2421" VPOS="3616" WIDTH="19"/>
						<String ID="P3_ST00748" HPOS="2440" VPOS="3551" WIDTH="222" HEIGHT="52" CONTENT="Situation" WC="0.99" CC="406725050" STYLEREFS="TXT_3"/>
						<String ID="P3_ST00749" HPOS="2679" VPOS="3591" WIDTH="93" HEIGHT="11" CONTENT="...." WC="0.99" CC="3200"/>
						<SP ID="P3_SP00653" HPOS="2772" VPOS="3616" WIDTH="15"/>
						<String ID="P3_ST00750" HPOS="2787" VPOS="3550" WIDTH="129" HEIGHT="66" CONTENT="enfin" WC="0.65" CC="69001" STYLEREFS="TXT_2"/>
						<SP ID="P3_SP00654" HPOS="2916" VPOS="3616" WIDTH="21"/>
						<String ID="P3_ST00751" HPOS="2937" VPOS="3547" WIDTH="369" HEIGHT="54" CONTENT='Mozart..."' WC="0.98" CC="6496080432" STYLEREFS="TXT_2"/>
					</TextLine>
					<TextLine ID="P3_TL00094" HPOS="1940" VPOS="3630" WIDTH="1399" HEIGHT="67">
						<String ID="P3_ST00752" HPOS="1940" VPOS="3633" WIDTH="179" HEIGHT="64" CONTENT="„Mais," WC="0.97" CC="479470" STYLEREFS="TXT_3"/>
						<SP ID="P3_SP00655" HPOS="2119" VPOS="3697" WIDTH="16"/>
						<String ID="P3_ST00753" HPOS="2135" VPOS="3633" WIDTH="266" HEIGHT="60" CONTENT="Monsieur," WC="0.98" CC="050719088" STYLEREFS="TXT_3"/>
						<SP ID="P3_SP00656" HPOS="2401" VPOS="3697" WIDTH="520"/>
						<String ID="P3_ST00754" HPOS="2921" VPOS="3636" WIDTH="110" HEIGHT="49" CONTENT="c'est" WC="0.70" CC="41024" STYLEREFS="TXT_3"/>
						<SP ID="P3_SP00657" HPOS="3031" VPOS="3697" WIDTH="157"/>
						<String ID="P3_ST00755" HPOS="3188" VPOS="3630" WIDTH="116" HEIGHT="52" CONTENT="Mada" WC="1.00" CC="0000" STYLEREFS="TXT_3"/>
						<SP ID="P3_SP00658" HPOS="3304" VPOS="3697" WIDTH="1"/>
						<String ID="P3_ST00756" HPOS="3305" VPOS="3636" WIDTH="34" HEIGHT="19" CONTENT='"' WC="0.92" CC="0" STYLEREFS="TXT_3"/>
					</TextLine>
					<TextLine ID="P3_TL00095" HPOS="1856" VPOS="3707" WIDTH="1464" HEIGHT="65">
						<String ID="P3_ST00757" HPOS="1856" VPOS="3714" WIDTH="152" HEIGHT="51" CONTENT="Adieu" WC="0.97" CC="09071"/>
						<SP ID="P3_SP00659" HPOS="2008" VPOS="3765" WIDTH="35"/>
						<String ID="P3_ST00758" HPOS="2043" VPOS="3715" WIDTH="246" HEIGHT="57" CONTENT="Situation," WC="0.99" CC="5000000644"/>
						<SP ID="P3_SP00660" HPOS="2289" VPOS="3772" WIDTH="43"/>
						<String ID="P3_ST00759" HPOS="2332" VPOS="3714" WIDTH="179" HEIGHT="48" CONTENT="Mozart" WC="0.99" CC="017006"/>
						<SP ID="P3_SP00661" HPOS="2511" VPOS="3772" WIDTH="42"/>
						<String ID="P3_ST00760" HPOS="2553" VPOS="3728" WIDTH="43" HEIGHT="32" CONTENT="u." WC="0.92" CC="01"/>
						<SP ID="P3_SP00662" HPOS="2596" VPOS="3772" WIDTH="31"/>
						<String ID="P3_ST00761" HPOS="2627" VPOS="3727" WIDTH="33" HEIGHT="31" CONTENT="s." WC="0.81" CC="21"/>
						<SP ID="P3_SP00663" HPOS="2660" VPOS="3772" WIDTH="30"/>
						<String ID="P3_ST00762" HPOS="2690" VPOS="3727" WIDTH="57" HEIGHT="31" CONTENT="w." WC="0.85" CC="02"/>
						<SP ID="P3_SP00664" HPOS="2747" VPOS="3772" WIDTH="59"/>
						<String ID="P3_ST00763" HPOS="2806" VPOS="3709" WIDTH="98" HEIGHT="48" CONTENT="Das" WC="0.97" CC="420"/>
						<SP ID="P3_SP00665" HPOS="2904" VPOS="3772" WIDTH="43"/>
						<String ID="P3_ST00764" HPOS="2947" VPOS="3707" WIDTH="373" HEIGHT="53" CONTENT="Schreib-Duett" WC="0.75" CC="2024005470040"/>
					</TextLine>
					<TextLine ID="P3_TL00096" HPOS="1750" VPOS="3787" WIDTH="1569" HEIGHT="70">
						<String ID="P3_ST00765" HPOS="1750" VPOS="3794" WIDTH="120" HEIGHT="49" CONTENT="wird" WC="0.98" CC="0009"/>
						<SP ID="P3_SP00666" HPOS="1870" VPOS="3843" WIDTH="29"/>
						<String ID="P3_ST00766" HPOS="1899" VPOS="3813" WIDTH="56" HEIGHT="30" CONTENT="zu" WC="0.44" CC="55"/>
						<SP ID="P3_SP00667" HPOS="1955" VPOS="3843" WIDTH="32"/>
						<String ID="P3_ST00767" HPOS="1987" VPOS="3795" WIDTH="128" HEIGHT="48" CONTENT="einer" WC="0.99" CC="00504"/>
						<SP ID="P3_SP00668" HPOS="2115" VPOS="3843" WIDTH="32"/>
						<String ID="P3_ST00768" HPOS="2147" VPOS="3793" WIDTH="136" HEIGHT="50" CONTENT="faden" WC="0.98" CC="00806"/>
						<SP ID="P3_SP00669" HPOS="2283" VPOS="3843" WIDTH="30"/>
						<String ID="P3_ST00769" HPOS="2313" VPOS="3790" WIDTH="260" HEIGHT="67" CONTENT="elegischen" WC="0.99" CC="2050010607"/>
						<SP ID="P3_SP00670" HPOS="2573" VPOS="3857" WIDTH="30"/>
						<String ID="P3_ST00770" HPOS="2603" VPOS="3787" WIDTH="216" HEIGHT="68" CONTENT="Einlage," WC="0.98" CC="04726900"/>
						<SP ID="P3_SP00671" HPOS="2819" VPOS="3857" WIDTH="29"/>
						<String ID="P3_ST00771" HPOS="2848" VPOS="3787" WIDTH="181" HEIGHT="50" CONTENT="welche" WC="0.98" CC="006164"/>
						<SP ID="P3_SP00672" HPOS="3029" VPOS="3857" WIDTH="31"/>
						<String ID="P3_ST00772" HPOS="3060" VPOS="3787" WIDTH="74" HEIGHT="51" CONTENT="die" WC="0.95" CC="840"/>
						<SP ID="P3_SP00673" HPOS="3134" VPOS="3857" WIDTH="24"/>
						<String ID="P3_ST00773" HPOS="3158" VPOS="3789" WIDTH="161" HEIGHT="49" CONTENT="Gräfin" WC="0.97" CC="499227"/>
					</TextLine>
					<TextLine ID="P3_TL00097" HPOS="1750" VPOS="3867" WIDTH="1565" HEIGHT="74">
						<String ID="P3_ST00774" HPOS="1750" VPOS="3874" WIDTH="98" HEIGHT="49" CONTENT="und" WC="0.97" CC="070"/>
						<SP ID="P3_SP00674" HPOS="1848" VPOS="3923" WIDTH="31"/>
						<String ID="P3_ST00775" HPOS="1879" VPOS="3874" WIDTH="84" HEIGHT="49" CONTENT="der" WC="0.97" CC="800"/>
						<SP ID="P3_SP00675" HPOS="1963" VPOS="3923" WIDTH="31"/>
						<String ID="P3_ST00776" HPOS="1994" VPOS="3876" WIDTH="127" HEIGHT="65" CONTENT="Page" WC="0.96" CC="6094"/>
						<SP ID="P3_SP00676" HPOS="2121" VPOS="3941" WIDTH="41"/>
						<String ID="P3_ST00777" HPOS="2162" VPOS="3890" WIDTH="55" HEIGHT="32" CONTENT="zu" WC="1.00" CC="00"/>
						<SP ID="P3_SP00677" HPOS="2217" VPOS="3941" WIDTH="39"/>
						<String ID="P3_ST00778" HPOS="2256" VPOS="3873" WIDTH="149" HEIGHT="48" CONTENT="ihrem" WC="0.98" CC="00067"/>
						<SP ID="P3_SP00678" HPOS="2405" VPOS="3941" WIDTH="45"/>
						<String ID="P3_ST00779" HPOS="2450" VPOS="3867" WIDTH="325" HEIGHT="69" CONTENT="persönlichen" WC="0.99" CC="000308603008"/>
						<SP ID="P3_SP00679" HPOS="2775" VPOS="3941" WIDTH="30"/>
						<String ID="P3_ST00780" HPOS="2805" VPOS="3867" WIDTH="293" HEIGHT="68" CONTENT="Vergnügen" WC="1.00" CC="004080000"/>
						<SP ID="P3_SP00680" HPOS="3098" VPOS="3941" WIDTH="42"/>
						<String ID="P3_ST00781" HPOS="3140" VPOS="3869" WIDTH="175" HEIGHT="66" CONTENT="singen." WC="0.98" CC="6079073"/>
					</TextLine>
					<TextLine ID="P3_TL00098" HPOS="1750" VPOS="3944" WIDTH="1569" HEIGHT="70">
						<String ID="P3_ST00782" HPOS="1750" VPOS="3953" WIDTH="141" HEIGHT="50" CONTENT="Jubel" WC="0.99" CC="06310"/>
						<SP ID="P3_SP00681" HPOS="1891" VPOS="4003" WIDTH="32"/>
						<String ID="P3_ST00783" HPOS="1923" VPOS="3953" WIDTH="80" HEIGHT="50" CONTENT="des" WC="1.00" CC="000"/>
						<SP ID="P3_SP00682" HPOS="2003" VPOS="4003" WIDTH="29"/>
						<String ID="P3_ST00784" HPOS="2032" VPOS="3951" WIDTH="286" HEIGHT="57" CONTENT="Publicums," WC="0.82" CC="0020304500"/>
						<SP ID="P3_SP00683" HPOS="2318" VPOS="4008" WIDTH="28"/>
						<String ID="P3_ST00785" HPOS="2346" VPOS="3946" WIDTH="459" HEIGHT="68" CONTENT="tausendstimmiges" WC="1.00" CC="0010050450690900"/>
						<SP ID="P3_SP00684" HPOS="2805" VPOS="4014" WIDTH="28"/>
						<String ID="P3_ST00786" HPOS="2833" VPOS="3944" WIDTH="85" HEIGHT="66" CONTENT="bis," WC="0.96" CC="8064" STYLEREFS="TXT_2"/>
						<SP ID="P3_SP00685" HPOS="2918" VPOS="4014" WIDTH="232"/>
						<String ID="P3_ST00787" HPOS="3150" VPOS="3945" WIDTH="169" HEIGHT="53" CONTENT="Uebri-" WC="0.50" CC="766144"/>
					</TextLine>
				</TextBlock>
				<TextBlock ID="P3_TB00004" HPOS="1754" VPOS="4023" WIDTH="1564" HEIGHT="233" STYLEREFS="TXT_0 PAR_LEFT">
					<TextLine ID="P3_TL00099" HPOS="1754" VPOS="4026" WIDTH="1559" HEIGHT="74">
						<String ID="P3_ST00788" HPOS="1754" VPOS="4051" WIDTH="115" HEIGHT="49" CONTENT="Gens" WC="0.57" CC="9070"/>
						<SP ID="P3_SP00686" HPOS="1869" VPOS="4100" WIDTH="42"/>
						<String ID="P3_ST00789" HPOS="1911" VPOS="4034" WIDTH="157" HEIGHT="50" CONTENT="hätten" WC="0.99" CC="703002"/>
						<SP ID="P3_SP00687" HPOS="2068" VPOS="4100" WIDTH="42"/>
						<String ID="P3_ST00790" HPOS="2110" VPOS="4031" WIDTH="86" HEIGHT="50" CONTENT="wir" WC="0.97" CC="034"/>
						<SP ID="P3_SP00688" HPOS="2196" VPOS="4100" WIDTH="42"/>
						<String ID="P3_ST00791" HPOS="2238" VPOS="4030" WIDTH="83" HEIGHT="50" CONTENT="der" WC="0.99" CC="003"/>
						<SP ID="P3_SP00689" HPOS="2321" VPOS="4100" WIDTH="42"/>
						<String ID="P3_ST00792" HPOS="2363" VPOS="4028" WIDTH="221" HEIGHT="52" CONTENT="Madame" WC="0.97" CC="009945"/>
						<SP ID="P3_SP00690" HPOS="2584" VPOS="4100" WIDTH="45"/>
						<String ID="P3_ST00793" HPOS="2629" VPOS="4028" WIDTH="231" HEIGHT="50" CONTENT="Carvalho" WC="0.31" CC="69669662"/>
						<SP ID="P3_SP00691" HPOS="2860" VPOS="4100" WIDTH="45"/>
						<String ID="P3_ST00794" HPOS="2905" VPOS="4026" WIDTH="81" HEIGHT="52" CONTENT="das" WC="0.96" CC="900"/>
						<SP ID="P3_SP00692" HPOS="2986" VPOS="4100" WIDTH="43"/>
						<String ID="P3_ST00795" HPOS="3029" VPOS="4026" WIDTH="121" HEIGHT="51" CONTENT="hohe" WC="0.97" CC="0254"/>
						<SP ID="P3_SP00693" HPOS="3150" VPOS="4100" WIDTH="86"/>
						<String ID="P3_ST00796" HPOS="3236" VPOS="4040" WIDTH="77" HEIGHT="33" CONTENT="am" WC="0.34" CC="75"/>
					</TextLine>
					<TextLine ID="P3_TL00100" HPOS="1756" VPOS="4101" WIDTH="1562" HEIGHT="78">
						<String ID="P3_ST00797" HPOS="1756" VPOS="4113" WIDTH="217" HEIGHT="49" CONTENT="Schlüsse" WC="0.99" CC="00654300"/>
						<SP ID="P3_SP00694" HPOS="1973" VPOS="4162" WIDTH="30"/>
						<String ID="P3_ST00798" HPOS="2003" VPOS="4110" WIDTH="81" HEIGHT="51" CONTENT="der" WC="0.98" CC="005"/>
						<SP ID="P3_SP00695" HPOS="2084" VPOS="4162" WIDTH="30"/>
						<String ID="P3_ST00799" HPOS="2114" VPOS="4109" WIDTH="111" HEIGHT="51" CONTENT="Arie" WC="1.00" CC="0010"/>
						<SP ID="P3_SP00696" HPOS="2225" VPOS="4162" WIDTH="30"/>
						<String ID="P3_ST00800" HPOS="2255" VPOS="4106" WIDTH="117" HEIGHT="54" CONTENT="Non" WC="0.81" CC="310" STYLEREFS="TXT_2"/>
						<SP ID="P3_SP00697" HPOS="2372" VPOS="4162" WIDTH="674"/>
						<String ID="P3_ST00801" HPOS="3046" VPOS="4104" WIDTH="230" HEIGHT="75" CONTENT="sopiii" WC="0.98" CC="036065" STYLEREFS="TXT_2"/>
						<SP ID="P3_SP00698" HPOS="3276" VPOS="4179" WIDTH="-445"/>
						<String ID="P3_ST00802" HPOS="2831" VPOS="4123" WIDTH="113" HEIGHT="52" CONTENT="gern" WC="0.96" CC="9502"/>
						<SP ID="P3_SP00699" HPOS="3276" VPOS="4179" WIDTH="-303"/>
						<String ID="P3_ST00803" HPOS="2973" VPOS="4105" WIDTH="215" HEIGHT="57" CONTENT="erlassen," WC="0.98" CC="161963042"/>
						<SP ID="P3_SP00700" HPOS="3276" VPOS="4179" WIDTH="-50"/>
						<String ID="P3_ST00804" HPOS="3226" VPOS="4101" WIDTH="92" HEIGHT="51" CONTENT="wie" WC="0.94" CC="950"/>
					</TextLine>
					<TextLine ID="P3_TL00101" HPOS="1757" VPOS="4180" WIDTH="1561" HEIGHT="76">
						<String ID="P3_ST00805" HPOS="1757" VPOS="4193" WIDTH="65" HEIGHT="51" CONTENT="sie" WC="0.98" CC="600"/>
						<SP ID="P3_SP00701" HPOS="1822" VPOS="4244" WIDTH="30"/>
						<String ID="P3_ST00806" HPOS="1852" VPOS="4191" WIDTH="122" HEIGHT="53" CONTENT="denn" WC="0.98" CC="0036"/>
						<SP ID="P3_SP00702" HPOS="1974" VPOS="4244" WIDTH="29"/>
						<String ID="P3_ST00807" HPOS="2003" VPOS="4190" WIDTH="120" HEIGHT="54" CONTENT="auch" WC="0.96" CC="9406"/>
						<SP ID="P3_SP00703" HPOS="2123" VPOS="4244" WIDTH="31"/>
						<String ID="P3_ST00808" HPOS="2154" VPOS="4189" WIDTH="148" HEIGHT="52" CONTENT="durch" WC="0.97" CC="05437"/>
						<SP ID="P3_SP00704" HPOS="2302" VPOS="4244" WIDTH="30"/>
						<String ID="P3_ST00809" HPOS="2332" VPOS="4188" WIDTH="84" HEIGHT="52" CONTENT="das" WC="0.91" CC="995"/>
						<SP ID="P3_SP00705" HPOS="2416" VPOS="4244" WIDTH="43"/>
						<String ID="P3_ST00810" HPOS="2459" VPOS="4205" WIDTH="117" HEIGHT="51" CONTENT="ganz" WC="0.97" CC="5062"/>
						<SP ID="P3_SP00706" HPOS="2576" VPOS="4256" WIDTH="43"/>
						<String ID="P3_ST00811" HPOS="2619" VPOS="4188" WIDTH="225" HEIGHT="52" CONTENT="übereilte" WC="0.99" CC="070203600"/>
						<SP ID="P3_SP00707" HPOS="2844" VPOS="4256" WIDTH="30"/>
						<String ID="P3_ST00812" HPOS="2874" VPOS="4186" WIDTH="176" HEIGHT="65" CONTENT="Tempo" WC="0.97" CC="04990"/>
						<SP ID="P3_SP00708" HPOS="3050" VPOS="4256" WIDTH="43"/>
						<String ID="P3_ST00813" HPOS="3093" VPOS="4181" WIDTH="79" HEIGHT="52" CONTENT="des" WC="0.96" CC="605"/>
						<SP ID="P3_SP00709" HPOS="3172" VPOS="4256" WIDTH="29"/>
						<String ID="P3_ST00814" HPOS="3201" VPOS="4180" WIDTH="94" HEIGHT="53" CONTENT="lieb" SUBS_TYPE="HypPart1" SUBS_CONTENT="lieblichen" WC="0.97" CC="0607"/>
						<HYP HPOS="3295" VPOS="4180" WIDTH="23" CONTENT="-"/>
					</TextLine>
				</TextBlock>
			</PrintSpace>
		</Page>
	</Layout>
</alto>
