3459 4432
1696 183 104 51 194

119 323 174 43 sammt
322 318 122 51 allen
484 320 205 60 I'euleln,
725 319 72 53 die
828 323 153 51 offene
1013 325 150 51 Scene
1192 328 287 52 verwandelt
1506 329 95 50 sich
1632 329 62 50 im

120 395 79 50 Nu
228 397 47 49 in
306 398 103 51 eine
452 400 230 59 reizende,
730 419 105 33 vom
880 405 333 66 glänzendsten
1242 409 330 51 Sonnenlichte
1613 409 54 51 be-

120 475 199 51 strahlte
346 479 304 60 Landschalt,
680 482 102 49 eine
813 484 276 51 Procession
1117 504 89 33 von
1235 488 295 51 Landleuten
1559 489 137 68 steigt

120 555 64 50 im
214 557 360 68 Hintergrunde
603 578 88 33 von
721 562 89 49 den
844 564 192 67 Hügeln
1065 567 165 58 herab,
1265 569 85 49 auf
1371 568 85 51 der
1486 569 207 51 anderen

120 635 126 50 Seite
289 638 116 48 naht
447 638 85 51 der
569 642 341 69 llochzeitszug
954 644 83 51 der
1077 647 175 49 Grafen
1296 648 93 50 und
1422 649 167 59 Ritter,
1632 651 62 48 im

118 714 33 48 \
166 714 330 69 ordergrunde
540 720 118 50 links
707 723 74 49 die
811 725 200 49 Nonnen
1054 725 79 50 des
1176 727 155 51 nahen
1364 728 209 50 Klosters
1614 731 82 49 mit

122 794 128 52 ihrer
279 797 255 61 Aebtissin,
578 802 63 49 sie
674 804 243 50 umstehen
948 804 73 50 die
1049 807 250 49 sterbende
1331 807 251 59 Sünderin,
1619 811 74 48 ein

123 875 303 54 leuchtendes
456 880 156 50 Kreuz
651 883 231 49 erscheint
921 902 74 30 am
1027 887 221 49 Himmel.
1295 888 109 50 Nun
1434 889 153 50 weisst
1615 891 80 48 Du

122 957 259 66 ungefähr,
410 976 98 33 was
537 978 109 32 man
675 962 101 49 hier
804 962 71 48 ein
908 963 211 51 Tableau
1149 973 156 43 nennt.
1359 967 105 49 Und
1495 968 175 67 derglei-

125 1037 121 49 chen
269 1038 103 66 gibt
401 1056 47 33 es
477 1040 202 50 sieben
708 1059 59 31 an
791 1042 104 49 dem
922 1042 171 52 Abend
1116 1044 85 51 der
1559 1049 99 50 Han-

124 1114 123 51 delte
279 1133 47 32 es
355 1118 96 49 sich
484 1119 124 50 nicht
639 1137 76 32 um
747 1122 100 48 eine
877 1122 148 67 Oper,
1070 1124 154 50 wobei
1263 1143 141 32 unser
1435 1127 145 51 Einer
1609 1129 64 49 alt-

124 1195 228 51 väterisch
397 1216 158 49 genug
597 1198 119 51 doch
755 1200 121 50 noch
921 1200 170 53 immer
1134 1221 60 33 an
1235 1206 73 48 ein
1352 1207 344 51 musicalisches

129 1275 158 51 Werk
315 1277 158 59 denkt,
517 1279 124 48 nicht
683 1296 58 33 an
785 1280 72 49 ein
890 1282 594 71 parisisch-wagnerisches
1515 1288 150 50 Schau-

124 1355 113 66 spiel
268 1355 85 50 der
381 1357 240 58 Allkunst;
670 1358 221 51 handelte
929 1378 49 32 es
1014 1363 98 50 sich
1143 1382 80 32 um
1253 1366 73 49 ein
1355 1367 246 58 Diorama,
1644 1385 50 31 so

124 1435 193 65 gestehe
360 1435 73 50 ich
477 1435 141 60 offen,
661 1437 107 50 dass
811 1439 126 50 eines
979 1442 137 49 allein
1147 1461 86 33 von
1257 1444 142 68 jenen
1430 1446 263 58 Tableaux,

122 1533 38 31 z.
190 1515 52 49 B.
274 1514 84 50 der
397 1515 319 52 Zauberwald
760 1519 84 50 mit
886 1520 108 51 dem
1037 1523 88 50 See
1168 1523 74 50 bei
1285 1524 307 51 Mondschein
1632 1527 61 48 im

122 1593 194 51 zweiten
346 1594 135 60 Acte,
512 1594 81 52 das
617 1597 325 68 Eintrittsgeld
973 1602 151 48 werth
1154 1607 139 46 wäre.
1324 1604 121 50 Dass
1475 1622 47 31 es
1547 1622 50 32 so
1622 1607 71 56 ist,

119 1673 57 49 ist
205 1673 213 51 schlimm
438 1693 10 40 ;
479 1674 125 51 denn
628 1677 74 49 die
717 1679 155 48 Musik
895 1680 116 49 wird
1028 1680 210 51 dadurch
1265 1698 81 33 zur
1368 1684 326 60 Nebensache,

120 1769 83 32 zur
231 1753 287 67 Begleiterin
547 1755 398 69 herabgedrückt.

240 1832 159 50 Nimm
442 1852 54 30 zu
538 1834 156 51 diesen
729 1837 258 51 Gemälden
1031 1839 70 51 36
1136 1842 125 49 Feen
1305 1843 97 51 und
1434 1844 30 50 6
1500 1844 194 59 Genien,

127 1909 66 52 15
219 1910 461 70 Wahrsagerinnen,
706 1915 70 50 26
801 1918 189 48 Bauern
1014 1919 96 49 und
1133 1922 297 51 Bäuerinnen
1462 1923 134 51 nebst
1620 1924 73 49 24

118 1990 410 60 Bauernkindern,
566 1994 66 50 10
665 1994 230 67 Najaden,
929 1997 30 51 8
993 1999 213 60 Sirenen,
1253 2003 66 50 14
1356 2001 272 63 Waldfeen,
1660 2006 33 48 4

115 2069 239 61 Undinen,
385 2073 33 47 4
451 2073 407 70 Schmetterlinge,
890 2077 33 48 4
950 2078 232 60 Gnomen,
1215 2083 33 48 4
1268 2083 326 60 Salamander,
1619 2084 71 50 26

115 2149 254 67 Nymphen
397 2169 45 32 u.
473 2169 33 32 s.
538 2171 76 40 w.,
660 2154 97 50 und
795 2157 81 47 Du
912 2157 129 49 wirst
1082 2158 128 51 nicht
1252 2162 118 51 über
1402 2163 189 67 Mangel
1634 2182 59 32 an

120 2229 211 67 Staffage
372 2230 171 68 klagen
584 2232 201 52 können.
842 2237 100 47 Der
971 2237 341 53 Balletmeister
1341 2243 117 50 aber
1486 2243 82 51 hat
1595 2246 96 54 sich

118 2308 146 49 selbst
307 2309 321 60 übertroffen;
687 2314 165 66 Fanny
894 2315 167 60 Eisler,
1112 2317 74 51 die
1230 2322 154 49 Göthe
1425 2331 169 51 tanzte,
1638 2326 55 50 ist

118 2388 151 49 nichts
303 2389 136 50 mehr
555 2390 81 50 das
668 2393 178 66 pariser
875 2396 150 49 Ballet
1053 2404 123 45 tanzt
1205 2399 46 51 in
1281 2402 83 49 der
1392 2401 302 71 Magicienne

118 2468 103 48 eine
252 2469 157 48 Partie
439 2469 212 51 Schach!
694 2473 100 48 Das
832 2473 55 50 ist
922 2476 119 48 noch
1081 2477 127 51 nicht
1237 2479 58 51 da
1324 2500 235 48 gewesen,
1610 2486 81 50 das

118 2547 265 50 machtvon
406 2548 97 51 sich
528 2549 160 60 reden,
719 2550 81 51 das
829 2553 170 58 zieht;
1031 2556 72 49 die
1122 2558 467 56 Schlittschuhläufer
1611 2564 79 51 des

117 2628 273 66 Propheten
433 2629 103 50 sind
578 2647 89 33 von
710 2630 90 51 den
840 2633 223 63 Läufern,
1108 2639 275 69 Springern,
1429 2641 260 64 Thürmen,

117 2708 223 66 Königen
372 2708 96 49 und
498 2710 190 49 Bauern
727 2710 84 50 der
839 2714 244 61 Melusine,
1133 2718 72 50 die
1249 2722 87 49 wie
1378 2723 73 51 die
1493 2726 195 66 Puppen

115 2787 88 49 auf
226 2787 153 49 einem
411 2788 306 51 Leierkasten
747 2790 166 51 herum
946 2794 190 68 hüpfen,
1168 2798 191 69 besiegt.

237 2868 73 48 Zu
339 2867 192 49 solchen
559 2869 443 52 Hanswurstereien
1032 2876 85 47 auf
1153 2876 82 49 der
1265 2879 165 59 Scene,
1470 2881 73 49 die
1576 2883 115 48 einst

117 2943 75 51 die
223 2953 123 42 erste
376 2947 169 49 Bühne
574 2947 85 49 der
688 2948 136 51 Welt
852 2967 117 42 war,
1013 2954 85 49 auf
1133 2954 83 50 der
1252 2958 164 60 Scene,
1460 2959 73 51 die
1577 2962 116 49 einst

117 3024 151 50 Gluck
292 3025 352 61 verherrlichte,
669 3046 126 31 muss
816 3029 113 66 jetzt
951 3032 72 49 ein
1049 3033 270 69 Componist
1343 3038 154 51 Musik
1520 3048 168 51 setzen,

114 3121 140 31 wenn
284 3122 51 32 er
358 3104 353 70 durchdringen
735 3108 117 51 will!
885 3112 61 48 Ist
975 3128 47 32 es
1051 3112 60 52 da
1139 3133 55 31 zu
1224 3118 328 61 verwundern,
1583 3119 105 51 dass

114 3183 75 49 die
218 3184 277 50 wirklichen
524 3187 220 51 Freunde
774 3189 94 50 und
900 3191 236 52 Verehrer
1176 3196 82 49 der
1289 3199 245 51 Tonkunst
1568 3202 117 48 nach

113 3263 109 49 dem
426 3263 206 51 Theätre
915 3263 182 70 lyrique
729 3269 169 66 gehen,
942 3288 74 33 wo
1059 3274 63 49 sie
1153 3276 187 50 Weber
1384 3279 94 50 und
1507 3282 181 48 Mozart

112 3344 168 57 hören,
326 3344 46 50 in
416 3344 146 51 deren
593 3348 254 65 göttlichen
876 3351 262 50 Melodieen
1177 3362 117 43 trotz
1332 3359 114 49 aller
1478 3361 173 49 Umwöl-

113 3423 131 67 kung
274 3423 85 51 der
387 3425 133 49 Kern
551 3424 80 50 des
663 3427 181 66 ewigen
875 3428 185 51 Lichtes
1089 3432 204 52 leuchtet
1309 3437 22 48 ?

236 3505 122 49 Dass
387 3505 45 49 in
465 3504 129 51 einer
625 3507 290 67 fünfactigen
959 3509 114 50 oder
1103 3511 345 71 fünfbändigen
1478 3518 210 48 Partitur

114 3599 89 32 von
232 3585 181 67 Halevy
457 3585 121 50 auch
625 3585 101 51 hier
766 3587 96 49 und
893 3587 59 51 da
981 3589 102 49 eine
1114 3591 209 52 hübsche
1350 3596 218 59 Melodie,
1613 3598 72 48 ein

115 3663 315 63 ergreifendes
459 3664 274 61 Ensemble,
776 3667 73 49 ein
891 3667 211 51 wirklich
1147 3672 510 53 musicalisch-dramati-

114 3746 135 43 scher
278 3742 168 58 Effect,
496 3746 102 49 eine
640 3746 247 67 frappante
918 3748 380 69 Klangwirkung
1340 3752 62 49 im
1432 3753 256 52 Orchester

113 3819 84 59 sei,
246 3837 102 32 war
390 3841 54 29 zu
489 3834 261 49 erwarten;
801 3826 106 49 dass
945 3827 116 49 aber
1096 3828 122 50 eben
1248 3831 118 48 auch
1395 3832 127 49 nicht
1550 3834 135 50 mehr

113 3898 136 51 darin
273 3899 72 59 ist,
366 3902 66 48 als
456 3903 155 48 solche
635 3906 335 58 Einzelheiten,
997 3907 54 48 ist
1073 3925 56 31 zu
1152 3904 257 55 bedauern.
1439 3912 120 49 Dass
1582 3914 101 50 eine

108 3979 498 54 Melusinen-Melodie
628 3984 150 65 gleich
802 4003 88 32 von
914 4003 111 32 vorn
1050 3987 160 49 herein
1235 3988 67 50 ins
1332 3989 104 50 Ohr
1463 3992 98 49 tritt
1589 3994 95 50 und

108 4059 128 51 dann
293 4060 89 50 alle
425 4062 328 67 Augenblicke
796 4064 334 61 wiederkehrt,
1176 4068 54 48 ist
1270 4068 298 67 nachgerade
1609 4073 72 50 ein

106 4158 89 51 gar
216 4160 57 31 zu
296 4140 337 51 verbrauchtes
659 4143 300 60 Hausmittel,
990 4163 78 31 um
1101 4144 81 52 das
1213 4148 208 51 eheliche
1444 4151 206 49 Zerwürf-

105 4222 93 51 niss
226 4220 233 53 zwischen
486 4222 163 49 Poesie
680 4222 96 51 und
799 4223 155 50 Musik
976 4226 131 48 recht
1130 4226 344 67 handgreiflich
1506 4229 174 50 wieder

1773 329 320 54 herzustellen.
2128 334 112 51 Wie
2265 353 108 33 man
2403 355 49 31 so
2484 344 160 53 etwas,
2676 337 81 51 das
2781 338 84 51 seit
2885 339 178 51 Robert
3087 341 107 52 dem
3219 344 93 53 Teu-

1773 410 58 50 fel
1862 412 45 49 in
1937 414 121 50 allen
2089 416 339 52 französischen
2458 419 166 66 Opern
2654 419 155 68 spukt,
2839 419 46 50 in
2914 422 323 51 Deutschland
3269 426 72 49 bei

1775 491 219 68 Wagner
2018 494 79 50 für
2119 503 145 43 etwas
2288 499 155 49 Neues
2467 499 157 50 halten
2649 499 189 59 konnte,
2869 501 56 48 ist
2954 502 89 48 mir
3073 502 243 69 unbegreif-

1773 569 103 52 lich.
1926 573 101 48 Der
2067 576 162 48 zweite
2271 577 96 49 und
2406 578 253 51 besonders
2688 579 84 49 der
2801 596 146 51 ganze
2977 581 138 50 dritte
3144 582 92 49 Act
3265 584 80 50 hat

1771 651 103 50 eine
1903 653 107 48 sehr
2041 663 269 51 monotone,
2352 676 56 32 zu
2437 661 208 49 Deutsch
2685 661 295 67 langweilige
3011 663 173 59 Musik,
3228 671 117 43 trotz

1774 732 225 49 Gewitter
2027 733 96 50 und
2154 736 177 58 Sturm,
2362 737 74 51 die
2465 741 227 48 Melusine
2721 739 292 52 herbeihext.
3055 742 92 51 Am
3180 745 135 66 gelun-

1771 819 195 59 gensten
1995 813 44 50 in
2065 814 345 54 musicalischer
2434 819 214 50 Hinsicht
2677 821 56 48 ist
2762 819 84 51 der
2867 821 132 49 letzte
3017 822 104 58 Act,
3152 823 46 50 in
3228 825 85 49 wel-

1771 891 135 49 chem
1938 910 108 31 man
2075 893 74 50 bei
2179 896 184 66 einigen
2395 898 395 69 wirkungsvollen
2814 901 277 49 Contrasten
3121 920 88 32 von
3241 905 75 49 hei-

1771 971 117 67 liger
1916 972 97 49 und
2041 974 273 50 teuflischer
2334 977 156 49 Musik
2601 979 176 50 freilich
2808 981 118 49 auch
2958 981 143 49 schon
3130 982 210 52 ziemlich

1771 1049 285 52 verbraucht
2191 1053 95 51 und
2330 1057 184 67 einigen
2544 1059 264 51 Melodieen
2836 1061 86 49 voll
2956 1061 258 51 Wahrheit
3243 1063 97 50 und

1771 1129 323 70 Empfindung
2116 1133 223 51 zuweilen
2370 1152 83 33 aus
2483 1137 83 49 der
2588 1138 283 68 Betäubung
2894 1139 93 50 und
3011 1139 331 70 Abspannung

1771 1209 295 66 aufgeweckt
2094 1211 118 52 wird
2243 1214 94 50 und
2366 1217 209 66 vergisst,
2618 1217 106 51 dass
2763 1237 107 31 man
2900 1219 143 50 schon
3076 1222 265 50 entsetzlich

1773 1289 82 49 viel
1887 1291 154 49 Musik
2070 1292 80 49 hat
2179 1294 246 51 ausstehen
2456 1301 201 45 müssen.
2714 1299 397 67 Hervorragende
3142 1301 170 51 musica-

1773 1368 139 50 lische
1943 1371 315 52 Schönheiten
2288 1374 121 50 habe
2438 1376 73 49 ich
2542 1376 220 67 nirgends
2806 1378 251 66 gefunden.
3115 1380 225 50 Anderen

1771 1447 55 49 ist
1864 1466 48 30 es
1956 1449 118 51 eben
2104 1468 50 33 so
2184 1470 264 50 gegangen,
2493 1456 87 48 wie
2611 1456 118 58 mir;
2776 1475 108 32 man
2928 1458 127 50 hatte
3097 1476 90 33 von
3229 1460 106 50 dem

1774 1527 333 67 Componisten
2151 1532 83 49 der
2267 1533 143 50 Jüdin
2452 1534 117 50 nach
2613 1536 157 49 seinen
2815 1537 164 48 letzten
3010 1540 163 64 Opern
3215 1557 126 32 zwar

1771 1607 127 49 nicht
1928 1609 101 59 viel,
2060 1611 117 49 aber
2206 1612 118 51 doch
2356 1613 266 51 bedeutend
2653 1616 134 48 mehr
2815 1625 238 50 erwartet,
3085 1620 64 48 als
3180 1636 52 32 er
3260 1637 54 49 ge-

1773 1686 160 50 leistet.
1985 1691 228 49 Dennoch
2246 1701 125 58 wagt
2401 1693 73 50 die
2504 1694 282 58 öffentliche,
2827 1694 43 50 d.
2903 1696 43 49 h.
2978 1696 72 49 die
3082 1697 257 66 gedruckte

1774 1767 151 49 Kritik
1954 1786 92 32 nur
2086 1771 110 48 sehr
2231 1771 276 53 behutsame
2537 1776 187 65 Rügen,
2761 1774 226 50 während
3017 1777 178 50 Hector
3223 1778 87 50 Ber-

1771 1844 83 50 lioz
1884 1847 45 47 in
1959 1847 91 49 den
2077 1848 185 52 Debats
2290 1851 301 52 dermaassen
2620 1854 67 49 ins
2718 1854 134 49 Horn
2883 1858 152 54 stösst,
3081 1854 104 51 dass
3229 1874 110 33 man

1771 1926 79 48 für
1881 1926 76 49 ihn
1987 1929 223 51 erröthet.
2268 1932 165 49 Dieser
2462 1933 300 50 Reformator
2791 1933 84 51 der
2903 1934 310 51 combinirten
3242 1937 65 50 Vo-

1771 2006 93 47 cal-
1896 2006 95 49 und
2023 2008 509 53 Instrumental-Musik
2570 2012 145 49 findet
2743 2030 141 49 sogar
2913 2013 74 50 die
3019 2013 294 51 kunstreiteri-

1769 2084 141 50 schen
1940 2088 247 50 Rouladen
2216 2091 46 48 in
2292 2091 84 49 der
2404 2110 192 49 grossen
2626 2093 113 49 Arie
2780 2093 84 49 der
2893 2095 228 49 Melusine
3152 2096 85 48 auf
3261 2095 74 50 die

1774 2164 198 51 Worte:
2028 2168 71 56 „0
2127 2186 105 33 man
2269 2169 142 64 Rene,
2456 2173 51 49 tu
2532 2172 236 69 n'asplus
2796 2172 57 51 de
2881 2171 178 52 rivalf'
3116 2192 116 49 ganz
3276 2191 60 33 an

1769 2242 84 49 der
1883 2246 140 49 Stelle
2053 2247 44 48 in
2127 2247 107 51 dem
2264 2249 98 49 rein
2392 2249 345 51 dramatischen
2768 2252 248 66 Monolog;
3063 2252 122 50 denn
3227 2252 110 57 „das

1769 2322 170 67 gleicht
1970 2324 105 51 dem
2107 2327 282 51 Ausbruche
2419 2331 125 48 eines
2575 2329 177 51 herben
2777 2331 230 57 Lachens,
3039 2332 201 50 welches
3264 2332 73 50 die

1770 2403 135 50 wilde
1934 2406 187 49 Freude
2151 2407 84 49 der
2262 2408 236 51 Zauberin
2961 2409 46 69 (!)

1887 2483 91 50 Aul
2010 2484 104 51 dem
2146 2486 306 52 kaiserlichen
2484 2489 206 50 Theater
2718 2489 83 50 der
2831 2489 342 51 komischen
3205 2492 132 66 Oper

1766 2561 82 49 hat
1878 2563 39 48 G
1930 2567 243 47 evaert's
2215 2568 238 59 „Quentin
2789 2569 150 49 Glück
2970 2569 234 67 gemacht,
3241 2571 96 49 und

1766 2639 127 51 nicht
1921 2644 329 51 unverdienter
2281 2648 56 50 W
2353 2648 105 50 eise.
2509 2650 99 48 Der
2639 2648 127 50 Stoff
2787 2648 56 50 ist
2874 2666 82 33 aus
2989 2650 188 50 Walter
3208 2651 129 48 Scott

1765 2736 301 49 genommen,
2110 2724 162 51 dessen
2302 2728 216 49 Romane
2563 2728 101 49 eine
2695 2727 293 67 Fundgrube
3034 2730 80 48 für
3143 2730 158 66 Opern-

1766 2807 125 42 texte
1921 2802 113 51 sind.
2066 2806 100 48 Das
2191 2807 128 48 Buch
2352 2807 54 48 ist
2436 2808 125 49 nicht
2589 2807 223 58 schlecht,
2842 2808 61 49 im
2935 2817 153 41 ersten
3119 2810 117 48 Acte
3257 2826 50 32 so-

1768 2896 86 48 gar
1895 2881 108 49 sehr
2044 2883 284 52 dramatisch
2370 2887 250 56 wirksam;
2665 2886 83 49 der
2786 2888 160 49 zweite
2977 2887 157 67 bringt
3163 2905 87 49 gar
3278 2906 56 31 zu

1766 2957 83 49 viel
1881 2959 166 50 Politik
2086 2962 97 49 und
2212 2963 285 66 Diplomatie
2538 2964 239 68 Ludwig's
2808 2967 80 48 XI.
2930 2966 85 49 auf
3050 2966 74 49 die
3168 2968 166 56 Scene,

1768 3053 95 33 was
1895 3037 212 52 indessen
2151 3041 89 49 den
2271 3042 217 51 Parisern
2518 3043 126 50 nicht
2672 3061 49 32 so
2752 3044 268 68 langweilig
3048 3046 282 58 vorkommt,

1765 3117 86 48 wie
1870 3135 86 31 uns
1978 3121 293 58 Deutschen;
2302 3122 83 49 der
2401 3123 136 50 dritte
2561 3124 120 49 zieht
2704 3123 115 51 aber
2850 3124 174 50 wieder
3053 3126 148 49 durch
3232 3126 72 49 ein-

1761 3196 127 48 zelne
1916 3197 235 52 treffliche
2168 3201 317 50 Musikstücke
2509 3202 93 49 und
2626 3202 146 51 durch
2798 3203 72 50 die
2892 3204 233 50 scenische
3156 3204 172 50 Pracht

1763 3292 74 32 am
1870 3277 214 51 Schlüsse
2114 3297 71 32 an.
2237 3281 111 49 Also
2378 3282 120 49 auch
2530 3283 45 48 in
2606 3282 82 49 der
2718 3282 268 52 komischen
3017 3286 132 66 Oper
3177 3283 149 50 nichts

1765 3354 133 50 mehr
1928 3357 122 49 ohne
2075 3359 240 51 Tableau!
2347 3362 89 48 Die
2465 3362 153 50 Musik
2649 3362 55 50 ist
2733 3362 91 50 den
2855 3381 176 50 ganzen
3063 3372 152 42 ersten
3238 3362 90 51 Act

1765 3434 227 51 hindurch
2024 3437 137 51 frisch
2187 3439 94 49 und
2306 3442 274 66 anmuthig;
2613 3442 73 48 die
2711 3442 287 58 Tafelscene,
3030 3443 72 50 bei
3126 3443 205 50 welcher

1763 3513 82 50 der
1876 3517 156 67 König
2076 3519 73 47 ein
2201 3519 240 50 Trinklied
2484 3521 253 58 anstimmt,
2781 3521 81 51 das
2904 3530 108 42 stets
3057 3522 274 51 wiederholt

1763 3594 191 49 werden
1983 3613 144 42 muss,
2157 3597 56 49 ist
2244 3598 232 66 lebendig,
2507 3599 82 50 das
2617 3599 179 59 Finale,
2827 3619 131 48 gross
2988 3603 217 66 angelegt
3234 3599 98 53 und

1761 3672 122 51 breit
1923 3676 280 58 entwickelt,
2248 3677 175 49 enthält
2452 3678 108 48 sehr
2589 3679 252 49 wirksame
2870 3682 188 48 Stellen.
3115 3683 100 47 Der
3246 3678 84 52 Stil

1760 3752 56 49 ist
1846 3753 102 50 klar
1977 3754 320 51 und'einfach.
2354 3757 68 48 Im
2452 3757 193 49 zweiten
2676 3758 115 48 Acte
2831 3759 189 50 verlässt
3048 3759 73 50 die
3151 3761 180 53 heitere

1757 3833 134 48 Muse
1920 3832 91 49 den
2042 3834 334 68 Componisten
2404 3836 176 66 länger,
2625 3836 65 49 als
2732 3845 85 58 gut
2853 3837 69 49 ist.
2979 3839 89 47 Die
3111 3838 210 52 Audienz

1757 3911 79 49 des
1869 3912 267 51 Gesandten
2164 3932 89 32 von
2276 3914 228 66 Burgund
2533 3914 169 68 gehört
2730 3916 46 48 in
2805 3916 81 49 das
2918 3917 172 60 Genre,
3121 3918 197 52 welches

1757 3992 207 49 Voltaire
2009 3993 81 50 das
2130 3994 281 50 schlimmste
2442 4011 88 33 von
2559 3996 119 49 allen
2707 4005 190 49 nannte,
2941 3997 70 50 ins
3054 3998 155 51 Genre
3236 4017 52 35 en-

1754 4086 217 51 nuyeux;
2015 4073 89 48 mir
2147 4073 75 50 fiel
2267 4072 72 49 die
2378 4073 343 69 salbungsvolle
2752 4076 274 51 Thronrede
3057 4077 80 51 des
3166 4080 125 50 Land-

1755 4151 162 67 grafen
1959 4153 63 47 im
2061 4152 307 49 Tannhäuser
2409 4152 76 51 bei
2527 4153 107 51 dem
2663 4156 235 67 Vortrage
2940 4156 79 51 des
3050 4158 270 52 Gesandten

1756 4232 89 56 ein,
1890 4231 88 49 den
2017 4232 199 49 Gevaert
2259 4233 121 50 auch
2423 4234 353 66 unglücklicher
2804 4236 166 52 Weise
3001 4240 66 49 als
3096 4240 226 50 Recitativ
