<?xml version="1.0" encoding="UTF-8"?>
<alto xmlns:xsi="http://www.w3.org/2001/XMLSchema-instance" xmlns="http://www.loc.gov/standards/alto/ns-v2#" xsi:schemaLocation="http://www.loc.gov/standards/alto/ns-v2# http://www.loc.gov/standards/alto/alto-v2.0.xsd" xmlns:xlink="http://www.w3.org/1999/xlink">
	<Description>
		<MeasurementUnit>mm10</MeasurementUnit>
		<sourceImageInformation>
			<fileName>//fileserver7/IN2/Princeton/Batch3/bmtnabc/1875/01/15_01/00000082.tif</fileName>
		</sourceImageInformation>
		<OCRProcessing ID="OCRPROCESSING_1">
			<preProcessingStep>
				<processingSoftware>
					<softwareCreator>CCS Content Conversion Specialists GmbH, Germany</softwareCreator>
					<softwareName>CCS docWORKS</softwareName>
					<softwareVersion>6.6-1.18</softwareVersion>
				</processingSoftware>
			</preProcessingStep>
			<ocrProcessingStep>
				<processingSoftware>
					<softwareCreator>ABBYY (BIT Software), Russia</softwareCreator>
					<softwareName>FineReader</softwareName>
					<softwareVersion>10.0</softwareVersion>
				</processingSoftware>
			</ocrProcessingStep>
		</OCRProcessing>
	</Description>
	<Styles>
		<TextStyle ID="TXT_0" FONTSIZE="15" FONTFAMILY="Times New Roman"/>
		<TextStyle ID="TXT_1" FONTSIZE="5" FONTFAMILY="Courier New" FONTSTYLE="bold italics"/>
		<TextStyle ID="TXT_2" FONTSIZE="26" FONTFAMILY="Times New Roman"/>
		<TextStyle ID="TXT_3" FONTSIZE="16" FONTFAMILY="Times New Roman" FONTSTYLE="italics"/>
		<TextStyle ID="TXT_4" FONTSIZE="15" FONTFAMILY="Times New Roman" FONTSTYLE="underline"/>
		<TextStyle ID="TXT_5" FONTSIZE="13" FONTFAMILY="Times New Roman"/>
		<TextStyle ID="TXT_6" FONTSIZE="15" FONTFAMILY="Times New Roman" FONTSTYLE="bold"/>
		<TextStyle ID="TXT_7" FONTSIZE="12" FONTFAMILY="Times New Roman"/>
		<TextStyle ID="TXT_8" FONTSIZE="12" FONTFAMILY="Times New Roman" FONTSTYLE="italics"/>
		<ParagraphStyle ID="PAR_LEFT" ALIGN="Left"/>
	</Styles>
	<Layout>
		<Page ID="P14" PHYSICAL_IMG_NR="14" HEIGHT="4231" WIDTH="2674" PRINTED_IMG_NR="62" PC="0.883">
			<TopMargin ID="P14_TM00001" HPOS="0" VPOS="0" WIDTH="2674" HEIGHT="512">
				<TextBlock ID="P14_TB00001" HPOS="1154" VPOS="442" WIDTH="856" HEIGHT="68" STYLEREFS="TXT_0 PAR_LEFT">
					<TextLine ID="P14_TL00001" HPOS="1155" VPOS="442" WIDTH="855" HEIGHT="52">
						<String ID="P14_ST00001" HPOS="1155" VPOS="446" WIDTH="79" HEIGHT="41" CONTENT="LA" WC="0.58" CC="71"/>
						<SP ID="P14_SP00001" HPOS="1234" VPOS="487" WIDTH="32"/>
						<String ID="P14_ST00002" HPOS="1266" VPOS="442" WIDTH="388" HEIGHT="52" CONTENT="CHRONIQUE" WC="0.99" CC="062003100"/>
						<SP ID="P14_SP00002" HPOS="1654" VPOS="494" WIDTH="36"/>
						<String ID="P14_ST00003" HPOS="1690" VPOS="442" WIDTH="320" HEIGHT="43" CONTENT="MUSICALE" WC="0.99" CC="00030553"/>
					</TextLine>
					<TextLine ID="P14_TL00002" HPOS="1278" VPOS="497" WIDTH="12" HEIGHT="12">
						<String ID="P14_ST00004" HPOS="1278" VPOS="497" WIDTH="12" HEIGHT="12" CONTENT="9" WC="0.36" CC="6" STYLEREFS="TXT_1"/>
					</TextLine>
				</TextBlock>
				<TextBlock ID="P14_TB00002" HPOS="697" VPOS="447" WIDTH="54" HEIGHT="41" STYLEREFS="TXT_2 PAR_LEFT">
					<TextLine ID="P14_TL00003" HPOS="697" VPOS="447" WIDTH="54" HEIGHT="41">
						<String ID="P14_ST00005" HPOS="697" VPOS="447" WIDTH="54" HEIGHT="41" CONTENT="62" WC="1.00" CC="00"/>
					</TextLine>
				</TextBlock>
			</TopMargin>
			<LeftMargin ID="P14_LM00001" HPOS="0" VPOS="512" WIDTH="672" HEIGHT="3032"/>
			<RightMargin ID="P14_RM00001" HPOS="2462" VPOS="512" WIDTH="212" HEIGHT="3032"/>
			<BottomMargin ID="P14_BM00001" HPOS="0" VPOS="3544" WIDTH="2674" HEIGHT="687"/>
			<PrintSpace ID="P14_PS00001" HPOS="672" VPOS="512" WIDTH="1790" HEIGHT="3032">
				<TextBlock ID="P14_TB00003" HPOS="673" VPOS="582" WIDTH="1789" HEIGHT="2662" STYLEREFS="TXT_0 PAR_LEFT">
					<TextLine ID="P14_TL00004" HPOS="754" VPOS="583" WIDTH="1703" HEIGHT="59">
						<String ID="P14_ST00006" HPOS="754" VPOS="588" WIDTH="177" HEIGHT="54" CONTENT="D'après" WC="0.99" CC="5450300"/>
						<SP ID="P14_SP00003" HPOS="931" VPOS="642" WIDTH="38"/>
						<String ID="P14_ST00007" HPOS="969" VPOS="587" WIDTH="171" HEIGHT="52" CONTENT="Gando," WC="0.78" CC="060024"/>
						<SP ID="P14_SP00004" HPOS="1140" VPOS="642" WIDTH="36"/>
						<String ID="P14_ST00008" HPOS="1176" VPOS="586" WIDTH="60" HEIGHT="40" CONTENT="les" WC="1.00" CC="000"/>
						<SP ID="P14_SP00005" HPOS="1236" VPOS="642" WIDTH="36"/>
						<String ID="P14_ST00009" HPOS="1272" VPOS="585" WIDTH="153" HEIGHT="55" CONTENT="petites" WC="1.00" CC="1000400"/>
						<SP ID="P14_SP00006" HPOS="1425" VPOS="642" WIDTH="35"/>
						<String ID="P14_ST00010" HPOS="1460" VPOS="593" WIDTH="121" HEIGHT="33" CONTENT="notes" WC="1.00" CC="00000"/>
						<SP ID="P14_SP00007" HPOS="1581" VPOS="642" WIDTH="30"/>
						<String ID="P14_ST00011" HPOS="1611" VPOS="593" WIDTH="40" HEIGHT="33" CONTENT="et" WC="1.00" CC="00"/>
						<SP ID="P14_SP00008" HPOS="1651" VPOS="642" WIDTH="31"/>
						<String ID="P14_ST00012" HPOS="1682" VPOS="586" WIDTH="60" HEIGHT="39" CONTENT="les" WC="1.00" CC="000"/>
						<SP ID="P14_SP00009" HPOS="1742" VPOS="642" WIDTH="48"/>
						<String ID="P14_ST00013" HPOS="1790" VPOS="584" WIDTH="129" HEIGHT="54" CONTENT="petits" WC="0.99" CC="600000"/>
						<SP ID="P14_SP00010" HPOS="1919" VPOS="642" WIDTH="33"/>
						<String ID="P14_ST00014" HPOS="1952" VPOS="585" WIDTH="143" HEIGHT="53" CONTENT="signes" WC="1.00" CC="040000"/>
						<SP ID="P14_SP00011" HPOS="2095" VPOS="642" WIDTH="30"/>
						<String ID="P14_ST00015" HPOS="2125" VPOS="583" WIDTH="209" HEIGHT="41" CONTENT="ci-dessus" WC="1.00" CC="002000040"/>
						<SP ID="P14_SP00012" HPOS="2334" VPOS="642" WIDTH="28"/>
						<String ID="P14_ST00016" HPOS="2362" VPOS="583" WIDTH="72" HEIGHT="41" CONTENT="doi" SUBS_TYPE="HypPart1" SUBS_CONTENT="doivent" WC="0.98" CC="021"/>
						<HYP HPOS="2434" VPOS="583" WIDTH="23" CONTENT="-"/>
					</TextLine>
					<TextLine ID="P14_TL00005" HPOS="695" VPOS="659" WIDTH="1760" HEIGHT="54">
						<String ID="P14_ST00017" HPOS="695" VPOS="670" WIDTH="102" HEIGHT="31" CONTENT="vent" SUBS_TYPE="HypPart2" SUBS_CONTENT="doivent" WC="0.98" CC="0070"/>
						<SP ID="P14_SP00013" HPOS="797" VPOS="701" WIDTH="33"/>
						<String ID="P14_ST00018" HPOS="830" VPOS="663" WIDTH="89" HEIGHT="37" CONTENT="être" WC="0.98" CC="8000"/>
						<SP ID="P14_SP00014" HPOS="919" VPOS="701" WIDTH="29"/>
						<String ID="P14_ST00019" HPOS="948" VPOS="661" WIDTH="212" HEIGHT="40" CONTENT="attribués" WC="0.99" CC="833541050"/>
						<SP ID="P14_SP00015" HPOS="1160" VPOS="701" WIDTH="40"/>
						<String ID="P14_ST00020" HPOS="1200" VPOS="664" WIDTH="23" HEIGHT="35" CONTENT="à" WC="0.56" CC="4"/>
						<SP ID="P14_SP00016" HPOS="1223" VPOS="701" WIDTH="35"/>
						<String ID="P14_ST00021" HPOS="1258" VPOS="659" WIDTH="144" HEIGHT="54" CONTENT="Logis" WC="0.98" CC="05700" STYLEREFS="TXT_3"/>
						<SP ID="P14_SP00017" HPOS="1402" VPOS="713" WIDTH="33"/>
						<String ID="P14_ST00022" HPOS="1435" VPOS="659" WIDTH="81" HEIGHT="54" CONTENT="(1)," WC="0.65" CC="0283"/>
						<SP ID="P14_SP00018" HPOS="1516" VPOS="713" WIDTH="36"/>
						<String ID="P14_ST00023" HPOS="1552" VPOS="660" WIDTH="59" HEIGHT="40" CONTENT="les" WC="0.98" CC="500"/>
						<SP ID="P14_SP00019" HPOS="1611" VPOS="713" WIDTH="33"/>
						<String ID="P14_ST00024" HPOS="1644" VPOS="672" WIDTH="164" HEIGHT="41" CONTENT="grosses" WC="1.00" CC="4100200"/>
						<SP ID="P14_SP00020" HPOS="1808" VPOS="713" WIDTH="38"/>
						<String ID="P14_ST00025" HPOS="1846" VPOS="667" WIDTH="122" HEIGHT="33" CONTENT="notes" WC="1.00" CC="00000"/>
						<SP ID="P14_SP00021" HPOS="1968" VPOS="713" WIDTH="33"/>
						<String ID="P14_ST00026" HPOS="2001" VPOS="660" WIDTH="244" HEIGHT="39" CONTENT="seulement" WC="1.00" CC="000406000"/>
						<SP ID="P14_SP00022" HPOS="2245" VPOS="713" WIDTH="31"/>
						<String ID="P14_ST00027" HPOS="2276" VPOS="666" WIDTH="100" HEIGHT="33" CONTENT="sont" WC="0.98" CC="0306"/>
						<SP ID="P14_SP00023" HPOS="2376" VPOS="713" WIDTH="28"/>
						<String ID="P14_ST00028" HPOS="2404" VPOS="659" WIDTH="51" HEIGHT="40" CONTENT="de" WC="1.00" CC="00"/>
					</TextLine>
					<TextLine ID="P14_TL00006" HPOS="702" VPOS="733" WIDTH="246" HEIGHT="50">
						<String ID="P14_ST00029" HPOS="702" VPOS="734" WIDTH="58" HEIGHT="40" CONTENT="Le" WC="0.97" CC="00"/>
						<SP ID="P14_SP00024" HPOS="760" VPOS="774" WIDTH="24"/>
						<String ID="P14_ST00030" HPOS="784" VPOS="733" WIDTH="60" HEIGHT="40" CONTENT="Bé" WC="0.45" CC="64"/>
						<SP ID="P14_SP00025" HPOS="844" VPOS="774" WIDTH="23"/>
						<String ID="P14_ST00031" HPOS="867" VPOS="735" WIDTH="81" HEIGHT="48" CONTENT="(2)." WC="0.79" CC="0304"/>
					</TextLine>
					<TextLine ID="P14_TL00007" HPOS="748" VPOS="805" WIDTH="1712" HEIGHT="59">
						<String ID="P14_ST00032" HPOS="748" VPOS="805" WIDTH="80" HEIGHT="41" CONTENT="Cet" WC="0.99" CC="100"/>
						<SP ID="P14_SP00026" HPOS="828" VPOS="846" WIDTH="20"/>
						<String ID="P14_ST00033" HPOS="848" VPOS="805" WIDTH="178" HEIGHT="41" CONTENT="homme" WC="0.98" CC="55320"/>
						<SP ID="P14_SP00027" HPOS="1026" VPOS="846" WIDTH="16"/>
						<String ID="P14_ST00034" HPOS="1042" VPOS="805" WIDTH="51" HEIGHT="41" CONTENT="de" WC="1.00" CC="00"/>
						<SP ID="P14_SP00028" HPOS="1093" VPOS="846" WIDTH="17"/>
						<String ID="P14_ST00035" HPOS="1110" VPOS="806" WIDTH="136" HEIGHT="41" CONTENT="talent" WC="0.99" CC="003003"/>
						<SP ID="P14_SP00029" HPOS="1246" VPOS="847" WIDTH="20"/>
						<String ID="P14_ST00036" HPOS="1266" VPOS="806" WIDTH="80" HEIGHT="56" CONTENT="(Le" WC="0.95" CC="840"/>
						<SP ID="P14_SP00030" HPOS="1346" VPOS="862" WIDTH="21"/>
						<String ID="P14_ST00037" HPOS="1367" VPOS="807" WIDTH="75" HEIGHT="55" CONTENT="Bé)" WC="0.63" CC="406"/>
						<SP ID="P14_SP00031" HPOS="1442" VPOS="862" WIDTH="22"/>
						<String ID="P14_ST00038" HPOS="1464" VPOS="807" WIDTH="65" HEIGHT="41" CONTENT="fut" WC="0.96" CC="090"/>
						<SP ID="P14_SP00032" HPOS="1529" VPOS="862" WIDTH="25"/>
						<String ID="P14_ST00039" HPOS="1554" VPOS="806" WIDTH="135" HEIGHT="42" CONTENT="choisi" WC="0.99" CC="000304"/>
						<SP ID="P14_SP00033" HPOS="1689" VPOS="862" WIDTH="21"/>
						<String ID="P14_ST00040" HPOS="1710" VPOS="821" WIDTH="78" HEIGHT="41" CONTENT="par" WC="0.97" CC="035"/>
						<SP ID="P14_SP00034" HPOS="1788" VPOS="862" WIDTH="24"/>
						<String ID="P14_ST00041" HPOS="1812" VPOS="805" WIDTH="210" HEIGHT="59" CONTENT="François" WC="0.99" CC="04006000"/>
						<SP ID="P14_SP00035" HPOS="2022" VPOS="864" WIDTH="26"/>
						<String ID="P14_ST00042" HPOS="2048" VPOS="805" WIDTH="15" HEIGHT="40" CONTENT="lerI" WC="0.61" CC="0003"/>
						<String ID="P14_ST00043" HPOS="2070" VPOS="810" WIDTH="30" HEIGHT="20" CONTENT="er" STYLE="superscript" WC="0.48" CC="45"/>
						<SP ID="P14_SP00036" HPOS="2100" VPOS="864" WIDTH="23"/>
						<String ID="P14_ST00044" HPOS="2123" VPOS="818" WIDTH="113" HEIGHT="42" CONTENT="pour" WC="0.99" CC="0004"/>
						<SP ID="P14_SP00037" HPOS="2236" VPOS="864" WIDTH="22"/>
						<String ID="P14_ST00045" HPOS="2258" VPOS="805" WIDTH="202" HEIGHT="42" CONTENT="exécuter" WC="0.99" CC="00850214"/>
					</TextLine>
					<TextLine ID="P14_TL00008" HPOS="692" VPOS="879" WIDTH="1770" HEIGHT="56">
						<String ID="P14_ST00046" HPOS="692" VPOS="879" WIDTH="61" HEIGHT="40" CONTENT="les" WC="1.00" CC="000"/>
						<SP ID="P14_SP00038" HPOS="753" VPOS="919" WIDTH="21"/>
						<String ID="P14_ST00047" HPOS="774" VPOS="879" WIDTH="325" HEIGHT="55" CONTENT="remarquables" WC="1.00" CC="500051000300"/>
						<SP ID="P14_SP00039" HPOS="1099" VPOS="934" WIDTH="28"/>
						<String ID="P14_ST00048" HPOS="1127" VPOS="882" WIDTH="234" HEIGHT="40" CONTENT="caractères" WC="0.99" CC="1460005606"/>
						<SP ID="P14_SP00040" HPOS="1361" VPOS="934" WIDTH="27"/>
						<String ID="P14_ST00049" HPOS="1388" VPOS="881" WIDTH="233" HEIGHT="42" CONTENT="orientaux" WC="1.00" CC="040060000"/>
						<SP ID="P14_SP00041" HPOS="1621" VPOS="934" WIDTH="28"/>
						<String ID="P14_ST00050" HPOS="1649" VPOS="880" WIDTH="77" HEIGHT="55" CONTENT="qui" WC="0.98" CC="130"/>
						<SP ID="P14_SP00042" HPOS="1726" VPOS="935" WIDTH="32"/>
						<String ID="P14_ST00051" HPOS="1758" VPOS="889" WIDTH="79" HEIGHT="33" CONTENT="ont" WC="0.98" CC="004"/>
						<SP ID="P14_SP00043" HPOS="1837" VPOS="935" WIDTH="21"/>
						<String ID="P14_ST00052" HPOS="1858" VPOS="880" WIDTH="111" HEIGHT="41" CONTENT="servi" WC="0.99" CC="07000"/>
						<SP ID="P14_SP00044" HPOS="1969" VPOS="935" WIDTH="23"/>
						<String ID="P14_ST00053" HPOS="1992" VPOS="894" WIDTH="88" HEIGHT="26" CONTENT="aux" WC="1.00" CC="000"/>
						<SP ID="P14_SP00045" HPOS="2080" VPOS="935" WIDTH="29"/>
						<String ID="P14_ST00054" HPOS="2109" VPOS="879" WIDTH="281" HEIGHT="55" CONTENT="impressions" WC="0.99" CC="20030005370"/>
						<SP ID="P14_SP00046" HPOS="2390" VPOS="935" WIDTH="22"/>
						<String ID="P14_ST00055" HPOS="2412" VPOS="880" WIDTH="50" HEIGHT="42" CONTENT="de" WC="1.00" CC="00"/>
					</TextLine>
					<TextLine ID="P14_TL00009" HPOS="897" VPOS="939" WIDTH="12" HEIGHT="11">
						<String ID="P14_ST00056" HPOS="897" VPOS="939" WIDTH="12" HEIGHT="11" CONTENT="/" WC="0.26" CC="7" STYLEREFS="TXT_4"/>
					</TextLine>
					<TextLine ID="P14_TL00010" HPOS="696" VPOS="952" WIDTH="1765" HEIGHT="59">
						<String ID="P14_ST00057" HPOS="696" VPOS="952" WIDTH="162" HEIGHT="41" CONTENT="Robert" WC="0.99" CC="000041"/>
						<SP ID="P14_SP00047" HPOS="858" VPOS="993" WIDTH="23"/>
						<String ID="P14_ST00058" HPOS="881" VPOS="953" WIDTH="202" HEIGHT="42" CONTENT="Etienne." WC="1.00" CC="00004004"/>
						<SP ID="P14_SP00048" HPOS="1083" VPOS="995" WIDTH="30"/>
						<String ID="P14_ST00059" HPOS="1113" VPOS="953" WIDTH="204" HEIGHT="58" CONTENT="Philippe" WC="1.00" CC="00043000"/>
						<SP ID="P14_SP00049" HPOS="1317" VPOS="1011" WIDTH="25"/>
						<String ID="P14_ST00060" HPOS="1342" VPOS="955" WIDTH="41" HEIGHT="42" CONTENT="II" WC="0.70" CC="04"/>
						<SP ID="P14_SP00050" HPOS="1383" VPOS="1011" WIDTH="42"/>
						<String ID="P14_ST00061" HPOS="1425" VPOS="957" WIDTH="38" HEIGHT="40" CONTENT="le" WC="1.00" CC="00"/>
						<SP ID="P14_SP00051" HPOS="1463" VPOS="1011" WIDTH="22"/>
						<String ID="P14_ST00062" HPOS="1485" VPOS="955" WIDTH="182" HEIGHT="54" CONTENT="chargea" WC="0.99" CC="0000900"/>
						<SP ID="P14_SP00052" HPOS="1667" VPOS="1011" WIDTH="22"/>
						<String ID="P14_ST00063" HPOS="1689" VPOS="955" WIDTH="244" HEIGHT="55" CONTENT="également" WC="1.00" CC="420006000"/>
						<SP ID="P14_SP00053" HPOS="1933" VPOS="1011" WIDTH="21"/>
						<String ID="P14_ST00064" HPOS="1954" VPOS="955" WIDTH="50" HEIGHT="40" CONTENT="de" WC="1.00" CC="00"/>
						<SP ID="P14_SP00054" HPOS="2004" VPOS="1011" WIDTH="21"/>
						<String ID="P14_ST00065" HPOS="2025" VPOS="954" WIDTH="41" HEIGHT="41" CONTENT="la" WC="0.88" CC="20"/>
						<SP ID="P14_SP00055" HPOS="2066" VPOS="1011" WIDTH="23"/>
						<String ID="P14_ST00066" HPOS="2089" VPOS="954" WIDTH="119" HEIGHT="42" CONTENT="fonte" WC="0.98" CC="05440"/>
						<SP ID="P14_SP00056" HPOS="2208" VPOS="1011" WIDTH="21"/>
						<String ID="P14_ST00067" HPOS="2229" VPOS="954" WIDTH="71" HEIGHT="39" CONTENT="des" WC="0.99" CC="001"/>
						<SP ID="P14_SP00057" HPOS="2300" VPOS="1011" WIDTH="20"/>
						<String ID="P14_ST00068" HPOS="2320" VPOS="967" WIDTH="118" HEIGHT="28" CONTENT="carac" SUBS_TYPE="HypPart1" SUBS_CONTENT="caractères" WC="0.99" CC="00301"/>
						<HYP HPOS="2438" VPOS="967" WIDTH="23" CONTENT="-"/>
					</TextLine>
					<TextLine ID="P14_TL00011" HPOS="693" VPOS="1026" WIDTH="1767" HEIGHT="58">
						<String ID="P14_ST00069" HPOS="693" VPOS="1026" WIDTH="108" HEIGHT="40" CONTENT="tères" SUBS_TYPE="HypPart2" SUBS_CONTENT="caractères" WC="0.99" CC="05400"/>
						<SP ID="P14_SP00058" HPOS="801" VPOS="1066" WIDTH="26"/>
						<String ID="P14_ST00070" HPOS="827" VPOS="1026" WIDTH="187" HEIGHT="42" CONTENT="destinés" WC="0.99" CC="05001050"/>
						<SP ID="P14_SP00059" HPOS="1014" VPOS="1068" WIDTH="32"/>
						<String ID="P14_ST00071" HPOS="1046" VPOS="1031" WIDTH="24" HEIGHT="37" CONTENT="à" WC="0.45" CC="5"/>
						<SP ID="P14_SP00060" HPOS="1070" VPOS="1068" WIDTH="32"/>
						<String ID="P14_ST00072" HPOS="1102" VPOS="1028" WIDTH="291" HEIGHT="55" CONTENT="l'impression" WC="1.00" CC="541002000126"/>
						<SP ID="P14_SP00061" HPOS="1393" VPOS="1083" WIDTH="32"/>
						<String ID="P14_ST00073" HPOS="1425" VPOS="1030" WIDTH="52" HEIGHT="40" CONTENT="de" WC="1.00" CC="00"/>
						<SP ID="P14_SP00062" HPOS="1477" VPOS="1083" WIDTH="37"/>
						<String ID="P14_ST00074" HPOS="1514" VPOS="1030" WIDTH="45" HEIGHT="40" CONTENT="la" WC="0.68" CC="06" STYLEREFS="TXT_3"/>
						<SP ID="P14_SP00063" HPOS="1559" VPOS="1083" WIDTH="21"/>
						<String ID="P14_ST00075" HPOS="1580" VPOS="1029" WIDTH="128" HEIGHT="41" CONTENT="Bible" WC="0.99" CC="30202" STYLEREFS="TXT_3"/>
						<SP ID="P14_SP00064" HPOS="1708" VPOS="1083" WIDTH="25"/>
						<String ID="P14_ST00076" HPOS="1733" VPOS="1030" WIDTH="268" HEIGHT="54" CONTENT="polyglotte" WC="0.99" CC="6007305004" STYLEREFS="TXT_3"/>
						<SP ID="P14_SP00065" HPOS="2001" VPOS="1084" WIDTH="33"/>
						<String ID="P14_ST00077" HPOS="2034" VPOS="1028" WIDTH="221" HEIGHT="42" CONTENT="d'Anvers" WC="0.99" CC="04040620" STYLEREFS="TXT_3"/>
						<SP ID="P14_SP00066" HPOS="2255" VPOS="1084" WIDTH="35"/>
						<String ID="P14_ST00078" HPOS="2290" VPOS="1028" WIDTH="170" HEIGHT="55" CONTENT="(1569)," WC="0.51" CC="5424664"/>
					</TextLine>
					<TextLine ID="P14_TL00012" HPOS="692" VPOS="1098" WIDTH="538" HEIGHT="45">
						<String ID="P14_ST00079" HPOS="692" VPOS="1098" WIDTH="165" HEIGHT="43" CONTENT="confiée" WC="0.98" CC="4036620"/>
						<SP ID="P14_SP00067" HPOS="857" VPOS="1141" WIDTH="22"/>
						<String ID="P14_ST00080" HPOS="879" VPOS="1103" WIDTH="23" HEIGHT="37" CONTENT="à" WC="0.76" CC="2"/>
						<SP ID="P14_SP00068" HPOS="902" VPOS="1141" WIDTH="25"/>
						<String ID="P14_ST00081" HPOS="927" VPOS="1099" WIDTH="80" HEIGHT="44" CONTENT="Ch." WC="0.97" CC="304"/>
						<SP ID="P14_SP00069" HPOS="1007" VPOS="1143" WIDTH="30"/>
						<String ID="P14_ST00082" HPOS="1037" VPOS="1101" WIDTH="193" HEIGHT="42" CONTENT="Plantin." WC="0.89" CC="10000304"/>
					</TextLine>
					<TextLine ID="P14_TL00013" HPOS="745" VPOS="1172" WIDTH="1717" HEIGHT="57">
						<String ID="P14_ST00083" HPOS="745" VPOS="1174" WIDTH="41" HEIGHT="38" CONTENT="A" WC="0.78" CC="2"/>
						<SP ID="P14_SP00070" HPOS="786" VPOS="1212" WIDTH="20"/>
						<String ID="P14_ST00084" HPOS="806" VPOS="1172" WIDTH="41" HEIGHT="41" CONTENT="la" WC="0.78" CC="40"/>
						<SP ID="P14_SP00071" HPOS="847" VPOS="1213" WIDTH="30"/>
						<String ID="P14_ST00085" HPOS="877" VPOS="1186" WIDTH="115" HEIGHT="28" CONTENT="mort" WC="0.98" CC="0047"/>
						<SP ID="P14_SP00072" HPOS="992" VPOS="1214" WIDTH="29"/>
						<String ID="P14_ST00086" HPOS="1021" VPOS="1175" WIDTH="51" HEIGHT="39" CONTENT="de" WC="1.00" CC="00"/>
						<SP ID="P14_SP00073" HPOS="1072" VPOS="1214" WIDTH="21"/>
						<String ID="P14_ST00087" HPOS="1093" VPOS="1174" WIDTH="269" HEIGHT="53" CONTENT="Garamond," WC="0.81" CC="016000504"/>
						<SP ID="P14_SP00074" HPOS="1362" VPOS="1227" WIDTH="25"/>
						<String ID="P14_ST00088" HPOS="1387" VPOS="1189" WIDTH="52" HEIGHT="27" CONTENT="en" WC="0.54" CC="26"/>
						<SP ID="P14_SP00075" HPOS="1439" VPOS="1227" WIDTH="30"/>
						<String ID="P14_ST00089" HPOS="1469" VPOS="1176" WIDTH="130" HEIGHT="52" CONTENT="1561," WC="0.70" CC="04044" STYLEREFS="TXT_5"/>
						<SP ID="P14_SP00076" HPOS="1599" VPOS="1228" WIDTH="36"/>
						<String ID="P14_ST00090" HPOS="1635" VPOS="1175" WIDTH="258" HEIGHT="41" CONTENT="Guillaume" WC="1.00" CC="000020000"/>
						<SP ID="P14_SP00077" HPOS="1893" VPOS="1228" WIDTH="26"/>
						<String ID="P14_ST00091" HPOS="1919" VPOS="1176" WIDTH="59" HEIGHT="40" CONTENT="Le" WC="1.00" CC="00"/>
						<SP ID="P14_SP00078" HPOS="1978" VPOS="1228" WIDTH="21"/>
						<String ID="P14_ST00092" HPOS="1999" VPOS="1177" WIDTH="76" HEIGHT="52" CONTENT="Bé," WC="0.67" CC="027"/>
						<SP ID="P14_SP00079" HPOS="2075" VPOS="1229" WIDTH="27"/>
						<String ID="P14_ST00093" HPOS="2102" VPOS="1177" WIDTH="179" HEIGHT="40" CONTENT="nommé" WC="0.99" CC="00005"/>
						<SP ID="P14_SP00080" HPOS="2281" VPOS="1229" WIDTH="21"/>
						<String ID="P14_ST00094" HPOS="2302" VPOS="1175" WIDTH="160" HEIGHT="43" CONTENT="arbitre" WC="0.99" CC="0900000"/>
					</TextLine>
					<TextLine ID="P14_TL00014" HPOS="689" VPOS="1245" WIDTH="1772" HEIGHT="60">
						<String ID="P14_ST00095" HPOS="689" VPOS="1245" WIDTH="52" HEIGHT="40" CONTENT="de" WC="1.00" CC="00"/>
						<SP ID="P14_SP00081" HPOS="741" VPOS="1285" WIDTH="21"/>
						<String ID="P14_ST00096" HPOS="762" VPOS="1245" WIDTH="272" HEIGHT="42" CONTENT="l'inventaire" WC="0.99" CC="020807010403"/>
						<SP ID="P14_SP00082" HPOS="1034" VPOS="1287" WIDTH="20"/>
						<String ID="P14_ST00097" HPOS="1054" VPOS="1247" WIDTH="52" HEIGHT="41" CONTENT="de" WC="0.88" CC="02"/>
						<SP ID="P14_SP00083" HPOS="1106" VPOS="1288" WIDTH="21"/>
						<String ID="P14_ST00098" HPOS="1127" VPOS="1256" WIDTH="111" HEIGHT="33" CONTENT="cette" WC="0.99" CC="50000"/>
						<SP ID="P14_SP00084" HPOS="1238" VPOS="1289" WIDTH="17"/>
						<String ID="P14_ST00099" HPOS="1255" VPOS="1249" WIDTH="184" HEIGHT="54" CONTENT="superbe" WC="1.00" CC="0000000"/>
						<SP ID="P14_SP00085" HPOS="1439" VPOS="1303" WIDTH="21"/>
						<String ID="P14_ST00100" HPOS="1460" VPOS="1248" WIDTH="210" HEIGHT="54" CONTENT="fonderie," WC="0.99" CC="410009004"/>
						<SP ID="P14_SP00086" HPOS="1670" VPOS="1303" WIDTH="19"/>
						<String ID="P14_ST00101" HPOS="1689" VPOS="1249" WIDTH="153" HEIGHT="55" CONTENT="acquit" WC="1.00" CC="000010"/>
						<SP ID="P14_SP00087" HPOS="1842" VPOS="1304" WIDTH="23"/>
						<String ID="P14_ST00102" HPOS="1865" VPOS="1251" WIDTH="40" HEIGHT="39" CONTENT="la" WC="1.00" CC="00"/>
						<SP ID="P14_SP00088" HPOS="1905" VPOS="1304" WIDTH="23"/>
						<String ID="P14_ST00103" HPOS="1928" VPOS="1251" WIDTH="100" HEIGHT="53" CONTENT="plus" WC="0.99" CC="0030"/>
						<SP ID="P14_SP00089" HPOS="2028" VPOS="1304" WIDTH="20"/>
						<String ID="P14_ST00104" HPOS="2048" VPOS="1250" WIDTH="166" HEIGHT="55" CONTENT="grande" WC="0.99" CC="940000"/>
						<SP ID="P14_SP00090" HPOS="2214" VPOS="1305" WIDTH="22"/>
						<String ID="P14_ST00105" HPOS="2236" VPOS="1250" WIDTH="137" HEIGHT="55" CONTENT="partie" WC="1.00" CC="000401"/>
						<SP ID="P14_SP00091" HPOS="2373" VPOS="1305" WIDTH="18"/>
						<String ID="P14_ST00106" HPOS="2391" VPOS="1251" WIDTH="70" HEIGHT="40" CONTENT="des" WC="0.98" CC="060"/>
					</TextLine>
					<TextLine ID="P14_TL00015" HPOS="689" VPOS="1319" WIDTH="1773" HEIGHT="60">
						<String ID="P14_ST00107" HPOS="689" VPOS="1319" WIDTH="211" HEIGHT="55" CONTENT="poinçons" WC="1.00" CC="00100050"/>
						<SP ID="P14_SP00092" HPOS="900" VPOS="1374" WIDTH="20"/>
						<String ID="P14_ST00108" HPOS="920" VPOS="1328" WIDTH="42" HEIGHT="34" CONTENT="et" WC="1.00" CC="00"/>
						<SP ID="P14_SP00093" HPOS="962" VPOS="1374" WIDTH="20"/>
						<String ID="P14_ST00109" HPOS="982" VPOS="1322" WIDTH="218" HEIGHT="54" CONTENT="matrices," WC="1.00" CC="000000004"/>
						<SP ID="P14_SP00094" HPOS="1200" VPOS="1376" WIDTH="25"/>
						<String ID="P14_ST00110" HPOS="1225" VPOS="1322" WIDTH="109" HEIGHT="55" CONTENT="qu'il" WC="0.99" CC="00400"/>
						<SP ID="P14_SP00095" HPOS="1334" VPOS="1377" WIDTH="22"/>
						<String ID="P14_ST00111" HPOS="1356" VPOS="1322" WIDTH="147" HEIGHT="56" CONTENT="ajouta" WC="0.98" CC="676000"/>
						<SP ID="P14_SP00096" HPOS="1503" VPOS="1378" WIDTH="35"/>
						<String ID="P14_ST00112" HPOS="1538" VPOS="1327" WIDTH="21" HEIGHT="36" CONTENT="à" WC="0.82" CC="1"/>
						<SP ID="P14_SP00097" HPOS="1559" VPOS="1378" WIDTH="24"/>
						<String ID="P14_ST00113" HPOS="1583" VPOS="1336" WIDTH="78" HEIGHT="28" CONTENT="son" WC="0.96" CC="038"/>
						<SP ID="P14_SP00098" HPOS="1661" VPOS="1378" WIDTH="30"/>
						<String ID="P14_ST00114" HPOS="1691" VPOS="1324" WIDTH="144" HEIGHT="41" CONTENT="fonds." WC="1.00" CC="000004"/>
						<SP ID="P14_SP00099" HPOS="1835" VPOS="1378" WIDTH="25"/>
						<String ID="P14_ST00115" HPOS="1860" VPOS="1322" WIDTH="73" HEIGHT="42" CONTENT="On" WC="0.86" CC="02"/>
						<SP ID="P14_SP00100" HPOS="1933" VPOS="1378" WIDTH="23"/>
						<String ID="P14_ST00116" HPOS="1956" VPOS="1324" WIDTH="200" HEIGHT="55" CONTENT="n'ignore" WC="0.98" CC="76310347"/>
						<SP ID="P14_SP00101" HPOS="2156" VPOS="1379" WIDTH="31"/>
						<String ID="P14_ST00117" HPOS="2187" VPOS="1338" WIDTH="74" HEIGHT="41" CONTENT="pas" WC="1.00" CC="000"/>
						<SP ID="P14_SP00102" HPOS="2261" VPOS="1379" WIDTH="28"/>
						<String ID="P14_ST00118" HPOS="2289" VPOS="1338" WIDTH="86" HEIGHT="41" CONTENT="que" WC="0.98" CC="050"/>
						<SP ID="P14_SP00103" HPOS="2375" VPOS="1379" WIDTH="29"/>
						<String ID="P14_ST00119" HPOS="2404" VPOS="1324" WIDTH="58" HEIGHT="41" CONTENT="les" WC="0.98" CC="050"/>
					</TextLine>
					<TextLine ID="P14_TL00016" HPOS="692" VPOS="1393" WIDTH="1321" HEIGHT="58">
						<String ID="P14_ST00120" HPOS="692" VPOS="1393" WIDTH="194" HEIGHT="42" CONTENT="Elzevirs" WC="0.88" CC="05000102"/>
						<SP ID="P14_SP00104" HPOS="886" VPOS="1435" WIDTH="22"/>
						<String ID="P14_ST00121" HPOS="908" VPOS="1394" WIDTH="300" HEIGHT="57" CONTENT="imprimaient" WC="0.99" CC="30052005060"/>
						<SP ID="P14_SP00105" HPOS="1208" VPOS="1451" WIDTH="19"/>
						<String ID="P14_ST00122" HPOS="1227" VPOS="1410" WIDTH="101" HEIGHT="28" CONTENT="avec" WC="0.99" CC="0005"/>
						<SP ID="P14_SP00106" HPOS="1328" VPOS="1451" WIDTH="20"/>
						<String ID="P14_ST00123" HPOS="1348" VPOS="1397" WIDTH="61" HEIGHT="41" CONTENT="les" WC="1.00" CC="000"/>
						<SP ID="P14_SP00107" HPOS="1409" VPOS="1451" WIDTH="16"/>
						<String ID="P14_ST00124" HPOS="1425" VPOS="1399" WIDTH="233" HEIGHT="40" CONTENT="caractères" WC="1.00" CC="0060024000"/>
						<SP ID="P14_SP00108" HPOS="1658" VPOS="1451" WIDTH="18"/>
						<String ID="P14_ST00125" HPOS="1676" VPOS="1398" WIDTH="52" HEIGHT="40" CONTENT="de" WC="1.00" CC="00"/>
						<SP ID="P14_SP00109" HPOS="1728" VPOS="1451" WIDTH="15"/>
						<String ID="P14_ST00126" HPOS="1743" VPOS="1397" WIDTH="270" HEIGHT="43" CONTENT="Garamond." WC="0.87" CC="002004004"/>
					</TextLine>
					<TextLine ID="P14_TL00017" HPOS="746" VPOS="1467" WIDTH="852" HEIGHT="60">
						<String ID="P14_ST00127" HPOS="746" VPOS="1467" WIDTH="256" HEIGHT="43" CONTENT="Guillaume" WC="0.99" CC="000540030"/>
						<SP ID="P14_SP00110" HPOS="1002" VPOS="1510" WIDTH="25"/>
						<String ID="P14_ST00128" HPOS="1027" VPOS="1470" WIDTH="60" HEIGHT="41" CONTENT="Le" WC="1.00" CC="00"/>
						<SP ID="P14_SP00111" HPOS="1087" VPOS="1511" WIDTH="19"/>
						<String ID="P14_ST00129" HPOS="1106" VPOS="1470" WIDTH="61" HEIGHT="42" CONTENT="Bé" WC="1.00" CC="00"/>
						<SP ID="P14_SP00112" HPOS="1167" VPOS="1512" WIDTH="21"/>
						<String ID="P14_ST00130" HPOS="1188" VPOS="1479" WIDTH="183" HEIGHT="34" CONTENT="mourut" WC="1.00" CC="004000"/>
						<SP ID="P14_SP00113" HPOS="1371" VPOS="1513" WIDTH="16"/>
						<String ID="P14_ST00131" HPOS="1387" VPOS="1485" WIDTH="55" HEIGHT="27" CONTENT="en" WC="0.54" CC="09"/>
						<SP ID="P14_SP00114" HPOS="1442" VPOS="1513" WIDTH="28"/>
						<String ID="P14_ST00132" HPOS="1470" VPOS="1472" WIDTH="128" HEIGHT="55" CONTENT="1598." WC="0.65" CC="00547"/>
					</TextLine>
					<TextLine ID="P14_TL00018" HPOS="748" VPOS="1541" WIDTH="1713" HEIGHT="61">
						<String ID="P14_ST00133" HPOS="748" VPOS="1541" WIDTH="62" HEIGHT="42" CONTENT="La" WC="1.00" CC="00"/>
						<SP ID="P14_SP00115" HPOS="810" VPOS="1583" WIDTH="20"/>
						<String ID="P14_ST00134" HPOS="830" VPOS="1542" WIDTH="165" HEIGHT="43" CONTENT="famille" WC="1.00" CC="1000100"/>
						<SP ID="P14_SP00116" HPOS="995" VPOS="1585" WIDTH="26"/>
						<String ID="P14_ST00135" HPOS="1021" VPOS="1544" WIDTH="72" HEIGHT="41" CONTENT="des" WC="1.00" CC="000"/>
						<SP ID="P14_SP00117" HPOS="1093" VPOS="1585" WIDTH="32"/>
						<String ID="P14_ST00136" HPOS="1125" VPOS="1545" WIDTH="60" HEIGHT="41" CONTENT="Le" WC="1.00" CC="00"/>
						<SP ID="P14_SP00118" HPOS="1185" VPOS="1586" WIDTH="29"/>
						<String ID="P14_ST00137" HPOS="1214" VPOS="1545" WIDTH="61" HEIGHT="41" CONTENT="Bé" WC="0.82" CC="11"/>
						<SP ID="P14_SP00119" HPOS="1275" VPOS="1586" WIDTH="22"/>
						<String ID="P14_ST00138" HPOS="1297" VPOS="1545" WIDTH="170" HEIGHT="42" CONTENT="fournit" WC="1.00" CC="0040000"/>
						<SP ID="P14_SP00120" HPOS="1467" VPOS="1587" WIDTH="27"/>
						<String ID="P14_ST00139" HPOS="1494" VPOS="1545" WIDTH="220" HEIGHT="56" CONTENT="plusieurs" WC="1.00" CC="040000060"/>
						<SP ID="P14_SP00121" HPOS="1714" VPOS="1601" WIDTH="20"/>
						<String ID="P14_ST00140" HPOS="1734" VPOS="1545" WIDTH="281" HEIGHT="56" CONTENT="générations" WC="0.99" CC="40013006060"/>
						<SP ID="P14_SP00122" HPOS="2015" VPOS="1601" WIDTH="21"/>
						<String ID="P14_ST00141" HPOS="2036" VPOS="1546" WIDTH="52" HEIGHT="43" CONTENT="de" WC="0.59" CC="80"/>
						<SP ID="P14_SP00123" HPOS="2088" VPOS="1601" WIDTH="22"/>
						<String ID="P14_ST00142" HPOS="2110" VPOS="1560" WIDTH="226" HEIGHT="42" CONTENT="graveurs," WC="1.00" CC="004000404"/>
						<SP ID="P14_SP00124" HPOS="2336" VPOS="1602" WIDTH="26"/>
						<String ID="P14_ST00143" HPOS="2362" VPOS="1546" WIDTH="75" HEIGHT="44" CONTENT="fon" SUBS_TYPE="HypPart1" SUBS_CONTENT="fondeurs" WC="0.96" CC="276"/>
						<HYP HPOS="2437" VPOS="1546" WIDTH="24" CONTENT="-"/>
					</TextLine>
					<TextLine ID="P14_TL00019" HPOS="692" VPOS="1615" WIDTH="1770" HEIGHT="64">
						<String ID="P14_ST00144" HPOS="692" VPOS="1615" WIDTH="126" HEIGHT="43" CONTENT="deurs" SUBS_TYPE="HypPart2" SUBS_CONTENT="fondeurs" WC="0.99" CC="00050"/>
						<SP ID="P14_SP00125" HPOS="818" VPOS="1658" WIDTH="32"/>
						<String ID="P14_ST00145" HPOS="850" VPOS="1626" WIDTH="42" HEIGHT="33" CONTENT="et" WC="0.94" CC="01"/>
						<SP ID="P14_SP00126" HPOS="892" VPOS="1659" WIDTH="32"/>
						<String ID="P14_ST00146" HPOS="924" VPOS="1618" WIDTH="294" HEIGHT="55" CONTENT="imprimeurs." WC="1.00" CC="30004000034"/>
						<SP ID="P14_SP00127" HPOS="1218" VPOS="1673" WIDTH="34"/>
						<String ID="P14_ST00147" HPOS="1252" VPOS="1619" WIDTH="255" HEIGHT="43" CONTENT="Guillaume" WC="1.00" CC="003540000"/>
						<SP ID="P14_SP00128" HPOS="1507" VPOS="1673" WIDTH="34"/>
						<String ID="P14_ST00148" HPOS="1541" VPOS="1621" WIDTH="60" HEIGHT="41" CONTENT="Le" WC="1.00" CC="00"/>
						<SP ID="P14_SP00129" HPOS="1601" VPOS="1673" WIDTH="37"/>
						<String ID="P14_ST00149" HPOS="1638" VPOS="1621" WIDTH="60" HEIGHT="41" CONTENT="Bé" WC="0.75" CC="04"/>
						<SP ID="P14_SP00130" HPOS="1698" VPOS="1673" WIDTH="37"/>
						<String ID="P14_ST00150" HPOS="1735" VPOS="1621" WIDTH="41" HEIGHT="42" CONTENT="II" WC="0.78" CC="03"/>
						<SP ID="P14_SP00131" HPOS="1776" VPOS="1673" WIDTH="35"/>
						<String ID="P14_ST00151" HPOS="1811" VPOS="1623" WIDTH="181" HEIGHT="40" CONTENT="succéda" WC="1.00" CC="0001100"/>
						<SP ID="P14_SP00132" HPOS="1992" VPOS="1673" WIDTH="40"/>
						<String ID="P14_ST00152" HPOS="2032" VPOS="1626" WIDTH="24" HEIGHT="37" CONTENT="à" WC="0.74" CC="2"/>
						<SP ID="P14_SP00133" HPOS="2056" VPOS="1673" WIDTH="33"/>
						<String ID="P14_ST00153" HPOS="2089" VPOS="1637" WIDTH="79" HEIGHT="27" CONTENT="son" WC="1.00" CC="000"/>
						<SP ID="P14_SP00134" HPOS="2168" VPOS="1673" WIDTH="29"/>
						<String ID="P14_ST00154" HPOS="2197" VPOS="1625" WIDTH="122" HEIGHT="53" CONTENT="père;" WC="0.99" CC="00006"/>
						<SP ID="P14_SP00135" HPOS="2319" VPOS="1678" WIDTH="44"/>
						<String ID="P14_ST00155" HPOS="2363" VPOS="1625" WIDTH="99" HEIGHT="54" CONTENT="puis" WC="0.99" CC="0040"/>
					</TextLine>
					<TextLine ID="P14_TL00020" HPOS="690" VPOS="1689" WIDTH="1770" HEIGHT="64">
						<String ID="P14_ST00156" HPOS="690" VPOS="1689" WIDTH="98" HEIGHT="42" CONTENT="vint" WC="0.99" CC="0400"/>
						<SP ID="P14_SP00136" HPOS="788" VPOS="1731" WIDTH="23"/>
						<String ID="P14_ST00157" HPOS="811" VPOS="1691" WIDTH="140" HEIGHT="41" CONTENT="Henri" WC="1.00" CC="30000"/>
						<SP ID="P14_SP00137" HPOS="951" VPOS="1732" WIDTH="26"/>
						<String ID="P14_ST00158" HPOS="977" VPOS="1692" WIDTH="62" HEIGHT="41" CONTENT="Le" WC="1.00" CC="00"/>
						<SP ID="P14_SP00138" HPOS="1039" VPOS="1733" WIDTH="22"/>
						<String ID="P14_ST00159" HPOS="1061" VPOS="1692" WIDTH="73" HEIGHT="49" CONTENT="Bé," WC="0.53" CC="427"/>
						<SP ID="P14_SP00139" HPOS="1134" VPOS="1741" WIDTH="24"/>
						<String ID="P14_ST00160" HPOS="1158" VPOS="1693" WIDTH="177" HEIGHT="41" CONTENT="libraire" WC="0.99" CC="61000050"/>
						<SP ID="P14_SP00140" HPOS="1335" VPOS="1741" WIDTH="20"/>
						<String ID="P14_ST00161" HPOS="1355" VPOS="1708" WIDTH="53" HEIGHT="28" CONTENT="en" WC="0.64" CC="07"/>
						<SP ID="P14_SP00141" HPOS="1408" VPOS="1741" WIDTH="24"/>
						<String ID="P14_ST00162" HPOS="1432" VPOS="1694" WIDTH="104" HEIGHT="41" CONTENT="1581" WC="0.75" CC="0521"/>
						<SP ID="P14_SP00142" HPOS="1536" VPOS="1741" WIDTH="24"/>
						<String ID="P14_ST00163" HPOS="1560" VPOS="1710" WIDTH="9" HEIGHT="33" CONTENT=";" WC="0.12" CC="8"/>
						<SP ID="P14_SP00143" HPOS="1569" VPOS="1743" WIDTH="18"/>
						<String ID="P14_ST00164" HPOS="1587" VPOS="1694" WIDTH="186" HEIGHT="56" CONTENT="Jacques" WC="1.00" CC="0000000"/>
						<SP ID="P14_SP00144" HPOS="1773" VPOS="1750" WIDTH="24"/>
						<String ID="P14_ST00165" HPOS="1797" VPOS="1696" WIDTH="61" HEIGHT="41" CONTENT="Le" WC="1.00" CC="00"/>
						<SP ID="P14_SP00145" HPOS="1858" VPOS="1750" WIDTH="19"/>
						<String ID="P14_ST00166" HPOS="1877" VPOS="1696" WIDTH="74" HEIGHT="53" CONTENT="Bé," WC="0.74" CC="204"/>
						<SP ID="P14_SP00146" HPOS="1951" VPOS="1750" WIDTH="17"/>
						<String ID="P14_ST00167" HPOS="1968" VPOS="1696" WIDTH="267" HEIGHT="55" CONTENT="imprimeur" WC="0.99" CC="200410006"/>
						<SP ID="P14_SP00147" HPOS="2235" VPOS="1751" WIDTH="21"/>
						<String ID="P14_ST00168" HPOS="2256" VPOS="1711" WIDTH="54" HEIGHT="27" CONTENT="en" WC="0.89" CC="20"/>
						<SP ID="P14_SP00148" HPOS="2310" VPOS="1751" WIDTH="23"/>
						<String ID="P14_ST00169" HPOS="2333" VPOS="1698" WIDTH="127" HEIGHT="55" CONTENT="1610," WC="0.69" CC="52304"/>
					</TextLine>
					<TextLine ID="P14_TL00021" HPOS="694" VPOS="1762" WIDTH="1765" HEIGHT="64">
						<String ID="P14_ST00170" HPOS="694" VPOS="1762" WIDTH="259" HEIGHT="44" CONTENT="Guillaume" WC="0.99" CC="003548000"/>
						<SP ID="P14_SP00149" HPOS="953" VPOS="1806" WIDTH="23"/>
						<String ID="P14_ST00171" HPOS="976" VPOS="1765" WIDTH="61" HEIGHT="41" CONTENT="Le" WC="1.00" CC="00"/>
						<SP ID="P14_SP00150" HPOS="1037" VPOS="1806" WIDTH="23"/>
						<String ID="P14_ST00172" HPOS="1060" VPOS="1766" WIDTH="59" HEIGHT="41" CONTENT="Bé" WC="0.72" CC="05"/>
						<SP ID="P14_SP00151" HPOS="1119" VPOS="1807" WIDTH="34"/>
						<String ID="P14_ST00173" HPOS="1153" VPOS="1766" WIDTH="67" HEIGHT="42" CONTENT="111" WC="0.61" CC="605"/>
						<SP ID="P14_SP00152" HPOS="1220" VPOS="1808" WIDTH="25"/>
						<String ID="P14_ST00174" HPOS="1245" VPOS="1781" WIDTH="149" HEIGHT="44" CONTENT="exerça" WC="0.99" CC="000450"/>
						<SP ID="P14_SP00153" HPOS="1394" VPOS="1825" WIDTH="26"/>
						<String ID="P14_ST00175" HPOS="1420" VPOS="1768" WIDTH="54" HEIGHT="41" CONTENT="de" WC="1.00" CC="00"/>
						<SP ID="P14_SP00154" HPOS="1474" VPOS="1825" WIDTH="29"/>
						<String ID="P14_ST00176" HPOS="1503" VPOS="1767" WIDTH="110" HEIGHT="42" CONTENT="1636" WC="0.62" CC="5440"/>
						<SP ID="P14_SP00155" HPOS="1613" VPOS="1825" WIDTH="26"/>
						<String ID="P14_ST00177" HPOS="1639" VPOS="1772" WIDTH="22" HEIGHT="37" CONTENT="à" WC="0.71" CC="2"/>
						<SP ID="P14_SP00156" HPOS="1661" VPOS="1825" WIDTH="28"/>
						<String ID="P14_ST00178" HPOS="1689" VPOS="1769" WIDTH="108" HEIGHT="42" CONTENT="1685" WC="0.73" CC="0504"/>
						<SP ID="P14_SP00157" HPOS="1797" VPOS="1825" WIDTH="20"/>
						<String ID="P14_ST00179" HPOS="1817" VPOS="1770" WIDTH="77" HEIGHT="51" CONTENT=";il" WC="0.93" CC="500"/>
						<SP ID="P14_SP00158" HPOS="1894" VPOS="1825" WIDTH="32"/>
						<String ID="P14_ST00180" HPOS="1926" VPOS="1770" WIDTH="298" HEIGHT="55" CONTENT="perfectionna" WC="1.00" CC="000000403060"/>
						<SP ID="P14_SP00159" HPOS="2224" VPOS="1825" WIDTH="23"/>
						<String ID="P14_ST00181" HPOS="2247" VPOS="1772" WIDTH="61" HEIGHT="40" CONTENT="les" WC="0.98" CC="600"/>
						<SP ID="P14_SP00160" HPOS="2308" VPOS="1825" WIDTH="22"/>
						<String ID="P14_ST00182" HPOS="2330" VPOS="1773" WIDTH="104" HEIGHT="53" CONTENT="poin" SUBS_TYPE="HypPart1" SUBS_CONTENT="poinçons" WC="0.99" CC="0020"/>
						<HYP HPOS="2434" VPOS="1773" WIDTH="25" CONTENT="-"/>
					</TextLine>
					<TextLine ID="P14_TL00022" HPOS="689" VPOS="1839" WIDTH="1770" HEIGHT="60">
						<String ID="P14_ST00183" HPOS="689" VPOS="1851" WIDTH="107" HEIGHT="40" CONTENT="çons" SUBS_TYPE="HypPart2" SUBS_CONTENT="poinçons" WC="0.99" CC="0060"/>
						<SP ID="P14_SP00161" HPOS="796" VPOS="1891" WIDTH="27"/>
						<String ID="P14_ST00184" HPOS="823" VPOS="1839" WIDTH="52" HEIGHT="41" CONTENT="de" WC="1.00" CC="00"/>
						<SP ID="P14_SP00162" HPOS="875" VPOS="1891" WIDTH="22"/>
						<String ID="P14_ST00185" HPOS="897" VPOS="1841" WIDTH="222" HEIGHT="55" CONTENT="musique." WC="1.00" CC="00060200"/>
						<SP ID="P14_SP00163" HPOS="1119" VPOS="1896" WIDTH="25"/>
						<String ID="P14_ST00186" HPOS="1144" VPOS="1844" WIDTH="41" HEIGHT="38" CONTENT="A" WC="1.00" CC="0"/>
						<SP ID="P14_SP00164" HPOS="1185" VPOS="1896" WIDTH="34"/>
						<String ID="P14_ST00187" HPOS="1219" VPOS="1856" WIDTH="80" HEIGHT="28" CONTENT="son" WC="1.00" CC="000"/>
						<SP ID="P14_SP00165" HPOS="1299" VPOS="1896" WIDTH="20"/>
						<String ID="P14_ST00188" HPOS="1319" VPOS="1844" WIDTH="138" HEIGHT="40" CONTENT="talent" WC="0.99" CC="400072"/>
						<SP ID="P14_SP00166" HPOS="1457" VPOS="1896" WIDTH="29"/>
						<String ID="P14_ST00189" HPOS="1486" VPOS="1842" WIDTH="54" HEIGHT="42" CONTENT="de" WC="1.00" CC="00"/>
						<SP ID="P14_SP00167" HPOS="1540" VPOS="1896" WIDTH="28"/>
						<String ID="P14_ST00190" HPOS="1568" VPOS="1858" WIDTH="184" HEIGHT="40" CONTENT="graveur" WC="0.99" CC="0500006"/>
						<SP ID="P14_SP00168" HPOS="1752" VPOS="1898" WIDTH="30"/>
						<String ID="P14_ST00191" HPOS="1782" VPOS="1844" WIDTH="31" HEIGHT="41" CONTENT="il" WC="0.66" CC="06"/>
						<SP ID="P14_SP00169" HPOS="1813" VPOS="1898" WIDTH="38"/>
						<String ID="P14_ST00192" HPOS="1851" VPOS="1844" WIDTH="185" HEIGHT="55" CONTENT="joignait" WC="0.99" CC="70400010"/>
						<SP ID="P14_SP00170" HPOS="2036" VPOS="1899" WIDTH="28"/>
						<String ID="P14_ST00193" HPOS="2064" VPOS="1845" WIDTH="41" HEIGHT="41" CONTENT="la" WC="0.85" CC="20"/>
						<SP ID="P14_SP00171" HPOS="2105" VPOS="1899" WIDTH="38"/>
						<String ID="P14_ST00194" HPOS="2143" VPOS="1846" WIDTH="316" HEIGHT="42" CONTENT="connaissance" WC="1.00" CC="000073000043"/>
					</TextLine>
					<TextLine ID="P14_TL00023" HPOS="687" VPOS="1912" WIDTH="1773" HEIGHT="59">
						<String ID="P14_ST00195" HPOS="687" VPOS="1912" WIDTH="73" HEIGHT="41" CONTENT="des" WC="0.98" CC="005"/>
						<SP ID="P14_SP00172" HPOS="760" VPOS="1953" WIDTH="20"/>
						<String ID="P14_ST00196" HPOS="780" VPOS="1912" WIDTH="181" HEIGHT="56" CONTENT="langues" WC="0.99" CC="2900000"/>
						<SP ID="P14_SP00173" HPOS="961" VPOS="1968" WIDTH="21"/>
						<String ID="P14_ST00197" HPOS="982" VPOS="1915" WIDTH="245" HEIGHT="43" CONTENT="orientales." WC="0.99" CC="36400900004"/>
						<SP ID="P14_SP00174" HPOS="1227" VPOS="1968" WIDTH="24"/>
						<String ID="P14_ST00198" HPOS="1251" VPOS="1916" WIDTH="179" HEIGHT="55" CONTENT="D'après" WC="0.99" CC="3430620"/>
						<SP ID="P14_SP00175" HPOS="1430" VPOS="1971" WIDTH="19"/>
						<String ID="P14_ST00199" HPOS="1449" VPOS="1917" WIDTH="218" HEIGHT="43" CONTENT="Chaudon" WC="0.86" CC="4000003"/>
						<SP ID="P14_SP00176" HPOS="1667" VPOS="1971" WIDTH="22"/>
						<String ID="P14_ST00200" HPOS="1689" VPOS="1927" WIDTH="42" HEIGHT="32" CONTENT="et" WC="0.69" CC="06"/>
						<SP ID="P14_SP00177" HPOS="1731" VPOS="1971" WIDTH="19"/>
						<String ID="P14_ST00201" HPOS="1750" VPOS="1918" WIDTH="261" HEIGHT="53" CONTENT="Delandine," WC="0.74" CC="3050002807"/>
						<SP ID="P14_SP00178" HPOS="2011" VPOS="1971" WIDTH="26"/>
						<String ID="P14_ST00202" HPOS="2037" VPOS="1920" WIDTH="31" HEIGHT="40" CONTENT="il" WC="0.67" CC="06"/>
						<SP ID="P14_SP00179" HPOS="2068" VPOS="1971" WIDTH="21"/>
						<String ID="P14_ST00203" HPOS="2089" VPOS="1920" WIDTH="150" HEIGHT="42" CONTENT="donna" WC="0.98" CC="03900"/>
						<SP ID="P14_SP00180" HPOS="2239" VPOS="1971" WIDTH="16"/>
						<String ID="P14_ST00204" HPOS="2255" VPOS="1934" WIDTH="64" HEIGHT="28" CONTENT="ses" WC="1.00" CC="000"/>
						<SP ID="P14_SP00181" HPOS="2319" VPOS="1971" WIDTH="23"/>
						<String ID="P14_ST00205" HPOS="2342" VPOS="1921" WIDTH="118" HEIGHT="42" CONTENT="soins" WC="0.99" CC="03400"/>
					</TextLine>
					<TextLine ID="P14_TL00024" HPOS="686" VPOS="1985" WIDTH="1774" HEIGHT="65">
						<String ID="P14_ST00206" HPOS="686" VPOS="1989" WIDTH="24" HEIGHT="38" CONTENT="à" WC="0.26" CC="7"/>
						<SP ID="P14_SP00182" HPOS="710" VPOS="2027" WIDTH="22"/>
						<String ID="P14_ST00207" HPOS="732" VPOS="1985" WIDTH="199" HEIGHT="44" CONTENT="l'édition" WC="0.99" CC="646030260"/>
						<SP ID="P14_SP00183" HPOS="931" VPOS="2029" WIDTH="22"/>
						<String ID="P14_ST00208" HPOS="953" VPOS="1988" WIDTH="71" HEIGHT="41" CONTENT="des" WC="1.00" CC="000"/>
						<SP ID="P14_SP00184" HPOS="1024" VPOS="2029" WIDTH="21"/>
						<String ID="P14_ST00209" HPOS="1045" VPOS="1990" WIDTH="202" HEIGHT="54" CONTENT="Figures" WC="0.99" CC="9002600" STYLEREFS="TXT_3"/>
						<SP ID="P14_SP00185" HPOS="1247" VPOS="2044" WIDTH="23"/>
						<String ID="P14_ST00210" HPOS="1270" VPOS="1990" WIDTH="54" HEIGHT="41" CONTENT="de" WC="1.00" CC="00" STYLEREFS="TXT_3"/>
						<SP ID="P14_SP00186" HPOS="1324" VPOS="2044" WIDTH="24"/>
						<String ID="P14_ST00211" HPOS="1348" VPOS="1990" WIDTH="46" HEIGHT="40" CONTENT="la" WC="0.73" CC="05" STYLEREFS="TXT_3"/>
						<SP ID="P14_SP00187" HPOS="1394" VPOS="2044" WIDTH="22"/>
						<String ID="P14_ST00212" HPOS="1416" VPOS="1991" WIDTH="322" HEIGHT="55" CONTENT="Sainte-Bible," WC="1.00" CC="2400003500004" STYLEREFS="TXT_3"/>
						<SP ID="P14_SP00188" HPOS="1738" VPOS="2046" WIDTH="25"/>
						<String ID="P14_ST00213" HPOS="1763" VPOS="1993" WIDTH="355" HEIGHT="54" CONTENT="accompagnées" WC="0.99" CC="000647700000" STYLEREFS="TXT_3"/>
						<SP ID="P14_SP00189" HPOS="2118" VPOS="2047" WIDTH="20"/>
						<String ID="P14_ST00214" HPOS="2138" VPOS="1994" WIDTH="55" HEIGHT="41" CONTENT="de" WC="1.00" CC="00" STYLEREFS="TXT_3"/>
						<SP ID="P14_SP00190" HPOS="2193" VPOS="2047" WIDTH="21"/>
						<String ID="P14_ST00215" HPOS="2214" VPOS="1994" WIDTH="140" HEIGHT="56" CONTENT="briefs" WC="0.97" CC="000010" STYLEREFS="TXT_3"/>
						<SP ID="P14_SP00191" HPOS="2354" VPOS="2050" WIDTH="21"/>
						<String ID="P14_ST00216" HPOS="2375" VPOS="1995" WIDTH="64" HEIGHT="42" CONTENT="dis" SUBS_TYPE="HypPart1" SUBS_CONTENT="discour" WC="0.98" CC="000" STYLEREFS="TXT_3"/>
						<HYP HPOS="2439" VPOS="1995" WIDTH="21" CONTENT="-"/>
					</TextLine>
					<TextLine ID="P14_TL00025" HPOS="687" VPOS="2061" WIDTH="1137" HEIGHT="60">
						<String ID="P14_ST00217" HPOS="687" VPOS="2070" WIDTH="129" HEIGHT="30" CONTENT="cours" SUBS_TYPE="HypPart2" SUBS_CONTENT="discour" WC="0.97" CC="29700" STYLEREFS="TXT_3"/>
						<String ID="P14_ST00218" HPOS="816" VPOS="2074" WIDTH="17" HEIGHT="40" CONTENT="'," WC="0.55" CC="44"/>
						<SP ID="P14_SP00192" HPOS="833" VPOS="2114" WIDTH="21"/>
						<String ID="P14_ST00219" HPOS="854" VPOS="2061" WIDTH="59" HEIGHT="40" CONTENT="du" WC="1.00" CC="00"/>
						<SP ID="P14_SP00193" HPOS="913" VPOS="2114" WIDTH="20"/>
						<String ID="P14_ST00220" HPOS="933" VPOS="2061" WIDTH="174" HEIGHT="42" CONTENT="libraire" WC="0.99" CC="20003560"/>
						<SP ID="P14_SP00194" HPOS="1107" VPOS="2114" WIDTH="17"/>
						<String ID="P14_ST00221" HPOS="1124" VPOS="2063" WIDTH="106" HEIGHT="42" CONTENT="Jean" WC="0.98" CC="0370"/>
						<SP ID="P14_SP00195" HPOS="1230" VPOS="2114" WIDTH="26"/>
						<String ID="P14_ST00222" HPOS="1256" VPOS="2063" WIDTH="188" HEIGHT="51" CONTENT="Leclerc," WC="0.85" CC="00010504"/>
						<SP ID="P14_SP00196" HPOS="1444" VPOS="2114" WIDTH="25"/>
						<String ID="P14_ST00223" HPOS="1469" VPOS="2078" WIDTH="79" HEIGHT="29" CONTENT="son" WC="0.99" CC="300"/>
						<SP ID="P14_SP00197" HPOS="1548" VPOS="2114" WIDTH="25"/>
						<String ID="P14_ST00224" HPOS="1573" VPOS="2067" WIDTH="251" HEIGHT="54" CONTENT="beau-père." WC="1.00" CC="0000401604"/>
					</TextLine>
					<TextLine ID="P14_TL00026" HPOS="738" VPOS="2136" WIDTH="1714" HEIGHT="63">
						<String ID="P14_ST00225" HPOS="738" VPOS="2136" WIDTH="55" HEIGHT="41" CONTENT="Sa" WC="1.00" CC="00"/>
						<SP ID="P14_SP00198" HPOS="793" VPOS="2177" WIDTH="15"/>
						<String ID="P14_ST00226" HPOS="808" VPOS="2148" WIDTH="138" HEIGHT="28" CONTENT="veuve" WC="1.00" CC="00004"/>
						<SP ID="P14_SP00199" HPOS="946" VPOS="2177" WIDTH="23"/>
						<String ID="P14_ST00227" HPOS="969" VPOS="2136" WIDTH="64" HEIGHT="41" CONTENT="lui" WC="0.99" CC="011"/>
						<SP ID="P14_SP00200" HPOS="1033" VPOS="2177" WIDTH="25"/>
						<String ID="P14_ST00228" HPOS="1058" VPOS="2138" WIDTH="181" HEIGHT="40" CONTENT="succéda" WC="1.00" CC="0000100"/>
						<SP ID="P14_SP00201" HPOS="1239" VPOS="2178" WIDTH="22"/>
						<String ID="P14_ST00229" HPOS="1261" VPOS="2152" WIDTH="112" HEIGHT="40" CONTENT="pour" WC="0.99" CC="0005"/>
						<SP ID="P14_SP00202" HPOS="1373" VPOS="2192" WIDTH="21"/>
						<String ID="P14_ST00230" HPOS="1394" VPOS="2138" WIDTH="318" HEIGHT="56" CONTENT="l'imprimerie," WC="0.99" CC="6703003440207"/>
						<SP ID="P14_SP00203" HPOS="1712" VPOS="2194" WIDTH="23"/>
						<String ID="P14_ST00231" HPOS="1735" VPOS="2149" WIDTH="41" HEIGHT="34" CONTENT="et" WC="1.00" CC="00"/>
						<SP ID="P14_SP00204" HPOS="1776" VPOS="2194" WIDTH="21"/>
						<String ID="P14_ST00232" HPOS="1797" VPOS="2141" WIDTH="31" HEIGHT="40" CONTENT="il" WC="0.55" CC="35"/>
						<SP ID="P14_SP00205" HPOS="1828" VPOS="2194" WIDTH="14"/>
						<String ID="P14_ST00233" HPOS="1842" VPOS="2154" WIDTH="28" HEIGHT="41" CONTENT="y" WC="0.79" CC="2"/>
						<SP ID="P14_SP00206" HPOS="1870" VPOS="2195" WIDTH="22"/>
						<String ID="P14_ST00234" HPOS="1892" VPOS="2148" WIDTH="76" HEIGHT="34" CONTENT="eut" WC="1.00" CC="100"/>
						<SP ID="P14_SP00207" HPOS="1968" VPOS="2195" WIDTH="19"/>
						<String ID="P14_ST00235" HPOS="1987" VPOS="2144" WIDTH="123" HEIGHT="53" CONTENT="après" WC="0.99" CC="00620"/>
						<SP ID="P14_SP00208" HPOS="2110" VPOS="2197" WIDTH="21"/>
						<String ID="P14_ST00236" HPOS="2131" VPOS="2141" WIDTH="81" HEIGHT="43" CONTENT="elle" WC="0.99" CC="0040"/>
						<SP ID="P14_SP00209" HPOS="2212" VPOS="2197" WIDTH="20"/>
						<String ID="P14_ST00237" HPOS="2232" VPOS="2143" WIDTH="220" HEIGHT="56" CONTENT="plusieurs" WC="1.00" CC="060000000"/>
					</TextLine>
					<TextLine ID="P14_TL00027" HPOS="682" VPOS="2209" WIDTH="1768" HEIGHT="59">
						<String ID="P14_ST00238" HPOS="682" VPOS="2209" WIDTH="271" HEIGHT="42" CONTENT="demoiselles" WC="1.00" CC="40020040000"/>
						<SP ID="P14_SP00210" HPOS="953" VPOS="2251" WIDTH="24"/>
						<String ID="P14_ST00239" HPOS="977" VPOS="2210" WIDTH="60" HEIGHT="41" CONTENT="Le" WC="1.00" CC="00"/>
						<SP ID="P14_SP00211" HPOS="1037" VPOS="2251" WIDTH="24"/>
						<String ID="P14_ST00240" HPOS="1061" VPOS="2210" WIDTH="61" HEIGHT="41" CONTENT="Bé" WC="0.84" CC="02"/>
						<SP ID="P14_SP00212" HPOS="1122" VPOS="2251" WIDTH="21"/>
						<String ID="P14_ST00241" HPOS="1143" VPOS="2211" WIDTH="248" HEIGHT="56" CONTENT="s'occupant" WC="0.91" CC="5300000000" STYLEREFS="TXT_6"/>
						<SP ID="P14_SP00213" HPOS="1391" VPOS="2267" WIDTH="21"/>
						<String ID="P14_ST00242" HPOS="1412" VPOS="2213" WIDTH="51" HEIGHT="41" CONTENT="de" WC="1.00" CC="00"/>
						<SP ID="P14_SP00214" HPOS="1463" VPOS="2267" WIDTH="21"/>
						<String ID="P14_ST00243" HPOS="1484" VPOS="2227" WIDTH="187" HEIGHT="41" CONTENT="gravure" WC="0.99" CC="0500330"/>
						<SP ID="P14_SP00215" HPOS="1671" VPOS="2268" WIDTH="21"/>
						<String ID="P14_ST00244" HPOS="1692" VPOS="2223" WIDTH="41" HEIGHT="33" CONTENT="et" WC="0.61" CC="24"/>
						<SP ID="P14_SP00216" HPOS="1733" VPOS="2268" WIDTH="21"/>
						<String ID="P14_ST00245" HPOS="1754" VPOS="2215" WIDTH="61" HEIGHT="41" CONTENT="du" WC="1.00" CC="00"/>
						<SP ID="P14_SP00217" HPOS="1815" VPOS="2268" WIDTH="23"/>
						<String ID="P14_ST00246" HPOS="1838" VPOS="2228" WIDTH="244" HEIGHT="29" CONTENT="commerce" WC="1.00" CC="01000000"/>
						<SP ID="P14_SP00218" HPOS="2082" VPOS="2268" WIDTH="21"/>
						<String ID="P14_ST00247" HPOS="2103" VPOS="2216" WIDTH="53" HEIGHT="42" CONTENT="de" WC="1.00" CC="00"/>
						<SP ID="P14_SP00219" HPOS="2156" VPOS="2268" WIDTH="22"/>
						<String ID="P14_ST00248" HPOS="2178" VPOS="2218" WIDTH="42" HEIGHT="41" CONTENT="la" WC="1.00" CC="00"/>
						<SP ID="P14_SP00220" HPOS="2220" VPOS="2268" WIDTH="21"/>
						<String ID="P14_ST00249" HPOS="2241" VPOS="2218" WIDTH="209" HEIGHT="45" CONTENT="librairie." WC="1.00" CC="0000040404"/>
					</TextLine>
					<TextLine ID="P14_TL00028" HPOS="739" VPOS="2282" WIDTH="1719" HEIGHT="66">
						<String ID="P14_ST00250" HPOS="739" VPOS="2282" WIDTH="125" HEIGHT="43" CONTENT="Nous" WC="0.98" CC="5050"/>
						<SP ID="P14_SP00221" HPOS="864" VPOS="2325" WIDTH="22"/>
						<String ID="P14_ST00251" HPOS="886" VPOS="2284" WIDTH="221" HEIGHT="56" CONTENT="parlerons" WC="1.00" CC="020202400"/>
						<SP ID="P14_SP00222" HPOS="1107" VPOS="2340" WIDTH="22"/>
						<String ID="P14_ST00252" HPOS="1129" VPOS="2286" WIDTH="99" HEIGHT="55" CONTENT="plus" WC="1.00" CC="0000"/>
						<SP ID="P14_SP00223" HPOS="1228" VPOS="2341" WIDTH="29"/>
						<String ID="P14_ST00253" HPOS="1257" VPOS="2287" WIDTH="93" HEIGHT="41" CONTENT="loin" WC="0.99" CC="0030"/>
						<SP ID="P14_SP00224" HPOS="1350" VPOS="2341" WIDTH="25"/>
						<String ID="P14_ST00254" HPOS="1375" VPOS="2288" WIDTH="73" HEIGHT="40" CONTENT="des" WC="1.00" CC="000"/>
						<SP ID="P14_SP00225" HPOS="1448" VPOS="2341" WIDTH="35"/>
						<String ID="P14_ST00255" HPOS="1483" VPOS="2288" WIDTH="202" HEIGHT="56" CONTENT="Ballard;" WC="0.74" CC="40400506"/>
						<SP ID="P14_SP00226" HPOS="1685" VPOS="2344" WIDTH="27"/>
						<String ID="P14_ST00256" HPOS="1712" VPOS="2298" WIDTH="271" HEIGHT="45" CONTENT="constatons," WC="1.00" CC="00005002007"/>
						<SP ID="P14_SP00227" HPOS="1983" VPOS="2344" WIDTH="28"/>
						<String ID="P14_ST00257" HPOS="2011" VPOS="2304" WIDTH="54" HEIGHT="28" CONTENT="en" WC="0.50" CC="09"/>
						<SP ID="P14_SP00228" HPOS="2065" VPOS="2344" WIDTH="28"/>
						<String ID="P14_ST00258" HPOS="2093" VPOS="2293" WIDTH="247" HEIGHT="47" CONTENT="attendant," WC="1.00" CC="0000000804"/>
						<SP ID="P14_SP00229" HPOS="2340" VPOS="2344" WIDTH="33"/>
						<String ID="P14_ST00259" HPOS="2373" VPOS="2307" WIDTH="85" HEIGHT="41" CONTENT="que" WC="0.99" CC="003"/>
					</TextLine>
					<TextLine ID="P14_TL00029" HPOS="681" VPOS="2358" WIDTH="1774" HEIGHT="65">
						<String ID="P14_ST00260" HPOS="681" VPOS="2358" WIDTH="259" HEIGHT="41" CONTENT="Guillaume" WC="1.00" CC="003200000"/>
						<SP ID="P14_SP00230" HPOS="940" VPOS="2399" WIDTH="24"/>
						<String ID="P14_ST00261" HPOS="964" VPOS="2358" WIDTH="59" HEIGHT="41" CONTENT="Le" WC="1.00" CC="00"/>
						<SP ID="P14_SP00231" HPOS="1023" VPOS="2399" WIDTH="23"/>
						<String ID="P14_ST00262" HPOS="1046" VPOS="2359" WIDTH="61" HEIGHT="40" CONTENT="Bé" WC="0.81" CC="03"/>
						<SP ID="P14_SP00232" HPOS="1107" VPOS="2399" WIDTH="26"/>
						<String ID="P14_ST00263" HPOS="1133" VPOS="2360" WIDTH="14" HEIGHT="41" CONTENT="I" WC="0.28" CC="7"/>
						<SP ID="P14_SP00233" HPOS="1147" VPOS="2401" WIDTH="36"/>
						<String ID="P14_ST00264" HPOS="1183" VPOS="2359" WIDTH="96" HEIGHT="42" CONTENT="leur" WC="0.99" CC="4000"/>
						<SP ID="P14_SP00234" HPOS="1279" VPOS="2401" WIDTH="28"/>
						<String ID="P14_ST00265" HPOS="1307" VPOS="2361" WIDTH="170" HEIGHT="42" CONTENT="fournit" WC="0.99" CC="0000066"/>
						<SP ID="P14_SP00235" HPOS="1477" VPOS="2403" WIDTH="20"/>
						<String ID="P14_ST00266" HPOS="1497" VPOS="2362" WIDTH="116" HEIGHT="42" CONTENT="leurs" WC="1.00" CC="20000"/>
						<SP ID="P14_SP00236" HPOS="1613" VPOS="2404" WIDTH="29"/>
						<String ID="P14_ST00267" HPOS="1642" VPOS="2364" WIDTH="207" HEIGHT="55" CONTENT="premiers" WC="1.00" CC="03500100"/>
						<SP ID="P14_SP00237" HPOS="1849" VPOS="2419" WIDTH="29"/>
						<String ID="P14_ST00268" HPOS="1878" VPOS="2366" WIDTH="236" HEIGHT="41" CONTENT="caractères" WC="0.99" CC="0060043600"/>
						<SP ID="P14_SP00238" HPOS="2114" VPOS="2419" WIDTH="36"/>
						<String ID="P14_ST00269" HPOS="2150" VPOS="2367" WIDTH="53" HEIGHT="41" CONTENT="de" WC="0.83" CC="03"/>
						<SP ID="P14_SP00239" HPOS="2203" VPOS="2419" WIDTH="29"/>
						<String ID="P14_ST00270" HPOS="2232" VPOS="2367" WIDTH="223" HEIGHT="56" CONTENT="musique." WC="1.00" CC="04000004"/>
					</TextLine>
					<TextLine ID="P14_TL00030" HPOS="738" VPOS="2430" WIDTH="1718" HEIGHT="66">
						<String ID="P14_ST00271" HPOS="738" VPOS="2430" WIDTH="177" HEIGHT="44" CONTENT="ROBERT" WC="0.99" CC="305000" STYLEREFS="TXT_5"/>
						<SP ID="P14_SP00240" HPOS="915" VPOS="2474" WIDTH="21"/>
						<String ID="P14_ST00272" HPOS="936" VPOS="2432" WIDTH="216" HEIGHT="55" CONTENT="GRANJON," WC="0.77" CC="00832004" STYLEREFS="TXT_5"/>
						<SP ID="P14_SP00241" HPOS="1152" VPOS="2487" WIDTH="34"/>
						<String ID="P14_ST00273" HPOS="1186" VPOS="2448" WIDTH="188" HEIGHT="41" CONTENT="graveur" WC="0.99" CC="0060054"/>
						<SP ID="P14_SP00242" HPOS="1374" VPOS="2489" WIDTH="21"/>
						<String ID="P14_ST00274" HPOS="1395" VPOS="2446" WIDTH="41" HEIGHT="31" CONTENT="et" WC="0.70" CC="05"/>
						<SP ID="P14_SP00243" HPOS="1436" VPOS="2489" WIDTH="31"/>
						<String ID="P14_ST00275" HPOS="1467" VPOS="2436" WIDTH="186" HEIGHT="43" CONTENT="fondeur" WC="1.00" CC="0200004"/>
						<SP ID="P14_SP00244" HPOS="1653" VPOS="2489" WIDTH="28"/>
						<String ID="P14_ST00276" HPOS="1681" VPOS="2439" WIDTH="52" HEIGHT="40" CONTENT="de" WC="1.00" CC="00"/>
						<SP ID="P14_SP00245" HPOS="1733" VPOS="2489" WIDTH="29"/>
						<String ID="P14_ST00277" HPOS="1762" VPOS="2443" WIDTH="249" HEIGHT="48" CONTENT="caractères," WC="1.00" CC="00003234004"/>
						<SP ID="P14_SP00246" HPOS="2011" VPOS="2491" WIDTH="35"/>
						<String ID="P14_ST00278" HPOS="2046" VPOS="2441" WIDTH="106" HEIGHT="42" CONTENT="était" WC="0.99" CC="50002"/>
						<SP ID="P14_SP00247" HPOS="2152" VPOS="2491" WIDTH="21"/>
						<String ID="P14_ST00279" HPOS="2173" VPOS="2442" WIDTH="56" HEIGHT="41" CONTENT="né" WC="1.00" CC="00"/>
						<SP ID="P14_SP00248" HPOS="2229" VPOS="2491" WIDTH="24"/>
						<String ID="P14_ST00280" HPOS="2253" VPOS="2448" WIDTH="23" HEIGHT="36" CONTENT="à" WC="0.95" CC="0"/>
						<SP ID="P14_SP00249" HPOS="2276" VPOS="2491" WIDTH="38"/>
						<String ID="P14_ST00281" HPOS="2314" VPOS="2443" WIDTH="142" HEIGHT="53" CONTENT="Paris," WC="0.99" CC="002404"/>
					</TextLine>
					<TextLine ID="P14_TL00031" HPOS="677" VPOS="2507" WIDTH="1776" HEIGHT="66">
						<String ID="P14_ST00282" HPOS="677" VPOS="2516" WIDTH="58" HEIGHT="32" CONTENT="où" WC="0.45" CC="37"/>
						<SP ID="P14_SP00250" HPOS="735" VPOS="2548" WIDTH="29"/>
						<String ID="P14_ST00283" HPOS="764" VPOS="2521" WIDTH="78" HEIGHT="27" CONTENT="son" WC="0.99" CC="010"/>
						<SP ID="P14_SP00251" HPOS="842" VPOS="2548" WIDTH="32"/>
						<String ID="P14_ST00284" HPOS="874" VPOS="2507" WIDTH="108" HEIGHT="41" CONTENT="frère" WC="0.98" CC="26520"/>
						<SP ID="P14_SP00252" HPOS="982" VPOS="2548" WIDTH="18"/>
						<String ID="P14_ST00285" HPOS="1000" VPOS="2509" WIDTH="113" HEIGHT="52" CONTENT="aîné," WC="0.99" CC="00603"/>
						<SP ID="P14_SP00253" HPOS="1113" VPOS="2561" WIDTH="27"/>
						<String ID="P14_ST00286" HPOS="1140" VPOS="2509" WIDTH="107" HEIGHT="41" CONTENT="Jean" WC="1.00" CC="0000"/>
						<SP ID="P14_SP00254" HPOS="1247" VPOS="2561" WIDTH="37"/>
						<String ID="P14_ST00287" HPOS="1284" VPOS="2510" WIDTH="217" HEIGHT="56" CONTENT="Granjon," WC="0.87" CC="00005004"/>
						<SP ID="P14_SP00255" HPOS="1501" VPOS="2566" WIDTH="39"/>
						<String ID="P14_ST00288" HPOS="1540" VPOS="2513" WIDTH="188" HEIGHT="53" CONTENT="exerçait" WC="1.00" CC="06000010"/>
						<SP ID="P14_SP00256" HPOS="1728" VPOS="2566" WIDTH="26"/>
						<String ID="P14_ST00289" HPOS="1754" VPOS="2514" WIDTH="94" HEIGHT="55" CONTENT="déjà" WC="0.98" CC="0304"/>
						<SP ID="P14_SP00257" HPOS="1848" VPOS="2569" WIDTH="22"/>
						<String ID="P14_ST00290" HPOS="1870" VPOS="2515" WIDTH="42" HEIGHT="41" CONTENT="la" WC="0.61" CC="16"/>
						<SP ID="P14_SP00258" HPOS="1912" VPOS="2569" WIDTH="24"/>
						<String ID="P14_ST00291" HPOS="1936" VPOS="2515" WIDTH="193" HEIGHT="42" CONTENT="librairie" WC="0.99" CC="200004540"/>
						<SP ID="P14_SP00259" HPOS="2129" VPOS="2569" WIDTH="25"/>
						<String ID="P14_ST00292" HPOS="2154" VPOS="2531" WIDTH="54" HEIGHT="28" CONTENT="en" WC="0.41" CC="38"/>
						<SP ID="P14_SP00260" HPOS="2208" VPOS="2569" WIDTH="28"/>
						<String ID="P14_ST00293" HPOS="2236" VPOS="2519" WIDTH="27" HEIGHT="40" CONTENT="i" WC="0.65" CC="0"/>
						<SP ID="P14_SP00261" HPOS="2263" VPOS="2569" WIDTH="0"/>
						<String ID="P14_ST00294" HPOS="2263" VPOS="2519" WIDTH="84" HEIGHT="40" CONTENT="506" WC="0.65" CC="260"/>
						<SP ID="P14_SP00262" HPOS="2347" VPOS="2569" WIDTH="27"/>
						<String ID="P14_ST00295" HPOS="2374" VPOS="2519" WIDTH="79" HEIGHT="54" CONTENT="(3)." WC="0.64" CC="0453"/>
					</TextLine>
					<TextLine ID="P14_TL00032" HPOS="682" VPOS="2582" WIDTH="1160" HEIGHT="60">
						<String ID="P14_ST00296" HPOS="682" VPOS="2582" WIDTH="167" HEIGHT="41" CONTENT="Robert" WC="0.98" CC="050850"/>
						<SP ID="P14_SP00263" HPOS="849" VPOS="2623" WIDTH="19"/>
						<String ID="P14_ST00297" HPOS="868" VPOS="2583" WIDTH="143" HEIGHT="54" CONTENT="quitta" WC="0.99" CC="002048"/>
						<SP ID="P14_SP00264" HPOS="1011" VPOS="2637" WIDTH="20"/>
						<String ID="P14_ST00298" HPOS="1031" VPOS="2583" WIDTH="124" HEIGHT="40" CONTENT="Paris" WC="0.99" CC="00440"/>
						<SP ID="P14_SP00265" HPOS="1155" VPOS="2637" WIDTH="21"/>
						<String ID="P14_ST00299" HPOS="1176" VPOS="2597" WIDTH="113" HEIGHT="42" CONTENT="pour" WC="0.99" CC="0004"/>
						<SP ID="P14_SP00266" HPOS="1289" VPOS="2639" WIDTH="19"/>
						<String ID="P14_ST00300" HPOS="1308" VPOS="2585" WIDTH="105" HEIGHT="42" CONTENT="aller" WC="0.98" CC="05420"/>
						<SP ID="P14_SP00267" HPOS="1413" VPOS="2639" WIDTH="22"/>
						<String ID="P14_ST00301" HPOS="1435" VPOS="2587" WIDTH="192" HEIGHT="42" CONTENT="s'établir" WC="0.99" CC="414000038"/>
						<SP ID="P14_SP00268" HPOS="1627" VPOS="2639" WIDTH="21"/>
						<String ID="P14_ST00302" HPOS="1648" VPOS="2590" WIDTH="24" HEIGHT="38" CONTENT="à" WC="0.41" CC="5"/>
						<SP ID="P14_SP00269" HPOS="1672" VPOS="2639" WIDTH="24"/>
						<String ID="P14_ST00303" HPOS="1696" VPOS="2588" WIDTH="146" HEIGHT="54" CONTENT="Lyon." WC="0.98" CC="05304"/>
					</TextLine>
					<TextLine ID="P14_TL00033" HPOS="734" VPOS="2656" WIDTH="1719" HEIGHT="69">
						<String ID="P14_ST00304" HPOS="734" VPOS="2656" WIDTH="82" HEIGHT="41" CONTENT="Les" WC="0.99" CC="010"/>
						<SP ID="P14_SP00270" HPOS="816" VPOS="2697" WIDTH="46"/>
						<String ID="P14_ST00305" HPOS="862" VPOS="2657" WIDTH="159" HEIGHT="41" CONTENT="années" WC="1.00" CC="000000"/>
						<SP ID="P14_SP00271" HPOS="1021" VPOS="2698" WIDTH="45"/>
						<String ID="P14_ST00306" HPOS="1066" VPOS="2658" WIDTH="162" HEIGHT="42" CONTENT="actives" WC="1.00" CC="0013000"/>
						<SP ID="P14_SP00272" HPOS="1228" VPOS="2700" WIDTH="46"/>
						<String ID="P14_ST00307" HPOS="1274" VPOS="2659" WIDTH="52" HEIGHT="41" CONTENT="de" WC="1.00" CC="00"/>
						<SP ID="P14_SP00273" HPOS="1326" VPOS="2700" WIDTH="58"/>
						<String ID="P14_ST00308" HPOS="1384" VPOS="2660" WIDTH="165" HEIGHT="42" CONTENT="Robert" WC="0.99" CC="003053"/>
						<SP ID="P14_SP00274" HPOS="1549" VPOS="2702" WIDTH="45"/>
						<String ID="P14_ST00309" HPOS="1594" VPOS="2662" WIDTH="199" HEIGHT="55" CONTENT="Granjon" WC="0.93" CC="0000400"/>
						<SP ID="P14_SP00275" HPOS="1793" VPOS="2717" WIDTH="40"/>
						<String ID="P14_ST00310" HPOS="1833" VPOS="2662" WIDTH="149" HEIGHT="44" CONTENT="furent" WC="0.99" CC="040404"/>
						<SP ID="P14_SP00276" HPOS="1982" VPOS="2717" WIDTH="50"/>
						<String ID="P14_ST00311" HPOS="2032" VPOS="2665" WIDTH="52" HEIGHT="42" CONTENT="de" WC="0.82" CC="03"/>
						<SP ID="P14_SP00277" HPOS="2084" VPOS="2717" WIDTH="43"/>
						<String ID="P14_ST00312" HPOS="2127" VPOS="2667" WIDTH="81" HEIGHT="41" CONTENT="152" WC="0.44" CC="466" STYLEREFS="TXT_5"/>
						<SP ID="P14_SP00278" HPOS="2208" VPOS="2717" WIDTH="10"/>
						<String ID="P14_ST00313" HPOS="2218" VPOS="2667" WIDTH="20" HEIGHT="40" CONTENT="3" WC="0.27" CC="7"/>
						<SP ID="P14_SP00279" HPOS="2238" VPOS="2717" WIDTH="40"/>
						<String ID="P14_ST00314" HPOS="2278" VPOS="2670" WIDTH="24" HEIGHT="38" CONTENT="à" WC="0.67" CC="3"/>
						<SP ID="P14_SP00280" HPOS="2302" VPOS="2717" WIDTH="42"/>
						<String ID="P14_ST00315" HPOS="2344" VPOS="2668" WIDTH="109" HEIGHT="57" CONTENT="1573" WC="0.40" CC="6664"/>
					</TextLine>
					<TextLine ID="P14_TL00034" HPOS="674" VPOS="2730" WIDTH="1781" HEIGHT="54">
						<String ID="P14_ST00316" HPOS="674" VPOS="2741" WIDTH="58" HEIGHT="32" CONTENT="Ou" WC="0.42" CC="73"/>
						<SP ID="P14_SP00281" HPOS="732" VPOS="2773" WIDTH="35"/>
						<String ID="P14_ST00317" HPOS="767" VPOS="2730" WIDTH="140" HEIGHT="42" CONTENT="même" WC="0.98" CC="0700"/>
						<SP ID="P14_SP00282" HPOS="907" VPOS="2773" WIDTH="34"/>
						<String ID="P14_ST00318" HPOS="941" VPOS="2732" WIDTH="132" HEIGHT="42" CONTENT="1582." WC="0.60" CC="50454" STYLEREFS="TXT_5"/>
						<SP ID="P14_SP00283" HPOS="1073" VPOS="2774" WIDTH="46"/>
						<String ID="P14_ST00319" HPOS="1119" VPOS="2731" WIDTH="80" HEIGHT="43" CONTENT="Cet" WC="1.00" CC="000"/>
						<SP ID="P14_SP00284" HPOS="1199" VPOS="2774" WIDTH="44"/>
						<String ID="P14_ST00320" HPOS="1243" VPOS="2733" WIDTH="180" HEIGHT="42" CONTENT="homme" WC="1.00" CC="00000"/>
						<SP ID="P14_SP00285" HPOS="1423" VPOS="2775" WIDTH="47"/>
						<String ID="P14_ST00321" HPOS="1470" VPOS="2736" WIDTH="51" HEIGHT="40" CONTENT="de" WC="0.74" CC="05"/>
						<SP ID="P14_SP00286" HPOS="1521" VPOS="2776" WIDTH="32"/>
						<String ID="P14_ST00322" HPOS="1553" VPOS="2736" WIDTH="137" HEIGHT="43" CONTENT="talent" WC="0.99" CC="306202"/>
						<SP ID="P14_SP00287" HPOS="1690" VPOS="2779" WIDTH="36"/>
						<String ID="P14_ST00323" HPOS="1726" VPOS="2737" WIDTH="258" HEIGHT="43" CONTENT="introduisit" WC="0.99" CC="27444006031"/>
						<SP ID="P14_SP00288" HPOS="1984" VPOS="2780" WIDTH="45"/>
						<String ID="P14_ST00324" HPOS="2029" VPOS="2754" WIDTH="89" HEIGHT="27" CONTENT="une" WC="1.00" CC="000"/>
						<SP ID="P14_SP00289" HPOS="2118" VPOS="2781" WIDTH="34"/>
						<String ID="P14_ST00325" HPOS="2152" VPOS="2741" WIDTH="303" HEIGHT="43" CONTENT="modification" WC="1.00" CC="000016000260"/>
					</TextLine>
					<TextLine ID="P14_TL00035" HPOS="673" VPOS="2804" WIDTH="1780" HEIGHT="66">
						<String ID="P14_ST00326" HPOS="673" VPOS="2804" WIDTH="353" HEIGHT="57" CONTENT="caractéristique" WC="1.00" CC="903200000005070"/>
						<SP ID="P14_SP00290" HPOS="1026" VPOS="2861" WIDTH="28"/>
						<String ID="P14_ST00327" HPOS="1054" VPOS="2806" WIDTH="108" HEIGHT="42" CONTENT="dans" WC="1.00" CC="0000"/>
						<SP ID="P14_SP00291" HPOS="1162" VPOS="2861" WIDTH="24"/>
						<String ID="P14_ST00328" HPOS="1186" VPOS="2807" WIDTH="41" HEIGHT="41" CONTENT="la" WC="1.00" CC="00"/>
						<SP ID="P14_SP00292" HPOS="1227" VPOS="2861" WIDTH="34"/>
						<String ID="P14_ST00329" HPOS="1261" VPOS="2808" WIDTH="136" HEIGHT="41" CONTENT="forme" WC="0.99" CC="20300"/>
						<SP ID="P14_SP00293" HPOS="1397" VPOS="2861" WIDTH="28"/>
						<String ID="P14_ST00330" HPOS="1425" VPOS="2809" WIDTH="72" HEIGHT="42" CONTENT="des" WC="1.00" CC="000"/>
						<SP ID="P14_SP00294" HPOS="1497" VPOS="2861" WIDTH="32"/>
						<String ID="P14_ST00331" HPOS="1529" VPOS="2818" WIDTH="127" HEIGHT="34" CONTENT="notes" WC="0.99" CC="04060"/>
						<SP ID="P14_SP00295" HPOS="1656" VPOS="2861" WIDTH="34"/>
						<String ID="P14_ST00332" HPOS="1690" VPOS="2825" WIDTH="53" HEIGHT="28" CONTENT="en" WC="0.67" CC="06"/>
						<SP ID="P14_SP00296" HPOS="1743" VPOS="2861" WIDTH="23"/>
						<String ID="P14_ST00333" HPOS="1766" VPOS="2812" WIDTH="60" HEIGHT="41" CONTENT="les" WC="1.00" CC="000"/>
						<SP ID="P14_SP00297" HPOS="1826" VPOS="2861" WIDTH="28"/>
						<String ID="P14_ST00334" HPOS="1854" VPOS="2814" WIDTH="322" HEIGHT="56" CONTENT="arrondissant," WC="1.00" CC="0044001000004"/>
						<SP ID="P14_SP00298" HPOS="2176" VPOS="2870" WIDTH="28"/>
						<String ID="P14_ST00335" HPOS="2204" VPOS="2816" WIDTH="52" HEIGHT="41" CONTENT="de" WC="1.00" CC="00"/>
						<SP ID="P14_SP00299" HPOS="2256" VPOS="2870" WIDTH="35"/>
						<String ID="P14_ST00336" HPOS="2291" VPOS="2818" WIDTH="162" HEIGHT="40" CONTENT="carrées" WC="0.99" CC="0000505"/>
					</TextLine>
					<TextLine ID="P14_TL00036" HPOS="675" VPOS="2877" WIDTH="621" HEIGHT="59">
						<String ID="P14_ST00337" HPOS="675" VPOS="2877" WIDTH="178" HEIGHT="56" CONTENT="qu'elles" WC="0.99" CC="02300500"/>
						<SP ID="P14_SP00300" HPOS="853" VPOS="2933" WIDTH="22"/>
						<String ID="P14_ST00338" HPOS="875" VPOS="2878" WIDTH="166" HEIGHT="43" CONTENT="étaient" WC="0.99" CC="6000800"/>
						<SP ID="P14_SP00301" HPOS="1041" VPOS="2933" WIDTH="21"/>
						<String ID="P14_ST00339" HPOS="1062" VPOS="2879" WIDTH="234" HEIGHT="57" CONTENT="jusque-là." WC="0.99" CC="6300624044"/>
					</TextLine>
					<TextLine ID="P14_TL00037" HPOS="731" VPOS="2950" WIDTH="1722" HEIGHT="72">
						<String ID="P14_ST00340" HPOS="731" VPOS="2950" WIDTH="124" HEIGHT="43" CONTENT="Cette" WC="0.98" CC="19034"/>
						<SP ID="P14_SP00302" HPOS="855" VPOS="2993" WIDTH="17"/>
						<String ID="P14_ST00341" HPOS="872" VPOS="2952" WIDTH="265" HEIGHT="44" CONTENT="innovation" WC="1.00" CC="0400700140"/>
						<SP ID="P14_SP00303" HPOS="1137" VPOS="2996" WIDTH="22"/>
						<String ID="P14_ST00342" HPOS="1159" VPOS="2969" WIDTH="43" HEIGHT="27" CONTENT="se" WC="0.46" CC="37"/>
						<SP ID="P14_SP00304" HPOS="1202" VPOS="2996" WIDTH="21"/>
						<String ID="P14_ST00343" HPOS="1223" VPOS="2964" WIDTH="155" HEIGHT="35" CONTENT="trouve" WC="0.98" CC="163004"/>
						<SP ID="P14_SP00305" HPOS="1378" VPOS="2999" WIDTH="27"/>
						<String ID="P14_ST00344" HPOS="1405" VPOS="2957" WIDTH="109" HEIGHT="42" CONTENT="dans" WC="1.00" CC="0000"/>
						<SP ID="P14_SP00306" HPOS="1514" VPOS="2999" WIDTH="22"/>
						<String ID="P14_ST00345" HPOS="1536" VPOS="2959" WIDTH="225" HEIGHT="56" CONTENT="l'ouvrage" WC="1.00" CC="430000000"/>
						<SP ID="P14_SP00307" HPOS="1761" VPOS="3015" WIDTH="24"/>
						<String ID="P14_ST00346" HPOS="1785" VPOS="2962" WIDTH="178" HEIGHT="42" CONTENT="suivant" WC="0.99" CC="0530002"/>
						<SP ID="P14_SP00308" HPOS="1963" VPOS="3015" WIDTH="23"/>
						<String ID="P14_ST00347" HPOS="1986" VPOS="2978" WIDTH="8" HEIGHT="27" CONTENT=":" WC="0.46" CC="5"/>
						<SP ID="P14_SP00309" HPOS="1994" VPOS="3015" WIDTH="41"/>
						<String ID="P14_ST00348" HPOS="2035" VPOS="2964" WIDTH="210" HEIGHT="42" CONTENT="Premier" WC="0.99" CC="6305006" STYLEREFS="TXT_3"/>
						<SP ID="P14_SP00310" HPOS="2245" VPOS="3015" WIDTH="28"/>
						<String ID="P14_ST00349" HPOS="2273" VPOS="2966" WIDTH="180" HEIGHT="56" CONTENT="trophée" WC="0.99" CC="0006005" STYLEREFS="TXT_3"/>
					</TextLine>
					<TextLine ID="P14_TL00038" HPOS="677" VPOS="3026" WIDTH="1777" HEIGHT="62">
						<String ID="P14_ST00350" HPOS="677" VPOS="3026" WIDTH="54" HEIGHT="41" CONTENT="de" WC="1.00" CC="00" STYLEREFS="TXT_3"/>
						<SP ID="P14_SP00311" HPOS="731" VPOS="3067" WIDTH="32"/>
						<String ID="P14_ST00351" HPOS="763" VPOS="3028" WIDTH="217" HEIGHT="55" CONTENT="musique," WC="0.99" CC="60800704" STYLEREFS="TXT_3"/>
						<SP ID="P14_SP00312" HPOS="980" VPOS="3083" WIDTH="36"/>
						<String ID="P14_ST00352" HPOS="1016" VPOS="3031" WIDTH="207" HEIGHT="53" CONTENT="composé" WC="1.00" CC="0007000" STYLEREFS="TXT_3"/>
						<SP ID="P14_SP00313" HPOS="1223" VPOS="3084" WIDTH="31"/>
						<String ID="P14_ST00353" HPOS="1254" VPOS="3031" WIDTH="77" HEIGHT="42" CONTENT="des" WC="0.97" CC="062" STYLEREFS="TXT_3"/>
						<SP ID="P14_SP00314" HPOS="1331" VPOS="3084" WIDTH="21"/>
						<String ID="P14_ST00354" HPOS="1352" VPOS="3036" WIDTH="111" HEIGHT="52" CONTENT="plus" WC="1.00" CC="0000" STYLEREFS="TXT_3"/>
						<SP ID="P14_SP00315" HPOS="1463" VPOS="3088" WIDTH="27"/>
						<String ID="P14_ST00355" HPOS="1490" VPOS="3034" WIDTH="338" HEIGHT="44" CONTENT="harmonieuses" WC="1.00" CC="020000000000" STYLEREFS="TXT_3"/>
						<SP ID="P14_SP00316" HPOS="1828" VPOS="3088" WIDTH="34"/>
						<String ID="P14_ST00356" HPOS="1862" VPOS="3044" WIDTH="43" HEIGHT="34" CONTENT="et" WC="1.00" CC="00" STYLEREFS="TXT_3"/>
						<SP ID="P14_SP00317" HPOS="1905" VPOS="3088" WIDTH="35"/>
						<String ID="P14_ST00357" HPOS="1940" VPOS="3039" WIDTH="269" HEIGHT="42" CONTENT="excellentes" WC="1.00" CC="60010000000" STYLEREFS="TXT_3"/>
						<SP ID="P14_SP00318" HPOS="2209" VPOS="3088" WIDTH="28"/>
						<String ID="P14_ST00358" HPOS="2237" VPOS="3039" WIDTH="217" HEIGHT="44" CONTENT="chansons" WC="1.00" CC="00000000" STYLEREFS="TXT_3"/>
					</TextLine>
					<TextLine ID="P14_TL00039" HPOS="673" VPOS="3101" WIDTH="1780" HEIGHT="65">
						<String ID="P14_ST00359" HPOS="673" VPOS="3101" WIDTH="187" HEIGHT="42" CONTENT="choisies" WC="0.99" CC="40000045" STYLEREFS="TXT_3"/>
						<SP ID="P14_SP00319" HPOS="860" VPOS="3143" WIDTH="34"/>
						<String ID="P14_ST00360" HPOS="894" VPOS="3109" WIDTH="124" HEIGHT="34" CONTENT="entre" WC="0.98" CC="00174" STYLEREFS="TXT_3"/>
						<SP ID="P14_SP00320" HPOS="1018" VPOS="3143" WIDTH="33"/>
						<String ID="P14_ST00361" HPOS="1051" VPOS="3103" WIDTH="46" HEIGHT="41" CONTENT="la" WC="1.00" CC="00" STYLEREFS="TXT_3"/>
						<SP ID="P14_SP00321" HPOS="1097" VPOS="3144" WIDTH="23"/>
						<String ID="P14_ST00362" HPOS="1120" VPOS="3104" WIDTH="134" HEIGHT="54" CONTENT="fleur" WC="0.99" CC="90000" STYLEREFS="TXT_3"/>
						<SP ID="P14_SP00322" HPOS="1254" VPOS="3158" WIDTH="20"/>
						<String ID="P14_ST00363" HPOS="1274" VPOS="3114" WIDTH="43" HEIGHT="33" CONTENT="et" WC="1.00" CC="00" STYLEREFS="TXT_3"/>
						<SP ID="P14_SP00323" HPOS="1317" VPOS="3158" WIDTH="44"/>
						<String ID="P14_ST00364" HPOS="1361" VPOS="3109" WIDTH="291" HEIGHT="53" CONTENT="composition" WC="1.00" CC="06090003000" STYLEREFS="TXT_3"/>
						<SP ID="P14_SP00324" HPOS="1652" VPOS="3162" WIDTH="34"/>
						<String ID="P14_ST00365" HPOS="1686" VPOS="3110" WIDTH="78" HEIGHT="42" CONTENT="des" WC="1.00" CC="000" STYLEREFS="TXT_3"/>
						<SP ID="P14_SP00325" HPOS="1764" VPOS="3162" WIDTH="20"/>
						<String ID="P14_ST00366" HPOS="1784" VPOS="3113" WIDTH="108" HEIGHT="52" CONTENT="plus" WC="1.00" CC="0000" STYLEREFS="TXT_3"/>
						<SP ID="P14_SP00326" HPOS="1892" VPOS="3165" WIDTH="17"/>
						<String ID="P14_ST00367" HPOS="1909" VPOS="3112" WIDTH="202" HEIGHT="54" CONTENT="fameux" WC="1.00" CC="000040" STYLEREFS="TXT_3"/>
						<SP ID="P14_SP00327" HPOS="2111" VPOS="3166" WIDTH="22"/>
						<String ID="P14_ST00368" HPOS="2133" VPOS="3121" WIDTH="43" HEIGHT="34" CONTENT="et" WC="0.94" CC="10" STYLEREFS="TXT_3"/>
						<SP ID="P14_SP00328" HPOS="2176" VPOS="3166" WIDTH="30"/>
						<String ID="P14_ST00369" HPOS="2206" VPOS="3116" WIDTH="247" HEIGHT="40" CONTENT="excellents" WC="1.00" CC="0000000020" STYLEREFS="TXT_3"/>
					</TextLine>
					<TextLine ID="P14_TL00040" HPOS="673" VPOS="3175" WIDTH="1779" HEIGHT="69">
						<String ID="P14_ST00370" HPOS="673" VPOS="3175" WIDTH="253" HEIGHT="53" CONTENT="musiciens," WC="1.00" CC="1000000007" STYLEREFS="TXT_3"/>
						<SP ID="P14_SP00329" HPOS="926" VPOS="3228" WIDTH="20"/>
						<String ID="P14_ST00371" HPOS="946" VPOS="3183" WIDTH="97" HEIGHT="36" CONTENT="tant" WC="0.99" CC="4010" STYLEREFS="TXT_3"/>
						<SP ID="P14_SP00330" HPOS="1043" VPOS="3228" WIDTH="15"/>
						<String ID="P14_ST00372" HPOS="1058" VPOS="3179" WIDTH="184" HEIGHT="43" CONTENT="anciens" WC="1.00" CC="0000005" STYLEREFS="TXT_3"/>
						<SP ID="P14_SP00331" HPOS="1242" VPOS="3228" WIDTH="14"/>
						<String ID="P14_ST00373" HPOS="1256" VPOS="3182" WIDTH="343" HEIGHT="56" CONTENT="quemodernes," WC="0.71" CC="079600006004" STYLEREFS="TXT_3"/>
						<SP ID="P14_SP00332" HPOS="1599" VPOS="3238" WIDTH="20"/>
						<String ID="P14_ST00374" HPOS="1619" VPOS="3185" WIDTH="41" HEIGHT="40" CONTENT="le" WC="1.00" CC="00" STYLEREFS="TXT_3"/>
						<SP ID="P14_SP00333" HPOS="1660" VPOS="3238" WIDTH="16"/>
						<String ID="P14_ST00375" HPOS="1676" VPOS="3192" WIDTH="97" HEIGHT="35" CONTENT="tout" WC="0.98" CC="0007" STYLEREFS="TXT_3"/>
						<SP ID="P14_SP00334" HPOS="1773" VPOS="3238" WIDTH="19"/>
						<String ID="P14_ST00376" HPOS="1792" VPOS="3188" WIDTH="26" HEIGHT="39" CONTENT="à" WC="1.00" CC="0" STYLEREFS="TXT_3"/>
						<SP ID="P14_SP00335" HPOS="1818" VPOS="3238" WIDTH="9"/>
						<String ID="P14_ST00377" HPOS="1827" VPOS="3193" WIDTH="167" HEIGHT="48" CONTENT="quatre" WC="0.99" CC="800002" STYLEREFS="TXT_3"/>
						<SP ID="P14_SP00336" HPOS="1994" VPOS="3241" WIDTH="11"/>
						<String ID="P14_ST00378" HPOS="2005" VPOS="3189" WIDTH="199" HEIGHT="54" CONTENT="parties," WC="1.00" CC="00010009" STYLEREFS="TXT_3"/>
						<SP ID="P14_SP00337" HPOS="2204" VPOS="3243" WIDTH="19"/>
						<String ID="P14_ST00379" HPOS="2223" VPOS="3203" WIDTH="52" HEIGHT="27" CONTENT="en" WC="1.00" CC="00" STYLEREFS="TXT_3"/>
						<SP ID="P14_SP00338" HPOS="2275" VPOS="3243" WIDTH="17"/>
						<String ID="P14_ST00380" HPOS="2292" VPOS="3197" WIDTH="160" HEIGHT="47" CONTENT="quatre" WC="0.99" CC="030006" STYLEREFS="TXT_3"/>
					</TextLine>
				</TextBlock>
				<TextBlock ID="P14_TB00004" HPOS="672" VPOS="3324" WIDTH="1776" HEIGHT="220" STYLEREFS="TXT_7 PAR_LEFT">
					<TextLine ID="P14_TL00041" HPOS="712" VPOS="3325" WIDTH="1736" HEIGHT="58">
						<String ID="P14_ST00381" HPOS="712" VPOS="3325" WIDTH="50" HEIGHT="47" CONTENT="(t)" WC="0.26" CC="867"/>
						<SP ID="P14_SP00339" HPOS="762" VPOS="3372" WIDTH="22"/>
						<String ID="P14_ST00382" HPOS="784" VPOS="3326" WIDTH="49" HEIGHT="37" CONTENT="î-râ" WC="0.28" CC="7478"/>
						<SP ID="P14_SP00340" HPOS="833" VPOS="3372" WIDTH="23"/>
						<String ID="P14_ST00383" HPOS="856" VPOS="3336" WIDTH="83" HEIGHT="27" CONTENT="note" WC="0.95" CC="8347"/>
						<SP ID="P14_SP00341" HPOS="939" VPOS="3372" WIDTH="22"/>
						<String ID="P14_ST00384" HPOS="961" VPOS="3341" WIDTH="124" HEIGHT="23" CONTENT="carrée" WC="0.96" CC="087777"/>
						<SP ID="P14_SP00342" HPOS="1085" VPOS="3372" WIDTH="27"/>
						<String ID="P14_ST00385" HPOS="1112" VPOS="3330" WIDTH="43" HEIGHT="34" CONTENT="de" WC="0.34" CC="57"/>
						<SP ID="P14_SP00343" HPOS="1155" VPOS="3372" WIDTH="23"/>
						<String ID="P14_ST00386" HPOS="1178" VPOS="3331" WIDTH="33" HEIGHT="34" CONTENT="la" WC="0.91" CC="10"/>
						<SP ID="P14_SP00344" HPOS="1211" VPOS="3372" WIDTH="24"/>
						<String ID="P14_ST00387" HPOS="1235" VPOS="3332" WIDTH="196" HEIGHT="36" CONTENT="deuxieiiie" WC="0.62" CC="0061403777"/>
						<SP ID="P14_SP00345" HPOS="1431" VPOS="3372" WIDTH="23"/>
						<String ID="P14_ST00388" HPOS="1454" VPOS="3336" WIDTH="100" HEIGHT="44" CONTENT="ligrie" WC="0.53" CC="257740"/>
						<SP ID="P14_SP00346" HPOS="1554" VPOS="3380" WIDTH="21"/>
						<String ID="P14_ST00389" HPOS="1575" VPOS="3335" WIDTH="43" HEIGHT="35" CONTENT="de" WC="0.50" CC="09"/>
						<SP ID="P14_SP00347" HPOS="1618" VPOS="3380" WIDTH="21"/>
						<String ID="P14_ST00390" HPOS="1639" VPOS="3342" WIDTH="39" HEIGHT="30" CONTENT="cè" WC="0.07" CC="98"/>
						<SP ID="P14_SP00348" HPOS="1678" VPOS="3380" WIDTH="25"/>
						<String ID="P14_ST00391" HPOS="1703" VPOS="3339" WIDTH="188" HEIGHT="44" CONTENT="specimen" WC="0.59" CC="04046808"/>
						<SP ID="P14_SP00349" HPOS="1891" VPOS="3383" WIDTH="24"/>
						<String ID="P14_ST00392" HPOS="1915" VPOS="3351" WIDTH="20" HEIGHT="24" CONTENT="a" WC="1.00" CC="0"/>
						<SP ID="P14_SP00350" HPOS="1935" VPOS="3383" WIDTH="21"/>
						<String ID="P14_ST00393" HPOS="1956" VPOS="3342" WIDTH="55" HEIGHT="34" CONTENT="été" WC="0.94" CC="727"/>
						<SP ID="P14_SP00351" HPOS="2011" VPOS="3383" WIDTH="23"/>
						<String ID="P14_ST00394" HPOS="2034" VPOS="3352" WIDTH="94" HEIGHT="25" CONTENT="mise" WC="0.96" CC="8019"/>
						<SP ID="P14_SP00352" HPOS="2128" VPOS="3383" WIDTH="21"/>
						<String ID="P14_ST00395" HPOS="2149" VPOS="3343" WIDTH="20" HEIGHT="34" CONTENT="à" WC="0.34" CC="6"/>
						<SP ID="P14_SP00353" HPOS="2169" VPOS="3383" WIDTH="21"/>
						<String ID="P14_ST00396" HPOS="2190" VPOS="3342" WIDTH="155" HEIGHT="37" CONTENT="l'envers" WC="0.98" CC="24896700"/>
						<SP ID="P14_SP00354" HPOS="2345" VPOS="3383" WIDTH="28"/>
						<String ID="P14_ST00397" HPOS="2373" VPOS="3345" WIDTH="19" HEIGHT="34" CONTENT="à" WC="0.30" CC="6"/>
						<SP ID="P14_SP00355" HPOS="2392" VPOS="3383" WIDTH="26"/>
						<String ID="P14_ST00398" HPOS="2418" VPOS="3345" WIDTH="30" HEIGHT="34" CONTENT="la" WC="0.57" CC="07"/>
					</TextLine>
					<TextLine ID="P14_TL00042" HPOS="673" VPOS="3385" WIDTH="276" HEIGHT="43">
						<String ID="P14_ST00399" HPOS="673" VPOS="3385" WIDTH="276" HEIGHT="43" CONTENT="reproduction." WC="0.99" CC="2525146735241"/>
					</TextLine>
					<TextLine ID="P14_TL00043" HPOS="713" VPOS="3440" WIDTH="1735" HEIGHT="60">
						<String ID="P14_ST00400" HPOS="713" VPOS="3441" WIDTH="49" HEIGHT="42" CONTENT="(2)" WC="0.58" CC="074"/>
						<SP ID="P14_SP00356" HPOS="762" VPOS="3483" WIDTH="25"/>
						<String ID="P14_ST00401" HPOS="787" VPOS="3440" WIDTH="144" HEIGHT="44" CONTENT="Gando," WC="0.75" CC="070033"/>
						<SP ID="P14_SP00357" HPOS="931" VPOS="3484" WIDTH="28"/>
						<String ID="P14_ST00402" HPOS="959" VPOS="3441" WIDTH="262" HEIGHT="36" CONTENT="Observations" WC="0.99" CC="102065510455" STYLEREFS="TXT_8"/>
						<SP ID="P14_SP00358" HPOS="1221" VPOS="3484" WIDTH="22"/>
						<String ID="P14_ST00403" HPOS="1243" VPOS="3455" WIDTH="64" HEIGHT="22" CONTENT="sur" WC="0.95" CC="066" STYLEREFS="TXT_8"/>
						<SP ID="P14_SP00359" HPOS="1307" VPOS="3484" WIDTH="27"/>
						<String ID="P14_ST00404" HPOS="1334" VPOS="3446" WIDTH="32" HEIGHT="33" CONTENT="le" WC="0.96" CC="00" STYLEREFS="TXT_8"/>
						<SP ID="P14_SP00360" HPOS="1366" VPOS="3484" WIDTH="28"/>
						<String ID="P14_ST00405" HPOS="1394" VPOS="3446" WIDTH="111" HEIGHT="35" CONTENT="traité" WC="0.98" CC="475007" STYLEREFS="TXT_8"/>
						<SP ID="P14_SP00361" HPOS="1505" VPOS="3484" WIDTH="35"/>
						<String ID="P14_ST00406" HPOS="1540" VPOS="3448" WIDTH="43" HEIGHT="34" CONTENT="de" WC="0.73" CC="05" STYLEREFS="TXT_8"/>
						<SP ID="P14_SP00362" HPOS="1583" VPOS="3484" WIDTH="21"/>
						<String ID="P14_ST00407" HPOS="1604" VPOS="3448" WIDTH="184" HEIGHT="36" CONTENT="Fournier" WC="0.59" CC="06504079" STYLEREFS="TXT_8"/>
						<SP ID="P14_SP00363" HPOS="1788" VPOS="3484" WIDTH="23"/>
						<String ID="P14_ST00408" HPOS="1811" VPOS="3451" WIDTH="31" HEIGHT="34" CONTENT="le" WC="0.64" CC="07" STYLEREFS="TXT_8"/>
						<SP ID="P14_SP00364" HPOS="1842" VPOS="3485" WIDTH="17"/>
						<String ID="P14_ST00409" HPOS="1859" VPOS="3451" WIDTH="138" HEIGHT="45" CONTENT="-Jeum," WC="0.97" CC="819386" STYLEREFS="TXT_8"/>
						<SP ID="P14_SP00365" HPOS="1997" VPOS="3496" WIDTH="22"/>
						<String ID="P14_ST00410" HPOS="2019" VPOS="3465" WIDTH="35" HEIGHT="33" CONTENT="p," WC="0.64" CC="07"/>
						<SP ID="P14_SP00366" HPOS="2054" VPOS="3498" WIDTH="32"/>
						<String ID="P14_ST00411" HPOS="2086" VPOS="3466" WIDTH="20" HEIGHT="34" CONTENT="g" WC="0.27" CC="7"/>
						<SP ID="P14_SP00367" HPOS="2106" VPOS="3500" WIDTH="171"/>
						<String ID="P14_ST00412" HPOS="2277" VPOS="3440" WIDTH="171" HEIGHT="60" CONTENT="6" STYLE="subscript" WC="1.00" CC="0"/>
					</TextLine>
					<TextLine ID="P14_TL00044" HPOS="713" VPOS="3495" WIDTH="832" HEIGHT="49">
						<String ID="P14_ST00413" HPOS="713" VPOS="3495" WIDTH="51" HEIGHT="43" CONTENT="(3)" WC="0.63" CC="073"/>
						<SP ID="P14_SP00368" HPOS="764" VPOS="3538" WIDTH="17"/>
						<String ID="P14_ST00414" HPOS="781" VPOS="3496" WIDTH="205" HEIGHT="45" CONTENT="Catalogue" WC="0.99" CC="375006090" STYLEREFS="TXT_8"/>
						<SP ID="P14_SP00369" HPOS="986" VPOS="3541" WIDTH="28"/>
						<String ID="P14_ST00415" HPOS="1014" VPOS="3498" WIDTH="299" HEIGHT="46" CONTENT="chronologique," WC="0.99" CC="10063708300079" STYLEREFS="TXT_8"/>
						<SP ID="P14_SP00370" HPOS="1313" VPOS="3544" WIDTH="25"/>
						<String ID="P14_ST00416" HPOS="1338" VPOS="3501" WIDTH="43" HEIGHT="33" CONTENT="de" WC="0.83" CC="03"/>
						<SP ID="P14_SP00371" HPOS="1381" VPOS="3544" WIDTH="23"/>
						<String ID="P14_ST00417" HPOS="1404" VPOS="3503" WIDTH="141" HEIGHT="35" CONTENT="Lottin*" WC="0.77" CC="3000507"/>
					</TextLine>
				</TextBlock>
			</PrintSpace>
		</Page>
	</Layout>
</alto>
