2674 4231
683 450 54 42 58

1162 451 76 40 LA
1270 448 388 49 CHRONIQUE
1693 447 319 41 MUSICALE

681 597 198 55 publiées
896 610 52 27 en
971 598 181 54 réponse
1174 610 56 26 au
1261 596 156 40 Traité
1437 596 56 40 de
1514 595 231 41 Fournier
1768 596 40 40 le
1823 595 155 54 Jeune,
2002 596 162 42 étaient
2185 598 40 39 là
2244 611 113 40 pour
2378 611 70 27 me

680 670 167 42 donner
868 670 192 53 quelque
1081 671 160 53 espoir.
1268 669 58 40 La
1349 676 126 34 vente
1497 669 109 41 dont
1623 669 119 55 parle
1768 668 217 42 Fournier
2008 670 40 39 le
2068 669 138 41 Jeune
2236 670 69 41 n'a
2326 670 59 41 dû
2408 685 41 27 se

679 755 227 41 composer
927 756 88 40 que
1030 742 221 42 d'anciens
1286 743 156 41 clichés
1464 744 102 40 hors
1588 745 51 39 de
1661 744 161 40 service
1839 751 42 35 et
1900 743 170 41 d'autre
2091 742 201 42 ferraille.

735 838 79 55 Or,
832 839 38 41 le
905 838 172 42 dernier
1113 839 175 43 Ballard
1325 840 261 56 imprimeur
1621 842 119 40 avait
1768 842 159 55 épousé
1952 841 201 41 madame
2174 854 140 28 veuve
2335 840 87 43 Vin-

676 913 112 41 chon
807 930 10 35 ;
840 926 46 28 ce
908 913 174 42 Ballard
1106 923 62 34 est
1188 923 119 33 mort
1334 916 39 40 le
1401 917 49 39 16
1482 917 178 39 octobre
1689 916 125 41 1825.
1851 915 325 57 L'imprimerie
2206 923 111 33 resta
2350 920 100 36 àsa

677 1000 139 28 veuve
835 987 78 54 qui
931 988 211 42 continua
1162 989 291 56 d'imprimer,
1478 998 41 32 et
1538 998 183 33 mourut
1748 1003 56 27 au
1834 989 111 42 mois
1968 991 50 40 de
2044 990 239 40 novembre
2320 989 128 56 1829,

677 1061 181 42 laissant
880 1076 62 27 un
964 1061 68 42 fils
1054 1063 53 41 de
1129 1077 77 27 son
1230 1064 187 55 premier
1435 1063 207 54 mariage.

732 1162 65 40 M.
820 1162 221 52 Vinchon,
1073 1163 169 53 peintre
1262 1163 220 55 distingué
1511 1172 41 33 et
1573 1163 181 54 célèbre,
1787 1165 200 55 s'occupa
2018 1165 101 41 bien
2143 1165 100 55 plus
2276 1166 52 39 de
2357 1179 80 28 son

675 1243 67 34 art
762 1249 87 41 que
870 1235 52 42 de
954 1235 300 55 l'imprimerie
1275 1237 110 54 qu'il
1406 1245 75 33 eut
1501 1250 54 27 en
1578 1236 195 56 héritage
1801 1237 52 41 de
1888 1253 45 27 sa
1955 1240 129 40 mère.
2118 1239 36 41 Il
2187 1248 182 32 mourut
2391 1254 53 26 en

682 1324 13 26 x
707 1309 81 41 85
800 1343 12 18 5,
835 1312 121 52 après
989 1310 122 41 avoir
1138 1311 101 41 cédé
1261 1325 77 29 son
1376 1311 327 44 établissement
1730 1315 24 38 à
1790 1312 119 43 MM.
1937 1313 52 42 de
2027 1313 240 56 Mourgues
2300 1313 148 54 frères,

675 1383 306 55 propriétaires
1004 1384 181 42 actuels.

730 1482 116 44 C'est
862 1483 41 42 là
924 1497 85 41 que
1028 1484 132 55 j'allai
1184 1484 190 57 frapper.

732 1581 121 42 Dans
872 1597 86 27 une
980 1584 212 54 première
1214 1592 223 47 entrevue,
1461 1600 58 27 on
1543 1587 214 42 m'assura
1779 1587 110 55 qu'il
1920 1588 222 42 n'existait
2169 1586 281 44 absolument

677 1657 94 41 rien
792 1658 71 40 des
882 1657 175 41 anciens
1078 1661 236 39 caractères
1333 1659 53 41 de
1406 1661 207 54 musique
1634 1662 72 41 des
1741 1662 194 49 Ballard,
1957 1676 85 41 que
2063 1662 39 41 le
2123 1670 100 33 tout
2244 1662 118 41 avait
2383 1664 66 39 été

674 1732 146 42 vendu
842 1746 171 28 comme
1034 1732 186 42 ferraille
1240 1742 42 33 et
1302 1734 129 42 vieux
1453 1736 151 42 cuivre
1625 1750 77 41 par
1724 1737 64 44 M.
1813 1736 224 54 Vinchon,
2061 1745 133 34 avant
2217 1738 38 40 la
2276 1737 165 42 cession

680 1806 54 41 de
752 1819 78 28 son
851 1806 337 42 établissement.

734 1905 229 55 Pourquoi
995 1920 53 28 ne
1070 1920 76 42 pas
1174 1907 208 50 l'avouer,
1413 1908 59 40 les
1503 1908 230 42 Alsaciens
1769 1917 99 34 sont
1900 1910 162 42 entêtés
2084 1923 171 29 comme
2283 1911 73 41 des

679 1981 198 43 Bretons.
901 1981 50 42 Je
969 1983 256 40 renouvelai
1249 1996 91 27 mes
1363 1983 222 41 instances
1614 1997 114 42 pour
1747 1985 136 54 qu'on
1905 1985 50 41 fît
1973 1985 73 40 des
2068 1985 251 42 recherches
2339 1987 109 41 dans

674 2065 101 33 tous
795 2056 61 41 les
873 2056 122 41 coins
1015 2065 42 33 et
1074 2056 169 41 recoins
1265 2056 52 42 de
1338 2056 317 56 l'imprimerie.
1682 2058 65 41 M.
1773 2058 179 42 Charles
1978 2059 51 41 de
2064 2059 259 56 Mourgues,
2347 2075 103 29 avec

677 2143 88 28 une
783 2132 123 51 grâce
929 2130 179 55 parfaite
1130 2143 86 42 que
1236 2130 39 55 je
1298 2144 69 27 me
1390 2130 109 56 plais
1521 2136 23 37 à
1567 2134 291 47 reconnaître,
1879 2132 160 42 voulut
2059 2133 101 41 bien
2182 2133 168 43 donner
2376 2136 74 42 des

678 2202 148 42 ordres
849 2217 56 27 en
926 2205 320 54 conséquence,
1278 2213 42 33 et
1347 2218 67 27 ces
1440 2205 256 41 recherches
1734 2205 148 42 furent
1904 2209 272 39 couronnées
2203 2209 109 42 d'un
2332 2209 118 55 plein

678 2280 161 49 succès,
881 2291 72 28 car
987 2291 57 28 on
1078 2287 155 32 trouva
1260 2279 107 40 dans
1390 2293 88 27 une
1504 2279 272 55 encoignure
1802 2281 52 39 de
1886 2294 103 28 mur
2016 2281 113 42 deux
2156 2296 91 28 sacs
2273 2284 109 41 dont
2418 2284 35 55 je

681 2350 170 42 vérifiai
872 2352 40 40 le
929 2360 213 46 contenu,
1165 2359 41 34 et
1220 2366 217 28 reconnus
1459 2366 100 27 sans
1573 2353 127 56 peine
1719 2353 60 42 les
1801 2355 216 59 poinçons
2039 2355 53 42 de
2110 2355 259 44 Guillaume
2394 2360 59 40 Le

682 2426 76 54 Bé,
781 2440 101 28 avec
904 2440 88 28 une
1012 2428 139 55 partie
1171 2428 52 41 de
1239 2442 109 28 ceux
1369 2429 106 54 qu'y
1497 2430 175 40 avaient
1690 2428 133 54 joints
1840 2431 371 42 successivement
2231 2432 42 41 la
2291 2433 162 55 longue

680 2501 255 54 génération
971 2502 73 41 des
1076 2502 191 43 Ballard.
1304 2504 60 41 Le
1392 2504 181 41 nombre
1599 2504 52 41 de
1678 2517 66 28 ces
1778 2505 216 57 poinçons
2028 2513 64 34 est
2119 2506 53 41 de
2208 2507 102 55 cinq
2330 2513 22 36 à
2385 2509 67 41 six

676 2585 136 33 cents.
847 2576 82 42 Les
958 2577 130 41 séries
1120 2576 101 42 n'en
1258 2586 99 33 sont
1391 2592 74 41 pas
1494 2578 197 55 toujours
1718 2579 262 55 complètes;
2009 2581 110 40 mais
2150 2581 80 41 tels
2264 2596 107 41 que,
2408 2597 45 28 ce

674 2658 100 33 sont
793 2651 72 40 des
890 2651 242 55 spécimens
1154 2651 185 42 curieux
1369 2653 108 42 dont
1497 2652 73 55 j'ai
1601 2652 78 42 fait
1707 2653 252 55 reproduire
1989 2654 60 42 les
2074 2656 101 54 plus
2202 2658 229 40 caractéris-

672 2723 161 55 tiques.
860 2723 100 43 Une
978 2724 74 42 des
1079 2726 99 55 plus
1199 2726 235 41 anciennes
1456 2726 52 41 de
1529 2740 66 27 ces
1617 2726 130 41 séries
1776 2741 44 26 se
1838 2728 196 41 trouvait
2051 2729 266 56 enveloppée
2338 2730 110 42 dans

675 2811 63 28 un
760 2798 218 54 fragment
999 2799 61 42 du
1086 2800 172 41 Roman
1280 2799 56 42 de
1357 2800 46 41 la
1420 2801 118 41 Rose
1559 2814 76 27 sur
1658 2801 270 55 parchemin,
1955 2803 249 42 manuscrit
2225 2804 61 41 du
2313 2806 109 54 quin-

673 2871 142 42 zième
828 2872 139 54 siècle,
988 2886 102 28 avec
1109 2887 86 28 une
1212 2874 243 41 miniature
1469 2875 429 43 malheureusement
1914 2877 224 54 dégradée.
2155 2878 65 41 De
2236 2893 78 27 nos
2329 2879 121 55 jours

684 2958 59 29 on
765 2960 29 41 y
812 2947 262 54 regarderait
1099 2962 24 26 a
1145 2948 116 42 deux
1282 2948 82 42 fois
1394 2957 134 34 avant
1554 2949 52 41 de
1627 2963 43 28 se
1698 2951 136 41 servir
1860 2952 52 40 de
1946 2952 200 55 pareilles
2172 2955 276 55 enveloppes.

732 3044 37 42 Il
790 3045 105 42 était
929 3046 329 56 indispensable
1289 3048 270 55 d'expliquer
1590 3049 42 41 la
1665 3063 273 40 provenance
1960 3051 51 40 de
2032 3065 68 27 ces
2132 3052 245 55 spécimens
2399 3054 51 40 de

673 3126 140 47 notes,
849 3133 87 41 que
966 3134 111 28 nous
1113 3121 225 55 placerons
1375 3136 53 27 en
1465 3122 116 42 leurs
1613 3122 120 42 lieux
1765 3124 236 56 respectifs,
2034 3126 270 42 c'est-à-dire
2344 3141 103 28 avec

672 3193 60 41 les
761 3206 206 42 graveurs
990 3196 212 54 auxquels
1232 3197 102 40 elles
1358 3205 102 33 sont
1488 3197 240 42 attribuées
1759 3212 78 41 par
1859 3198 174 54 Gando,
2065 3208 41 33 et
2135 3215 74 26 sur
2240 3201 42 41 la
2308 3202 58 41 foi
2392 3202 58 42 du

674 3268 327 54 procès-verbal
1021 3269 77 54 qui
1118 3270 70 40 fut
1208 3270 80 40 fait
1308 3270 40 41 le
1374 3271 51 41 3o
1450 3272 241 41 novembre
1720 3272 129 56 1639,
1874 3275 124 53 après
2020 3274 39 41 le
2081 3274 123 42 décès
2227 3277 51 40 de
2305 3277 145 42 Pierre

677 3342 191 43 Ballard.
900 3344 61 42 Ce
989 3346 316 53 procès-verbal
1338 3355 62 32 est
1423 3346 122 54 signé
1571 3361 77 40 par
1679 3347 139 54 Vitré,
1842 3349 263 54 imprimeur
2131 3350 61 42 du
2220 3352 84 41 Roi
2327 3361 41 32 et
2389 3352 60 42 du

675 3415 139 56 clergé
835 3416 52 42 de
907 3417 184 55 France,
1115 3418 178 54 Blaisot,
1314 3419 238 42 marchand
1576 3420 194 55 libraire,
1790 3430 42 33 et
1857 3422 187 55 Jacques
2067 3423 170 56 Cottin,
2262 3425 188 42 fondeur

674 3502 55 29 en
750 3493 246 39 caractères.
1018 3491 122 42 Tous
1153 3492 60 41 les
1237 3506 126 29 noms
1385 3493 75 41 des
1478 3507 210 41 graveurs
1709 3496 78 56 qui
1811 3505 80 33 ont
1913 3498 201 41 travaillé
2138 3500 84 40 àla
2243 3500 205 55 musique
