2674 4231
973 1208 86 43 DE
1108 1211 86 40 LA

277 1437 810 91 GYMNASTIQUE
1171 1434 722 74 PULMONAIRE

539 1693 366 59 CONTRE
976 1691 99 61 LA
1146 1688 421 61 PHTHISIE

1599 1683 37 36 (I)

889 2273 325 47 CHAPITRE
1249 2271 58 45 IV

1030 2447 11 40 (
1053 2444 121 42 Suite)

662 2631 53 27 NE
740 2613 271 43 vérification
1043 2613 144 41 sévère
1221 2619 40 35 et
1284 2611 102 40 bien
1422 2609 295 54 authentique
1761 2609 118 40 étant
1909 2605 52 44 né-

663 2689 184 42 cessaire
872 2701 113 43 pour
1005 2687 105 42 faire
1132 2685 119 42 enfin
1273 2687 145 39 bonne
1441 2692 41 33 et
1503 2682 164 43 entière
1695 2680 151 56 justice
1874 2680 91 41 d'as-

666 2763 183 42 sertions
883 2760 77 58 qui
992 2762 125 40 n'ont
1137 2760 132 54 régné
1302 2772 88 42 que
1419 2767 98 45 trop
1540 2758 245 53 longtemps
1809 2755 109 41 dans
1949 2754 40 41 la

666 2839 169 41 science
877 2851 52 26 en
963 2834 309 53 souveraines,
1302 2847 74 28 sur
1409 2830 324 42 l'autorisation
1764 2829 79 55 qui
1879 2842 111 28 nous

666 2928 53 28 en
743 2912 117 43 avait
883 2912 66 40 été
972 2909 206 42 accordée
1201 2922 76 40 par
1301 2908 38 40 le
1359 2905 202 42 ministre
1588 2904 265 53 compétent,
1879 2917 111 28 nous

667 2999 112 29 nous
797 2997 190 29 sommes
1004 2981 137 44 rendu
1164 2979 179 43 d'abord
1364 2993 87 28 aux
1463 2978 214 41 Archives
1695 2976 106 42 delà
1819 2989 171 42 guerre,

225 3068 97 54 puis
370 3065 363 45 successivement
778 3060 109 42 dans
925 3066 99 33 tous
1057 3058 61 40 les
1143 3055 234 56 Hôpitaux
1413 3054 52 40 de
1498 3052 39 42 la
1564 3052 211 56 piemièie
1805 3060 41 33 et
1880 3051 51 41 de
1952 3051 41 41 la

226 3141 225 42 deuxième
477 3138 209 45 Division
712 3134 226 44 militaire.
964 3131 130 42 Nous
1109 3145 29 41 y
1160 3143 133 29 avons
1315 3126 226 56 compulsé
1561 3140 102 28 avec
1681 3126 38 41 le
1742 3126 100 55 plus
1862 3125 132 54 grand

226 3215 93 42 soin
346 3215 60 42 les
426 3215 142 42 divers
595 3214 108 40 états
745 3219 42 33 et
818 3207 198 56 registres
1044 3205 73 42 des
1145 3205 136 51 décès,
1306 3201 82 42 mis
1416 3209 178 48 partout
1626 3202 84 40 très
1745 3199 225 55 gracieuse-

230 3300 121 32 ment
393 3304 73 41 par
496 3285 397 46 l'Administration
924 3287 23 37 à
972 3289 123 34 notre
1123 3276 282 58 disposition,
1432 3285 57 44 et,
1513 3279 123 52 après
1658 3275 119 42 avoir
1797 3275 126 40 retire
1946 3272 51 41 de

233 3378 67 26 ces
348 3362 254 42 documents
643 3369 98 34 tout
794 3371 46 29 ce
870 3355 132 57 qu'ils
1041 3353 238 56 pouvaient
1320 3365 113 28 nous
1468 3350 195 53 fournir,
1706 3362 112 28 nous
1863 3359 134 29 avons

279 3533 53 44 (i)
355 3530 90 36 Voir
463 3530 52 34 les
538 3527 175 36 numéros
734 3526 63 36 des
818 3538 10 22 l
837 3533 26 15 er
884 3533 35 27 et
945 3515 18 62 i
981 3515 18 62 5
1017 3515 91 62 août,
1137 3515 21 62 i
1179 3515 21 62 5
1221 3515 187 62 septembre
1434 3515 19 62 i
1473 3515 19 62 5
1512 3515 136 62 octobre
1665 3524 35 28 et
1726 3515 21 62 i
1768 3515 21 62 5
1810 3515 191 62 novembre.

1785 3581 20 38 5

460 3592 104 45 VII.
