2674 4231
715 419 54 41 80

1184 419 76 40 LA
1293 417 388 50 CHRONIQUE
1714 417 320 42 MUSICALE

714 576 148 33 contre
882 569 60 39 les
964 567 232 40 tendances
1216 565 297 54 dramatiques
1538 565 52 40 de
1610 565 40 40 la
1672 564 208 55 musique
1898 564 228 55 religieuse
2150 564 207 42 moderne
2371 574 41 33 et
2428 567 49 42 de

715 655 197 29 ramener
953 640 164 41 celle-ci
1152 654 86 28 aux
1275 639 141 42 saines
1452 639 234 42 traditions
1721 638 52 42 de
1804 639 146 41 l'école
1983 639 53 41 de
2067 640 255 47 Palestrina..
2359 639 119 45 Cette

712 716 265 53 importante
997 713 294 55 composition
1315 727 121 42 passa
1461 726 183 43 presque
1679 712 249 60 inaperçue.
1958 712 116 44 C'est
2102 714 131 54 qu'en
2255 713 98 42 effet
2374 727 57 28 on
2452 731 26 39 y

712 788 238 42 retrouvait
985 788 40 40 la
1060 787 122 41 main
1215 787 106 41 d'un
1357 787 218 42 musicien
1606 788 52 40 de
1686 786 148 53 talent,
1861 785 111 43 mais
2001 800 45 28 ce
2069 786 151 43 n'était
2241 801 74 41 pas
2336 786 41 42 là
2396 802 84 29 une

710 875 150 30 œuvre
867 894 9 19 ,
900 861 266 42 c'est-à-dire
1188 875 88 28 une
1298 861 51 42 de
1371 875 66 28 ces
1460 861 216 42 créations
1713 862 250 55 frappantes
1993 861 78 55 qui
2099 861 93 42 font
2224 862 256 44 événement

707 938 108 40 dans
836 936 113 54 l'art,
977 936 79 55 qui
1080 936 260 55 s'imposent
1373 936 73 42 dès
1467 936 40 42 le
1547 936 188 55 premier
1758 934 97 56 jour
1874 938 24 38 à
1918 934 250 44 l'attention
2188 935 59 41 du
2269 936 152 54 public
2442 946 38 32 et

707 1010 109 41 dont
853 1009 41 42 la
928 1009 120 56 place
1082 1017 63 34 est
1180 1011 209 53 marquée
1427 1009 204 42 d'avance
1664 1008 142 56 parmi
1839 1022 68 27 ces
1947 1008 129 42 belles
2110 1008 289 56 productions
2431 1011 49 41 de

708 1084 163 55 l'esprit
893 1084 205 52 humain,
1119 1083 78 55 qui
1220 1083 92 41 font
1336 1084 41 41 la
1397 1082 138 55 gloire
1564 1083 133 41 d'une
1719 1084 169 53 époque
1918 1091 41 33 et
1981 1096 85 42 que
2086 1082 40 41 la
2149 1081 205 57 postérité
2375 1096 78 29 con-

708 1171 116 28 sacre
846 1157 354 42 chefs-d'œuvre.

764 1232 63 40 La
865 1230 240 42 Fantaisie
1137 1242 120 42 pour
1297 1229 227 42 orchestre
1564 1242 52 28 en
1658 1235 52 35 ut
1745 1228 193 52 mineur,
1978 1243 87 41 que
2106 1228 64 42 M.
2215 1228 265 57 Bourgault-

709 1303 271 56 Ducoudray
1009 1318 23 27 a
1059 1303 78 42 fait
1177 1305 201 40 exécuter
1408 1317 113 41 pour
1554 1302 42 42 la
1632 1303 212 55 première
1874 1303 80 42 fois
1988 1317 55 28 au
2083 1304 21 41 3
2111 1309 13 18 e
2146 1303 187 42 Concert
2359 1305 52 41 de
2440 1305 39 42 la

707 1393 23 27 2
736 1384 13 18 e
769 1377 123 55 série,
924 1391 55 28 ne
999 1377 178 56 possède
1208 1378 142 41 même
1371 1378 117 55 plus,
1509 1390 170 28 comme
1700 1377 39 41 le
1761 1377 160 42 Stabat
1926 1409 10 21 ,
1960 1391 66 27 ces
2053 1378 191 55 qualités
2276 1378 53 42 de
2356 1379 122 56 fond,

705 1468 99 27 sans
825 1454 147 54 portée
1010 1466 74 28 sur
1116 1453 41 40 la
1193 1466 138 27 masse
1362 1452 60 41 du
1445 1451 163 56 public,
1635 1452 109 41 mais
1768 1453 78 55 qui
1870 1451 199 43 suffisent
2092 1457 24 36 à
2144 1453 335 42 recommander

707 1543 63 28 un
787 1541 193 41 ouvrage
997 1532 24 37 à
1037 1527 250 42 l'attention
1309 1527 72 41 des
1404 1527 170 43 artistes
1592 1542 10 36 ;
1629 1527 101 42 c'est
1749 1541 61 28 un
1833 1541 205 28 morceau
2055 1527 280 42 absolument
2353 1542 95 29 mau-

706 1603 109 54 vais,
839 1602 78 56 qui
952 1602 146 41 devait
1125 1601 198 52 échouer,
1346 1609 41 33 et
1420 1614 85 42 que
1540 1601 240 41 musiciens
1808 1609 42 33 et
1869 1601 150 55 public
2039 1610 80 33 ont
2140 1602 340 44 unanimement

706 1677 263 42 condamné.
993 1675 124 42 Cette
1135 1675 237 42 Fantaisie
1391 1689 43 27 se
1453 1688 204 43 compose
1678 1676 52 40 de
1759 1684 155 45 quatre
1937 1676 177 55 parties.
2141 1675 82 42 Les
2243 1675 115 43 deux
2379 1690 73 42 pre-

703 1750 171 53 mières,
902 1749 314 43 Introduction
1238 1755 42 36 et
1300 1750 141 42 danse
1457 1757 41 35 et
1517 1749 212 43 Andante
1734 1782 9 20 ,
1768 1749 284 55 renferment,
2077 1762 57 30 au
2162 1750 157 42 milieu
2339 1750 116 42 d'iné-

707 1827 151 55 galités
887 1826 286 56 choquantes,
1195 1825 213 56 quelques
1443 1825 109 42 bons
1587 1837 214 43 passages,
1832 1832 277 35 notamment
2144 1824 336 43 l'introduction

703 1901 79 54 qui
806 1914 54 28 ne
881 1914 192 42 manque
1098 1914 77 42 pas
1196 1900 107 42 d'un
1326 1899 165 42 certain
1511 1903 212 38 caractère
1745 1908 42 35 et
1806 1898 42 43 la
1871 1900 109 41 belle
2001 1900 157 55 phrase
2175 1899 184 42 chantée
2378 1913 98 28 sans

703 1982 418 50 accompagnement
1155 1988 77 41 par
1265 1974 60 41 les
1356 1973 279 42 violoncelles
1669 1973 161 42 divisés
1865 1988 56 27 au
1966 1974 136 41 début
2132 1974 51 41 de
2214 1973 26 42 Y
2245 1974 224 50 andante;

702 2049 351 43 l'orchestration
1076 2048 52 41 de
1146 2062 68 28 ces
1235 2048 114 43 deux
1371 2061 235 28 morceaux
1629 2057 62 32 est
1713 2048 148 53 ferme,
1890 2049 138 40 serrée
2051 2055 42 34 et
2114 2048 136 41 d'une
2273 2048 205 42 brillante

702 2123 209 43 sonorité.
936 2123 83 41 Les
1040 2122 116 42 deux
1176 2122 221 42 dernières
1418 2121 161 57 parties
1601 2129 100 34 sont
1718 2122 257 42 détestables
1998 2137 9 26 :
2030 2122 39 42 le
2086 2122 183 55 scherzo
2293 2136 44 28 se
2353 2124 99 40 déve-

700 2199 130 55 loppe
869 2211 73 28 sur
982 2211 63 28 un
1089 2199 237 52 pont-neul
1361 2197 200 52 ridicule,
1597 2196 80 55 qui
1707 2196 189 56 rappelle
1936 2197 60 40 les
2037 2196 288 55 inspirations
2362 2211 81 42 pru-

700 2272 353 54 d'hommesques
1074 2271 53 41 de
1143 2271 129 41 Bérat
1300 2279 42 34 et
1363 2271 51 41 de
1440 2270 129 42 Loïsa
1587 2270 162 55 Puget;
1772 2270 39 42 le
1825 2271 124 55 final
1969 2272 86 40 m'a
2079 2284 108 41 paru
2210 2285 101 27 sans
2336 2285 142 42 queue

700 2346 47 42 ni
769 2346 100 43 tête.
889 2346 49 40 Je
959 2344 264 43 n'insisterai
1248 2359 76 42 pas
1347 2345 242 55 davantage
1611 2359 75 28 sur
1703 2345 180 41 Terreur
1918 2344 251 56 déplorable
2188 2345 112 42 d'un
2332 2345 116 42 musi-

700 2421 98 41 cien
820 2420 78 56 qui
921 2420 156 42 adroit
1100 2425 24 36 à
1146 2427 123 35 toute
1305 2429 125 32 notre
1462 2420 167 40 estime.
1666 2419 65 41 M.
1760 2419 547 56 Bourgault-Ducoudray
2333 2429 63 33 est
2418 2434 61 28 un

702 2495 151 41 artiste
874 2496 83 39 très
979 2493 140 42 entier
1140 2494 110 42 dans
1272 2508 64 27 ses
1355 2494 206 55 opinions
1591 2502 41 33 et
1662 2493 78 56 qui
1776 2494 192 41 n'admet
1995 2508 74 41 pas
2093 2495 52 40 de
2175 2495 274 41 concessions
2466 2510 10 37 ;

696 2568 39 54 je
755 2568 65 41 lui
844 2568 148 41 devais
1013 2568 113 41 donc
1150 2568 39 40 la
1211 2569 136 40 vérité
1363 2582 99 27 sans
1485 2568 324 54 ménagement,
1822 2576 42 33 et
1875 2567 70 55 j'ai
1966 2568 190 41 constaté
2179 2569 299 40 brutalement

698 2656 81 27 son
813 2643 143 52 échec,
978 2643 169 53 duquel
1182 2642 29 41 il
1246 2651 174 45 ressort,
1443 2646 24 37 à
1490 2656 104 27 mon
1631 2656 110 39 sens,
1766 2655 87 28 une
1887 2642 165 53 grande
2083 2650 42 34 et
2158 2643 109 41 utile
2287 2643 139 57 leçon,
2452 2646 23 37 à

698 2717 143 40 savoir
866 2730 85 40 que
975 2716 64 41 M.
1065 2716 547 55 Bourgault-Ducoudray
1635 2716 143 42 aurait
1810 2723 86 34 tort
1918 2716 52 41 de
1991 2717 248 54 persévérer
2260 2717 108 40 dans
2391 2730 85 27 une

697 2791 98 41 voie
818 2791 135 55 qu'on
978 2804 53 27 ne
1051 2799 105 44 peut
1178 2789 226 57 parcourir
1426 2804 102 27 avec
1560 2793 150 38 succès
1738 2790 35 41 si
1803 2790 90 42 l'on
1919 2790 111 42 n'est
2050 2791 113 42 doué
2185 2790 52 42 de
2263 2790 213 44 certaines

697 2865 191 55 qualités
910 2865 364 55 indispensables,
1300 2864 78 55 qui
1400 2864 65 41 lui
1488 2865 96 41 font
1604 2865 279 42 absolument
1905 2863 166 44 défaut.

755 2940 121 40 Dans
909 2939 38 41 le
982 2941 142 39 même
1157 2947 191 44 concert,
1374 2939 62 43 M.
1462 2938 279 42 Wienawski
1765 2954 23 26 a
1811 2941 180 40 exécuté
2023 2940 38 41 le
2093 2940 222 42 Concerto
2344 2954 51 28 en
2428 2941 45 41 la

696 3014 175 42 mineur
877 3046 10 21 ,
910 3014 52 39 de
984 3012 64 46 M.
1074 3013 301 54 Vieuxtemps.
1403 3013 64 43 M.
1491 3013 279 42 Wienawski
1797 3022 62 33 est
1888 3028 63 27 un
1975 3013 237 43 violoniste
2248 3015 51 42 de
2321 3015 151 52 talent,

696 3088 31 42 il
749 3088 120 41 vient
889 3088 132 42 d'être
1056 3090 178 38 nommé
1255 3087 245 55 professeur
1523 3102 57 27 au
1603 3088 333 42 Conservatoire
1958 3089 51 41 de
2033 3088 240 44 Bruxelles.
2296 3091 88 40 Son
2403 3090 70 55 jeu

696 3176 194 41 manque
922 3162 51 41 de
1005 3161 185 55 légèreté
1223 3170 41 34 et
1297 3162 264 55 d'élégance,
1585 3163 112 40 mais
1728 3160 31 44 il
1787 3164 172 40 rachète
1994 3177 67 27 ces
2097 3163 169 43 défauts
2288 3179 77 41 par
2387 3177 87 29 une

698 3237 172 41 solidité
901 3244 42 34 et
975 3250 87 28 une
1094 3236 182 55 justesse
1312 3237 359 54 irréprochables.
1708 3236 60 41 Le
1791 3237 152 54 public
1966 3251 21 27 a
2012 3238 79 40 fait
2123 3251 63 28 un
2215 3241 87 38 très
2334 3238 139 56 grand

698 3314 146 39 succès
865 3325 56 27 au
944 3311 197 41 virtuose
1171 3311 112 41 ainsi
1317 3311 102 55 qu'à
1439 3311 185 41 l'œuvre
1655 3312 53 40 de
1729 3311 305 56 Vieuxtemps.
2062 3312 120 42 Pour
2207 3326 73 28 ma
2302 3324 106 45 part,
2433 3313 37 55 je

698 3385 89 54 m'y
809 3384 158 41 associe
1001 3385 102 41 bien
1140 3385 251 53 volontiers,
1416 3389 23 38 à
1462 3385 228 42 condition
1716 3389 135 52 qu'on
1891 3400 69 28 me
1995 3394 237 48 permettra
2262 3389 42 40 la
2339 3387 131 56 petite

697 3473 232 41 remarque
958 3459 204 45 suivante
1187 3474 7 28 :
1221 3460 60 44 les
1316 3460 152 56 Belges
1499 3469 80 34 ont
1617 3460 317 44 certainement
1972 3462 229 55 beaucoup
2231 3463 51 41 de
2316 3463 148 53 talent,
