3492 4358
1722 144 106 48 140

211 300 182 46 Kenner
416 297 129 49 allein
571 296 113 48 über
700 297 123 47 Alles
845 295 169 48 setzen!
1049 294 197 49 Wählen
1267 294 81 47 wir
1372 291 140 50 lieber
1538 290 195 56 Werke,

209 377 42 46 in
282 374 144 49 denen
458 374 68 48 die
553 374 325 63 Begeisterung
905 371 132 48 Hand
1067 372 43 46 in
1142 369 136 49 Hand
1310 370 77 47 mit
1418 369 101 47 dem
1548 367 185 49 Wissen

215 452 123 65 geht,
381 452 79 47 der
492 451 270 48 Reichthum
805 466 58 31 an
898 447 250 50 Gedanken
1200 447 79 47 mit
1321 446 79 47 der
1443 445 290 64 geschickten

211 529 299 63 Behandlung
539 529 80 47 der
649 529 183 47 Gesetze
863 525 78 48 der
972 525 308 65 Composilion
1310 523 91 47 sich
1433 521 248 49 verbindet.

329 625 103 48 Wir
460 624 197 65 glauben
687 624 116 48 auch
835 621 137 55 nicht,
1014 620 101 48 dass
1155 621 122 46 Herr
1315 619 223 47 Soubre
1578 617 152 47 seinen

206 703 238 47 Zuhörern
475 701 163 64 jemals
677 718 52 30 zu
771 699 333 63 schwerfällige
1148 696 88 48 und
1280 696 74 47 für
1382 696 70 46 ihr
1481 696 218 62 Tempera-

210 788 119 38 ment
360 779 350 48 unverdauliche
739 777 154 65 Speise
935 784 226 40 vorsetzen
1198 774 128 47 wird.
1386 774 91 47 Das
1508 776 120 43 wäre
1659 771 70 48 ein

206 871 179 49 grosser
430 856 179 48 Fehler.
678 856 84 47 Die
807 854 251 49 Gränzlinie
1113 851 221 47 zwischen
1378 850 102 47 dem
1524 849 205 47 wirklich

205 932 212 49 Schönen
447 932 88 49 und
562 934 100 47 dem
687 931 339 65 Langweiligen
1058 945 121 32 muss
1207 936 155 55 streng
1390 943 199 48 gezogen
1617 941 85 32 wer-

207 1011 85 47 den
325 1028 41 30 u.
395 1028 32 31 s.
460 1028 53 30 w.
546 1028 41 30 u.
618 1028 31 30 s.
684 1026 53 31 w.
1242 1033 12 5 -

322 1105 49 46 In
402 1104 165 48 diesem
600 1105 137 47 Sinne
775 1105 52 45 ist
869 1101 70 49 die
974 1101 143 47 Wahl
1146 1099 77 48 des
1255 1099 232 47 Directors
1517 1098 82 48 auf
1631 1114 74 32 vor-

205 1181 227 49 treffliche
482 1183 174 47 Werke
699 1180 223 66 gefallen:
967 1179 249 66 Haydn's
1260 1176 201 49 Sinfonie
1505 1176 89 65 Op.
1642 1175 88 58 80,

204 1259 257 47 Mozart's
808 1258 99 50 Ave
861 1274 275 34 verum.
1137 1256 175 50 Mendelssohn's
1341 1254 392 57 Violin-Conceri,

204 1335 78 48 das
314 1338 81 44 wir
426 1336 75 46 für
531 1335 377 65 unvergleichlich
941 1334 150 48 halten
1122 1331 205 54 würden,
1374 1348 131 30 wenn
1537 1330 79 48 das
1646 1348 83 31 von

206 1414 254 47 Beethoven
485 1414 122 48 nicht
628 1414 264 48 vorhanden
917 1418 121 43 wäre
1049 1439 60 8 —
1128 1411 166 47 führen
1320 1409 115 48 über
1458 1409 71 48 die
1555 1410 175 47 Gränze

202 1490 80 47 der
311 1491 347 64 gewöhnlichen
684 1492 130 47 Welt
837 1492 160 46 hinaus
1016 1490 66 47 ins
1104 1489 141 48 Reich
1270 1486 80 48 der
1372 1487 166 47 Ideale.
1576 1487 114 47 Men-

201 1566 316 51 delssohn's
567 1569 419 48 Sinfonie-Cantate
1433 1565 161 48 hörten
1648 1565 82 47 wir

200 1663 99 29 zum
331 1654 146 39 ersten
508 1647 146 55 Male;
685 1646 77 48 das
795 1645 148 49 Werk
974 1644 173 48 scheint
1176 1644 70 47 ein
1278 1642 323 64 mehrmaliges
1634 1644 64 47 Hö-

202 1738 76 31 ren
309 1739 49 30 zu
391 1722 253 57 erfordern,
681 1724 122 47 nicht
832 1724 64 47 als
925 1721 60 50 ob
1015 1738 46 31 es
1090 1721 122 47 nicht
1240 1719 310 49 Schönheiten
1580 1726 149 41 ersten

198 1800 101 48 Ran
304 1816 94 49 ges,
423 1801 70 47 die
512 1802 198 64 sogleich
736 1801 231 56 auffallen,
985 1800 229 54 enthielte,
1240 1797 112 50 aber
1376 1797 99 47 weil
1501 1797 70 49 die
1592 1799 136 47 Form

200 1877 77 47 des
308 1894 184 47 grossen
524 1879 181 48 Ganzen
736 1879 99 47 eine
863 1877 104 49 sehr
1004 1873 287 51 umfassende
1321 1875 92 48 und
1446 1875 251 63 ungewöhn-

200 1955 114 48 liche
343 1956 68 48 ist.
440 1956 128 48 Nach
600 1956 94 48 drei
719 1956 349 48 Sinfoniesätzen
1100 1955 112 63 folgt
1240 1955 70 45 ein
1344 1952 156 48 Finale
1531 1953 78 49 mit
1637 1952 93 48 Soli

201 2033 89 46 und
323 2033 182 49 Chören
546 2050 84 33 von
668 2050 182 50 grosser
878 2035 155 62 Länge
1075 2032 61 47 im
1178 2032 80 47 Stil
1302 2031 79 48 des
1420 2031 310 56 Oratoriums,

201 2126 83 32 von
314 2111 102 47 dem
459 2111 90 47 sich
583 2111 319 49 Mendelssohn
945 2111 120 47 nicht
1110 2110 78 47 hat
1227 2108 260 49 losmachen
1533 2108 196 49 können.

201 2188 58 46 Es
289 2188 53 47 ist
370 2205 52 30 zu
452 2190 318 53 verwundern,
812 2188 101 49 dass
953 2187 79 50 das
1073 2187 44 48 in
1157 2186 82 48 der
1268 2186 241 48 Tonkunst
1546 2202 49 32 so
1626 2186 105 48 weit

201 2265 382 63 vorgeschrittene
628 2265 90 48 und
764 2263 369 65 hervorragende
1165 2262 310 50 Deutschland
1507 2262 92 48 sich
1631 2279 73 31 ver-

200 2342 200 64 pachtet
441 2343 177 64 glaubt,
659 2343 72 49 die
774 2343 377 65 ursprünglichen
1194 2342 201 47 Formen
1438 2341 77 47 des
1559 2341 142 48 Orato-

198 2420 139 47 riums
379 2421 44 47 in
465 2430 197 47 ernsten,
705 2421 254 56 einfachen,
990 2420 256 48 feierlichen
1278 2420 240 63 Gesängen
1546 2436 52 31 zu
1628 2435 74 32 ver-

197 2497 193 64 ewigen,
438 2497 72 48 die
539 2514 120 31 zwar
689 2498 71 47 ihr
788 2498 204 49 Schönes
1023 2497 167 56 haben,
1233 2496 112 48 aber
1376 2496 85 48 wie
1491 2495 79 49 das
1602 2495 127 48 Echo

198 2591 79 31 aus
308 2576 123 47 einer
459 2592 319 49 vergangenen
800 2577 98 47 Zeit
930 2577 180 62 klingen
1143 2575 89 48 und
1259 2575 110 48 aller
1392 2573 338 49 dramatischen

202 2652 262 65 Bewegung
503 2655 281 63 ermangeln.
814 2652 45 66 (!)
920 2653 199 49 Warum
1162 2651 197 49 beraubt
1390 2668 104 31 man
1524 2652 90 47 sich
1648 2651 54 48 ab-

197 2728 201 48 sichtlich
449 2729 80 49 der
578 2732 254 63 mächtigen
883 2729 315 68 Hülfsquellen
1256 2728 82 50 der
1392 2728 337 50 dramatischen

200 2807 166 56 Musik,
411 2806 69 49 die
512 2808 48 64 ja
602 2808 139 48 selbst
783 2808 66 48 bis
886 2809 43 46 in
964 2808 71 47 die
1066 2807 147 49 Musik
1246 2807 120 48 beim
1399 2806 334 49 Gottesdienste

200 2884 86 49 den
322 2886 123 63 Weg
474 2887 229 63 gefunden
734 2886 183 49 haben?
927 2886 336 63 —Uebrigens
1293 2901 97 32 war
1418 2884 71 49 die
1519 2884 180 49 Ausfüh-

200 2980 117 48 rung
339 2963 106 48 sehr
466 2973 98 55 gut,
587 2963 71 48 die
684 2964 167 56 Chöre,
882 2963 256 65 vorzüglich
1162 2963 80 48 der
1263 2963 195 65 Sopran,
1487 2963 242 48 verdienen

202 3041 272 48 besonderes
503 3043 115 47 Lob.
675 3043 95 48 Das
799 3042 250 49 Orchester
1089 3042 150 48 haben
1282 3042 82 46 wir
1406 3041 118 48 noch
1566 3041 71 48 nie
1679 3057 50 32 so

200 3118 264 65 vollständig
507 3119 187 65 gehört:
736 3119 180 49 bessere
949 3119 207 49 Violinen
1198 3118 150 48 dürfte
1390 3133 45 33 es
1480 3117 137 48 kaum
1650 3135 53 31 an-

201 3193 178 50 derswo
629 3198 94 47 Das
757 3197 169 65 einzige
964 3196 225 50 Störende
1231 3197 56 47 ist
1327 3196 80 47 der
1446 3196 184 64 Mangel
1674 3212 56 32 an

202 3273 146 48 reiner
379 3274 260 65 Stimmung
668 3276 44 47 in
742 3276 220 64 gewissen
991 3276 485 47 Blas-Instrumenten.

315 3368 123 49 Herr
466 3371 41 46 J.
538 3371 210 65 Dupuis
779 3371 79 48 hat
886 3368 78 50 das
986 3370 376 48 Violin-Concert
1388 3385 84 32 von
1504 3367 197 51 Mendels-

201 3446 114 47 sohn
346 3448 279 47 meisterhaft
653 3448 210 65 gespielt;
907 3447 78 48 das
1029 3448 398 49 Conservatorium
1472 3447 121 50 kann
1636 3446 93 49 sich

201 3540 52 30 zu
284 3522 167 49 diesem
483 3526 401 62 ausgezeichneten
910 3526 233 56 Künstler,
1167 3526 219 47 welchem
1409 3524 78 50 das
1509 3524 224 49 Lehramt

202 3599 78 49 des
308 3601 285 66 Violinspiels
624 3611 263 40 anvertraut
913 3603 72 57 ist,
1025 3603 145 47 Glück
1203 3603 230 48 wünsche!
1433 3599 4 68 1
1437 3618 26 33 ).
1518 3603 98 47 Der
1646 3603 57 47 Er-

202 3678 92 65 folg
320 3679 149 49 seiner
497 3681 216 64 Leistung
745 3698 111 39 war,
887 3682 85 47 wie
1001 3681 179 58 immer,
1216 3682 70 47 ein
1316 3679 285 66 glänzender.

320 3778 84 47 Die
436 3778 311 49 musicalische
775 3778 133 50 Welt
935 3778 56 49 ist
1019 3780 154 47 Herrn
1202 3777 217 50 Soubre
1461 3778 86 49 den
1579 3781 125 62 gröss-

202 3861 73 41 ten
304 3856 136 47 Dank
468 3855 221 64 schuldig.
718 3857 154 47 Kaum
902 3857 80 47 seit
1011 3857 148 47 einem
1189 3856 168 48 halben
1386 3856 151 49 Jahre,
1556 3857 64 47 als
1648 3856 54 48 Di-

205 3941 146 39 rector
386 3933 78 49 des
503 3933 422 49 Conservatoriums
968 3933 159 65 thätig,
1171 3933 78 49 hat
1291 3950 49 32 er
1383 3933 167 50 bereits
1579 3933 151 65 Dinge

205 4008 65 47 ins
300 4011 147 48 Werk
477 4020 185 56 gesetzt,
704 4012 143 48 deren
872 4012 449 48 Zustandekommen
1353 4012 81 48 wir
1462 4012 114 48 nach
1608 4012 125 48 einer

205 4085 143 50 Reihe
376 4104 84 33 von
487 4090 171 48 Jahren
690 4088 209 50 dankbar
929 4088 254 50 anerkannt
1211 4088 151 50 haben
1392 4088 205 50 würden.

1923 283 141 49 Sollte
2107 300 106 32 man
2257 283 112 50 aber
2413 283 118 49 wohl
2575 282 218 65 glauben,
2848 282 101 50 dass
2991 299 50 33 so
3084 283 264 49 trefflichen

1808 360 355 48 künstlerischen
2191 361 235 48 Genüssen
2450 358 269 66 gegenüber
2742 360 92 48 sich
2860 367 134 41 unter
3025 360 82 48 der
3136 361 185 62 glänzen-

1806 436 87 48 den
1923 438 166 63 Menge
2120 437 81 48 der
2676 436 177 51 Societe
3099 435 249 50 d'Emulati
2832 437 44 47 in
2925 436 140 49 deren
3102 437 134 48 Saale
3276 436 72 49 die

1808 515 223 48 Concerte
2060 515 120 48 Statt
2218 515 171 55 finden,
2434 515 147 63 einige
2618 516 145 63 junge
2803 516 148 47 Leute
2992 515 243 57 befanden,
3277 515 71 49 die

1804 607 49 32 so
1885 591 182 65 unartig
2097 609 173 39 waren,
2312 592 85 47 den
2439 609 172 47 ganzen
2656 591 166 48 Abend
2863 583 225 56 hindurch
3128 609 51 30 zu
3217 592 105 64 plau-

1805 668 112 47 dern
1964 668 89 47 und
2083 676 114 41 trotz
2229 668 323 49 wiederholter
2576 668 354 65 Erinnerungen
2961 668 232 49 durchaus
3222 668 125 49 nicht

1805 744 142 49 damit
1970 744 314 50 aufzuhören?
2310 747 116 48 Was
2450 746 163 48 wollen
2637 746 152 48 solche
2818 746 367 49 unausstehliche
3212 746 136 49 Gäste

1805 823 60 47 im
1896 822 256 49 Concerte?

2575 902 119 47 Den
2736 901 85 48 25.
2863 901 159 64 April
3069 898 161 51 1863.

1924 977 55 47 11.
2011 977 78 48 Bei
2121 977 172 48 meiner
2314 977 242 48 neulichen
2582 978 328 48 Anwesenheit
2935 978 45 48 in
3010 978 233 47 Lüttich
3273 977 75 48 fiel

1810 1053 119 48 mein
1960 1053 124 48 Blick
2116 1053 81 48 auf
2222 1070 154 48 grosse
2399 1054 408 65 Anschlagszettel,
2832 1054 173 49 welche
3028 1053 79 50 das

1804 1132 98 47 cert
1924 1129 65 51 du
2018 1127 346 53 Conservatoire
2390 1131 135 66 royal
2548 1131 56 49 de
2632 1129 219 68 Musique
2881 1132 329 63 ankündigten.
3253 1133 95 47 Das

1805 1209 180 47 machte
2016 1209 119 49 mich
2166 1211 238 63 neugierig
2435 1211 81 48 auf
2553 1209 72 49 die
2666 1211 344 47 musicalischen
3039 1209 232 49 Zustände
3300 1209 45 49 in

1805 1284 169 50 diesem
2017 1303 188 47 grossen
2242 1287 312 48 industriellen
2583 1287 350 57 Bienenstocke,
2977 1287 85 48 den
3095 1287 71 48 die
3196 1287 152 49 Musik

1805 1362 81 49 der
1914 1363 222 57 Ambose,
2168 1364 474 57 Waffenschmieden,
2674 1364 241 50 Hochöfen
2951 1363 91 49 und
3072 1364 238 65 Dampfma-

1805 1440 184 49 schinen
2018 1457 49 33 so
2098 1440 220 50 berühmt
2360 1442 93 48 und
2497 1443 121 48 reich
2657 1442 214 66 gemacht
2900 1443 92 48 hat.
3048 1442 132 48 Noch
3211 1458 136 48 reger

1806 1518 160 48 wurde
2007 1519 149 48 meine
2183 1518 282 66 Neugierde,
2509 1520 63 47 als
2615 1520 70 47 ich
2726 1520 80 49 mit
2837 1519 392 65 Verwunderung
3274 1518 73 49 die

1802 1595 182 50 Namen
2016 1613 190 32 unserer
2236 1613 187 48 grossen
2455 1597 249 49 deutschen
2735 1598 186 48 Meister
2951 1598 82 48 auf
3066 1597 103 48 dem
3199 1597 148 48 Zettel

1792 1672 256 57 -erblickte;
2092 1673 184 66 Haydn,
2319 1674 342 56 Mendelssohn,
2705 1674 182 50 Weber
2916 1692 43 30 u.
2990 1691 33 31 s.
3056 1691 55 31 w.
3142 1673 201 49 bildeten

1805 1749 123 50 nicht
1969 1759 120 40 etwa
2130 1768 88 31 nur
2260 1750 86 50 den
2378 1753 270 65 Haupttheil
2680 1752 77 49 des
2787 1753 316 63 Programms,
3147 1752 198 48 sondern

1805 1829 357 48 ausschliesslich
2194 1829 78 50 das
2302 1847 154 48 ganze.
2512 1830 78 49 Ich
2622 1830 157 49 erfuhr
2810 1830 124 59 bald,
2962 1829 103 50 dass
3095 1829 122 48 diese
3249 1830 66 49 Me-

1804 1906 297 65 tamorphose
2149 1906 83 49 der
2279 1908 304 65 Programme
2639 1908 80 48 das
2766 1906 245 50 Verdienst
3066 1905 78 50 des
3193 1908 155 47 Herrn

1808 1984 237 48 Etienne
2074 1984 225 49 Soubre
2338 1987 79 55 sei,
2458 1987 131 64 jenes
2618 1985 236 65 tüchtigen
2884 1985 244 56 Musikers,
3159 1984 81 49 der
3268 2000 80 33 vor

1805 2061 174 65 einiger
2001 2063 99 48 Zeit
2121 2078 57 33 an
2201 2061 74 50 die
2298 2064 150 65 Spitze
2470 2064 78 48 des
2572 2063 424 49 Conservatoriums
3025 2063 180 64 gestellt
3226 2079 91 32 wor-

1805 2138 86 49 den
1922 2140 70 56 ist,
2023 2140 196 48 welches
2243 2141 316 65 gegenwärtig
2587 2141 45 49 in
2661 2141 138 49 voller
2824 2141 165 47 Blüthe
3011 2140 133 48 steht.
3173 2141 145 47 Natür-

1806 2216 87 49 lich
1924 2218 110 63 ging
2062 2218 71 47 ich
2162 2218 44 48 in
2237 2218 79 49 das
2349 2219 210 48 Concert.

1922 2294 62 47 Es
2025 2293 106 49 fand
2172 2295 46 47 in
2247 2294 103 49 dem
2382 2295 134 48 Saale
2545 2295 80 48 der
2655 2291 180 54 Societe
2860 2291 323 52 d'Emulation
3212 2294 135 58 Statt,

1806 2371 200 49 welcher
2035 2371 141 50 leider
2204 2390 51 30 zu
2289 2373 118 49 klein
2439 2374 77 47 für
2545 2374 72 48 die
2639 2390 78 31 zur
2742 2373 304 63 Aufführung
3069 2373 279 64 vereinigten

1804 2449 161 49 Kräfte
1994 2450 93 48 und
2119 2450 77 48 für
2225 2450 79 48 das
2335 2450 240 48 Publicum
2605 2451 71 56 ist,
2719 2450 80 48 das
2836 2451 90 47 sich
2957 2468 53 30 zu
3041 2450 152 48 diesen
3226 2450 91 48 Con-

1805 2535 154 41 certen
1997 2545 54 31 zu
2095 2528 204 64 drängen
2329 2529 187 48 scheint.
2572 2530 97 47 Das
2698 2529 268 57 Orchester,
2996 2528 197 48 welches
3225 2529 123 47 Herr

1805 2604 183 48 Soubre
2031 2604 221 64 dirigirte,
2294 2606 143 49 zählte
2470 2605 69 50 75
2572 2605 66 50 bis
2670 2605 70 50 80
2773 2605 275 66 Mitglieder,
3093 2605 81 48 der
3206 2605 141 57 Chor,

1805 2690 91 41 erst
1924 2684 277 65 neuerdings
2232 2684 144 48 durch
2407 2685 75 47 ihn
2512 2684 219 66 gebildet,
2759 2685 81 47 soll
2864 2685 142 47 schon
3031 2684 71 48 die
3125 2684 113 48 Zahl
3260 2700 85 32 von

1810 2759 105 49 140
1946 2760 356 49 Mitwirkenden
2331 2761 198 48 erreicht
2556 2761 168 48 haben.

1924 2839 85 47 Die
2039 2839 203 48 Sinfonie
2271 2840 43 47 in
2901 2839 70 61 D,
2459 2840 89 65 Op.
2581 2840 49 56 5,
2675 2856 82 32 von
2792 2837 195 68 Haydn
3034 2839 181 48 machte
3258 2837 87 50 den

1802 2914 200 67 Anfang.
2050 2916 62 47 Es
2144 2933 97 31 war
2270 2916 117 50 eben
2417 2934 48 32 so
2496 2917 288 56 interessant,
2824 2915 71 49 die
2923 2915 425 49 Vollkommenheit

1802 2992 82 49 der
1913 2995 311 65 Ausführung
2253 2995 145 48 durch
2430 2995 80 49 das
2538 2995 253 49 Orchester
2831 3011 53 31 zu
2929 2994 307 57 beobachten,
3282 2995 63 48 als

1802 3070 88 49 den
1921 3071 251 50 fesselnden
2195 3072 251 59 Eindruck,
2478 3072 86 50 den
2587 3074 63 48 sie
2674 3072 81 50 auf
2779 3072 80 50 das
2882 3071 241 50 Publicum
3150 3071 197 59 machte,

1804 3150 195 48 welches
2022 3150 123 48 nicht
2166 3168 89 31 nur
2276 3150 140 66 jeden
2439 3151 103 50 Satz
2566 3152 81 47 mit
2669 3151 353 48 Enthusiasmus
3046 3150 299 57 beklatschte,

1802 3227 199 49 sondern
2030 3244 138 49 sogar
2196 3227 80 50 das
2296 3229 216 49 Andante
3291 3229 57 49 da
2771 3229 97 48 rief.
2898 3230 108 47 Man
3038 3229 121 48 kann
3187 3241 158 51 sagen,

1804 3303 103 50 dass
1956 3305 80 48 der
2087 3306 310 65 gemüthliche
2436 3306 168 66 Haydn
2652 3307 154 47 seinen
2849 3306 176 65 Einzug
3066 3305 46 49 in
3144 3306 201 65 Gretry's

1804 3382 266 50 Vaterstadt
2116 3385 80 47 mit
2238 3385 118 48 allen
2398 3384 172 49 seinem
2603 3384 171 49 Genius
2816 3382 334 66 gebührenden
3187 3384 158 48 Ehren

1804 3460 216 64 gehalten
2062 3462 92 49 hat.
2211 3462 87 49 Die
2333 3462 159 49 zweite
2535 3464 228 47 Nummer
2804 3479 159 32 waren
3005 3461 94 50 drei
3138 3461 180 66 Gesang-

1804 3538 158 49 stücke
1992 3555 81 33 aus
2106 3538 217 51 Weber's
2352 3540 220 49 Oberon:
2603 3540 81 49 der
2712 3540 326 57 Männerchor,
3069 3538 71 50 die
3172 3540 140 48 Barca-

1804 3617 96 48 role
1931 3617 92 50 und
2054 3617 81 50 der
2159 3617 125 50 Chor
2312 3618 43 49 in
2448 3617 570 50 Amit
2552 3620 317 54 Tenor-Solo;
2898 3618 63 49 sie
2991 3617 191 50 wurden
3217 3617 130 50 recht

1804 3695 141 48 schön
1975 3711 236 50 gesungen
2243 3696 92 48 und
2365 3697 220 48 erhielten
2615 3696 221 49 ebenfalls
2865 3711 187 50 grossen
3085 3695 173 49 Beifall.

1921 3773 99 49 Der
2049 3773 171 66 einzige
2242 3775 491 49 Instrumental-Solist
2752 3791 59 32 an
2834 3773 170 50 diesem
3027 3767 198 56 Abende
3249 3789 96 33 war

1802 3851 126 48 Herr
1970 3852 152 48 Leon
2164 3853 272 58 Massart,
2491 3853 178 47 Lehrer
2717 3852 79 50 des
2837 3851 390 66 Violoncellspiels
3269 3867 75 32 am

1805 3930 427 57 Conservatorium;
2270 3932 133 47 allein
2434 3931 72 48 die
2537 3931 205 58 Qualität
2770 3938 189 41 ersetzte
2987 3931 73 48 die
3089 3930 255 59 Quantität.

1804 4008 52 49 In
1886 4007 103 48 dem
2020 4008 301 65 schwierigen
2352 4008 225 50 Concerte
2609 4010 76 45 für
2713 4008 80 50 das
2822 4010 253 48 Violoncell
3116 4025 83 33 von
3232 4008 75 49 Mo-

1806 4086 156 66 lique
1990 4086 145 66 zeigte
2164 4104 50 31 er
2242 4087 93 48 sich
2360 4087 63 50 als
2446 4086 243 66 würdigen
2709 4087 300 50 Nacheiferer
3031 4104 86 31 von
3144 4086 200 54 Servais;
