3492 4358
1893 206 0 0 142

284 301 263 49 Praktische
579 302 87 48 und
698 302 300 48 theoretische
1030 302 183 46 Kenner
1251 300 80 47 der
1366 297 292 65 liturgischen
1689 300 83 45 Ter-

284 380 243 63 minologie
556 380 149 47 haben
735 380 90 47 sich
857 395 143 48 gegen
1032 377 117 47 mich
1178 376 253 64 persönlich
1462 374 137 49 dahin
1639 378 135 61 geäus-

282 462 108 50 sert,
419 454 101 49 dass
551 457 70 46 ein
645 456 175 47 solcher
843 453 409 66 Sprachgebrauch
1277 452 134 47 ihnen
1436 451 267 48 unbekannt
1724 452 77 47 sei.

399 532 256 63 Allerdings
686 532 174 48 kommt
887 531 79 48 der
995 532 169 47 Name
1192 527 155 51 Missa
1374 529 145 49 brevis
1553 545 95 39 vor,
1691 527 112 49 aber

280 625 88 31 nur
397 609 62 46 als
487 609 268 47 äusserliche
780 609 298 61 Benennung,
1108 623 74 31 um
1213 607 62 47 sie
1303 623 84 30 von
1418 606 85 47 den
1535 606 267 63 unzähligen

282 683 77 48 des
400 686 204 63 gleichen
650 686 304 48 Wortinhalts
998 683 302 48 bezeichnend
1343 700 52 30 zu
1437 682 365 54 unterscheiden,

280 761 91 48 und
401 778 119 31 zwar
551 762 68 48 bei
651 762 85 48 den
769 762 399 49 katholischen
1199 761 321 63 Componisten
1552 759 251 49 Palestrina

283 837 91 48 und
418 838 205 48 Orlando
663 841 167 55 Lasso;
872 857 33 31 s.
948 838 240 56 Proske,
1675 838 34 47 I.
1757 835 45 50 1.

282 915 136 47 Diese
454 913 179 51 Missae
675 915 152 50 breves
868 915 148 49 haben
1059 914 353 48 sämmtliche
1455 913 201 47 Theile
1699 912 104 48 und

284 992 201 48 Worte
515 993 79 48 der
623 994 344 64 gewöhnlichen
998 994 176 47 Messen
1223 992 91 48 und
1357 990 96 49 sind
1484 990 122 49 nicht
1648 992 156 63 länger

282 1069 91 48 und
406 1069 175 56 kürzer,
611 1072 62 45 als
702 1070 133 49 diese.

397 1147 130 47 Eben
557 1163 49 31 so
636 1148 76 47 hat
740 1148 210 47 Luther's
990 1145 374 66 protestantische
1392 1145 144 47 Messe
1578 1148 187 46 sämmt-

280 1222 149 48 liche
477 1223 195 47 Theile
721 1223 109 48 und
876 1224 199 48 Worte
1117 1223 82 48 der
1241 1222 254 49 römischen
1538 1222 265 64 vollständig

280 1298 313 49 beibehalten:
621 1298 170 67 Kyrie,
835 1299 179 62 Gloria,
1055 1300 158 60 Credo,
1254 1299 218 61 Sanctus,
1501 1298 301 62 Benedictas,

278 1374 164 67 Agnus
446 1413 11 19 ,
499 1376 91 49 und
635 1379 189 64 nirgend
870 1379 193 48 braucht
1101 1396 48 31 er
1191 1376 79 50 das
1300 1378 142 49 Wort
1469 1374 155 52 Missa
1657 1375 147 52 brevis

283 1453 76 45 für
387 1453 123 48 seine
547 1469 116 33 neue
692 1455 222 65 Liturgie,
952 1455 70 48 die
1063 1455 92 47 sich
1197 1472 88 30 nur
1326 1454 43 48 in
1415 1453 83 49 den
1547 1454 254 65 übrigen

279 1529 188 48 Theilen
491 1531 90 47 und
607 1531 137 49 deren
764 1533 305 64 Anwendung
1091 1549 85 32 von
1200 1531 81 50 der
1303 1533 169 48 älteren
1497 1531 305 59 unterschied,

279 1606 155 50 nicht
462 1608 111 48 aber
600 1609 42 48 in
673 1609 85 48 den
790 1610 308 48 Kerntheilen.

397 1685 179 48 Woher
606 1686 129 47 rührt
763 1704 91 31 nun
886 1689 54 47 A.
970 1704 37 32 v.
1039 1688 260 48 Dommer's
1328 1688 287 63 Benennung
1642 1703 56 32 an
1723 1686 81 49 der

279 1763 327 63 angegebenen
637 1764 167 49 Stelle?
848 1766 94 47 Das
971 1765 217 48 Vorwort
1216 1765 78 48 des
1323 1764 161 48 achten
1515 1764 179 48 Bandes
1723 1764 80 48 der

277 1839 372 66 Bach-Ausgabe
689 1858 85 30 von
819 1844 61 47 M.
919 1844 366 63 Hauptmann
1335 1841 208 49 erwähnt
1589 1841 124 49 ihrer

296 1912 226 60 transitu;
547 1917 114 47 auch
693 1917 79 49 das
813 1919 218 48 Vorwort
1070 1919 80 48 das
1191 1919 203 48 sechsten
1437 1917 178 49 Bandes
1724 1935 80 31 zur

278 1991 354 52 H-mcll-Messe
653 2023 60 5 —
730 2011 84 32 von
842 1998 105 46 Jul.
978 1996 158 48 Rietz
1167 1996 100 47 thut
1296 1996 70 47 ein
1399 1995 221 49 Gleiches.
1667 1995 136 49 Beide

278 2070 121 49 Male
439 2072 225 49 erscheint
705 2072 69 49 die
821 2075 281 63 Benennung
1144 2075 122 47 nicht
1304 2074 64 48 als
1411 2074 99 48 eine
1555 2074 246 48 Definition

278 2146 110 50 oder
411 2149 197 64 typische
625 2150 351 66 Terminologie.
1002 2151 145 48 Wäre
1163 2150 197 49 dieselbe
1383 2150 236 65 irgendwo
1643 2166 132 50 accep-

277 2224 91 57 tirt,
409 2240 48 32 so
487 2226 190 47 würden
708 2226 82 47 wir
818 2227 62 49 sie
908 2229 43 47 in
981 2229 87 47 den
1097 2229 207 47 zahreich
1336 2227 306 65 gewordenen
1674 2229 106 47 litur-

278 2301 181 65 gischen
492 2302 360 60 Handbüchern,
879 2306 229 48 Lexikons
1139 2324 41 30 u.
1210 2323 33 31 s.
1274 2323 55 31 w.
1366 2305 238 65 irgendwo
1634 2306 170 48 wieder

275 2377 168 50 finden.
475 2380 61 47 Es
560 2381 157 48 würde
748 2382 92 49 also
870 2399 84 32 von
978 2385 221 47 Interesse
1228 2384 110 55 sein,
1361 2399 132 32 wenn
1519 2384 54 48 A.
1596 2400 37 32 v.
1660 2385 107 47 Dom-

274 2472 99 31 mer
401 2456 111 48 oder
539 2459 61 47 M.
631 2459 298 64 Hauptmann
966 2460 112 48 oder
1105 2462 39 47 J.
1174 2461 126 48 Rietz
1346 2460 70 48 die
1448 2461 228 47 Herkunft
1707 2461 71 48 die-

273 2547 71 33 ser
374 2533 298 66 Benennung,
703 2536 172 48 welche
914 2554 189 32 ausser
1145 2537 97 49 den
1288 2537 139 49 eben
1470 2537 296 65 angegebe-

273 2626 104 31 nen
416 2611 212 48 Stellen
668 2613 122 47 nicht
819 2615 353 48 vorzukommen
1200 2615 190 58 scheint,
1431 2633 51 30 zu
1512 2615 291 49 öffentlicher

277 2687 167 48 Kunde
472 2705 52 30 zu
555 2688 190 66 bringen
776 2691 70 48 die
877 2692 117 48 Güte
1026 2692 165 48 hätten.

390 2765 86 48 Die
504 2766 146 48 Sache
692 2784 56 31 an
790 2768 90 47 sich
919 2770 56 48 ist
1014 2786 84 32 von
1141 2771 235 63 geringem
1415 2770 191 64 Belang,
1647 2770 151 49 sofern

274 2840 116 50 eben
432 2860 87 30 nur
557 2843 71 49 die
670 2846 289 63 Registratur
1000 2848 201 64 gemeint
1237 2848 67 49 ist.
1361 2847 118 50 Wer
1517 2848 181 49 möchte
1727 2848 71 50 die

270 2918 337 50 verschollenen
631 2922 339 65 Ringelrennen
994 2941 241 39 erneuern,
1260 2925 219 48 darinnen
1496 2925 90 48 sich
1604 2941 78 33 vor
1698 2926 75 48 Zei-

270 3002 74 42 ten
387 2997 269 50 ästhetische
698 3000 243 66 Hitzköpfe
983 3002 233 57 erhitzten,
1262 3020 76 30 um
1380 3002 80 48 mit
1502 3003 297 49 hochernster

269 3073 151 48 Miene
461 3092 53 31 zu
556 3076 306 61 entscheiden,
904 3078 60 49 ob
1006 3078 81 50 das
1124 3080 123 66 Ding
1289 3080 57 48 da
1389 3080 130 48 mehr
1545 3082 253 57 Romanze,

270 3151 188 49 Ballade
498 3152 109 48 oder
635 3154 260 65 Rhapsodie
929 3175 52 30 zu
1027 3158 175 47 heissen
1587 3158 59 49 ob
1670 3160 128 64 jenes

272 3228 382 51 Beethoven'sche
684 3233 156 47 Finale
882 3234 129 49 mehr
1041 3237 198 64 Fugato,
1270 3236 228 65 Fughette
1528 3236 111 48 oder
1667 3238 132 63 Fuge

270 3306 90 55 sei;
407 3306 60 48 ob
510 3307 70 48 die
625 3309 382 51 Schubert'schen
1049 3314 310 64 Impromptus
1398 3314 89 64 Op.
1524 3313 104 48 142
1676 3314 123 47 nicht

270 3381 154 50 besser
452 3384 167 50 Sonate
647 3403 53 31 zu
733 3387 184 49 betiteln
948 3406 42 32 u.
1018 3406 33 32 s.
1082 3407 56 32 w.
1187 3391 164 48 Solche
1380 3392 417 63 Untersuchungen

270 3459 98 49 sind
399 3459 135 50 kaum
566 3463 62 47 als
658 3464 321 50 Formstudien
1008 3485 52 29 zu
1092 3476 236 56 ertragen;
1357 3468 198 48 vollends
1585 3468 214 50 verkehrt

270 3535 113 50 aber
424 3538 70 58 ist,
537 3555 79 33 aus
659 3541 288 66 dergleichen
978 3544 506 50 Verbal-Definitionen
1525 3546 177 49 Stricke
1742 3563 52 31 zu

270 3613 189 60 drehen,
490 3633 74 31 um
589 3618 439 69 Schwachgläubige
1058 3622 297 65 einzulangen
1384 3624 42 47 in
1456 3624 200 66 logische
1685 3623 112 50 oder

269 3692 201 48 ethische
512 3694 262 59 Normen,
816 3698 117 48 nach
964 3699 144 49 denen
1139 3701 91 47 sich
1268 3707 119 42 etwa
1416 3701 80 49 der
1534 3701 263 49 schaffende

266 3769 219 48 Künstler
512 3787 54 32 zu
597 3772 170 49 richten
797 3774 134 50 habe.
974 3777 61 47 Es
1065 3777 54 47 ist
1147 3793 111 49 ganz
1289 3778 311 65 gleichgültig,
1629 3778 60 48 ob
1719 3779 73 47 ein

265 3847 245 49 niedliches
539 3849 140 48 Stück
708 3859 201 56 genannt
937 3853 154 50 werde
1117 3854 314 69 Impromptu,
1460 3854 211 51 Moment
1694 3872 68 34 mu-

266 3924 126 60 sical,
420 3923 219 65 Melodie,
672 3927 332 59 Ciavierstück;
1102 3932 85 48 alle
1210 3932 107 64 jene
1342 3933 166 50 Worte
1539 3934 163 49 dienen
1733 3936 41 47 le-

269 4000 163 65 diglich
453 4021 53 30 zu
529 4004 264 66 Vignetten,
819 4007 307 58 Handhaben,
1149 4010 282 65 Etiquetten,
1460 4028 76 31 um
1568 4012 80 48 das
1675 4012 96 48 rich-

269 4076 91 65 tige
388 4080 257 51 Schubfach
682 4084 269 57 zutreffen;
995 4085 86 50 den
1122 4087 149 48 Inhalt
1313 4087 231 50 berühren
1589 4089 92 48 und
1723 4089 73 50 die

1876 298 137 47 Form
2044 297 158 48 lehren
2231 298 62 47 sie
2321 313 49 32 so
2400 297 165 63 wenig,
2610 297 62 47 als
2710 294 70 50 die
2810 296 178 48 Namen

1889 371 238 61 Exercice,
2142 374 172 49 welche
2343 373 239 50 Sebastian
2608 373 121 47 Bach
2762 372 89 48 und
2876 373 322 64 Zeitgenossen
3228 373 178 66 völlig

1874 449 394 66 gleichdeutig
2309 449 256 66 gebraucht
2605 448 166 50 haben.
2827 449 62 47 Es
2931 448 55 47 ist
3016 449 141 47 leeres
3186 449 192 65 Schulge-

1874 528 156 56 zänke,
2067 527 144 49 dieses
2240 528 198 64 Gefrage
2467 527 115 48 nach
2613 527 102 47 dem
2748 526 328 49 Unterschiede
3106 527 272 63 untergeord-

1876 612 128 41 neter
2047 606 216 47 Formen.
2323 604 335 64 Hauptformen
2700 603 157 48 stehen
2902 618 54 32 an
2994 603 92 47 sich
3129 603 138 48 selbst
3311 603 95 56 fest,

1877 681 148 48 haben
2048 682 286 54 ästhetische,
2358 681 466 66 logisch-historische
2848 679 290 65 Bedeutung,
3162 694 75 34 so:
3267 682 139 62 Epos,

1876 759 154 66 Lyrik,
2062 761 174 47 Drama
2248 759 228 56 —Vocal,
2500 758 322 48 Instrumental
2926 758 110 47 Lied
3068 757 90 48 und
3190 758 127 65 Oper

1878 837 166 48 Choral
2077 835 91 49 und
2198 837 269 48 Oratorium
2596 835 297 65 Homophon,
2925 835 251 64 Polyphon,
3209 835 164 47 Harmo-

1877 913 122 48 nisch
2008 942 63 5 —
2084 913 79 49 das
2190 913 98 48 sind
2321 910 728 59 Wesens-Unterschiede,
3091 912 71 48 die
3194 928 103 32 man
3337 929 46 31 er-

1878 989 177 48 kennen
2088 990 118 49 kann
2231 989 90 48 und
2345 990 157 47 lehren
2530 1006 134 31 muss.
2692 989 75 48 Sie
2796 989 146 64 liegen
2973 988 101 48 dem
3107 989 300 48 ästhetischen

1876 1068 175 48 Urlheil
2084 1068 175 48 überall
2288 1068 267 48 unbewusst
2583 1084 53 31 zu
2669 1067 212 57 Grunde;
2928 1067 185 63 wichtig
3153 1067 55 47 ist
3250 1067 158 53 daher,

1877 1144 151 48 solche
2060 1144 341 50 Grundformen
2431 1162 52 30 zu
2516 1143 334 49 bestimmen
2883 1166 50 19 =

1877 1222 208 66 dagegen
2130 1219 124 60 alles,
2297 1238 93 33 was
2434 1222 322 64 Uebergangs-
2800 1220 111 49 oder
2942 1220 264 49 Mittelform
3255 1222 151 55 heisst,

1877 1296 110 51 oder
2015 1299 235 57 vielmehr,
2281 1316 92 31 was
2404 1299 91 48 und
2528 1317 70 30 wo
2629 1314 45 32 es
2705 1298 81 48 der
2815 1296 281 50 Grundform
3126 1298 122 47 nicht
3279 1298 129 48 mehr

1878 1376 175 59 bedarf,
2103 1378 80 47 mit
2222 1378 318 63 zeitgemässer
2584 1375 267 50 Liberalität
2884 1394 60 22 =
2982 1374 428 51 Latitudinarismus

1876 1472 53 30 zu
1961 1454 383 49 beschreiben
2384 1454 111 48 oder
2524 1453 319 49 umschreiben
2872 1473 60 22 =
2961 1450 265 62 describere,
3259 1468 121 39 nuga-

1877 1529 214 60 (PQU&IV,
2131 1530 94 50 und
2267 1547 122 33 zwar
2441 1530 73 59 da,
2566 1548 72 32 wo
2681 1547 45 33 es
2780 1548 80 30 zur
2900 1530 299 48 historischen
3241 1529 167 48 Kunde

1874 1609 304 65 erspriesslich
2207 1609 69 49 ist.

1994 1688 130 47 Denn
2169 1685 71 50 die
2283 1685 267 50 historische
2579 1684 168 49 Kunde
2778 1685 172 48 fordert
2991 1685 273 48 zuweilen
3309 1685 99 47 eine

1876 1764 289 65 Erörterung
2206 1763 364 49 schwankender
2611 1763 424 64 Terminologieen;
3091 1778 46 32 es
3181 1761 144 49 kann
3360 1761 48 65 ja

1874 1840 236 65 irgendwo
2140 1843 223 47 Interesse
2394 1840 169 57 haben,
2593 1839 81 49 der
2704 1839 374 67 diplomatischen
3109 1840 151 47 Treue
3289 1839 114 48 auch

1876 1919 143 48 dieses
2048 1937 52 30 zu
2130 1926 242 59 gestatten,
2401 1919 102 49 dass
2532 1917 71 50 die
2712 1919 131 47 meist
2871 1919 151 63 arglos
3052 1916 259 65 gewählten

1876 1996 345 65 Benennungen
2277 1996 81 48 der
2405 1995 309 65 Kategorieen
2763 1995 82 48 mit
2892 1994 271 64 aufgeführt
3210 1992 198 50 werden.

1873 2075 117 47 Zum
2018 2075 192 65 Beispiel
2240 2074 43 48 in
2314 2090 210 33 unserem
2547 2074 151 48 Falle:
2734 2080 102 57 sagt
2855 2071 195 50 Jemand
3074 2069 155 52 Missa
3246 2069 161 62 brevis,

1878 2166 92 32 was
2000 2151 70 47 ein
2100 2149 174 67 (heute)
2305 2151 159 48 nicht
2491 2150 210 48 üblicher
2730 2150 243 48 Terminus
3002 2149 69 57 ist,
3107 2164 49 33 so
3190 2149 118 64 fragt
3336 2149 70 48 ein

1876 2227 227 58 Anderer,
2131 2229 61 48 ob
2222 2245 46 31 es
2297 2229 81 48 der
2408 2229 166 56 Autor,
2602 2227 123 49 seine
2754 2226 303 50 theoretische
3086 2226 321 56 Gewohnheit,

1876 2305 110 49 oder
2008 2305 94 48 sein
2123 2306 233 56 Zeitalter,
2385 2305 112 49 oder
2528 2321 96 32 wer
2650 2311 126 42 sonst
2804 2304 81 48 mit
2913 2304 146 48 dieser
3086 2304 212 64 Vignette
3330 2302 51 50 be-

1876 2391 142 40 nannt
2047 2382 133 50 habe.
2240 2384 185 48 Wissen
2456 2384 84 47 wir
2569 2399 93 32 nun
2692 2381 255 57 historisch,
2978 2381 101 48 dass
3109 2381 123 48 Seb.
3262 2381 144 48 Bach

1874 2460 84 48 auf
1967 2460 105 65 jene
2097 2460 231 48 kleineren
2349 2461 178 48 Messen
2558 2460 44 47 in
2629 2459 61 60 F,
2719 2457 62 61 A,
2804 2475 49 51 g,
2885 2457 42 52 G
2956 2457 87 50 den
3067 2459 115 47 Titel
3212 2455 71 51 M.
3311 2459 72 48 bre-

1873 2535 70 53 vis
1971 2537 156 49 nicht
2155 2537 316 65 geschrieben,
2494 2537 103 50 dass
2625 2552 51 32 er
2705 2536 81 48 auf
2808 2536 92 48 sein
2925 2536 307 65 gewaltigstes
3256 2535 151 49 Werk

1873 2633 86 31 nur
1989 2615 71 49 die
2089 2616 251 48 Aufschrift
2366 2624 161 40 setzte:
2566 2615 362 48 Passionsmusik
2972 2615 114 48 nach
3125 2612 103 50 dem
3260 2615 118 47 Evan-

1872 2692 169 66 gelium
2074 2693 205 56 Matthäi,
2326 2710 49 32 so
2418 2696 174 62 genügt
2632 2709 84 31 uns
2745 2691 79 49 das
2853 2692 166 50 Avzog
3054 2687 97 61 s'(pa
3189 2690 191 48 vollkom-

1872 2787 118 33 men.
2020 2771 98 49 Wo
2142 2789 92 30 nun
2258 2771 72 48 die
2353 2770 312 49 Enkelkinder
2690 2770 214 48 kommen
2936 2767 93 50 und
3057 2768 185 49 streiten
3267 2767 112 50 brün-

1870 2848 195 65 stiglich,
2094 2848 61 49 ob
2187 2865 45 32 es
2260 2846 184 52 Divina
2472 2845 254 53 commedia
2757 2846 175 49 heissen
2964 2848 150 46 müsse
3143 2846 113 48 oder
3285 2846 91 48 Ora-

1870 2927 187 57 torium,
2085 2942 50 33 so
2164 2926 56 48 ist
2248 2926 78 49 das
2357 2927 72 48 ein
2457 2926 149 48 reines
2629 2925 475 63 Privat-Vergnügen.
3133 2925 123 48 Wer
3285 2923 125 49 einer

1870 3003 564 50 historisch-ästhetischen
2465 3001 345 66 Beschreibung
2842 3001 177 58 bedarf,
3058 3000 142 49 findet
3228 3000 72 49 die
3328 3017 53 49 ge-

1869 3081 214 49 sundeste
2105 3081 92 48 und
2221 3081 265 48 treffendste
2508 3081 42 48 in
2570 3078 400 68 Chrysander's
2988 3077 197 58 Händel,
3204 3077 51 58 2,
3274 3074 132 53 457:

1881 3161 123 56 „Das
2034 3158 270 50 Oratorium
2349 3160 55 48 ist
2444 3158 72 49 die
2545 3157 512 66 Vergegenwärtigung
3099 3156 190 65 heiliger
3320 3154 56 49 Ge-

1869 3237 200 48 schichte
2109 3237 43 48 in
2184 3236 282 49 Tonbildern
2507 3254 86 31 von
2635 3236 277 48 dramatisch
2950 3233 268 65 lebendiger
3247 3234 127 47 Bewe-

2136 3314 119 49 Wer
2284 3332 93 31 nun
2413 3331 111 39 „von
2550 3312 179 49 Händel
2754 3312 88 48 den
2871 3311 222 66 Begriff
3118 3311 287 48 abstrahiren

2046 3392 86 48 wie
2155 3392 56 49 A.
2235 3408 37 32 v.
2296 3393 286 54 Dommer,
2606 3391 256 54 Elemente,
2885 3388 130 57 343,
3045 3388 81 48 der
3154 3389 103 47 thut
3286 3387 120 49 wohl

1869 3468 168 57 daran;
2067 3486 88 32 nur
2182 3486 212 48 vergesse
2423 3485 49 31 er
2502 3468 139 57 nicht,
2683 3467 102 49 dass
2813 3466 219 49 Händel
3071 3466 181 48 selbst
3295 3464 111 50 oder

1868 3548 123 47 seine
2018 3548 100 48 Zeit
2146 3547 151 49 diesen
2608 3546 107 48 sehr
2743 3546 264 63 weitherzig
3048 3542 355 51 latitudinarisch

1869 3624 150 58 fasste,
2061 3624 151 49 indem
2243 3642 34 31 z.
2309 3626 49 47 B.
2396 3619 134 54 Acis
2573 3622 106 49 und
2723 3623 240 48 Galatea
3005 3618 398 51 verschiedentlich

1868 3702 202 49 benannt
2099 3703 138 48 wird:
2281 3718 29 33 a
2337 3717 203 51 masque,
2569 3699 218 70 pastoral
2810 3715 158 52 opera,
3006 3697 247 62 Serenata,
3286 3698 87 50 Ora-

1878 3777 184 63 torium,
2081 3781 84 64 vgl.
2197 3781 72 48 die
2298 3781 270 64 Ausgaben,
2610 3779 149 47 ferner
2789 3779 250 64 Burney,
3201 3777 52 56 4,
3279 3774 124 54 362,

1867 3857 94 48 und
1992 3857 398 67 Chrysanaer,
2420 3856 197 58 Händel,
2655 3856 45 57 1,
2725 3853 139 57 479;
2894 3854 52 59 2,
2975 3853 110 51 263
3097 3854 160 47 —wie
3286 3852 116 48 denn

1868 3934 265 66 überhaupt
2174 3936 43 48 in
2259 3934 353 50 verschiedenen
2640 3933 156 48 Zeiten
2842 3933 76 47 für
2959 3933 71 47 ein
3073 3930 93 50 und
3196 3928 206 52 dasselbe

1869 4012 153 51 Werk
2051 4021 160 58 gesagt
2239 4012 190 51 worden
2470 4013 54 47 ist
3251 4027 30 33 a
3363 4026 48 34 sa

1891 4090 186 51 Drama
2320 4089 108 67 mysticum
2429 4089 71 51 und
2501 4089 275 59 Aehnliches,
2815 4087 219 50 worüber
3063 4087 241 49 höchstens
3333 4083 68 49 ein
