3210 4361
560 3698 67 54 44

547 454 309 44 L'isolement
898 453 267 51 thermique
1210 452 114 42 final
1370 452 58 42 de
1470 460 100 34 tout
1613 467 72 35 sys-

546 529 124 42 tème
701 527 98 44 doit
828 527 101 43 être
959 527 176 42 obtenu
1165 543 59 26 au
1254 527 277 41 maximum.
1562 526 38 40 Il
1632 525 51 42 de-

545 619 83 25 vra
656 602 215 51 toujours
900 601 100 43 être
1028 618 59 25 au
1115 600 154 42 moins
1298 600 99 51 égal
1426 600 26 42 à
1480 599 122 42 celui
1631 598 52 42 ob-

546 686 112 33 tenu
689 692 83 34 par
803 691 63 26 un
896 691 107 26 mur
1034 675 57 42 de
1124 675 21 40 1
1178 673 81 53 1/2
1287 673 194 52 briques
1512 672 172 50 d'épais-

547 766 123 26 seur.
701 749 132 42 Dans
864 750 42 40 le
937 748 206 51 système
1174 764 58 25 en
1263 748 143 42 béton
1436 748 112 40 dont
1578 746 30 41 il
1641 754 69 34 est

545 823 219 52 question
791 823 74 49 ici,
890 831 123 34 cette
1038 822 244 42 condition
1307 830 70 33 est
1402 820 193 52 acquise
1621 820 66 41 lar-

546 906 200 42 gement,
776 896 43 42 le
850 896 247 50 complexe
1127 896 173 41 réalisé
1331 903 257 42 procurant
1618 908 92 27 une

546 971 262 42 résistance
854 987 59 25 au
957 978 196 42 passage
1200 969 81 42 des
1328 968 201 41 calories
1575 967 108 50 supé-

546 1045 160 42 rieure
736 1044 56 42 de
818 1044 52 42 30
896 1060 42 34 p.
963 1060 38 26 c.
1027 1043 26 42 à
1079 1042 119 42 celle
1223 1042 176 42 obtenu
1424 1057 86 34 par
1535 1041 43 41 le
1603 1056 108 26 mur

548 1119 57 42 de
635 1119 19 40 1
687 1117 82 52 1/2
796 1117 208 52 briques.
1033 1116 72 43 Ce
1134 1116 247 50 complexe
1410 1130 50 26 se
1488 1129 223 35 compose

548 1192 57 42 de
650 1191 274 43 l'extérieur
968 1206 109 26 vers
1122 1189 263 43 l'intérieur
1439 1205 8 25 :
1500 1188 40 41 1°
1573 1188 139 42 d'une

546 1265 280 42 membrane
847 1281 58 26 en
925 1265 141 41 béton
1087 1263 132 42 armé
1241 1265 57 41 de
1317 1263 26 42 0
1360 1278 61 26 m.
1444 1262 50 42 10
1515 1261 172 50 d'épais-

550 1355 134 35 seur;
724 1338 43 42 2°
806 1338 107 42 d'un
952 1337 109 42 vide
1101 1338 57 41 de
1195 1336 25 43 0
1254 1352 62 26 m.
1352 1336 53 42 02
1441 1336 26 41 à
1502 1335 26 43 0
1562 1351 61 25 m.
1660 1335 52 41 06

548 1413 235 42 constitué
807 1428 84 34 par
917 1427 92 27 une
1033 1411 124 42 série
1183 1411 57 41 de
1263 1410 198 41 matelas
1488 1409 116 42 d'air
1629 1408 56 41 im-

548 1486 176 42 mobile
739 1503 9 34 ;
810 1486 41 42 3°
911 1501 92 26 une
1060 1484 280 42 membrane
1398 1483 199 42 isolante
1657 1482 57 42 de

548 1561 25 41 0
597 1577 62 25 m.
684 1561 80 41 011
793 1559 306 50 d'épaisseur.

552 1634 415 47 Intérieurement,
1023 1632 43 42 la
1124 1632 278 42 membrane
1459 1646 59 26 en
1573 1630 142 42 béton

550 1708 133 42 armé
705 1716 70 34 est
797 1707 193 42 enduite
1014 1705 258 51 d'asphalte
1294 1704 322 43 émultionnée
1638 1719 51 34 ap-

552 1782 189 50 pliquée
772 1780 429 50 mécaniquement.
1235 1779 117 42 Ceci
1385 1777 227 51 empêche
1644 1793 47 25 ra-

553 1855 286 42 dicalement
878 1854 43 41 la
961 1853 220 42 moindre
1221 1851 308 51 évaporation
1569 1851 57 41 de
1667 1866 49 26 se

552 1928 229 51 produire
811 1928 116 42 dans
956 1928 67 41 les
1053 1927 134 42 vides
1216 1942 84 34 par
1329 1925 121 43 suite
1481 1924 57 42 de
1566 1924 42 42 la
1635 1940 54 25 na-

554 2011 104 33 ture
696 2001 156 43 même
893 2002 61 41 du
992 2001 155 47 béton,
1184 1999 332 42 relativement
1550 1997 138 51 hygro-

552 2076 252 50 métrique.
831 2075 36 41 Il
898 2076 97 41 s'en
1022 2074 92 42 suit
1141 2072 110 52 qu'il
1277 2089 61 26 ne
1366 2072 203 42 subsiste
1595 2070 120 42 ainsi

553 2165 185 26 aucune
776 2164 142 27 cause
955 2147 207 50 possible
1200 2155 208 42 pouvant
1446 2160 271 35 provoquer

553 2223 83 42 des
661 2222 367 43 condensations
1054 2221 210 41 internes
1290 2220 115 42 dans
1429 2227 137 34 notre
1590 2233 93 27 com-

554 2296 151 51 plexe.
734 2295 98 43 Ces
862 2295 259 42 assertions
1152 2303 105 33 sont
1287 2293 61 42 du
1377 2301 126 33 reste
1531 2291 158 42 contrô-

553 2370 148 42 lables
732 2385 84 35 par
847 2369 43 41 le
919 2368 165 42 calcul.

551 2593 141 41 Ainsi
738 2601 104 33 sont
885 2591 96 43 très
1025 2589 434 52 appréciablement
1501 2589 213 42 résolues

553 2666 68 42 les
674 2665 230 43 solutions
942 2681 91 25 aux
1072 2664 280 50 principaux
1390 2662 159 51 griefs,
1588 2662 105 42 d'ail-

554 2740 128 42 leurs
717 2739 338 50 parfaitement
1089 2737 219 51 justifiés,
1341 2752 91 35 que
1466 2737 91 42 l'on
1591 2735 126 43 avait

553 2824 165 32 contre
774 2812 68 43 les
897 2812 286 42 habitations
1239 2810 314 42 entièrement
1608 2825 81 26 con-

555 2888 193 42 struites
778 2902 58 26 en
863 2886 142 42 béton
1035 2885 147 41 armé.
1210 2883 97 43 Ces
1336 2884 144 50 griefs
1510 2893 207 40 peuvent

555 2961 101 42 être
690 2960 217 42 résumés
952 2975 8 25 :
1001 2958 106 50 prix
1141 2958 134 41 élevé
1312 2958 61 41 du
1407 2966 310 42 gros-œuvre,

553 3033 295 43 habitabilité
873 3032 216 51 précaire
1112 3031 231 42 résultant
1367 3031 57 41 de
1447 3030 43 42 la
1514 3030 174 43 conduc-

555 3107 171 43 tibilité
755 3116 105 40 trop
890 3105 177 51 grande
1098 3105 62 42 du
1188 3104 142 42 béton
1360 3113 45 33 et
1435 3104 81 42 des
1548 3102 168 43 ennuis

556 3181 86 43 dus
668 3196 93 26 aux
786 3179 367 43 condensations
1181 3177 297 43 intérieures.

555 3255 69 42 Le
649 3253 144 43 faible
818 3253 391 42 encombrement
1233 3252 81 41 des
1340 3251 156 49 parois
1522 3260 69 33 est
1616 3251 76 49 éga-

553 3328 178 42 lement
757 3343 62 26 un
846 3334 241 42 avantage.
1114 3325 302 50 L'épaisseur
1444 3324 116 42 finie
1585 3323 132 42 varie

555 3412 134 32 entre
712 3401 26 42 0
760 3417 61 26 m.
847 3400 51 42 13
920 3408 45 33 et
986 3400 27 41 0
1033 3415 61 26 m.
1120 3399 63 42 18.
1207 3399 129 41 Pour
1359 3414 92 26 une
1475 3407 216 33 construc-

554 3476 98 42 tion
685 3474 228 42 exécutée
946 3481 134 34 entre
1115 3472 197 50 pignons
1345 3471 43 42 la
1422 3471 295 50 profondeur

554 3565 58 26 en
637 3565 165 26 œuvre
827 3556 112 41 peut
962 3547 101 42 être
1087 3546 187 42 réduite
1300 3546 56 41 de
1380 3545 24 42 0
1427 3561 61 26 m.
1511 3544 53 43 80
1589 3544 103 42 envi-

1786 466 101 27 ron.
1914 449 76 44 On
2016 458 250 42 augmente
2291 447 120 43 ainsi
2439 447 207 43 d'autant
2673 447 199 50 l'espace
2898 447 34 41 li-

1787 525 84 42 bre
1900 524 58 42 de
1985 540 115 26 cour
2129 539 60 26 ou
2220 522 57 42 de
2305 522 157 51 jardin
2490 521 26 42 à
2542 521 169 47 moins,
2742 520 177 42 évidem-

1788 606 143 41 ment,
1955 613 92 36 que
2073 613 53 26 ce
2151 596 219 43 bénéfice
2397 597 57 42 de
2480 595 190 43 surface
2694 611 60 26 ne
2780 595 171 42 vienne

1790 672 94 42 fort
1917 671 25 42 à
1973 686 173 36 propos
2180 679 277 41 augmenter
2489 669 131 42 l'aire
2654 669 81 41 des
2769 669 180 43 locaux.

1789 746 132 41 Dans
1947 745 66 42 les
2038 745 137 42 villes
2202 752 122 35 cette
2350 743 221 42 dernière
2597 742 352 43 considération

1788 828 112 41 peut
1933 820 101 41 être
2067 817 316 51 appréciable.

1789 1043 68 41 La
1883 1041 199 43 fixation
2107 1042 82 41 des
2214 1056 249 35 panneaux
2489 1040 194 42 isolants
2710 1056 49 26 se
2784 1040 85 42 fait
2892 1056 58 26 au

1788 1130 171 36 moyen
1996 1115 56 42 de
2088 1115 248 42 fourrures
2372 1130 58 25 en
2465 1114 102 41 bois
2603 1114 57 41 de
2695 1114 255 50 charpente

1792 1189 150 42 fixées
1982 1205 90 25 aux
2109 1188 158 50 parois
2305 1204 59 25 en
2399 1188 143 42 béton
2578 1203 83 34 par
2698 1187 228 42 l'intermé-

1791 1263 150 42 diaire
1962 1263 58 41 de
2041 1262 129 41 blocs
2193 1278 58 25 en
2271 1262 102 41 bois
2396 1262 57 41 de
2474 1262 148 41 chêne
2646 1261 225 53 façonnés
2893 1276 58 26 en

1790 1352 154 35 queue
1982 1336 312 42 d'hirondelle
2332 1335 215 50 disposés
2583 1335 25 41 à
2646 1335 81 41 des
2764 1349 161 35 espace-

1790 1419 154 33 ments
1977 1409 95 42 très
2104 1418 159 33 exacts
2297 1409 116 42 dans
2444 1408 68 42 les
2543 1408 237 50 coffrages
2811 1417 141 33 avant

1791 1483 43 42 le
1862 1484 277 49 bétonnage.
2168 1482 77 42 On
2274 1491 111 42 peut
2415 1482 127 42 aussi
2573 1481 120 42 faire
2724 1489 141 42 usage
2896 1481 55 42 de

1793 1573 22 25 «
1839 1557 236 50 rawplugs
2101 1573 21 24 »
2147 1572 118 34 pour
2290 1556 42 42 la
2358 1556 199 41 fixation
2583 1556 81 41 des
2691 1555 261 42 fourrures.

1792 1632 68 41 La
1896 1639 169 34 nature
2104 1631 81 41 des
2223 1630 320 42 revêtements
2582 1629 255 41 intérieurs
2877 1629 50 41 dé-

1793 1705 126 49 pend
1949 1704 311 50 uniquement
2292 1703 57 42 de
2380 1703 43 41 la
2457 1702 285 43 destination
2776 1702 81 41 des
2890 1702 42 41 lo-

1794 1793 120 27 caux
1936 1777 61 43 où
2023 1777 317 50 l'application
2366 1776 97 42 doit
2488 1792 49 26 se
2563 1776 134 41 faire.
2723 1775 70 41 En
2820 1775 108 50 géné-

1793 1851 68 42 ral
1890 1851 43 42 la
1962 1851 281 50 disposition
2269 1850 297 42 horizontale
2596 1850 81 41 des
2705 1864 250 35 panneaux

1794 1934 69 32 est
1887 1925 42 41 la
1952 1924 105 50 plus
2082 1924 185 51 logique
2291 1939 174 26 encore
2487 1938 91 35 que
2603 1923 95 42 très
2722 1921 231 52 agréable.

1794 1997 132 44 C'est
1955 1997 127 42 aussi
2112 1998 43 41 la
2185 1997 222 42 méthode
2436 1997 43 42 la
2508 1996 105 50 plus
2643 1995 311 51 économique

1793 2087 81 27 car
1903 2071 91 42 elle
2022 2079 184 42 permet
2235 2070 293 42 l'utilisation
2558 2069 235 50 complète
2823 2069 58 41 de
2911 2069 43 40 la

1792 2145 200 42 matière
2023 2144 246 51 employée
2301 2153 45 33 et
2376 2144 222 50 présente
2629 2143 43 41 le
2703 2142 250 42 minimum

1795 2218 57 42 de
1888 2218 156 51 joints.

1794 2293 92 42 Les
1917 2292 141 50 joints
2089 2300 160 33 seront
2279 2291 164 42 traités
2472 2306 60 26 eu
2561 2290 144 50 égard
2736 2290 81 41 des
2847 2305 81 26 con-

1795 2366 174 42 ditions
2002 2365 27 42 à
2058 2364 212 51 remplir.
2302 2365 68 41 La
2403 2364 224 42 sincérité
2658 2379 60 26 ne
2752 2363 202 42 décevra

1795 2439 167 51 jamais
1992 2447 45 34 et
2066 2439 91 42 l'on
2187 2447 111 41 peut
2326 2438 222 41 affirmer
2577 2453 91 35 que
2697 2436 235 43 l'architec-

1794 2522 106 33 ture
1949 2513 57 41 de
2054 2528 251 34 panneaux
2352 2511 222 50 présente
2624 2511 81 41 des
2755 2509 200 52 qualités

1796 2586 162 52 dignes
1985 2585 258 43 d'intérêts.

1794 2659 267 50 Toutefois,
2084 2659 43 42 le
2147 2659 320 50 couvre-joint
2488 2659 176 41 discret
2684 2674 25 25 a
2730 2673 101 27 mes
2853 2657 77 50 pré-

1797 2733 233 42 férences.
2062 2734 37 41 Il
2129 2749 61 26 ne
2222 2733 100 42 faut
2352 2748 58 26 en
2440 2747 156 27 aucun
2626 2747 78 26 cas
2736 2730 112 52 qu'il
2879 2730 51 42 de-

1795 2808 172 41 vienne
1987 2807 215 50 prétexte
2222 2806 26 42 à
2269 2806 289 42 décoration.
2579 2806 132 41 Dans
2733 2805 43 41 le
2795 2805 83 41 but
2899 2804 56 42 de

1796 2881 240 42 diminuer
2090 2896 85 26 son
2215 2880 294 50 importance
2548 2895 60 26 au
2648 2879 134 42 strict
2820 2877 108 42 mini-

1793 2970 131 27 mum
1955 2954 75 51 j'ai
2060 2970 149 37 conçu
2241 2970 62 26 un
2332 2953 319 51 couvre-joint
2682 2953 274 50 présentant

1795 3045 61 25 un
1881 3027 142 51 profil
2049 3027 171 42 visible
2243 3028 173 49 poussé
2441 3043 57 25 en
2524 3025 305 43 demi-cercle
2852 3041 77 34 par-

1797 3102 85 42 fait
1921 3102 58 41 de
2021 3102 50 41 15
2110 3110 44 33 et
2194 3100 50 42 18
2284 3116 110 26 mm.
2434 3100 58 42 de
2531 3100 246 42 diamètre.
2815 3098 140 42 Cette

1795 3176 217 50 baguette
2058 3183 70 34 est
2174 3174 253 42 renforcée
2472 3189 84 35 par
2601 3189 63 26 un
2710 3182 140 33 tenon
2900 3171 55 42 de

1794 3249 25 42 8
1841 3265 111 25 mm.
1978 3248 58 42 de
2059 3248 187 51 largeur
2270 3257 45 33 et
2339 3248 57 42 de
2420 3247 295 50 profondeur
2738 3245 218 43 moindre

1797 3323 57 42 de
1880 3323 20 41 1
1924 3339 112 26 mm.
2061 3339 60 25 au
2143 3322 155 41 moins
2321 3337 92 35 que
2437 3321 277 50 l'épaisseur
2740 3320 81 42 des
2846 3334 82 36 pan-

1795 3412 157 26 neaux
1979 3395 256 51 employés.
2264 3394 116 42 Ceci
2412 3403 70 34 est
2510 3394 95 42 très
2635 3394 256 50 important
2919 3391 37 43 si

1797 3470 92 42 l'on
1919 3479 111 32 veut
2060 3468 187 43 obtenir
2278 3485 64 26 un
2371 3468 168 43 travail
2570 3467 306 42 convenable.

1797 3543 158 42 Grâce
1982 3558 59 26 au
2068 3551 142 33 tenon
2237 3542 42 42 le
2308 3542 194 49 clouage
2530 3542 81 42 des
2638 3541 242 50 baguettes
2909 3554 48 27 se
