3210 4361
221 321 311 59 TEK
609 319 60 57 H
749 319 61 55 N
890 309 47 64 É

2612 3757 103 56 79

221 478 198 32 constata
446 466 22 41 à
494 464 167 54 chaque
685 462 179 55 période
889 460 205 43 nouvelle
1119 475 62 28 un
1207 458 159 44 accrois-

222 540 165 32 sement
421 525 348 56 proportionnel
805 525 51 42 de
891 526 39 41 la
965 522 288 56 production.

290 592 58 41 Ici
408 588 375 55 l'augmentation
843 586 253 42 maximum
1155 586 72 41 des
1284 583 107 42 frais

224 654 251 52 d'éclairage
531 649 194 44 s'élevait
778 649 22 41 à
856 649 59 53 48
970 663 82 38 p,c.
1111 648 59 41 du
1222 647 169 53 budget

223 715 253 53 d'éclairage
503 713 159 42 initial,
696 710 340 55 augmentation
1065 710 79 54 qui
1171 709 195 52 représen-

224 779 79 42 tait
335 778 22 41 à
389 792 80 26 son
502 787 103 31 tour
638 774 187 41 environ
863 788 23 26 2
920 788 83 38 p.c.
1038 772 59 42 du
1132 771 103 42 coût
1266 771 52 41 de
1350 770 40 42 la

224 839 357 43 main-d'œuvre.

334 953 52 26 12
428 938 92 42 lux,
560 935 341 54 augmentation
939 934 51 42 de
1027 936 38 41 la
1100 932 288 55 production,

226 1018 24 26 0
281 1016 82 40 p.c.

297 1063 56 53 65
397 1063 93 44 lux,
539 1058 341 55 augmentation
926 1058 50 41 de
1021 1057 40 42 la
1104 1056 287 54 production,

231 1141 12 25 1
260 1141 21 38 3
316 1139 55 39 Pc-

327 1201 59 39 -90
427 1185 91 44 lux,
560 1183 340 54 augmentation
937 1183 51 41 de
1024 1185 40 41 la
1100 1181 287 55 production,

231 1265 50 38 17
312 1263 82 40 p.c.

300 1325 86 38 140
429 1309 92 44 lux,
562 1306 341 55 augmentation
940 1307 50 41 de
1026 1308 38 41 la
1099 1304 288 55 production,

226 1373 105 54 25.8
358 1387 82 40 p.c.

292 1470 82 43 Ces
430 1468 219 54 exemples
706 1479 225 42 prouvent
985 1468 145 54 qu'un
1188 1467 204 53 éclairage

223 1532 270 43 convenable
523 1543 60 30 est
615 1531 168 41 facteur
814 1531 50 41 de
892 1529 289 54 production.
1216 1529 145 41 Toute-

224 1594 101 47 fois,
367 1608 116 40 pour
523 1594 101 41 bien
664 1592 185 47 éclairer,
892 1592 31 42 il
962 1607 53 27 ne
1055 1590 133 44 suffit
1226 1606 77 38 pas
1341 1590 51 41 de

225 1656 245 54 multiplier
497 1656 38 41 la
563 1654 229 54 puissance
818 1666 41 31 et
889 1656 36 41 le
951 1653 188 43 nombre
1167 1654 71 42 des
1265 1668 100 26 sour-

224 1734 61 27 ces
330 1717 280 45 lumineuses,
659 1731 69 27 car
772 1715 343 42 éblouissement
1160 1716 111 41 n'est
1315 1729 76 39 pas

225 1795 251 39 synonyme
508 1778 268 54 d'éclairage.
810 1778 35 43 Il
875 1777 100 43 faut
1007 1777 115 42 donc
1154 1776 167 43 étudier
1352 1776 39 42 la

225 1841 262 55 répartition
519 1842 60 40 du
609 1841 104 41 flux
745 1839 236 43 lumineux
1016 1840 120 41 selon
1170 1838 222 42 nécessités

224 1903 308 55 particulières-,
574 1902 162 42 choisir
772 1902 56 42 les
866 1912 241 31 armatures
1244 1899 126 43 réflec-

224 1978 115 31 teurs
363 1980 59 28 ou
448 1965 244 42 diffuseurs
802 1964 78 55 qui
906 1976 251 30 assureront
1181 1963 37 41 le
1242 1962 149 42 mieux

224 2041 106 30 cette
388 2027 278 54 répartition.
725 2026 38 42 Il
821 2025 101 43 faut
979 2025 243 54 également
1278 2023 114 44 tenir

224 2102 174 41 compte
432 2090 51 41 de
515 2090 40 41 la
585 2088 180 42 couleur
892 2098 42 32 et
965 2088 53 41 de
1050 2086 121 43 l'état
1206 2088 50 40 de
1287 2100 78 40 pro-

225 2152 117 54 preté
460 2152 72 41 des
558 2150 218 54 plafonds
807 2161 40 31 et
875 2150 71 41 des
975 2164 135 27 murs.
1142 2149 126 41 Cette
1296 2148 72 41 der-

226 2215 113 41 nière
377 2213 207 56 question
624 2227 62 31 est
722 2211 254 47 essentielle,
1016 2225 69 28 car
1125 2211 35 41 le
1198 2209 195 55 pouvoir

226 2276 300 43 réfléchissant
558 2275 136 42 d'une
723 2273 168 43 surface
919 2272 118 44 varie
1070 2271 297 43 considérable-

226 2350 122 32 ment
379 2338 123 42 selon
533 2338 42 42 la
607 2336 180 42 couleur
817 2336 79 55 qui
932 2336 40 42 la
1005 2349 219 38 recouvre^

292 2400 82 42 Ces
408 2399 249 54 problèmes
695 2396 218 44 essentiels
948 2410 104 30 sont
1089 2395 165 42 étudiés
1292 2408 101 30 tous

227 2462 56 43 les
336 2462 125 52 jours
515 2476 80 38 par
652 2461 56 41 les
763 2458 286 55 éclairagistes
1104 2458 60 42 du
1219 2456 173 42 Bureau

226 2523 192 43 d'Etude
441 2523 189 53 Philips.
660 2522 83 43 Sur
770 2520 159 54 simple
953 2519 230 45 demande,
1210 2535 63 27 ces
1299 2517 69 53 spé-

225 2585 183 43 cialistes
436 2585 313 42 examineront
779 2582 241 54 l'éclairage
1050 2583 49 41 de
1127 2596 80 27 vos
1237 2580 133 43 instal-

227 2648 176 45 lations,
448 2660 40 31 et
532 2648 37 41 le
611 2661 66 27 cas
721 2644 180 44 échéant
943 2659 113 28 vous
1100 2643 293 55 indiqueront

226 2719 225 35 comment
473 2723 228 31 comment
722 2705 277 47 l'améliorer.
1024 2705 126 44 Cette

228 2771 95 42 tion
353 2787 113 28 vous
494 2786 87 27 sera
609 2770 172 42 donnée
809 2784 99 27 sans
935 2768 106 42 frais
1068 2780 40 30 et
1137 2782 98 27 sans
1262 2781 105 39 enga-

227 2846 174 41 gement
424 2848 117 40 pour
567 2846 126 28 vous.

294 2895 67 42 En
391 2895 256 52 renforçant
675 2896 262 41 l'assurance
966 2893 50 40 de
1045 2891 210 43 l'ouvrier
1284 2890 110 41 dans

228 2971 80 28 son
346 2956 172 45 travail,
558 2971 85 28 une
677 2956 102 53 plus
816 2955 165 55 grande
1016 2952 208 43 intensité
1261 2951 106 42 lumi-

228 3033 127 28 neuse
398 3018 164 43 facilite
584 3034 43 26 sa
651 3018 124 42 tâche
797 3028 40 32 et
861 3027 234 43 augmente
1120 3016 207 41 d'autant
1351 3027 44 29 sa

227 3079 229 54 précision.
499 3080 188 43 D'autre
726 3090 114 43 part,
884 3077 240 53 l'éclairage
1165 3074 230 55 électrique

227 3156 167 39 permet
418 3142 226 43 d'obtenir
669 3142 22 42 à
718 3140 226 44 moindres
970 3138 107 44 frais
1102 3154 60 26 un
1190 3137 205 54 éclairage

228 3204 241 54 optimum,
500 3205 21 41 à
547 3218 122 28 cause
697 3204 50 42 de
772 3203 40 42 la
838 3201 343 54 simplification
1208 3200 72 41 des
1305 3200 66 42 ins-

228 3266 229 43 tallations
485 3265 113 56 qu'il
623 3265 201 44 nécessite
848 3276 40 31 et
913 3264 58 41 du
999 3263 258 42 rendement
1283 3260 112 42 élevé

229 3327 70 42 des
326 3328 215 53 appareils
568 3328 248 42 modernes.

607 3426 198 55 (Extrait
829 3424 111 43 d'un
965 3422 341 55 Communiqué
1334 3420 61 43 du

742 3524 174 42 Bureau
948 3522 193 43 d'Etude
1170 3520 188 53 Philips.
1378 3520 16 53 )

1541 458 82 41 LA
1677 455 292 43 LUMIERE
2021 454 92 42 AU
2166 452 264 44 SERVICE
2489 451 81 43 DE
2627 451 81 41 LA

1540 518 237 43 VENTE.
1804 511 7 9 '

1608 619 148 42 Etaler
1786 631 61 30 est
1879 619 169 41 devenu
2081 633 60 26 un
2174 628 79 36 art,
2288 618 166 40 chacun
2489 618 35 40 le
2557 615 82 42 sait
2672 623 39 31 et

1542 682 248 54 s'applique
1817 681 21 41 à
1865 682 174 40 donner
2064 694 60 27 un
2153 680 147 42 cachet
2325 678 230 54 artistique
2580 679 21 39 à
2628 691 80 27 son

1541 745 176 52 étalage.
1748 743 118 43 Mais
1893 742 173 42 l'effort
2093 758 52 26 ne
2171 757 88 27 sera
2287 756 76 39 pas
2389 740 193 52 complet
2610 741 32 41 si
2670 739 37 42 la

1541 807 161 42 vitrine
1736 821 51 26 ne
1820 806 170 53 répond
2022 805 22 42 à
2076 819 81 27 son
2188 804 83 41 but
2302 819 83 39 que
2420 803 199 52 pendant
2652 807 57 35 les

1541 870 151 40 heures
1722 869 50 41 de
1805 870 39 40 la
1873 866 196 54 journée,
2103 866 121 42 celles
2253 866 200 53 pendant
2484 862 225 55 lesquelles

1543 931 34 41 le
1601 942 180 42 passant
1804 941 61 31 est
1888 945 90 26 rare
2001 940 40 31 et
2064 928 152 53 pressé.
2247 928 131 41 Tout
2400 943 53 26 au
2477 926 228 42 contraire,

1542 995 35 40 le
1610 993 100 44 soir,
1746 993 30 41 il
1810 991 208 42 s'attarde
2051 990 247 42 volontiers
2334 990 162 42 devant
2531 989 56 41 les
2621 987 66 42 éta-

1543 1056 112 53 lages
1701 1054 138 44 clairs,
1892 1063 263 43 attrayants,
2206 1052 77 54 qui
2329 1051 232 43 fascinent,
2611 1064 98 27 sans

1542 1117 201 54 aveugler
1769 1115 230 45 toutefois.
2025 1115 120 42 C'est
2169 1113 89 43 dire
2280 1130 83 39 que
2387 1112 238 54 l'éclairage
2649 1122 61 30 est

1541 1179 167 42 facteur
1749 1178 266 54 primordial
2058 1178 109 41 dans
2211 1176 38 42 la
2293 1175 301 54 présentation
2638 1173 71 41 des

1541 1242 207 52 produits
1771 1240 195 54 exposés.
1992 1239 89 43 Car
2103 1239 22 41 à
2149 1239 109 55 quoi
2282 1249 83 31 sert
2391 1237 232 54 d'engager
2648 1249 60 27 un

1542 1317 150 39 expert
1720 1302 236 55 étalagiste,
1987 1302 32 41 si
2046 1315 80 39 par
2152 1312 145 31 toutes
2324 1312 135 29 sortes
2490 1299 50 41 de
2567 1298 143 41 fautes

1543 1369 109 38 dans
1687 1366 39 40 la
1762 1364 263 54 répartition
2060 1364 50 41 de
2145 1363 39 42 la
2218 1362 194 43 lumière,
2451 1361 57 41 les
2542 1359 168 43 articles

1539 1427 217 53 présentés
1778 1441 51 27 ne
1850 1437 103 31 sont
1972 1440 77 39 pas
2070 1439 115 28 assez
2205 1424 190 42 visibles,
2426 1425 132 39 n'ont
2580 1421 131 54 point

1544 1490 35 40 le
1609 1488 121 42 relief
1758 1503 58 27 ou
1847 1487 141 42 l'éclat
2018 1488 155 45 voulu,
2206 1502 51 25 ne
2289 1486 262 52 s'imposent
2581 1499 76 37 pas
2688 1483 21 40 à

1543 1550 273 44 l'attention.

1611 1625 40 40 A
1676 1625 74 41 lire
1770 1639 62 26 ces
1854 1623 151 54 lignes,
2029 1622 217 53 plusieurs
2268 1621 254 42 détaillants
2546 1634 39 27 se
2608 1630 102 30 sont

1544 1702 98 26 sans
1675 1687 134 40 doute
1841 1685 65 44 dit
1945 1701 8 26 :
1999 1700 20 26 «
2054 1684 132 42 Tout
2217 1684 84 41 ecla
2336 1694 60 30 est
2427 1682 68 42 bel
2528 1694 39 30 et
2599 1681 108 45 bon,

1545 1748 108 42 mais
1701 1763 69 26 ma
1816 1747 162 42 vitrine
2025 1757 61 31 est
2131 1745 339 42 suffisamment
2515 1742 192 45 éclairée;

1543 1811 104 40 chez
1670 1810 104 46 moi,
1799 1825 59 26 un
1880 1808 430 53 perfectionnement
2333 1818 60 31 est
2416 1806 158 42 inutile
2601 1819 39 27 ».

1612 1883 246 42 Comment
1900 1881 231 43 savent-ils
2173 1880 112 42 cela?
2331 1880 82 42 Sur
2454 1879 107 54 quoi
2605 1888 106 31 cette

1544 1945 189 53 opinion
1762 1961 39 26 se
1826 1942 274 44 base-t-elle?

1611 2018 330 44 Notoirement,
1974 2017 29 42 il
2033 2016 112 42 n'est
2175 2016 89 40 rien
2297 2016 50 41 de
2377 2015 100 52 plus
2508 2011 200 45 difficile,

1544 2095 115 38 pour
1691 2095 85 26 une
1807 2093 217 39 personne
2058 2093 94 27 non
2186 2076 160 44 initiée,
2383 2090 84 40 que
2501 2076 51 41 de
2587 2075 125 53 juger

1545 2142 48 41 de
1633 2140 240 43 l'intensité
1911 2152 39 30 et
1987 2140 51 42 de
2077 2138 249 44 l'efficacité
2365 2138 49 41 de
2455 2135 252 54 l'éclairage.

1546 2204 134 45 Seuls,
1715 2203 71 42 des
1815 2213 173 43 experts
2016 2201 78 55 qui
2122 2214 82 30 ont
2232 2200 83 43 fait
2347 2214 85 27 une
2461 2197 128 43 étude
2617 2196 71 55 spé-

1544 2265 103 43 ciale
1673 2265 51 42 de
1751 2276 106 31 cette
1881 2262 249 56 technique,
2159 2275 102 29 sont
2288 2261 275 52 compétents
2590 2274 51 28 en
2672 2259 39 41 la

1546 2327 190 42 matière.
1772 2326 69 42 Ne
1873 2341 79 39 pas
1988 2324 198 54 disposer
2221 2325 71 40 des
2329 2324 293 40 instruments
2661 2321 51 40 de

1545 2404 166 27 mesure
1735 2387 270 54 appropriés,
2032 2385 101 43 c'est
2158 2387 222 51 s'exposer
2404 2384 21 41 à
2452 2393 260 32 commettre

1546 2451 51 42 de
1621 2465 150 40 graves
1795 2463 176 28 erreurs.
1999 2449 98 54 Que
2120 2449 50 41 de
2194 2447 87 43 fois
2309 2444 299 44 n'entend-on
2635 2458 77 38 pas

1545 2512 217 42 formuler
1789 2511 225 53 l'opinion
2039 2509 174 43 erronée
2235 2524 84 39 que
2343 2509 56 41 tel
2423 2523 58 26 ou
2504 2507 58 42 tel
2587 2505 105 44 éclai-

1546 2590 96 39 rage
1668 2585 61 31 est
1753 2585 103 42 trop
1881 2573 169 42 intense
2074 2584 39 31 et
2140 2571 149 42 donne
2317 2570 84 42 lieu
2428 2570 21 41 à
2475 2567 214 44 éblouisse-

1547 2636 140 43 ment!
1724 2636 276 41 Savez-vous
2030 2648 83 41 que
2146 2632 241 54 l'éclairage
2418 2632 36 41 le
2483 2630 101 53 plus
2616 2629 72 43 for-

1542 2698 192 42 midable
1762 2713 39 26 se
1829 2696 143 42 réduit
1997 2710 55 28 au
2079 2695 133 42 néant
2241 2709 49 27 en
2320 2693 309 52 comparaison
2660 2691 50 42 de

1547 2761 39 41 la
1616 2759 180 42 lumière
1824 2757 181 43 solaire?
2035 2755 266 44 L'intensité
2330 2756 51 41 de
2409 2753 162 44 celle-ci
2602 2753 110 42 dans

1546 2837 61 27 un
1631 2821 74 53 pré
1729 2819 160 55 dégagé
1913 2830 61 32 est
1998 2818 52 43 de
2081 2832 206 30 120,000
2315 2815 102 43 Lux
2441 2816 56 54 (le
2520 2817 103 41 Lux
2652 2827 61 31 est

1547 2882 158 44 l'unité
1734 2883 50 41 de
1813 2896 167 28 mesure
2009 2880 50 43 de
2089 2879 242 43 l'intensité
2362 2877 259 43 lumineuse»
2654 2876 59 41 Le

1548 2945 101 42 Lux
1677 2944 212 55 équivaut
1915 2944 22 41 à
1966 2942 40 42 la
2037 2941 203 56 quantité
2267 2941 50 41 de
2346 2938 181 44 lumière
2555 2938 131 55 qu'en-

1546 3007 98 43 voie
1666 3022 79 38 par
1767 3004 183 44 seconde
1973 3019 60 27 un
2056 3003 129 53 foyer
2207 3001 235 44 lumineux
2467 3012 137 42 ayant
2628 3013 86 28 une

1548 3067 205 44 intensité
1783 3066 227 43 uniforme
2039 3065 134 42 d'une
2199 3063 161 54 bougie
2388 3077 72 28 sur
2489 3077 61 27 un
2580 3060 134 44 mètre

1547 3130 114 43 carré
1687 3130 51 42 de
1769 3129 40 42 la
1837 3127 152 55 sphère
2015 3126 311 54 concentrique
2355 3135 137 43 ayant
2529 3138 14 27 1
2580 3122 134 43 mètre

1548 3193 50 42 de
1623 3206 141 40 rayon
1781 3191 31 54 ),
1840 3189 149 44 tandis
2013 3203 83 41 que
2122 3189 38 42 la
2188 3187 180 42 lumière
2393 3186 110 42 dans
2530 3199 84 29 une
2641 3198 73 28 rue

1548 3253 244 44 ensoleillée
1821 3251 160 44 atteint
2010 3265 151 28 encore
2196 3264 177 29 20,000
2404 3248 118 42 Lux»
2555 3246 63 44 La
2646 3245 46 41 vi-

1548 3317 113 43 trine
1681 3314 236 46 ordinaire,
1941 3326 171 30 comme
2138 3312 77 42 elle
2235 3326 39 26 se
2295 3309 196 55 présente
2513 3323 51 28 en
2587 3306 102 55 géné-

1549 3378 76 47 ral,
1673 3392 53 28 ne
1770 3376 119 53 jouit
1934 3375 125 55 guère
2104 3388 82 40 que
2232 3372 134 43 d'une
2411 3369 207 44 intensité
2664 3368 51 42 de

1551 3455 93 40 300
1677 3439 116 42 Lux.

1616 3502 191 42 Comme
1836 3515 60 27 on
1925 3499 35 43 le
1990 3499 111 46 voit,
2133 3497 100 42 bien
2262 3497 142 54 qu'on
2435 3495 173 52 dispose
2637 3506 52 39 ap-

1547 3577 278 41 paremment
1865 3561 52 43 de
1953 3574 169 29 sources
2164 3557 266 44 lumineuses
2469 3555 85 44 très
2591 3554 99 55 puis-

1548 3636 157 37 santes,
1741 3622 427 54 comparativement
2199 3620 21 42 à
2254 3620 39 42 la
2328 3617 180 44 lumière
2543 3615 169 45 solaire,
