3210 4361
2188 285 48 56 T
2312 285 46 54 E
2437 283 203 64 K.H
2718 283 61 56 M
2861 283 45 56 E

415 3747 111 55 66

414 432 322 53 d'importants
777 429 227 48 sacrifices,
1047 444 100 28 sans
1186 440 199 42 compter
1425 431 59 43 les
1524 443 41 27 es-

411 494 121 54 poirs
558 492 161 43 fondés
744 508 73 26 sur
845 493 39 42 la
910 491 190 55 rapidité
1126 492 50 43 de
1203 492 67 43 vie
1296 503 41 32 et
1365 492 198 44 l'intensi-

412 556 186 42 fication
626 556 72 41 des
723 569 188 39 moyens
935 555 51 42 de
1009 554 276 55 production
1310 557 273 53 personnels,

413 630 39 30 et
473 633 79 39 par
574 616 111 44 suite
706 617 60 42 du
790 631 242 28 commerce
1057 630 41 31 et
1121 617 52 42 de
1193 616 268 45 l'industrie»

480 689 235 55 Pourquoi
755 690 117 42 donc
912 691 285 43 maintenant
1237 691 169 44 utiliser
1444 692 143 43 l'auto

412 766 172 28 comme
606 766 61 27 un
692 766 164 39 moyen
881 752 51 42 de
954 764 231 43 transport
1205 769 117 40 pour
1345 770 84 28 nos
1451 753 113 45 affai-

414 828 61 28 res
510 813 218 56 puisqu'il
766 814 78 54 n'y
883 830 23 27 a
943 814 103 55 plus
1080 816 252 55 possibilité
1368 816 219 43 d'accéder

412 876 254 44 facilement
701 891 88 27 aux
822 877 201 43 endroits
1054 878 61 42 où
1150 893 115 28 nous
1298 894 139 28 avons
1471 880 23 42 à
1527 879 58 42 les

413 938 151 42 traiter
601 953 10 27 :
644 938 120 42 force
797 953 116 28 nous
944 953 62 32 est
1035 940 52 43 de
1118 941 171 43 revenir
1319 956 88 28 aux
1441 953 120 32 trans-

413 1012 125 42 ports
563 1016 51 26 en
637 1015 216 29 commun
873 1017 61 27 ou
958 1018 55 26 au
1035 1003 161 53 régime
1218 1003 71 43 des
1310 1004 136 47 taxis;
1471 1018 116 42 pour

412 1077 64 29 ces
505 1062 206 47 derniers,
744 1075 103 31 tout
877 1063 63 43 ira
967 1064 103 43 bien
1099 1080 119 39 pour
1242 1065 125 43 venir
1395 1066 52 44 de
1475 1066 89 42 l'ex-

413 1124 159 43 térieur
602 1136 40 31 et
673 1125 164 43 arriver
868 1125 111 43 dans
1010 1127 36 43 le
1075 1138 157 37 centre,
1268 1127 111 44 mais
1409 1129 178 54 lorsque

415 1201 114 27 nous
554 1187 236 43 voudrons
817 1188 169 55 quitter
1016 1189 37 43 le
1079 1188 185 44 fameux
1293 1189 294 56 quadrilatère

414 1250 59 40 du
501 1249 195 55 quartier
723 1250 73 42 des
823 1249 192 48 affaires,
1046 1251 32 42 il
1107 1266 115 27 nous
1247 1252 161 43 faudra
1435 1253 152 54 perdre

418 1325 60 28 un
525 1322 143 43 temps
712 1312 204 54 précieux
959 1327 116 40 pour
1119 1324 226 32 retrouver
1390 1328 59 29 un
1493 1315 96 40 taxi

415 1373 110 42 dans
560 1388 62 27 un
657 1388 103 40 parc
798 1374 51 42 de
882 1375 369 43 stationnement»

484 1434 63 48 La
590 1435 205 43 moralité
838 1436 51 43 de
929 1446 109 34 cette
1077 1437 184 43 histoire
1302 1451 62 31 est
1403 1452 85 41 que
1529 1437 59 42 les

415 1496 245 44 fabricants
684 1498 352 43 d'automobiles
1061 1510 104 32 sont
1186 1515 53 28 en
1262 1500 118 43 train
1404 1498 52 45 de
1479 1499 109 44 faire

417 1559 171 42 mourir
619 1559 276 43 eux-mêmes
931 1562 39 42 la
1002 1560 135 55 poule
1170 1576 88 28 aux
1290 1560 116 45 œufs
1435 1561 101 45 d'or
1574 1576 10 27 :

415 1621 101 42 c'est
550 1621 142 42 Vauto
725 1620 176 45 suicide.

485 1683 80 42 Les
590 1683 215 43 remèdes?
829 1684 188 43 Chacun
1039 1701 21 26 a
1084 1685 150 42 donné
1256 1686 36 42 le
1313 1686 90 43 sien
1424 1698 41 31 et
1486 1698 103 32 tout

418 1748 35 41 le
477 1745 167 43 monde
668 1761 21 27 a
717 1746 170 47 raison;
912 1747 31 44 il
967 1746 135 44 suffit
1124 1748 111 42 d'un
1258 1748 186 43 homme
1468 1749 96 42 éner-

417 1807 131 55 gique
588 1822 117 39 pour
748 1808 58 43 les
849 1808 247 56 appliquer,
1142 1808 112 45 mais
1293 1824 64 29 ces
1399 1810 190 43 remèdes

417 1880 104 32 sont
550 1869 288 54 temporaires
870 1886 8 26 :
909 1871 284 53 suppression
1223 1871 73 43 des
1325 1884 258 42 tramways,

418 1932 71 41 des
541 1931 197 42 voitures
789 1932 22 41 à
861 1933 214 45 chevaux,
1130 1933 342 54 augmentation
1526 1934 61 42 du

418 1992 189 44 nombre
641 1994 72 41 des
747 2004 165 43 agents,
946 1994 284 43 croisements
1262 1996 22 42 à
1320 1994 167 45 double
1517 1995 47 42 ni-

416 2069 123 31 veau,
575 2067 146 30 routes
753 2056 305 46 souterraines,
1093 2070 176 40 garages
1301 2058 284 44 souterrains,

417 2129 92 32 etc.,
541 2128 77 31 etc.

486 2178 188 43 Chacun
708 2180 99 42 s'est
837 2180 161 42 tourné
1027 2195 93 28 vers
1152 2183 39 41 la
1223 2195 163 28 manne
1416 2181 168 43 céleste:

417 2240 106 42 Etat
565 2255 61 27 ou
674 2240 121 42 Ville
842 2241 50 42 de
934 2241 136 47 Paris,
1120 2242 110 43 mais
1272 2256 219 41 personne
1535 2256 53 28 ne

418 2317 135 40 songe
581 2302 306 44 sérieusement
919 2303 21 42 à
968 2303 109 43 faire
1105 2305 35 42 le
1169 2304 230 44 nécessaire
1426 2305 51 44 de
1505 2320 82 28 son

418 2364 94 42 côté
539 2380 98 28 sans
665 2380 40 28 se
734 2365 153 43 rendre
915 2377 176 42 compte
1117 2381 85 40 que
1230 2365 192 45 l'intérêt
1448 2368 116 54 parti-

418 2426 134 44 culier
591 2427 101 41 bien
734 2426 193 55 compris
969 2438 141 32 rentre
1152 2427 208 53 toujours
1401 2429 110 43 dans
1552 2428 37 41 le

418 2488 125 43 cadre
567 2488 51 43 de
642 2488 193 43 l'intérêt
858 2488 187 55 général.

491 2550 57 42 Et
590 2550 115 42 voici
749 2561 127 33 notre
920 2551 206 55 question
1180 2568 8 26 :
1237 2552 355 43 Trouvez-vous

419 2613 178 42 normal
619 2613 143 54 qu'un
786 2612 241 45 immeuble
1049 2614 113 44 n'ait
1181 2629 78 39 pas
1281 2615 52 41 de
1355 2614 231 49 vestibule,

419 2689 84 40 que
541 2674 40 42 la
618 2674 198 43 clientèle
852 2676 135 41 d'une
1026 2675 190 56 banque,
1257 2676 111 44 d'un
1405 2677 184 44 homme

419 2736 26 41 d
468 2736 179 42 affaires
670 2737 87 42 soit
778 2736 172 54 obligée
973 2738 249 43 d'attendre
1246 2752 81 29 son
1352 2751 104 32 tour
1477 2738 112 44 dans

419 2798 40 41 la
485 2813 72 27 rue
581 2813 54 27 au
660 2798 144 55 risque
826 2799 51 42 de
899 2799 318 43 l'encombrer?
1241 2800 144 44 Votre
1407 2801 182 54 réponse

419 2872 61 31 est
520 2859 300 44 évidemment
862 2860 213 55 négative.
1117 2862 355 47 Raisonnement
1511 2877 79 42 par

421 2922 287 46 l'absurde...,
753 2937 108 31 non,
905 2924 111 41 mais
1057 2922 115 44 alors
1211 2925 229 54 pourquoi
1481 2923 109 44 faire

419 2984 249 43 stationner
704 2995 126 32 votre
865 2984 175 43 voiture
1077 2985 111 44 dans
1223 2987 40 42 la
1301 3001 73 29 rue
1411 2986 179 57 lorsque

419 3060 112 28 vous
571 3046 160 43 rendez
769 3061 84 29 une
891 3046 127 44 visite
1055 3048 109 42 dans
1200 3062 86 29 une
1326 3047 173 45 maison
1538 3048 51 42 de

418 3123 254 31 commerce,
707 3109 189 54 puisque
927 3123 113 29 vous
1074 3108 173 56 risquez
1280 3110 50 42 de
1363 3110 153 44 rendre
1548 3111 40 43 la

420 3170 261 43 circulation
726 3170 279 54 impossible;
1054 3171 39 42 la
1137 3171 200 44 chaussée
1381 3184 61 33 est
1484 3171 108 44 faite

416 3246 116 39 pour
564 3232 40 43 la
636 3232 262 44 circulation
930 3245 41 32 et
1004 3248 92 27 non
1126 3248 117 40 pour
1274 3234 37 43 le
1340 3234 224 44 stationne-

419 3306 135 34 ment,
592 3306 100 34 tout
723 3309 173 28 comme
925 3296 37 41 le
992 3294 198 45 trottoir.
1222 3295 365 45 Admettrait-on

418 3371 59 28 un
529 3357 90 42 seul
668 3356 172 43 instant
892 3358 143 53 qu'un
1085 3371 226 40 voyageur
1358 3372 53 28 en
1460 3359 128 54 quête

417 3418 172 44 d'hôtel
619 3419 124 43 laisse
771 3433 61 29 ses
859 3418 187 55 bagages
1073 3433 73 28 sur
1176 3420 35 42 le
1242 3419 197 50 trottoir,
1471 3420 117 44 alors

415 3481 229 54 pourquoi
670 3480 160 44 tolérer
854 3481 38 43 la
920 3480 224 43 voiture...
1173 3496 71 28 sur
1270 3483 40 42 la
1336 3481 249 45 chaussée.»,

417 3542 110 44 mais
551 3558 62 28 on
644 3542 134 43 tolère
802 3542 40 42 la
866 3542 177 45 voiture
1066 3557 126 39 parce
1216 3542 161 57 qu'elle
1405 3559 51 29 ne
1482 3558 106 41 peut

416 3605 106 42 aller
551 3617 121 30 autre
702 3616 113 42 part.
849 3604 37 42 Il
915 3603 100 45 faut
1046 3606 116 41 donc
1193 3605 63 43 lui
1286 3619 207 41 procurer
1524 3620 62 28 un

1735 426 238 54 logement,
2006 424 108 42 d'où
2142 426 58 41 les
2227 423 243 43 circulaires
2500 423 265 47 nécessaires,
2795 423 112 44 mais

1735 503 83 40 que
1853 502 115 27 nous
2003 486 258 55 déplorons»
2296 486 96 53 N'y
2429 487 125 43 a-t-il
2591 485 116 42 donc
2743 500 79 40 pas
2856 486 51 42 de

1730 550 229 42 solution?
1992 549 58 47 Si,
2083 549 31 42 il
2143 563 28 39 y
2201 563 53 27 en
2284 568 21 27 a
2337 562 97 32 une,
2469 548 101 44 c'est
2600 563 84 39 que
2716 558 101 31 tous
2849 547 56 41 les

1735 612 262 42 immeubles
2023 610 235 43 modernes
2281 610 117 42 aient
2427 610 90 42 leur
2542 623 163 41 propre
2728 623 175 42 garage:

1736 689 155 40 garage
1929 674 51 41 de
2015 673 107 53 jour
2157 684 40 31 et
2235 672 52 42 de
2326 672 100 42 nuit
2466 672 110 42 dans
2615 671 57 43 les
2710 671 198 43 maisons

1736 736 320 45 d'habitation,
2088 750 155 40 garage
2272 734 52 42 de
2351 734 106 54 jour
2488 734 111 42 dans
2628 734 58 43 les
2716 734 160 43 immeu-

1736 798 91 43 bles
1856 797 188 43 destinés
2074 812 89 28 aux
2192 797 219 41 locations
2438 795 340 54 commerciales^

1806 871 59 42 Le
1907 885 155 40 garage
2105 870 111 43 dans
2260 870 57 43 les
2361 870 198 43 maisons
2601 870 307 44 d'habitation

1736 948 62 30 est
1829 934 171 42 devenu
2032 944 103 43 trop
2166 944 190 31 courant
2387 946 116 40 pour
2535 931 115 56 qu'il
2681 931 89 47 soit
2799 931 109 43 utile

1738 997 50 41 de
1828 995 213 43 s'étendre
2082 1009 73 29 sur
2194 1004 109 33 cette
2341 993 223 56 question.
2611 995 54 42 Sa
2707 993 202 43 nécessité

1736 1058 258 54 impérieuse
2026 1072 54 27 ne
2108 1057 148 54 paraît
2286 1071 79 40 pas
2399 1070 153 30 encore
2583 1055 183 43 absolue
2797 1055 111 42 dans

1737 1122 58 40 les
1818 1119 216 56 quartiers
2061 1118 129 43 neufs
2215 1118 52 43 de
2292 1118 40 43 la
2356 1118 247 54 périphérie
2625 1134 59 26 ou
2710 1118 112 43 dans
2850 1117 58 42 les

1737 1181 215 56 quartiers
1973 1180 256 55 populaires
2251 1179 60 44 où
2335 1181 164 54 l'usage
2521 1181 50 41 de
2593 1178 316 45 l'automobile

1736 1258 61 29 est
1826 1244 150 42 moins
2008 1242 214 56 répandu.

1805 1317 36 42 Il
1870 1318 103 41 n'en
2001 1327 61 32 est
2088 1316 135 54 point
2249 1316 53 43 de
2326 1317 141 42 même
2493 1317 110 42 dans
2634 1317 58 42 les
2718 1316 159 43 immeu-

1737 1380 90 41 bles
1870 1379 22 41 à
1938 1379 219 44 locations
2199 1378 326 43 commerciales
2568 1378 59 41 où
2672 1378 38 42 le
2754 1391 155 41 garage

1737 1456 116 38 pour
1887 1440 301 44 automobiles
2220 1439 87 45 fait
2340 1440 264 44 totalement
2638 1439 168 43 défaut.

1806 1515 202 54 L'aspect
2045 1514 52 43 de
2129 1529 66 32 ces
2229 1528 241 29 nouveaux
2505 1526 127 41 types
2669 1513 52 43 de
2755 1527 155 40 garage

1739 1577 96 42 doit
1888 1576 87 42 être
2030 1576 289 43 absolument
2373 1574 214 44 différent
2641 1576 60 42 du
2754 1589 156 40 garage

1738 1639 215 42 habituel.
1989 1638 37 42 Il
2057 1638 98 42 doit
2187 1637 113 44 tenir
2329 1653 52 27 en
2411 1637 140 55 partie
2582 1637 51 43 de
2664 1637 247 43 l'ancienne

1740 1701 194 44 descente
1966 1701 21 42 à
2023 1715 181 31 couvert
2243 1716 10 26 :
2287 1699 271 44 c'est-à-dire
2589 1714 85 40 que
2709 1700 36 42 le
2778 1699 132 42 client

1740 1763 266 44 descendant
2044 1763 52 43 de
2135 1778 43 27 sa
2216 1762 177 43 voiture
2432 1762 111 42 dans
2583 1762 35 42 le
2655 1776 156 40 garage
2848 1761 61 41 du

1739 1825 210 54 building
1995 1824 98 43 doit
2140 1835 180 32 trouver
2366 1824 384 42 immédiatement
2796 1823 22 41 à
2865 1837 45 27 sa

1738 1886 150 55 portée
1917 1887 58 42 les
2001 1901 244 28 ascenseurs
2269 1901 117 39 pour
2413 1887 37 42 le
2477 1885 213 43 conduire
2716 1885 111 43 dans
2853 1886 57 42 les

1739 1950 199 41 bureaux
1969 1948 60 42 où
2060 1948 33 43 il
2126 1948 99 44 doit
2257 1963 40 28 se
2331 1948 167 43 rendre.
2533 1948 63 42 Ce
2629 1948 165 42 nouvel
2828 1946 61 42 élé-

1740 2023 122 32 ment
1889 2011 72 42 des
1987 2009 330 44 constructions
2340 2009 326 43 commerciales
2691 2008 220 45 constitue

1740 2088 60 26 un
1828 2072 212 43 véritable
2065 2071 216 44 vestibule
2307 2072 71 43 des
2404 2071 195 43 voitures
2629 2085 39 30 et
2695 2085 86 30 une
2806 2070 105 44 salle

1740 2134 216 44 d'attente
1985 2150 9 26 :
2023 2149 86 28 une
2131 2133 91 44 fois
2247 2148 44 28 sa
2315 2133 128 44 visite
2469 2133 221 46 terminée,
2717 2134 39 42 le
2777 2133 134 43 client

1740 2197 184 54 reprend
1952 2211 43 28 sa
2022 2195 175 44 voiture
2224 2209 41 31 et
2290 2206 158 33 trouve
2477 2197 39 41 la
2547 2206 125 31 route
2700 2195 129 47 libre;
2858 2195 53 43 de

1738 2258 115 54 plus,
1888 2258 30 42 il
1952 2259 155 42 n'aura
2136 2258 91 42 rien
2256 2257 113 55 payé
2397 2272 117 40 pour
2544 2257 263 48 stationner,
2841 2270 70 30 car

1739 2321 168 54 chaque
1935 2320 204 44 locataire
2164 2335 105 28 aura
2293 2319 24 43 à
2343 2335 44 27 sa
2413 2319 285 54 disposition,
2730 2318 182 44 suivant

1741 2382 310 54 l'importance
2083 2382 54 43 de
2164 2397 62 27 ses
2256 2381 191 46 affaires,
2483 2382 57 41 les
2569 2381 342 54 emplacements

1741 2444 249 44 nécessaires
2018 2458 89 28 aux
2130 2442 198 45 voitures
2354 2444 50 42 de
2429 2458 61 27 ses
2514 2443 167 43 clients.
2711 2441 201 56 Dépense

1741 2505 374 55 supplémentaire
2164 2520 117 41 pour
2335 2506 60 42 les
2445 2505 252 43 locataires?
2749 2505 160 44 Non...

1741 2568 165 43 facilité
1943 2567 242 49 d'affaires,
2224 2580 42 31 et
2301 2582 154 28 encore
2491 2582 86 27 une
2612 2566 102 49 fois,
2754 2565 136 44 tolére-

1741 2630 226 42 riez-vous
1995 2644 85 41 que
2110 2630 39 42 le
2176 2629 178 43 fermier
2381 2629 149 45 laissât
2557 2644 61 28 ses
2646 2629 197 44 voitures
2872 2639 40 31 et

1741 2692 225 43 machines
2001 2707 74 28 sur
2111 2692 40 43 la
2187 2703 126 32 route
2352 2707 53 28 au
2444 2692 83 42 lieu
2565 2692 51 42 de
2652 2693 58 41 les
2747 2702 165 31 rentrer

1741 2755 110 42 dans
1875 2769 44 29 sa
1945 2754 186 43 ferme...

1809 2839 61 43 Ce
1893 2839 229 54 dispositif
2144 2854 108 39 peut
2272 2839 87 43 être
2382 2839 83 44 très
2487 2839 255 44 facilement
2766 2838 147 44 réalisé

1742 2902 109 41 dans
1882 2916 59 27 un
1971 2902 240 43 immeuble
2237 2901 109 43 neuf
2373 2902 104 41 d'au
2508 2902 148 42 moins
2690 2902 53 41 16
2772 2917 59 28 m.
2860 2901 52 42 de

1743 2964 183 53 largeur,
1973 2963 254 43 dimension
2271 2963 230 43 nécessaire
2542 2978 115 40 pour
2699 2962 192 44 l'établis-

1741 3037 168 30 sement
1943 3025 49 42 de
2027 3039 191 40 rampes;
2256 3025 181 43 suivant
2472 3027 40 40 la
2547 3036 157 31 nature
2738 3024 72 44 des
2843 3023 46 43 af-

1740 3087 141 44 faires,
1914 3087 29 43 il
1971 3102 26 38 y
2029 3102 103 27 aura
2163 3102 59 28 un
2253 3103 58 27 ou
2340 3088 116 42 deux
2489 3088 140 53 étages
2657 3088 50 41 de
2735 3100 177 42 garages

1741 3149 178 43 diurnes
1969 3164 103 28 sous
2121 3149 169 55 chaque
2339 3149 232 54 building;
2624 3148 122 44 voilà
2796 3163 117 41 pour

1742 3211 184 41 l'avenir
1961 3223 40 30 et
2037 3211 58 42 les
2128 3212 205 43 hommes
2369 3211 51 44 de
2453 3212 153 41 bonne
2639 3210 201 44 volonté.

1807 3298 120 41 Pour
1962 3300 35 40 le
2026 3297 188 54 présent,
2248 3298 29 44 il
2312 3312 68 29 me
2411 3298 164 42 semble
2605 3310 101 32 tout
2737 3297 174 43 naturel

1740 3359 218 44 d'utiliser
2006 3374 173 29 comme
2227 3373 177 41 garages
2453 3360 179 42 diurnes
2681 3360 57 43 les
2785 3373 126 30 cours

1741 3421 311 44 d'immeubles
2096 3436 92 29 non
2232 3436 153 29 encore
2431 3432 215 33 couverts,
2693 3420 220 56 d'obliger

1740 3484 57 43 les
1821 3483 312 54 propriétaires
2157 3484 22 42 à
2205 3499 27 38 y
2258 3484 214 44 admettre
2498 3485 37 42 le
2558 3484 354 42 stationnement

1740 3546 71 42 des
1842 3546 196 43 voitures
2070 3558 40 32 et
2142 3547 50 42 de
2223 3548 94 41 leur
2345 3545 210 44 interdire
2586 3546 21 41 à
2641 3545 186 43 l'avenir
2860 3545 51 41 de

1737 3609 57 41 les
1819 3609 123 41 louer
1969 3609 22 42 à
2017 3608 194 43 d'autres
2234 3621 165 40 usages.
