3210 4361
2197 294 46 54 T
2320 294 46 54 E
2587 294 175 55 KH
2725 294 60 55 N
2866 297 45 52 E

424 3733 111 57 88

428 428 175 42 d'avoir
640 428 146 42 décidé
825 430 57 41 les
920 429 193 43 éditions
1152 430 282 42 simultanées
1471 429 99 42 fran-

426 490 106 51 çaise
563 503 39 29 et
633 491 296 42 néerlandaise
962 493 58 40 du
1062 508 21 25 «
1117 491 188 44 Manuel
1336 493 51 41 de
1419 493 154 42 l'Bclai-

428 552 156 54 ragiste
625 567 38 30 »,
701 552 111 42 beau
847 554 183 41 volume
1066 554 141 45 in-B°,
1248 555 50 41 de
1339 568 91 39 250
1467 568 127 40 pages

426 629 72 25 sur
528 614 151 53 papier
710 614 175 48 couché,
921 616 50 40 de
1002 616 143 41 forme
1175 614 205 55 pratique
1411 617 110 41 dans
1551 630 43 26 sa

426 688 202 41 coquette
655 687 258 32 couverture
943 678 50 41 de
1020 677 252 54 pégamoïd.

494 749 269 42 Nombreux
786 764 106 30 sont
912 752 57 41 les
989 752 217 52 chapitres
1227 752 142 53 passés
1391 768 51 25 en
1470 765 124 29 revue

428 811 197 42 détaillée
644 827 80 38 par
745 813 201 46 l'auteur,
973 828 97 27 avec
1093 812 264 53 adjonction
1379 814 52 41 de
1453 813 141 43 divers

428 874 262 46 hors-texte,
731 875 50 40 de
816 875 190 54 croquis,
1046 874 195 47 courbes,
1282 874 206 47 schémas,
1530 884 43 31 ta-

426 935 176 45 bleaux,
639 947 93 36 etc.,
770 936 154 43 aidant
1002 939 40 40 la
1074 936 386 53 compréhension.

496 1008 185 43 L'étude
708 1021 60 31 est
792 1025 163 37 conçue
980 1012 109 39 dans
1115 1025 84 28 une
1225 1012 158 51 langue
1406 1010 125 43 claire
1555 1023 39 30 et

428 1070 158 42 relevée
625 1071 50 41 de
710 1071 254 43 nombreux
1002 1073 218 51 exemples
1256 1073 71 41 des
1362 1086 67 28 cas
1467 1071 102 43 habi-

427 1133 111 41 tuels
570 1148 59 26 ou
664 1133 197 43 inusités.

496 1206 36 41 Il
555 1221 60 30 est
639 1206 127 43 traité
788 1220 119 31 entre
931 1219 141 30 autres
1098 1208 70 41 des
1196 1208 150 52 points
1370 1207 221 42 suivants:

428 1267 38 42 la
518 1268 346 42 dénomination
915 1270 72 40 des
1037 1269 164 46 unités;
1256 1269 57 41 les
1364 1270 230 41 méthodes

428 1329 275 54 d'éclairage;
733 1330 36 41 le
795 1330 137 44 calcul
963 1331 71 41 des
1061 1330 228 43 intensités
1317 1330 275 55 d'éclairage;

428 1391 240 55 l'éclairage
694 1392 72 42 des
792 1392 201 42 vitrines,
1022 1394 108 40 celui
1159 1394 71 40 des
1258 1392 234 54 magasins,
1522 1392 72 43 des

428 1453 157 44 usines,
619 1454 50 41 de
701 1453 162 47 l'école,
900 1455 58 41 du
990 1455 179 43 bureau,
1204 1455 72 42 des
1308 1454 124 43 salles
1462 1454 106 44 d'hô-

424 1514 134 55 tique,
613 1516 222 41 constitue
884 1531 84 26 une
1020 1516 234 41 excellente
1305 1517 261 40 documenta-

428 1577 117 41 rains
581 1578 322 54 d'atterrissage
936 1590 39 30 et
1009 1580 70 40 des
1113 1579 169 45 avions,
1317 1589 77 31 etc.

497 1664 58 41 Le
591 1679 20 25 «
644 1663 186 44 Manuel
858 1664 51 42 de
934 1665 316 53 TEclairagiste
1281 1681 21 25 »
1333 1680 88 27 sera
1447 1665 147 42 vendu

430 1740 59 39 50
524 1725 145 43 francs
701 1740 51 27 en
788 1725 205 47 librairie,
1031 1726 109 42 mais
1171 1726 212 55 jusqu'au
1425 1742 50 39 15
1513 1741 54 26 no-

430 1787 196 44 vembre;
672 1802 59 27 on
773 1802 107 38 peut
920 1803 40 27 se
1003 1789 36 40 le
1079 1802 207 39 procurer
1327 1802 53 28 au
1423 1787 171 42 Bureau

430 1848 193 42 d'Etude
663 1848 175 54 Philips
879 1849 95 53 (37,
1025 1864 73 39 39,
1143 1864 72 27 rue
1257 1850 335 41 d'Anderlecht,

428 1911 228 40 Bruxelles
675 1911 14 52 )
724 1926 52 26 au
810 1910 102 54 prix
946 1911 143 41 réduit
1125 1912 49 40 de
1211 1926 54 38 25
1301 1911 160 42 francs.

1152 1972 15 53 (
1205 1972 340 54 Communiqué
1564 1973 28 52 ).

497 2253 299 42 L'EMPLOI
826 2253 94 42 DU
953 2254 167 42 COKE
1152 2255 83 41 DE
1265 2254 131 43 GAZ
1424 2254 171 44 DANS

430 2315 74 41 LE
535 2314 389 44 CHAUFFAGE
954 2316 308 43 CENTRAL
1291 2316 82 54 (14
1380 2325 14 16 e
1425 2315 169 55 mille).

430 2377 224 43 Brochure
689 2378 50 42 de
775 2378 58 53 48
868 2392 130 39 pages
1035 2393 51 26 21
1131 2378 37 38 X
1209 2393 73 38 27,
1329 2392 49 41 15
1415 2377 179 55 figures,

432 2454 22 38 3
500 2439 224 47 tableaux,
766 2450 244 31 contenant
1052 2441 50 40 de
1144 2438 253 44 nombreux
1439 2438 135 44 rensei-

429 2513 230 41 gnements
687 2516 73 28 sur
790 2502 57 41 les
874 2502 188 54 qualités
1091 2514 40 30 et
1160 2501 285 43 l'utilisation
1474 2502 51 42 de
1555 2516 41 27 ce

425 2563 297 42 combustible
759 2563 304 54 économique.
1105 2563 107 42 Prix
1258 2579 8 26 :
1312 2579 21 38 3
1377 2563 71 47 fr.,
1490 2574 105 42 port

428 2624 112 53 payé
575 2640 26 38 4
636 2624 161 42 francs.

494 2709 126 43 Cette
652 2709 217 43 brochure
901 2725 161 38 conçue
1095 2711 109 42 dans
1237 2726 59 27 un
1331 2711 132 53 esprit
1495 2726 75 38 pra-

427 2770 134 54 tique,
614 2771 219 42 constitue
885 2787 84 26 une
1020 2772 234 41 excellente
1306 2773 261 41 domucenta-

428 2833 96 41 tion
573 2844 39 30 et
658 2844 62 30 est
765 2848 50 26 en
862 2845 128 30 vente
1035 2833 21 41 à
1103 2833 184 42 l'Office
1334 2834 262 54 Technique

430 2894 50 41 de
506 2894 269 54 Chauffage,
807 2895 75 54 56,
910 2909 73 29 rue
1010 2895 202 47 Laffitte,
1240 2894 122 45 Paris
1390 2911 24 40 9
1422 2904 14 16 e
1442 2930 9 8 .

428 3109 284 55 Divers

494 3285 331 41 BAUWELT
849 3284 332 43 KATALOG.
1211 3285 62 42 La
1297 3285 183 42 seconde
1506 3284 67 43 édi-

427 3347 97 42 tion
554 3348 50 40 de
632 3347 264 53 l'imposant
924 3347 158 42 travail
1109 3346 153 54 publié
1287 3361 80 39 par
1397 3348 39 41 la
1464 3346 131 43 firme

437 3424 21 25 «
488 3408 207 43 Bauwelt
723 3424 40 31 »,
792 3408 151 43 Berlin
972 3408 41 42 S.
1040 3408 74 42 W.
1146 3408 74 46 68,
1252 3408 164 47 22-26,
1445 3407 120 44 Koch-

427 3482 166 31 strasse.
630 3471 83 42 Cet
748 3485 192 40 ouvrage
976 3471 82 40 très
1094 3469 207 54 complet,
1341 3482 41 31 et
1416 3481 179 32 surtout

427 3532 83 42 très
546 3548 21 26 «
599 3548 60 38 up
684 3544 49 31 to
760 3532 98 43 date
888 3547 40 32 »,
959 3548 51 26 ne
1036 3532 201 42 contient
1261 3547 77 39 pas
1368 3533 147 41 moins
1544 3533 51 41 de

435 3609 134 38 1.123
599 3609 129 38 pages
754 3595 51 41 de
830 3606 116 32 texte
973 3606 40 30 et
1040 3594 146 53 4,600
1210 3593 312 43 illustrations.

1808 432 48 42 P.
1917 432 336 44 BEHHRENS
2314 448 41 27 u.
2420 433 177 42 SEINE
2658 434 254 43 WIENER

1745 493 465 43 AKADEMISCHE
2235 494 555 45 MEISTERSCHULE.
2815 496 65 42 Ou-

1744 571 130 39 vrage
1907 556 196 53 présenté
2135 571 98 28 avec
2264 557 229 54 beaucoup
2528 558 50 41 de
2613 557 112 48 soin,
2761 570 40 30 et
2834 557 78 54 qui

1745 629 177 31 montre
1951 619 180 42 l'œuvre
2162 618 375 55 d'enseignement
2568 620 58 40 du
2657 618 160 43 célèbre
2846 634 44 26 ar-

1745 681 180 41 chitecte
1959 679 237 43 allemand.
2234 681 174 41 Auteur
2449 696 9 26 :
2496 681 52 41 K.
2585 680 67 42 M.
2691 680 219 42 Grimme.

1745 742 129 41 Edité
1908 757 79 39 par
2020 741 89 42 Ad.
2149 742 149 46 Luser,
2336 741 188 44 Vienne,
2570 757 137 38 1930.
2745 742 167 43 Textes

1746 804 168 53 anglais
1948 819 39 30 et
2020 804 238 42 allemand.
2298 820 58 38 32
2391 804 222 54 planches.

2189 1021 365 53 Travaux
2596 1019 318 55 Publics

1749 1158 332 44 TRAVAUX
2123 1157 386 45 MARITIMES.
2556 1159 60 42 T.
2661 1158 32 46 I,
2738 1174 78 39 par
2859 1158 57 42 les

1745 1220 249 54 ingénieurs
2019 1222 44 49 L
2069 1235 19 27 e
2091 1220 305 54 vy~Salvador
2424 1232 41 31 et
2491 1220 202 43 Prudon.
2722 1220 189 47 Dunod,

1745 1283 179 43 éditeur,
1955 1281 123 44 Paris
2107 1282 87 53 (VI
2199 1289 15 17 e
2231 1281 31 54 )♦

1744 1746 1169 84 ANNONCES

1740 1927 903 43 DESSINATEUR-ARCHITECTE
2697 1928 215 41 demande

1745 2001 188 29 travaux
1973 1989 20 40 à
2034 1989 195 42 exécuter
2267 1989 21 41 à
2328 1989 219 42 domicile.
2588 1989 204 43 Elément
2831 1989 83 42 très

1745 2051 191 52 capable.
1973 2051 143 40 Ecrire
2151 2051 64 40 La
2248 2050 99 41 Cité
2382 2066 101 25 sous
2517 2051 192 42 initiales
2742 2051 73 41 W.
2851 2051 60 41 T.

1809 2198 53 42 R.
1893 2198 276 46 ROBERT,
2201 2198 282 44 dessinateur,
2514 2213 75 39 43,
2621 2213 72 26 rue
2723 2199 70 40 des
2821 2198 61 42 Co-

1747 2259 139 41 lonies
1924 2259 89 53 (tél.
2057 2260 226 54 230,85),
2323 2272 61 30 est
2420 2260 21 40 à
2480 2262 39 41 la
2556 2260 269 53 disposition
2865 2260 50 41 de

1745 2319 125 42 MM.
1917 2322 58 41 les
2018 2321 270 42 Architectes
2331 2333 39 30 et
2414 2321 343 43 Constructeurs
2800 2336 115 39 pour

1745 2393 101 30 tous
1877 2394 189 30 travaux
2098 2382 51 42 de
2179 2382 142 42 dessin
2351 2383 21 41 à
2403 2382 219 42 domicile.

1877 2444 108 42 Soin
2116 2443 186 43 Célérité
2428 2444 109 42 Prix
2571 2444 212 42 modérés.

1809 2591 454 44 DESSINATEUR
2294 2591 218 43 débutant
2540 2592 177 42 cherche
2747 2591 165 54 emploi

1743 2653 109 41 dans
1895 2653 235 53 entreprise
2173 2653 268 42 bruxelloise
2483 2669 58 26 ou
2585 2654 164 41 bureau
2792 2653 96 54 ingé-

1745 2714 136 43 nieur.
1992 2714 146 42 Ecrire
2174 2730 53 27 au
2265 2715 172 41 Bureau
2477 2716 49 40 de
2563 2716 38 40 la
2638 2716 149 42 Revue
2824 2730 87 26 aux

1745 2775 190 42 initiales
1966 2776 51 41 C.
2052 2775 60 42 T.
2145 2775 58 44 H.

1811 2935 423 44 ARCHITECTE
2275 2935 184 42 céderait
2498 2935 249 42 d'occasion
2789 2937 99 53 quel-

1741 3012 105 38 ques
1883 3012 213 38 ouvrages
2133 3010 39 30 et
2210 2996 149 42 traités
2397 2997 49 41 de
2484 2997 321 43 construction.
2845 3024 66 5 -

1741 3057 143 43 Ecrire
1910 3058 173 41 Bureau
2112 3059 49 40 de
2187 3059 40 40 la
2251 3073 127 26 revue
2404 3073 101 26 sous
2532 3058 189 42 initiales
2747 3059 58 41 V.
2839 3059 69 41 W.

1809 3203 479 43 TRADUCTIONS
2321 3203 268 55 techniques,
2623 3220 50 27 en
2704 3204 203 53 français,

1745 3263 273 43 néerlandais
2049 3275 40 31 et
2119 3265 238 42 allemand.
2483 3265 143 42 Ecrire
2657 3281 54 27 au
2742 3266 172 42 Bureau

1744 3325 50 42 de
1823 3327 39 41 la
1890 3326 149 42 Revue
2066 3341 102 27 sous
2196 3327 189 41 initiales
2414 3327 55 41 G.
2500 3327 53 41 K.
2584 3327 151 53 (Gand
2754 3328 30 52 ).

1817 3473 427 43 DISPONIBLES.
2295 3474 78 41 Les
2419 3474 154 42 clichés
2621 3487 136 40 ayant
2804 3490 109 39 paru

1743 3534 178 55 jusqu'à
1946 3549 41 27 ce
2013 3534 103 53 jour
2143 3535 108 42 dans
2288 3551 21 25 «
2340 3535 63 42 La
2430 3535 100 42 Cité
2559 3551 22 26 »
2610 3548 194 41 peuvent
2827 3548 84 30 otre

1743 3596 254 53 empruntés
2031 3611 53 27 au
2117 3595 106 45 tarif
2255 3597 52 41 de
2342 3612 54 37 25
2432 3598 206 41 centimes
2672 3600 35 41 le
2740 3612 67 27 cm
2813 3600 12 21 2
2832 3631 9 9 .
