2250 3718
729 187 76 26 LES
842 186 346 28 COMPOSITEURS
1226 188 56 25 DE
1318 187 200 32 MUSIQUE

2052 194 20 25 2
2079 194 46 37 77

599 356 152 42 VENTE
785 353 371 42 D'AUTOGRAPHES
1184 369 24 24 A
1231 367 24 26 L
1274 367 146 27 HOTEL
1444 353 205 42 DROUOT.

178 492 96 41 Une
299 492 126 41 lettre
447 490 53 40 de
522 488 172 41 Berlioz
719 491 22 36 à
780 484 202 49 Samuel,
1020 485 58 40 du
1115 499 40 25 11
1183 485 168 51 janvier
1380 487 120 49 1856,
1525 485 182 39 relative
1731 489 22 35 à
1789 484 342 51 l'organisation

120 569 54 40 de
192 581 69 27 ses
284 574 198 33 concerts
505 569 22 35 à
552 562 245 47 Bruxelles,
825 576 21 25 a
867 564 68 37 été
959 560 189 52 adjugée
1182 564 21 35 à
1226 564 53 47 46
1302 560 161 40 francs.
1488 559 123 41 Dans
1628 569 110 31 cette
1762 561 142 46 lettre,
1924 561 39 39 le
1985 561 143 50 grand

120 644 301 52 compositeur
443 640 123 53 parle
588 639 52 40 de
664 636 130 41 Faust
801 668 9 19 ,
837 636 54 40 de
913 635 122 40 Lelio
1075 644 41 31 et
1153 644 191 42 regrette
1368 634 107 53 qu'il
1506 649 54 26 ne
1600 639 237 38 connaisse
1867 636 132 41 Faust
2029 637 100 52 qu'à

120 727 169 31 travers
312 717 39 40 le
373 714 243 41 brouillard
638 713 106 40 d'un
769 719 319 42 arrangement
1111 724 115 38 pour
1249 712 151 50 piano.

176 792 97 42 Une
296 792 125 40 lettre
457 790 53 40 de
534 789 193 50 Bocage,
755 802 59 25 un
845 792 77 35 des
946 787 335 51 protagonistes
1304 786 57 40 du
1387 786 170 41 théâtre
1585 788 301 51 romantique,
1926 794 57 34 où
2020 788 28 39 il
2070 788 61 40 dit

124 882 19 24 «
163 865 105 55 qu'il
293 880 53 27 ne
363 867 140 39 craint
529 877 79 40 pas
631 864 170 40 d'avoir
816 863 70 40 Fr.
912 860 228 43 Lemaître
1159 875 174 27 comme
1349 863 264 51 partenaire.
1634 875 18 24 »
1671 861 31 40 11
1719 864 105 38 écrit
1844 875 18 24 «
1890 877 57 37 qu
1967 863 28 38 il
2017 865 114 37 aime

122 944 37 39 la
182 943 108 40 lutte
310 956 54 26 au
384 941 236 49 contraire,
647 953 173 39 pourvu
846 952 87 40 que
955 938 63 40 les
1043 951 146 27 armes
1222 939 144 39 soient
1399 938 153 51 égales
1579 951 37 26 ».
1640 936 63 41 Ce
1728 939 75 50 qui
1826 938 59 39 lui
1904 936 79 41 fait
2007 951 124 38 peur,

121 1032 47 27 ce
188 1019 75 51 qui
288 1017 38 40 le
357 1016 252 50 décourage
651 1028 57 27 ou
731 1014 233 51 l'indigne,
990 1028 47 26 ce
1060 1023 101 31 sont
1184 1013 63 41 les
1286 1015 234 50 intrigues.
1550 1014 30 39 Il
1604 1013 237 48 demande,
1879 1026 89 27 non
1991 1027 81 38 pas
2096 1013 38 40 le

121 1094 116 40 droit
275 1093 54 40 de
372 1091 166 41 choisir
576 1103 70 28 ses
667 1090 130 48 rôles,
842 1092 113 38 mais
979 1089 111 41 celui
1124 1090 52 40 de
1211 1089 62 41 les
1316 1089 185 41 refuser.
1527 1087 71 42 On
1622 1104 21 25 a
1663 1089 150 40 donné
1843 1104 44 36 14
1910 1087 147 42 francs
2081 1089 54 40 de

122 1183 46 26 ce
192 1168 181 40 feuillet.

179 1243 96 41 Une
313 1242 126 41 lettre
462 1241 201 41 d'Aimée
702 1241 185 41 Desclée
910 1246 21 36 à
971 1242 258 52 Montigny,
1270 1241 183 41 relative
1491 1246 21 35 à
1553 1254 83 28 son
1669 1243 168 39 service
1861 1256 54 26 au
1940 1242 191 40 théâtre.

123 1319 207 40 L'artiste
351 1333 25 37 y
401 1322 211 35 énumère
636 1317 63 40 les
715 1317 253 40 conditions
991 1317 53 40 de
1066 1321 187 36 rentrée.
1279 1315 73 42 On
1373 1317 54 40 l'a
1453 1322 136 47 payée
1612 1329 43 40 35
1678 1316 52 41 fr.

180 1394 62 40 Le
276 1394 248 51 quatrième
569 1401 92 31 acte
697 1393 53 39 de
802 1392 26 40 Y
830 1392 106 40 Ami
958 1393 50 39 de
1032 1390 190 54 femmes
1229 1425 8 16 ,
1279 1394 228 50 précieuse
1546 1394 122 50 pièce
1690 1392 325 52 autographiée
2053 1408 80 37 par

127 1468 251 40 Alexandre
397 1467 172 40 Dumas
593 1466 88 51 fils,
707 1468 126 39 datée
862 1468 58 39 du
941 1482 20 37 7
988 1467 160 41 février
1181 1470 117 48 1864,
1324 1482 22 25 a
1371 1472 68 35 été
1463 1472 192 48 poussée
1686 1472 23 35 à
1740 1482 71 36 142
1835 1466 52 41 fr.

182 1543 98 40 Une
301 1545 202 38 curieuse
524 1542 126 41 lettre
671 1543 55 39 de
748 1542 46 40 M
799 1540 38 24 lle
860 1540 177 53 George
1062 1547 20 35 à
1102 1542 130 40 Ilarel
1253 1545 68 45 (20
1342 1542 254 53 septembre
1622 1542 137 53 1839),
1787 1549 72 42 où,
1876 1556 54 27 en
1954 1543 61 41 lui
2036 1557 73 26 ren-

126 1618 106 40 dant
256 1627 175 43 compte
454 1618 77 40 des
572 1618 207 39 résultats
820 1618 54 40 de
897 1631 45 27 sa
968 1622 200 47 tournée,
1199 1618 83 40 elle
1306 1618 60 40 lui
1401 1617 235 42 manifeste
1660 1632 80 26 son
1766 1632 174 37 amour,
1963 1628 65 31 est
2053 1618 55 41 ob-

129 1702 129 31 tenue
279 1706 113 38 pour
413 1707 44 25 12
484 1691 160 42 francs.

181 1767 96 42 Une
301 1768 126 40 lettre
468 1768 54 39 de
553 1767 151 53 Henry
737 1766 184 52 Murger
945 1773 22 35 à
1004 1768 122 41 Léon
1162 1767 129 50 Noël,
1335 1769 128 40 datée
1505 1769 53 40 de
1590 1769 202 53 l'hôpital
1824 1768 309 54 Saint-Louis,

128 1856 49 37 30
200 1844 87 38 mai
311 1845 117 48 1842,
455 1848 57 35 où
532 1842 28 39 il
584 1851 179 32 raconte
786 1856 81 27 son
892 1844 149 51 séjour
1062 1848 21 35 à
1108 1843 218 53 l'hôpital,
1347 1858 21 26 a
1394 1849 68 35 été
1484 1845 189 51 adjugée
1695 1849 21 35 à
1743 1858 40 39 15
1811 1844 162 42 francs.

182 1919 71 42 On
277 1935 21 26 a
329 1924 111 49 payé
463 1923 45 37 61
535 1919 147 42 francs
713 1934 87 26 une
822 1921 295 39 intéressante
1147 1921 127 40 lettre
1302 1921 54 40 de
1387 1919 156 42 Scribe
1573 1925 22 35 à
1632 1920 255 53 Montigny,
1919 1921 128 40 datée
2081 1921 54 40 de

126 1995 241 44 Séricourt,
400 2011 20 25 2
446 1996 142 52 juillet
627 1999 115 47 1847.
767 1994 128 41 Cette
919 1996 122 51 pièce
1060 2004 67 32 est
1150 2009 87 27 une
1259 1995 217 41 véritable
1496 1997 302 39 consultation
1820 1996 214 40 littéraire
2058 2010 76 27 sur

124 2084 86 27 une
227 2084 152 28 œuvre
402 2071 54 40 de
476 2070 250 41 Dumanoir
745 2079 42 31 et
808 2069 247 48 Clairville,
1084 2069 219 41 Charlotte
1326 2070 171 53 Corday
1506 2105 8 16 ,
1537 2072 109 40 dont
1669 2070 246 53 Monsigny
1932 2072 60 39 lui
2013 2073 120 39 avait

124 2148 170 39 soumis
334 2147 39 40 le
421 2148 260 38 manuscrit.
709 2145 31 40 Il
764 2161 27 37 y
815 2160 22 26 a
858 2146 78 40 des
959 2146 160 41 choses
1159 2147 242 40 hasardées
1442 2148 73 51 qui
1544 2147 39 40 le
1606 2147 235 50 révoltent,
1891 2148 115 39 mais
2030 2145 106 53 qu'il

124 2222 123 40 n'ose
266 2222 235 40 conseiller
520 2222 54 40 de
595 2223 268 51 supprimer.

181 2297 121 40 Pour
331 2309 48 40 45
407 2295 147 42 francs
578 2311 57 27 on
660 2311 21 26 a
705 2311 54 26 eu
778 2310 86 27 une
888 2297 126 40 lettre
1037 2297 53 40 de
1114 2297 156 40 Talma
1303 2298 207 40 adressée
1533 2302 21 36 à
1580 2299 54 39 de
1672 2299 96 52 Puy
1803 2300 78 39 des
1905 2298 143 41 Islets.
2074 2298 63 40 Le

124 2373 141 51 grand
286 2372 231 51 tragédien
543 2382 190 41 regrette
755 2372 136 53 qu'on
912 2373 61 40 lui
994 2374 59 39 ait
1074 2374 130 39 retiré
1228 2387 69 26 ses
1317 2379 174 36 entrées
1514 2373 132 42 d'une
1664 2377 197 38 manière
1885 2376 36 38 si
1942 2373 191 42 brutale.

127 2464 19 19 «
167 2447 135 47 Mais,
319 2448 177 45 écrit-il,
522 2457 95 31 tout
639 2462 52 26 va
718 2453 22 35 à
761 2448 40 40 la
826 2448 149 41 diable
1000 2453 21 36 à
1042 2449 40 40 la
1107 2448 231 43 Comédie.
1363 2450 71 41 On
1456 2451 134 40 laisse
1611 2460 95 32 tout
1723 2450 125 48 faire,
1873 2460 95 31 tout
1992 2450 110 40 aller
2123 2464 10 34 ;

126 2523 29 40 il
178 2521 72 54 n'y
286 2537 21 26 a
342 2537 144 27 aucun
522 2523 129 42 ordre
675 2538 8 33 ;
719 2523 62 42 les
806 2525 191 51 plaintes
1035 2527 209 50 arrivent,
1282 2535 41 31 et
1368 2526 170 41 chacun
1576 2540 46 28 se
1657 2526 222 41 demande
1918 2530 22 35 à
1982 2527 74 51 qui
2093 2526 39 39 la

127 2596 134 41 faute.
293 2610 19 24 »

185 2671 95 41 Une
303 2671 127 41 lettre
449 2672 54 40 de
519 2671 45 41 M
569 2677 47 18 me
639 2673 53 40 de
711 2672 243 50 Malibran,
979 2675 58 40 du
1058 2690 24 36 4
1103 2676 170 52 janvier
1301 2680 96 50 1835
1428 2692 21 25 a
1472 2676 78 42 fait
1576 2692 50 36 30
1651 2677 164 41 francs.

1617 2782 53 42 H.
1701 2783 203 41 ROUGET.

622 3056 108 40 Les
763 3054 424 52 compositeurs
1225 3054 68 41 de
1335 3054 284 52 musique.

180 3198 86 42 Les
286 3213 215 29 concours
518 3211 179 32 ouverts
720 3215 54 28 en
806 3214 96 40 1905
947 3216 79 38 par
1065 3203 40 40 la
1146 3201 176 42 Société
1345 3204 79 39 des
1448 3201 344 53 Compositeurs
1832 3201 53 40 de
1921 3201 207 50 musique

126 3284 76 30 ont
225 3275 147 41 donné
392 3276 62 40 les
478 3277 208 41 résultats
726 3279 204 39 suivants
954 3288 8 26 :

184 3348 29 40 I.
239 3348 274 53 —Quatuor
547 3366 114 39 pour
693 3354 151 51 piano,
886 3354 168 47 violon,
1082 3355 88 39 alto
1192 3363 40 30 et
1255 3354 285 40 violoncelle.

182 3417 103 40 Prix
305 3419 52 40 de
385 3433 75 38 500
477 3420 146 41 francs
647 3421 127 41 offert
791 3437 81 37 par
891 3424 61 40 M.
980 3423 38 39 le
1041 3423 293 39 ministredes
1353 3422 280 48 beaux-arts,
1654 3420 185 39 décerné
1857 3423 21 35 à
1897 3418 62 39 M.
1985 3417 150 49 Roger

126 3488 212 39 Ducasse.
