2250 3718
836 190 252 31 QUESTIONS
1124 178 280 43 D'HARMONIE

2044 209 72 36 253

118 280 137 54 qu'un
280 282 322 42 renforcement
625 282 107 40 delà
756 284 140 50 partie
918 287 128 37 ténor
1060 285 182 52 (auquel
1267 301 75 26 cas
1363 288 39 40 la
1429 289 168 42 théorie
1621 292 207 44 officielle
1852 311 55 26 ne
1928 308 194 41 proteste

120 355 96 48 pas)
234 362 85 39 ;au
344 365 43 26 n°
412 367 36 35 3,
471 366 59 26 un
551 351 222 51 fragment
795 351 134 40 d'une
949 352 173 40 célèbre
1148 368 113 37 page
1293 355 54 40 de
1371 356 173 42 Fidelio
1551 390 11 19 ,
1595 367 57 34 où
1674 362 38 39 le
1737 363 337 44 redoublement
2098 382 21 25 a

118 418 87 42 lieu
226 428 121 32 entre
368 434 85 26 une
472 421 99 39 voix
588 428 40 32 et
642 434 59 26 un
719 421 267 39 instrument
1006 421 53 39 de
1078 420 255 43 l'orchestre
1358 423 89 53 (ici,
1463 428 202 49 pizzicati
1682 430 79 40 des
1780 433 308 53 violoncelles)
2111 446 7 31 ;

120 502 53 26 au
199 493 102 45 n°4,
327 503 59 25 un
409 488 223 50 fragment
674 488 52 40 de
752 486 144 42 Gluck
936 495 57 34 où
1026 503 211 38 soprano,
1274 492 106 51 alto,
1406 498 129 37 ténor
1563 505 41 31 et
1625 496 132 42 basse
1780 502 240 49 procèdent
2042 517 80 37 par

120 566 311 31 mouvements
480 555 285 49 semblables,
809 557 118 40 alors
966 571 87 38 que
1082 559 460 53 l'accompagnement
1576 566 312 43 instrumental
1927 571 170 48 (contre-

121 623 173 53 basses)
317 634 64 31 est
402 625 93 40 seul
518 623 203 42 différent
747 639 8 33 ;
799 639 54 26 au
877 630 48 35 n°
952 639 36 39 5,
1015 641 58 26 un
1100 636 112 32 texte
1234 629 53 39 de
1312 628 217 54 Haendel,
1556 639 56 34 où
1634 634 37 40 le
1695 649 193 39 soprano
1910 648 66 31 est
1999 653 99 27 exac-

120 702 165 31 tement
326 691 164 42 doublé
529 707 78 38 par
638 693 39 40 le
709 698 127 36 ténor
859 708 10 34 ;
896 703 42 31 et
962 709 53 26 au
1037 700 47 36 n°
1106 700 40 44 6,
1172 712 60 25 un
1254 712 193 37 passage
1479 707 57 34 où
1569 702 39 40 le
1623 707 143 38 même
1785 705 290 44 doublement
2098 723 21 26 a

119 761 87 40 lieu
231 769 121 32 entre
375 761 119 40 l'alto
515 769 40 32 et
585 761 38 40 la
645 760 146 41 basse.

176 828 73 39 111.
340 829 62 39 La
426 829 119 49 règle
566 830 74 51 qui
658 829 188 52 prohibe
865 831 62 40 les
949 834 138 39 suites
1111 834 53 40 de
1182 836 176 50 quintes
1382 846 65 31 est
1472 846 92 32 tout
1590 841 118 38 aussi
1728 839 157 52 fragile
1907 857 86 38 que
2016 844 107 40 celle

120 898 74 50 qui
218 896 187 53 prohibe
429 897 62 39 les
532 899 137 39 suites
701 898 25 40 d
748 909 194 31 octaves.
984 900 72 42 On
1089 911 64 31 est
1178 904 88 39 mal
1291 918 114 27 venu
1429 910 21 35 à
1475 907 62 40 les
1568 911 237 48 proscrire,
1832 912 86 39 soit
1940 926 54 26 au
2018 926 104 26 nom

118 964 76 40 des
214 964 82 40 lois
320 967 285 50 acoustiques
628 967 207 53 (puisque
874 969 172 53 chaque
1086 984 81 27 son
1191 974 111 39 émis
1337 983 65 31 est
1423 976 202 51 toujours
1661 984 305 46 accompagné
1995 981 54 39 de
2076 995 45 25 sa

118 1032 232 41 douzième
374 1047 56 27 ou
456 1043 152 32 octa\e
632 1036 53 40 de
727 1050 47 26 sa
809 1036 190 53 quinte),
1033 1041 85 38 soit
1143 1055 54 26 au
1223 1055 104 27 nom
1349 1043 53 39 de
1433 1043 8 39 1
1463 1058 157 37 usage,
1642 1060 73 25 car
1735 1047 196 51 pendant
1949 1054 99 46 près
2072 1049 54 40 de

122 1114 78 37 300
216 1102 152 40 ansles
392 1105 177 49 quintes
591 1113 74 30 ont
684 1109 66 35 été
782 1119 88 27 non
895 1107 248 42 seulement
1185 1112 233 49 permises,
1446 1114 112 38 mais
1597 1115 223 51 imposées
1862 1115 87 42 Les
1975 1119 150 38 traités

119 1170 24 38 d
166 1170 231 41 harmonie
419 1171 143 40 disent
586 1175 296 49 précisément
921 1176 283 51 aujourd'hui
1249 1193 85 38 que
1376 1180 40 40 la
1460 1182 274 50 prohibition
1758 1184 77 41 des
1860 1187 178 50 quintes
2062 1196 64 31 est

119 1251 85 26 une
226 1251 19 23 ((
271 1240 195 39 réaction
496 1254 17 22 »
533 1249 151 31 contre
709 1241 10 40 1
740 1243 156 39 ancien
920 1257 153 37 usage.
1092 1244 128 42 Ainsi
1258 1260 18 26 s
1294 1250 196 50 exprime
1513 1249 61 41 M.
1599 1250 249 52 Lavignac,
1871 1253 257 53 professeur

119 1306 24 39 d
166 1306 231 40 harmonie
439 1322 54 25 au
521 1307 346 44 Conservatoire
890 1311 112 41 dans
1025 1326 81 27 son
1131 1314 107 41 livre
1254 1315 63 40 L,a
1334 1331 190 40 musique
1547 1325 36 33 et
1603 1320 57 39 les
1684 1336 241 25 musiciens.
1951 1323 63 40 Ce
2037 1332 92 31 mot

120 1389 11 24 1
144 1377 164 37 èaction
328 1384 64 31 est
415 1376 53 39 de
490 1376 252 42 Ilelmholtz
765 1381 14 46 (
788 1378 80 41 Fie
887 1378 133 42 JLehre
1035 1396 82 26 von
1131 1383 75 39 dev
1234 1384 437 57 Tonetnpfindungen
1679 1420 10 19 ,
1715 1404 42 37 p.
1783 1403 74 38 577
1877 1391 52 39 de
1954 1391 10 39 1
1984 1392 67 39 éd.
2076 1392 53 39 de

127 1441 119 54 1878)
268 1444 73 50 qui
367 1445 115 39 avait
506 1458 69 27 ses
590 1447 173 39 raisons
786 1461 114 38 pour
922 1450 148 50 parler
1086 1452 128 39 ainsi.
1232 1451 117 42 Mais
1373 1455 36 38 si
1432 1468 48 27 ce
1499 1458 126 49 point
1642 1457 53 40 de
1719 1472 85 26 vue
1824 1460 105 39 était
1947 1458 104 50 bon,
2076 1474 54 26 ne

122 1511 252 41 devrait-on
390 1526 79 38 pas
484 1514 186 51 aujourd
687 1514 95 51 hni,
807 1530 79 38 par
911 1518 253 50 analogieet
1181 1534 113 37 pour
1310 1521 109 42 faire
1442 1538 87 26 une
1554 1538 20 24 «
1597 1528 195 38 réaction
1819 1540 19 24 »
1863 1530 265 45 nécessaire,

122 1581 220 48 proscriie
365 1580 10 39 1
397 1582 208 49 usagede
629 1583 10 39 1
659 1585 154 39 accord
837 1585 177 51 parfait,
1042 1600 56 27 ou
1123 1588 53 40 de
1199 1589 38 40 la
1263 1599 103 32 note
1387 1592 181 40 sensible
1583 1597 68 35 ?...
1666 1594 206 41 —Aun°
1889 1597 96 50 7de
2005 1606 126 32 notre

121 1660 116 37 page
260 1646 116 49 XIV,
402 1657 112 32 texte
529 1650 52 40 de
598 1650 162 53 Haydn
776 1658 55 33 où
848 1653 88 41 lon
960 1664 154 31 trouve
1132 1671 20 24 2
1171 1659 177 50 quintes
1361 1659 53 40 de
1432 1662 114 38 suite
1561 1659 8 53 (
1578 1661 141 49 Ici-mi,
1741 1664 124 45 ré-la,
1888 1673 56 36 et,
1968 1680 59 25 un
2046 1679 85 39 peu

124 1714 99 51 plus
242 1715 90 39 loin
358 1726 8 28 :
390 1717 153 49 sol-ré,
557 1718 157 53 do-sol)
736 1734 103 26 avec
859 1733 286 32 mouvement
1167 1728 220 39 contraire
1404 1728 77 40 des
1505 1731 166 49 parties
1699 1737 159 43 ;aun°
1882 1736 39 46 8,
1958 1748 20 25 2
2002 1735 101 50 quin-

125 1791 63 30 tes
209 1785 273 39 successives
520 1785 52 40 de
599 1785 198 42 Haendel
822 1787 163 54 {/a-do,
1010 1792 145 53 sol-ré)
1178 1801 203 40 ;aun°
1404 1799 38 47 8,
1474 1796 257 43 Beethoven
1749 1801 106 39 écrit
1879 1811 7 27 :
1910 1800 92 41 dos
2027 1801 106 40 sol%

124 1847 130 54 (cette
274 1851 201 41 dernière
511 1863 104 31 note
645 1860 279 47 représentée
960 1872 80 37 par
1077 1860 38 40 le
1134 1875 20 24 2
1160 1866 15 17 e
1195 1870 141 44 temps
1357 1864 53 40 de
1433 1865 39 40 la
1498 1865 205 54 blanche)
1726 1870 113 39 suivi
1856 1869 55 40 de
1926 1869 38 40 si
1980 1867 90 55 $-fa

125 1916 63 42 Le
207 1918 177 41 dernier
402 1922 200 51 exemple
619 1926 155 37 mérite
794 1938 84 27 une
910 1930 217 38 attention
1146 1932 282 49 particulière
1454 1934 60 51 (n.
1547 1934 64 52 10)
1639 1944 9 40 ;
1669 1935 28 40 il
1712 1945 66 32 est
1802 1938 80 39 tiré
1900 1938 132 41 dune
2061 1944 45 35 cé-

127 1985 118 42 lèbre
266 1996 40 31 et
328 1991 182 49 exquise
539 1996 129 35 scène
687 1992 54 39 de
759 1991 161 42 Gluck.

179 2053 144 42 Gluck
347 2066 80 41 est,
454 2072 78 37 par
555 2060 261 47 excellence,
849 2062 10 39 1
880 2064 153 40 artiste
1057 2067 75 50 qui
1156 2068 116 39 aime
1293 2069 61 38 les
1388 2069 146 50 lignes
1559 2072 242 50 régulières
1818 2083 42 32 et
1883 2074 64 41 les
1961 2074 166 43 formes

118 2137 134 37 puies
275 2155 9 17 ,
310 2139 20 24 c
348 2134 65 31 est
437 2140 59 25 un
527 2137 197 42 antique,
746 2144 58 25 un
842 2129 112 42 Grec
986 2133 245 42 cherchant
1271 2136 38 39 la
1335 2135 160 43 beauté
1519 2140 176 52 simple,
1721 2151 41 31 et
1780 2142 40 40 la
1844 2142 149 49 clarté,
2020 2159 104 26 avec

118 2190 38 40 la
198 2195 131 46 grâce
373 2208 60 25 un
468 2208 84 38 peu
592 2196 116 41 lente
750 2198 58 40 du
850 2213 105 26 xvm
961 2206 15 16 e
1017 2202 131 40 siècle
1174 2217 7 25 :
1225 2217 69 26 ses
1325 2219 177 27 œuvres
1541 2208 208 42 éveillent
1786 2211 127 41 l'idée
1955 2212 53 40 de
2051 2227 71 26 ces

119 2258 255 42 bas-reliefs
400 2264 208 50 attiques,
635 2271 56 34 où
732 2274 93 32 tout
857 2277 65 31 est
945 2269 25 39 d
992 2283 87 26 une
1101 2273 250 51 eurythmie
1389 2274 187 52 parfaite
1600 2289 8 35 ;
1649 2280 113 39 mais
1794 2278 102 42 c'est
1921 2283 121 38 aussi
2072 2296 59 25 un

121 2330 302 50 compositeur
440 2332 282 54 dramatique,
750 2336 211 52 appliqué
982 2341 20 36 à
1029 2339 145 50 régler
1196 2340 291 53 l'expression
1506 2347 216 39 musicale
1743 2346 172 54 d'après
1937 2349 38 40 la
2001 2351 111 39 situa-

122 2397 92 39 tion
232 2406 40 31 et
297 2398 62 39 les
379 2401 264 40 sentiments
662 2403 57 38 du
745 2417 283 39 personnage
1046 2406 6 37 !
1081 2421 50 26 or
1154 2422 19 26 s
1192 2409 28 39 il
1244 2424 22 25 a
1290 2412 206 52 employé
1517 2414 52 39 ici
1595 2423 110 32 cette
1723 2415 140 41 forme
1887 2417 180 41 insolite
2091 2427 41 32 et

120 2466 74 50 qui
216 2470 141 36 arrête
372 2467 10 39 1
404 2470 217 39 attention
647 2469 126 52 (trois
796 2474 178 49 quintes
997 2475 53 40 de
1071 2478 114 39 suite
1207 2491 79 38 par
1301 2490 312 32 mouvements
1635 2483 308 54 semblables),
1960 2499 46 26 ce
2020 2486 111 41 n'est

120 2546 80 37 pas
233 2546 103 27 sans
360 2535 141 39 motif.
523 2535 36 40 L
578 2537 40 39 icl
625 2553 16 35 y
656 2538 55 39 lie
732 2539 24 39 d
778 2547 56 33 où
866 2555 47 26 ce
937 2541 223 52 fragment
1191 2555 65 31 est
1284 2549 80 38 tiré
1387 2558 66 31 est
1483 2552 339 41 musicalement
1842 2556 132 38 écrite
1992 2568 75 27 sur
2089 2556 39 39 la

127 2601 141 49 partie
291 2601 57 40 du
373 2602 127 41 livret
524 2617 85 38 que
632 2608 111 39 voici
781 2622 7 24 :

177 2666 64 41 Le
264 2669 223 42 chevalier
509 2671 187 43 Renaud
722 2688 45 27 se
788 2685 153 33 trouve
966 2679 112 41 dans
1098 2696 59 25 un
1181 2697 199 38 paysage
1411 2687 215 41 délicieux
1654 2699 7 28 :
1689 2699 161 31 autour
1886 2692 54 39 de
1963 2692 60 40 lui
2051 2693 77 39 des

122 2735 242 52 ombrages
398 2741 75 49 qui
498 2741 184 41 invitent
710 2757 54 27 au
806 2758 144 39 repos,
990 2748 76 40 des
1093 2751 147 45 fleurs,
1267 2767 86 27 une
1373 2768 83 27 eau
1475 2767 324 41 murmurante,
1823 2773 59 26 un
1901 2761 65 38 air
1989 2760 139 50 léger,

117 2818 56 26 en
202 2819 58 26 un
284 2815 92 31 mot
414 2816 92 32 tout
546 2823 46 25 ce
635 2825 86 37 que
763 2812 39 40 la
846 2824 158 32 nature
1040 2828 105 41 peut
1188 2821 213 53 déployer
1441 2824 54 40 de
1533 2824 255 42 séductions
1811 2840 111 38 pour
1957 2832 170 37 arrêter

119 2872 10 39 1
150 2873 180 41 homme
351 2884 40 31 et
425 2876 38 40 le
487 2881 238 49 conquérir
750 2895 9 33 ;
793 2884 113 39 voici
931 2883 62 40 les
1016 2886 112 41 deux
1152 2889 120 41 idées
1296 2893 294 50 essentielles,
1630 2893 63 41 les
1731 2894 113 41 deux
1865 2898 147 49 points
2033 2897 70 40 cul-

119 2942 195 40 minants
348 2944 111 41 dans
484 2945 62 41 les
561 2948 177 51 paroles
760 2950 59 40 du
838 2951 222 42 chevalier
1079 2968 8 25 :

515 3050 85 33 Plus
622 3050 179 44 j'observe
823 3064 59 23 ces
905 3055 108 42 lieux,
1034 3066 33 25 et
1084 3061 82 39 plus
1190 3061 32 41 je
1242 3064 49 31 les
1315 3064 179 35 admire...

524 3106 87 33 Non
618 3132 7 15 ,
648 3109 33 40 je
700 3120 43 21 ne
759 3111 82 39 puis
862 3113 140 40 quitter
1021 3122 54 25 cet
1096 3116 87 33 asile
1203 3118 201 35 charmant.

176 3218 159 51 Gluck,
357 3225 234 51 analysant
612 3239 47 27 ce
679 3235 130 40 texte,
828 3228 245 55 développe
1091 3245 45 27 ce
1160 3235 75 50 qui
1256 3232 72 55 n'y
1351 3245 65 32 est
1441 3238 184 52 indiqué
1650 3253 85 37 que
1759 3254 80 38 par
1861 3255 59 26 un
1945 3250 92 32 mot
2060 3244 42 37 in-

120 3287 230 50 signifiant
375 3305 18 23 «
421 3307 85 25 non
534 3307 18 23 »
576 3308 9 34 ;
611 3295 29 39 il
660 3295 144 41 divise
823 3297 37 40 la
887 3304 129 35 scène
1038 3314 55 27 en
1117 3304 108 38 trois
1263 3306 165 49 parties
1453 3307 222 51 qu'aucun
1700 3309 129 49 signe
1847 3310 199 39 matériel
2069 3323 53 26 ne

124 3358 168 49 sépaie,
319 3361 110 39 mais
452 3362 107 41 dont
579 3363 39 51 je
638 3377 103 27 sens
766 3371 87 35 très
875 3369 225 40 vivement
1125 3370 38 40 la
1188 3371 253 42 différence.
1463 3374 123 40 Dans
1611 3375 39 39 la
1674 3379 233 48 première,
1936 3376 185 41 Renaud

124 3436 18 26 s
164 3423 269 45 abandonne
473 3435 273 44 naïvement,
785 3449 103 26 avec
920 3450 89 26 une
1047 3448 118 31 sorte
1182 3440 53 40 de
1258 3443 198 49 surprise
1478 3444 210 48 ingénue,
1723 3459 82 25 aux
1830 3446 292 50 impressions

118 3491 284 45 charmantes
426 3500 73 49 qui
539 3497 61 43 lui
642 3501 209 43 viennent
877 3503 53 41 de
968 3514 98 32 tous
1100 3509 120 38 côtés
1244 3520 9 36 ;
1277 3508 115 41 dans
1415 3509 38 40 la
1475 3511 206 47 seconde,
1708 3510 160 48 Gluck,
1893 3514 229 48 supérieur
