2250 3718
495 185 140 28 NOTES
669 183 85 28 SUR
787 184 51 25 LA
872 183 143 26 DANSE
1050 184 51 24 ET
1136 184 51 24 LA
1218 183 202 31 MUSIQUE
1455 181 275 28 ORIENTALES

2046 177 70 43 265

121 279 124 40 envie
261 278 54 40 de
332 278 159 40 courir
515 277 41 39 le
578 274 158 41 monde
760 286 16 40 ;
798 274 84 39 elle
895 273 149 54 prend
1066 272 114 40 donc
1195 273 77 40 des
1292 274 239 39 vêtements
1554 273 53 40 de
1610 272 139 55 jeune
1767 274 171 41 homme
1967 283 43 33 et
2043 277 76 40 des

118 347 176 39 allures
313 345 286 50 masculines,
619 349 59 43 et,
699 341 54 41 de
776 354 161 27 course
955 354 50 26 en
1029 353 176 37 course,
1231 341 54 40 de
1310 353 176 42 voyage
1506 354 51 27 en
1576 353 196 43 voyage,
1804 343 85 39 elle
1908 343 105 52 finit
2031 357 89 40 par

119 415 184 39 arriver
318 427 57 27 au
387 413 157 52 jardin
558 412 127 40 d'une
701 411 113 39 belle
831 409 285 52 magicienne
1133 409 199 40 nommée
1349 409 133 40 Hera
1502 409 107 53 liai(
1621 409 52 54 1).
1691 410 132 41 Cette
1841 411 115 40 belle
1974 412 115 53 magi-

118 482 173 51 cienne,
308 494 54 28 on
377 482 42 40 la
436 480 260 53 représente
716 490 167 29 comme
898 476 128 41 étant
1042 477 42 40 la
1088 477 109 56 fille
1218 477 60 39 du
1300 476 159 41 Grand
1480 477 226 49 Cobra,ce
1722 485 181 46 serpent
1918 480 79 53 qui
2009 478 113 56 joue

121 563 59 27 un
195 550 98 40 rôle
306 551 39 39 si
361 550 249 53 important
626 548 111 40 dans
754 546 81 40 bon
853 545 184 40 nombre
1053 545 54 40 de
1127 545 214 54 légendes
1355 545 237 41 hindoues.
1610 545 69 40 On
1692 551 124 48 peut,
1832 546 26 40 à
1877 559 47 27 ce
1936 559 189 41 propos,

114 620 129 50 faire
262 618 79 40 des
363 617 401 53 rapprochements
782 614 254 55 frappants
1059 620 128 34 entre
1223 614 59 39 les
1313 613 322 54 superstitions
1673 615 215 40 relatives
1915 628 95 27 aux
2030 628 75 28 ser-

119 695 131 45 pents
256 685 268 55 familières
558 696 96 28 aux
676 696 206 42 paysans
918 681 319 55 d'Allemagne
1272 688 45 33 et
1340 682 63 39 les
1424 681 324 53 superstitions
1770 684 253 53 analogues
2050 684 77 54 qui

123 758 190 49 régnent
335 754 114 39 dans
473 751 349 42 VHindoustan.

179 822 63 40 Et
262 821 118 40 voici
402 821 202 53 qu'Hera
624 820 105 49 Bai,
760 820 41 40 la
842 820 113 40 belle
991 818 301 56 magicienne,
1318 818 181 42 devient
1521 831 269 29 amoureuse
1828 819 54 41 de
1914 820 217 41 Seventee

122 891 91 39 Bai
232 901 16 40 ;
266 889 190 47 celle-ci,
476 890 79 53 qui
577 888 171 41 réussit
765 887 26 41 à
816 889 252 39 maintenir
1089 901 80 27 son
1197 887 231 55 incognito
1449 895 43 32 et
1514 890 25 37 à
1567 900 166 40 passer
1765 900 122 41 pour
1912 901 55 26 un
1993 888 139 55 jeune

121 957 188 49 homme,
331 969 53 27 ne
407 964 103 33 veut
522 970 88 41 pas
629 969 47 28 se
701 957 167 40 laisser
889 957 292 48 convaincre,
1204 963 60 43 et,
1282 969 120 40 pour
1432 957 147 39 sortir
1598 955 58 40 du
1681 955 186 54 jardin,
1905 957 84 39 elle
2025 959 80 52 pré-

125 1032 124 33 texte
268 1038 56 41 qu
344 1025 83 40 elle
450 1037 26 27 a
501 1037 85 28 une
607 1025 273 54 importante
904 1024 185 41 mission
1113 1027 24 38 à
1158 1025 190 39 achever
1367 1030 137 34 avant
1527 1036 84 41 que
1631 1024 100 39 leur
1752 1025 211 51 mariage
1981 1023 151 54 puisse

126 1095 131 39 avoir
277 1093 106 41 lieu.
409 1094 415 47 Eenchanteresse,
850 1101 171 47 voyant
1044 1094 109 54 quil
1188 1100 65 33 est
1278 1093 160 40 inutile
1473 1093 54 40 de
1550 1094 43 39 la
1625 1091 272 54 persuader,
1920 1091 148 40 donne
2109 1096 22 35 à

127 1162 215 40 Seventee
364 1162 92 39 Bai
475 1175 85 27 une
587 1162 144 53 petite
761 1162 115 51 flûte
908 1175 52 27 en
987 1176 53 26 or
1057 1178 12 24 :
1093 1176 19 25 «
1139 1161 177 41 Prends
1338 1168 118 34 cette
1466 1161 139 55 flûte,
1634 1161 67 40 lui
1720 1161 199 48 dit-elle,
1943 1167 44 34 et
2015 1161 92 40 lors-

128 1243 84 40 que
233 1235 44 34 tu
303 1230 197 41 voudras
520 1243 68 27 me
608 1231 99 39 voir
731 1244 56 27 ou
807 1244 83 41 que
913 1237 45 33 tu
983 1244 137 27 auras
1144 1230 153 40 besoin
1333 1230 55 40 de
1426 1244 99 26 mon
1560 1230 264 48 assistance,
1868 1242 52 28 va
1953 1228 114 40 dans
2091 1230 42 38 la

120 1299 182 56 jungle,
322 1305 57 41 et,
405 1299 61 51 là,
490 1298 103 52 joue
612 1298 54 41 de
688 1300 44 38 la
744 1298 124 55 flûte
892 1313 12 25 :
928 1306 136 34 avant
1085 1312 84 42 que
1189 1300 40 39 le
1245 1312 79 28 son
1346 1300 68 39 ait
1430 1298 175 54 expiré,
1625 1297 45 54 je
1700 1298 124 40 serai
1847 1299 43 39 là
1909 1311 16 37 ;
1945 1298 115 40 mais
2081 1311 54 27 ne

130 1367 157 40 t'avise
304 1380 84 40 pas
403 1366 99 41 d'en
512 1366 144 55 jouer
671 1368 45 39 ni
738 1367 114 41 dans
871 1369 64 39 les
958 1369 131 40 villes
1111 1369 46 38 ni
1170 1367 155 55 parmi
1348 1369 42 39 la
1413 1368 142 46 foule.
1583 1381 21 24 »

185 1435 215 40 Seventee
428 1435 88 41 Bai
534 1435 145 53 prend
704 1437 43 38 la
781 1435 123 56 flûte
943 1444 43 31 et
1022 1442 110 47 part
1164 1449 120 41 pour
1311 1435 256 53 accomplir
1588 1448 79 27 son
1707 1448 197 42 voyage.
1936 1434 202 54 Quelque

132 1510 140 45 temps
297 1506 148 51 après,
471 1510 145 46 ayant
635 1503 154 42 besoin
812 1505 55 39 de
883 1517 204 40 secours,
1125 1506 89 39 elle
1235 1512 129 33 entre
1386 1504 112 41 dans
1532 1505 44 39 la
1614 1504 176 54 jungle,
1824 1505 91 39 tire
1948 1505 42 38 la
2016 1503 124 54 flûte

134 1571 42 40 dé
181 1584 54 27 or
256 1578 45 33 et
320 1584 46 28 se
389 1580 91 31 met
499 1574 23 37 à
540 1585 49 26 en
596 1571 143 54 jouer
756 1586 12 26 :
784 1580 40 33 et
844 1573 116 40 voici
979 1586 82 41 que
1082 1574 43 39 la
1144 1573 113 40 belle
1280 1575 286 52 magicienne
1586 1579 228 46 apparaît,
1835 1585 47 27 se
1898 1571 242 41 balançant

129 1651 83 27 sur
233 1652 59 27 un
315 1639 137 40 arbre
471 1640 230 55 d'argent,
726 1654 168 27 comme
916 1642 88 40 elle
1028 1641 66 40 lui
1116 1642 115 39 était
1254 1654 203 41 apparue
1480 1655 57 26 au
1563 1640 183 55 jardin.

189 1707 95 40 Une
302 1714 136 33 autre
454 1708 91 52 fois
564 1722 178 36 encore,
765 1710 40 39 la
832 1710 116 40 belle
969 1711 348 39 enchanteresse
1338 1717 200 47 apparut
1559 1709 381 40 immédiatement
1971 1722 57 27 au
2059 1721 79 28 son

129 1773 56 41 de
228 1775 42 39 la
306 1774 123 55 flûte
460 1777 213 53 magique
727 1783 42 33 et
824 1778 65 39 lui
923 1778 223 40 demanda
1184 1790 11 26 :
1237 1793 19 24 «
1288 1778 121 41 Cher
1450 1778 171 53 époux,
1665 1790 85 40 que
1796 1776 179 56 puis-je
2012 1776 129 53 faire

123 1855 125 40 pour
272 1843 66 40 toi
362 1842 58 55 (2)
445 1847 16 37 ?
494 1858 19 24 »

191 1910 52 41 11.
280 1912 83 39 Les
395 1919 153 33 contes
576 1913 55 40 de
643 1914 108 54 fées
770 1914 311 49 Scandinaves,
1108 1914 273 42 rassemblés
1396 1929 89 42 par
1501 1914 282 55 Asbjôrnsen
1803 1921 41 33 et
1880 1914 124 50 Moe,
2030 1923 113 30 nous

135 1977 168 55 offrent
329 1992 83 28 une
433 1981 193 41 histoire
642 1982 111 40 dont
774 1983 39 39 le
831 1983 112 39 titre
962 1990 65 33 est
1041 1998 13 25 :
1072 1998 19 24 «
1115 1983 163 40 Orient
1301 1984 59 39 du
1383 1983 134 40 soleil
1539 1990 42 33 et
1602 1982 221 41 Occident
1840 1983 54 39 de
1914 1983 41 39 la
1973 1983 103 39 lune
2100 1996 38 26 ».

131 2046 39 40 Il
179 2060 48 40 y
245 2053 68 33 est
333 2050 206 50 question
560 2049 135 41 d'une
716 2049 132 54 jeune
865 2063 243 42 paysanne
1124 2051 294 54 prisonnière
1449 2051 114 41 dans
1586 2051 42 39 la
1654 2063 190 28 caverne
1880 2050 103 40 d'un
2019 2050 125 40 Ours

133 2114 145 40 Blanc
288 2115 112 54 fort
431 2117 117 49 velu,
573 2118 146 53 lequel
737 2131 49 27 se
804 2119 175 54 change
992 2121 109 52 plus
1126 2121 105 39 tard
1252 2133 52 27 en
1338 2119 168 41 Prince
1529 2120 248 39 charmant.
1799 2118 73 41 En
1897 2124 178 35 menant
2101 2119 41 38 la

130 2182 138 57 jeune
275 2184 108 55 fille
398 2183 26 41 à
446 2198 50 27 sa
516 2186 192 53 maison,
732 2186 80 55 qui
834 2194 65 33 est
925 2193 122 34 toute
1069 2188 274 41 étincelante
1367 2188 99 41 d'or
1489 2194 42 34 et
1551 2188 230 55 d'argent,
1807 2187 157 41 l'Ours
1999 2187 145 40 Blanc

137 2252 60 39 lui
221 2252 144 41 donne
387 2266 86 27 une
496 2254 150 40 cloche
667 2255 213 55 d'argent
897 2262 42 35 et
963 2257 63 39 lui
1044 2257 66 39 dit
1134 2270 106 27 avec
1258 2256 249 41 courtoisie
1522 2270 100 41 que,
1637 2258 40 39 si
1699 2257 86 40 elle
1805 2256 209 41 souhaite
2035 2255 109 54 quoi

132 2333 84 40 que
232 2333 48 27 ce
294 2323 90 38 soit
392 2321 60 49 ,il
469 2322 68 40 lui
549 2322 122 56 suffit
686 2323 53 41 de
753 2324 128 51 faire
899 2338 167 26 sonner
1081 2326 42 39 la
1143 2326 167 49 cloche,
1331 2333 43 33 et
1387 2338 71 28 ses
1477 2337 134 29 vœux
1628 2331 156 34 seront
1803 2325 244 53 accomplis
2056 2323 80 54 (3).

185 2388 184 55 Mozart
390 2403 26 26 a
452 2391 227 40 introduit
716 2391 114 41 dans
850 2406 80 26 son
955 2396 137 50 opéra
1118 2408 19 24 «
1162 2395 29 39 Il
1214 2394 157 42 Flauto
1392 2395 179 51 Magico
1593 2408 19 24 »
1641 2406 83 27 une
1743 2393 115 51 flûte
1900 2392 244 40 enchantée

132 2464 44 33 et
196 2456 79 41 des
297 2457 169 41 cloches
486 2458 253 55 magiques,
765 2461 106 40 c'est
891 2474 50 27 ce
971 2475 84 40 que
1076 2469 157 33 savent
1261 2469 99 33 tous
1381 2463 62 40 les
1467 2463 254 40 musiciens.

193 2766 66 43 M.
287 2769 216 41 Perceval
523 2770 188 41 Landon
736 2772 376 54 (correspondant
1133 2772 283 53 particulier
1438 2772 59 40 du
1520 2770 170 50 Times)
1716 2770 119 40 vient
1867 2768 55 40 de
1956 2767 186 53 publier

138 2837 37 40 A
197 2837 193 53 Lhassa,
410 2840 39 40 la
475 2839 113 42 Ville
611 2840 223 51 interdite,
848 2840 214 41 librairie
1084 2840 245 50 Hachette,
1359 2840 145 56 igo6,
1528 2842 115 38 livre
1664 2838 26 40 à
1714 2839 42 39 la
1773 2836 99 54 fois
1890 2838 93 38 très
2005 2835 108 40 docu-

137 2906 145 40 menté
299 2913 42 33 et
361 2920 86 27 non
466 2908 234 54 dépourvu
722 2908 255 52 d'humour,
999 2912 55 37 où
1074 2910 42 39 la
1134 2911 203 53 musique
1356 2910 59 40 du
1444 2908 145 49 Tibet,
1671 2919 48 28 ce
1733 2918 119 42 pays
1871 2904 76 40 des
1970 2903 170 40 moines

136 2979 43 33 et
199 2973 77 41 des
304 2976 196 40 moulins
521 2978 25 39 à
575 2978 174 53 prière,
860 2984 66 34 est
954 2978 305 40 caractérisée
1281 2990 124 41 asse\
1434 2977 294 41 sévèrement.
1765 2988 20 24 «
1831 2974 82 40 Les
1944 2971 196 42 services

136 3042 251 54 religieux,
409 3044 70 41 dit
503 3047 214 48 l'auteur,
745 3051 80 35 ont
846 3059 58 27 un
934 3045 133 40 chant
1102 3045 111 41 dont
1234 3047 43 39 la
1295 3058 182 42 gamme
1507 3058 54 27 ne
1594 3042 190 56 possède
1812 3054 84 42 que
1930 3042 118 39 trois
2083 3052 56 27 ou

136 3116 165 47 quatre
317 3120 139 44 notes,
479 3127 109 28 avec
609 3127 72 28 ses
698 3115 268 41 intervalles
1003 3116 77 53 qui
1100 3120 103 35 sont
1223 3115 79 40 des
1322 3114 239 41 demi-tons
1585 3109 366 56 approximatifs.
1976 3108 63 40 Et
2075 3108 65 40 les

144 3177 236 44 Tibétains
402 3182 120 41 n'ont
541 3197 84 40 pas
640 3197 164 27 encore
837 3182 190 55 franchi
1051 3183 164 53 l'étape
1244 3186 54 38 où
1323 3184 40 39 le
1392 3182 125 40 bruit
1552 3193 120 30 cesse
1693 3178 144 41 d'être
1869 3179 39 39 le
1931 3176 210 54 premier

188 3329 49 44 (1)
256 3332 52 31 La
316 3333 82 42 fille
426 3335 46 30 du
492 3335 176 33 diamant.

189 3388 47 39 (2)
262 3387 44 32 01
309 3390 21 29 d
351 3389 134 33 Deccan
505 3391 100 42 Days
628 3402 62 29 ;or
713 3391 126 32 Hindu
857 3391 114 43 Fairy
989 3389 146 43 legends
1158 3392 142 28 current
1324 3388 36 31 in
1395 3384 173 34 Southern
1591 3384 102 31 India
1700 3408 7 14 ,
1748 3379 176 35 collectecl
1944 3379 89 31 from
2056 3386 59 22 ora

160 3443 158 33 radition
342 3446 47 41 by
408 3448 48 30 M.
480 3447 119 40 Frere,
624 3448 167 37 London,
815 3459 35 29 p.
880 3457 56 33 25.

182 3497 51 44 (3)
255 3497 161 45 Popular
442 3502 98 32 Taies
550 3504 95 39 from
663 3504 54 31 the
734 3504 130 39 Norse,
904 3501 198 33 translated
1126 3501 48 41 by
1198 3500 43 32 G.
1266 3499 60 31 W.
1352 3499 147 37 Dasent,
1520 3495 230 40 Edinburgh,
1771 3504 38 29 p.
1836 3501 60 29 27.
