2250 3718
123 186 77 37 272

785 186 229 27 CONCERTS
1051 187 50 26 ET
1136 185 331 29 INFORMATIONS

123 281 61 41 M.
214 281 53 41 H.
296 282 142 49 Rosti,
463 292 40 32 et
528 298 56 25 un
601 282 218 53 prologue
835 281 344 52 humoristique,
1200 281 107 40 dont
1331 279 38 40 la
1392 277 61 41 fin
1476 286 65 31 est
1562 289 86 28 une
1668 275 250 40 trouvaille.
1948 274 60 42 Le
2027 291 71 38 per-

122 364 201 39 sonnage
344 354 75 51 qui
440 362 64 32 est
529 366 76 27 sur
626 352 38 40 la
687 357 129 35 scène
849 350 77 48 dit,
956 355 128 47 après
1107 349 225 53 plusieurs
1355 347 177 40 fausses
1567 344 163 39 sorties
1755 354 7 27 :

1224 452 67 9 .....
1307 427 65 40 J'ai
1391 423 210 35 l'intention
1623 422 111 33 ferme

651 489 50 32 De
720 497 44 23 ne
786 489 82 39 plus
903 486 140 41 ajouter
1065 484 111 43 qu'un
1195 491 88 30 mot,
1313 495 48 20 un
1382 484 76 30 seul
1486 489 74 23 mot
1581 489 8 22 :

649 543 75 43 (Un
743 545 160 41 compère
925 543 89 31 dans
1036 542 33 31 la
1088 541 85 32 salle
1195 540 148 33 termine
1365 538 29 31 le
1414 548 74 21 vers
1511 547 41 20 en
1576 536 115 30 criant
1717 536 24 39 :)

1732 592 113 32 ferme
1866 590 6 33 !

181 684 217 41 Concerts
426 689 242 35 annoncés.

182 752 118 41 Salle
323 752 160 54 Pleyel.
510 752 133 41 —Le
678 755 23 37 8
725 753 108 51 juin,
858 750 63 40 M.
947 749 152 41 Alfred
1127 748 156 41 Cortot
1314 747 197 40 donnera
1554 757 81 28 son
1677 758 17 36 3
1701 749 15 17 e
1745 752 177 32 concert
1952 757 150 28 roman-

129 825 136 51 tique,
311 836 104 27 avec
457 822 38 40 le
535 835 213 27 concours
784 821 54 39 de
875 818 111 41 MM.
1009 819 193 54 Jacques
1239 815 200 41 Ihibaud
1480 823 40 31 et
1553 812 142 41 Pablo
1731 811 161 42 Casais
1915 811 73 54 (au
2023 827 80 38 pro-

125 905 223 37 gramme,
374 905 176 27 œuvres
573 891 53 40 de
649 890 47 40 F.
724 888 154 50 Liszt).

184 973 119 40 Salle
324 973 148 40 Erard
479 1004 7 9 .
581 971 62 41 Le
666 975 23 36 6
712 971 109 52 juin,
844 969 61 40 M.
932 968 204 50 Auguste
1158 968 54 40 de
1235 966 200 40 Badwan
1464 965 198 40 donnera
1688 977 81 27 son
1793 978 16 37 3
1818 971 12 15 e
1854 972 176 32 concert
2055 962 71 54 (au

129 1055 309 40 programme,
461 1053 175 28 œuvres
659 1040 53 39 de
735 1037 196 53 Chopin,
953 1037 138 47 Bach,
1118 1034 119 53 etc.).

186 1110 295 53 Aujourd'hui
528 1123 10 24 i
548 1113 34 17 er
617 1109 108 51 juin.
759 1105 170 42 Récital
969 1104 334 50 Moussorgski,
1341 1103 148 40 donné
1519 1116 80 38 par
1642 1100 42 42 M
1692 1107 48 17 nie
1767 1101 142 40 Marie
1941 1099 192 43 Olénine

129 1177 127 52 (salle
280 1178 52 40 de
358 1177 199 48 l'Union,
581 1191 62 36 14,
670 1189 75 26 rue
764 1175 54 40 de
840 1173 218 50 Trévise).

185 1278 149 39 Parmi
356 1277 63 39 les
439 1277 99 51 plus
562 1276 205 40 brillants
790 1286 199 28 concerts
1011 1274 54 40 de
1089 1274 38 39 la
1151 1274 202 39 dernière
1393 1273 239 51 quinzaine
1656 1284 113 28 nous
1793 1272 193 39 citerons
2013 1284 7 25 :

184 1345 120 40 Salle
319 1345 163 52 Pleyel.
507 1359 124 37 —l7
655 1345 105 49 mai,
783 1357 20 25 2
808 1348 15 17 e
846 1352 174 31 concert
1040 1343 147 40 donné
1207 1357 79 37 par
1308 1341 46 40 M
1361 1339 39 27 ,le
1416 1341 169 55 Jeanne
1605 1339 340 48 d'Herbécourt,
1973 1354 104 26 avec
2100 1341 38 40 le

129 1428 217 28 concours
365 1414 54 40 de
442 1413 45 40 M
492 1418 47 21 me
560 1411 484 52 Montegu-Montibert
1067 1421 40 30 et
1130 1412 54 39 de
1204 1410 61 40 M.
1308 1410 199 40 Armand
1548 1409 164 40 Parent
1733 1408 74 50 (au
1831 1422 306 38 programme,

133 1497 175 27 œuvres
329 1483 54 40 de
405 1481 189 48 Mozart,
619 1479 279 42 Schumann.

136 1551 217 41 Concerts
393 1549 343 41 d'lnstruments
774 1551 182 38 anciens
981 1547 72 50 (au
1091 1560 302 39 programme,
1433 1559 177 27 œuvres
1647 1545 54 40 de
1731 1545 177 53 Haydn,
1935 1545 203 51 Haendel,

131 1620 155 47 Bruni,
312 1617 118 54 etc.).

186 1692 51 36 26
279 1689 104 48 mai,
428 1695 175 31 concert
648 1686 149 39 donné
838 1698 79 39 par
951 1684 47 40 M
1002 1688 48 19 me
1091 1683 180 41 Vovard
1296 1682 160 42 Simon
1497 1691 41 32 et
1577 1696 81 27 son
1701 1692 209 42 quatuor,
1947 1697 104 26 avec
2091 1684 38 41 le

130 1769 216 27 concours
381 1756 54 38 de
470 1753 109 41 MM.
608 1752 53 42 G.
693 1751 189 43 Grovlez
905 1761 41 31 et
986 1751 37 55 J.
1067 1751 175 41 Bonnet
1279 1751 72 52 (au
1392 1765 288 38 programme
1708 1763 7 26 :
1758 1752 189 40 Mozart.
1996 1752 138 49 Bach,

130 1824 53 41 C.
203 1823 275 46 Chevillard,
494 1821 118 53 etc.).

129 1905 202 39 gramme
355 1907 7 25 :
395 1890 193 53 Chopin,
617 1888 237 47 Schubert,
891 1888 154 52 Grieg,
1071 1898 79 31 etc.

186 1979 118 40 Salle
327 1978 146 40 Erard
480 2010 7 7 .
590 1976 18 53 T
626 1976 17 53 8
661 1976 35 53 et
722 1989 45 40 25
797 1979 104 45 mai,
930 1991 20 25 2
972 1985 200 32 concerts
1192 1977 171 40 donnés
1402 1991 80 37 par
1518 1976 63 41 M.
1626 1976 203 50 Auguste
1853 1977 54 40 de
1927 1976 202 42 Badwan

129 2048 73 52 (au
229 2060 305 40 programme,
560 2059 176 27 œuvres
757 2046 52 39 de
835 2043 277 50 Schumann,
1139 2045 209 47 Brahms,
1370 2044 213 54 Chopin).

132 2205 118 49 etc.).

188 2290 119 41 Salle
330 2292 71 38 des
436 2289 318 54 Agriculteurs.
782 2299 183 41 —l7et
990 2302 44 38 25
1060 2292 105 43 mai,
1206 2304 20 25 2
1271 2299 200 31 concerts
1510 2290 173 40 donnés
1724 2304 79 38 par
1844 2289 45 41 M
1894 2288 39 25 lle
1970 2290 168 55 Jeanne

132 2360 236 47 Blancard,
396 2372 104 27 avec
529 2357 113 41 MM.
671 2357 51 41 R.
752 2357 281 41 Plamondon
1057 2366 41 32 et
1118 2357 122 55 Jules
1264 2358 340 51 Boucheritfau
1625 2372 308 39 programme,
1959 2372 179 28 œuvres

132 2431 52 38 de
208 2429 187 46 Mozart,
422 2427 187 47 Franck,
637 2424 52 42 G.
720 2426 158 47 Fauré,
903 2424 118 54 etc.).

187 2516 119 39 Salle
317 2514 188 40 Berlioz.

133 2598 104 27 avec
261 2584 38 40 le
322 2596 217 28 concours
562 2582 52 40 de
631 2581 61 40 M.
719 2580 138 42 Louis
878 2581 180 41 Diémer
1078 2580 76 53 (au
1175 2596 288 38 programme
1480 2599 6 24 :
1514 2596 175 28 œuvres
1710 2584 54 40 de
1785 2582 189 52 Mozart,
1994 2584 141 50 Bach,

132 2653 193 45 Diémer,
351 2650 119 53 etc.).
490 2650 279 40 L'orchestre
791 2652 105 38 était
918 2650 144 51 dirigé
1085 2650 159 52 parM.
1276 2649 183 43 Geloso.
1486 2666 114 25 —2l
1630 2654 106 44 mai,
1758 2651 45 40 M
1809 2657 46 17 me
1876 2652 111 55 Jane
2009 2652 49 41 B.
2082 2654 53 40 de

131 2721 64 40 La
219 2720 141 41 Motte
384 2719 72 52 (au
480 2732 304 39 programme,
813 2732 175 27 œuvres
1020 2720 54 40 de
1094 2718 138 49 Bach,
1259 2719 200 48 Haendel,
1499 2718 53 43 G.
1588 2720 158 48 Fauré,
1774 2720 120 54 etc.).

185 2808 159 40 Salons
376 2807 50 40 de
465 2805 53 40 M
518 2811 47 24 mQ
597 2805 177 41 Vincent
798 2805 147 41 Carol.
985 2821 123 37 —l7
1134 2809 105 45 mai,
1279 2817 176 31 concert
1496 2812 211 36 consacré
1743 2822 83 27 aux
1865 2824 175 26 œuvres
2081 2812 52 39 de

132 2874 193 58 M.J.G.
363 2875 249 41 Pénavaire
645 2873 152 53 (chant
819 2883 41 32 et
884 2877 207 50 musique
1114 2876 53 40 de
1199 2876 228 54 chambre)
1464 2877 184 52 précédé
1685 2875 131 43 d'une
1839 2880 295 40 intéressante

132 2944 259 43 conférence
414 2944 54 40 de
489 2942 61 41 M.
577 2942 188 52 Eugène
784 2943 170 41 Borrel.

187 3025 119 41 Salle
328 3024 186 41 Berlioz.

132 3108 104 27 avec
257 3093 112 40 MM.
397 3093 224 41 Richardo
649 3092 155 52 Vines,
830 3092 151 41 Pierre
1004 3092 228 47 Monteux,
1274 3095 138 40 Louis
1449 3095 243 51 Feuillard,
1714 3106 83 32 etc.

189 3175 119 40 Salle
339 3175 71 39 des
440 3174 163 41 Hautes
634 3174 162 40 Etudes
834 3174 194 40 sociales.
1905 3178 43 41 M
1953 3177 40 25 lle
2014 3179 117 41 Mêla

133 3244 201 52 Lapidus
369 3243 162 52 Dylion
555 3257 104 26 avec
681 3243 46 40 M
731 3247 63 17 mes
828 3242 494 43 Wanda-Landowska
1357 3254 41 31 et
1433 3244 259 43 Casadesus
1813 3247 207 42 Dellerba
2054 3250 74 49 (au

130 3326 304 39 programme,
470 3325 175 28 œuvres
664 3312 54 40 de
743 3311 200 49 Haendel,
979 3311 217 49 Rameau,
1230 3311 280 51 Schumann,
1550 3313 105 54 etc.)

188 3428 262 47 BORDEAUX,
476 3427 415 42 GRAND-THÉATRE.

985 3429 121 40 Deux
1120 3429 230 40 brillantes
1370 3432 235 39 soiréesoù
1621 3432 186 51 palmes,
1821 3433 177 50 gerbes,
2018 3436 107 40 bou-

133 3507 145 43 quets,
304 3497 209 47 cadeaux,
540 3496 145 41 furent
710 3497 149 41 offerts
884 3503 21 34 à
930 3497 248 53 profusion,
1200 3500 215 39 viennent
1430 3500 54 39 de
1525 3499 117 42 clore
1665 3511 125 31 notre
1814 3504 152 39 saison
2008 3506 125 38 artis-
