2601 3911
1220 3618 136 83 240

254 3642 65 36 LA
368 3631 122 47 CITÉ

1971 3645 249 37 OCTOBRE
2253 3649 82 33 1921

625 439 1411 187 URBANISME

644 797 1037 109 L'URBANISME
1790 800 185 106 ET

319 995 280 112 LES
723 998 803 109 POUVOIRS
1637 998 660 110 PUBLICS

433 1311 75 41 Les
541 1311 207 41 urbanistes
783 1311 127 50 belges
941 1312 36 40 ri
983 1321 64 31 ont
1078 1315 112 47 guère
1221 1315 57 37 été
1309 1311 167 51 appelés,
1506 1313 156 48 jusquà
1692 1315 162 47 présent,
1886 1315 23 38 à
1941 1312 131 41 devoir
2102 1329 40 25 se
2170 1314 111 48 préoc-

312 1395 116 37 cuper
469 1381 65 41 des
575 1381 213 48 formalités
829 1380 317 43 administratives
1187 1383 63 47 qui
1291 1390 306 41 accompagnent
1638 1381 24 40 Y
1668 1381 255 51 approbation
1966 1390 37 32 et
2041 1381 40 42 la
2124 1382 89 41 mise
2257 1398 44 24 en

310 1452 199 41 exécution
540 1451 92 41 d'un
660 1451 93 50 plan
785 1451 344 51 d'aménagement,
1163 1454 119 39 moins
1310 1469 134 24 encore
1474 1451 93 42 d'un
1597 1452 133 50 simple
1759 1454 126 48 projet
1916 1452 47 42 de
1992 1454 129 40 voirie.

432 1545 175 48 Presque
644 1547 183 47 toujours,
866 1545 96 42 leurs
998 1547 142 48 projets
1177 1553 223 34 constituent
1436 1544 65 43 des
1538 1545 131 42 études
1703 1545 284 43 désintéressées
2022 1555 35 32 et
2091 1563 76 25 non
2200 1546 86 41 solli-

311 1617 111 39 citées
454 1629 72 36 par
559 1632 66 24 nos
659 1614 321 42 administrations
1013 1616 216 50 publiques,
1265 1618 63 47 qui
1361 1633 45 25 ne
1438 1625 158 41 songent
1630 1619 114 47 guère
1778 1634 48 24 ou
1860 1616 223 42 s'obstinent
2117 1616 165 42 délibéré-

310 1693 101 34 ment
438 1689 23 37 à
487 1703 44 24 ne
556 1699 71 37 pas
652 1685 149 42 vouloir
827 1703 45 23 en
901 1687 86 40 tirer
1013 1687 131 49 profit.

434 1779 113 41 Dans
581 1779 51 41 les
667 1782 70 38 très
770 1797 102 23 rares
907 1797 65 23 cas
1006 1782 49 38 où
1089 1797 61 23 ces
1184 1781 257 40 intéressantes
1479 1788 32 32 et
1548 1782 218 47 généreuses
1803 1780 195 42 tentatives
2031 1797 45 25 ne
2112 1788 83 33 sont
2229 1793 74 37 pasf

310 1852 136 39 restées
480 1867 87 23 sans
601 1849 172 41 résultats
806 1851 209 48 pratiques,
1051 1858 91 33 cest
1176 1853 22 37 à
1233 1849 66 42 des
1333 1853 207 46 géomètres
1577 1867 46 24 ou
1662 1849 64 42 des
1760 1851 224 49 ingénieurs,
2021 1850 86 50 plus
2141 1853 162 40 souvent

310 1936 136 25 encore
477 1922 21 37 à
529 1919 66 41 des
625 1922 229 47 organismes
886 1922 243 47 municipaux
1162 1937 73 32 que
1267 1920 76 41 l'on
1375 1938 21 22 a
1429 1920 107 41 laissé
1569 1920 32 41 le
1632 1922 80 39 soin
1743 1920 47 40 de
1820 1920 153 42 réaliser
2096 1929 47 37 et,
2177 1920 121 46 hélas,■

309 1989 262 50 d'interpréter
696 1990 52 40 les
780 1992 142 47 projets
957 1989 67 42 des
1058 1990 221 42 urbanistes.

431 2082 36 42 Il
492 2087 88 44 faut
609 2086 145 47 espérer
781 2100 74 32 que
884 2091 58 33 cet
971 2086 77 38 état
1077 2082 48 42 de
1154 2083 130 41 choses
1312 2083 164 50 prendra
1505 2086 70 45 fin,
1606 2086 70 39 soit
1706 2101 72 32 que
1895 2087 22 38 à
1948 2084 199 51 l'exemple
2179 2084 47 42 de
2255 2101 43 25 ce

309 2155 64 44 qui
405 2155 99 39 vient
536 2153 119 41 d'être
688 2155 27 39 si
749 2153 282 41 heureusement
1064 2152 135 42 décidé
1235 2157 21 37 à
1290 2153 236 42 Molenbeek
1655 2171 42 24 ce
1730 2157 69 38 soit
1834 2158 22 37 à
1894 2154 22 40 Y
1924 2155 190 40 urbaniste
2147 2159 126 46 profes-

307 2223 158 44 sionnel,
500 2230 133 33 auteur
665 2223 51 41 du
747 2225 125 48 projet
905 2225 172 48 primitif,
1113 2241 72 31 que
1219 2223 77 41 l'on
1331 2226 125 45 confie
1491 2223 32 42 le
1556 2226 80 38 soin
1670 2223 48 42 de
1749 2224 169 50 présider
1951 2228 22 37 à
2009 2225 35 40 la
2078 2224 220 42 réalisation

309 2293 51 41 du
393 2294 91 49 plan
517 2292 231 42 d'ensemble
780 2293 92 41 dont
905 2293 25 40 il
963 2301 52 33 est
1049 2293 175 46 l'auteur,
1258 2295 69 39 soit
1362 2310 72 33 que
1469 2294 50 40 les
1552 2296 222 47 ingénieurs,
1810 2297 221 47 géomètres,
2071 2294 225 43 techniciens

311 2364 244 49 municipaux
597 2364 63 47 qui
701 2362 290 51 accomplissent
1032 2361 265 42 actuellement
1338 2379 59 25 ces
1443 2362 192 54 besogne#,
1677 2363 178 41 s'initient
1897 2381 75 24 aux
2013 2364 190 50 principes
2246 2364 49 41 de

307 2433 246 42 l'urbanisme
584 2442 36 32 et
647 2451 38 23 se
715 2432 165 42 relèvent
911 2451 48 23 au
990 2447 95 35 rang
1117 2432 47 42 de
1197 2434 223 41 techniciens
1452 2433 130 51 dignes
1613 2434 47 41 de
1691 2452 42 23 ce
1766 2453 99 22 nom.

372 2526 142 51 Quelle
547 2544 71 32 que
649 2528 70 39 soit
753 2526 92 42 celle
877 2526 49 42 de
958 2544 60 24 ces
1051 2526 245 42 éventualités
1329 2529 62 47 qui
1425 2545 37 24 se
1495 2527 149 46 réalise,
1680 2528 25 40 il
1737 2528 86 41 rien
1856 2527 181 42 résultera
2070 2542 70 36 pas
2175 2531 123 39 moinsi

308 2615 73 31 que
418 2597 219 40 l'urbaniste
670 2597 275 49 professionnel
980 2596 116 41 devra
1131 2615 37 22 se
1201 2600 233 46 préoccuper
1469 2597 65 42 des
1568 2598 212 47 formalités
1815 2598 139 50 légales
1989 2608 33 32 et
2057 2597 220 44 administra-

310 2669 89 39 tives
437 2669 64 47 qui
538 2676 301 40 accompagnent
877 2667 22 40 Y
905 2667 256 50 approbation
1197 2675 33 33 et
1267 2667 224 42 l'exécution
1528 2667 92 42 d'un
1656 2670 136 47 projet,
1832 2685 72 32 que
1941 2669 65 41 dès
2044 2669 74 41 lors
2152 2670 26 41 il
2210 2672 90 44 faut

307 2738 146 40 donner
492 2740 21 37 à
552 2754 60 24 ces
651 2739 287 39 connaissances
977 2737 315 41 administratives
1333 2755 69 23 une
1441 2738 111 49 place
1690 2741 30 38 si
1761 2740 149 40 minime
1951 2740 139 48 qu'elle
2130 2742 69 39 soit

307 2806 95 42 dans
437 2808 33 40 le
503 2821 239 35 programme
778 2808 152 48 général
964 2808 92 40 d'un
1091 2809 273 47 enseignement
1400 2808 46 41 de
1481 2808 256 41 l'urbanisme.

430 2901 105 40 C'est
566 2900 95 41 dans
693 2918 59 23 ces
783 2901 210 41 conditions
1027 2919 71 26 que
1218 2900 118 49 fidèle
1369 2919 47 22 au
1450 2902 78 40 rôle
1561 2902 172 47 éducatif
1765 2919 74 31 que
1871 2902 60 40 La
1964 2902 87 40 Cité
2082 2902 87 41 s'est
2203 2904 76 39 assi-

305 2974 71 46 gné
485 2987 93 24 nous
604 2987 160 33 croyons
792 2971 88 43 utile
905 2970 47 41 de
978 2971 219 49 reproduire
1223 2972 59 44 ici,
1310 2975 21 36 à
1360 2971 143 49 l'usage
1531 2971 47 42 de
1604 2989 93 24 ceux
1725 2974 62 46 qui
1815 2972 166 41 étudient
2009 2989 48 24 ou
2083 2977 213 46 professent

308 3041 256 45 l'urbanisme,
599 3039 47 42 de
675 3043 166 38 récentes
873 3043 234 39 instructions
1142 3041 265 41 ministérielles
1437 3041 173 41 relatives
1643 3045 20 37 à
1698 3059 60 24 ces
1790 3043 201 47 questions.

429 3121 107 42 Elles
572 3124 174 38 émanent
780 3121 51 40 du
867 3123 184 40 ministère
1087 3122 47 40 de
1172 3121 22 40 Y
1200 3121 259 49 Agriculture.
1501 3122 64 42 On
1602 3124 83 44 sait,
1723 3140 43 23 en
1804 3126 110 44 effet,
1953 3139 72 32 que
2062 3131 90 33 cest
2189 3127 22 37 à
2248 3140 42 24 ce

307 3192 277 49 Département
621 3191 122 50 qu'est
778 3192 170 40 rattaché
984 3192 23 39 Y
1012 3191 323 41 Administration
1369 3191 48 43 de
1454 3193 36 40 la
1524 3194 117 40 Voirie
1676 3193 239 41 communale
1951 3195 64 47 qui
2050 3211 22 23 a
2108 3192 95 42 dans
2238 3210 56 25 ses

307 3262 238 41 attributions
585 3270 79 32 tout
700 3279 41 23 ce
781 3263 65 47 qui
883 3270 51 32 est
973 3261 127 48 relatif
1140 3265 21 36 à
1201 3261 315 49 l'aménagement
1554 3262 50 41 du
1646 3265 179 39 territoire
1865 3264 218 40 communal
2121 3273 35 32 et
2195 3268 21 37 à
2257 3264 36 41 la

305 3332 123 49 police
459 3331 67 42 des
557 3333 271 40 constructions
860 3333 62 47 qui
951 3349 25 32 y
1006 3340 82 31 sont
1121 3331 168 48 édifiées.

430 3413 182 50 Quoique
652 3411 37 42 la
728 3411 144 51 grande
911 3413 117 40 voirie
1069 3413 93 40 ainsi
1204 3429 74 31 que
1319 3411 51 42 les
1409 3413 101 40 Voies
1550 3415 142 45 ferrées
1734 3422 34 32 et
1810 3412 222 50 navigables
2074 3413 219 49 dépendent
