2601 3911
1210 3642 143 80 249

240 3669 66 36 LA
334 3658 124 48 CITÉ

1950 3662 253 39 OCTOBRE
2235 3665 81 35 1921

813 214 882 50 URBANISME

93 376 62 47 fil,
188 376 77 40 des
293 374 135 41 cubes
458 373 77 41 des
570 390 9 24 :
609 372 51 50 a)
697 371 173 42 déblais
895 388 72 25 sur
995 371 227 45 remblais;

94 436 56 50 b)
193 434 212 42 remblais
439 449 73 25 sur
546 432 188 42 déblais;

161 506 248 42 Indication
440 505 79 40 des
546 504 117 41 lieux
698 521 8 24 :
737 503 50 51 a)
825 503 295 42 d'extraction
1150 501 77 42 des

96 574 247 42 emprunts;
372 564 55 50 b)
463 563 219 51 d'emploi
709 580 58 24 ou
793 563 57 41 de
877 563 142 49 dépôt
1046 562 80 41 des
1152 562 50 40 dé-

94 627 113 41 blais
234 642 55 25 en
318 627 148 44 excès;

167 697 44 41 7°
251 696 61 42 Le
351 695 179 41 tableau
569 696 79 40 des
684 696 215 48 emprises
938 697 73 46 qui
1047 693 181 50 indique

97 759 61 40 les
209 774 9 23 :
261 759 211 38 numéros
516 755 203 46 d'ordre;
762 771 122 29 nom,
929 757 214 46 prénoms
1187 763 42 31 et

99 815 207 43 domicile
352 815 79 41 des
472 816 334 49 propriétaires;
850 813 267 42 indications
1158 829 47 24 ca-

97 875 215 42 dastrales
345 893 8 22 :
383 877 204 44 sections,
616 876 231 45 numéros;
875 883 156 31 nature
1058 872 61 42 du
1146 882 62 31 ter-

96 939 96 39 rain
226 938 26 38 à
291 934 287 51 emprendre;
618 934 255 42 évaluation
910 950 82 33 par
1029 932 198 46 hectare;

92 1006 302 30 contenances
435 993 268 41 cadastrale/
747 993 79 41 des
865 992 235 50 parcelles;
1141 1008 68 24 sur-

97 1055 120 41 faces
244 1064 177 31 exactes
449 1054 80 40 des
555 1054 231 49 emprises;
816 1068 197 25 sommes
1039 1055 26 37 à
1091 1067 138 35 payer

95 1131 116 35 pour
245 1131 9 23 :
283 1114 51 49 a)
371 1115 228 47 emprises;
624 1112 56 49 b)
717 1112 268 41 indemnités
1013 1112 214 45 diverses;

95 1190 197 26 sommes
327 1173 140 42 totale
498 1189 81 33 par
611 1171 214 51 parcelle;
862 1174 316 38 rétrocessions
1220 1188 7 23 :

98 1234 52 50 a)
185 1244 297 35 contenance;
512 1231 55 51 b)
601 1232 173 46 valeur;
807 1230 331 47 observations;

164 1305 48 41 8°
248 1304 72 41 Uin
374 1303 180 42 tableau
609 1303 205 42 donnant
866 1303 63 40 les
981 1305 225 47 renseigne-

100 1375 145 31 ments
289 1367 198 37 suivants
535 1381 10 23 :
589 1366 211 38 numéros
844 1363 78 40 des
964 1361 198 42 chemins
1206 1364 26 38 à

96 1423 257 47 améliorer;
385 1439 261 25 communes
674 1425 264 44 traversées;
970 1437 261 25 communes

101 1484 278 41 demandant
421 1483 42 40 le
505 1483 200 46 subside;
751 1482 215 49 longueur
1011 1481 79 41 des
1131 1480 75 41 che-

98 1545 130 39 mins;
262 1543 198 49 dépense
491 1542 141 41 totale
670 1558 9 24 :
712 1540 51 50 a)
806 1551 205 37 travaux;
1044 1540 56 50 b)
1139 1556 60 25 em-

99 1606 157 47 prises;
298 1603 196 49 dépense
532 1601 291 47 siubsidiable;
862 1601 50 49 a)
958 1618 82 32 par
1075 1599 153 47 l'Etat;

97 1662 55 50 b)
187 1679 81 33 par
296 1662 40 40 la
364 1665 235 47 province;
627 1677 187 33 moyens
844 1661 112 41 dont
983 1660 179 50 dispose
1189 1660 41 41 la

98 1738 242 25 commune
362 1738 116 33 pour
501 1724 177 38 couvrir
701 1720 40 41 la
769 1720 216 50 dépense:
1011 1719 51 50 a)
1096 1719 136 41 fonds

99 1797 322 31 communaux;
458 1781 55 49 b)
557 1781 114 41 dons
704 1780 274 41 volontaires
1011 1790 43 31 et
1088 1790 141 35 taxes;

101 1842 49 49 c)
201 1841 201 41 subsides
447 1841 55 40 de
545 1839 153 47 l'Etat;
745 1839 52 50 d)
848 1838 201 43 subsides
1093 1838 55 41 de
1191 1837 41 41 La

103 1904 235 47 province;
372 1900 322 42 observations.

170 1971 65 42 Ce
273 1971 192 47 tableau,
510 1971 147 41 dressé
696 1982 43 29 et
779 1970 168 41 certifié
988 1982 127 29 exact
1154 1985 81 34 par

105 2031 391 42 l'administration
549 2030 297 46 communale,
902 2039 65 31 est
1014 2031 93 39 visé
1154 2045 83 33 par

104 2091 168 50 l'agent
298 2093 261 47 comptent
588 2090 59 40 du
675 2092 166 38 service
872 2088 233 50 technique
1132 2104 77 34 pro-

103 2151 175 41 vincial.

105 2210 56 42 V.
207 2210 173 50 Projets
421 2210 360 40 d'amélioration
823 2210 56 40 de
919 2225 129 25 cours
1088 2208 144 45 d'eau,

172 2287 59 24 ou
259 2269 58 42 de
345 2272 196 39 création
573 2269 58 41 de
657 2271 125 38 voies
812 2268 313 41 d'évacuation
1155 2284 80 33 par

171 2329 64 42 les
265 2345 262 26 communes
559 2345 57 25 ou
647 2328 63 41 les
739 2331 304 46 wateringues.

170 2389 61 40 Le
259 2389 169 41 dossier
452 2388 248 50 comprend
727 2397 283 32 notamment
1040 2405 9 22 :

179 2449 11 41 1
204 2456 15 16 0
257 2448 82 42 Les
374 2450 147 48 pièces
555 2446 245 51 analogues
833 2450 26 37 à
894 2446 131 42 celles
1060 2448 176 47 exigées

106 2525 116 33 pour
256 2509 61 40 les
352 2512 170 46 projets
558 2507 58 41 de
647 2509 139 38 voirie
828 2506 224 50 (chapitre
1084 2507 126 48 précé-

108 2567 132 51 dent)
259 2585 9 30 ;
300 2567 194 43 l'extrait
523 2566 58 42 de
610 2566 42 42 la
682 2577 121 30 carte
832 2566 309 49 d'état-major
1172 2575 65 30 est

108 2627 133 42 d'urne
285 2627 223 50 grandeur
553 2627 232 40 suffisante
829 2643 113 32 pour
984 2641 47 25 se
1076 2623 159 42 render

104 2697 184 40 compte
316 2687 56 40 de
399 2686 225 41 l'étendue
654 2686 58 40 du
737 2686 148 40 bassin
912 2683 297 50 hydrographi-

106 2762 101 34 que;

175 2806 46 41 2°
258 2806 71 43 Un
355 2808 156 39 extrait
538 2806 57 41 de
618 2805 146 41 l'atlas
788 2817 42 29 et
855 2805 59 40 du
940 2803 177 42 tableau
1143 2803 72 40 des-

107 2866 146 49 criptif
280 2866 78 41 des
382 2883 128 23 cours
538 2865 150 46 d'eau;

177 2925 45 40 3°
259 2925 99 42 Une
388 2935 106 31 note
526 2925 297 50 justificative.

106 2984 75 42 VI.
212 2985 173 50 Projets
411 2984 360 42 d'amélioration
799 2984 58 40 du
882 2986 167 46 régime
1075 2981 136 50 hydro-

174 3044 179 51 logique
395 3045 78 40 des
515 3046 184 39 terrains
738 3043 229 50 agricoles,
1013 3043 226 49 présentés

174 3121 82 33 par
285 3104 62 41 les
375 3120 262 24 communes
667 3120 57 23 ou
752 3103 62 41 les
840 3105 305 46 wiaiteringues.

183 3164 409 49 (Assainissement,
625 3162 238 50 Drainage,
897 3161 271 51 Irrigation.)

178 3222 61 43 Le
270 3223 169 41 dossier
466 3222 249 50 comprend
746 3234 124 30 entre
899 3231 146 31 autres
1074 3222 165 49 pièces:

185 3283 40 40 1°
261 3282 71 42 Un
379 3285 159 38 extrait
581 3282 58 41 de
682 3281 41 41 la
768 3292 122 31 carte
933 3280 309 49 d'état-major

114 3341 133 42 d'une
273 3342 224 51 grandeur
520 3341 233 42 suffisante
779 3358 114 33 pour
917 3350 243 41 permettre
1187 3339 57 41 de

112 3417 46 25 se
185 3402 159 41 rendre
369 3412 182 39 compte
577 3401 56 42 de
659 3400 225 42 l'étendue
910 3400 59 41 du
993 3400 147 41 bassin
1165 3398 51 49 hy-

115 3461 330 51 drographique
456 3479 8 29 ;

191 3520 46 41 2°
274 3521 60 42 Le
365 3521 106 50 plan
505 3520 179 50 général
717 3523 25 38 à
773 3518 202 42 l'échelle
1008 3519 60 41 du
1098 3517 130 43 cadas-

1304 375 84 37 tre;
1423 366 28 41 il
1484 374 131 41 porte
1643 380 88 26 une
1764 363 146 43 flèche
1943 362 320 43 d'orientation
2297 372 45 31 et
2373 362 43 40 in-

1306 425 134 50 dique
1465 434 282 31 notamment
1782 442 8 23 :

1370 484 57 42 A.
1467 483 191 42 L'allure
1680 482 209 52 générale
1915 483 59 41 du
1997 482 80 47 sol,
2103 498 82 35 par
2210 481 78 41 des
2312 495 102 27 cour-

1305 545 80 40 bes
1422 544 57 41 de
1513 547 159 38 niveau
1709 543 184 41 établies
1927 559 81 34 par
2043 541 292 44 nivellement
2368 555 72 26 sur

1307 604 40 40 le
1378 606 160 38 terrain
1568 614 44 30 et
1639 620 47 24 se
1715 613 266 40 rapportant
2009 619 56 24 au
2093 601 108 51 plan
2232 601 58 41 de
2319 615 92 26 com-

1306 666 209 48 paraison
1549 663 57 41 de
1638 662 314 51 l'état-major;

1374 722 47 42 B.
1461 722 63 41 Le
1562 725 153 39 réseau
1755 721 200 51 complet
1996 721 78 41 des
2113 722 167 40 artères
2323 718 94 42 d'as-

1307 784 306 39 sainissement
1642 799 57 23 ou
1728 781 294 50 d'irrigation;

1373 841 48 41 C.
1461 841 63 41 La
1545 851 137 41 pente
1704 853 44 30 et
1771 841 64 41 les
1859 840 273 41 dimensions
2159 839 58 41 de
2240 838 199 41 chacune

1309 902 57 41 de
1389 916 72 26 ces
1483 903 184 45 artères;
1694 900 42 42 la
1758 900 285 51 profondeur
2066 910 44 31 et
2131 898 311 42 l'écartement

1307 961 80 41 des
1409 961 168 47 drains;

1375 1020 53 41 D.
1470 1020 81 41 Les
1580 1037 219 33 ouvrages
1828 1020 117 40 d'art
1973 1018 81 42 tels
2081 1035 85 33 que
2201 1035 10 24 :
2239 1016 198 51 regards,

1307 1080 209 47 bouches,
1543 1080 223 49 barrages,
1793 1079 244 46 éclusettes,
2065 1076 240 52 aqueducs,
2331 1085 83 32 etc.
2428 1092 9 30 ;

1376 1140 45 41 3°
1459 1140 60 42 Le
1545 1140 134 50 profil
1708 1156 54 24 en
1789 1139 107 49 long
1924 1138 151 41 dressé
2101 1140 26 38 à
2153 1135 203 43 l'échelle
2382 1135 58 41 de

1310 1199 26 40 0
1366 1216 56 24 m.
1458 1199 124 41 0004
1613 1215 82 34 par
1723 1201 141 38 mètre
1893 1214 116 34 pour
2037 1197 62 40 les
2128 1196 240 50 longueurs
2394 1204 47 31 et

1308 1259 27 41 0
1362 1276 56 24 m.
1451 1259 47 41 01
1536 1276 80 33 par
1642 1261 141 38 mètre
1809 1274 115 34 pour
1949 1256 63 42 les
2038 1256 220 46 hauteurs,
2290 1266 45 31 et
2360 1254 80 41 des

1308 1319 157 50 profils
1508 1335 53 24 en
1609 1329 168 30 travers
1824 1317 196 40 dessinés
2063 1319 27 38 à
2135 1314 202 42 l'échelle
2384 1314 58 41 de

1308 1378 26 42 0
1364 1396 57 24 m.
1454 1377 48 42 01
1541 1394 80 34 par
1649 1380 140 38 mètre
1815 1393 115 33 pour
1955 1392 175 24 canaux
2158 1374 256 42 d'alimenta-

1310 1441 92 38 tion
1448 1448 44 31 et
1535 1440 125 38 voies
1707 1436 332 41 d'écoulement
2083 1437 26 38 à
2153 1434 81 41 ciel
2280 1441 163 33 ouvert

1310 1498 134 40 d'une
1474 1500 193 37 certaine
1697 1499 292 46 importance.

1375 1556 53 42 Ils
1456 1568 102 30 sont
1585 1556 172 41 dressés
1782 1571 115 34 pour
1924 1555 40 40 le
1991 1553 186 50 surplus,
2208 1566 178 27 comme
2413 1551 28 41 il

1310 1629 63 30 est
1400 1619 183 48 prescrit
1608 1632 115 33 pour
1750 1614 63 41 les
1839 1625 187 30 travaux
2055 1613 58 40 de
2139 1613 302 40 construction

1310 1687 42 31 et
1383 1675 359 41 d'amélioration
1775 1674 56 41 de
1860 1675 161 44 voirie;
2052 1688 54 25 en
2135 1688 75 24 cas
2240 1671 57 41 de
2326 1670 92 41 drai-

1308 1752 114 33 nage
1447 1735 41 42 le
1514 1733 134 52 profil
1673 1750 55 24 en
1754 1733 108 50 long
1886 1732 232 50 indiquera
2152 1749 10 22 :

1383 1796 9 39 ]
1407 1802 15 16 °
1460 1794 82 40 Les
1573 1796 191 40 niveaux
1796 1792 78 41 des
1907 1808 114 24 eaux
2053 1791 247 41 ordinaires
2331 1789 90 41 d'hi-

1303 1869 80 27 ver
1410 1852 150 53 (EO),
1583 1852 63 43 les
1663 1852 158 41 hautes
1838 1867 116 26 eaux
1975 1850 246 42 ordinaires
2250 1846 200 61 (HEO)f

1310 1925 43 31 et
1386 1913 63 41 les
1482 1913 156 41 hautes
1672 1927 114 25 eaux
1818 1911 374 41 extraordinaires
2234 1907 169 52 (HEE)
2420 1923 8 24 ;

1376 1973 47 41 2°
1460 1973 83 40 Les
1570 1982 165 39 tuyaux
1764 1971 57 40 de
1850 1970 221 49 décharge
2100 1970 80 40 des
2209 1968 237 42 différents

1307 2035 219 48 systèmes
1563 2032 58 40 de
1658 2031 214 49 drainage
1908 2046 111 25 avec
2058 2030 63 41 les
2156 2031 193 38 niveaux
2388 2027 58 41 de

1308 2093 118 41 leurs
1472 2093 252 39 extrémités
1772 2090 208 41 d'amont
2026 2098 43 32 et
2116 2087 165 46 d'aval,
2331 2086 115 41 leurs

1308 2161 152 42 pente,
1488 2151 217 41 diamètre
1727 2161 46 31 et
1794 2150 236 49 longueur;

1381 2211 47 41 3°
1460 2210 87 42 Les
1584 2210 129 51 plans
1753 2209 79 41 des
1869 2224 221 33 ouvrages
2127 2206 118 42 d'art
2280 2209 139 46 impor-

1314 2281 117 31 tants
1463 2279 102 32 sont
1599 2270 171 40 dressés
1802 2284 179 25 comme
2015 2283 116 35 pour
2163 2266 64 41 les
2260 2276 187 31 travaux

1314 2331 56 40 de
1394 2332 160 44 voirie;
1582 2345 113 34 pour
1721 2328 62 41 les
1808 2330 133 47 petits
1968 2342 218 33 ouvrages
2213 2325 78 41 des
2316 2324 130 51 plans

1309 2399 132 40 types
1470 2399 199 40 peuvent
1697 2387 175 46 suffire;

1381 2448 47 41 4°
1464 2448 72 41 Un
1576 2447 179 41 tableau
1795 2446 79 41 des
1912 2447 212 48 emprises
2162 2444 223 49 analogue
2421 2445 27 39 à

1311 2508 112 41 celui
1448 2508 139 41 décrit
1609 2524 56 23 au
1693 2507 42 41 7°
1762 2506 59 41 du
1844 2505 202 49 chapitre
2069 2504 62 42 IV
2141 2521 9 30 ;

1383 2567 46 41 5°
1464 2566 72 42 Un
1577 2565 183 42 tableau
1800 2565 58 41 de
1896 2564 239 49 sondages,
2180 2580 54 25 en
2274 2579 75 24 cas
2389 2562 59 40 de

1315 2627 225 49 drainage,
1589 2628 283 46 renseignant
1914 2640 115 34 pour
2074 2623 63 41 les
2184 2622 264 41 différentes

1315 2689 165 48 parties
1521 2688 26 38 à
1590 2688 162 42 traiter,
1795 2684 42 41 la
1881 2694 156 31 nature
2081 2682 61 41 du
2182 2681 66 42 sol
2290 2685 158 47 jusque

1317 2746 11 41 1
1362 2763 56 23 m.
1448 2745 57 41 50
1529 2745 58 41 de
1606 2744 282 50 profondeur
1910 2759 55 25 en
1989 2753 114 30 terre
2126 2742 141 40 ferme
2288 2751 45 31 et
2353 2744 66 47 jus-

1309 2821 86 34 que
1420 2805 24 41 2
1473 2820 56 25 m.
1560 2803 58 42 50
1644 2803 110 42 dans
1778 2803 42 41 la
1846 2801 177 47 tourbe;

1377 2864 47 41 6°
1461 2864 100 41 Une
1588 2873 108 31 note
1724 2862 286 51 justificative
2040 2861 79 40 des
2147 2859 297 46 travaux;elle

1315 2928 175 37 traitera
1526 2932 122 31 entre
1681 2932 144 31 autres
1859 2923 149 47 points
2048 2938 8 22 :

1378 2982 60 45 A.
1473 2980 76 45 Du
1580 2983 169 50 régime
1783 2979 330 52 hydrologique
2147 2989 45 31 et
2224 2977 200 51 hydrauli-

1317 3059 85 34 que
1425 3042 59 41 du
1507 3043 105 45 lieu;
1638 3041 46 41 B.
1711 3040 69 41 De
1802 3040 173 41 l'utilité
1999 3040 57 40 de
2079 3038 367 45 l'amélioration;

1317 3102 49 42 C.
1395 3102 69 41 De
1489 3101 269 42 l'ouverture
1785 3100 78 41 des
1888 3101 184 44 artères;
2099 3098 55 41 D.
2182 3097 69 42 De
2279 3097 41 41 la
2345 3113 78 34 pro-

1320 3161 194 43 fondeur
1542 3160 62 41 du
1633 3160 213 49 drainage
1876 3170 43 30 et
1949 3158 57 42 de
2034 3158 309 41 récartement
2373 3156 78 41 des

1319 3222 30 40 d
1354 3224 62 39 rai
1420 3238 50 24 ns
1479 3236 6 24 ;

1390 3281 43 42 7°
1468 3280 72 41 Uin
1595 3279 179 42 tableau
1829 3278 206 42 donnant
2084 3276 64 42 les
2201 3279 225 48 renseigne-

1319 3351 144 31 ments
1482 3342 197 39 salivants
1709 3355 9 24 :
1743 3339 200 49 dépense
1965 3336 140 43 totale
2136 3355 9 23 :

1387 3400 50 50 a)
1477 3399 226 46 Travaux;
1736 3398 57 50 b)
1833 3400 232 47 emprises;
2100 3396 220 51 dépenses
2351 3396 77 40 sub-

1319 3458 190 44 ®idiable
1542 3476 9 25 :
1578 3459 51 50 a)
1663 3475 82 34 par
1770 3457 156 48 l'Etat;
1952 3457 56 50 b)
2041 3473 82 35 par
2149 3456 41 42 la
2219 3455 231 42 Province.

1763 3516 63 44 Le
1862 3516 53 42 15
1950 3516 256 50 septembre
2243 3515 135 44 1921.
