2580 3340
1114 152 75 63 31

67 259 263 79 phonse
355 263 157 76 XII,
542 268 66 57 et
636 264 67 62 la
726 265 139 79 joie
896 267 166 64 était
1088 270 250 78 grande
1383 272 79 62 de
1492 274 147 61 voir
1671 292 70 44 se
1764 278 353 63 continuer
2147 298 83 45 en

68 340 70 61 la
162 359 333 60 personne
527 345 156 61 d'un
710 347 228 77 prince
961 349 80 61 de
1069 350 69 60 la
1164 352 265 62 maison
1451 354 79 61 de
1563 354 254 64 France
1840 362 165 58 cette
2033 360 165 63 clien-

67 421 130 61 tèle
228 423 155 76 plus
416 425 637 83 qu'aristocratique
1098 433 115 76 qui
1257 451 70 43 se
1359 435 444 80 compliquait
1830 441 39 58 à
1914 439 67 61 la
2012 443 219 61 même

70 503 260 78 époque
363 505 80 61 de
486 507 68 61 la
580 508 315 77 présence
935 510 435 79 discipulaire
1418 515 89 60 du
1539 517 127 61 duc
1698 518 79 61 de
1807 519 309 64 Chartres
2169 527 66 58 et

70 581 90 61 du
194 584 127 61 duc
371 585 78 61 de
481 587 280 78 Luynes
810 589 118 78 qui
960 594 103 56 est
1092 592 172 61 mêlé
1308 593 434 79 aujourd'hui
1792 599 194 61 d'une
2036 602 197 72 façon

70 664 326 80 publique
428 670 65 58 et
536 668 489 63 confidentielle
1076 672 40 59 à
1154 673 367 63 l'aventure
1549 677 80 61 de
1661 695 123 44 son
1829 681 405 78 condisciple

74 745 80 60 de
180 745 206 79 jadis.

154 825 102 61 La
287 828 401 61 désillusion
720 830 227 61 arriva
997 849 190 45 assez
1237 834 155 74 vite,
1431 837 60 61 si
1544 837 69 78 je
1672 839 176 61 m'en
1883 843 344 76 souviens,

72 923 173 61 pour
297 907 98 61 les
427 909 170 60 bons
625 909 265 75 .frères;
924 910 63 63 le
1018 913 127 61 duc
1190 914 160 62 était
1396 917 218 77 plutôt
1660 921 344 62 turbulent
2033 928 65 56 et
2149 942 84 43 ne

74 987 400 78 témoignait
502 990 212 77 qu'un
747 997 261 73 respect
1035 994 333 64 médiocre
1424 1002 66 57 et
1518 1017 130 60 peu
1680 1007 326 72 apparent
2052 1006 38 58 à
2122 1022 107 43 ces

74 1067 407 62 honorables
498 1069 423 80 pédagogues
947 1074 40 60 à
1018 1076 117 77 qui
1153 1076 48 59 il
1225 1076 171 62 était
1422 1078 271 62 difficile
1713 1084 65 58 et
1801 1079 433 82 désagréable

75 1148 80 61 de
190 1166 69 43 se
289 1149 249 61 fâcher.

156 1230 359 73 Pourtant,
537 1232 194 77 après
763 1251 135 43 une
931 1236 218 60 année
1178 1237 82 61 de
1295 1237 226 80 séjour
1549 1239 61 61 le
1642 1258 180 59 nom,
1843 1242 57 61 si
1921 1247 278 60 retentis-

76 1313 159 57 sant
248 1310 163 78 qu'il
427 1310 219 63 fallait
658 1316 327 73 peut-être
1007 1316 91 77 l'y
1116 1316 280 64 inscrire
1411 1322 189 60 coûte
1619 1338 128 61 que
1761 1324 214 74 coûte,
1992 1326 201 61 dePhi-

74 1389 201 79 lippe,
303 1392 130 59 duc
458 1390 378 79 d'Orléans,
860 1394 222 79 figura
1105 1413 87 44 au
1219 1398 349 62 Palmarès
1601 1404 64 58 et
1691 1401 68 61 la
1791 1403 438 64 distribution

75 1472 117 59 des
209 1472 152 76 prix
394 1472 105 61 fut
526 1473 303 79 présidée
861 1477 38 60 à
926 1481 165 57 cette
1119 1481 310 59 occasion
1445 1498 119 60 par
1584 1482 63 61 le
1671 1482 230 62 Comte
1930 1486 76 59 de
2034 1487 195 61 Paris

76 1550 118 79 qui
225 1552 336 78 inaugura
589 1571 71 43 ce
687 1554 159 78 jour
874 1557 66 60 là
973 1575 89 42 un
1095 1558 409 64 mémorable
1535 1562 323 76 pantalon
1890 1566 160 76 gris,
2079 1584 114 43 cou-

72 1632 149 61 leur
251 1634 350 75 poussière
635 1636 199 61 d'exil
862 1638 12 59 !
909 1637 109 76 Et,
1044 1641 350 75 peut-être,
1430 1644 227 75 quand
1688 1661 84 43 on
1799 1662 343 45 couronna
2170 1648 61 60 le

67 1712 207 79 jeune
306 1713 263 62 lauréat
594 1716 159 61 d'un
776 1717 273 74 laurier,
1081 1736 227 44 œuvre
1332 1721 156 61 d'un
1515 1724 301 75 papetier
1838 1724 388 79 ingénieux,

74 1812 47 60 y
154 1794 189 60 eût-il
367 1812 84 43 en
470 1796 327 80 quelques
820 1799 188 60 âmes
1030 1801 348 76 présentes
1397 1802 194 62 l'idée
1615 1821 129 61 que
1770 1822 70 43 ce
1867 1822 323 47 couronne-

75 1878 189 57 ment
322 1876 284 61 scolaire
654 1878 236 61 n'était
922 1897 127 61 que
1101 1881 460 77 préliminaire
1594 1884 197 60 d'une
1826 1890 188 57 autre
2059 1888 137 60 céré-

76 1956 229 61 monie
355 1956 155 78 plus
541 1975 204 61 grave
778 1962 64 57 et
884 1961 297 76 possible
1227 1980 81 42 en
1366 1965 298 59 somme?
1719 1965 408 78 Cependant,
2183 1968 47 60 il

75 2034 152 61 faut
250 2036 296 62 l'avouer
579 2039 226 77 quand
830 2038 98 61 les
961 2041 303 61 dernièrs
1305 2042 207 61 éclats
1554 2045 197 59 d'une
1778 2047 315 79 musique
2121 2066 74 60 ap-

75 2117 353 75 probative
462 2122 64 56 et
555 2118 117 60 des
703 2119 658 79 applaudissements
1394 2128 238 57 eurent
1653 2125 303 77 dispersé
1987 2146 153 43 vers
2161 2130 69 58 la

74 2198 237 60 liberté
345 2199 118 59 des
517 2217 329 45 vacances
879 2205 63 57 et
973 2202 115 60 des
1124 2203 216 60 désirs
1373 2205 78 59 de
1501 2222 366 61 campagne
1897 2207 98 61 les
2027 2210 170 59 assis-

76 2281 182 57 tants
286 2279 80 59 de
394 2282 170 57 cette
597 2281 501 62 nomenclature
1128 2283 496 64 cérémonieuse
1645 2286 67 77 je
1741 2290 331 58 constatai
2104 2307 134 60 que

77 2358 80 60 de
209 2358 59 60 si
320 2363 322 74 augustes
693 2361 353 76 présences
1079 2363 117 78 qui
1230 2365 274 61 avaient
1535 2366 299 61 exhilaré
1882 2367 98 61 les
2012 2386 217 45 cœurs

74 2438 501 79 pédagogiques
608 2442 368 60 m'avaient
997 2442 202 61 laissé
1225 2443 131 61 fort
1377 2445 174 59 froid
1577 2464 113 42 car
1719 2447 40 59 à
1784 2451 167 58 cette
1975 2448 254 79 époque

72 2519 61 60 le
161 2518 206 79 jeune
397 2519 149 61 Duc
576 2539 83 41 ne
688 2522 167 61 était
883 2540 125 60 pas
1041 2541 234 45 encore
1307 2525 236 75 l'Hoir,
1570 2530 64 57 et
1651 2527 386 62 l'existence
2069 2531 161 60 d'un

76 2601 188 77 royal
297 2601 194 61 Exilé
519 2619 80 43 en
632 2602 99 61 les
764 2603 275 61 brumes
1073 2605 155 59 d'un
1283 2606 284 61 lointain
1598 2607 373 62 Frohsdorf
1994 2613 66 56 et
2112 2613 117 75 qui

75 2681 341 61 incarnait
448 2699 83 43 en
565 2699 77 43 sa
674 2683 310 60 tristesse
1016 2687 147 57 tant
1186 2686 80 58 de
1291 2686 233 60 nobles
1549 2687 419 76 splendeurs,
1991 2690 235 73 Henri,

77 2762 129 58 duc
237 2762 79 58 de
348 2762 381 74 Bordeaux,
764 2799 77 6 —
870 2765 155 76 plus
1056 2782 219 42 connu
1309 2782 160 44 sous
1501 2767 61 60 le
1591 2785 158 43 nom
1780 2768 79 61 de
1892 2768 226 63 Comte
2150 2772 77 60 de

77 2842 389 61 Chambord
495 2878 79 7 —
607 2845 262 61 nuisait
899 2862 86 42 au
1017 2850 258 73 respect
1321 2848 345 77 qu'aurait
1722 2866 91 60 pu
1874 2852 187 59 avoir
2119 2870 110 42 ma

70 2922 320 78 jeunesse
423 2925 486 78 monarchique
942 2942 241 44 envers
1243 2928 116 77 qui
1412 2928 385 77 participait
1830 2930 80 59 de
1957 2947 70 44 ce
2060 2947 136 63 sang-

75 3003 263 60 illustre
372 3005 86 58 où
491 3005 191 61 allait
714 3022 111 42 ma
856 3005 93 61 foi
1004 3024 83 42 en
1119 3006 67 60 la
1242 3024 331 59 personne
1606 3010 117 76 qui
1778 3026 81 43 en
1891 3011 304 77 représen-

75 3083 147 75 tait,
256 3083 168 75 seul,
457 3083 376 79 l'intégrale
876 3087 352 75 pureté!...
