2657 3905
1232 296 115 60 241

373 610 92 63 La
623 617 133 54 Fin
732 617 243 56 des
976 617 87 74 Dieux,
1064 633 77 63 par
1174 618 209 61 Henri
1420 621 210 61 Mazel
1673 622 349 65 (Librairie
2055 624 79 61 de
2178 626 168 62 l'Art

214 689 501 79 indépendant.)

296 770 271 61 Gomme
597 772 168 60 dans
813 772 61 60 le
1621 779 377 58 Nazaréen
1297 823 17 28 ,
1371 778 89 63 M.
1503 780 209 61 Henri
1759 783 210 61 Mazel
2026 802 36 42 a
2114 785 229 73 voulu,

216 865 234 45 encore
482 868 130 43 une
644 852 149 73 fois,
814 869 169 43 nous
1004 859 290 57 montrer
1314 856 252 79 l'esprit
1587 860 191 75 paien
1802 864 63 58 et
1884 863 254 77 l'esprit
2171 865 144 60 chré-

215 930 141 58 tien
384 930 378 79 s'opposant
789 931 140 61 l'un
959 932 38 60 à
1018 934 232 62 l'autre
1282 938 62 58 et
1362 936 247 61 luttant
1653 957 166 61 pour
1869 944 350 75 conquérir
2243 945 99 59 les

216 1009 205 59 âmes.

296 1087 211 69 Jadis,
543 1089 48 58 il
626 1089 176 59 avait
830 1090 207 61 choisi
1081 1092 301 78 Byzance
1429 1113 166 59 pour
1627 1114 46 60 y
1707 1096 164 61 faire
1924 1098 271 62 évoluer
2248 1101 99 60 les

212 1167 244 60 entités
479 1167 114 77 qui
620 1167 244 63 étaient
887 1186 106 45 ses
1011 1189 468 63 personnages,
1513 1178 425 77 aujourd'hui
1966 1178 47 59 il
2037 1197 36 42 a
2095 1180 251 76 préféré

211 1245 216 61 Arles.
464 1247 270 60 Gomme
756 1251 386 75 conception
1171 1252 327 79 générale,
1543 1256 65 59 la
1828 1261 115 56 des
2248 1260 102 60 est

220 1325 423 61 absolument
675 1327 365 63 semblable
1073 1349 82 41 au
1200 1334 282 75 premier
1513 1336 225 60 drame
1768 1336 80 61 de
1877 1338 88 58 M.
2008 1338 234 73 Mazel,
2285 1340 64 57 et

219 1406 56 57 si
304 1421 67 44 ce
431 1406 312 76 reproche
797 1409 271 75 pouvait
1134 1411 481 78 légitimement
1669 1415 136 60 être
1860 1416 142 73 fait,
2072 1418 277 76 j'aurais

220 1485 235 57 mieux
482 1484 194 72 aimé,
709 1501 79 44 au
835 1486 137 61 lieu
1004 1487 78 60 de
1112 1489 64 58 la
1206 1491 257 76 trilogie
1495 1494 357 73 annoncée,
1882 1495 459 78 développant,

216 1579 80 42 en
327 1564 289 59 chacune
640 1566 80 59 de
748 1581 106 45 ses
869 1567 269 77 parties,
1170 1587 93 41 un
1283 1573 213 59 même
1526 1574 243 72 thème,
1794 1575 160 76 qu'il
1984 1575 221 61 réunît
2233 1593 107 42 ses

216 1642 360 77 idéologies
615 1650 62 53 et
726 1661 107 44 ses
882 1647 340 77 symboles
1270 1667 82 43 en
1404 1669 91 42 un
1546 1654 145 60 seul
1731 1654 257 77 poème,
2021 1655 96 60 les
2158 1655 148 78 épar-

215 1721 240 76 pillant
487 1722 217 60 moins
737 1724 194 59 ainsi.

295 1800 246 60 J'aurai
571 1804 285 76 compris
887 1804 65 59 la
981 1805 322 61 nécessité
1334 1807 80 60 de
1443 1810 65 58 la
1550 1810 283 77 trilogie,
1894 1813 53 57 si
1984 1811 88 60 M.
2128 1811 214 60 Mazel

214 1884 113 53 eut
356 1880 203 60 voulu
585 1882 408 75 représenter
1021 1884 116 59 des
1165 1886 390 62 sentiments
1588 1891 62 57 et
1681 1890 116 60 des
1828 1890 180 60 idées
2037 1908 158 42 sous
2229 1891 116 59 des

216 1957 178 59 faces
426 1961 339 73 opposées,
793 1962 169 59 mais
977 1962 61 60 le
1053 1965 187 75 point,
1263 1966 78 59 de
1359 1983 126 44 vue
1504 1969 244 75 auquel
1778 1969 46 58 il
1848 1969 155 59 s'est
2032 1969 181 76 placé
2246 1971 100 57 est

216 2036 391 74 immuable,
640 2042 63 56 et
724 2058 83 40 au
837 2041 285 74 résumé,
1146 2044 48 58 il
1226 2044 110 76 n'y
1366 2064 36 42 a
1430 2046 154 76 plus
1621 2048 65 58 là
1708 2064 126 58 que
1872 2048 65 59 la
1992 2048 348 77 répétition

220 2117 158 58 d'un
409 2117 118 59 leit
558 2119 207 58 motiv
813 2120 248 76 unique
1107 2126 353 60 soutenant
1513 2126 524 61 exclusivement
2092 2129 255 58 chacun

221 2195 116 58 des
370 2196 263 60 drames
661 2197 78 59 de
762 2197 63 59 la
850 2200 279 76 trilogie.

298 2272 59 60 A
385 2277 144 56 tout
559 2276 277 75 prendre
868 2260 360 91 d'ailleurs,
1256 2282 61 60 le
1343 2284 230 59 milieu
1603 2284 150 76 qu'a
1782 2282 252 78 préféré
2063 2285 89 58 M.
2213 2285 90 58 Ma-

218 2354 100 59 zel
345 2371 167 58 pour
541 2371 117 44 son
675 2356 231 76 poème
929 2375 302 45 nouveau
1263 2365 98 56 est
1388 2364 155 76 plus
1560 2364 300 59 heureux
1889 2382 126 58 que
2048 2365 302 75 Byzance

216 2436 65 55 et
313 2432 44 57 il
383 2432 160 60 offre
576 2436 100 56 cet
705 2437 316 77 avantage
1052 2473 74 9 —
1155 2440 164 60 dans
1348 2441 60 59 le
1437 2459 106 42 cas
1576 2442 78 59 de
1696 2442 86 59 M.
1839 2442 234 73 Mazel,
2109 2442 115 77 qui
2256 2444 95 57 est

220 2529 90 40 un
345 2512 593 77 Languedocien—
966 2517 77 59 de
1063 2521 280 74 pouvoir
1374 2521 133 60 être
1538 2521 151 76 plus
1717 2521 372 61 facilement
2111 2522 236 72 rendu,

218 2591 152 76 plus
402 2592 511 63 naturellement
943 2613 85 42 au
1053 2599 219 59 moins
1316 2603 62 57 et
1430 2601 195 59 d'une
1654 2601 187 71 façon
1869 2601 152 78 plus
2051 2601 291 60 vivante*

300 2671 86 57 M.
421 2671 207 60 Mazel
661 2674 104 58 n'a
794 2690 117 60 pas
939 2691 80 42 eu
1072 2676 257 75 besoin,
1363 2696 166 60 pour
1559 2680 287 76 évoquer
1899 2681 62 57 la
2012 2681 337 59 Provence

218 2749 92 58 du
334 2750 97 57 roi
454 2750 204 73 René,
694 2752 79 59 de
806 2756 290 59 recourir
1126 2774 82 43 au
1239 2759 389 59 bric-a-brac
1668 2760 291 58 excessif
1999 2760 113 75 qui
2149 2759 156 76 dépa-

221 2827 127 59 rait
378 2845 166 58 pour
565 2830 131 60 moi
728 2831 60 60 le
819 2834 406 72 Nazaréen;
1258 2837 42 59 il
1335 2855 42 59 y
1400 2854 37 42 a
1467 2837 229 78 gagné,
1722 2841 60 55 et
1804 2839 58 57 le
1885 2837 306 77 reproche
2223 2854 127 58 que

214 2906 181 78 jadis
417 2907 66 77 je
515 2909 97 58 lui
653 2910 107 72 fis,
800 2911 66 76 je
897 2914 253 61 n'aurai
1176 2934 118 58 pas
1326 2919 36 57 à
1391 2917 61 60 le
1484 2919 237 58 refaire
1755 2919 163 57 dans
1966 2917 61 59 le
2068 2934 108 42 cas
2205 2916 111 76 pré-

224 2987 168 57 sent.
428 2987 182 60 Gette
668 2989 153 73 fois,
854 2991 47 57 il
935 3009 36 41 a
1013 3010 88 42 vu
1147 2994 65 59 la
1256 2997 172 58 terre
1470 2995 387 77 provençale
1890 2995 160 76 qu'il
2100 2995 252 60 voulait

219 3066 423 74 ressusciter,
675 3085 131 42 non
833 3070 37 57 à
898 3074 253 58 travers
1181 3074 98 59 les
1301 3075 227 72 livres,
1561 3075 170 58 mais
1758 3075 138 58 face
1928 3075 36 57 à
1987 3074 162 72 face,
2182 3074 173 59 ainsi

216 3144 286 77 a-t-ilpu
532 3164 171 43 nous
724 3149 64 58 la
817 3151 236 61 rendre
1081 3152 155 78 plus
1264 3155 330 76 palpable,
1626 3155 152 76 plus
1811 3152 487 61 frisssonnante
2336 3202 13 11 .

301 3224 102 59 On
435 3227 147 56 sent
614 3226 160 75 qu'il
802 3245 37 42 a
860 3230 137 60 erré
1023 3248 115 43 sur
1169 3232 94 60 les
1293 3234 201 58 bords
1522 3235 89 57 du
1641 3232 257 72 Rhône,
1929 3232 159 77 qu'il
2139 3250 36 41 a
2232 3232 122 60 fait

219 3302 62 59 le
304 3302 373 79 pèlerinage
709 3307 77 59 de
817 3309 213 72 Baux,
1061 3311 161 75 qu'il
1246 3329 36 42 a
1307 3312 247 59 honoré
1585 3329 136 42 aux
1747 3312 218 59 sables
1994 3312 89 58 du
2135 3311 217 60 désert

218 3380 67 59 la
314 3384 173 57 trace
519 3400 231 45 encore
783 3387 263 61 vivante
1080 3391 115 59 des
1227 3391 189 75 pieds
1448 3408 128 42 nus
1609 3391 79 60 de
1719 3391 62 57 la
1834 3390 393 72 Madeleine,
2289 3394 66 56 et

218 3476 160 42 sans
411 3460 218 72 doute,
654 3480 79 42 en
766 3465 226 60 rêvant
1020 3485 84 42 au
1131 3470 160 58 bord
1319 3470 77 58 de
1419 3469 62 59 la
1501 3485 139 43 mer
1670 3469 454 73 méridionale,
2148 3470 203 72 a-t-il,

223 3555 92 42 un
355 3538 155 75 soir,
539 3558 235 61 aperçu
809 3560 113 43 sur
941 3545 65 60 la
1037 3547 170 61 crête
1254 3549 117 59 des
1402 3549 246 59 calmes
1678 3565 272 61 vagues,
2008 3550 64 58 la
2110 3549 250 77 barque
