2657 3905
1386 313 0 0 238

253 412 99 61 les
369 412 219 78 jours,
615 412 119 61 des
767 412 287 61 milliers
1087 413 268 75 d'êtres,
1383 413 65 62 la
1481 413 244 61 société
1752 410 304 64 boureîie
2089 412 64 58 et
2187 409 230 62 fausse

255 492 116 78 qui
425 492 361 76 martyrise
832 493 63 60 et
943 493 256 62 torture
1253 512 171 43 ceux
1476 494 242 76 qu'elle
1770 492 258 62 devrait
2076 489 332 80 protéger,

253 572 215 78 quitte
502 573 35 58 à
569 572 368 78 s'indigner
965 574 62 61 le
1051 574 160 79 jour
1241 577 86 59 où
1360 593 93 43 un
1487 576 137 59 être
1680 573 241 79 simple
1979 590 129 59 que
2147 570 231 80 l'injus-

248 654 129 63 tice
402 653 219 69 affole,
640 671 129 61 que
796 654 65 60 la
893 654 294 64 détresse
1220 657 80 61 de
1327 675 107 43 ses
1468 656 204 61 frères
1700 656 268 78 poigne,
1992 652 262 62 sacrifie
2280 668 135 45 une

248 734 274 61 victime
556 752 158 43 avec
744 733 269 80 l'espoir
1044 738 147 61 d'en
1220 737 347 79 préserver
1614 737 117 58 des
1780 734 290 61 milliers
2100 733 168 60 dans
2295 732 86 59 l'a-

249 816 228 73 venir;
507 817 155 58 tous
695 833 109 44 ces
836 818 394 61 sentiments
1265 816 152 80 qu'a
1451 833 138 44 non
1632 816 378 61 seulement
2042 813 367 77 exprimés,

250 896 174 61 mais
457 913 232 44 encore
722 897 280 62 réalisés
1030 898 293 79 Georges
1363 897 327 61 Eekhoud
1722 913 174 44 nous
1939 896 285 59 rendent
2255 894 157 61 cher

246 993 70 45 ce
369 981 200 70 Cycle
616 982 453 58 Patibulaire
1109 982 64 58 et
1213 979 156 61 cher
1413 993 121 45 son
1586 978 263 60 auteur.
1901 976 95 59 En
2045 977 364 71 montrant,

246 1058 167 61 dans
435 1062 186 70 Hiep
646 1063 209 70 Houp
883 1061 59 59 et
969 1063 350 71 Gentillie,
1335 1059 61 61 le
1417 1058 352 79 vagabond
1794 1058 110 76 qui
1930 1057 362 77 triomphe,
2313 1057 66 60 in-

249 1138 258 61 sultant
551 1139 100 61 les
695 1141 196 59 codes
933 1142 64 58 et
1040 1141 99 59 les
1191 1138 466 73 conventions,
1692 1136 287 80 superbe
2012 1137 81 60 de
2155 1137 250 77 mépris

249 1221 61 59 et
336 1221 80 61 de
439 1219 43 60 fi
491 1219 108 61 ère
621 1221 363 73 insolence,
1006 1221 292 78 Georges
1324 1221 326 59 Eekhoud
1670 1235 291 62 propage
1991 1222 65 56 et
2086 1218 324 78 inculque

246 1299 62 63 le
343 1301 246 59 dédain
623 1302 80 60 de
726 1302 65 60 la
823 1301 118 72 loi,
976 1302 64 58 la
1070 1302 200 60 haine
1298 1302 80 60 de
1417 1299 361 61 l'autorité.
1813 1298 103 60 En
1948 1316 174 42 nous
2155 1298 253 60 faisant

249 1382 150 60 voir
441 1382 167 61 dans
649 1383 61 60 le
753 1387 276 56 Moulin
1077 1387 312 71 Horloge
1434 1382 64 61 et
1544 1382 168 60 dans
1760 1381 62 61 le
1874 1383 366 62 Quadrille
2295 1383 118 57 des

246 1462 341 62 Lanciers
595 1510 17 26 ,
662 1463 63 60 la
757 1462 178 61 force
968 1463 36 60 à
1046 1480 121 43 son
1197 1465 155 59 tour
1383 1462 386 79 opprimant
1798 1461 62 61 le
1892 1461 159 61 hère
2088 1463 63 59 et
2194 1461 61 59 le
2290 1459 82 60 mi-

250 1542 287 74 sérable,
584 1542 48 58 il
681 1542 237 61 éveille
963 1543 100 60 les
1107 1542 273 64 fureurs
1424 1543 118 60 des
1591 1541 365 80 opprimés,
2004 1541 49 59 il
2100 1539 122 61 fait
2264 1541 150 59 voir

248 1641 137 43 aux
434 1640 438 61 oppresseurs
917 1623 148 61 leur
1101 1642 251 56 œuvre,
1393 1641 259 43 comme
1680 1623 48 60 il
1761 1622 211 61 invite
2000 1623 37 59 à
2067 1622 66 60 la
2159 1621 250 80 justice

246 1721 172 43 ceux
446 1703 116 78 qui
592 1703 367 61 librement
982 1707 307 72 pensent,
1317 1705 207 81 parla
1549 1703 215 79 figure
1798 1703 296 78 évoquée
2130 1705 90 58 du
2243 1703 167 78 petit

244 1783 401 63 braconnier
677 1785 80 59 de
787 1788 534 70 Blanchelive.,.
1369 1786 570 61 Blanchelivetie.

326 1863 56 61 Il
424 1866 102 58 est
570 1865 119 61 des
736 1865 240 77 jeunes
1008 1882 164 63 gens
1195 1867 142 78 qui,
1374 1868 241 58 autour
1655 1866 81 60 de
1791 1882 191 55 nous,
2026 1863 382 74 cherchent,

245 1945 376 71 disent-ils,
654 1946 63 60 la
742 1946 289 62 formule
1064 1947 159 61 d'un
1269 1950 100 59 art
1401 1946 232 75 social,
1688 1946 158 61 d'un
1888 1948 101 58 art
2034 1946 119 77 qui
2205 1945 207 61 serait

246 2044 135 44 non
422 2026 373 62 seulement
834 2027 309 73 évocatif,
1171 2031 171 58 mais
1388 2044 235 44 encore
1669 2028 449 78 propagateur
2164 2025 241 73 d'idée,

244 2125 95 42 un
375 2110 101 58 art
508 2107 117 79 qui
659 2108 307 61 mêlerait
997 2108 65 61 la
1088 2110 225 61 vision
1347 2110 37 58 à
1417 2108 352 78 l'éthique.
1805 2107 57 61 Il
1890 2125 106 43 me
2024 2108 217 77 paraît
2273 2122 132 63 que

250 2187 295 80 Georges
574 2188 329 63 Eekhoud
924 2207 39 44 a
992 2190 365 62 bellement
1380 2191 65 60 et
1476 2188 416 79 pleinement
1915 2205 208 56 conçu
2156 2188 102 60 cet
2281 2188 127 73 art,

243 2268 309 79 lorsqu'il
588 2268 236 61 écrivit
856 2271 296 62 chacune
1205 2272 116 61 des
1363 2270 354 62 nouvelles
1750 2270 119 78 qui
1912 2270 395 77 composent
2346 2267 63 62 le

246 2354 197 69 Cycle
717 2352 447 61 Patibulaire.

336 2601 293 61 Astartê
637 2648 15 27 ,
690 2617 121 61 par
875 2600 232 62 Pierre
1151 2600 235 78 Louys
1450 2600 362 78 (Librairie
1869 2601 81 60 de
2000 2597 171 63 l'Art
2226 2597 191 81 indépendant).

650 2684 169 61 C'est
872 2699 96 43 un
1007 2684 142 59 acte
1192 2684 80 59 de
1323 2683 93 60 foi
1459 2702 172 59 pour
1675 2702 94 41 un
1817 2683 196 78 poète
2065 2683 81 59 de
2202 2699 215 44 vouer

251 2780 110 43 ses
402 2762 331 78 premiers
764 2779 154 44 vers
969 2762 38 60 à
1059 2764 66 59 la
1156 2762 274 74 beauté,
1465 2780 262 45 comme
1754 2764 184 78 jadis
1985 2761 100 62 les
2121 2761 296 80 éphèbes

246 2844 414 62 sacrifiaient
691 2845 147 60 leur
876 2844 356 62 chevelure
1272 2845 230 79 vierge
1530 2863 87 42 au
1653 2846 158 60 dieu
1844 2844 203 78 qu'ils
2069 2844 344 62 voulaient

244 2925 237 60 servir.
514 2925 104 60 En
648 2926 268 78 plaçant
949 2942 123 43 son
1109 2924 170 62 livre
1309 2926 80 60 de
1425 2925 333 62 débutant
1789 2944 165 42 sous
1976 2925 434 61 l'invocation

245 3004 362 75 d'Astarté,
662 3005 353 80 j'imagine
1073 3023 132 60 que
1262 3006 92 60 M.
1413 3006 230 61 Pierre
1690 3006 229 75 Louys
1963 3005 243 61 voulut
2263 3005 144 80 agir

244 3103 263 44 comme
547 3086 99 61 les
676 3088 245 80 jeunes
952 3088 310 59 hommes
1294 3088 329 61 hellènes.
1660 3086 179 71 Qu'il
1874 3086 132 63 soit
2034 3085 155 62 loué
2224 3085 81 62 de
2338 3104 71 43 sa

245 3168 203 78 piété.

330 3248 135 61 Son
521 3248 250 62 recueil
849 3248 103 61 est
1026 3248 150 61 tout
1253 3248 220 61 entier
1535 3246 317 63 consacré
1920 3249 37 60 à
2024 3248 68 62 la
2161 3248 240 62 déesse

240 3326 319 65 éternelle
608 3329 428 79 inspiratrice
1069 3329 120 61 des
1215 3329 376 79 rhapsodes
1619 3349 15 55 ;
1670 3329 258 61 chacun
1971 3329 119 62 des
2119 3329 282 79 poèmes

244 3410 117 76 qui
390 3410 62 61 le
485 3411 419 78 composent,
940 3411 101 60 est
1083 3409 122 61 fait
1228 3428 171 61 pour
1436 3410 221 62 élever
1683 3410 38 61 à
1759 3410 66 61 la
1855 3411 182 61 reine
2070 3428 94 43 un
2202 3411 191 78 cippe

241 3490 177 62 votif
443 3490 569 80 qu'enrichissent
1063 3491 121 61 des
1211 3491 361 79 pierreries
1619 3490 276 62 d'éclats
1928 3493 254 73 divers,
2216 3491 177 61 mais

241 3571 225 64 toutes
499 3571 237 64 fauves
769 3575 64 61 et
880 3571 357 64 violentes.
1269 3573 86 61 Et
1387 3573 38 61 à
1454 3573 146 63 voir
1629 3573 414 80 l'étrangeté,
2084 3574 66 61 la
2180 3573 221 62 rareté
