2657 3905
1268 341 113 58 211

265 501 261 77 Collège
566 501 77 58 de
686 498 273 72 France,
1007 513 82 43 an
1126 496 255 60 comble
1430 497 79 59 de
1547 496 65 59 la
1654 494 231 61 faveur
1929 489 365 80 impériale,
2336 488 49 61 il

266 578 180 61 allait
472 578 278 79 pouvoir
779 577 140 59 dire
964 592 230 44 encore
1222 596 13 39 :
1277 596 28 35 «
1338 576 76 59 Je
1446 576 227 71 cloute;
1715 570 560 82 pardonnez-moi.
2308 569 77 59 Je

265 676 171 43 vous
464 659 226 60 laisse.
727 677 29 36 »
786 657 84 59 Et
900 656 63 58 la
987 656 404 60 badauderie
1439 654 117 60 des
1601 654 304 59 hommes
1942 648 447 80 applaudirait

266 739 38 60 à
334 756 121 43 son
484 737 520 77 indépendance.
1038 736 56 59 Il
1118 736 163 77 joua
1320 752 74 42 sa
1423 734 192 60 scène
1648 751 152 42 avec
1829 750 94 41 un
1956 729 434 61 merveilleux

267 819 253 75 toupet.
567 818 95 59 La
714 819 118 56 Vie
868 819 80 55 de
988 817 202 58 Jésus
1230 816 331 74 remporta
1606 812 61 59 le
1714 812 329 75 triomphe
2069 830 14 52 ;
2114 810 63 60 et
2208 808 47 58 il
2288 808 100 58 fut

265 898 248 78 permis
545 896 403 61 dorénavant
980 912 83 42 au
1103 896 377 77 gentleman
1523 892 340 77 politicien
1904 889 333 60 d'afficher
2269 904 120 42 son

271 977 325 60 athéisme
656 973 306 61 électoral
1018 974 147 60 tout
1222 988 255 45 comme
1533 972 62 59 le
1654 968 363 63 cabaretier
2073 969 90 59 du
2217 967 167 59 coin.

267 1058 236 61 Renan
535 1057 174 58 avait
741 1054 142 60 créé
915 1054 62 60 le
1005 1054 481 61 dilettantisme
1521 1053 78 60 de
1628 1051 67 59 la
1724 1048 379 79 goujaterie.

347 1137 192 75 Depu
572 1151 30 43 s
629 1133 166 61 ceite
827 1133 329 78 apostasie
1187 1132 306 72 seconde,
1519 1132 61 59 le
1608 1131 164 59 celte
1804 1127 263 62 obstiné
2098 1143 37 42 a
2164 1127 115 58 crû
2310 1141 80 43 en

271 1216 330 77 grandeur
646 1216 62 59 et
752 1232 80 42 en
875 1213 226 78 gloire.
1150 1214 179 59 Pour
1371 1211 181 60 avoir
1597 1212 175 59 deux
1815 1208 128 60 fois
1980 1207 207 59 menti
2236 1207 36 57 à
2321 1221 72 42 sa

268 1296 245 77 parole,
544 1293 256 78 trompé
833 1310 106 43 ses
968 1292 441 61 bienfaiteurs
1438 1293 62 58 et
1531 1291 238 59 vaincu
1802 1306 107 42 ses
1940 1285 369 78 scrupules,
2341 1283 51 60 il

272 1392 37 43 a
358 1374 101 60 été
503 1374 61 60 le
604 1374 350 77 prototype
995 1373 80 60 de
1119 1373 313 59 l'homme
1470 1371 285 59 honnête
1796 1371 62 57 et
1898 1367 273 59 sincère.
2205 1364 56 60 A.
2312 1379 78 42 en

273 1456 205 58 croire
530 1456 100 58 cet
676 1452 323 79 exemple,
1051 1449 400 63 l'honnêteté
1498 1451 100 59 est
1648 1448 424 77 simplement
2116 1445 147 59 l'art
2312 1442 80 59 de

267 1532 332 79 parvenir,
633 1534 62 58 et
724 1533 62 60 le
817 1531 378 61 renanisme
1225 1531 149 59 l'art
1419 1529 77 60 de
1543 1545 69 44 se
1645 1528 163 58 faire
1839 1525 348 77 indulgent
2218 1523 35 58 à
2285 1537 107 43 ses

273 1613 432 61 effronteries.
741 1613 91 60 Le
877 1611 346 61 Panthéon
1269 1627 83 43 va
1397 1625 343 45 consacrer
1771 1625 70 41 ce
1876 1605 244 60 double
2164 1604 225 74 adage.

351 1693 181 60 Nous
564 1708 243 44 savons
847 1691 366 61 désormais
1260 1706 126 61 que
1430 1689 65 59 la
1532 1689 190 59 vertu
1762 1687 157 59 c'est
1951 1683 253 79 l'esprit
2236 1682 129 58 d'in-

273 1771 320 77 dulgence
626 1773 64 59 et
719 1771 253 72 Renan,
1006 1787 156 42 sans
1193 1786 61 43 îe
1277 1768 241 71 savoir,
1547 1783 36 43 a
1612 1764 315 64 confirmé
1950 1781 117 43 oar
2096 1779 72 42 sa
2196 1762 104 57 vie
2330 1759 64 60 la

270 1852 321 60 tendance
623 1851 321 59 séculaire
977 1851 80 59 de
1087 1849 64 59 la
1181 1865 166 43 race.

352 1931 391 76 Vilipender
771 1929 97 60 les
898 1946 252 42 mœurs
1179 1928 77 60 de
1288 1927 183 59 notre
1501 1927 215 76 temps
1748 1924 100 61 est
1879 1923 257 60 devenu
2166 1918 198 62 l'habi-

271 2009 161 60 tude
465 2011 116 58 des
611 2026 239 60 propos
884 2008 270 60 actuels.
1188 2008 185 59 Dans
1397 2006 237 58 l'ordre
1678 2002 450 70 sentimental,
2159 2000 98 59 les
2299 1997 64 59 ré-

272 2088 328 60 vélations
626 2089 356 59 navrantes
1011 2087 90 58 du
1133 2084 459 74 naturalisme,
1626 2084 86 73 et,
1745 2083 165 58 dans
1951 2080 238 60 l'ordre
2232 2077 130 78 poli-

273 2168 212 75 tique,
530 2167 198 61 celles
774 2166 153 78 plus
969 2167 355 58 navrantes
1363 2180 230 44 encore
1650 2164 90 59 du
1786 2160 489 78 boulangisme,
2314 2157 79 59 de

270 2247 588 61 l'anti-sémitisme
903 2247 113 60 ont
1060 2246 212 59 dénué
1319 2244 78 60 de
1441 2244 181 60 leurs
1670 2242 248 59 allures
1971 2238 423 62 bienséantes

271 2326 194 62 l'âme
511 2326 556 77 contemporaine.
1117 2326 128 58 Les
1289 2324 239 77 esprits
1578 2322 217 59 avisés
1842 2338 68 43 se
1955 2319 322 61 désistent
2313 2318 79 58 de

272 2422 202 45 croire
507 2422 84 43 au
625 2404 629 61 désintéressement
1284 2403 117 60 des
1425 2401 540 80 parlementaires
1992 2414 254 45 comme
2269 2397 35 58 à
2331 2395 63 59 la

272 2487 192 60 vertu
511 2486 115 59 des
668 2483 451 79 philosophes.
1150 2483 128 60 Les
1322 2481 402 60 théoriciens
1769 2481 79 59 de
1891 2477 353 62 l'anarchie
2291 2473 71 62 dé-

273 2567 282 58 noncent
586 2564 62 60 le
681 2563 375 61 servilisme
1087 2563 63 60 et
1179 2562 63 59 la
1265 2562 339 77 jobardise
1636 2561 92 59 du
1757 2559 263 79 peuple.

348 2646 56 58 A
452 2646 147 59 tout
640 2644 304 78 prendre,
982 2661 70 43 ce
1104 2643 171 60 n'est
1326 2660 120 59 pas
1493 2658 127 61 que
1659 2657 122 43 nos
1828 2655 251 44 mœurs
2124 2634 273 60 vaillent

271 2724 221 60 moins
529 2723 449 78 aujourd'hui.
1014 2722 247 60 Toutes
1300 2722 99 60 les
1433 2721 291 77 époques
1763 2717 362 62 donnèrent
2162 2714 90 59 du
2293 2712 71 59 dé-

270 2804 468 77 couragement
786 2820 133 43 aux
971 2818 212 61 sages.
1232 2801 142 71 Que
1423 2802 131 60 l'on
1608 2799 193 60 relise
1849 2798 98 60 les
1998 2793 273 62 annales
2316 2792 78 59 de

266 2882 421 74 l'humanité,
723 2900 83 42 on
836 2901 44 58 y
913 2883 369 59 constatera
1310 2882 98 60 les
1439 2879 253 61 mêmes
1735 2877 178 61 vices
1945 2893 81 43 en
2053 2872 308 78 épanouis-

263 2966 280 57 sement.
578 2963 97 60 La
700 2962 247 72 vanité,
980 2963 67 59 la
1076 2962 398 60 concussion
1500 2961 62 61 et
1590 2959 66 60 la
1687 2957 338 61 débauche
2053 2952 343 61 fleurirent

261 3057 80 45 en
369 3043 251 75 chaque
648 3042 406 60 civilisation
1082 3057 158 43 avec
1270 3057 131 43 une
1432 3037 316 62 intensité
1781 3037 35 58 à
1846 3051 128 61 peu
2006 3033 148 76 près
2185 3029 204 78 égale.

343 3121 384 59 Seulement
770 3121 48 59 il
861 3140 46 57 y
952 3123 113 59 eut
1109 3121 117 58 des
1270 3119 303 78 périodes
1616 3117 80 59 de
1739 3117 222 66 tenue,
1997 3112 287 58 d'autres
2316 3109 78 60 de

261 3201 302 75 cynisme
582 3220 18 54 ;
633 3201 99 59 les
773 3199 455 63 malveillants
1269 3199 243 71 disent,
1546 3193 438 80 d'hypocrisie
2017 3194 62 59 et
2111 3190 79 60 de
2222 3188 138 60 fran-

257 3279 206 59 chise.

1624 3390 186 58 PAUL
1844 3385 223 61 ADAM.
