2657 3905
1284 254 122 65 236

260 406 368 78 réinstallé,
660 410 50 62 il
741 428 163 44 aura
936 413 181 62 semé
1141 415 167 61 dans
1328 415 101 64 les
1459 435 218 45 cœurs
1705 438 132 46 une
1877 424 230 77 graine
2165 425 222 64 révolu-

256 489 360 76 tionnaire,
653 491 66 60 la
750 494 372 75 meilleure,
1169 498 162 59 celle
1364 499 117 79 qui
1514 518 36 42 a
1580 517 172 62 pour
1782 505 266 76 engrais
2104 505 67 61 la
2224 508 199 62 haine

258 571 63 59 et
353 569 61 61 le
447 570 270 80 mépris.
754 573 196 62 Ainsi
985 576 247 93 malgré
1258 578 101 61 les
1384 598 403 61 apparences
1820 602 81 43 ne
1943 585 267 64 ment-il
2236 607 122 60 pas
2386 590 37 60 à

235 654 193 57 œetfce
458 651 92 61 loi
580 654 409 63 inéluctable
1030 659 117 77 qui
1180 659 120 62 fait
1332 661 91 60 du
1479 663 190 77 poète
1700 682 93 43 un
1845 670 448 75 propagateur
2340 672 80 59 de

259 730 278 77 révolte,
571 753 93 42 un
694 735 407 81 instigateur
1121 739 81 62 de
1230 740 239 62 liberté
1505 747 63 57 et
1600 744 84 74 si,
1705 745 37 59 à
1769 747 100 59 lui
1891 748 256 76 vivant,
2168 750 254 79 j'eusse

259 815 162 57 tenu
467 832 109 44 ces
626 834 272 60 propos,
943 819 50 60 il
1034 819 311 62 m'aurait
1390 824 276 76 regardé
1721 825 81 61 de
1851 844 126 43 son
2015 829 112 61 œil
2168 832 247 77 qu'une

258 893 417 78 perpétuelle
703 898 272 62 flamme
995 899 394 77 illuminait,
1416 907 63 57 et
1502 904 357 76 méditatif,
1882 909 47 60 il
1949 909 313 64 m'aurait
2292 914 122 69 dit,

256 975 84 60 de
372 993 71 44 ce
490 979 114 60 ton
636 997 378 45 caverneux
1048 983 163 76 qu'il
1243 983 293 62 affectait
1583 985 308 79 lorsqu'il
1939 990 164 61 était
2155 995 268 60 troublé

252 1072 88 44 ou
372 1056 386 65 déconcerté
783 1078 14 43 :
837 1082 31 37 «
891 1061 56 61 Il
975 1079 45 61 y
1049 1079 38 43 a
1116 1064 295 79 quelque
1441 1067 197 61 chose
1667 1067 409 68 là-iessous.
2113 1091 32 43 »

346 1463 196 72 Cycle
587 1461 451 77 patibulaire,
1072 1481 118 57 par
1221 1463 290 75 Georges
1542 1468 329 65 Eekhoud
1918 1474 114 64 (H.
2084 1461 316 77 Kistemaeher,

237 1461 2189 58 éditeur).

837 1543 96 73 Si,
967 1545 194 77 après
1194 1547 97 62 les
1343 1549 209 62 livres
1594 1552 81 61 de
1726 1553 382 65 Verhaeren
2150 1561 62 59 et
2251 1577 172 45 ceux

255 1622 83 61 de
369 1622 423 73 Maeterlink,
827 1623 48 60 il
907 1625 162 61 était
1102 1643 234 47 encore
1366 1629 239 62 besoin
1648 1633 80 61 de
1779 1634 389 66 démontrer
2191 1658 128 61 que
2359 1643 60 60 la

245 1702 388 61 •littérature
682 1702 339 63 flamande
1061 1707 171 62 n'est
1265 1726 118 61 pas
1413 1710 449 79 uniquement
1912 1722 352 75 composée
2298 1722 119 62 des

252 1782 329 80 quelques
636 1782 390 64 imitateurs
1072 1806 158 43 sans
1260 1789 193 79 génie
1484 1793 120 76 qui
1652 1811 70 44 se
1757 1797 312 79 targuent
2103 1801 80 61 de
2215 1802 62 61 la
2318 1821 66 44 re-

252 1863 369 79 présenter,
653 1864 275 64 l'œuvre
961 1868 80 61 de
1075 1868 298 81 Georges
1402 1873 326 64 Eekhoud
1760 1895 46 59 y
1831 1879 314 63 suffirait.

334 1944 286 61 Celui-là
651 1947 101 58 est
783 1947 158 61 bien
974 1949 165 60 sorti
1171 1950 81 63 de
1285 1952 65 59 la
1380 1953 353 77 puissante
1773 1963 170 57 terre
1985 1961 81 61 de
2099 1962 318 76 Flandre,

249 2025 53 60 il
334 2028 103 58 est
467 2025 159 61 bien
673 2027 117 61 des
846 2028 448 66 descendants
1351 2034 81 60 de
1478 2052 109 45 ces
1646 2039 438 64 merveilleux
2118 2046 301 76 peintres

255 2105 117 79 qui
395 2108 238 58 surent
655 2124 83 44 en
769 2111 338 76 exprimer
1138 2114 68 57 la
1232 2113 106 61 vie
1379 2114 436 78 débordante,
1845 2121 323 63 l'énorme
2189 2124 140 79 joie
2357 2130 65 58 et

252 2187 190 61 aussi
472 2187 64 59 la
589 2188 381 63 troublante
1021 2192 395 65 mélancolie
1448 2197 435 77 qu'exhalent
1914 2203 99 61 les
2055 2204 363 82 pâturages

252 2267 379 73 bourbeux,
665 2271 64 58 et
759 2269 330 64 l'humide
1121 2276 426 77 atmosphère
1576 2279 162 61 dont
1769 2279 499 86 s'enveloppent
2318 2290 101 61 les

251 2348 285 62 collines
567 2351 262 60 semées
857 2352 80 59 de
970 2353 324 79 bruyères
1327 2359 65 58 et
1420 2358 81 61 de
1530 2362 258 76 genêts.
1825 2363 86 62 Ce
1945 2382 130 61 que
2105 2368 225 63 rendit
2362 2371 58 60 si

250 2429 368 61 bellement
647 2431 61 59 le
744 2432 282 76 pinceau
1059 2436 118 59 des
1209 2438 325 76 ancêtres,
1558 2439 293 83 Georges
1876 2446 331 63 Eekhoud
2241 2467 174 45 nous

254 2509 87 61 l'a
377 2526 81 43 su
486 2511 318 61 restituer
833 2530 82 42 en
948 2513 314 65 écrivain.

338 2588 372 64 L'écrivain
743 2593 164 76 qu'il
940 2597 125 72 est,
1102 2613 81 45 ne
1218 2601 162 71 peut
1412 2599 136 63 être
1580 2606 363 75 rapproché
1977 2607 290 64 d'aucun
2302 2612 117 61 des

255 2671 260 75 nôtres;
550 2672 38 58 à
618 2673 494 78 quelques-uns
1143 2679 282 75 mêmes,
1454 2681 311 63 héritiers
1798 2687 81 61 de
1910 2687 277 78 l'esprit
2213 2695 164 76 fran-

251 2756 173 70 çais,
461 2753 48 59 il
537 2758 380 74 apparaîtra
945 2773 261 46 comme
1238 2777 93 42 un
1361 2761 302 65 barbare.
1698 2766 56 60 Il
1806 2785 82 43 ne
1939 2770 151 62 l'est
2147 2790 122 61 pas
2321 2791 66 45 ce-

249 2832 324 77 pendant,
593 2834 174 60 mais
791 2852 75 43 sa
896 2836 201 62 claire
1120 2839 63 60 et
1202 2839 400 79 vigoureuse
1632 2862 193 60 prose
1846 2865 37 43 a
1902 2851 142 76 pris
2072 2869 77 43 sa
2178 2855 241 61 moelle

251 2913 40 60 à
321 2912 64 61 la
410 2913 245 79 langue
686 2916 118 61 des
838 2921 221 70 aïeux,
1093 2921 64 58 et
1181 2921 82 72 si,
1290 2922 37 60 à
1370 2922 164 75 cela,
1569 2925 126 62 elle
1751 2944 38 43 a
1832 2931 214 76 perdu
2088 2950 82 44 en
2203 2936 180 60 subti-

247 2993 124 61 lité
402 2997 65 58 et
498 3013 82 42 en
625 2996 270 71 finesse.,
927 3000 124 59 elle
1083 3017 46 60 y
1163 3019 37 41 a
1252 3003 212 78 gagné
1497 3021 83 45 en
1632 3007 270 65 solidité
1925 3013 65 59 et
2022 3030 82 43 en
2146 3015 265 63 coloris.

255 3074 86 61 Sa
373 3076 271 77 phrase,
669 3077 37 60 à
736 3078 64 60 la
819 3080 202 78 pulpe
1053 3082 316 76 charnue,
1399 3083 173 64 n'est
1596 3104 123 61 pas
1742 3091 165 61 celle
1937 3093 161 61 d'un
2123 3095 297 65 ciseleur

250 3154 82 61 de
358 3161 201 68 mots,
579 3156 160 62 c'est
766 3160 165 60 celle
959 3160 160 60 d'un
1147 3162 388 80 imaginatif
1559 3167 239 64 ardent
1831 3172 118 78 qui
1981 3176 283 76 procède
2302 3196 115 60 par

244 3234 384 80 impulsion
660 3242 65 57 et
754 3241 332 77 remplace
1126 3242 66 61 la
1223 3243 172 63 belle
1421 3247 427 65 ordonnance
1901 3254 272 81 logique
2204 3275 120 62 par
2353 3260 64 60 la

251 3316 252 80 fougue
537 3320 291 61 verbale.
865 3323 92 60 Le
990 3323 150 61 seul
1186 3325 119 61 des
1337 3326 333 63 écrivains
1704 3332 81 60 de
1817 3332 254 66 France
2104 3354 161 46 avec
2297 3340 117 79 qui

251 3397 294 80 Georges
592 3401 335 62 Eekhoud
979 3405 222 61 aurait
1248 3407 121 61 des
1418 3407 323 79 affinités,
1778 3430 156 46 sans
1987 3417 101 61 lui
2140 3420 143 62 rien
2310 3422 72 60 de-

236 3478 161 60 voir
428 3481 346 75 toutefois,
810 3487 102 59 est
962 3486 61 60 le
1069 3486 166 62 rude
1284 3492 411 76 quercynois
1726 3494 184 63 Léon
1940 3497 252 65 Cladel.
2225 3502 79 61 Je
2335 3519 83 44 ne

232 3558 174 79 •puis
439 3561 233 62 mieux
697 3562 166 64 faire
898 3566 373 77 d'ailleurs,
1302 3586 170 62 pour
1497 3574 241 63 rendre
1769 3575 461 84 l'impression
2282 3600 102 46 res-
