2657 3905
1255 257 119 62 228

245 415 106 62 fut
397 434 241 43 mauve
671 420 63 58 et
793 435 131 61 que
953 421 103 59 tes
1109 435 183 61 yeux
1349 419 249 63 étaient
1620 420 308 79 toujours
1971 415 300 75 baissés;
2307 433 94 43 un

248 496 149 61 fifre
432 497 177 73 riait,
644 505 302 72 suraïgu,
981 516 170 61 pour
1183 500 306 77 rappeler
1519 518 127 61 que
1667 505 74 56 tu
1775 500 110 60 fus
1918 497 483 79 énigmatique,

248 594 83 43 en
360 579 70 58 ta
489 580 181 58 verte
712 579 158 61 robe
913 580 418 72 encoraillée,
1358 580 307 62 Tharsile
1693 583 10 58 !
1733 580 171 61 mais
1936 583 155 57 tous
2122 577 98 61 les
2252 577 108 59 ins-

244 660 337 58 truments
632 657 435 64 s'unissaient
1115 661 224 78 quand
1400 663 61 58 le
1507 664 240 58 maître
1802 660 260 61 visitait
2117 659 66 59 la
2239 657 159 60 robe

248 739 301 72 d'Alède,
601 739 159 61 robe
821 740 364 80 singulière
1235 744 65 58 et
1353 743 118 76 qui
1529 741 181 61 avait
1755 740 314 79 toujours
2130 737 258 63 semblé

245 819 176 59 vêtir
465 837 94 43 un
610 819 326 77 fantôme;
968 823 178 59 alors
1174 823 63 58 la
1269 823 318 77 musique
1628 821 417 61 chuchottait
2074 821 151 59 tout
2267 819 123 59 bas

248 917 110 43 car
388 900 458 62 Barbe-Bleue
896 904 177 60 avait
1123 903 351 78 beaucoup
1521 903 174 59 aimé
1753 905 169 59 cette
1974 901 235 60 Alède.
2246 900 144 60 Elle

247 980 162 60 était
432 981 288 77 jumelle
755 984 80 60 de
869 984 194 60 Sœur
1084 984 233 71 Anne;
1352 1000 86 44 on
1487 986 116 58 eut
1646 1000 90 60 pu
1763 984 100 60 les
1894 981 287 79 prendre
2209 980 181 60 l'une

247 1078 171 61 pour
450 1061 239 63 l'autre
729 1068 65 56 et
844 1063 218 62 c'était
1103 1064 38 58 à
1193 1063 161 59 elles
1387 1064 178 60 deux
1603 1063 165 77 qu'il
1797 1063 277 59 désirait
2103 1078 129 61 que
2265 1078 103 43 res-

253 1141 291 61 semblât
569 1143 65 59 la
665 1145 311 60 nouvelle
1011 1144 250 77 épouse
1294 1160 111 44 car
1448 1144 165 60 elles
1658 1144 150 60 sont
1847 1144 108 58 six
1994 1159 108 43 ces
2130 1141 271 60 ombres

252 1224 118 76 qui
404 1229 221 55 errent
661 1225 62 60 le
766 1226 158 72 soir,
960 1233 244 53 autour
1245 1224 81 61 de
1358 1224 328 79 l'antique
1730 1224 194 62 ruine
1960 1226 65 59 et
2060 1224 169 61 cette
2261 1223 109 61 der-

252 1303 181 61 nière
468 1305 184 60 seule
686 1306 100 60 est
816 1305 223 65 vêtue.

337 1465 173 64 C'est
562 1484 193 60 parce
788 1484 152 61 que,
964 1468 207 77 petite
1214 1468 299 77 bergère,
1541 1468 76 59 tu
1658 1468 240 77 gardas
1940 1468 101 59 tes
2092 1466 319 60 moutons

258 1564 121 42 sur
408 1564 132 42 une
576 1548 196 59 lande
808 1549 80 58 de
921 1548 329 77 bruyères
1305 1564 182 43 roses
1518 1548 62 61 et
1622 1548 297 77 d'ajoncs
1969 1546 273 79 jaunes,
2276 1546 38 59 à
2343 1545 67 60 la

254 1626 229 63 lisière
517 1628 80 59 de
645 1628 67 58 la
756 1628 192 70 forêt,
985 1629 251 61 debout
1268 1644 85 43 ou
1387 1629 216 60 assise
1632 1630 216 76 parmi
1914 1630 107 59 ton
2050 1630 357 75 troupeau,

254 1726 83 41 en
367 1709 70 58 ta
468 1708 249 78 grande
746 1726 157 59 cape
931 1709 82 60 de
1062 1709 178 60 laine
1282 1709 329 76 grossière
1658 1712 86 57 où
1777 1709 328 61 s'abritait
2152 1709 256 79 parfois

253 1790 227 59 contre
510 1789 61 58 le
601 1790 160 59 vent
790 1788 292 79 quelque
1131 1789 259 79 agnelle
1421 1789 285 60 chétive.

334 1869 131 60 Les
510 1869 228 61 beaux
786 1887 185 60 yeux
1024 1869 147 61 font
1227 1870 66 60 la
1343 1869 363 79 simplicité
1762 1870 160 60 d'un
1975 1869 230 79 visage
2252 1870 158 78 plus

252 1948 176 61 belle
463 1950 62 59 et
554 1949 65 60 la
649 1949 226 61 tienne
911 1949 161 61 était
1110 1950 158 61 telle
1303 1967 131 61 que
1482 1943 63 68 le
1584 1949 168 62 veuf
1783 1949 329 79 Seigneur
2149 1950 257 77 t'ayant

252 2048 131 42 vue
412 2047 82 43 en
525 2032 279 76 passant
845 2030 230 60 t'aima
1120 2033 63 58 et
1209 2033 65 58 te
1306 2030 240 63 voulut
1587 2032 304 77 épouser.
1923 2032 56 59 Il
2020 2032 179 59 avait
2230 2032 177 59 alors

256 2110 67 60 la
344 2109 205 61 barbe
579 2112 186 59 toute
797 2110 283 60 blanche
1112 2113 63 60 et
1208 2128 122 45 son
1377 2112 235 77 regard
1644 2110 164 61 était
1838 2112 58 59 si
1935 2112 218 73 triste,
2187 2112 36 59 ô
2249 2112 122 59 Pas-

252 2192 307 73 tourelle,
595 2192 164 77 qu'il
808 2192 377 61 t'attendrit
1221 2194 155 76 plus
1407 2209 130 61 que
1585 2211 80 42 ne
1707 2194 65 59 te
1811 2194 186 59 tenta
2039 2192 369 62 l'aventure

254 2272 206 61 d'être
515 2272 252 77 grande
816 2272 214 61 Dame
1063 2278 64 55 et
1160 2273 333 61 d'habiter
1534 2273 64 60 le
1646 2273 281 61 château
1974 2274 85 60 où
2091 2275 76 58 tu
2214 2273 197 60 lisais

256 2353 255 60 l'heure
538 2369 121 61 par
685 2352 279 62 l'ombre
993 2354 113 60 des
1138 2357 189 58 tours
1362 2372 118 43 sur
1510 2354 65 60 la
1606 2353 193 61 forêt.

334 2433 173 61 Rien
539 2433 231 60 n'était
798 2449 298 61 parvenu
1151 2435 168 59 clans
1367 2434 67 60 la
1484 2434 297 61 solitude
1815 2434 79 60 de
1926 2434 64 60 la
2027 2434 207 78 petite
2267 2452 108 61 gar-

253 2514 245 60 dienne
532 2514 89 59 du
666 2513 291 60 fâcheux
1004 2532 236 43 renom
1278 2515 90 60 du
1400 2515 201 60 noble
1645 2515 143 60 Sire
1832 2532 110 43 car
1983 2532 263 44 comme
2279 2517 127 59 elle

253 2594 165 61 était
465 2593 280 61 humble
795 2595 65 59 et
901 2611 255 61 pauvre
1203 2613 85 42 on
1338 2594 388 80 dédaignait
1776 2595 79 60 de
1908 2595 100 60 lui
2056 2595 223 79 parler
2317 2598 90 71 et,

251 2675 181 72 fière,
464 2674 126 61 elle
621 2675 502 78 n'interrogeait
1142 2693 123 61 pas
1296 2693 171 43 ceux
1499 2678 117 76 qui
1664 2677 345 79 passaient
2055 2678 248 61 devant
2335 2696 75 42 sa

257 2756 409 72 chaumière,
717 2754 38 60 à
803 2754 227 61 l'écart
1076 2761 183 55 entre
1312 2757 181 59 deux
1540 2757 207 61 vieux
1799 2773 222 45 ormes
2079 2758 165 60 dont
2302 2776 110 42 ses

257 2838 341 72 moutons,
634 2853 81 45 en
750 2836 99 77 s'y
879 2836 304 74 frottant,
1217 2837 272 61 usaient
1515 2837 271 62 l'écorce
1819 2855 83 43 en
1921 2837 251 63 collier.
2206 2838 173 61 D'ail-

254 2917 186 61 leurs
471 2917 129 61 elle
647 2933 82 43 ne
762 2917 311 77 regettait
1120 2935 122 59 pas
1293 2917 205 61 d'être
1537 2918 158 61 telle
1739 2918 406 79 puisqu'elle
2178 2919 233 60 aimait

257 2999 65 61 et
352 2998 295 78 quoique
680 2998 123 60 elle
837 2999 113 60 eût
976 2998 211 60 voulu
1220 3016 71 43 se
1317 3001 287 76 pouvoir
1631 2999 267 61 acheter
1929 3001 294 77 quelque
2248 3001 160 61 robe

257 3095 218 44 neuve
506 3096 170 60 pour
720 3078 359 62 l'occasion
1127 3079 81 60 de
1255 3097 75 42 sa
1381 3096 162 43 noce
1598 3079 444 79 approchante
2074 3082 175 60 mais
2283 3082 124 60 elle

258 3164 140 56 s'en
455 3158 328 61 consolait
823 3176 80 43 en
944 3159 287 78 pensant
1279 3176 130 61 que
1460 3177 124 43 son
1632 3161 137 59 ami
1822 3177 83 43 ne
1961 3161 101 59 lui
2125 3178 286 61 marqua

252 3241 251 77 jamais
527 3257 129 62 que
679 3239 100 63 lui
814 3241 392 78 déplussent
1255 3258 74 44 sa
1373 3258 159 61 cape
1566 3241 82 63 de
1692 3242 178 62 laine
1912 3243 62 60 et
1998 3260 74 43 sa
2103 3242 192 63 coiffe
2328 3244 80 60 de

254 3321 186 62 toile.

339 3482 58 61 A
425 3482 245 75 l'aube,
704 3500 131 43 une
868 3482 258 62 fanfare
1153 3486 79 59 de
1267 3502 144 43 cors
1442 3483 278 62 réveilla
1772 3484 66 61 la
1870 3484 169 63 forêt
2088 3487 64 61 et
2175 3487 235 79 quatre

258 3562 358 63 bannières
645 3564 383 79 déployées,
1056 3584 81 43 en
1170 3567 218 61 même
1411 3568 244 76 temps,
1682 3584 84 43 au
1799 3568 282 61 sommet
2111 3568 118 61 des
2253 3586 158 58 qua-
