3472 4394
1664 213 108 49 224

180 363 43 48 in
251 364 159 47 immer
436 366 228 59 grösserer
684 357 272 64 Steigerung
986 373 55 32 an
1064 355 131 49 Kraft
1217 353 91 49 und
1330 352 345 66 Lebendigkeit,

181 440 139 47 durch
351 439 470 61 Triolen-Bewegung
863 434 88 47 und
996 433 362 47 verschneliertes
1386 432 174 62 Tempo
1597 430 52 47 be-

181 515 146 52 wirkt,
350 514 98 46 dem
466 510 266 66 jubelnden,
760 510 78 49 des
859 509 153 64 Sieges
1036 509 112 46 über
1170 507 70 48 die
1262 505 284 66 gefundenen
1565 505 84 47 Hin-

180 592 193 48 dernisse
400 590 90 46 sich
523 588 244 48 freuenden
792 587 206 47 Schlüsse
1018 603 66 29 zu.
1116 584 81 47 Die
1212 583 305 63 Ausführung
1548 590 132 40 unter

177 668 191 61 Leitung
397 664 76 48 des
504 667 151 45 Herrn
683 665 231 46 Directors
943 660 233 48 Bratsch
1217 677 96 30 war
1351 659 98 48 eine
1478 675 47 32 so
1555 659 102 47 treff-

179 741 127 56 liche,
348 740 100 48 dass
486 743 61 45 sie
571 740 150 65 jeden,
763 738 80 48 der
883 736 72 47 die
985 736 154 49 Kräfte
1181 735 77 48 des
1286 735 199 47 Instituts
1529 735 151 55 kennt,

175 835 99 31 zum
304 819 200 47 Staunen
534 816 241 49 hinreissen
805 820 166 41 musste
1009 814 90 46 und
1137 813 84 47 den
1252 813 211 47 reichlich
1493 828 161 48 gespen-

177 894 132 48 deten
339 894 156 48 Beifall
523 894 76 47 des
626 891 279 49 zahlreichen
934 889 276 56 Publicuins,
1253 896 230 40 worunter
1520 904 160 31 unsere

177 970 251 50 anerkannt
467 974 201 60 grössten
711 969 199 53 Kenner,
951 966 120 49 wohl
1102 965 241 56 verdiente,
1384 982 47 30 so
1469 964 84 47 wie
1587 964 91 47 sich

179 1048 114 47 auch
322 1046 79 47 der
425 1045 259 65 Componist
712 1042 136 49 selbst
878 1042 78 47 mit
984 1042 84 47 den
1094 1042 195 49 Worten
1319 1040 361 65 ausgesprochen

177 1124 92 54 hat,
297 1121 99 48 dass
425 1139 48 30 er
502 1139 56 30 an
588 1121 78 48 der
688 1120 301 63 Aulführung
1017 1119 119 47 nicht
1165 1117 78 47 das
1273 1116 219 48 Mindeste
1521 1133 130 31 auszu-

177 1206 145 41 setzen
351 1197 132 50 habe.

462 1422 179 72 Tages-
671 1422 89 72 und
790 1422 595 72 Unterhaltungs-Blatt.

257 1533 70 34 Am
358 1532 165 43 Sonntag
553 1530 68 34 den
651 1529 34 37 8*
713 1529 83 34 Juli
837 1529 115 34 findet
992 1529 37 33 in
1070 1528 285 35 Andernach
1385 1528 58 33 ein
1472 1528 177 44 Sänger
1665 1547 13 4 -

183 1595 97 32 fest
306 1592 77 34 und
412 1590 518 45 Gesang-Wettstreit
966 1589 107 45 Statt,
1113 1588 244 35 veranstaltet
1383 1599 72 23 von
1485 1588 82 34 dem
1597 1587 60 34 dor-

172 1655 99 43 tigen
301 1652 311 45 Gesangvereine.
668 1649 114 35 Sechs
807 1649 155 34 Vereine
1004 1660 68 22 aus
1101 1648 153 34 Städten
1292 1650 115 32 erster
1434 1646 131 35 Classe
1599 1646 77 35 und

171 1712 306 43 einundzwanzig
518 1722 67 22 aus
615 1710 155 34 Städten
814 1709 75 34 und
933 1709 160 34 Flecken
1136 1709 148 33 zweiter
1327 1708 129 34 Classe
1498 1708 63 44 (an
1604 1704 74 38 6UO

169 1773 156 44 Sänger)
353 1771 148 35 werden
529 1771 250 42 concurriren,
811 1780 115 23 zuvor
953 1768 89 35 aber
1070 1768 78 34 drei
1178 1768 119 34 Chöre
1326 1766 351 46 gemeinschaftlich

171 1832 140 44 singen.
357 1829 246 36 Preisrichter
639 1829 83 34 sind
751 1829 57 34 die
837 1829 142 34 Herren
1020 1829 98 36 Prof.
1148 1827 266 42 Breidenstein,
1449 1827 56 34 die
1531 1827 146 33 Musik-

168 1892 217 33 Directoren
413 1890 99 34 Lenz
552 1900 71 24 aus
654 1889 162 34 Coblenz
855 1888 77 34 und
974 1888 176 35 Wilhelm
1188 1899 68 22 aus
1287 1887 161 43 Crefeld,
1490 1887 97 34 Herr
1614 1888 66 35 Dr.

168 1950 98 35 Weil
295 1961 65 22 aus
390 1949 188 40 Neuwied,
621 1949 149 34 Pfarrer
796 1948 283 34 Dommermuth
1117 1959 69 23 aus
1216 1946 226 35 Leutesdorf
1477 1946 75 34 und
1581 1946 98 34 Herr

167 2009 157 43 Dötsch,
353 2010 174 44 Dirigent
555 2008 63 35 des
645 2008 455 45 Lehrer-Gesangvereins
1129 2008 38 33 in
1195 2006 235 36 Andernach.
1466 2007 75 34 Der
1573 2006 85 34 Fest-

171 2082 70 34 zug
269 2070 153 45 beginnt
446 2081 62 22 um
537 2068 21 37 3
588 2070 80 34 Uhr
696 2069 271 45 Nachmittags,
997 2069 66 34 das
1091 2068 159 35 Concert
1279 2079 62 23 um
1367 2066 25 36 4
1420 2067 90 35 Uhr.

250 2171 328 37 IFfi'naaliFurt
805 2171 34 36 2.
868 2172 93 34 Juli.
991 2171 123 34 Heute
1131 2170 153 34 Abends
1314 2170 128 34 wurde
1470 2171 37 32 in
1536 2182 125 22 ausser-

174 2232 246 37 ordentlicher
448 2232 467 44 General-Versammlung
957 2230 64 35 des
1059 2230 164 45 hiesigen
1265 2229 341 36 Cäcilien-Vereins
1635 2241 46 22 an

172 2295 58 32 die
258 2292 113 35 Stelle
398 2293 119 33 seines
548 2291 263 34 verstorbenen
839 2291 189 33 Directors
1056 2290 120 34 Franz
1201 2290 144 33 Messer
1372 2290 67 32 mit
1470 2288 70 35 100
1570 2289 88 34 Stim-

171 2364 80 23 men
280 2363 117 34 gegen
426 2350 46 36 11
502 2352 95 33 Herr
624 2351 321 34 Musik-Director
971 2349 119 35 Karl
1118 2350 175 34 Müller
1327 2361 72 23 von
1428 2349 170 34 Münster
1625 2360 37 23 er-

171 2411 125 36 wählt,
350 2411 76 34 Der
452 2410 187 34 Vorstand
669 2410 101 33 hatte
798 2421 131 22 ausser
964 2409 76 34 ihm
1069 2409 93 34 noch
1193 2410 121 33 Herrn
1343 2410 172 33 Director
1543 2408 138 35 Robert

171 2471 150 34 Radeke
348 2481 70 23 von
446 2469 124 35 Berlin
598 2470 308 45 vorgeschlagen.
941 2469 115 34 Jeder
1083 2480 71 23 von
1185 2469 135 33 Beiden
1349 2469 104 33 hatte
1481 2469 79 33 eine
1588 2469 68 33 Ver-

172 2531 193 46 einsprobe
393 2531 161 44 geleitet.
596 2531 127 33 Etwas
754 2531 92 34 über
873 2530 58 34 die
959 2530 130 34 Hälfte
1120 2530 63 34 der
1211 2530 279 45 stimmfähigen
1519 2530 142 44 Mitglie-

172 2593 62 34 der
261 2592 216 44 betheiligte
505 2591 79 34 sich
612 2591 60 34 bei
701 2591 63 34 der
792 2591 321 43 Wahlhandlung.
1159 2592 111 43 Möge
1305 2589 97 36 Herr
1430 2590 146 45 Müller,
1620 2599 42 35 ge-

172 2657 129 41 tragen
331 2651 115 34 durch
475 2651 66 34 das
569 2651 205 34 Vertrauen
804 2651 64 34 der
896 2650 224 46 Mitglieder,
1164 2650 69 33 den
1263 2651 133 33 Verein
1439 2650 82 33 dem
1562 2649 120 34 hohen

174 2712 99 34 Ziele
301 2712 127 33 immer
454 2709 117 35 näher
600 2710 145 44 führen,
777 2711 67 33 das
873 2710 65 35 der
966 2709 308 45 unvergessliche
1302 2709 173 35 Schelble
1503 2710 67 32 mit
1598 2721 63 33 pro-

174 2771 228 44 phetischem
429 2770 130 34 Blicke
599 2772 130 32 mitten
769 2771 37 32 in
845 2771 100 33 einer
983 2770 244 33 musicalisch
1263 2769 98 35 noch
1390 2770 88 34 sehr
1505 2770 177 44 dumpfen

172 2831 83 34 Zeit
284 2831 156 33 erkannt
466 2829 75 33 und
570 2830 66 32 mit
656 2830 238 34 Riesenkraft
915 2829 174 45 verfolgt,
1119 2829 78 33 und
1227 2829 81 33 dem
1336 2829 64 33 ihn
1428 2830 79 33 sein
1527 2829 155 34 Schüler

172 2890 75 35 und
277 2888 240 46 Nachfolger,
562 2888 63 34 der
666 2889 145 44 geniale
839 2889 170 34 Director
1036 2888 158 45 Messer,
1242 2888 115 35 schon
1402 2900 40 23 so
1484 2888 97 34 nahe
1619 2899 42 34 ge-

171 2950 135 35 bracht
334 2949 76 34 hat.
1534 2960 66 22 nn.

496 3034 48 34 So
573 3032 91 35 eben
692 3033 91 34 wird
811 3045 70 22 von
905 3033 61 34 der
985 3034 304 45 Buchhandlung
1308 3035 63 33 des
1397 3035 119 33 Herrn
1547 3034 108 35 Star-

173 3106 81 35 gar
265 3095 45 34 dt
349 3096 36 32 in
414 3095 125 34 Berlin
569 3094 66 33 das
666 3093 261 35 Verzeichniss
957 3095 101 33 einer
1087 3094 240 34 werthvollen
1357 3094 222 46 Sammlung
1606 3106 71 22 von

173 3154 286 35 musicalischen
498 3153 74 35 und
603 3152 332 46 hymnologischen
966 3153 162 34 Werken
1157 3153 318 46 herausgegeben.
1524 3154 49 33 Es
1602 3158 60 29 ent-

174 3214 81 32 hält
296 3226 82 20 zum
407 3214 108 33 Theil
558 3213 67 35 den
654 3212 183 36 Nachlass
882 3213 63 34 des
988 3213 266 35 verstorbenen
1283 3214 213 34 Professors
1528 3213 151 45 Dehn,

174 3273 96 34 auch
300 3273 118 43 einige
445 3272 126 42 ältere,
612 3273 84 33 sehr
734 3272 216 34 werthvolle
978 3272 251 35 theoretische
1258 3273 137 33 Werke
1425 3284 71 22 von
1536 3275 116 32 Dres-

163 3333 99 44 ler,
299 3331 203 42 Forkel,
539 3331 215 41 Gerbert,
792 3332 205 42 Lassus,
1035 3333 226 44 Lippius,
1298 3332 258 45 Marpurg,
1586 3333 64 32 Ma-

171 3392 198 42 theson,
397 3391 266 34 Prätorius
692 3391 75 33 und
799 3391 177 34 Anderen.
1030 3393 117 33 Unter
1174 3393 70 33 den
1272 3392 297 34 Handschriften
1599 3392 82 34 sind

173 3450 339 36 bemerkenswerth
527 3462 6 21 :
564 3451 57 33 ein
649 3449 84 35 sehr
753 3450 157 34 schöner
934 3451 104 34 Brief
1056 3463 71 23 von
1154 3452 291 43 Beethoven,
1475 3453 79 33 eine
1575 3450 80 36 Com-

172 3512 171 44 position,
385 3509 433 45 Original-Handechrift
857 3521 69 22 von
971 3511 175 43 Graun,
1194 3512 76 34 drei
1300 3512 278 45 Symphonieen
1609 3523 72 23 von

173 3570 203 43 Mozart,
405 3568 492 46 Original-Handschriften,
926 3570 58 34 die
1011 3572 49 31 im
1077 3572 100 33 Stich
1207 3572 95 34 noch
1332 3572 104 35 nicht
1465 3572 217 34 erschienen

177 3630 93 37 sind.
375 3631 77 32 Das
482 3628 260 35 Verzeichniss
772 3627 144 35 enthält
946 3629 91 34 über
1065 3629 71 37 GOO
1166 3632 214 34 Nummern.

252 3731 305 37 §©l&weä°S2t.
587 3731 67 34 Am
685 3730 59 35 '2O.
774 3731 75 34 und
869 3729 58 36 21.
950 3732 75 33 Mai
1052 3734 88 33 fand
1168 3735 79 34 hier
1276 3735 65 35 das
1370 3742 95 29 erste
1494 3736 165 35 mecklen-

177 3789 200 46 burgische
404 3792 126 33 Musik
538 3792 69 33 fest
636 3791 111 34 Statt.
776 3791 56 33 Im
861 3794 121 30 ersten
1012 3791 176 37 Concerte
1217 3796 150 33 wurden
1395 3796 178 35 Mozart's
1600 3797 62 34 Sin-

181 3850 95 34 fonie
301 3852 38 32 in
369 3852 26 33 C
423 3853 66 32 mit
515 3852 104 44 Fuge
659 3851 76 33 und
764 3850 179 35 Händel'-,
973 3850 165 44 Samson,
1240 3855 51 32 im
1329 3857 155 33 zweiten
1514 3856 167 34 Weber's

181 3908 209 35 Ouvertüre
430 3921 64 23 zur
515 3909 230 47 Euryanthe,
790 3911 194 44 Wagners
1023 3921 83 23 zum
1134 3911 260 47 Tannhäuser,
1437 3914 245 37 Beethoven's

182 3968 163 33 Sinfonie
372 3970 36 32 in
437 3970 135 33 C-moll
612 3970 75 34 und
717 3969 298 35 Mendelssohn's
1044 3970 333 45 Walpurgisnacht
1402 3975 110 33 nebst
1536 3975 118 35 mehre-

178 4039 64 23 ren
273 4027 164 46 Gesang-
465 4030 74 32 und
567 4031 278 33 Vioiin-Piecen
875 4030 232 45 aufgeführt.
1165 4031 227 37 Ausserdem
1421 4035 86 33 fand
1537 4045 59 24 am
1623 4034 59 37 22.

181 4088 79 33 eine
288 4087 161 35 Matinee
477 4088 59 35 für
564 4089 300 36 Kammermusik
893 4093 111 32 Statt.

1825 346 303 39 Mftttclfteil«
2159 347 159 36 Gluck's
2346 348 194 45 Iphigenie
2572 348 35 33 in
2637 346 108 35 Aulis
2775 347 126 35 wurde
2931 358 58 24 am
3018 345 58 38 31.
3095 347 79 36 Mai
3203 348 69 36 auf

1748 409 63 33 der
1840 407 206 35 Hofbühne
2084 419 68 23 vor
2190 409 120 33 einem
2352 407 336 45 dichtgedrängten
2717 406 129 34 Hause
2885 407 68 34 mit
2993 419 95 33 ganz
3118 419 127 23 ausser-

1748 467 268 34 ordentlichem
2042 466 132 46 Erfolg
2201 466 180 46 gegeben.
2437 467 69 34 Die
2533 466 143 44 Sänger
2705 465 116 34 sahen
2850 466 79 33 sich
2957 466 105 33 nicht
3089 478 71 23 nur
3187 468 79 32 fast

1748 527 96 34 nach
1867 527 108 44 jeder
2002 527 197 34 einzelnen
2227 528 178 34 Nummer
2448 526 116 35 durch
2609 527 70 34 den
2721 529 201 32 wärmsten
2963 527 76 34 und
3076 528 188 34 lautesten

1748 586 137 34 Beifall
1912 585 164 44 belohnt,
2120 586 159 34 sondern
2320 586 152 34 wurden
2501 586 98 34 auch
2628 587 54 34 oft
2708 586 59 35 bei
2797 586 136 34 offener
2961 586 117 35 Scene
3183 586 84 35 dort

1750 646 80 33 eine
1858 645 139 34 seltene
2025 646 259 45 Erscheinung
2389 646 78 33 und
2506 646 96 34 nach
2640 647 124 43 jedem
2805 646 247 34 Actschlusse
3097 647 168 44 gerufen.

1749 705 106 34 Nach
1883 705 83 34 dem
1992 707 254 43 grossartigen
2283 705 77 34 und
2388 705 213 47 mächtigen
2631 705 250 34 Schlusschor
2916 705 64 34 der
3008 706 100 45 Oper
3146 705 116 35 brach

1751 766 65 34 das
1843 766 201 34 Publicum
2070 767 40 33 in
2138 767 105 33 einen
2273 766 149 44 langen,
2451 766 250 45 begeisterten
2728 766 116 34 Jubel
2880 778 83 30 aus,
3008 767 38 32 in
3088 766 177 34 welchem

1751 837 38 23 es
1818 825 57 34 die
1903 825 262 35 säinmtlichen
2192 826 211 35 Darsteller
2432 828 92 32 zwei
2554 827 78 34 Mal
2660 826 77 34 und
2766 826 141 34 zuletzt
2933 826 120 33 Franz
3081 825 185 43 Lachner,

1753 885 70 35 den
1851 884 315 36 hochverdienten
2194 886 155 34 Meister
2377 886 64 34 des
2470 887 135 45 Tages,
2633 885 204 36 stürmisch
2865 886 214 35 hervorrief.

2115 3615 71 50 pie

1752 3675 186 35 erschsint
1968 3676 113 45 jeden
2120 3676 171 45 Samstag
2332 3678 39 32 in
2413 3678 122 33 einem
2577 3689 145 34 ganzen
2756 3679 130 44 Bogen
2929 3678 69 33 mit
3031 3675 239 46 zwanglosen

1754 3726 191 46 Beilagen.
2052 3727 77 33 Der
2151 3727 381 46 Abonnementspreis
2552 3728 148 46 beträgt
2733 3730 59 32 für
2821 3729 64 32 das
2905 3727 185 44 Halbjahr
3118 3725 23 35 2
3157 3727 114 41 Thlr.,

1753 3777 60 35 bei
1841 3777 69 33 den
1932 3777 46 34 K.
2008 3788 140 34 preuss.
2171 3777 307 34 Post-Anstalten
2506 3777 24 37 2
2545 3779 102 33 Thlr.
2672 3779 21 35 5
2714 3779 80 45 Sgr.
2849 3779 95 33 Eine
2972 3777 168 34 einzelne
3159 3777 84 35 Num-

1753 3839 77 23 mer
1856 3826 25 36 4
1910 3828 80 45 Sgr,
2044 3828 488 45 Einrückungs-Gebühren
2561 3840 65 34 per
2653 3828 194 34 Petitzeile
2875 3828 22 36 2
2928 3829 80 45 Sgr.

1856 3876 124 36 Briefe
2006 3878 79 35 und
2103 3878 275 45 Zusendungen
2412 3879 92 34 aller
2523 3880 67 33 Art
2619 3878 149 35 werden
2795 3883 110 30 unter
2933 3879 63 34 der
3020 3878 164 36 Adresse
3212 3878 63 35 der

1754 3930 51 34 M.
1835 3928 536 46 DuMont-Schauberg'schen
2399 3930 302 46 Buchhandlung
2728 3932 38 32 in
2795 3930 100 35 Köln
2925 3930 162 35 erbeten.

1872 4029 356 37 Verantwortlicher
2255 4029 283 47 Herausgeber:
2568 4031 99 35 Prof.
2699 4029 50 38 L>
2778 4029 174 46 Bischoff
2973 4032 40 32 in
3041 4029 113 36 Köln.

1830 4082 195 46 Verleger:
2057 4080 53 36 M.
2140 4080 423 47 DuMont-Schauberg''
2568 4082 89 34 sehe
2684 4082 301 45 Buchhandlung
3013 4083 40 32 in
3081 4080 115 36 Köln.

1790 4133 189 37 Drucker:
2010 4130 495 49 MDuMont-Schauberg
2533 4134 39 34 in
2599 4133 113 44 Köln,
2751 4134 240 33 Breitstrasse
3020 4130 47 38 76
3093 4143 34 24 u.
3159 4132 62 38 78.

2284 1160 444 74 ZitkmtMoUttoCJt

1804 1326 206 44 Verlag
2046 1334 114 27 von
2187 1324 320 48 Bireltkoiif
2611 1323 306 40 Härtelist
2955 1326 258 49 lielffzifg,

1892 1386 115 34 durch
2035 1385 70 35 alle
2133 1386 124 34 Buch-
2284 1386 79 34 und
2388 1386 452 46 Musicalienhandlungen
2867 1400 45 23 zu
2940 1388 186 35 beziehen:

2168 1449 90 64 Ii
2258 1449 25 33 7
2270 1494 21 22 .
2365 1450 73 66 I.
2486 1451 286 65 JFMoza

2474 1548 70 23 von

2498 1596 188 36 •fififo'M.

1750 1654 42 34 In
1811 1653 26 36 4
1858 1653 171 34 Theilen.
2057 1653 71 34 Mit
2147 1652 21 37 5
2187 1654 213 35 Bildnissen
2427 1657 37 32 in
2485 1656 260 45 Kupferstich,
2772 1657 202 34 Facsimile
2994 1669 73 23 von
3086 1658 179 36 Mozart's

1850 1704 251 35 Handschrift
2128 1707 76 33 und
2234 1705 47 37 10
2300 1707 329 46 Noten-Beilagen.
2660 1708 294 46 Gesammtpreis
2987 1708 45 37 13
3060 1710 103 37 Thlr.

1808 1761 129 60 itcuc
2253 1783 55 42 tti
2347 1765 66 57 26
2454 1767 319 74 ftcferumjen
2812 1785 53 57 51t
2912 1770 59 62 V»
3018 1769 197 67 Sljnlcr.

1860 1849 64 35 Um
1961 1851 55 34 die
2042 1851 252 48 Anschaffung
2330 1853 111 35 dieses
2474 1854 186 46 wichtigen
2696 1855 77 34 and
2813 1856 188 45 allgemein
3043 1857 225 45 geschätzten

1759 1901 151 43 Werkes,
1949 1903 146 35 welches
2121 1905 40 33 in
2191 1905 104 45 Folge
2321 1908 116 32 seines
2472 1905 193 47 Umfanges
2692 1908 103 32 einen
2823 1908 163 34 ziemlich
3013 1908 114 35 hohen
3156 1908 109 34 Preis

1751 1954 72 42 hat,
1852 1954 151 45 iceniger
2026 1955 217 35 Bemittelten
2262 1969 44 21 zu
2326 1957 221 43 erleichtern,
2577 1957 115 35 haben
2719 1960 66 32 wir
2812 1959 77 34 eine
2916 1960 354 35 unveränderte

1753 2004 210 46 Ausgabe
2001 2005 240 36 desselben
2278 2009 46 32 in
2354 2009 321 45 Lieferungen
2711 2011 244 40 veranstaltet,
2986 2013 107 33 deren
3121 2012 70 34 alle
3221 2011 46 33 14

1756 2056 17 33 1
1783 2068 63 34 age
1873 2057 77 33 eine
1976 2058 216 45 ausgegeben
2219 2060 140 33 werden
2386 2060 79 42 soll,
2494 2073 37 21 so
2562 2061 83 33 dass
2673 2061 65 34 das
2763 2074 113 33 ganze
2913 2062 102 35 Werk
3043 2065 73 43 auf
3139 2063 129 34 diesem

1762 2108 97 45 Wege
1884 2108 131 34 binnen
2043 2110 217 44 Jahresfrist
2287 2111 139 46 erlangt
2453 2112 140 34 icerden
2622 2112 111 36 kann.

1856 2159 65 35 Die
1949 2166 88 27 erste
2064 2161 195 46 Lieferung
2295 2163 80 40 liegt
2408 2164 39 32 in
2475 2163 95 34 allen
2599 2164 304 34 icohlassortirten
2935 2164 334 45 Buchhandlungen

1751 2221 67 21 zur
1846 2210 165 34 Einsicht
2037 2223 87 31 vor;
2164 2213 66 33 wir
2257 2213 118 44 hoffen
2405 2213 66 33 das
2501 2213 100 33 Buch
2634 2215 73 42 auf
2730 2215 129 33 diesem
2894 2215 100 45 Wege
3022 2215 93 34 noch
3142 2216 40 32 in
3210 2215 56 33 die

1750 2260 127 35 Hände
1903 2262 108 34 vieler
2037 2262 143 35 Musik-
2207 2264 77 33 and
2314 2265 180 33 Literatur
2494 2265 156 43 freunde
2674 2265 172 45 gelangen
2874 2278 45 21 zu
2947 2266 119 34 sehen.

1853 2321 153 47 Leipzig,
2035 2323 49 33 im
2111 2323 93 34 Juni
2232 2322 112 37 1860.
2538 2321 679 41 M&reijfffiirt&M*.

1940 2423 138 59 Statt
2117 2423 33 58 4
2194 2425 137 73 <£l)lr.
2373 2426 58 57 12
2473 2426 137 76 %r.,
2652 2430 81 70 für

1872 2553 515 62 Componisten
2422 2558 136 48 täer

1803 2627 24 36 4
1853 2629 141 44 Bände,
2049 2632 100 34 circa
2185 2630 47 37 90
2261 2632 130 45 Bogen
2430 2632 187 35 broschirt
2665 2633 142 46 (früher
2833 2633 26 36 4
2886 2634 104 35 Thlr.
3021 2632 50 37 12
3097 2634 119 45 Ngr.),

2324 2696 113 38 jetzt
2464 2697 24 31 l
2495 2691 9 22 l
2504 2693 21 43 /
2526 2716 12 26 3
2566 2698 114 32 Tlilr.

1857 2749 106 34 Diese
1991 2750 212 46 Sammlung
2244 2753 134 34 enthält
2406 2754 55 33 die
2497 2754 204 48 Biograp
2713 2755 22 34 h
2748 2757 38 33 ie
2798 2767 50 22 en
2883 2766 69 23 von
2980 2755 51 33 22
3064 2754 204 36 Tonkünst-

1752 2799 77 34 lern
1858 2800 137 44 (Bach,
2025 2802 225 45 Schumann,
2280 2804 178 47 Spontini,
2488 2805 186 43 Schubert,
2705 2807 194 41 Boieldicu,
2930 2806 120 35 Adam
3076 2819 37 22 u.
3144 2820 28 23 s.
3201 2806 66 42 tc.)

1751 2851 78 34 und
1868 2852 220 36 Kritiken
2129 2855 98 34 ihrer
2265 2855 132 37 Werke.
2453 2857 59 34 Sie
2537 2858 71 44 gibt
2636 2859 63 33 mit
2723 2863 155 40 grösster
2908 2857 363 46 Gewissenhaftigkeit

1751 2903 76 34 und
1862 2903 299 38 Wahrheitstreue
2186 2908 55 33 die
2268 2909 340 44 umfangreichsten,
2638 2923 67 20 aus
2733 2910 270 33 authentischen
3034 2909 146 42 Quellen
3206 2921 63 33 ge-

1751 2955 184 46 schöpften
1963 2956 260 45 Nachrichten,
2253 2958 151 36 kritisirt
2432 2961 56 33 die
2516 2960 270 36 bedeutendsten
2822 2961 124 34 Werke
2975 2961 61 33 der
3065 2961 204 35 berühmten

1757 3006 235 35 7onliünstler
2019 3010 78 33 und
2116 3010 117 43 liefert
2254 3012 103 32 somit
2385 3013 101 33 eine
2517 3013 279 34 Geschichte
2825 3013 77 33 der
2931 3025 205 22 neueren
3165 3012 104 34 Mu-

1751 3058 81 35 sik.
1876 3059 107 34 Jeder
2011 3060 147 35 Freund
2187 3062 61 33 der
2283 3062 193 43 Tonkunst,
2511 3064 104 43 jeder
2643 3065 181 39 wahrhaft
2855 3064 176 34 Gebildete
3059 3064 91 34 wird
3178 3064 93 34 diese

1750 3109 131 34 schöne
1898 3110 212 47 Sammlung
2129 3125 44 21 zu
2201 3125 44 21 so
2274 3125 81 22 eno
2367 3127 19 20 r
2396 3126 33 21 m
2458 3114 209 45 billigem
2688 3116 164 34 Preise
2877 3117 124 43 gewiss
3017 3128 89 33 gern
3122 3116 149 43 kaufen.

1855 3161 54 34 7JU
1938 3162 160 35 beziehen
2128 3164 116 34 durch
2263 3164 84 46 jede
2369 3165 122 34 Buch-
2514 3168 77 32 und
2614 3167 406 46 Musicalienhandlung
3049 3168 85 34 oder
3158 3179 110 34 gegen

1752 3211 236 48 Einsendung
2016 3215 60 34 des
2105 3215 165 46 Betrages
2300 3216 149 35 direct
2474 3230 70 21 von

2366 3267 164 38 iE*wit
2554 3269 364 37 EPeefatMlMUM
2944 3271 40 33 in
3013 3269 154 48 Leipzig„

1858 3365 84 35 Alle
1981 3366 40 34 in
2059 3366 120 34 dieser
2208 3367 303 47 Musik-Zeitung
2550 3367 275 45 besprochenen
2853 3367 81 35 und
2962 3367 305 47 angekündigten

1755 3417 224 35 Musicalien
2009 3423 62 29 etc.
2101 3417 87 35 sind,
2231 3430 45 22 zu
2311 3418 171 35 erhalten
2515 3419 42 33 in
2585 3418 69 34 der
2680 3423 86 29 stets
2793 3417 226 47 vollständig
3047 3419 221 35 assortirten

1756 3468 462 46 Musicalien-Handlung
2242 3469 81 33 und
2351 3469 242 34 Leihanstalt
2620 3482 72 21 von
2710 3469 309 33 BERNHARD
3039 3468 230 36 BREUER

1755 3518 40 35 in
1824 3519 114 43 Köln,
1967 3518 247 35 Hochstrasse
2242 3519 73 36 Nr.
2346 3523 59 32 97.
