3462 4391
348 195 1412 208 Mcdcnliciiiisclic
1902 210 1153 254 Musik-Zeitung

207 472 15 13 •
856 482 8 7 .
1142 476 10 7 %
1188 466 4 26 •
1220 466 4 26 •
1272 476 13 16 ..

995 503 117 119 fät
1178 505 559 119 Itrastfmtniie
1800 508 143 116 ttnü
2009 508 393 119 Ifinstler.

523 725 5 5 '
542 725 4 19 *
735 735 5 4 -
910 734 8 4 ~
1475 737 5 6 ,
1515 725 4 19 .
1548 734 17 10 |.
1574 738 6 5 „
1785 725 12 7 •'
1817 737 5 4 .
2279 730 10 9 •

139 750 412 64 Herausgegeben
595 768 93 34 von
730 753 254 54 Professor
1026 751 65 59 L.
1143 753 276 77 Bischoff.
1578 759 182 65 Verlag
1800 760 87 50 der
1929 755 78 57 M.
2058 753 605 77 DuMoftt-Schauberg
2681 763 146 47 sehen
2866 764 397 64 Buchhandlung.

213 900 74 51 \r.
331 900 83 52 29.

1409 900 178 76 KÖLN,
1625 911 82 54 22.
1748 913 108 52 Juli
1900 914 135 53 1805.

2757 917 120 53 XIII.
2919 918 273 71 Jahrgang.

231 1078 226 34 Inhalt.

1808 1074 8 5 -
2060 1069 6 5 *
2188 1069 9 9 •

497 1080 73 34 Die
600 1081 198 35 Wahrheit
824 1083 93 34 über
945 1085 224 46 Meyerbeer
1197 1087 77 34 und
1305 1087 58 35 die
1393 1089 250 34 Africanerin.
1673 1089 84 35 Von
1786 1091 180 47 Joseph
1996 1085 332 53 d'Ortigue."—
2358 1094 187 33 Johann
2576 1094 256 35 Sebastian
2860 1096 141 35 Bach.
3032 1097 82 35 Von
3151 1097 41 37 C.
3214 1098 53 35 H.

130 1140 166 34 Bitter.
325 1139 68 34 111.
509 1141 162 35 Priester
699 1141 256 37 Musikleben.
1065 1145 202 36 Curiosa
1295 1148 81 44 (Dr.
1406 1149 39 34 J.
1474 1149 43 34 N.
1548 1146 171 38 Forkel's
1750 1149 292 47 Aeusserungen
2071 1150 94 36 über
2190 1153 221 33 Beethoven
2441 1153 77 34 und
2546 1153 173 45 Mozart).
2825 1155 177 46 Tages-
3044 1159 94 33 und
3172 1158 64 34 Un-

130 1198 459 46 terhaltungsblatt
633 1200 129 45 (Jena,
795 1202 185 36 Händel's
1012 1205 183 46 „Messias
1202 1206 7 17 1
1211 1212 7 11 '
1326 1209 101 42 Ems,
1756 1220 75 24 von
1859 1211 39 36 J.
1927 1210 214 38 Offenbach
2273 1212 206 36 Frankfurt
2507 1224 61 23 am
2593 1214 118 45 Main,
2752 1212 174 47 Haydn's

205 1258 127 34 Anton
362 1258 226 36 Kubinstein
696 1262 125 47 Wien,
851 1263 40 35 F.
923 1263 155 36 Hiller's

129 1412 87 53 Die
244 1411 264 55 Wahrheit
549 1413 135 55 über
724 1414 296 73 Meyerbeer
1058 1419 106 54 und
1207 1421 83 53 die
1321 1421 332 56 Africanerin.

563 1539 83 34 Von
687 1541 185 45 Joseph
918 1541 251 48 d’Ortigue

1181 1543 50 46 *)•

240 1648 201 48 Obwohl
474 1650 69 48 die
956 1658 82 45 seit
1065 1659 108 47 zwei
1206 1661 216 47 Monaten
1453 1677 79 31 ans
1563 1662 59 46 Ta-

126 1726 186 63 geslicht
341 1736 225 54 getreten,
609 1746 49 31 so
702 1731 54 47 ist
797 1750 46 29 es
887 1733 114 48 doch
1047 1738 114 44 noch
1208 1738 122 47 nicht
1370 1738 85 47 hell
1490 1756 72 29 um
1594 1738 61 48 sie

124 1804 273 62 geworden;
437 1822 45 31 es
514 1807 108 47 fehlt
651 1810 114 45 noch
798 1826 54 30 an
878 1811 131 63 jener
1041 1814 214 64 ruhigen,
1286 1816 367 62 unparteiischen

124 1882 333 64 Beleuchtung,
496 1884 70 47 die
597 1901 46 30 es
674 1887 131 46 allein
837 1891 194 59 möglich
1066 1893 168 53 macht,
1272 1893 69 46 ein
1377 1893 275 47 Kunstwerk

122 1958 42 48 in
194 1960 149 46 seiner
373 1962 188 46 wahren
594 1963 174 48 Gestalt
804 1983 52 28 zu
896 1969 230 45 erkennen
1173 1971 88 44 und
1301 1971 152 46 seinen
1488 1971 164 47 Werth

121 2052 51 30 zu
207 2036 285 51 bestimmen.
528 2040 102 46 Wir
657 2041 211 48 befinden
901 2061 81 30 uns
1013 2046 115 47 noch
1162 2047 41 46 in
1236 2047 79 46 der
1345 2049 207 53 Periode,
1584 2065 70 32 wo

123 2130 105 30 man
269 2114 116 46 eben
423 2133 49 29 so
510 2118 106 44 sehr
644 2136 146 45 gegen
824 2121 69 46 die
927 2123 302 63 unüberlegte
1348 2126 97 45 hier
1476 2126 89 46 und
1598 2126 55 47 da

119 2189 149 48 indess
300 2193 118 46 wohl
449 2194 238 62 überlegte
720 2197 88 46 und
842 2198 272 48 berechnete
1218 2202 343 64 Begeisterung,
1591 2205 62 45 als

120 2284 147 47 gegen
313 2269 70 47 die
423 2272 411 49 leidenschaftliche
868 2277 440 63 Herabwürdigung
1338 2280 80 46 auf
1444 2281 80 46 der
1559 2282 94 45 Hut

120 2345 92 46 sein
258 2362 136 31 muss.
451 2348 136 46 Trotz
639 2350 156 47 beider
840 2354 110 45 wird
1002 2354 70 47 die
1521 2358 129 47 ihren

120 2423 133 63 Rang
285 2423 142 47 durch
461 2426 69 46 die
561 2427 257 48 öffentliche
851 2430 190 48 Stimme
1085 2441 131 40 unter
1257 2434 85 47 den
1375 2436 155 63 Opern
1576 2435 76 48 des

120 2500 206 47 Meisters
369 2503 91 45 und
505 2512 131 39 unter
686 2505 85 47 den
816 2508 463 51 Kunst-Denkmalen
1324 2529 188 31 unserer
1553 2514 100 47 Zeit

121 2578 288 57 einnehmen,
453 2581 90 46 und
587 2585 172 45 sowohl
805 2586 80 46 der
919 2587 284 48 Weihrauch
1248 2590 64 46 als
1355 2590 70 47 die
1469 2592 151 46 Herab-

120 2663 183 56 setzung
336 2658 183 47 werden
564 2659 111 48 dazu
721 2662 252 62 beitragen,
1013 2666 69 46 ihr
1112 2666 70 47 die
1223 2667 190 65 richtige
1443 2670 207 62 Stellung

122 2735 298 48 anzuweisen.
466 2739 85 44 Am
588 2739 126 46 Ende
745 2742 111 46 wird
890 2742 70 46 die
1385 2746 139 48 selbst
1553 2747 97 47 ihre

121 2811 156 64 eigene
312 2813 362 66 Verteidigung
708 2818 90 47 und
827 2819 97 47 ihre
956 2820 158 63 eigene
1146 2823 146 46 Kritik
1323 2824 107 47 sein.

223 3006 36 47 *)
288 3009 78 34 Der
394 3009 178 34 Aufsatz:
605 3035 17 19 n
628 3007 63 36 La
720 3007 125 36 V&rit6
870 3020 68 23 sur
966 3009 225 46 Meyerbeer
1220 3010 23 37 b
1265 3022 145 34 projoos
1438 3012 46 36 de
1512 3013 115 47 VAfri-

119 3066 108 36 caine
235 3068 16 17 u
255 3095 8 16 ,
295 3069 223 34 erschienen
548 3070 50 32 im
627 3066 62 38 29.
721 3070 130 33 Bande
882 3067 50 47 (2.
962 3070 93 33 Heft
1082 3083 87 22 vom
1199 3069 61 37 25.
1292 3073 111 46 Juni)
1446 3075 65 33 der
1551 3076 80 34 Zeit-

117 3127 131 34 schrift
277 3127 84 45 „Le
392 3128 313 46 Correspondant
710 3128 16 18 u
771 3129 49 34 ist
862 3142 71 21 uns
971 3141 74 23 von
1082 3129 83 35 dem
1203 3131 122 35 Herrn
1357 3133 207 45 Verfasser,
1611 3136 40 34 in

118 3188 180 35 welchem
343 3191 68 32 wir
451 3190 117 34 schon
613 3190 128 46 längst
783 3192 111 33 einen
938 3191 65 34 der
1039 3192 238 45 gründlichst
1317 3193 214 46 gebildeten
1573 3197 77 33 und

117 3248 350 47 unheilsfähigsten
511 3250 174 35 Musiker
725 3251 78 34 und
852 3252 295 34 musicalischen
1192 3253 273 36 Schriftsteller
1504 3256 121 35 Frank-

115 3309 122 34 reichs
258 3310 193 44 schätzen,
482 3311 218 46 persönlich
730 3312 231 47 mitgetheilt
990 3314 166 43 worden,
1185 3315 77 34 und
1293 3316 67 33 wir
1386 3315 147 35 beeilen
1563 3329 83 32 uns,

115 3369 63 34 ihn
206 3382 162 23 unseren
398 3372 141 34 Lesern
587 3373 229 46 zugänglich
848 3385 47 23 zu
924 3375 174 41 machen,
1145 3375 96 34 denn
1286 3376 168 35 derselbe
1493 3377 50 34 ist
1584 3380 68 33 auf

116 3430 81 35 dem
227 3432 158 34 Gebiete
416 3433 65 34 der
507 3434 179 45 heutigen
717 3435 285 34 französischen
1033 3435 126 34 Kritik
1202 3436 188 45 geradezu
1425 3439 59 32 ein
1515 3439 109 45 Ereig-

119 3493 87 34 niss.
237 3495 68 32 Ein
324 3504 40 24 so
382 3494 291 48 selbständiges,
693 3497 68 33 auf
773 3497 188 45 richtigen
981 3496 262 35 Grundsätzen
1263 3499 91 32 über
1373 3498 58 33 die
1451 3500 175 34 Erforder-

112 3554 100 34 nisse
237 3554 64 35 des
331 3556 177 35 Schönen
539 3557 36 33 in
607 3556 65 34 der
700 3556 129 36 Musik
858 3557 76 34 und
963 3556 208 36 besonders
1206 3558 38 33 in
1275 3558 65 34 der
1367 3559 277 35 dramatischen

112 3612 245 46 beruhendes,
382 3617 99 34 ohne
501 3616 211 35 Rücksicht
734 3618 67 33 auf
816 3617 133 45 irgend
970 3617 144 34 welche
1131 3618 244 35 Convenienz
1397 3619 88 34 oder
1503 3620 119 35 Conni-

110 3684 93 24 venz
220 3678 350 44 ausgesprochenes
589 3677 146 35 Urtheil
750 3677 92 35 über
857 3678 222 46 Meyerbeer
1095 3679 47 33 ist
1157 3679 39 33 in
1214 3679 230 35 Frankreich
1467 3681 97 34 noch
1584 3683 60 33 nie

110 3745 245 26 vernommen
387 3737 163 34 worden.
595 3737 127 34 Schon
755 3738 220 45 desswegen
1003 3738 172 33 verdient
1199 3739 66 34 der
1291 3739 253 36 vortreffliche
1574 3742 47 33 Ar-

108 3794 93 35 tikel
230 3797 96 35 auch
355 3798 39 33 in
426 3796 260 35 Deutschland
715 3798 239 45 Beachtung,
989 3810 109 22 wenn
1131 3799 98 33 auch
1260 3799 59 34 die
1349 3800 179 34 deutsche
1559 3801 63 33 Kri-

109 3855 53 34 tik
204 3858 38 32 in
286 3858 64 34 der
393 3857 303 36 Charakteristik
729 3858 256 46 Meyerbeer's
1025 3858 128 46 längst
1196 3860 193 35 dieselben
1431 3861 209 35 Ansichten

108 3916 150 45 geltend
287 3919 179 46 gemacht
493 3919 74 44 hat,
609 3919 143 36 welche
783 3921 64 33 der
874 3920 259 34 französische
1163 3921 170 35 Kritiker
1355 3923 106 43 jetzt,
1507 3923 134 33 mitten

107 3977 38 33 in
175 3979 64 34 der
267 3980 184 35 höchsten
479 3980 91 35 Flut
599 3980 65 35 der
691 3982 145 44 pariser
875 3980 190 43 Reclame,
1109 3982 130 33 seinen
1281 3982 257 35 Landsleuten
1582 3984 58 33 ins

110 4037 154 36 Gesicht
292 4052 48 22 zu
368 4052 116 35 sagen
515 4041 70 34 den
613 4041 110 35 Muth
755 4041 74 35 hat.
861 4040 211 35 Besonders
1093 4042 227 34 interessant
1342 4043 146 34 dürften
1511 4053 130 23 ausser

108 4095 81 37 dem
218 4099 253 47 allgemeinen
500 4101 126 34 Inhalt
654 4102 96 33 auch
781 4102 60 33 die
868 4100 140 47 Belege
1039 4102 96 33 dazu
1163 4103 93 41 sein,
1302 4102 60 35 die
1392 4102 64 34 der
1484 4102 132 34 Verfas-

107 4168 57 24 ser
191 4161 36 33 in
260 4162 63 34 der
352 4163 240 35 Africanerin
621 4164 220 34 nachweist.
1133 4164 88 34 Die
1257 4164 275 34 Redaction.

1865 1430 121 45 Hört
2016 1445 103 30 man
2151 1428 112 49 aber
2292 1428 71 49 die
2391 1430 208 54 Meisten,
2630 1431 170 47 welche
2822 1430 69 48 die
2909 1431 126 65 Oper
3064 1432 197 64 gesehen

1751 1503 166 57 haben,
1947 1522 48 32 so
2024 1507 118 46 steht
2171 1507 98 46 ihre
2300 1507 217 64 Meinung
2547 1506 203 48 darüber
2781 1508 94 47 lest.
2935 1510 104 47 Wir
3070 1511 169 46 Franzo-

1748 1599 77 30 sen
1853 1583 96 49 sind
1983 1583 103 47 bald
2124 1583 131 65 fertig
2291 1585 80 48 mit
2400 1601 209 31 unserem
2642 1583 185 49 Verdict
2857 1586 114 47 über
2999 1586 70 47 ein
3101 1587 142 47 Kunst-

1751 1661 141 56 werk,
1920 1662 99 47 sei's
2049 1662 196 56 Roman,
2275 1662 191 56 Drama,
2498 1661 233 56 Gemälde,
2759 1662 219 48 Partitur.
3037 1663 107 49 Wir
3172 1665 76 47 wis-

1748 1753 75 32 sen
1868 1738 164 64 gleich,
2075 1755 157 31 woran
2275 1739 83 46 wir
2399 1738 113 48 sind.
2565 1739 62 46 Es
2660 1739 158 47 würde
2857 1739 116 47 mich
3013 1739 139 49 selbst
3191 1757 82 47 gar

1748 1814 122 47 nicht
1900 1814 240 58 wundern,
2169 1832 132 31 wenn
2331 1816 126 47 Viele
2488 1816 91 47 sich
2611 1816 68 47 ihr
2711 1816 172 48 Urtheil
2913 1817 137 47 schon
3082 1832 79 32 vor
3190 1817 81 48 der

1750 1892 301 63 Aufführung
2081 1893 186 47 zurecht
2295 1893 213 64 gemacht
2537 1894 170 54 hätten,
2736 1892 79 48 das
2844 1893 234 48 entweder
3107 1893 166 50 lobend

1750 1969 110 49 oder
1891 1971 80 45 mit
2002 1969 267 59 Vorbehalt,
2306 1969 239 65 jedenfalls
2582 1971 204 47 elastisch
2828 1972 229 62 abgefasst
3086 1972 187 48 worden

1750 2052 138 51 wäre,
1931 2065 75 29 um
2049 2047 93 48 sich
2187 2047 86 48 den
2314 2049 226 63 etwaigen
2573 2047 392 65 Widersprüchen
3015 2066 52 29 zu
3115 2049 157 64 fügen.

1751 2126 93 45 Für
1873 2123 71 48 die
1972 2124 146 47 Leute
2148 2141 84 32 von
2267 2124 127 49 Welt
2430 2124 143 49 reicht
2602 2124 79 47 das
2720 2124 105 49 hin:
2870 2126 76 45 für
2987 2126 62 47 sie
3096 2126 53 47 ist
3192 2126 81 48 der

1750 2202 122 45 Kern
1902 2200 80 49 der
2015 2203 147 60 Frage
2192 2200 71 49 die
2293 2202 324 47 Anwesenheit
2658 2202 71 47 bei
2772 2202 81 48 der
2891 2211 148 39 ersten
3073 2203 175 48 Vorstel-

1747 2279 108 62 lung
1888 2278 90 47 und
2010 2279 70 47 die
2110 2279 338 64 Vorbereitung
2486 2279 122 47 einer
2639 2281 212 46 Antwort
2886 2279 80 48 auf
2992 2279 70 48 die
3093 2281 176 63 Frage:

1757 2357 149 54 „Was
1936 2357 152 45 halten
2118 2357 74 47 Sie

1861 2434 180 47 Anders
2095 2434 187 55 freilich,
2325 2451 94 30 wer
2479 2434 70 47 ein
2607 2434 254 47 wirkliches
2904 2434 174 48 Urlheil
3134 2434 136 48 fällen

1743 2510 97 49 soll.
1900 2512 62 45 Er
1991 2512 146 54 weiss,
2174 2512 101 48 dass
2320 2529 102 30 man
2455 2512 114 47 über
2598 2512 98 47 eine
2728 2512 308 63 Composition
3067 2527 82 32 von
3180 2513 65 46 sol-

1745 2589 130 46 chem
1902 2589 224 65 Umfange
2151 2589 130 47 keine
2303 2588 350 48 entscheidende
2674 2589 192 47 Stimme
2894 2588 208 65 abgeben
3134 2588 136 57 kann,

1747 2665 139 49 bevor
1916 2683 102 31 man
2048 2667 62 47 sie
2140 2667 63 47 oft
2232 2684 153 46 genug
2414 2667 180 63 gehört,
2634 2665 142 49 damit
2804 2665 81 49 der
2914 2665 242 56 Verstand,
3187 2667 55 47 ab-

1743 2743 198 63 gesehen
1972 2759 82 32 von
2086 2744 80 47 der
2195 2745 308 63 Ausführung
2542 2744 89 47 und
2663 2744 79 47 der
2768 2744 349 47 theatralischen
3152 2743 87 48 Vor-

1743 2822 214 63 stellung,
1985 2822 91 47 sich
2119 2822 94 48 rein
2259 2822 362 47 musicalisch
2667 2820 329 49 Rechenschaft
3036 2838 85 31 von
3164 2820 105 49 dem

1746 2898 181 48 Ganzen
1958 2899 149 63 geben
2138 2900 167 55 könne,
2344 2916 81 30 von
2458 2899 80 47 der
2569 2898 296 64 Vertheilung
2898 2899 40 46 in
2969 2900 175 46 Scenen
3176 2896 94 50 und

1746 2978 112 45 Acte
1888 2976 89 47 und
2010 2976 122 47 ihrer
2165 2976 316 63 Verbindung,
2529 2993 82 30 von
2653 2975 85 48 den
2776 2976 296 55 Recitativen,
3112 2976 159 56 Arien,

1747 3054 282 56 Ensembles,
2052 3070 82 31 von
2160 3053 84 48 den
2278 3053 367 48 bedeutenderen
2672 3053 359 56 Modulationen,
3060 3053 82 48 der
3162 3054 81 47 wie-

1745 3131 236 49 derholten
2014 3131 306 65 Anwendung
2359 3131 215 63 gewisser
2602 3130 184 56 Motive,
2830 3147 84 31 von
2945 3130 80 48 der
3057 3130 180 47 Behand-

1745 3209 108 65 lung
1883 3209 81 47 der
1994 3210 340 62 Singstimmen,
2372 3225 83 31 von
2498 3209 85 47 den
2615 3208 425 64 Klangwirkungen
3069 3208 76 48 des
3176 3208 59 48 Or-

1743 3286 215 55 chesters,
1988 3304 83 31 von
2103 3286 77 47 der
2215 3285 403 50 Verschiedenheit
2646 3285 82 48 der
2757 3286 278 65 Rhythmen,
3073 3302 83 31 von
3187 3285 80 47 der

1748 3365 139 47 Wahl
1919 3365 80 47 der
2029 3366 249 54 Tonarten,
2320 3382 77 30 vor
2429 3365 147 47 Allem
2620 3380 83 32 von
2742 3364 81 48 der
2851 3365 146 47 Natur
3039 3363 77 48 des
3145 3363 122 55 Stils,

1742 3459 83 31 von
1868 3443 85 47 den
1986 3441 527 50 Grundbestandteilen
2552 3441 143 49 dieses
2730 3441 103 47 Stils
2881 3440 90 48 und
3015 3440 101 48 dem
3153 3440 85 48 Ver-

1742 3520 158 48 fahren
1931 3520 75 48 des
2039 3520 337 65 Componisten.
2433 3520 84 47 Die
2550 3519 146 47 Kritik
2736 3519 80 48 soll
2856 3517 85 49 den
2973 3517 148 49 Effect
3150 3517 119 50 nach

1740 3597 101 47 dem
1877 3597 199 50 Werthe
2113 3599 79 47 der
2223 3599 158 53 Mittel,
2422 3596 71 48 die
2533 3596 113 48 dazu
2677 3595 239 49 verwandt
2943 3595 115 57 sind,
3100 3595 141 48 würdi-

1738 3693 87 44 gen
1856 3676 89 47 und
1978 3678 40 45 in
2051 3676 70 47 die
2151 3675 311 63 Betrachtung
2505 3674 80 48 der
2620 3674 196 58 Quellen
2856 3674 254 56 desselben,
3152 3674 40 47 d.
3223 3672 43 49 h.

1738 3752 78 49 des
1854 3752 364 65 schöpferischen
2249 3751 291 55 Gedankens,
2584 3751 81 47 der
2706 3751 357 48 künstlerischen
3107 3750 133 63 Begei-

1736 3840 188 56 sterung
1962 3832 90 47 sich
2098 3832 226 47 vertiefen.
2378 3831 55 47 Je
2463 3830 130 48 mehr
2621 3829 314 49 Nachdenken
2968 3827 90 49 und
3087 3827 177 56 Arbeit,

1737 3909 178 48 Geduld
1973 3910 90 47 und
2108 3909 361 48 Beharrlichkeit
2517 3924 85 32 von
2648 3909 151 47 Seiten
2843 3907 79 47 des
2969 3907 169 47 Autors
3186 3905 71 47 ein

1738 3986 148 48 Werk
1917 3986 244 53 offenbart,
2201 3986 125 47 desto
2358 3986 130 47 mehr
2518 3985 105 48 darf
2646 4001 50 32 er
2725 3985 70 47 die
2824 3984 235 47 ähnlichen
3093 3982 140 65 Eigen-

1732 4065 201 47 schaften
1981 4065 67 47 bei
2090 4080 95 39 uns,
2231 4081 131 31 wenn
2404 4065 82 46 wir
2526 4080 45 31 es
2609 4062 284 49 beurtheilen
2938 4060 181 56 wollen,
3161 4075 73 32 ver-

1733 4142 178 64 langen.

2960 4216 63 49 29
