2248 3716
903 177 222 36 FRÉDÉRIC
1162 187 201 26 SMETANA

2070 176 71 48 565

174 277 123 41 Deux
319 282 166 36 années
528 282 145 47 après,
700 277 38 40 le
781 282 157 36 maître
973 282 187 38 termina
1199 281 38 39 le
1263 295 18 25 2
1287 288 13 16 e
1330 290 93 32 acte
1467 280 305 54 (Epousailles
1813 281 55 39 de
1914 280 228 53 Libusse).

119 345 152 50 Enfin,
295 361 53 26 en
371 350 118 48 1871,
517 347 118 40 alors
661 360 86 38 que
764 355 101 31 tous
889 346 63 40 les
978 346 238 54 Tchèques
1239 352 228 50 croyaient
1489 364 86 38 que
1602 350 266 52 l'empereur
1910 350 237 50 François-

117 414 170 56 Joseph
311 430 46 27 se
380 415 128 42 ferait
538 428 254 29 couronner
814 416 63 40 roi
903 416 52 39 de
974 416 216 51 Bohême,
1213 419 28 39 il
1265 421 78 38 mit
1368 433 55 26 au
1457 421 126 50 point
1610 419 38 40 le
1677 434 18 36 3
1703 427 12 15 e
1747 428 93 31 acte
1872 417 273 53 (Prédiction

120 485 54 39 de
197 484 229 54 Libusse),
473 494 119 31 sorte
615 484 290 52 d'apothéose
928 484 53 40 de
1014 485 39 39 la
1095 488 286 39 renaissance
1404 487 207 41 bohème.

176 553 119 41 Avec
309 554 63 40 les
388 555 108 40 trois
518 558 158 47 opéras
700 554 232 51 comiques
974 555 75 50 qui
1073 556 218 40 suivirent
1319 560 21 36 à
1377 557 78 40 des
1479 557 262 40 intervalles
1761 557 53 40 de
1837 557 113 40 deux
1981 561 164 36 années

120 621 323 42 l'achèvement
477 623 59 40 du
556 637 17 36 3
580 627 15 17 e
619 630 95 32 acte
750 621 53 40 de
836 621 193 48 Libusse,
1062 622 60 40 les
1156 623 127 40 Deux
1314 624 158 41 Veuves
1492 624 10 53 [
1515 624 138 53 1874),
1688 626 36 39 le
1745 625 154 40 Baiser
1922 625 11 53 {
1947 625 137 52 1876),
2111 626 36 39 le

120 690 146 41 Secret
288 692 10 49 [
313 690 138 55 1878),
473 690 212 42 Smetana
710 689 169 42 fournit
896 704 88 26 une
1004 692 210 40 nouvelle
1238 706 165 39 preuve
1420 694 53 39 de
1496 694 38 39 la
1559 694 233 52 souplesse
1809 695 54 39 de
1883 708 83 26 son
1990 695 152 39 talent.

176 760 80 40 Les
274 760 126 40 Deux
430 759 157 41 Veuves
594 793 8 16 ,
630 760 223 39 ravissant
871 758 180 41 tableau
1079 760 54 40 de
1156 760 39 40 la
1218 762 71 38 vie
1318 762 206 49 élégante
1713 762 151 53 actes),
1892 776 45 27 se
1958 776 162 39 rappro-

122 829 145 50 chent,
284 844 80 37 par
386 829 39 40 le
449 829 127 52 style,
603 829 53 39 de
679 827 165 53 l'opéra
866 830 208 50 comique
1097 828 211 51 français,
1328 843 137 36 genre
1488 829 170 40 Auber.
1687 830 124 40 Dans
1828 832 63 39 les
1910 832 179 40 chœurs
2105 840 41 32 et

121 898 63 40 les
208 898 164 40 danses
393 911 58 27 on
475 906 155 32 trouve
651 897 219 52 quelques
896 898 345 40 réminiscences
1258 898 54 40 de
1335 898 42 38 la
1395 897 185 40 Fiancée
1601 899 178 39 vendue.

175 965 65 41 La
274 967 188 51 critique
493 966 80 40 fait
594 968 219 39 certaines
851 971 200 35 réserves
1079 980 52 26 au
1174 967 114 51 sujet
1324 966 53 40 de
1406 966 40 40 la
1487 966 300 41 déclamation
1812 968 231 46 musicale,
2070 970 76 49 qui

120 1043 65 32 est
205 1050 60 25 un
288 1048 84 39 peu
397 1036 251 51 imprécise,
679 1044 175 31 surtout
878 1034 234 53 lorsqu'on
1145 1034 39 40 la
1218 1044 88 31 met
1323 1048 55 27 en
1400 1035 216 52 parallèle
1645 1049 105 26 avec
1778 1035 37 40 le
1835 1034 154 40 Baiser
1995 1068 9 18 ,
2031 1042 56 33 où
2107 1036 38 39 la

120 1104 153 51 parole
295 1113 41 31 et
360 1104 39 40 le
422 1105 152 39 dessin
594 1105 54 39 de
681 1105 39 39 la
746 1104 164 52 phrase
932 1103 253 53 s'adaptent
1227 1103 375 42 admirablement
1639 1109 22 35 à
1704 1104 38 40 la
1780 1105 224 51 musique.

176 1171 87 42 Les
293 1174 337 39 combinaisons
653 1173 282 52 rythmiques
958 1182 41 31 et
1028 1173 284 52 mélodiques
1362 1173 251 41 donnèrent
1651 1175 54 38 ici
1736 1175 238 38 naissance
2011 1178 21 35 à
2070 1173 77 40 des

121 1240 166 42 formes
310 1242 240 40 musicales
574 1247 87 35 très
686 1244 241 38 curieuses.
972 1240 190 44 Comme
1185 1242 113 40 dans
1338 1242 40 40 la
1412 1241 185 40 Fiancée
1623 1242 163 40 vendue
1791 1273 10 16 ,
1840 1242 39 39 le
1914 1246 158 36 maître
2102 1254 45 27 se

121 1319 222 43 retrempe
365 1325 83 26 aux
472 1324 181 27 sources
678 1312 275 51 populaires.
983 1309 72 43 On
1089 1325 241 37 remarque
1373 1311 249 52 cependant
1658 1326 60 25 un
1769 1312 145 49 grand
1959 1315 187 47 progrès

120 1379 111 40 dans
253 1380 39 39 le
316 1380 110 51 style
450 1391 9 38 ;
480 1380 35 38 le
530 1379 154 40 Baiser
705 1388 67 32 est
793 1380 97 51 déjà
913 1394 60 26 un
997 1380 361 40 acheminement
1381 1393 100 27 vers
1524 1380 40 40 la
1588 1380 204 40 comédie
1812 1379 215 41 musicale
2049 1390 7 28 :

559 1512 161 41 CHANT
754 1527 56 25 DE
843 1527 52 25 LA
927 1526 140 33 JEUNE
1101 1527 125 25 FILLE
1260 1512 154 48 BARÇA
1448 1510 75 53 [Le
1551 1510 169 53 Baiser)

174 1835 124 41 Dans
321 1835 36 40 le
379 1834 145 41 Secret
531 1867 7 16 ,
564 1848 153 28 œuvre
740 1835 54 39 de
824 1835 86 51 joie
939 1842 41 32 et
1006 1834 54 40 de
1082 1837 149 47 grâce,
1270 1842 95 32 tout
1398 1836 260 50 imprégnée
1701 1834 53 39 de
1796 1834 40 38 la
1877 1833 151 51 poésie
2060 1832 63 39 vil-

120 1905 214 50 lageoise,
380 1904 39 41 le
464 1908 159 37 maître
658 1903 216 42 s'attache
915 1903 409 52 particulièrement
1384 1907 21 35 à
1457 1903 166 49 élargir
1684 1902 38 39 le
1784 1903 191 51 pouvoir
2022 1898 97 42 d'ex-

120 1975 223 51 pression.

176 2041 87 41 Les
283 2041 168 52 figures
490 2050 101 32 sont
625 2041 269 41 solidement
928 2044 184 43 tracées,
1158 2041 39 39 la
1235 2040 301 41 déclamation
1566 2048 66 31 est
1669 2037 290 53 impeccable,
1985 2038 40 39 la
2051 2051 62 26 mu-

120 2114 129 50 sique
272 2111 145 52 pleine
442 2111 53 40 de
517 2124 132 27 verve
673 2120 41 30 et
734 2109 194 41 d'action
952 2123 7 26 :

175 2232 152 41 MOTIF
362 2247 59 27 DU
456 2232 188 42 TRÉSOR
680 2232 75 51 [Le
787 2231 165 52 Secret)
1265 2230 154 40 MOTIF
1453 2245 56 25 DE
1544 2230 172 40 KALINA
1747 2229 80 53 (Le
1859 2229 161 52 Secret)

176 2626 62 41 Le
262 2629 194 50 premier
479 2634 109 42 acte,
613 2631 87 36 très
725 2627 143 39 réussi
890 2640 55 25 au
966 2627 125 50 point
1131 2625 54 40 de
1213 2637 87 28 vue
1322 2625 299 51 dramatique,
1644 2623 182 53 produit
1841 2622 300 53 l'impression

120 2704 118 32 nette
262 2697 54 39 de
339 2695 39 40 la
398 2697 71 38 vie
490 2695 265 50 villageoise
780 2707 105 28 avec
911 2695 39 39 le
971 2694 180 40 charme
1173 2693 54 41 de
1250 2707 47 26 sa
1320 2695 213 51 poétique
1556 2696 190 37 naïveté.

174 2763 64 41 La
264 2764 204 41 dernière
485 2778 153 26 œuvre
663 2764 285 51 dramatique
971 2763 53 40 de
1049 2761 216 42 Smetana
1292 2773 11 42 {
1308 2762 59 39 Le
1388 2761 190 41 Château
1603 2759 205 42 enchanté
1813 2758 28 55 ),
1881 2768 64 32 cet
1986 2760 156 41 ultime

122 2843 325 43 rayonnement
466 2834 54 39 de
537 2833 39 40 la
593 2846 127 27 muse
753 2833 59 39 du
837 2837 161 35 maître
1028 2832 205 52 tchèque,
1267 2830 65 41 fut
1373 2844 129 37 reçue
1543 2843 124 28 assez
1709 2829 269 40 froidement
1999 2843 80 38 par
2102 2829 40 40 le

120 2902 168 52 public,
314 2907 22 35 à
367 2915 134 28 cause
540 2902 58 40 du
623 2915 87 39 peu
734 2901 204 41 d'intérêt
957 2909 41 32 et
1014 2901 59 40 du
1106 2914 199 38 manque
1327 2900 54 40 de
1404 2900 136 40 clarté
1555 2900 59 40 du
1645 2899 127 39 livret
1794 2908 8 37 ;
1825 2899 113 39 voici
1957 2895 91 43 l'un
2064 2898 78 40 des

121 2972 171 39 thèmes
333 2987 6 24 :

640 3074 155 41 MOTIF
828 3089 60 26 DU
921 3074 163 42 DÉMON
1120 3073 76 54 [Le
1226 3072 103 42 Mur
1362 3075 56 39 du
1451 3072 174 55 Diable)
