2248 3716
889 174 223 36 FRÉDÉRIC
1148 180 201 28 SMETANA

116 182 78 52 568

110 280 101 37 Bois
233 287 39 29 et
295 279 269 50 Campagnes
586 275 49 36 de
656 268 177 43 Bohême
1717 268 70 29 net
1792 289 7 7 -
1858 270 62 25 rcs
1928 289 7 7 -

112 343 153 46 Sàrka,
297 341 152 46 Tâbor,
483 337 152 38 Blanik
2044 321 21 35 6
2125 338 15 16 »

114 405 169 38 Grande
289 403 207 54 fantaisie
524 413 73 26 sur
620 401 57 36 les
707 399 140 48 motifs
868 397 48 37 de
1087 396 148 37 Patrie
1320 395 81 36 Par
1427 390 133 39 Henri
1583 390 49 36 de

211 468 118 36 Kàan
1865 471 42 4 ~~
2042 459 22 37 7
2091 459 49 25 20

110 530 334 38 Réminiscences
465 539 73 26 sur
559 527 57 37 les
640 525 197 38 mélodies
856 525 48 36 de
1077 523 150 37 Patrie
1314 522 80 36 Par
1420 516 134 40 Henri
1578 516 51 37 de

211 593 117 36 Kàan
2046 587 18 23 D

1735 662 49 4 —
2044 649 20 24 2

843 760 304 26 COMPOSITIONS
1177 748 217 36 D'OPÉRAS.

108 829 196 39 Dalibor.

209 893 80 36 Par
312 892 36 37 J.
377 889 131 38 Malât
1716 887 85 30 net.
1834 877 100 38 frcs.
2040 889 26 35 4
2123 892 15 16 »

210 956 81 35 Par
317 955 45 36 B.
390 951 145 42 Stëtka
1870 963 39 4 ~
2044 939 18 37 5
2123 954 17 18 »

111 1019 59 36 Le
192 1018 166 36 Baiser.

214 1081 79 36 Par
311 1080 35 37 J.
380 1080 103 36 Low
1740 1091 36 4 ~
1872 1089 35 5 ~~
2044 1078 18 23 2
2086 1077 52 35 40

213 1144 79 35 Par
314 1143 36 35 J.
380 1142 116 36 Low.
523 1141 120 35 Deux
663 1138 130 37 suites
815 1138 83 36 très
915 1136 160 44 faciles,
1102 1136 190 36 chacune
2045 1141 13 24 1
2123 1141 16 20 »

211 1205 79 35 Par
312 1204 34 36 J.
374 1201 132 38 Malât
1551 1226 6 6 •
1735 1216 36 5 ~~
2043 1192 18 36 3
2120 1208 18 17 »

211 1266 238 37 Ouverture
473 1262 224 38 transcrite
720 1273 109 39 pour
850 1261 128 50 piano
1001 1273 74 37 par
1098 1260 191 38 l'auteur.
2042 1266 96 36 240

209 1327 174 38 Marche
407 1339 74 37 par
503 1327 34 37 J.
562 1326 114 36 Rabe
2048 1329 91 24 120

112 1390 166 38 Libuse.

212 1454 79 35 Par
312 1453 35 37 J.
376 1451 127 38 Malât
2039 1456 26 34 4
2119 1459 18 17 >}

108 1516 63 36 La
192 1514 182 38 Fiancée
396 1514 167 38 vendue.

213 1578 78 36 Par
313 1578 37 38 J.
380 1577 115 37 Low.
523 1577 115 36 Deux
661 1574 128 38 suites
810 1574 83 37 très
915 1574 160 47 faciles,
1101 1574 190 37 chacune
1883 1592 15 4 -
2042 1582 13 24 1
2116 1585 18 18 »

211 1640 79 37 Par
312 1640 36 37 J.
372 1640 118 37 Low.
517 1639 120 36 Deux
660 1638 144 46 suites,
831 1637 189 38 chacune
2040 1632 20 38 3
2117 1647 19 18 »

212 1703 80 36 Par
312 1704 32 36 J.
367 1701 131 37 Malât
2037 1695 19 38 3
2118 1709 19 20 »

211 1765 80 36 Par
312 1765 45 35 B.
382 1763 146 38 Stëtka
2038 1759 23 36 6
2117 1774 19 18 »

214 1827 176 38 Sextett.
418 1827 130 38 ParJ.
576 1827 101 36 Low
2087 1821 50 37 5o

112 1891 60 36 Le
192 1891 157 38 Secret.

214 1954 79 35 Par
315 1953 37 36 J.
374 1952 131 37 Malât
1736 1970 47 5 --
2041 1947 18 37 3
2117 1963 19 18 »

1514 2000 7 9 \

110 2014 177 39 Marche
300 2013 184 54 funèbre
505 2026 70 25 sur
590 2014 72 37 des
677 2013 143 38 motifs
834 2014 193 49 d'opëras
1044 2014 49 37 de
1116 2013 213 38 Smetana.
1340 2012 80 37 Par
1432 2013 46 36 A.
1501 2011 130 38 Cech.
2046 2023 91 23 120

115 2077 216 37 Fantaisie
347 2089 70 25 sur
439 2077 74 37 des
536 2075 143 39 motifs
700 2075 193 51 d'opéras
908 2076 50 38 de
974 2077 213 37 Smetana.
1203 2075 81 37 Par
1305 2077 50 35 K.
1374 2073 255 48 Kovaroviç.
2036 2086 27 34 4
2118 2088 19 19 »

112 2140 187 49 Bouquet
322 2139 48 37 de
388 2139 206 37 Mélodies
614 2139 192 49 d'opéras
827 2139 50 37 de
904 2139 212 37 Smetana.
1143 2140 82 34 Par
1247 2138 34 37 J.
1306 2138 130 36 Malât
1483 2168 142 6 ...
2036 2148 26 35 4
2117 2150 17 21 »

114 2201 220 47 Quadrille
356 2213 70 25 sur
446 2201 71 37 des
542 2200 142 38 motifs
710 2201 49 36 de
799 2201 38 36 la
912 2201 182 37 Fiancée
1113 2201 154 36 vendue
1360 2201 79 36 Par
1480 2201 34 38 J.
1549 2201 54 36 Ka-

207 2262 152 52 lensky
2038 2275 97 24 120

874 2376 248 25 PARTITIONS
1153 2364 215 37 D'OPÉRAS.

109 2439 59 36 Le
192 2438 163 37 Baiser.
379 2439 139 49 Opéra
548 2438 196 50 comique
784 2452 50 24 en
858 2440 111 36 deux
1012 2448 127 29 actes.
1169 2440 174 37 Paroles
1367 2440 206 49 tchèques
1596 2444 37 35 et

209 2500 258 38 allemandes
1710 2511 85 29 net.
1827 2501 98 39 frcs.
2014 2502 46 37 16
2115 2519 19 17 »

108 2562 191 38 Dalibor.
327 2563 140 49 Opéra
492 2575 49 25 en
567 2563 103 38 trois
695 2572 128 30 actes.
852 2564 172 37 Paroles
1053 2563 204 51 tchèques
2037 2567 22 37 8
2116 2582 18 18 »

107 2625 62 36 La
206 2625 181 37 Fiancée
425 2626 169 37 vendue.
639 2626 139 49 Opéra
819 2626 199 50 comique
1063 2639 51 24 en
1153 2627 105 38 trois
1298 2636 129 29 actes.
1457 2627 174 38 Paroles

206 2686 205 50 tchèques
2036 2691 22 38 8
2116 2709 19 17 »

106 2750 60 36 Le
190 2750 156 39 Secret.
377 2750 140 49 Opéra
541 2750 196 51 comique
759 2764 50 25 en
830 2752 103 37 trois
956 2761 129 29 actes.
1111 2753 173 37 Paroles
1306 2754 206 49 tchèques
1550 2784 6 8 .
1617 2783 6 7 .
2037 2755 20 37 8
2116 2770 17 19 »

106 2813 80 36 Les
212 2811 326 52 Brandebourgs
561 2825 47 25 en
638 2809 195 42 Bohême.
877 2815 140 48 Opéra
1058 2827 50 25 en
1150 2815 104 38 trois
1294 2825 129 29 actes.
1451 2816 174 38 Paroles

205 2872 204 52 tchèques
2015 2893 40 25 12
2115 2897 18 19 »

106 2936 164 38 Libuse.
299 2937 145 37 Grand
466 2938 128 49 opéra
615 2950 51 25 en
686 2938 103 37 trois
813 2947 128 30 actes.
968 2940 172 38 Paroles
1165 2941 204 49 tchèques
1411 2971 208 9 ....
2032 2944 23 37 8
2114 2961 18 17 »

846 3060 121 24 PIANO
998 3060 24 24 A
1051 3060 169 31 QUATRE
1251 3061 141 25 MAINS.

108 3131 75 37 Ma
207 3131 160 38 Patrie.
400 3145 30 25 1.
467 3132 217 50 Vysehrad
1710 3147 84 29 net.
1829 3138 98 39 frcs.
2035 3142 23 36 6
2116 3158 17 17 »

458 3196 309 48 Arrangement
789 3194 122 39 facile
2040 3206 18 35 5
2117 3220 18 18 »

382 3270 36 25 2.
457 3257 145 38 Vltava
2037 3269 19 35 5
2114 3283 19 18 ,)

381 3319 35 37 3.
453 3319 138 37 Sàrka
2035 3329 22 37 6
2116 3346 17 17 »

379 3393 39 34 4.
451 3382 101 36 Bois
574 3389 39 29 et
637 3382 267 52 Campagnes
927 3384 46 36 de
997 3382 181 40 Bohême
2036 3394 22 35 6
2113 3410 18 17 »

385 3443 33 37 5.
456 3444 137 36 Tâbor
1860 3475 39 5 _
2033 3456 23 36 6
2114 3471 17 17 »

383 3505 37 37 6.
453 3505 152 37 Blanik
2035 3518 23 36 6
2114 3534 18 18 »
