2248 3716
970 177 328 31 INFORMATIONS

2064 179 78 42 579

120 265 136 54 qu'on
279 270 202 50 pourrait
502 268 64 55 s'y
591 272 203 40 attendre
818 280 41 32 et
880 269 134 43 d'une
1038 274 172 39 science
1234 280 57 34 où
1314 274 30 39 il
1374 287 46 27 se
1442 275 155 50 glisse,
1632 288 47 27 ce
1712 288 71 27 me
1819 273 186 47 semble,
2044 282 97 43 trop

119 336 53 40 de
192 337 232 52 procédés,
522 338 124 42 enfin
669 339 59 41 du
751 339 344 50 Mendelssohn,
1121 341 24 40 Y
1154 341 233 40 Ouverture
1409 341 234 41 d'Athalie.

174 404 250 43 Exécution
445 407 243 42 excellente
786 423 116 38 pour
918 423 55 26 ne
997 411 97 38 rien
1117 410 199 51 changer
1340 415 21 36 à
1382 424 82 27 nos
1484 410 256 42 habitudes.

1842 409 54 42 A.
1929 409 54 40 D.

174 491 268 43 BORDEAUX.

546 493 367 43 Grand-Théâtre
919 527 9 9 .
1041 495 80 43 S'il
1145 506 66 32 est
1240 512 88 26 une
1351 500 144 39 soirée
1519 503 21 35 à
1563 501 164 38 retenir
1745 500 144 51 parmi
1909 497 233 52 beaucoup

118 560 54 40 de
194 559 87 42 fort
305 563 216 45 réussies,
559 563 38 51 je
630 565 177 39 citerais
829 564 248 41 volontiers
1103 566 108 40 celle
1235 573 57 34 où
1324 581 113 26 nous
1460 573 154 34 eûmes
1638 567 39 41 le
1697 568 158 51 plaisir
1885 565 259 42 d'entendre

120 628 65 41 M.
221 628 223 51 Clément,
481 630 113 41 dans
617 631 175 41 Lakmé.
818 632 172 55 Jamais
1015 647 47 26 sa
1085 636 100 38 voix
1217 648 55 27 ne
1294 634 66 41 fut
1384 637 36 38 si
1443 634 131 50 belle,
1597 637 36 39 si
1657 636 157 52 souple
1845 645 41 32 et
1907 649 54 27 ne
1983 637 157 39 mérita

117 706 94 32 tant
235 698 54 40 de
312 704 165 35 succès.

171 765 47 41 M
223 771 47 18 me
291 766 299 54 Charpentier
614 766 119 53 s'est,
757 783 82 38 par
862 778 167 40 contre,
1055 774 219 48 peut-être
1297 786 60 25 un
1380 785 85 38 peu
1498 774 216 39 ressentie
1737 773 54 40 de
1822 781 94 32 tant
1951 771 158 42 d'éclat
2130 788 8 32 ;

116 837 116 39 mais
267 849 86 40 que
383 836 40 40 la
455 836 262 41 charmante
757 837 153 41 artiste
941 851 47 27 se
1010 839 197 50 console,
1246 853 81 26 son
1366 842 198 49 prestige
1606 854 54 25 ne
1697 854 96 26 sera
1830 854 81 38 pas
1952 850 189 31 souvent

117 903 177 42 troublé
316 919 81 37 par
420 905 40 40 la
483 919 145 26 venue
651 907 256 39 incessante
931 904 224 43 d'artistes
1179 907 82 40 tels
1285 920 86 39 que
1390 906 61 41 M.
1479 907 221 40 Clément.

173 971 116 42 MM.
317 972 193 42 Granier
538 983 41 31 et
604 973 188 54 Sylvain
817 983 76 32 ont
916 973 80 41 fait
1016 974 120 40 leurs
1159 974 162 41 débuts
1344 976 113 39 dans
1479 975 64 40 les
1563 974 278 55 Huguenots.

171 1040 124 42 Dans
328 1042 40 40 le
398 1042 93 41 rôle
513 1042 55 41 de
602 1042 166 49 Raoul,
795 1042 63 40 M.
885 1041 191 43 Granier
1098 1057 115 27 nous
1240 1058 22 26 a
1286 1043 80 41 fait
1390 1044 193 40 admirer
1604 1058 87 26 une
1721 1043 193 53 superbe
1948 1046 100 39 voix
2088 1045 53 39 de

114 1110 330 42 haute-contre.
472 1110 122 42 C'est
617 1115 220 49 peut-être
861 1112 41 40 la
943 1114 220 51 première
1199 1112 85 42 fois
1321 1127 85 39 que
1445 1126 115 28 nous
1595 1114 253 40 entendons
1890 1127 59 26 un
1990 1114 152 40 artiste

113 1180 246 50 possédant
383 1194 105 27 avec
512 1190 157 31 autant
688 1181 54 40 de
765 1187 148 34 sûreté
938 1181 41 40 le
1001 1183 188 49 registre
1214 1182 121 40 élevé
1356 1195 8 26 :
1384 1182 247 41 l'émission
1655 1190 65 32 est
1743 1181 225 49 brillante,
1992 1181 146 49 facile,

115 1256 41 32 et
180 1248 41 40 la
246 1257 104 32 note
383 1263 215 27 conserve
631 1258 96 33 tout
760 1263 82 28 son
875 1251 128 40 éclat.
1042 1249 129 42 Nous
1198 1264 140 27 avons
1369 1264 55 27 eu
1448 1255 21 36 à
1495 1259 216 42 regretter
1751 1265 86 38 que
1867 1251 40 40 le
1940 1251 199 40 médium

114 1318 86 39 soit
223 1316 93 41 loin
339 1317 267 42 d'atteindre
628 1327 112 32 cette
762 1318 263 53 perfection.

170 1383 154 53 Quant
350 1390 22 36 à
395 1385 65 41 M.
499 1385 204 55 Sylvain,
729 1402 48 26 sa
809 1389 101 39 voix
933 1387 221 53 profonde
1177 1396 40 32 et
1250 1402 179 34 sonore,
1454 1402 46 26 sa
1525 1387 116 41 belle
1674 1397 147 41 tenue,
1848 1388 61 40 lui
1937 1397 76 31 ont
2034 1388 104 40 valu

115 1462 146 32 toutes
286 1455 64 40 les
374 1456 295 52 sympathies.

767 1456 99 55 JOS.
901 1455 169 43 GRIMO.

169 1540 65 41 M.
260 1542 208 41 Frédéric
488 1542 162 54 Boyer,
677 1544 221 40 directeur
921 1545 59 39 du
1005 1543 377 42 Grand-Théâtre
1401 1548 22 35 à
1444 1543 253 49 Bordeaux,
1720 1546 121 37 vient
1866 1544 54 39 de
1942 1546 198 38 recevoir

114 1625 60 25 un
194 1611 156 40 drame
373 1612 188 40 musical
597 1625 54 28 en
674 1627 61 25 un
760 1621 94 31 acte
890 1623 8 28 :
938 1613 25 38 /'
968 1612 326 48 Anniversaire,
1326 1613 54 40 de
1401 1611 63 40 M.
1490 1611 215 42 Adalbert
1739 1611 206 52 Mercier,
1981 1625 75 28 sur
2078 1627 59 26 un

114 1679 130 40 livret
284 1680 53 39 de
369 1678 114 41 MM.
508 1680 112 54 Jean
647 1680 170 41 Harold
848 1689 42 32 et
919 1681 112 54 Jean
1065 1681 173 40 Ferval.
1279 1679 81 42 Cet
1394 1695 199 36 ouvrage
1626 1695 96 26 sera
1746 1686 256 47 représenté
2024 1681 113 41 dans

115 1747 39 39 le
178 1757 187 31 courant
388 1749 54 39 de
466 1749 38 38 la
531 1750 168 39 saison.

170 1841 286 41 BRUXELLES.

559 1841 99 41 Elle
682 1856 106 27 aura
813 1846 69 37 été
905 1846 322 37 extrêmement
1243 1842 209 41 brillante
1497 1851 41 32 et
1561 1843 84 40 elle
1671 1856 95 27 sera
1802 1851 140 32 certes
1970 1848 168 35 mémo-

115 1909 139 50 Rable,
271 1919 111 31 cette
397 1912 169 51 reprise
582 1924 58 27 ou
657 1911 145 52 plutôt
822 1919 112 32 cette
951 1912 208 40 nouvelle
1172 1913 218 51 première
1408 1912 53 39 de
1477 1910 132 40 Faust
1617 1943 7 15 ,
1638 1912 149 39 donné
1801 1912 40 39 le
1857 1925 17 36 3
1892 1910 245 41 novembre

115 1992 56 26 au
194 1978 136 52 profit
353 1979 54 39 de
430 1979 40 41 la
496 1991 21 27 ((
542 1980 239 40 mutualité
798 1991 21 27 »
837 1980 79 40 des
939 1980 305 52 journalistes,
1270 1989 41 31 et
1333 1980 215 47 honorée,
1573 1979 157 41 faveur
1749 1981 243 48 rarissime,
2019 1980 53 40 de
2095 1981 40 39 la

115 2051 213 47 présence
345 2048 59 40 du
425 2048 101 41 Roi.
554 2048 172 53 Depuis
750 2049 77 40 des
853 2051 240 48 semaines,
1117 2062 57 27 on
1190 2062 54 27 ne
1264 2050 162 51 parlait
1447 2048 101 53 plus
1573 2062 87 38 que
1678 2048 53 40 de
1752 2062 46 26 ce
1815 2048 144 50 grand
1980 2052 130 37 événe-

114 2124 121 32 ment
258 2125 42 31 et
321 2130 57 26 on
402 2116 251 41 l'attendait
672 2131 105 27 avec
795 2131 88 27 une
903 2119 214 39 curiosité
1139 2119 277 51 impatiente.

172 2183 179 52 Songez
376 2185 141 40 donc:
543 2185 134 40 Faust
696 2187 346 52 complètement
1074 2188 134 38 remis
1243 2190 21 35 à
1298 2185 110 41 neuf
1436 2194 41 32 et
1500 2185 124 40 élevé
1655 2185 374 40 matériellement
2046 2189 21 36 à
2093 2186 40 39 la

114 2252 191 41 hauteur
324 2253 78 40 des
419 2260 188 46 progrès
632 2255 53 40 de
705 2255 97 40 l'art
822 2255 78 40 des
924 2255 303 48 décorateurs,
1247 2255 77 39 des
1345 2254 305 47 machinistes,
1673 2254 78 39 des
1770 2256 193 48 gaziers,
1988 2263 120 32 costu-

114 2323 135 38 miers
268 2330 42 31 et
331 2324 251 48 régisseurs
604 2324 256 39 modernes.

237 2390 50 54 Je
310 2404 112 27 veux
446 2391 40 39 la
511 2392 208 51 jeunesse
738 2394 7 37 !
773 2392 153 39 s'écrie
943 2391 41 40 le
999 2392 131 39 vieux
1148 2392 344 39 nécromancien
1506 2390 112 39 dans
1639 2403 82 26 son
1738 2389 286 42 laboratoire.

167 2457 56 41 Et
243 2457 113 41 MM.
381 2458 292 41 Kufferathet
698 2458 162 50 Guidé,
886 2458 165 42 faisant
1076 2458 156 42 l'office
1255 2459 54 39 de
1332 2458 173 40 diables
1520 2458 322 52 providentiels
1859 2460 122 38 aussi
2005 2471 100 39 pres-

112 2527 167 49 tigieux
298 2540 87 38 que
405 2526 393 54 Méphistophélès
820 2528 250 47 lui-même,
1093 2528 38 39 la
1150 2528 62 40 lui
1230 2536 77 32 ont
1324 2528 209 39 restituée
1552 2535 40 31 et
1610 2526 250 50 largement
1883 2535 111 31 cette
2015 2526 114 40 belle

110 2596 224 51 jeunesse,
361 2609 47 26 ce
432 2596 89 40 don
545 2596 209 40 enviable
776 2611 82 38 par
878 2596 264 41 excellence.
1168 2596 55 40 Et
1244 2599 134 47 grâce
1403 2599 21 36 à
1448 2594 257 41 l'érudition
1728 2595 53 39 de
1802 2594 114 40 MM.
1939 2594 189 54 Dubosq

110 2672 42 32 et
173 2664 208 40 Fernand
402 2664 216 53 Khnopff,
641 2668 132 47 grâce
795 2667 121 38 aussi
941 2679 84 26 aux
1046 2665 262 40 trouvailles
1325 2665 53 39 de
1393 2665 112 39 mise
1529 2677 53 27 en
1607 2669 130 35 scène
1760 2664 54 39 de
1829 2662 63 40 M.
1918 2663 64 40 De
1999 2662 126 51 Beer,

112 2746 55 26 au
188 2746 104 27 sens
314 2733 261 52 rythmique
599 2734 59 40 du
680 2738 159 36 maître
861 2735 54 39 de
938 2733 138 41 ballet
1100 2733 293 52 Ambrosiny,
1417 2747 84 26 aux
1521 2733 296 50 ingéniosités
1839 2733 288 51 mécaniques

110 2800 54 39 de
186 2799 61 41 M.
287 2801 239 52 Bogaerts,
550 2803 120 40 voilà
692 2803 39 40 le
753 2805 130 38 vieux
908 2802 321 41 chef-d'œuvre
1260 2806 120 46 vêtu,
1415 2801 196 49 installé,
1636 2800 196 48 meublé,
1857 2799 147 52 étoffé,
2030 2801 79 40 illu-

110 2871 120 38 miné
250 2883 106 27 avec
387 2871 102 51 plus
514 2872 54 39 de
591 2870 312 51 munificence,
929 2871 55 40 de
1008 2873 280 51 pittoresque
1310 2879 42 32 et
1388 2872 121 39 aussi
1530 2871 54 39 de
1606 2870 200 52 logique,
1831 2867 297 43 d'exactitude

108 2937 251 52 historique
384 2952 58 27 ou
465 2939 58 40 du
543 2942 148 38 moins
709 2940 275 51 légendaire,
1012 2940 107 52 qu'il
1136 2953 55 27 ne
1206 2940 39 40 le
1261 2939 66 41 fut
1345 2954 54 26 au
1416 2940 192 51 premier
1627 2940 114 51 jour.

167 3004 194 43 Gounod
385 3016 42 32 et
452 3012 145 37 même
619 3007 163 43 Gœthe
802 3011 194 38 seraient
1021 3011 118 38 ravis
1163 3009 54 40 de
1247 3009 41 39 la
1308 3007 130 52 façon
1458 3008 108 40 dont
1587 3008 40 40 la
1648 3006 216 42 Monnaie
1886 3022 22 25 a
1933 3010 195 50 compris

110 3072 305 44 l'illustration
439 3078 214 51 scénique
670 3078 52 39 de
746 3078 96 40 leur
881 3079 209 51 musique
1110 3086 42 31 et
1175 3078 53 39 de
1262 3078 95 39 leur
1394 3082 176 46 poème,
1596 3076 158 52 depuis
1777 3077 40 39 le
1853 3076 272 41 laboratoire

110 3155 105 27 avec
238 3156 47 26 sa
310 3142 160 51 fugace
490 3147 255 49 apparition
767 3146 54 39 de
845 3146 40 39 la
910 3145 167 41 blonde
1096 3145 277 51 Marguerite
1397 3159 56 26 au
1477 3153 142 39 rouet,
1651 3144 174 52 jusqu'à
1850 3144 278 52 l'apothéose

108 3209 150 42 finale.
280 3210 246 42 Admirons
543 3221 111 32 cette
677 3213 230 40 kermesse
926 3215 35 38 si
981 3213 242 40 bellement
1245 3213 248 40 médiévale
1516 3222 40 31 et
1576 3214 296 50 germanique
1895 3227 7 33 ;
1926 3213 39 39 le
1982 3213 144 52 jardin

107 3279 55 39 de
178 3278 280 52 Marguerite
482 3281 36 39 si
542 3282 169 49 ingénu
735 3290 41 31 et
801 3283 35 38 si
860 3283 249 50 printanier
1137 3281 204 47 d'abord,
1366 3283 101 50 puis
1493 3282 35 38 si
1546 3282 203 51 capiteux
1768 3294 56 27 ou
1848 3282 36 38 si
1905 3283 220 50 captieux,

108 3351 176 49 prêtant
319 3363 54 25 au
411 3357 225 32 tentateur
658 3349 41 40 la
720 3349 254 52 complicité
998 3350 52 39 de
1069 3363 70 27 ses
1161 3351 237 39 floraisons
1418 3351 243 50 perverties
1681 3358 41 31 et
1745 3349 53 40 de
1822 3363 70 26 ses
1913 3349 212 42 lumières

107 3414 268 54 maléfiques
402 3432 8 33 ;
434 3417 38 40 le
498 3417 181 41 tableau
702 3418 55 39 de
779 3415 171 53 l'église
967 3419 126 39 réuni
1116 3422 20 35 à
1159 3418 112 40 celui
1295 3419 57 38 du
1376 3418 119 46 duel,
1514 3417 150 41 fusion
1700 3419 76 50 qui
1799 3431 114 27 nous
1933 3423 191 48 ménage

108 3497 87 27 une
223 3485 241 49 gradation
498 3485 106 41 d'un
631 3487 153 39 vivant
806 3494 43 32 et
872 3487 174 38 intense
1070 3486 276 40 archaïsme:
1371 3486 63 39 les
1458 3484 155 42 fidèles
1630 3499 46 27 se
1692 3486 189 41 rendant
1905 3491 21 36 à
1951 3486 170 51 l'office,
