3596 4417
1728 169 107 50 379

201 305 46 48 in
278 305 191 48 Bruch's
510 306 362 66 Frithjofs-Sage
910 306 92 49 und
1046 308 125 48 einer
1212 324 80 32 aus
1336 308 176 48 Verdi's
1552 309 176 50 Ernani

202 381 95 50 und
320 383 249 48 Lombardi
593 385 503 64 zusammengestellten
1122 384 458 49 modern-brillanten
1604 388 125 58 Arie,

205 459 133 48 allein
367 459 82 48 der
478 460 282 65 Auffassung
798 460 91 48 und
920 460 103 48 dem
1056 461 227 65 Vortrage
1320 478 82 32 von
1437 463 294 48 Beethoven's

205 538 145 47 Scene
389 553 96 32 war
520 539 62 47 sie
620 539 123 47 nicht
783 555 113 47 ganz
926 539 286 63 gewachsen.
1273 540 171 47 Ferner
1474 548 105 56 trug
1609 541 122 47 Herr

206 614 340 47 Bietzacher
587 632 100 30 vom
734 615 275 47 Hoftheater
1052 615 42 47 in
1134 616 248 47 Hannover
1424 616 71 47 die
1536 616 109 49 Arie
1687 618 43 47 in

205 689 185 49 D-moll
399 708 10 29 :
450 691 148 55 „Wer
643 708 107 47 mag
792 693 85 45 den
908 693 101 62 Tag
1049 693 148 47 seiner
1233 693 204 47 Zukunft

206 783 81 31 aus
317 766 102 47 dem
718 785 85 31 von
836 767 218 49 Händel
1085 785 89 32 vor.
1207 770 123 47 Herr
1359 770 262 48 Bletzacher
1654 771 52 49 be-

206 845 99 46 sitzt
347 845 99 47 eine
489 846 410 47 ausserordentlich
945 846 269 65 klangvolle,
1259 846 160 48 frische
1458 849 90 45 und
1588 849 145 47 runde

206 921 89 47 und
331 921 172 48 überall
536 922 192 65 kräftige
761 924 306 53 Bassstimme,
1108 924 142 47 durch
1291 925 171 47 welche
1498 943 48 29 er
1573 925 156 65 jedem

206 997 239 49 Publicum
478 1000 253 63 imponiren
764 1000 130 54 wird,
936 1018 49 30 so
1030 1001 101 47 dass
1174 1002 93 46 ihm
1306 1001 115 47 auch
1462 1002 42 46 in
1541 1004 189 47 Aachen

207 1076 310 47 rauschender
549 1077 154 47 Beifall
737 1077 90 47 und
859 1079 250 47 Hervorrul
1141 1095 51 31 zu
1225 1079 128 47 Theil
1385 1079 171 48 wurde.
1608 1081 92 46 Den-

205 1152 117 47 noch
367 1156 179 43 müssen
578 1155 84 46 wir
700 1155 234 62 gestehen,
978 1155 101 48 dass
1120 1156 94 47 sein
1247 1156 197 62 Vortrag
1476 1156 78 47 der
1584 1157 151 47 Partie

207 1227 78 48 des
318 1230 195 63 Frithjof
539 1231 57 46 im
628 1232 186 46 zweiten
846 1232 158 46 Theile
1034 1231 78 48 des
1142 1232 245 47 Concertes
1428 1232 70 47 bei
1531 1234 200 48 Weitem

207 1305 397 49 ausdrucksvoller
642 1307 90 47 und
776 1308 296 47 künstlerisch
1115 1308 365 64 befriedigender
1510 1326 112 41 war,
1653 1311 54 47 ob-

207 1383 145 64 gleich
383 1383 92 47 ihm
507 1385 146 48 dieser
686 1386 197 63 Frithjof
907 1394 141 39 etwas
1079 1387 114 46 hoch
1227 1387 121 62 liegt.
1407 1387 83 47 Die
1523 1387 181 47 HändeP-

205 1460 106 48 sche
334 1461 110 47 Arie
466 1461 228 49 erfordert
718 1463 246 47 besonders
988 1465 41 44 in
1054 1463 87 47 den
1164 1465 108 45 zwei
1303 1463 229 49 schnellen
1557 1466 177 63 Tempi,

206 1538 174 47 welche
409 1540 117 45 noch
563 1540 235 63 bewegter
1482 1537 256 69 (prestissim
1170 1541 89 47 will
1298 1540 69 48 bei
1402 1541 176 48 Händel
1617 1542 117 47 auch

205 1615 139 48 schon
375 1622 141 41 etwas
544 1616 181 65 sagen!)
751 1634 274 45 genommen
1052 1617 184 47 werden
1260 1621 198 53 müssen,
1487 1620 64 47 als
1581 1635 46 30 es
1656 1635 53 47 ge-

205 1691 159 57 schah,
407 1692 129 48 einen
567 1695 365 47 vollkommenen
963 1695 192 63 Sänger,
1198 1695 90 47 und
1319 1696 124 46 Herr
1471 1696 265 48 Bletzacher

204 1769 57 47 ist
289 1777 91 39 erst
409 1771 83 47 auf
515 1769 101 49 dem
652 1771 170 62 Wege,
860 1771 79 48 das
976 1790 52 29 zu
1068 1771 212 57 werden;
1325 1789 48 31 er
1405 1772 77 48 hat
1512 1773 113 49 aber
1654 1773 52 49 be-

207 1848 186 56 wiesen,
426 1847 101 48 dass
557 1865 48 30 er
634 1848 80 48 das
742 1849 130 63 Zeug
902 1849 113 49 dazu
1048 1851 92 48 hat.

323 1926 101 47 Den
455 1926 183 47 Schluss
680 1926 79 47 des
800 1935 149 39 ersten
995 1928 180 46 Theiles
1228 1927 181 47 machte
1452 1926 247 49 Mendels-

206 2002 182 48 sohn's
417 2003 300 55 Prachtchor,
747 2003 71 47 die
850 2006 180 63 Hymne
1059 2021 55 30 an
1141 2004 221 56 Bacchus,
1386 2004 88 56 die,
1498 2012 132 39 unter
1654 2003 81 48 der

206 2079 297 64 energischen
529 2081 196 63 Leitung
748 2081 78 48 des
852 2082 150 47 Herrn
1029 2082 48 48 C.
1106 2083 47 46 F.
1180 2082 179 47 Ackens
1382 2082 217 63 glanzvoll
1631 2098 78 31 aus-

206 2157 207 63 geführt,
438 2157 100 48 eine
562 2158 221 47 kolossale
809 2158 235 62 Wirkung
1068 2159 192 47 machte.
1294 2161 94 44 Der
1411 2159 327 63 Klang-Effect

207 2236 172 45 bewies
419 2236 164 45 einmal
625 2236 169 45 wieder
833 2236 87 47 den
953 2237 397 61 Erfahrungssatz,
1394 2236 101 47 dass
1524 2237 70 46 ein
1626 2252 112 47 paar

206 2309 215 48 Hundert
438 2310 177 64 Sänger
645 2312 80 45 mit
753 2319 139 56 guten
917 2312 221 47 Stimmen
1170 2312 198 48 dieselbe
1392 2313 224 47 Tonkraft
1648 2312 90 48 und

209 2388 130 47 Fülle
370 2388 288 53 entwickeln,
700 2389 83 46 wie
819 2388 211 53 tausend,
1072 2391 146 45 zumal
1251 2406 131 31 wenn
1421 2389 80 48 der
1532 2391 96 45 Bau
1660 2389 78 47 des

206 2465 158 47 Saales
391 2465 44 47 in
466 2465 282 47 akustischer
778 2467 261 63 Beziehung
1082 2483 49 31 so
1171 2468 231 62 gelungen
1438 2468 70 53 ist,
1552 2468 84 46 wie
1668 2467 68 48 bei

207 2542 103 48 dem
343 2559 148 31 neuen
525 2543 218 48 Cursaale
774 2543 42 47 in
847 2544 204 47 Aachen.

325 2622 101 45 Den
456 2622 188 47 zweiten
670 2622 127 45 Theil
822 2620 77 49 des
925 2622 244 48 Concertes
1200 2622 129 48 füllte
1359 2623 79 46 das
1467 2638 155 46 grosse
1648 2623 57 47 Ge-

207 2698 275 63 sangstück:
544 2699 246 56 „Scenen
841 2716 93 30 aus
985 2699 95 47 der
1131 2700 472 64 Frithjols-Sage
1653 2714 83 32 von

205 2775 56 49 E.
291 2777 250 63 Tegnör,
573 2777 76 47 für
671 2777 321 47 Solostimmen
1019 2775 203 64 (Bariton
1249 2777 89 47 und
1364 2777 215 63 Sopran),
1609 2778 94 47 Män-

205 2853 198 47 nerchor
433 2854 91 46 und
555 2854 250 47 Orchester
835 2854 40 47 in
908 2854 149 47 Musik
1089 2862 167 56 gesetzt
1286 2871 82 31 von
1397 2855 127 46 Max
1555 2854 181 47 Bruch

297 2932 284 63 Manuscript
612 2930 91 49 und
733 2932 81 45 der
845 2932 256 48 Concordia
1143 2949 79 30 zur
1253 2939 148 41 ersten
1432 2932 306 64 Aufführung

206 3006 281 65 eingesandt.

323 3085 157 47 Dieses
520 3102 118 31 neue
681 3085 149 48 Werk
869 3084 77 48 des
978 3085 323 64 Componisten
1341 3085 80 47 der
1451 3086 128 63 Oper
1618 3086 88 54 „Lo-

383 3164 189 47 umfasst
609 3164 42 47 in
681 3163 161 48 sechs
880 3164 176 48 Scenen
1093 3163 71 48 die
1203 3164 262 47 Heimfahrt
1508 3164 228 65 Frithjof's

202 3255 101 32 vom
332 3241 96 47 Jarl
460 3241 282 65 Arganthyr,
772 3240 270 65 Ingeborg's
1073 3243 230 62 Brautzug
1333 3258 52 30 zu
1419 3243 150 62 König
1598 3243 137 62 Ring,

201 3316 235 66 Frithjof's
461 3320 155 46 Bache
731 3318 358 66 Tempelbrand,
1123 3319 315 63 Verbannung
1468 3320 92 46 und
1594 3320 140 46 Fluch

205 3423 87 29 —,
323 3395 232 65 Frithjof's
586 3395 228 48 Abschied
846 3413 84 30 von
960 3396 80 47 der
1066 3396 199 56 Heimat,
1298 3398 267 63 Ingeborg's
1589 3398 146 62 Klage

200 3471 94 49 und
327 3474 231 63 Frithjof's
587 3473 253 48 Meerfahrt
868 3473 114 48 nach
1014 3473 233 48 südlichen
1277 3474 171 48 Zonen.
1484 3474 82 47 Die
1598 3474 102 47 Com-

198 3550 196 65 position
422 3551 55 47 ist
505 3569 53 31 zu
590 3550 276 57 bedeutend,
905 3568 73 30 um
1009 3551 63 47 sie
1103 3551 80 47 mit
1212 3550 178 65 einigen
1425 3551 197 49 Worten
1653 3551 54 49 ab-

197 3627 194 50 zuthun:
436 3629 82 48 wir
560 3629 215 48 kommen
826 3629 343 48 ausführlicher
1212 3629 168 48 darauf
1425 3630 170 47 zurück
1640 3629 91 48 und

200 3707 164 47 wollen
395 3706 98 48 hier
521 3724 88 32 nur
638 3707 115 47 noch
785 3706 264 57 erwähnen,
1080 3707 99 47 dass
1204 3706 70 48 die
1300 3707 306 64 Ausführung
1630 3724 76 32 vor-

197 3782 202 50 trefflich
433 3784 91 48 und
554 3784 251 64 grossartig
833 3782 93 49 und
958 3784 80 47 der
1067 3784 161 63 Erfolg
1259 3785 70 47 ein
1359 3801 48 31 so
1438 3784 265 48 durchschla-

198 3861 176 66 gender
402 3879 115 41 war,
555 3864 85 48 wie
671 3864 82 47 wir
790 3864 75 47 ihn
905 3862 139 47 selten
1075 3862 146 47 erlebt
1251 3862 165 49 haben.
1475 3864 155 47 Gleich
1661 3862 72 49 die

198 3948 120 40 erste
348 3941 145 47 Scene
536 3941 88 47 rief
661 3941 131 48 einen
836 3940 231 48 lebhaften
1100 3941 155 47 Beifall
1301 3941 178 56 hervor,
1523 3941 80 47 der
1632 3941 90 47 sich

198 4016 72 50 bei
295 4017 132 65 jeder
458 4017 241 69 folgenden
731 4017 315 55 wiederholte,
1076 4019 274 47 namentlich
1380 4017 111 49 aber
1514 4019 113 47 nach
1653 4019 80 47 der

197 4095 167 49 dritten
394 4095 377 65 (Tempelbrand)
803 4096 91 48 und
925 4096 113 48 nach
1070 4095 103 49 dem
1203 4096 337 48 Schluss-Chor
1571 4096 45 48 in
1648 4095 82 49 der

1825 309 205 50 sechsten
2060 310 144 49 Scene
2244 312 45 47 in
2327 312 156 48 wahre
2514 312 329 67 Begeisterung
2873 315 224 49 ausbrach
3137 317 92 48 und
3258 319 85 47 alle

1827 381 306 61 Anwesende,
2173 388 319 48 Mitwirkende
2528 389 90 47 und
2656 390 225 59 Zuhörer,
2924 394 185 47 Kenner
3144 394 91 47 und
3264 395 54 46 Di-

1829 465 217 46 lettanten
2084 464 115 47 eben
2229 480 48 32 so
2308 465 84 47 wie
2421 464 70 48 die
2521 482 155 47 grosse
2705 466 167 66 Menge
2900 486 51 30 zu
2982 470 362 64 einstimmigem,

1823 540 250 65 jubelnden
2103 541 204 64 Applaus
2337 541 175 47 hinriss.

1946 619 65 46 Im
2041 619 231 47 zweiten
2307 619 353 48 Fest-Concerte
2689 619 62 63 (d.
2775 619 88 51 21.
2886 620 274 65 November)
3185 623 159 48 wurde

1833 694 81 47 der
1942 703 117 39 erste
2089 696 127 47 Theil
2249 698 79 44 mit
2366 698 258 45 Mozart's
2661 696 262 49 Ouvertüre
2951 715 77 30 zur
3055 699 292 48 Zauberflöte

1830 771 211 55 eröffnet,
2072 771 80 47 der
2181 773 156 47 zweite
2368 774 78 44 mit
2488 773 357 47 Cherubini's
2890 774 259 49 Ouvertüre
3177 793 52 30 zu
3259 776 86 47 den

1832 849 370 63 Abencerragen.
2262 851 92 46 Das
2393 851 269 62 Programm
2707 850 186 48 brachte
2923 868 55 32 an
3009 853 336 64 Sologesängen

1832 924 71 48 die
1933 925 118 47 oben
2083 926 233 47 erwähnte
2337 926 314 64 Sopran-Arie
2680 943 83 30 von
2791 926 133 47 Verdi
2957 926 168 65 (Fräul.
3156 930 161 46 Licht-

1833 1019 115 48 may
1982 1004 157 45 wurde
2169 1004 80 45 mit
2279 1005 200 61 Applaus
2511 1002 243 49 überhäuft
2783 1004 90 47 und
2904 1006 207 62 gerufen)
3151 1006 90 47 und
3273 1006 79 48 das

1835 1080 164 46 Duett:
2029 1079 176 55 „Holde
2456 1096 81 31 aus
2561 1081 116 64 Hay
2693 1080 25 47 d
2735 1082 71 45 n's
3180 1082 171 63 (Fräul.

1830 1156 296 65 Lichtmay
2158 1156 90 47 und
2281 1157 120 47 Herr
2440 1156 385 64 Bietzacher);
2871 1157 148 49 ferner
3057 1175 57 32 an
3145 1160 174 65 Gesang-

1832 1232 186 47 stücken
2045 1234 77 45 mit
2147 1234 270 47 Orchester:
2448 1234 83 47 den
2563 1232 84 49 98.
2675 1235 183 46 Psalm
2890 1250 82 32 von
3005 1236 48 46 F.
3084 1235 268 49 Wüllner

1834 1307 153 65 (neu);
2017 1311 97 46 eine
2144 1311 208 64 Hymne
2383 1326 82 31 von
2497 1311 47 46 P.
2573 1311 286 64 VVayaffe,
2890 1311 144 48 einem
3061 1311 81 48 der
3163 1314 185 45 ältesten

1834 1387 258 62 Mitglieder
2119 1386 80 47 der
2223 1387 270 55 Concordia,
2525 1388 79 46 der
2633 1387 116 47 auch
2779 1387 136 50 schon
2945 1405 54 30 zu
3029 1388 143 47 ihrem
3205 1396 147 42 ersten

1834 1463 471 64 Stil'tungs-Concerte
2328 1465 422 63 eineComposition
2774 1465 204 62 geliefert
3004 1466 147 56 hatte;
3180 1467 138 47 Schu-

1834 1543 211 46 mann's
2072 1542 231 47 Waldlied
2326 1559 78 30 aus
2439 1543 122 54 „Der
2586 1543 116 46 Bose
3064 1542 91 48 und
3178 1543 147 49 Schil-

1833 1618 132 47 ler's
2006 1620 401 64 Dithyrambe,
2436 1620 257 63 componirt
2728 1635 84 32 von
2849 1621 112 47 Jul.
2996 1620 169 48 Bietz.

1952 1696 311 48 Wüllner's
2305 1697 178 47 Psalm;
2538 1697 185 64 „Singet
2765 1696 102 47 dem
2909 1697 153 47 Herrn
3107 1697 71 47 ein
3218 1714 139 31 neues

2032 1773 75 46 für
2139 1773 335 54 Bariton-Solo,
2517 1772 301 48 Männerchor
2849 1772 91 48 und
2970 1773 264 57 Orchester,
3276 1773 81 49 der

1835 1851 253 47 Concordia
2130 1869 51 29 zu
2227 1852 142 46 ihrem
2412 1851 249 48 Jubelfeste
2700 1849 261 65 gewidmet,
3004 1852 53 46 ist
3097 1852 96 47 eine
3232 1851 127 48 recht

1834 1928 352 62 wirkungsvolle
2230 1928 89 47 und
2361 1928 247 47 besonders
2651 1928 39 47 in
2736 1927 101 48 dem
2881 1928 150 47 Chor:
3071 1929 122 55 „Das
3231 1929 127 47 Meer

2152 2006 101 45 dem
2288 2006 389 63 Wechselgesang
2716 2003 77 48 des
2830 2004 342 49 Solo-Baritons
3216 2004 142 64 (Herr

1835 2081 354 64 Bietzacher)
2222 2082 78 47 mit
2328 2082 102 47 dem
2464 2082 146 48 Chor:
2652 2083 92 55 „Er
2774 2081 112 47 wird
2918 2082 170 47 richten
3119 2082 86 47 den
3238 2081 87 48 Erd-

2049 2159 90 47 und
2171 2159 100 47 dem
2641 2159 76 49 des
2746 2159 357 47 Schluss-Chors
3141 2158 215 65 glänzend

1837 2236 90 47 und
1979 2237 77 46 mit
2105 2237 232 61 Schwung
2385 2237 365 62 durchgeführte
2801 2236 325 63 Composition,
3183 2236 171 47 welche

1837 2314 143 46 nichts
2003 2314 161 46 Steifes
2195 2314 113 47 noch
2336 2314 258 47 Trockenes
2624 2331 81 30 von
2738 2312 79 48 der
2848 2313 321 64 pedantischen
3189 2313 167 47 Schule

1838 2407 56 32 an
1924 2391 91 46 sich
2049 2391 91 54 hat,
2180 2392 195 45 sondern
2418 2392 68 47 bei
2528 2389 294 66 gründlicher
2850 2388 161 49 Arbeit
3042 2389 84 48 den
3155 2391 199 62 Stempel

1839 2468 186 47 frischer
2054 2469 268 64 Inspiration
2352 2472 132 59 trägt.
2517 2467 324 49 Bauschender
2867 2468 203 63 Applaus
3099 2467 76 47 des
3206 2465 127 49 Publi-

1838 2561 126 30 cums
2007 2545 88 46 und
2143 2545 225 47 Fanfaren
2412 2544 76 48 des
2526 2545 271 47 Orchesters
2840 2543 249 47 erkannten
3133 2543 101 48 dem
3279 2559 75 31 um

1837 2622 211 48 Aachens
2091 2623 363 47 Musikzustände
2500 2638 48 32 so
2592 2622 258 48 verdienten
2897 2620 321 64 Componisten
3268 2619 90 48 und

1839 2699 268 64 Dirigenten
2150 2699 86 48 den
2270 2700 129 46 Dank
2444 2699 148 48 seiner
2628 2699 255 62 Mitbürger
2921 2698 90 47 und
3052 2698 108 48 aller
3189 2698 141 47 Kunst-

1842 2778 187 47 freunde
2058 2794 67 31 zu.

1956 2855 94 46 Der
2079 2855 150 46 Heros
2260 2854 76 47 des
2366 2852 187 49 Abends
2590 2869 96 31 war
2721 2852 207 66 Joseph
2970 2850 271 50 Joachim.
3297 2852 64 45 Er

1838 2932 156 63 spielte
2025 2933 62 44 als
2120 2930 399 49 unübertroffener
2549 2930 183 47 Meister
2769 2929 70 48 die
2874 2929 107 48 zwei
3024 2926 309 50 unübertroffe-

1838 3027 88 29 nen
1975 3009 342 47 Meisterwerke
2374 3009 75 46 für
2495 3008 91 47 sein
2636 3009 299 46 Instrument:
2991 3006 370 47 Beethoven's

1839 3086 477 49 Violin-Concert
2359 3084 349 65 undSpohr's
2746 3085 400 62 Gesangscene
3184 3083 75 45 für
3288 3081 73 49 die

1838 3164 193 53 Violine,
2063 3163 70 48 die
2158 3164 67 47 bei
2248 3163 175 47 solcher
2448 3161 308 64 Ausführung
2783 3161 176 49 solcher
2989 3159 367 65 Compositionen

1835 3241 140 47 selbst
2003 3241 71 47 die
2103 3245 180 57 ärgsten
2326 3240 339 47 musicalischen
2698 3239 327 54 Demokraten,
3070 3238 171 48 welche
3271 3253 86 30 nur

1837 3319 161 47 Volks-
2045 3318 89 47 und
2178 3318 144 48 Chor-
2379 3316 90 47 und
2512 3315 421 50 Orchester-Musik
2982 3315 143 47 hören
3177 3313 180 57 wollen,

1833 3398 184 61 zwingt,
2053 3412 78 30 vor
2161 3395 123 48 einer
2314 3395 196 62 Königin
2537 3393 82 48 das
2648 3393 117 48 Knie
2793 3410 51 30 zu
2878 3393 178 62 beugen
3086 3390 93 48 und
3210 3390 144 47 ihrem

1834 3473 224 63 Triumph
2092 3473 218 63 zugleich,
2326 3473 80 47 mit
2435 3471 80 47 der
2544 3488 170 47 ganzen
2746 3470 342 48 musicalischen
3122 3467 127 49 Welt
3276 3484 50 30 zu-

1830 3551 289 64 zujauchzen.
2152 3551 104 47 Man
2290 3550 118 47 kann
2439 3550 91 47 sich
2563 3549 136 48 kaum
2731 3547 195 56 denken,
2956 3565 50 29 zu
3038 3545 197 48 welcher
3264 3545 58 47 Be-

1832 3630 264 62 geisterung
2126 3627 80 49 der
2234 3644 155 48 grosse
2421 3627 215 47 Künstler
2679 3626 158 47 hinriss
2881 3624 90 48 und
3015 3624 80 47 mit
3136 3620 221 51 welchem

1829 3706 368 65 Jubel-Applaus
2255 3705 90 48 und
2394 3702 623 66 Trompeten-Geschmetter
3072 3716 49 32 er
3169 3699 190 64 gefeiert

1833 3784 174 49 wurde.

1948 3862 84 47 Ein
2065 3860 229 49 Festmahl
2337 3860 42 48 in
2418 3860 229 48 Nuellen's
2679 3857 134 49 Hotel
2858 3855 228 48 beschloss
3116 3854 71 48 die
3218 3852 136 49 Feier

1830 3939 78 48 des
1938 3941 148 64 Tages
2131 3937 91 49 und
2261 3937 77 47 des
2378 3937 42 47 in
2454 3937 131 65 jeder
2615 3935 209 48 Hinsicht
2867 3934 288 63 gelungenen
3194 3928 132 49 Jubel-

1832 4017 143 49 festes.
2035 4019 119 47 Herr
2182 4014 553 68 Regierunga-Präsident
2764 4012 292 47 Kühlwetter
3085 4007 189 50 brachte
3304 4007 44 47 in

1830 4104 173 40 ernster
2026 4095 143 58 Rede,
2199 4095 70 48 die
2299 4110 56 33 an
2387 4094 71 48 die
2487 4091 361 63 denkwürdigen
2883 4091 18 44 1
2918 4090 134 47 baten
3085 4086 78 49 des
3191 4086 165 48 Jahres

2974 4161 70 69 n
