<?xml version="1.0" encoding="UTF-8"?>
<alto xmlns:xsi="http://www.w3.org/2001/XMLSchema-instance" xmlns="http://www.loc.gov/standards/alto/ns-v2#" xsi:schemaLocation="http://www.loc.gov/standards/alto/ns-v2# http://www.loc.gov/standards/alto/alto-v2.0.xsd" xmlns:xlink="http://www.w3.org/1999/xlink">
	<Description>
		<MeasurementUnit>mm10</MeasurementUnit>
		<sourceImageInformation>
			<fileName>//fileserver7/IN2/Princeton/jp2/pudl0097/2980652/011/19201105_01/00000135.jp2</fileName>
		</sourceImageInformation>
		<OCRProcessing ID="OCRPROCESSING_1">
			<preProcessingStep>
				<processingSoftware>
					<softwareCreator>CCS Content Conversion Specialists GmbH, Germany</softwareCreator>
					<softwareName>CCS docWORKS</softwareName>
					<softwareVersion>6.6-0.29</softwareVersion>
				</processingSoftware>
			</preProcessingStep>
			<ocrProcessingStep>
				<processingSoftware>
					<softwareCreator>ABBYY (BIT Software), Russia</softwareCreator>
					<softwareName>FineReader</softwareName>
					<softwareVersion>10.0</softwareVersion>
				</processingSoftware>
			</ocrProcessingStep>
		</OCRProcessing>
	</Description>
	<Styles>
		<TextStyle ID="TXT_0" FONTSIZE="10" FONTFAMILY="Times New Roman"/>
		<ParagraphStyle ID="PAR_RIGHT" ALIGN="Right"/>
		<ParagraphStyle ID="PAR_BLOCK" ALIGN="Block"/>
	</Styles>
	<Layout>
		<Page ID="P11" PHYSICAL_IMG_NR="11" HEIGHT="4125" WIDTH="2768" PRINTED_IMG_NR="131" PC="0.976">
			<TopMargin ID="P11_TM00001" HPOS="0" VPOS="0" WIDTH="2768" HEIGHT="6"/>
			<LeftMargin ID="P11_LM00001" HPOS="0" VPOS="6" WIDTH="6" HEIGHT="3972"/>
			<RightMargin ID="P11_RM00001" HPOS="2761" VPOS="6" WIDTH="7" HEIGHT="3972"/>
			<BottomMargin ID="P11_BM00001" HPOS="0" VPOS="3978" WIDTH="2768" HEIGHT="147">
				<TextBlock ID="P11_TB00001" HPOS="2518" VPOS="3981" WIDTH="82" HEIGHT="46" STYLEREFS="TXT_0 PAR_RIGHT">
					<TextLine ID="P11_TL00001" HPOS="2518" VPOS="3986" WIDTH="82" HEIGHT="41">
						<String ID="P11_ST00001" HPOS="2518" VPOS="3986" WIDTH="82" HEIGHT="41" CONTENT="131" WC="0.43" CC="357"/>
					</TextLine>
				</TextBlock>
			</BottomMargin>
			<PrintSpace ID="P11_PS00001" HPOS="6" VPOS="6" WIDTH="2755" HEIGHT="3972">
				<TextBlock ID="P11_TB00002" HPOS="164" VPOS="77" WIDTH="1203" HEIGHT="1881" STYLEREFS="TXT_0 PAR_BLOCK">
					<TextLine ID="P11_TL00002" HPOS="178" VPOS="77" WIDTH="1182" HEIGHT="56">
						<String ID="P11_ST00002" HPOS="178" VPOS="77" WIDTH="88" HEIGHT="45" CONTENT="der" WC="0.98" CC="202"/>
						<SP ID="P11_SP00001" HPOS="266" VPOS="122" WIDTH="31"/>
						<String ID="P11_ST00003" HPOS="297" VPOS="78" WIDTH="319" HEIGHT="47" CONTENT="Unterschied" WC="1.00" CC="11001005000"/>
						<SP ID="P11_SP00002" HPOS="616" VPOS="125" WIDTH="33"/>
						<String ID="P11_ST00004" HPOS="649" VPOS="82" WIDTH="241" HEIGHT="45" CONTENT="zwischen" WC="1.00" CC="00200500"/>
						<SP ID="P11_SP00003" HPOS="890" VPOS="127" WIDTH="34"/>
						<String ID="P11_ST00005" HPOS="924" VPOS="85" WIDTH="148" HEIGHT="44" CONTENT="Ihnen" WC="0.98" CC="12302"/>
						<SP ID="P11_SP00004" HPOS="1072" VPOS="129" WIDTH="50"/>
						<String ID="P11_ST00006" HPOS="1122" VPOS="87" WIDTH="100" HEIGHT="44" CONTENT="und" WC="0.98" CC="310"/>
						<SP ID="P11_SP00005" HPOS="1222" VPOS="131" WIDTH="47"/>
						<String ID="P11_ST00007" HPOS="1269" VPOS="89" WIDTH="91" HEIGHT="44" CONTENT="den" WC="0.98" CC="004"/>
					</TextLine>
					<TextLine ID="P11_TL00003" HPOS="177" VPOS="147" WIDTH="1185" HEIGHT="61">
						<String ID="P11_ST00008" HPOS="177" VPOS="147" WIDTH="199" HEIGHT="57" CONTENT="übrigen" WC="0.99" CC="0040201"/>
						<SP ID="P11_SP00006" HPOS="376" VPOS="204" WIDTH="24"/>
						<String ID="P11_ST00009" HPOS="400" VPOS="150" WIDTH="87" HEIGHT="41" CONTENT="999" WC="1.00" CC="000"/>
						<SP ID="P11_SP00007" HPOS="487" VPOS="204" WIDTH="17"/>
						<String ID="P11_ST00010" HPOS="504" VPOS="150" WIDTH="263" HEIGHT="45" CONTENT="deutschen" WC="1.00" CC="000300000"/>
						<SP ID="P11_SP00008" HPOS="767" VPOS="204" WIDTH="16"/>
						<String ID="P11_ST00011" HPOS="783" VPOS="152" WIDTH="261" HEIGHT="46" CONTENT="Kritikern:" WC="1.00" CC="0320000500"/>
						<SP ID="P11_SP00009" HPOS="1044" VPOS="204" WIDTH="31"/>
						<String ID="P11_ST00012" HPOS="1075" VPOS="155" WIDTH="155" HEIGHT="53" CONTENT="darin," WC="0.99" CC="042101"/>
						<SP ID="P11_SP00010" HPOS="1230" VPOS="208" WIDTH="22"/>
						<String ID="P11_ST00013" HPOS="1252" VPOS="157" WIDTH="110" HEIGHT="45" CONTENT="dass" WC="0.89" CC="0040"/>
					</TextLine>
					<TextLine ID="P11_TL00004" HPOS="175" VPOS="217" WIDTH="1188" HEIGHT="65">
						<String ID="P11_ST00014" HPOS="175" VPOS="217" WIDTH="80" HEIGHT="43" CONTENT="die" WC="1.00" CC="000"/>
						<SP ID="P11_SP00011" HPOS="255" VPOS="260" WIDTH="41"/>
						<String ID="P11_ST00015" HPOS="296" VPOS="218" WIDTH="206" HEIGHT="45" CONTENT="meisten" WC="1.00" CC="0030000"/>
						<SP ID="P11_SP00012" HPOS="502" VPOS="263" WIDTH="42"/>
						<String ID="P11_ST00016" HPOS="544" VPOS="221" WIDTH="126" HEIGHT="44" CONTENT="noch" WC="0.99" CC="3100"/>
						<SP ID="P11_SP00013" HPOS="670" VPOS="265" WIDTH="41"/>
						<String ID="P11_ST00017" HPOS="711" VPOS="221" WIDTH="144" HEIGHT="45" CONTENT="heute" WC="0.99" CC="00400"/>
						<SP ID="P11_SP00014" HPOS="855" VPOS="266" WIDTH="49"/>
						<String ID="P11_ST00018" HPOS="904" VPOS="235" WIDTH="154" HEIGHT="44" CONTENT="genau" WC="0.98" CC="00245"/>
						<SP ID="P11_SP00015" HPOS="1058" VPOS="279" WIDTH="37"/>
						<String ID="P11_ST00019" HPOS="1095" VPOS="240" WIDTH="53" HEIGHT="29" CONTENT="so" WC="1.00" CC="00"/>
						<SP ID="P11_SP00016" HPOS="1148" VPOS="279" WIDTH="42"/>
						<String ID="P11_ST00020" HPOS="1190" VPOS="230" WIDTH="149" HEIGHT="52" CONTENT="gottes" SUBS_TYPE="HypPart1" SUBS_CONTENT="gotteslästerlich" WC="0.99" CC="900600"/>
						<HYP HPOS="1339" VPOS="230" WIDTH="24" CONTENT="-"/>
					</TextLine>
					<TextLine ID="P11_TL00005" HPOS="174" VPOS="287" WIDTH="1188" HEIGHT="59">
						<String ID="P11_ST00021" HPOS="174" VPOS="287" WIDTH="248" HEIGHT="44" CONTENT="lästerlich" SUBS_TYPE="HypPart2" SUBS_CONTENT="gotteslästerlich" WC="1.00" CC="0002010004"/>
						<SP ID="P11_SP00017" HPOS="422" VPOS="331" WIDTH="24"/>
						<String ID="P11_ST00022" HPOS="446" VPOS="288" WIDTH="273" HEIGHT="58" CONTENT="schimpfen" WC="1.00" CC="000050005"/>
						<SP ID="P11_SP00018" HPOS="719" VPOS="346" WIDTH="22"/>
						<String ID="P11_ST00023" HPOS="741" VPOS="293" WIDTH="95" HEIGHT="42" CONTENT="wie" WC="1.00" CC="000"/>
						<SP ID="P11_SP00019" HPOS="836" VPOS="346" WIDTH="21"/>
						<String ID="P11_ST00024" HPOS="857" VPOS="292" WIDTH="204" HEIGHT="47" CONTENT="damals." WC="0.99" CC="0300602"/>
						<SP ID="P11_SP00020" HPOS="1061" VPOS="346" WIDTH="44"/>
						<String ID="P11_ST00025" HPOS="1105" VPOS="296" WIDTH="76" HEIGHT="43" CONTENT="Sie" WC="1.00" CC="000"/>
						<SP ID="P11_SP00021" HPOS="1181" VPOS="346" WIDTH="23"/>
						<String ID="P11_ST00026" HPOS="1204" VPOS="296" WIDTH="158" HEIGHT="44" CONTENT="haben" WC="0.99" CC="30600"/>
					</TextLine>
					<TextLine ID="P11_TL00006" HPOS="174" VPOS="357" WIDTH="1190" HEIGHT="58">
						<String ID="P11_ST00027" HPOS="174" VPOS="357" WIDTH="78" HEIGHT="43" CONTENT="für" WC="0.98" CC="004"/>
						<SP ID="P11_SP00022" HPOS="252" VPOS="400" WIDTH="24"/>
						<String ID="P11_ST00028" HPOS="276" VPOS="357" WIDTH="156" HEIGHT="44" CONTENT="Herrn" WC="0.97" CC="00566"/>
						<SP ID="P11_SP00023" HPOS="432" VPOS="401" WIDTH="28"/>
						<String ID="P11_ST00029" HPOS="460" VPOS="359" WIDTH="340" HEIGHT="56" CONTENT="Kiepenheuer" WC="1.00" CC="00080430000"/>
						<SP ID="P11_SP00024" HPOS="800" VPOS="415" WIDTH="31"/>
						<String ID="P11_ST00030" HPOS="831" VPOS="363" WIDTH="263" HEIGHT="44" CONTENT="immerhin" WC="1.00" CC="30005000"/>
						<SP ID="P11_SP00025" HPOS="1094" VPOS="415" WIDTH="34"/>
						<String ID="P11_ST00031" HPOS="1128" VPOS="365" WIDTH="93" HEIGHT="45" CONTENT="den" WC="0.99" CC="002"/>
						<SP ID="P11_SP00026" HPOS="1221" VPOS="415" WIDTH="23"/>
						<String ID="P11_ST00032" HPOS="1244" VPOS="368" WIDTH="90" HEIGHT="43" CONTENT="Vor" SUBS_TYPE="HypPart1" SUBS_CONTENT="Vorzug," WC="0.98" CC="025"/>
						<HYP HPOS="1334" VPOS="368" WIDTH="30" CONTENT="-"/>
					</TextLine>
					<TextLine ID="P11_TL00007" HPOS="173" VPOS="426" WIDTH="1191" HEIGHT="66">
						<String ID="P11_ST00033" HPOS="173" VPOS="438" WIDTH="103" HEIGHT="46" CONTENT="zug," SUBS_TYPE="HypPart2" SUBS_CONTENT="Vorzug," WC="0.98" CC="4002"/>
						<SP ID="P11_SP00027" HPOS="276" VPOS="484" WIDTH="43"/>
						<String ID="P11_ST00034" HPOS="319" VPOS="426" WIDTH="110" HEIGHT="45" CONTENT="dass" WC="1.00" CC="0000"/>
						<SP ID="P11_SP00028" HPOS="429" VPOS="484" WIDTH="34"/>
						<String ID="P11_ST00035" HPOS="463" VPOS="429" WIDTH="78" HEIGHT="43" CONTENT="Sie" WC="0.95" CC="706"/>
						<SP ID="P11_SP00029" HPOS="541" VPOS="484" WIDTH="38"/>
						<String ID="P11_ST00036" HPOS="579" VPOS="429" WIDTH="144" HEIGHT="44" CONTENT="heute" WC="0.99" CC="00350"/>
						<SP ID="P11_SP00030" HPOS="723" VPOS="484" WIDTH="46"/>
						<String ID="P11_ST00037" HPOS="769" VPOS="431" WIDTH="367" HEIGHT="50" CONTENT='„mitmachen".' WC="1.00" CC="430000000434"/>
						<SP ID="P11_SP00031" HPOS="1136" VPOS="484" WIDTH="62"/>
						<String ID="P11_ST00038" HPOS="1198" VPOS="435" WIDTH="166" HEIGHT="57" CONTENT="Einige" WC="0.99" CC="223000"/>
					</TextLine>
					<TextLine ID="P11_TL00008" HPOS="174" VPOS="496" WIDTH="1189" HEIGHT="64">
						<String ID="P11_ST00039" HPOS="174" VPOS="496" WIDTH="191" HEIGHT="45" CONTENT="freilich" WC="1.00" CC="51001000"/>
						<SP ID="P11_SP00032" HPOS="365" VPOS="541" WIDTH="30"/>
						<String ID="P11_ST00040" HPOS="395" VPOS="503" WIDTH="87" HEIGHT="38" CONTENT="tun" WC="0.99" CC="003"/>
						<SP ID="P11_SP00033" HPOS="482" VPOS="541" WIDTH="33"/>
						<String ID="P11_ST00041" HPOS="515" VPOS="499" WIDTH="104" HEIGHT="43" CONTENT="sich" WC="0.99" CC="0101"/>
						<SP ID="P11_SP00034" HPOS="619" VPOS="542" WIDTH="33"/>
						<String ID="P11_ST00042" HPOS="652" VPOS="500" WIDTH="95" HEIGHT="43" CONTENT="viel" WC="1.00" CC="0000"/>
						<SP ID="P11_SP00035" HPOS="747" VPOS="543" WIDTH="34"/>
						<String ID="P11_ST00043" HPOS="781" VPOS="501" WIDTH="177" HEIGHT="45" CONTENT="darauf" WC="1.00" CC="001000"/>
						<SP ID="P11_SP00036" HPOS="958" VPOS="546" WIDTH="25"/>
						<String ID="P11_ST00044" HPOS="983" VPOS="518" WIDTH="59" HEIGHT="29" CONTENT="zu" WC="0.90" CC="02"/>
						<SP ID="P11_SP00037" HPOS="1042" VPOS="547" WIDTH="39"/>
						<String ID="P11_ST00045" HPOS="1081" VPOS="508" WIDTH="123" HEIGHT="52" CONTENT="gute," WC="1.00" CC="02000"/>
						<SP ID="P11_SP00038" HPOS="1204" VPOS="560" WIDTH="48"/>
						<String ID="P11_ST00046" HPOS="1252" VPOS="505" WIDTH="111" HEIGHT="45" CONTENT="dass" WC="1.00" CC="0000"/>
					</TextLine>
					<TextLine ID="P11_TL00009" HPOS="174" VPOS="565" WIDTH="1191" HEIGHT="66">
						<String ID="P11_ST00047" HPOS="174" VPOS="565" WIDTH="79" HEIGHT="44" CONTENT="Sie" WC="1.00" CC="000"/>
						<SP ID="P11_SP00039" HPOS="253" VPOS="609" WIDTH="29"/>
						<String ID="P11_ST00048" HPOS="282" VPOS="566" WIDTH="188" HEIGHT="46" CONTENT="damals" WC="0.99" CC="005050"/>
						<SP ID="P11_SP00040" HPOS="470" VPOS="612" WIDTH="33"/>
						<String ID="P11_ST00049" HPOS="503" VPOS="569" WIDTH="153" HEIGHT="44" CONTENT="schon" WC="0.99" CC="00004"/>
						<SP ID="P11_SP00041" HPOS="656" VPOS="613" WIDTH="33"/>
						<String ID="P11_ST00050" HPOS="689" VPOS="571" WIDTH="330" HEIGHT="60" CONTENT="mitgegangen" WC="0.99" CC="80600003802"/>
						<SP ID="P11_SP00042" HPOS="1019" VPOS="631" WIDTH="34"/>
						<String ID="P11_ST00051" HPOS="1053" VPOS="575" WIDTH="123" HEIGHT="46" CONTENT="sind." WC="0.99" CC="01003"/>
						<SP ID="P11_SP00043" HPOS="1176" VPOS="631" WIDTH="62"/>
						<String ID="P11_ST00052" HPOS="1238" VPOS="576" WIDTH="127" HEIGHT="45" CONTENT="Aber" WC="1.00" CC="0101"/>
					</TextLine>
					<TextLine ID="P11_TL00010" HPOS="174" VPOS="636" WIDTH="1190" HEIGHT="67">
						<String ID="P11_ST00053" HPOS="174" VPOS="636" WIDTH="162" HEIGHT="46" CONTENT="Gottes" WC="0.99" CC="601500"/>
						<SP ID="P11_SP00044" HPOS="336" VPOS="682" WIDTH="46"/>
						<String ID="P11_ST00054" HPOS="382" VPOS="640" WIDTH="375" HEIGHT="54" CONTENT="ausgleichende" WC="1.00" CC="0600000000000"/>
						<SP ID="P11_SP00045" HPOS="757" VPOS="694" WIDTH="47"/>
						<String ID="P11_ST00055" HPOS="804" VPOS="644" WIDTH="353" HEIGHT="57" CONTENT="Gerechtigkeit" WC="1.00" CC="0020030800100"/>
						<SP ID="P11_SP00046" HPOS="1157" VPOS="701" WIDTH="51"/>
						<String ID="P11_ST00056" HPOS="1208" VPOS="652" WIDTH="156" HEIGHT="51" CONTENT="sorgte" WC="1.00" CC="004000"/>
					</TextLine>
					<TextLine ID="P11_TL00011" HPOS="173" VPOS="706" WIDTH="1189" HEIGHT="66">
						<String ID="P11_ST00057" HPOS="173" VPOS="706" WIDTH="155" HEIGHT="57" CONTENT="dafür," WC="1.00" CC="000040"/>
						<SP ID="P11_SP00047" HPOS="328" VPOS="763" WIDTH="25"/>
						<String ID="P11_ST00058" HPOS="353" VPOS="708" WIDTH="111" HEIGHT="46" CONTENT="dass" WC="0.95" CC="0100"/>
						<SP ID="P11_SP00048" HPOS="464" VPOS="763" WIDTH="33"/>
						<String ID="P11_ST00059" HPOS="497" VPOS="711" WIDTH="132" HEIGHT="44" CONTENT="diese" WC="1.00" CC="01000"/>
						<SP ID="P11_SP00049" HPOS="629" VPOS="763" WIDTH="23"/>
						<String ID="P11_ST00060" HPOS="652" VPOS="711" WIDTH="199" HEIGHT="60" CONTENT="Einigen" WC="1.00" CC="0034000"/>
						<SP ID="P11_SP00050" HPOS="851" VPOS="771" WIDTH="24"/>
						<String ID="P11_ST00061" HPOS="875" VPOS="715" WIDTH="253" HEIGHT="57" CONTENT="frühzeitig" WC="1.00" CC="0000000000"/>
						<SP ID="P11_SP00051" HPOS="1128" VPOS="772" WIDTH="22"/>
						<String ID="P11_ST00062" HPOS="1150" VPOS="717" WIDTH="212" HEIGHT="45" CONTENT="alterten." WC="1.00" CC="000010000"/>
					</TextLine>
					<TextLine ID="P11_TL00012" HPOS="173" VPOS="777" WIDTH="1190" HEIGHT="57">
						<String ID="P11_ST00063" HPOS="173" VPOS="777" WIDTH="79" HEIGHT="43" CONTENT="Sie" WC="0.99" CC="010"/>
						<SP ID="P11_SP00052" HPOS="252" VPOS="820" WIDTH="30"/>
						<String ID="P11_ST00064" HPOS="282" VPOS="778" WIDTH="154" HEIGHT="56" CONTENT="gehen" WC="0.99" CC="00004"/>
						<SP ID="P11_SP00053" HPOS="436" VPOS="834" WIDTH="34"/>
						<String ID="P11_ST00065" HPOS="470" VPOS="781" WIDTH="144" HEIGHT="44" CONTENT="heute" WC="0.98" CC="70400"/>
						<SP ID="P11_SP00054" HPOS="614" VPOS="834" WIDTH="30"/>
						<String ID="P11_ST00066" HPOS="644" VPOS="783" WIDTH="133" HEIGHT="43" CONTENT="nicht" WC="0.99" CC="23000"/>
						<SP ID="P11_SP00055" HPOS="777" VPOS="834" WIDTH="33"/>
						<String ID="P11_ST00067" HPOS="810" VPOS="785" WIDTH="141" HEIGHT="44" CONTENT="mehr" WC="0.97" CC="9003"/>
						<SP ID="P11_SP00056" HPOS="951" VPOS="834" WIDTH="31"/>
						<String ID="P11_ST00068" HPOS="982" VPOS="786" WIDTH="103" HEIGHT="44" CONTENT="mit." WC="1.00" CC="0000"/>
						<SP ID="P11_SP00057" HPOS="1085" VPOS="834" WIDTH="61"/>
						<String ID="P11_ST00069" HPOS="1146" VPOS="787" WIDTH="92" HEIGHT="45" CONTENT="Wo" WC="1.00" CC="00"/>
						<SP ID="P11_SP00058" HPOS="1238" VPOS="834" WIDTH="32"/>
						<String ID="P11_ST00070" HPOS="1270" VPOS="790" WIDTH="93" HEIGHT="42" CONTENT="soll" WC="0.97" CC="0065"/>
					</TextLine>
					<TextLine ID="P11_TL00013" HPOS="172" VPOS="848" WIDTH="1192" HEIGHT="61">
						<String ID="P11_ST00071" HPOS="172" VPOS="848" WIDTH="104" HEIGHT="45" CONTENT="also" WC="0.99" CC="0300"/>
						<SP ID="P11_SP00059" HPOS="276" VPOS="893" WIDTH="53"/>
						<String ID="P11_ST00072" HPOS="329" VPOS="849" WIDTH="123" HEIGHT="45" CONTENT="Herr" WC="0.97" CC="5033"/>
						<SP ID="P11_SP00060" HPOS="452" VPOS="894" WIDTH="51"/>
						<String ID="P11_ST00073" HPOS="503" VPOS="852" WIDTH="339" HEIGHT="57" CONTENT="Kiepenheuer" WC="1.00" CC="01000000305"/>
						<SP ID="P11_SP00061" HPOS="842" VPOS="909" WIDTH="47"/>
						<String ID="P11_ST00074" HPOS="889" VPOS="856" WIDTH="141" HEIGHT="43" CONTENT="einen" WC="0.99" CC="00005"/>
						<SP ID="P11_SP00062" HPOS="1030" VPOS="909" WIDTH="47"/>
						<String ID="P11_ST00075" HPOS="1077" VPOS="856" WIDTH="165" HEIGHT="44" CONTENT="Ersatz" WC="0.99" CC="030500"/>
						<SP ID="P11_SP00063" HPOS="1242" VPOS="909" WIDTH="45"/>
						<String ID="P11_ST00076" HPOS="1287" VPOS="858" WIDTH="77" HEIGHT="43" CONTENT="für" WC="0.98" CC="004"/>
					</TextLine>
					<TextLine ID="P11_TL00014" HPOS="173" VPOS="918" WIDTH="1191" HEIGHT="65">
						<String ID="P11_ST00077" HPOS="173" VPOS="918" WIDTH="79" HEIGHT="44" CONTENT="Sie" WC="0.98" CC="040"/>
						<SP ID="P11_SP00064" HPOS="252" VPOS="962" WIDTH="47"/>
						<String ID="P11_ST00078" HPOS="299" VPOS="919" WIDTH="334" HEIGHT="47" CONTENT="hernehmen?" WC="0.99" CC="4030006018"/>
						<SP ID="P11_SP00065" HPOS="633" VPOS="966" WIDTH="61"/>
						<String ID="P11_ST00079" HPOS="694" VPOS="923" WIDTH="199" HEIGHT="46" CONTENT="Kennen" WC="0.99" CC="000006"/>
						<SP ID="P11_SP00066" HPOS="893" VPOS="969" WIDTH="48"/>
						<String ID="P11_ST00080" HPOS="941" VPOS="926" WIDTH="79" HEIGHT="44" CONTENT="Sie" WC="1.00" CC="000"/>
						<SP ID="P11_SP00067" HPOS="1020" VPOS="970" WIDTH="51"/>
						<String ID="P11_ST00081" HPOS="1071" VPOS="927" WIDTH="154" HEIGHT="56" CONTENT="einen," WC="1.00" CC="000022"/>
						<SP ID="P11_SP00068" HPOS="1225" VPOS="983" WIDTH="53"/>
						<String ID="P11_ST00082" HPOS="1278" VPOS="928" WIDTH="86" HEIGHT="45" CONTENT="der" WC="0.98" CC="004"/>
					</TextLine>
					<TextLine ID="P11_TL00015" HPOS="173" VPOS="988" WIDTH="1190" HEIGHT="54">
						<String ID="P11_ST00083" HPOS="173" VPOS="988" WIDTH="161" HEIGHT="44" CONTENT="Steine" WC="0.99" CC="030220"/>
						<SP ID="P11_SP00069" HPOS="334" VPOS="1032" WIDTH="22"/>
						<String ID="P11_ST00084" HPOS="356" VPOS="992" WIDTH="86" HEIGHT="41" CONTENT="auf" WC="0.99" CC="010"/>
						<SP ID="P11_SP00070" HPOS="442" VPOS="1033" WIDTH="13"/>
						<String ID="P11_ST00085" HPOS="455" VPOS="992" WIDTH="77" HEIGHT="44" CONTENT="Sie" WC="0.98" CC="040"/>
						<SP ID="P11_SP00071" HPOS="532" VPOS="1036" WIDTH="18"/>
						<String ID="P11_ST00086" HPOS="550" VPOS="994" WIDTH="182" HEIGHT="42" CONTENT="werfen" WC="1.00" CC="020000"/>
						<SP ID="P11_SP00072" HPOS="732" VPOS="1036" WIDTH="19"/>
						<String ID="P11_ST00087" HPOS="751" VPOS="993" WIDTH="139" HEIGHT="44" CONTENT="darf?" WC="0.99" CC="05400"/>
						<SP ID="P11_SP00073" HPOS="890" VPOS="1037" WIDTH="22"/>
						<String ID="P11_ST00088" HPOS="912" VPOS="994" WIDTH="156" HEIGHT="46" CONTENT="Wenn" WC="0.99" CC="0030"/>
						<SP ID="P11_SP00074" HPOS="1068" VPOS="1040" WIDTH="18"/>
						<String ID="P11_ST00089" HPOS="1086" VPOS="997" WIDTH="79" HEIGHT="43" CONTENT="ich" WC="1.00" CC="000"/>
						<SP ID="P11_SP00075" HPOS="1165" VPOS="1040" WIDTH="19"/>
						<String ID="P11_ST00090" HPOS="1184" VPOS="997" WIDTH="150" HEIGHT="45" CONTENT="durch" SUBS_TYPE="HypPart1" SUBS_CONTENT="durchlese," WC="0.99" CC="01101"/>
						<HYP HPOS="1334" VPOS="997" WIDTH="29" CONTENT="-"/>
					</TextLine>
					<TextLine ID="P11_TL00016" HPOS="170" VPOS="1060" WIDTH="1190" HEIGHT="55">
						<String ID="P11_ST00091" HPOS="170" VPOS="1060" WIDTH="112" HEIGHT="55" CONTENT="lese," SUBS_TYPE="HypPart2" SUBS_CONTENT="durchlese," WC="1.00" CC="20000"/>
						<SP ID="P11_SP00076" HPOS="282" VPOS="1115" WIDTH="33"/>
						<String ID="P11_ST00092" HPOS="315" VPOS="1073" WIDTH="102" HEIGHT="32" CONTENT="was" WC="0.96" CC="900"/>
						<SP ID="P11_SP00077" HPOS="417" VPOS="1115" WIDTH="24"/>
						<String ID="P11_ST00093" HPOS="441" VPOS="1060" WIDTH="132" HEIGHT="46" CONTENT="diese" WC="1.00" CC="00000"/>
						<SP ID="P11_SP00078" HPOS="573" VPOS="1115" WIDTH="22"/>
						<String ID="P11_ST00094" HPOS="595" VPOS="1064" WIDTH="86" HEIGHT="43" CONTENT="999" WC="1.00" CC="000"/>
						<SP ID="P11_SP00079" HPOS="681" VPOS="1115" WIDTH="24"/>
						<String ID="P11_ST00095" HPOS="705" VPOS="1064" WIDTH="188" HEIGHT="46" CONTENT="damals" WC="1.00" CC="000020"/>
						<SP ID="P11_SP00080" HPOS="893" VPOS="1115" WIDTH="24"/>
						<String ID="P11_ST00096" HPOS="917" VPOS="1066" WIDTH="121" HEIGHT="45" CONTENT="über" WC="0.99" CC="0401"/>
						<SP ID="P11_SP00081" HPOS="1038" VPOS="1115" WIDTH="28"/>
						<String ID="P11_ST00097" HPOS="1066" VPOS="1066" WIDTH="91" HEIGHT="45" CONTENT="den" WC="1.00" CC="000"/>
						<SP ID="P11_SP00082" HPOS="1157" VPOS="1115" WIDTH="34"/>
						<String ID="P11_ST00098" HPOS="1191" VPOS="1069" WIDTH="169" HEIGHT="46" CONTENT="Ersten" WC="1.00" CC="020000"/>
					</TextLine>
					<TextLine ID="P11_TL00017" HPOS="170" VPOS="1129" WIDTH="1190" HEIGHT="67">
						<String ID="P11_ST00099" HPOS="170" VPOS="1129" WIDTH="277" HEIGHT="45" CONTENT="Deutschen" WC="1.00" CC="304000100"/>
						<SP ID="P11_SP00083" HPOS="447" VPOS="1174" WIDTH="35"/>
						<String ID="P11_ST00100" HPOS="482" VPOS="1131" WIDTH="316" HEIGHT="47" CONTENT="Herbstsalon" WC="0.99" CC="60500014203"/>
						<SP ID="P11_SP00084" HPOS="798" VPOS="1178" WIDTH="38"/>
						<String ID="P11_ST00101" HPOS="836" VPOS="1135" WIDTH="314" HEIGHT="56" CONTENT="geschrieben" WC="1.00" CC="00005500401"/>
						<SP ID="P11_SP00085" HPOS="1150" VPOS="1191" WIDTH="39"/>
						<String ID="P11_ST00102" HPOS="1189" VPOS="1138" WIDTH="171" HEIGHT="58" CONTENT="haben," WC="0.99" CC="005200"/>
					</TextLine>
					<TextLine ID="P11_TL00018" HPOS="170" VPOS="1199" WIDTH="1190" HEIGHT="63">
						<String ID="P11_ST00103" HPOS="170" VPOS="1199" WIDTH="130" HEIGHT="45" CONTENT="dann" WC="0.97" CC="0325"/>
						<SP ID="P11_SP00086" HPOS="300" VPOS="1244" WIDTH="33"/>
						<String ID="P11_ST00104" HPOS="333" VPOS="1201" WIDTH="190" HEIGHT="46" CONTENT="kommt" WC="1.00" CC="00020"/>
						<SP ID="P11_SP00087" HPOS="523" VPOS="1247" WIDTH="32"/>
						<String ID="P11_ST00105" HPOS="555" VPOS="1218" WIDTH="50" HEIGHT="29" CONTENT="es" WC="0.91" CC="01"/>
						<SP ID="P11_SP00088" HPOS="605" VPOS="1247" WIDTH="31"/>
						<String ID="P11_ST00106" HPOS="636" VPOS="1205" WIDTH="97" HEIGHT="43" CONTENT="mir" WC="0.99" CC="200"/>
						<SP ID="P11_SP00089" HPOS="733" VPOS="1248" WIDTH="30"/>
						<String ID="P11_ST00107" HPOS="763" VPOS="1219" WIDTH="102" HEIGHT="43" CONTENT="vor," WC="0.98" CC="0062"/>
						<SP ID="P11_SP00090" HPOS="865" VPOS="1262" WIDTH="39"/>
						<String ID="P11_ST00108" HPOS="904" VPOS="1207" WIDTH="70" HEIGHT="44" CONTENT="als" WC="1.00" CC="000"/>
						<SP ID="P11_SP00091" HPOS="974" VPOS="1262" WIDTH="33"/>
						<String ID="P11_ST00109" HPOS="1007" VPOS="1207" WIDTH="162" HEIGHT="45" CONTENT="hätten" WC="1.00" CC="000003"/>
						<SP ID="P11_SP00092" HPOS="1169" VPOS="1262" WIDTH="34"/>
						<String ID="P11_ST00110" HPOS="1203" VPOS="1210" WIDTH="76" HEIGHT="44" CONTENT="Sie" WC="1.00" CC="000"/>
						<SP ID="P11_SP00093" HPOS="1279" VPOS="1262" WIDTH="32"/>
						<String ID="P11_ST00111" HPOS="1311" VPOS="1227" WIDTH="49" HEIGHT="29" CONTENT="es" WC="0.81" CC="03"/>
					</TextLine>
					<TextLine ID="P11_TL00019" HPOS="168" VPOS="1268" WIDTH="1194" HEIGHT="64">
						<String ID="P11_ST00112" HPOS="168" VPOS="1268" WIDTH="49" HEIGHT="45" CONTENT="in" WC="0.53" CC="36"/>
						<SP ID="P11_SP00094" HPOS="217" VPOS="1313" WIDTH="35"/>
						<String ID="P11_ST00113" HPOS="252" VPOS="1268" WIDTH="87" HEIGHT="46" CONTENT="der" WC="0.99" CC="002"/>
						<SP ID="P11_SP00095" HPOS="339" VPOS="1314" WIDTH="32"/>
						<String ID="P11_ST00114" HPOS="371" VPOS="1272" WIDTH="380" HEIGHT="60" CONTENT="Beschimpfung" WC="1.00" CC="500000600020"/>
						<SP ID="P11_SP00096" HPOS="751" VPOS="1332" WIDTH="32"/>
						<String ID="P11_ST00115" HPOS="783" VPOS="1275" WIDTH="83" HEIGHT="44" CONTENT="des" WC="1.00" CC="001"/>
						<SP ID="P11_SP00097" HPOS="866" VPOS="1332" WIDTH="24"/>
						<String ID="P11_ST00116" HPOS="890" VPOS="1276" WIDTH="213" HEIGHT="46" CONTENT="Grossen" WC="0.99" CC="0200007"/>
						<SP ID="P11_SP00098" HPOS="1103" VPOS="1332" WIDTH="33"/>
						<String ID="P11_ST00117" HPOS="1136" VPOS="1280" WIDTH="100" HEIGHT="43" CONTENT="und" WC="0.98" CC="220"/>
						<SP ID="P11_SP00099" HPOS="1236" VPOS="1332" WIDTH="34"/>
						<String ID="P11_ST00118" HPOS="1270" VPOS="1281" WIDTH="62" HEIGHT="45" CONTENT="Ge" SUBS_TYPE="HypPart1" SUBS_CONTENT="Gewaltigen" WC="0.99" CC="00"/>
						<HYP HPOS="1332" VPOS="1281" WIDTH="30" CONTENT="-"/>
					</TextLine>
					<TextLine ID="P11_TL00020" HPOS="168" VPOS="1342" WIDTH="1192" HEIGHT="62">
						<String ID="P11_ST00119" HPOS="168" VPOS="1342" WIDTH="226" HEIGHT="57" CONTENT="waltigen" SUBS_TYPE="HypPart2" SUBS_CONTENT="Gewaltigen" WC="0.99" CC="90600803"/>
						<SP ID="P11_SP00100" HPOS="394" VPOS="1399" WIDTH="33"/>
						<String ID="P11_ST00120" HPOS="427" VPOS="1345" WIDTH="133" HEIGHT="44" CONTENT="nicht" WC="0.99" CC="30030"/>
						<SP ID="P11_SP00101" HPOS="560" VPOS="1399" WIDTH="32"/>
						<String ID="P11_ST00121" HPOS="592" VPOS="1359" WIDTH="80" HEIGHT="31" CONTENT="am" WC="0.81" CC="12"/>
						<SP ID="P11_SP00102" HPOS="672" VPOS="1399" WIDTH="32"/>
						<String ID="P11_ST00122" HPOS="704" VPOS="1348" WIDTH="194" HEIGHT="44" CONTENT="tollsten" WC="0.99" CC="02640003"/>
						<SP ID="P11_SP00103" HPOS="898" VPOS="1399" WIDTH="33"/>
						<String ID="P11_ST00123" HPOS="931" VPOS="1350" WIDTH="257" HEIGHT="54" CONTENT="getrieben." WC="1.00" CC="0004100000"/>
						<SP ID="P11_SP00104" HPOS="1188" VPOS="1404" WIDTH="64"/>
						<String ID="P11_ST00124" HPOS="1252" VPOS="1351" WIDTH="108" HEIGHT="44" CONTENT="Und" WC="0.98" CC="140"/>
					</TextLine>
					<TextLine ID="P11_TL00021" HPOS="168" VPOS="1411" WIDTH="1191" HEIGHT="68">
						<String ID="P11_ST00125" HPOS="168" VPOS="1411" WIDTH="248" HEIGHT="45" CONTENT="vielleicht" WC="1.00" CC="0002300000"/>
						<SP ID="P11_SP00105" HPOS="416" VPOS="1456" WIDTH="29"/>
						<String ID="P11_ST00126" HPOS="445" VPOS="1414" WIDTH="61" HEIGHT="44" CONTENT="ist" WC="0.99" CC="200"/>
						<SP ID="P11_SP00106" HPOS="506" VPOS="1458" WIDTH="31"/>
						<String ID="P11_ST00127" HPOS="537" VPOS="1428" WIDTH="50" HEIGHT="31" CONTENT="es" WC="1.00" CC="00"/>
						<SP ID="P11_SP00107" HPOS="587" VPOS="1459" WIDTH="29"/>
						<String ID="P11_ST00128" HPOS="616" VPOS="1417" WIDTH="78" HEIGHT="43" CONTENT="für" WC="0.98" CC="005"/>
						<SP ID="P11_SP00108" HPOS="694" VPOS="1460" WIDTH="23"/>
						<String ID="P11_ST00129" HPOS="717" VPOS="1417" WIDTH="77" HEIGHT="44" CONTENT="Sie" WC="0.98" CC="050"/>
						<SP ID="P11_SP00109" HPOS="794" VPOS="1461" WIDTH="33"/>
						<String ID="P11_ST00130" HPOS="827" VPOS="1418" WIDTH="107" HEIGHT="45" CONTENT="eine" WC="0.99" CC="0120"/>
						<SP ID="P11_SP00110" HPOS="934" VPOS="1463" WIDTH="34"/>
						<String ID="P11_ST00131" HPOS="968" VPOS="1418" WIDTH="85" HEIGHT="45" CONTENT="Art" WC="0.97" CC="060"/>
						<SP ID="P11_SP00111" HPOS="1053" VPOS="1463" WIDTH="31"/>
						<String ID="P11_ST00132" HPOS="1084" VPOS="1434" WIDTH="95" HEIGHT="30" CONTENT="von" WC="0.97" CC="213"/>
						<SP ID="P11_SP00112" HPOS="1179" VPOS="1464" WIDTH="25"/>
						<String ID="P11_ST00133" HPOS="1204" VPOS="1421" WIDTH="155" HEIGHT="58" CONTENT="Trost," WC="1.00" CC="000100"/>
					</TextLine>
					<TextLine ID="P11_TL00022" HPOS="168" VPOS="1482" WIDTH="1194" HEIGHT="61">
						<String ID="P11_ST00134" HPOS="168" VPOS="1482" WIDTH="256" HEIGHT="46" CONTENT="nochmals" WC="1.00" CC="00000010"/>
						<SP ID="P11_SP00113" HPOS="424" VPOS="1528" WIDTH="32"/>
						<String ID="P11_ST00135" HPOS="456" VPOS="1498" WIDTH="59" HEIGHT="31" CONTENT="zu" WC="1.00" CC="00"/>
						<SP ID="P11_SP00114" HPOS="515" VPOS="1529" WIDTH="31"/>
						<String ID="P11_ST00136" HPOS="546" VPOS="1487" WIDTH="148" HEIGHT="56" CONTENT="lesen," WC="0.99" CC="501022"/>
						<SP ID="P11_SP00115" HPOS="694" VPOS="1543" WIDTH="34"/>
						<String ID="P11_ST00137" HPOS="728" VPOS="1502" WIDTH="102" HEIGHT="31" CONTENT="was" WC="1.00" CC="000"/>
						<SP ID="P11_SP00116" HPOS="830" VPOS="1543" WIDTH="33"/>
						<String ID="P11_ST00138" HPOS="863" VPOS="1488" WIDTH="134" HEIGHT="46" CONTENT="diese" WC="1.00" CC="00000"/>
						<SP ID="P11_SP00117" HPOS="997" VPOS="1543" WIDTH="32"/>
						<String ID="P11_ST00139" HPOS="1029" VPOS="1492" WIDTH="86" HEIGHT="43" CONTENT="999" WC="0.86" CC="400"/>
						<SP ID="P11_SP00118" HPOS="1115" VPOS="1543" WIDTH="38"/>
						<String ID="P11_ST00140" HPOS="1153" VPOS="1492" WIDTH="209" HEIGHT="44" CONTENT="Kritiker" WC="0.99" CC="04760004"/>
					</TextLine>
					<TextLine ID="P11_TL00023" HPOS="168" VPOS="1552" WIDTH="1194" HEIGHT="63">
						<String ID="P11_ST00141" HPOS="168" VPOS="1552" WIDTH="104" HEIGHT="44" CONTENT="sich" WC="1.00" CC="0200"/>
						<SP ID="P11_SP00119" HPOS="272" VPOS="1596" WIDTH="32"/>
						<String ID="P11_ST00142" HPOS="304" VPOS="1552" WIDTH="190" HEIGHT="47" CONTENT="damals" WC="0.98" CC="901060"/>
						<SP ID="P11_SP00120" HPOS="494" VPOS="1599" WIDTH="40"/>
						<String ID="P11_ST00143" HPOS="534" VPOS="1557" WIDTH="148" HEIGHT="44" CONTENT="selbst" WC="0.99" CC="002500"/>
						<SP ID="P11_SP00121" HPOS="682" VPOS="1601" WIDTH="38"/>
						<String ID="P11_ST00144" HPOS="720" VPOS="1564" WIDTH="275" HEIGHT="51" CONTENT="zugemutet" WC="1.00" CC="020000004"/>
						<SP ID="P11_SP00122" HPOS="995" VPOS="1615" WIDTH="35"/>
						<String ID="P11_ST00145" HPOS="1030" VPOS="1562" WIDTH="174" HEIGHT="46" CONTENT="haben." WC="0.99" CC="600010"/>
						<SP ID="P11_SP00123" HPOS="1204" VPOS="1615" WIDTH="54"/>
						<String ID="P11_ST00146" HPOS="1258" VPOS="1562" WIDTH="104" HEIGHT="46" CONTENT="Nur" WC="0.99" CC="001"/>
					</TextLine>
					<TextLine ID="P11_TL00024" HPOS="167" VPOS="1623" WIDTH="1193" HEIGHT="68">
						<String ID="P11_ST00147" HPOS="167" VPOS="1623" WIDTH="110" HEIGHT="45" CONTENT="eine" WC="0.99" CC="0110"/>
						<SP ID="P11_SP00124" HPOS="277" VPOS="1668" WIDTH="22"/>
						<String ID="P11_ST00148" HPOS="299" VPOS="1624" WIDTH="85" HEIGHT="44" CONTENT="Art" WC="0.98" CC="060"/>
						<SP ID="P11_SP00125" HPOS="384" VPOS="1668" WIDTH="21"/>
						<String ID="P11_ST00149" HPOS="405" VPOS="1639" WIDTH="97" HEIGHT="31" CONTENT="von" WC="0.99" CC="001"/>
						<SP ID="P11_SP00126" HPOS="502" VPOS="1670" WIDTH="19"/>
						<String ID="P11_ST00150" HPOS="521" VPOS="1627" WIDTH="155" HEIGHT="45" CONTENT="Trost." WC="1.00" CC="020030"/>
						<SP ID="P11_SP00127" HPOS="676" VPOS="1672" WIDTH="48"/>
						<String ID="P11_ST00151" HPOS="724" VPOS="1630" WIDTH="139" HEIGHT="44" CONTENT="Denn" WC="0.99" CC="1003"/>
						<SP ID="P11_SP00128" HPOS="863" VPOS="1674" WIDTH="22"/>
						<String ID="P11_ST00152" HPOS="885" VPOS="1632" WIDTH="247" HEIGHT="45" CONTENT="vielleicht" WC="1.00" CC="0000600060"/>
						<SP ID="P11_SP00129" HPOS="1132" VPOS="1677" WIDTH="21"/>
						<String ID="P11_ST00153" HPOS="1153" VPOS="1635" WIDTH="207" HEIGHT="56" CONTENT="glauben" WC="0.99" CC="0615006"/>
					</TextLine>
					<TextLine ID="P11_TL00025" HPOS="165" VPOS="1693" WIDTH="1195" HEIGHT="58">
						<String ID="P11_ST00154" HPOS="165" VPOS="1693" WIDTH="80" HEIGHT="44" CONTENT="Sie" WC="0.98" CC="050"/>
						<SP ID="P11_SP00130" HPOS="245" VPOS="1737" WIDTH="22"/>
						<String ID="P11_ST00155" HPOS="267" VPOS="1695" WIDTH="96" HEIGHT="43" CONTENT="mir" WC="0.99" CC="100"/>
						<SP ID="P11_SP00131" HPOS="363" VPOS="1738" WIDTH="21"/>
						<String ID="P11_ST00156" HPOS="384" VPOS="1707" WIDTH="84" HEIGHT="44" CONTENT="gar" WC="0.98" CC="004"/>
						<SP ID="P11_SP00132" HPOS="468" VPOS="1751" WIDTH="17"/>
						<String ID="P11_ST00157" HPOS="485" VPOS="1698" WIDTH="146" HEIGHT="44" CONTENT="nicht." WC="0.99" CC="500000"/>
						<SP ID="P11_SP00133" HPOS="631" VPOS="1751" WIDTH="35"/>
						<String ID="P11_ST00158" HPOS="666" VPOS="1699" WIDTH="254" HEIGHT="46" CONTENT="Vielleicht" WC="1.00" CC="0004000005"/>
						<SP ID="P11_SP00134" HPOS="920" VPOS="1751" WIDTH="21"/>
						<String ID="P11_ST00159" HPOS="941" VPOS="1701" WIDTH="162" HEIGHT="46" CONTENT="halten" WC="0.99" CC="000405"/>
						<SP ID="P11_SP00135" HPOS="1103" VPOS="1751" WIDTH="20"/>
						<String ID="P11_ST00160" HPOS="1123" VPOS="1705" WIDTH="77" HEIGHT="43" CONTENT="Sie" WC="1.00" CC="000"/>
						<SP ID="P11_SP00136" HPOS="1200" VPOS="1751" WIDTH="30"/>
						<String ID="P11_ST00161" HPOS="1230" VPOS="1705" WIDTH="130" HEIGHT="45" CONTENT="diese" WC="1.00" CC="00000"/>
					</TextLine>
					<TextLine ID="P11_TL00026" HPOS="167" VPOS="1764" WIDTH="1192" HEIGHT="70">
						<String ID="P11_ST00162" HPOS="167" VPOS="1764" WIDTH="217" HEIGHT="45" CONTENT="Kritiken" WC="0.99" CC="06760003"/>
						<SP ID="P11_SP00137" HPOS="384" VPOS="1809" WIDTH="24"/>
						<String ID="P11_ST00163" HPOS="408" VPOS="1768" WIDTH="76" HEIGHT="43" CONTENT="für" WC="0.99" CC="002"/>
						<SP ID="P11_SP00138" HPOS="484" VPOS="1811" WIDTH="33"/>
						<String ID="P11_ST00164" HPOS="517" VPOS="1768" WIDTH="79" HEIGHT="45" CONTENT="die" WC="1.00" CC="000"/>
						<SP ID="P11_SP00139" HPOS="596" VPOS="1813" WIDTH="23"/>
						<String ID="P11_ST00165" HPOS="619" VPOS="1770" WIDTH="316" HEIGHT="57" CONTENT="Erzeugnisse" WC="1.00" CC="06001034000"/>
						<SP ID="P11_SP00140" HPOS="935" VPOS="1827" WIDTH="33"/>
						<String ID="P11_ST00166" HPOS="968" VPOS="1775" WIDTH="130" HEIGHT="43" CONTENT="eines" WC="0.99" CC="03030"/>
						<SP ID="P11_SP00141" HPOS="1098" VPOS="1827" WIDTH="34"/>
						<String ID="P11_ST00167" HPOS="1132" VPOS="1776" WIDTH="227" HEIGHT="58" CONTENT="einzigen," WC="1.00" CC="002600020"/>
					</TextLine>
					<TextLine ID="P11_TL00027" HPOS="165" VPOS="1836" WIDTH="1195" HEIGHT="55">
						<String ID="P11_ST00168" HPOS="165" VPOS="1846" WIDTH="120" HEIGHT="45" CONTENT="ganz" WC="0.97" CC="9050"/>
						<SP ID="P11_SP00142" HPOS="285" VPOS="1891" WIDTH="28"/>
						<String ID="P11_ST00169" HPOS="313" VPOS="1836" WIDTH="270" HEIGHT="47" CONTENT="sonderbar" WC="0.99" CC="003004603"/>
						<SP ID="P11_SP00143" HPOS="583" VPOS="1891" WIDTH="31"/>
						<String ID="P11_ST00170" HPOS="614" VPOS="1840" WIDTH="355" HEIGHT="47" CONTENT="konstruierten" WC="0.99" CC="5000435003705"/>
						<SP ID="P11_SP00144" HPOS="969" VPOS="1891" WIDTH="28"/>
						<String ID="P11_ST00171" HPOS="997" VPOS="1844" WIDTH="222" HEIGHT="47" CONTENT="Gehirns." WC="1.00" CC="40010202"/>
						<SP ID="P11_SP00145" HPOS="1219" VPOS="1891" WIDTH="65"/>
						<String ID="P11_ST00172" HPOS="1284" VPOS="1848" WIDTH="76" HEIGHT="43" CONTENT="Sie" WC="0.98" CC="060"/>
					</TextLine>
					<TextLine ID="P11_TL00028" HPOS="165" VPOS="1905" WIDTH="583" HEIGHT="52">
						<String ID="P11_ST00173" HPOS="165" VPOS="1905" WIDTH="160" HEIGHT="45" CONTENT="haben" WC="0.99" CC="03500"/>
						<SP ID="P11_SP00146" HPOS="325" VPOS="1950" WIDTH="35"/>
						<String ID="P11_ST00174" HPOS="360" VPOS="1907" WIDTH="208" HEIGHT="47" CONTENT="beinahe" WC="1.00" CC="1001020"/>
						<SP ID="P11_SP00147" HPOS="568" VPOS="1954" WIDTH="30"/>
						<String ID="P11_ST00175" HPOS="598" VPOS="1911" WIDTH="150" HEIGHT="46" CONTENT="recht." WC="0.99" CC="400003"/>
					</TextLine>
				</TextBlock>
				<TextBlock ID="P11_TB00003" HPOS="155" VPOS="2038" WIDTH="1208" HEIGHT="1861" STYLEREFS="TXT_0 PAR_BLOCK">
					<TextLine ID="P11_TL00029" HPOS="164" VPOS="2047" WIDTH="1198" HEIGHT="63">
						<String ID="P11_ST00176" HPOS="164" VPOS="2047" WIDTH="118" HEIGHT="53" CONTENT="Ach," WC="0.98" CC="3006"/>
						<SP ID="P11_SP00148" HPOS="282" VPOS="2100" WIDTH="33"/>
						<String ID="P11_ST00177" HPOS="315" VPOS="2049" WIDTH="125" HEIGHT="46" CONTENT="Herr" WC="0.97" CC="2073"/>
						<SP ID="P11_SP00149" HPOS="440" VPOS="2100" WIDTH="23"/>
						<String ID="P11_ST00178" HPOS="463" VPOS="2052" WIDTH="280" HEIGHT="58" CONTENT="Westheim," WC="1.00" CC="000400062"/>
						<SP ID="P11_SP00150" HPOS="743" VPOS="2110" WIDTH="23"/>
						<String ID="P11_ST00179" HPOS="766" VPOS="2069" WIDTH="102" HEIGHT="31" CONTENT="was" WC="0.98" CC="050"/>
						<SP ID="P11_SP00151" HPOS="868" VPOS="2110" WIDTH="22"/>
						<String ID="P11_ST00180" HPOS="890" VPOS="2057" WIDTH="78" HEIGHT="43" CONTENT="für" WC="0.98" CC="004"/>
						<SP ID="P11_SP00152" HPOS="968" VPOS="2110" WIDTH="22"/>
						<String ID="P11_ST00181" HPOS="990" VPOS="2058" WIDTH="76" HEIGHT="44" CONTENT="ein" WC="0.97" CC="043"/>
						<SP ID="P11_SP00153" HPOS="1066" VPOS="2110" WIDTH="24"/>
						<String ID="P11_ST00182" HPOS="1090" VPOS="2058" WIDTH="272" HEIGHT="45" CONTENT="schlechter" WC="1.00" CC="2006000204"/>
					</TextLine>
					<TextLine ID="P11_TL00030" HPOS="164" VPOS="2119" WIDTH="1194" HEIGHT="64">
						<String ID="P11_ST00183" HPOS="164" VPOS="2119" WIDTH="103" HEIGHT="44" CONTENT="und" WC="0.98" CC="400"/>
						<SP ID="P11_SP00154" HPOS="267" VPOS="2163" WIDTH="32"/>
						<String ID="P11_ST00184" HPOS="299" VPOS="2122" WIDTH="367" HEIGHT="56" CONTENT="ungeschickter" WC="1.00" CC="5300000000003"/>
						<SP ID="P11_SP00155" HPOS="666" VPOS="2178" WIDTH="30"/>
						<String ID="P11_ST00185" HPOS="696" VPOS="2124" WIDTH="188" HEIGHT="59" CONTENT="Gegner" WC="0.99" CC="000304"/>
						<SP ID="P11_SP00156" HPOS="884" VPOS="2183" WIDTH="46"/>
						<String ID="P11_ST00186" HPOS="930" VPOS="2128" WIDTH="109" HEIGHT="43" CONTENT="sind" WC="0.99" CC="0200"/>
						<SP ID="P11_SP00157" HPOS="1039" VPOS="2183" WIDTH="47"/>
						<String ID="P11_ST00187" HPOS="1086" VPOS="2128" WIDTH="78" HEIGHT="45" CONTENT="Sie" WC="1.00" CC="000"/>
						<SP ID="P11_SP00158" HPOS="1164" VPOS="2183" WIDTH="47"/>
						<String ID="P11_ST00188" HPOS="1211" VPOS="2128" WIDTH="147" HEIGHT="47" CONTENT="doch!" WC="1.00" CC="00000"/>
					</TextLine>
					<TextLine ID="P11_TL00031" HPOS="163" VPOS="2190" WIDTH="1196" HEIGHT="65">
						<String ID="P11_ST00189" HPOS="163" VPOS="2190" WIDTH="84" HEIGHT="45" CONTENT="Ich" WC="0.99" CC="200"/>
						<SP ID="P11_SP00159" HPOS="247" VPOS="2235" WIDTH="33"/>
						<String ID="P11_ST00190" HPOS="280" VPOS="2192" WIDTH="129" HEIGHT="45" CONTENT="hatte" WC="1.00" CC="00000"/>
						<SP ID="P11_SP00160" HPOS="409" VPOS="2237" WIDTH="33"/>
						<String ID="P11_ST00191" HPOS="442" VPOS="2194" WIDTH="79" HEIGHT="45" CONTENT="Sie" WC="1.00" CC="000"/>
						<SP ID="P11_SP00161" HPOS="521" VPOS="2239" WIDTH="35"/>
						<String ID="P11_ST00192" HPOS="556" VPOS="2197" WIDTH="341" HEIGHT="58" CONTENT="aufgefordert," WC="0.99" CC="6308700400313"/>
						<SP ID="P11_SP00162" HPOS="897" VPOS="2255" WIDTH="39"/>
						<String ID="P11_ST00193" HPOS="936" VPOS="2201" WIDTH="50" HEIGHT="43" CONTENT="in" WC="0.67" CC="14"/>
						<SP ID="P11_SP00163" HPOS="986" VPOS="2255" WIDTH="38"/>
						<String ID="P11_ST00194" HPOS="1024" VPOS="2202" WIDTH="187" HEIGHT="43" CONTENT="meiner" WC="0.99" CC="502100"/>
						<SP ID="P11_SP00164" HPOS="1211" VPOS="2255" WIDTH="30"/>
						<String ID="P11_ST00195" HPOS="1241" VPOS="2202" WIDTH="89" HEIGHT="44" CONTENT="Ver" SUBS_TYPE="HypPart1" SUBS_CONTENT="Vergangenheit" WC="0.98" CC="700"/>
						<HYP HPOS="1330" VPOS="2202" WIDTH="29" CONTENT="-"/>
					</TextLine>
					<TextLine ID="P11_TL00032" HPOS="163" VPOS="2263" WIDTH="1196" HEIGHT="63">
						<String ID="P11_ST00196" HPOS="163" VPOS="2263" WIDTH="289" HEIGHT="56" CONTENT="gangenheit" SUBS_TYPE="HypPart2" SUBS_CONTENT="Vergangenheit" WC="0.99" CC="8009006000"/>
						<SP ID="P11_SP00165" HPOS="452" VPOS="2319" WIDTH="31"/>
						<String ID="P11_ST00197" HPOS="483" VPOS="2264" WIDTH="456" HEIGHT="62" CONTENT="herumzuwühlen," WC="1.00" CC="00740020040010"/>
						<SP ID="P11_SP00166" HPOS="939" VPOS="2326" WIDTH="33"/>
						<String ID="P11_ST00198" HPOS="972" VPOS="2270" WIDTH="73" HEIGHT="45" CONTENT="bis" WC="0.99" CC="200"/>
						<SP ID="P11_SP00167" HPOS="1045" VPOS="2326" WIDTH="25"/>
						<String ID="P11_ST00199" HPOS="1070" VPOS="2270" WIDTH="77" HEIGHT="45" CONTENT="Sie" WC="1.00" CC="000"/>
						<SP ID="P11_SP00168" HPOS="1147" VPOS="2326" WIDTH="23"/>
						<String ID="P11_ST00200" HPOS="1170" VPOS="2273" WIDTH="76" HEIGHT="43" CONTENT="ein" WC="0.99" CC="003"/>
						<SP ID="P11_SP00169" HPOS="1246" VPOS="2326" WIDTH="24"/>
						<String ID="P11_ST00201" HPOS="1270" VPOS="2272" WIDTH="60" HEIGHT="44" CONTENT="Er" SUBS_TYPE="HypPart1" SUBS_CONTENT="Ereignis" WC="0.97" CC="23"/>
						<HYP HPOS="1330" VPOS="2272" WIDTH="29" CONTENT="-"/>
					</TextLine>
					<TextLine ID="P11_TL00033" HPOS="163" VPOS="2333" WIDTH="1195" HEIGHT="64">
						<String ID="P11_ST00202" HPOS="163" VPOS="2333" WIDTH="151" HEIGHT="57" CONTENT="eignis" SUBS_TYPE="HypPart2" SUBS_CONTENT="Ereignis" WC="0.98" CC="039410"/>
						<SP ID="P11_SP00170" HPOS="314" VPOS="2390" WIDTH="19"/>
						<String ID="P11_ST00203" HPOS="333" VPOS="2334" WIDTH="282" HEIGHT="60" CONTENT="entdecken," WC="1.00" CC="0000000030"/>
						<SP ID="P11_SP00171" HPOS="615" VPOS="2394" WIDTH="19"/>
						<String ID="P11_ST00204" HPOS="634" VPOS="2336" WIDTH="86" HEIGHT="46" CONTENT="das" WC="0.99" CC="001"/>
						<SP ID="P11_SP00172" HPOS="720" VPOS="2394" WIDTH="19"/>
						<String ID="P11_ST00205" HPOS="739" VPOS="2339" WIDTH="78" HEIGHT="44" CONTENT="Sie" WC="1.00" CC="000"/>
						<SP ID="P11_SP00173" HPOS="817" VPOS="2394" WIDTH="18"/>
						<String ID="P11_ST00206" HPOS="835" VPOS="2340" WIDTH="138" HEIGHT="45" CONTENT="einen" WC="0.99" CC="00402"/>
						<SP ID="P11_SP00174" HPOS="973" VPOS="2394" WIDTH="20"/>
						<String ID="P11_ST00207" HPOS="993" VPOS="2342" WIDTH="162" HEIGHT="55" CONTENT='„Fall"' WC="0.99" CC="300243"/>
						<SP ID="P11_SP00175" HPOS="1155" VPOS="2397" WIDTH="11"/>
						<String ID="P11_ST00208" HPOS="1166" VPOS="2357" WIDTH="192" HEIGHT="32" CONTENT="nennen" WC="1.00" CC="000002"/>
					</TextLine>
					<TextLine ID="P11_TL00034" HPOS="164" VPOS="2404" WIDTH="1196" HEIGHT="54">
						<String ID="P11_ST00209" HPOS="164" VPOS="2404" WIDTH="227" HEIGHT="46" CONTENT="könnten." WC="0.99" CC="01540013"/>
						<SP ID="P11_SP00176" HPOS="391" VPOS="2450" WIDTH="64"/>
						<String ID="P11_ST00210" HPOS="455" VPOS="2408" WIDTH="118" HEIGHT="43" CONTENT="Statt" WC="1.00" CC="00012"/>
						<SP ID="P11_SP00177" HPOS="573" VPOS="2451" WIDTH="33"/>
						<String ID="P11_ST00211" HPOS="606" VPOS="2408" WIDTH="171" HEIGHT="47" CONTENT="dessen" WC="0.99" CC="030003"/>
						<SP ID="P11_SP00178" HPOS="777" VPOS="2455" WIDTH="25"/>
						<String ID="P11_ST00212" HPOS="802" VPOS="2411" WIDTH="242" HEIGHT="45" CONTENT="tratschen" WC="0.99" CC="040410402"/>
						<SP ID="P11_SP00179" HPOS="1044" VPOS="2456" WIDTH="24"/>
						<String ID="P11_ST00213" HPOS="1068" VPOS="2413" WIDTH="78" HEIGHT="44" CONTENT="Sie" WC="1.00" CC="000"/>
						<SP ID="P11_SP00180" HPOS="1146" VPOS="2457" WIDTH="21"/>
						<String ID="P11_ST00214" HPOS="1167" VPOS="2414" WIDTH="69" HEIGHT="43" CONTENT="im" WC="0.80" CC="30"/>
						<SP ID="P11_SP00181" HPOS="1236" VPOS="2457" WIDTH="24"/>
						<String ID="P11_ST00215" HPOS="1260" VPOS="2415" WIDTH="67" HEIGHT="43" CONTENT="Ok" SUBS_TYPE="HypPart1" SUBS_CONTENT="Oktoberheft" WC="0.96" CC="50"/>
						<HYP HPOS="1327" VPOS="2415" WIDTH="33" CONTENT="-"/>
					</TextLine>
					<TextLine ID="P11_TL00035" HPOS="162" VPOS="2475" WIDTH="1197" HEIGHT="56">
						<String ID="P11_ST00216" HPOS="162" VPOS="2475" WIDTH="242" HEIGHT="46" CONTENT="toberheft" SUBS_TYPE="HypPart2" SUBS_CONTENT="Oktoberheft" WC="1.00" CC="000010000"/>
						<SP ID="P11_SP00182" HPOS="404" VPOS="2521" WIDTH="52"/>
						<String ID="P11_ST00217" HPOS="456" VPOS="2477" WIDTH="84" HEIGHT="46" CONTENT="des" WC="0.99" CC="002"/>
						<SP ID="P11_SP00183" HPOS="540" VPOS="2523" WIDTH="48"/>
						<String ID="P11_ST00218" HPOS="588" VPOS="2480" WIDTH="300" HEIGHT="47" CONTENT="Kunstblatts" WC="1.00" CC="00100460400"/>
						<SP ID="P11_SP00184" HPOS="888" VPOS="2527" WIDTH="53"/>
						<String ID="P11_ST00219" HPOS="941" VPOS="2484" WIDTH="85" HEIGHT="44" CONTENT="das" WC="0.99" CC="010"/>
						<SP ID="P11_SP00185" HPOS="1026" VPOS="2528" WIDTH="49"/>
						<String ID="P11_ST00220" HPOS="1075" VPOS="2485" WIDTH="284" HEIGHT="46" CONTENT="Geschwätz" WC="0.99" CC="650060000"/>
					</TextLine>
					<TextLine ID="P11_TL00036" HPOS="163" VPOS="2546" WIDTH="1195" HEIGHT="65">
						<String ID="P11_ST00221" HPOS="163" VPOS="2546" WIDTH="181" HEIGHT="57" CONTENT="einiger" WC="0.98" CC="1063904"/>
						<SP ID="P11_SP00186" HPOS="344" VPOS="2603" WIDTH="61"/>
						<String ID="P11_ST00222" HPOS="405" VPOS="2550" WIDTH="576" HEIGHT="61" CONTENT="gewohnheitsmässiger" WC="0.88" CC="0000060000040000901"/>
						<SP ID="P11_SP00187" HPOS="981" VPOS="2611" WIDTH="54"/>
						<String ID="P11_ST00223" HPOS="1035" VPOS="2555" WIDTH="323" HEIGHT="46" CONTENT="Verleumder" WC="1.00" CC="6400020000"/>
					</TextLine>
					<TextLine ID="P11_TL00037" HPOS="162" VPOS="2618" WIDTH="1193" HEIGHT="66">
						<String ID="P11_ST00224" HPOS="162" VPOS="2618" WIDTH="139" HEIGHT="58" CONTENT="nach," WC="1.00" CC="00001"/>
						<SP ID="P11_SP00188" HPOS="301" VPOS="2676" WIDTH="54"/>
						<String ID="P11_ST00225" HPOS="355" VPOS="2618" WIDTH="87" HEIGHT="47" CONTENT="das" WC="1.00" CC="000"/>
						<SP ID="P11_SP00189" HPOS="442" VPOS="2676" WIDTH="54"/>
						<String ID="P11_ST00226" HPOS="496" VPOS="2621" WIDTH="166" HEIGHT="46" CONTENT="diesen" WC="0.99" CC="040006"/>
						<SP ID="P11_SP00190" HPOS="662" VPOS="2676" WIDTH="42"/>
						<String ID="P11_ST00227" HPOS="704" VPOS="2624" WIDTH="272" HEIGHT="45" CONTENT="wiederum" WC="0.99" CC="00000408"/>
						<SP ID="P11_SP00191" HPOS="976" VPOS="2676" WIDTH="48"/>
						<String ID="P11_ST00228" HPOS="1024" VPOS="2640" WIDTH="94" HEIGHT="31" CONTENT="von" WC="0.99" CC="001"/>
						<SP ID="P11_SP00192" HPOS="1118" VPOS="2676" WIDTH="51"/>
						<String ID="P11_ST00229" HPOS="1169" VPOS="2627" WIDTH="186" HEIGHT="57" CONTENT="einigen" WC="1.00" CC="0000000"/>
					</TextLine>
					<TextLine ID="P11_TL00038" HPOS="160" VPOS="2688" WIDTH="1199" HEIGHT="55">
						<String ID="P11_ST00230" HPOS="160" VPOS="2688" WIDTH="216" HEIGHT="46" CONTENT="anderen" WC="1.00" CC="0000103"/>
						<SP ID="P11_SP00193" HPOS="376" VPOS="2734" WIDTH="53"/>
						<String ID="P11_ST00231" HPOS="429" VPOS="2692" WIDTH="356" HEIGHT="47" CONTENT="Verleumdern" WC="0.99" CC="00631070044"/>
						<SP ID="P11_SP00194" HPOS="785" VPOS="2739" WIDTH="53"/>
						<String ID="P11_ST00232" HPOS="838" VPOS="2697" WIDTH="134" HEIGHT="43" CONTENT="nicht" WC="1.00" CC="00000"/>
						<SP ID="P11_SP00195" HPOS="972" VPOS="2740" WIDTH="51"/>
						<String ID="P11_ST00233" HPOS="1023" VPOS="2697" WIDTH="336" HEIGHT="46" CONTENT="hinterbracht" WC="1.00" CC="303002445000"/>
					</TextLine>
					<TextLine ID="P11_TL00039" HPOS="160" VPOS="2761" WIDTH="1195" HEIGHT="58">
						<String ID="P11_ST00234" HPOS="160" VPOS="2761" WIDTH="205" HEIGHT="45" CONTENT="worden" WC="0.99" CC="207005"/>
						<SP ID="P11_SP00196" HPOS="365" VPOS="2806" WIDTH="31"/>
						<String ID="P11_ST00235" HPOS="396" VPOS="2763" WIDTH="77" HEIGHT="56" CONTENT="ist," WC="0.98" CC="0033"/>
						<SP ID="P11_SP00197" HPOS="473" VPOS="2819" WIDTH="33"/>
						<String ID="P11_ST00236" HPOS="506" VPOS="2764" WIDTH="214" HEIGHT="46" CONTENT="sondern" WC="0.99" CC="0040026"/>
						<SP ID="P11_SP00198" HPOS="720" VPOS="2819" WIDTH="33"/>
						<String ID="P11_ST00237" HPOS="753" VPOS="2766" WIDTH="334" HEIGHT="47" CONTENT="hinterbracht" WC="1.00" CC="003202640010"/>
						<SP ID="P11_SP00199" HPOS="1087" VPOS="2819" WIDTH="32"/>
						<String ID="P11_ST00238" HPOS="1119" VPOS="2770" WIDTH="102" HEIGHT="43" CONTENT="sein" WC="0.98" CC="0053"/>
						<SP ID="P11_SP00200" HPOS="1221" VPOS="2819" WIDTH="29"/>
						<String ID="P11_ST00239" HPOS="1250" VPOS="2771" WIDTH="105" HEIGHT="43" CONTENT="soll." WC="0.99" CC="00040"/>
					</TextLine>
					<TextLine ID="P11_TL00040" HPOS="160" VPOS="2831" WIDTH="1198" HEIGHT="63">
						<String ID="P11_ST00240" HPOS="160" VPOS="2831" WIDTH="79" HEIGHT="45" CONTENT="Sie" WC="1.00" CC="000"/>
						<SP ID="P11_SP00201" HPOS="239" VPOS="2876" WIDTH="33"/>
						<String ID="P11_ST00241" HPOS="272" VPOS="2832" WIDTH="110" HEIGHT="44" CONTENT="sind" WC="0.99" CC="0060"/>
						<SP ID="P11_SP00202" HPOS="382" VPOS="2876" WIDTH="14"/>
						<String ID="P11_ST00242" HPOS="396" VPOS="2832" WIDTH="97" HEIGHT="46" CONTENT='"ein' WC="0.97" CC="7051"/>
						<SP ID="P11_SP00203" HPOS="493" VPOS="2878" WIDTH="33"/>
						<String ID="P11_ST00243" HPOS="526" VPOS="2848" WIDTH="60" HEIGHT="31" CONTENT="zu" WC="0.76" CC="04"/>
						<SP ID="P11_SP00204" HPOS="586" VPOS="2879" WIDTH="31"/>
						<String ID="P11_ST00244" HPOS="617" VPOS="2837" WIDTH="243" HEIGHT="57" CONTENT="spassiger" WC="0.71" CC="081000906"/>
						<SP ID="P11_SP00205" HPOS="860" VPOS="2894" WIDTH="32"/>
						<String ID="P11_ST00245" HPOS="892" VPOS="2838" WIDTH="137" HEIGHT="45" CONTENT="Herr." WC="0.98" CC="40450"/>
						<SP ID="P11_SP00206" HPOS="1029" VPOS="2894" WIDTH="63"/>
						<String ID="P11_ST00246" HPOS="1092" VPOS="2838" WIDTH="83" HEIGHT="45" CONTENT="Ich" WC="0.98" CC="060"/>
						<SP ID="P11_SP00207" HPOS="1175" VPOS="2894" WIDTH="32"/>
						<String ID="P11_ST00247" HPOS="1207" VPOS="2841" WIDTH="151" HEIGHT="43" CONTENT="werfe" WC="0.99" CC="00400"/>
					</TextLine>
					<TextLine ID="P11_TL00041" HPOS="159" VPOS="2903" WIDTH="1196" HEIGHT="66">
						<String ID="P11_ST00248" HPOS="159" VPOS="2903" WIDTH="154" HEIGHT="46" CONTENT="Ihnen" WC="1.00" CC="20000"/>
						<SP ID="P11_SP00208" HPOS="313" VPOS="2949" WIDTH="34"/>
						<String ID="P11_ST00249" HPOS="347" VPOS="2904" WIDTH="309" HEIGHT="59" CONTENT="Unfähigkeit" WC="1.00" CC="02110090040"/>
						<SP ID="P11_SP00209" HPOS="656" VPOS="2963" WIDTH="47"/>
						<String ID="P11_ST00250" HPOS="703" VPOS="2908" WIDTH="102" HEIGHT="44" CONTENT="und" WC="0.99" CC="200"/>
						<SP ID="P11_SP00210" HPOS="805" VPOS="2963" WIDTH="32"/>
						<String ID="P11_ST00251" HPOS="837" VPOS="2908" WIDTH="370" HEIGHT="60" CONTENT="Unwürdigkeit" WC="0.92" CC="000060300000"/>
						<SP ID="P11_SP00211" HPOS="1207" VPOS="2968" WIDTH="47"/>
						<String ID="P11_ST00252" HPOS="1254" VPOS="2926" WIDTH="101" HEIGHT="43" CONTENT="vor," WC="1.00" CC="0000"/>
					</TextLine>
					<TextLine ID="P11_TL00042" HPOS="160" VPOS="2974" WIDTH="1197" HEIGHT="60">
						<String ID="P11_ST00253" HPOS="160" VPOS="2974" WIDTH="103" HEIGHT="43" CONTENT="und" WC="0.98" CC="220"/>
						<SP ID="P11_SP00212" HPOS="263" VPOS="3017" WIDTH="32"/>
						<String ID="P11_ST00254" HPOS="295" VPOS="2974" WIDTH="80" HEIGHT="46" CONTENT="Sie" WC="0.99" CC="010"/>
						<SP ID="P11_SP00213" HPOS="375" VPOS="3020" WIDTH="33"/>
						<String ID="P11_ST00255" HPOS="408" VPOS="2975" WIDTH="272" HEIGHT="59" CONTENT="schreiben," WC="1.00" CC="0022003010"/>
						<SP ID="P11_SP00214" HPOS="680" VPOS="3034" WIDTH="39"/>
						<String ID="P11_ST00256" HPOS="719" VPOS="2978" WIDTH="125" HEIGHT="44" CONTENT="Herr" WC="0.98" CC="0024"/>
						<SP ID="P11_SP00215" HPOS="844" VPOS="3034" WIDTH="31"/>
						<String ID="P11_ST00257" HPOS="875" VPOS="2979" WIDTH="206" HEIGHT="46" CONTENT="Waiden" WC="0.99" CC="025000"/>
						<SP ID="P11_SP00216" HPOS="1081" VPOS="3034" WIDTH="34"/>
						<String ID="P11_ST00258" HPOS="1115" VPOS="2982" WIDTH="126" HEIGHT="44" CONTENT="habe" WC="0.98" CC="0460"/>
						<SP ID="P11_SP00217" HPOS="1241" VPOS="3034" WIDTH="32"/>
						<String ID="P11_ST00259" HPOS="1273" VPOS="2983" WIDTH="63" HEIGHT="43" CONTENT="sil" SUBS_TYPE="HypPart1" SUBS_CONTENT="silberne" WC="1.00" CC="000"/>
						<HYP HPOS="1336" VPOS="2983" WIDTH="21" CONTENT="-"/>
					</TextLine>
					<TextLine ID="P11_TL00043" HPOS="159" VPOS="3045" WIDTH="1199" HEIGHT="59">
						<String ID="P11_ST00260" HPOS="159" VPOS="3045" WIDTH="151" HEIGHT="45" CONTENT="berne" SUBS_TYPE="HypPart2" SUBS_CONTENT="silberne" WC="0.98" CC="50460"/>
						<SP ID="P11_SP00218" HPOS="310" VPOS="3090" WIDTH="23"/>
						<String ID="P11_ST00261" HPOS="333" VPOS="3046" WIDTH="155" HEIGHT="45" CONTENT="Löffel" WC="1.00" CC="000002"/>
						<SP ID="P11_SP00219" HPOS="488" VPOS="3091" WIDTH="32"/>
						<String ID="P11_ST00262" HPOS="520" VPOS="3048" WIDTH="265" HEIGHT="56" CONTENT="gestohlen." WC="1.00" CC="0000000043"/>
						<SP ID="P11_SP00220" HPOS="785" VPOS="3104" WIDTH="62"/>
						<String ID="P11_ST00263" HPOS="847" VPOS="3049" WIDTH="99" HEIGHT="46" CONTENT="Auf" WC="1.00" CC="000"/>
						<SP ID="P11_SP00221" HPOS="946" VPOS="3104" WIDTH="27"/>
						<String ID="P11_ST00264" HPOS="973" VPOS="3053" WIDTH="168" HEIGHT="43" CONTENT="solche" WC="0.99" CC="007000"/>
						<SP ID="P11_SP00222" HPOS="1141" VPOS="3104" WIDTH="31"/>
						<String ID="P11_ST00265" HPOS="1172" VPOS="3054" WIDTH="186" HEIGHT="44" CONTENT="falsche" WC="0.99" CC="0133030"/>
					</TextLine>
					<TextLine ID="P11_TL00044" HPOS="159" VPOS="3116" WIDTH="1198" HEIGHT="63">
						<String ID="P11_ST00266" HPOS="159" VPOS="3116" WIDTH="147" HEIGHT="57" CONTENT="Wege" WC="0.98" CC="7000"/>
						<SP ID="P11_SP00223" HPOS="306" VPOS="3173" WIDTH="33"/>
						<String ID="P11_ST00267" HPOS="339" VPOS="3116" WIDTH="87" HEIGHT="46" CONTENT="der" WC="0.98" CC="005"/>
						<SP ID="P11_SP00224" HPOS="426" VPOS="3173" WIDTH="33"/>
						<String ID="P11_ST00268" HPOS="459" VPOS="3119" WIDTH="343" HEIGHT="60" CONTENT="Verteidigung" WC="0.99" CC="005500779200"/>
						<SP ID="P11_SP00225" HPOS="802" VPOS="3179" WIDTH="30"/>
						<String ID="P11_ST00269" HPOS="832" VPOS="3121" WIDTH="133" HEIGHT="45" CONTENT="führt" WC="1.00" CC="00010"/>
						<SP ID="P11_SP00226" HPOS="965" VPOS="3179" WIDTH="32"/>
						<String ID="P11_ST00270" HPOS="997" VPOS="3123" WIDTH="80" HEIGHT="45" CONTENT="Sie" WC="0.99" CC="030"/>
						<SP ID="P11_SP00227" HPOS="1077" VPOS="3179" WIDTH="47"/>
						<String ID="P11_ST00271" HPOS="1124" VPOS="3139" WIDTH="92" HEIGHT="29" CONTENT="nur" WC="0.97" CC="026"/>
						<SP ID="P11_SP00228" HPOS="1216" VPOS="3179" WIDTH="30"/>
						<String ID="P11_ST00272" HPOS="1246" VPOS="3125" WIDTH="111" HEIGHT="45" CONTENT="Ihre" WC="0.99" CC="1030"/>
					</TextLine>
					<TextLine ID="P11_TL00045" HPOS="159" VPOS="3186" WIDTH="1196" HEIGHT="65">
						<String ID="P11_ST00273" HPOS="159" VPOS="3186" WIDTH="272" HEIGHT="59" CONTENT="Ungeduld." WC="0.99" CC="139004003"/>
						<SP ID="P11_SP00229" HPOS="431" VPOS="3245" WIDTH="61"/>
						<String ID="P11_ST00274" HPOS="492" VPOS="3189" WIDTH="84" HEIGHT="45" CONTENT="Ich" WC="0.99" CC="200"/>
						<SP ID="P11_SP00230" HPOS="576" VPOS="3245" WIDTH="22"/>
						<String ID="P11_ST00275" HPOS="598" VPOS="3190" WIDTH="285" HEIGHT="47" CONTENT="beschwöre" WC="1.00" CC="200020060"/>
						<SP ID="P11_SP00231" HPOS="883" VPOS="3245" WIDTH="23"/>
						<String ID="P11_ST00276" HPOS="906" VPOS="3191" WIDTH="78" HEIGHT="46" CONTENT="Sie" WC="1.00" CC="000"/>
						<SP ID="P11_SP00232" HPOS="984" VPOS="3245" WIDTH="25"/>
						<String ID="P11_ST00277" HPOS="1009" VPOS="3194" WIDTH="128" HEIGHT="44" CONTENT="noch" WC="1.00" CC="0100"/>
						<SP ID="P11_SP00233" HPOS="1137" VPOS="3245" WIDTH="23"/>
						<String ID="P11_ST00278" HPOS="1160" VPOS="3196" WIDTH="195" HEIGHT="55" CONTENT="einmal," WC="0.99" CC="0005534"/>
					</TextLine>
					<TextLine ID="P11_TL00046" HPOS="159" VPOS="3259" WIDTH="1195" HEIGHT="60">
						<String ID="P11_ST00279" HPOS="159" VPOS="3259" WIDTH="131" HEIGHT="44" CONTENT="seien" WC="1.00" CC="00002"/>
						<SP ID="P11_SP00234" HPOS="290" VPOS="3303" WIDTH="34"/>
						<String ID="P11_ST00280" HPOS="324" VPOS="3259" WIDTH="80" HEIGHT="45" CONTENT="Sie" WC="0.98" CC="060"/>
						<SP ID="P11_SP00235" HPOS="404" VPOS="3304" WIDTH="38"/>
						<String ID="P11_ST00281" HPOS="442" VPOS="3261" WIDTH="240" HEIGHT="58" CONTENT="geduldig." WC="0.99" CC="800510770"/>
						<SP ID="P11_SP00236" HPOS="682" VPOS="3319" WIDTH="65"/>
						<String ID="P11_ST00282" HPOS="747" VPOS="3261" WIDTH="80" HEIGHT="47" CONTENT="Sie" WC="1.00" CC="000"/>
						<SP ID="P11_SP00237" HPOS="827" VPOS="3319" WIDTH="30"/>
						<String ID="P11_ST00283" HPOS="857" VPOS="3264" WIDTH="201" HEIGHT="44" CONTENT="werden" WC="0.99" CC="006100"/>
						<SP ID="P11_SP00238" HPOS="1058" VPOS="3319" WIDTH="47"/>
						<String ID="P11_ST00284" HPOS="1105" VPOS="3266" WIDTH="88" HEIGHT="43" CONTENT="auf" WC="0.99" CC="300"/>
						<SP ID="P11_SP00239" HPOS="1193" VPOS="3319" WIDTH="43"/>
						<String ID="P11_ST00285" HPOS="1236" VPOS="3269" WIDTH="118" HEIGHT="43" CONTENT="alles" WC="0.99" CC="05000"/>
					</TextLine>
					<TextLine ID="P11_TL00047" HPOS="156" VPOS="3328" WIDTH="1199" HEIGHT="64">
						<String ID="P11_ST00286" HPOS="156" VPOS="3328" WIDTH="82" HEIGHT="46" CONTENT="die" WC="0.99" CC="020"/>
						<SP ID="P11_SP00240" HPOS="238" VPOS="3374" WIDTH="31"/>
						<String ID="P11_ST00287" HPOS="269" VPOS="3332" WIDTH="313" HEIGHT="56" CONTENT="gewünschte" WC="0.99" CC="9090110000"/>
						<SP ID="P11_SP00241" HPOS="582" VPOS="3388" WIDTH="33"/>
						<String ID="P11_ST00288" HPOS="615" VPOS="3333" WIDTH="221" HEIGHT="47" CONTENT="Antwort" WC="1.00" CC="1300000"/>
						<SP ID="P11_SP00242" HPOS="836" VPOS="3388" WIDTH="30"/>
						<String ID="P11_ST00289" HPOS="866" VPOS="3335" WIDTH="232" HEIGHT="57" CONTENT="erhalten," WC="1.00" CC="044100000"/>
						<SP ID="P11_SP00243" HPOS="1098" VPOS="3392" WIDTH="34"/>
						<String ID="P11_ST00290" HPOS="1132" VPOS="3339" WIDTH="87" HEIGHT="43" CONTENT="auf" WC="0.98" CC="031"/>
						<SP ID="P11_SP00244" HPOS="1219" VPOS="3392" WIDTH="27"/>
						<String ID="P11_ST00291" HPOS="1246" VPOS="3339" WIDTH="109" HEIGHT="44" CONTENT="Ihre" WC="0.98" CC="7020"/>
					</TextLine>
					<TextLine ID="P11_TL00048" HPOS="158" VPOS="3402" WIDTH="1196" HEIGHT="65">
						<String ID="P11_ST00292" HPOS="158" VPOS="3402" WIDTH="263" HEIGHT="48" CONTENT="Torheiten" WC="1.00" CC="000100406"/>
						<SP ID="P11_SP00245" HPOS="421" VPOS="3450" WIDTH="15"/>
						<String ID="P11_ST00293" HPOS="436" VPOS="3406" WIDTH="103" HEIGHT="46" CONTENT="und" WC="0.97" CC="420"/>
						<SP ID="P11_SP00246" HPOS="539" VPOS="3452" WIDTH="12"/>
						<String ID="P11_ST00294" HPOS="551" VPOS="3408" WIDTH="88" HEIGHT="44" CONTENT="auf" WC="0.98" CC="220"/>
						<SP ID="P11_SP00247" HPOS="639" VPOS="3452" WIDTH="6"/>
						<String ID="P11_ST00295" HPOS="645" VPOS="3408" WIDTH="111" HEIGHT="45" CONTENT="Ihre" WC="0.98" CC="4300"/>
						<SP ID="P11_SP00248" HPOS="756" VPOS="3453" WIDTH="11"/>
						<String ID="P11_ST00296" HPOS="767" VPOS="3407" WIDTH="393" HEIGHT="46" CONTENT="Unwahrheiten." WC="1.00" CC="0000266000050"/>
						<SP ID="P11_SP00249" HPOS="1160" VPOS="3453" WIDTH="19"/>
						<String ID="P11_ST00297" HPOS="1179" VPOS="3410" WIDTH="62" HEIGHT="44" CONTENT="Es" WC="1.00" CC="00"/>
						<SP ID="P11_SP00250" HPOS="1241" VPOS="3454" WIDTH="15"/>
						<String ID="P11_ST00298" HPOS="1256" VPOS="3411" WIDTH="98" HEIGHT="56" CONTENT="gibt" WC="0.97" CC="8400"/>
					</TextLine>
					<TextLine ID="P11_TL00049" HPOS="156" VPOS="3474" WIDTH="1199" HEIGHT="61">
						<String ID="P11_ST00299" HPOS="156" VPOS="3474" WIDTH="159" HEIGHT="46" CONTENT="nichts" WC="0.99" CC="520000"/>
						<SP ID="P11_SP00251" HPOS="315" VPOS="3520" WIDTH="32"/>
						<String ID="P11_ST00300" HPOS="347" VPOS="3477" WIDTH="51" HEIGHT="43" CONTENT="in" WC="0.56" CC="35"/>
						<SP ID="P11_SP00252" HPOS="398" VPOS="3520" WIDTH="31"/>
						<String ID="P11_ST00301" HPOS="429" VPOS="3476" WIDTH="163" HEIGHT="47" CONTENT="Ihrem" WC="0.99" CC="30006"/>
						<SP ID="P11_SP00253" HPOS="592" VPOS="3523" WIDTH="33"/>
						<String ID="P11_ST00302" HPOS="625" VPOS="3478" WIDTH="197" HEIGHT="57" CONTENT="Artikel," WC="1.00" CC="04000031"/>
						<SP ID="P11_SP00254" HPOS="822" VPOS="3535" WIDTH="48"/>
						<String ID="P11_ST00303" HPOS="870" VPOS="3478" WIDTH="87" HEIGHT="46" CONTENT="das" WC="0.97" CC="520"/>
						<SP ID="P11_SP00255" HPOS="957" VPOS="3535" WIDTH="31"/>
						<String ID="P11_ST00304" HPOS="988" VPOS="3479" WIDTH="79" HEIGHT="45" CONTENT="ich" WC="0.99" CC="002"/>
						<SP ID="P11_SP00256" HPOS="1067" VPOS="3535" WIDTH="34"/>
						<String ID="P11_ST00305" HPOS="1101" VPOS="3479" WIDTH="134" HEIGHT="45" CONTENT="nicht" WC="0.98" CC="75020"/>
						<SP ID="P11_SP00257" HPOS="1235" VPOS="3535" WIDTH="31"/>
						<String ID="P11_ST00306" HPOS="1266" VPOS="3482" WIDTH="89" HEIGHT="42" CONTENT="mit" WC="0.98" CC="040"/>
					</TextLine>
					<TextLine ID="P11_TL00050" HPOS="158" VPOS="3547" WIDTH="1195" HEIGHT="62">
						<String ID="P11_ST00307" HPOS="158" VPOS="3547" WIDTH="674" HEIGHT="62" CONTENT="Dokumenten'widerlegen" WC="1.00" CC="000350400344000660905"/>
						<SP ID="P11_SP00258" HPOS="832" VPOS="3609" WIDTH="32"/>
						<String ID="P11_ST00308" HPOS="864" VPOS="3552" WIDTH="181" HEIGHT="46" CONTENT="werde." WC="1.00" CC="002000"/>
						<SP ID="P11_SP00259" HPOS="1045" VPOS="3609" WIDTH="53"/>
						<String ID="P11_ST00309" HPOS="1098" VPOS="3552" WIDTH="129" HEIGHT="44" CONTENT="Aber" WC="0.98" CC="0406"/>
						<SP ID="P11_SP00260" HPOS="1227" VPOS="3609" WIDTH="33"/>
						<String ID="P11_ST00310" HPOS="1260" VPOS="3552" WIDTH="62" HEIGHT="44" CONTENT="Ge" SUBS_TYPE="HypPart1" SUBS_CONTENT="Geduld" WC="0.97" CC="30"/>
						<HYP HPOS="1322" VPOS="3552" WIDTH="31" CONTENT="-"/>
					</TextLine>
					<TextLine ID="P11_TL00051" HPOS="156" VPOS="3618" WIDTH="1198" HEIGHT="49">
						<String ID="P11_ST00311" HPOS="156" VPOS="3618" WIDTH="124" HEIGHT="44" CONTENT="duld" SUBS_TYPE="HypPart2" SUBS_CONTENT="Geduld" WC="1.00" CC="0100"/>
						<SP ID="P11_SP00261" HPOS="280" VPOS="3662" WIDTH="35"/>
						<String ID="P11_ST00312" HPOS="315" VPOS="3623" WIDTH="201" HEIGHT="42" CONTENT="müssen" WC="0.98" CC="900006"/>
						<SP ID="P11_SP00262" HPOS="516" VPOS="3665" WIDTH="33"/>
						<String ID="P11_ST00313" HPOS="549" VPOS="3620" WIDTH="80" HEIGHT="46" CONTENT="Sie" WC="1.00" CC="000"/>
						<SP ID="P11_SP00263" HPOS="629" VPOS="3666" WIDTH="47"/>
						<String ID="P11_ST00314" HPOS="676" VPOS="3623" WIDTH="173" HEIGHT="44" CONTENT="haben." WC="1.00" CC="003002"/>
						<SP ID="P11_SP00264" HPOS="849" VPOS="3667" WIDTH="63"/>
						<String ID="P11_ST00315" HPOS="912" VPOS="3623" WIDTH="83" HEIGHT="44" CONTENT="Ich" WC="1.00" CC="000"/>
						<SP ID="P11_SP00265" HPOS="995" VPOS="3667" WIDTH="48"/>
						<String ID="P11_ST00316" HPOS="1043" VPOS="3624" WIDTH="128" HEIGHT="43" CONTENT="kann" WC="0.98" CC="0233"/>
						<SP ID="P11_SP00266" HPOS="1171" VPOS="3667" WIDTH="50"/>
						<String ID="P11_ST00317" HPOS="1221" VPOS="3624" WIDTH="133" HEIGHT="43" CONTENT="nicht" WC="0.98" CC="65050"/>
					</TextLine>
					<TextLine ID="P11_TL00052" HPOS="156" VPOS="3690" WIDTH="1198" HEIGHT="51">
						<String ID="P11_ST00318" HPOS="156" VPOS="3690" WIDTH="121" HEIGHT="45" CONTENT="alles" WC="0.98" CC="31530"/>
						<SP ID="P11_SP00267" HPOS="277" VPOS="3735" WIDTH="33"/>
						<String ID="P11_ST00319" HPOS="310" VPOS="3692" WIDTH="88" HEIGHT="43" CONTENT="auf" WC="0.97" CC="350"/>
						<SP ID="P11_SP00268" HPOS="398" VPOS="3735" WIDTH="25"/>
						<String ID="P11_ST00320" HPOS="423" VPOS="3692" WIDTH="183" HEIGHT="44" CONTENT="einmal" WC="1.00" CC="000000"/>
						<SP ID="P11_SP00269" HPOS="606" VPOS="3736" WIDTH="23"/>
						<String ID="P11_ST00321" HPOS="629" VPOS="3694" WIDTH="414" HEIGHT="45" CONTENT="veröffentlichen." WC="1.00" CC="6010000202000030"/>
						<SP ID="P11_SP00270" HPOS="1043" VPOS="3739" WIDTH="62"/>
						<String ID="P11_ST00322" HPOS="1105" VPOS="3695" WIDTH="106" HEIGHT="46" CONTENT="Nur" WC="0.98" CC="005"/>
						<SP ID="P11_SP00271" HPOS="1211" VPOS="3741" WIDTH="21"/>
						<String ID="P11_ST00323" HPOS="1232" VPOS="3698" WIDTH="122" HEIGHT="43" CONTENT="über" WC="0.97" CC="0605"/>
					</TextLine>
					<TextLine ID="P11_TL00053" HPOS="156" VPOS="3761" WIDTH="1197" HEIGHT="64">
						<String ID="P11_ST00324" HPOS="156" VPOS="3761" WIDTH="87" HEIGHT="45" CONTENT="das" WC="1.00" CC="100"/>
						<SP ID="P11_SP00272" HPOS="243" VPOS="3806" WIDTH="20"/>
						<String ID="P11_ST00325" HPOS="263" VPOS="3761" WIDTH="205" HEIGHT="47" CONTENT="Gröbste" WC="0.98" CC="0786000"/>
						<SP ID="P11_SP00273" HPOS="468" VPOS="3808" WIDTH="16"/>
						<String ID="P11_ST00326" HPOS="484" VPOS="3764" WIDTH="104" HEIGHT="44" CONTENT="will" WC="0.97" CC="0445"/>
						<SP ID="P11_SP00274" HPOS="588" VPOS="3808" WIDTH="18"/>
						<String ID="P11_ST00327" HPOS="606" VPOS="3764" WIDTH="80" HEIGHT="46" CONTENT="ich" WC="0.99" CC="001"/>
						<SP ID="P11_SP00275" HPOS="686" VPOS="3810" WIDTH="19"/>
						<String ID="P11_ST00328" HPOS="705" VPOS="3765" WIDTH="80" HEIGHT="46" CONTENT="Sie" WC="0.99" CC="010"/>
						<SP ID="P11_SP00276" HPOS="785" VPOS="3811" WIDTH="19"/>
						<String ID="P11_ST00329" HPOS="804" VPOS="3768" WIDTH="155" HEIGHT="57" CONTENT="eiligst" WC="1.00" CC="0000000"/>
						<SP ID="P11_SP00277" HPOS="959" VPOS="3825" WIDTH="15"/>
						<String ID="P11_ST00330" HPOS="974" VPOS="3768" WIDTH="247" HEIGHT="46" CONTENT="belehren." WC="1.00" CC="601000030"/>
						<SP ID="P11_SP00278" HPOS="1221" VPOS="3825" WIDTH="25"/>
						<String ID="P11_ST00331" HPOS="1246" VPOS="3769" WIDTH="107" HEIGHT="45" CONTENT="Alle" WC="0.98" CC="0520"/>
					</TextLine>
					<TextLine ID="P11_TL00054" HPOS="155" VPOS="3833" WIDTH="1195" HEIGHT="66">
						<String ID="P11_ST00332" HPOS="155" VPOS="3833" WIDTH="451" HEIGHT="59" CONTENT="Verdächtigungen" WC="1.00" CC="005024530430003"/>
						<SP ID="P11_SP00279" HPOS="606" VPOS="3892" WIDTH="43"/>
						<String ID="P11_ST00333" HPOS="649" VPOS="3838" WIDTH="121" HEIGHT="44" CONTENT="über" WC="0.98" CC="0406"/>
						<SP ID="P11_SP00280" HPOS="770" VPOS="3892" WIDTH="35"/>
						<String ID="P11_ST00334" HPOS="805" VPOS="3838" WIDTH="545" HEIGHT="61" CONTENT="Nicht-Auszahlungen" WC="1.00" CC="030000030000022001"/>
					</TextLine>
				</TextBlock>
				<TextBlock ID="P11_TB00004" HPOS="1423" VPOS="93" WIDTH="1195" HEIGHT="3807" STYLEREFS="TXT_0 PAR_BLOCK">
					<TextLine ID="P11_TL00055" HPOS="1434" VPOS="93" WIDTH="1172" HEIGHT="63">
						<String ID="P11_ST00335" HPOS="1434" VPOS="104" WIDTH="60" HEIGHT="29" CONTENT="an" WC="0.24" CC="77"/>
						<SP ID="P11_SP00281" HPOS="1494" VPOS="133" WIDTH="33"/>
						<String ID="P11_ST00336" HPOS="1527" VPOS="93" WIDTH="76" HEIGHT="41" CONTENT="In-" WC="0.97" CC="080"/>
						<SP ID="P11_SP00282" HPOS="1603" VPOS="134" WIDTH="23"/>
						<String ID="P11_ST00337" HPOS="1626" VPOS="94" WIDTH="99" HEIGHT="42" CONTENT="und" WC="0.93" CC="376"/>
						<SP ID="P11_SP00283" HPOS="1725" VPOS="136" WIDTH="24"/>
						<String ID="P11_ST00338" HPOS="1749" VPOS="94" WIDTH="267" HEIGHT="47" CONTENT="Ausländer" WC="0.98" CC="173556065"/>
						<SP ID="P11_SP00284" HPOS="2016" VPOS="141" WIDTH="21"/>
						<String ID="P11_ST00339" HPOS="2037" VPOS="99" WIDTH="115" HEIGHT="43" CONTENT="bitte" WC="0.98" CC="31006"/>
						<SP ID="P11_SP00285" HPOS="2152" VPOS="142" WIDTH="20"/>
						<String ID="P11_ST00340" HPOS="2172" VPOS="101" WIDTH="79" HEIGHT="43" CONTENT="ich" WC="0.96" CC="505"/>
						<SP ID="P11_SP00286" HPOS="2251" VPOS="144" WIDTH="23"/>
						<String ID="P11_ST00341" HPOS="2274" VPOS="101" WIDTH="90" HEIGHT="55" CONTENT="Sie," WC="0.97" CC="0670"/>
						<SP ID="P11_SP00287" HPOS="2364" VPOS="156" WIDTH="34"/>
						<String ID="P11_ST00342" HPOS="2398" VPOS="118" WIDTH="57" HEIGHT="28" CONTENT="an" WC="0.30" CC="67"/>
						<SP ID="P11_SP00288" HPOS="2455" VPOS="156" WIDTH="24"/>
						<String ID="P11_ST00343" HPOS="2479" VPOS="106" WIDTH="127" HEIGHT="44" CONTENT="mich" WC="0.97" CC="8003"/>
					</TextLine>
					<TextLine ID="P11_TL00056" HPOS="1434" VPOS="162" WIDTH="1174" HEIGHT="64">
						<String ID="P11_ST00344" HPOS="1434" VPOS="162" WIDTH="277" HEIGHT="55" CONTENT="persönlich" WC="1.00" CC="1040200000"/>
						<SP ID="P11_SP00289" HPOS="1711" VPOS="217" WIDTH="33"/>
						<String ID="P11_ST00345" HPOS="1744" VPOS="177" WIDTH="58" HEIGHT="30" CONTENT="zu" WC="0.71" CC="05"/>
						<SP ID="P11_SP00290" HPOS="1802" VPOS="217" WIDTH="32"/>
						<String ID="P11_ST00346" HPOS="1834" VPOS="166" WIDTH="201" HEIGHT="46" CONTENT="richten." WC="0.99" CC="24006054"/>
						<SP ID="P11_SP00291" HPOS="2035" VPOS="217" WIDTH="61"/>
						<String ID="P11_ST00347" HPOS="2096" VPOS="169" WIDTH="103" HEIGHT="44" CONTENT="Nur" WC="0.96" CC="332"/>
						<SP ID="P11_SP00292" HPOS="2199" VPOS="217" WIDTH="31"/>
						<String ID="P11_ST00348" HPOS="2230" VPOS="171" WIDTH="92" HEIGHT="55" CONTENT="ich," WC="1.00" CC="0002"/>
						<SP ID="P11_SP00293" HPOS="2322" VPOS="226" WIDTH="32"/>
						<String ID="P11_ST00349" HPOS="2354" VPOS="172" WIDTH="78" HEIGHT="44" CONTENT="ich" WC="1.00" CC="000"/>
						<SP ID="P11_SP00294" HPOS="2432" VPOS="226" WIDTH="33"/>
						<String ID="P11_ST00350" HPOS="2465" VPOS="175" WIDTH="143" HEIGHT="43" CONTENT="allein" WC="0.99" CC="077000"/>
					</TextLine>
					<TextLine ID="P11_TL00057" HPOS="1434" VPOS="230" WIDTH="1176" HEIGHT="69">
						<String ID="P11_ST00351" HPOS="1434" VPOS="230" WIDTH="81" HEIGHT="43" CONTENT="bin" WC="0.97" CC="601"/>
						<SP ID="P11_SP00295" HPOS="1515" VPOS="273" WIDTH="50"/>
						<String ID="P11_ST00352" HPOS="1565" VPOS="232" WIDTH="77" HEIGHT="42" CONTENT="für" WC="1.00" CC="000"/>
						<SP ID="P11_SP00296" HPOS="1642" VPOS="274" WIDTH="47"/>
						<String ID="P11_ST00353" HPOS="1689" VPOS="232" WIDTH="78" HEIGHT="45" CONTENT="die" WC="1.00" CC="000"/>
						<SP ID="P11_SP00297" HPOS="1767" VPOS="277" WIDTH="46"/>
						<String ID="P11_ST00354" HPOS="1813" VPOS="249" WIDTH="95" HEIGHT="30" CONTENT="von" WC="0.96" CC="605"/>
						<SP ID="P11_SP00298" HPOS="1908" VPOS="279" WIDTH="47"/>
						<String ID="P11_ST00355" HPOS="1955" VPOS="236" WIDTH="148" HEIGHT="44" CONTENT="Ihnen" WC="1.00" CC="00400"/>
						<SP ID="P11_SP00299" HPOS="2103" VPOS="280" WIDTH="50"/>
						<String ID="P11_ST00356" HPOS="2153" VPOS="252" WIDTH="52" HEIGHT="30" CONTENT="so" WC="0.95" CC="00"/>
						<SP ID="P11_SP00300" HPOS="2205" VPOS="282" WIDTH="33"/>
						<String ID="P11_ST00357" HPOS="2238" VPOS="241" WIDTH="263" HEIGHT="44" CONTENT="sehnlichst" WC="1.00" CC="0112000600"/>
						<SP ID="P11_SP00301" HPOS="2501" VPOS="285" WIDTH="30"/>
						<String ID="P11_ST00358" HPOS="2531" VPOS="256" WIDTH="53" HEIGHT="43" CONTENT="ge" SUBS_TYPE="HypPart1" SUBS_CONTENT="gewünschten" WC="0.99" CC="00"/>
						<HYP HPOS="2584" VPOS="256" WIDTH="26" CONTENT="-"/>
					</TextLine>
					<TextLine ID="P11_TL00058" HPOS="1434" VPOS="301" WIDTH="1177" HEIGHT="64">
						<String ID="P11_ST00359" HPOS="1434" VPOS="301" WIDTH="285" HEIGHT="43" CONTENT="wünschten" SUBS_TYPE="HypPart2" SUBS_CONTENT="gewünschten" WC="1.00" CC="201000000"/>
						<SP ID="P11_SP00302" HPOS="1719" VPOS="344" WIDTH="48"/>
						<String ID="P11_ST00360" HPOS="1767" VPOS="303" WIDTH="186" HEIGHT="45" CONTENT="Delikte" WC="0.99" CC="0030360"/>
						<SP ID="P11_SP00303" HPOS="1953" VPOS="348" WIDTH="45"/>
						<String ID="P11_ST00361" HPOS="1998" VPOS="311" WIDTH="404" HEIGHT="54" CONTENT="verantwortlich," WC="1.00" CC="003000000044000"/>
						<SP ID="P11_SP00304" HPOS="2402" VPOS="365" WIDTH="49"/>
						<String ID="P11_ST00362" HPOS="2451" VPOS="326" WIDTH="128" HEIGHT="29" CONTENT="mora" SUBS_TYPE="HypPart1" SUBS_CONTENT="moralisch," WC="0.99" CC="5020"/>
						<HYP HPOS="2579" VPOS="326" WIDTH="32" CONTENT="-"/>
					</TextLine>
					<TextLine ID="P11_TL00059" HPOS="1434" VPOS="368" WIDTH="1177" HEIGHT="57">
						<String ID="P11_ST00363" HPOS="1434" VPOS="368" WIDTH="136" HEIGHT="56" CONTENT="lisch," SUBS_TYPE="HypPart2" SUBS_CONTENT="moralisch," WC="0.99" CC="000060"/>
						<SP ID="P11_SP00305" HPOS="1570" VPOS="424" WIDTH="34"/>
						<String ID="P11_ST00364" HPOS="1604" VPOS="369" WIDTH="186" HEIGHT="46" CONTENT="ethisch" WC="1.00" CC="0000000"/>
						<SP ID="P11_SP00306" HPOS="1790" VPOS="424" WIDTH="33"/>
						<String ID="P11_ST00365" HPOS="1823" VPOS="373" WIDTH="100" HEIGHT="43" CONTENT="und" WC="0.99" CC="020"/>
						<SP ID="P11_SP00307" HPOS="1923" VPOS="424" WIDTH="22"/>
						<String ID="P11_ST00366" HPOS="1945" VPOS="388" WIDTH="87" HEIGHT="31" CONTENT="vor" WC="1.00" CC="000"/>
						<SP ID="P11_SP00308" HPOS="2032" VPOS="424" WIDTH="22"/>
						<String ID="P11_ST00367" HPOS="2054" VPOS="378" WIDTH="145" HEIGHT="42" CONTENT="allem" WC="0.98" CC="40205"/>
						<SP ID="P11_SP00309" HPOS="2199" VPOS="424" WIDTH="21"/>
						<String ID="P11_ST00368" HPOS="2220" VPOS="379" WIDTH="247" HEIGHT="45" CONTENT="rechtlich." WC="0.99" CC="5000640041"/>
						<SP ID="P11_SP00310" HPOS="2467" VPOS="424" WIDTH="41"/>
						<String ID="P11_ST00369" HPOS="2508" VPOS="382" WIDTH="103" HEIGHT="43" CONTENT="Nur" WC="0.99" CC="100"/>
					</TextLine>
					<TextLine ID="P11_TL00060" HPOS="1434" VPOS="438" WIDTH="1176" HEIGHT="68">
						<String ID="P11_ST00370" HPOS="1434" VPOS="438" WIDTH="79" HEIGHT="43" CONTENT="ich" WC="1.00" CC="000"/>
						<SP ID="P11_SP00311" HPOS="1513" VPOS="481" WIDTH="33"/>
						<String ID="P11_ST00371" HPOS="1546" VPOS="440" WIDTH="156" HEIGHT="55" CONTENT="weiss," WC="1.00" CC="000000"/>
						<SP ID="P11_SP00312" HPOS="1702" VPOS="495" WIDTH="33"/>
						<String ID="P11_ST00372" HPOS="1735" VPOS="456" WIDTH="100" HEIGHT="29" CONTENT="was" WC="0.99" CC="030"/>
						<SP ID="P11_SP00313" HPOS="1835" VPOS="495" WIDTH="32"/>
						<String ID="P11_ST00373" HPOS="1867" VPOS="443" WIDTH="79" HEIGHT="43" CONTENT="ich" WC="0.98" CC="104"/>
						<SP ID="P11_SP00314" HPOS="1946" VPOS="495" WIDTH="32"/>
						<String ID="P11_ST00374" HPOS="1978" VPOS="459" WIDTH="57" HEIGHT="28" CONTENT="zu" WC="1.00" CC="00"/>
						<SP ID="P11_SP00315" HPOS="2035" VPOS="495" WIDTH="33"/>
						<String ID="P11_ST00375" HPOS="2068" VPOS="449" WIDTH="84" HEIGHT="40" CONTENT="tun" WC="0.96" CC="045"/>
						<SP ID="P11_SP00316" HPOS="2152" VPOS="495" WIDTH="33"/>
						<String ID="P11_ST00376" HPOS="2185" VPOS="449" WIDTH="298" HEIGHT="55" CONTENT="verpflichtet" WC="1.00" CC="102110000005"/>
						<SP ID="P11_SP00317" HPOS="2483" VPOS="504" WIDTH="32"/>
						<String ID="P11_ST00377" HPOS="2515" VPOS="452" WIDTH="95" HEIGHT="54" CONTENT="bin," WC="0.98" CC="3033"/>
					</TextLine>
					<TextLine ID="P11_TL00061" HPOS="1434" VPOS="509" WIDTH="1176" HEIGHT="65">
						<String ID="P11_ST00378" HPOS="1434" VPOS="509" WIDTH="132" HEIGHT="43" CONTENT="nicht" WC="0.99" CC="22010"/>
						<SP ID="P11_SP00318" HPOS="1566" VPOS="552" WIDTH="46"/>
						<String ID="P11_ST00379" HPOS="1612" VPOS="509" WIDTH="91" HEIGHT="44" CONTENT="Sie." WC="1.00" CC="0000"/>
						<SP ID="P11_SP00319" HPOS="1703" VPOS="553" WIDTH="85"/>
						<String ID="P11_ST00380" HPOS="1788" VPOS="513" WIDTH="136" HEIGHT="43" CONTENT="Denn" WC="1.00" CC="0002"/>
						<SP ID="P11_SP00320" HPOS="1924" VPOS="556" WIDTH="46"/>
						<String ID="P11_ST00381" HPOS="1970" VPOS="513" WIDTH="79" HEIGHT="45" CONTENT="Sie" WC="1.00" CC="000"/>
						<SP ID="P11_SP00321" HPOS="2049" VPOS="558" WIDTH="45"/>
						<String ID="P11_ST00382" HPOS="2094" VPOS="517" WIDTH="176" HEIGHT="44" CONTENT="wissen" WC="1.00" CC="000000"/>
						<SP ID="P11_SP00322" HPOS="2270" VPOS="561" WIDTH="49"/>
						<String ID="P11_ST00383" HPOS="2319" VPOS="519" WIDTH="144" HEIGHT="55" CONTENT="nicht," WC="0.99" CC="300051"/>
						<SP ID="P11_SP00323" HPOS="2463" VPOS="574" WIDTH="47"/>
						<String ID="P11_ST00384" HPOS="2510" VPOS="534" WIDTH="100" HEIGHT="30" CONTENT="was" WC="0.98" CC="500"/>
					</TextLine>
					<TextLine ID="P11_TL00062" HPOS="1434" VPOS="579" WIDTH="1180" HEIGHT="65">
						<String ID="P11_ST00385" HPOS="1434" VPOS="579" WIDTH="172" HEIGHT="44" CONTENT="Pflicht" WC="0.98" CC="3570060"/>
						<SP ID="P11_SP00324" HPOS="1606" VPOS="623" WIDTH="45"/>
						<String ID="P11_ST00386" HPOS="1651" VPOS="581" WIDTH="73" HEIGHT="42" CONTENT="ist." WC="1.00" CC="0000"/>
						<SP ID="P11_SP00325" HPOS="1724" VPOS="623" WIDTH="64"/>
						<String ID="P11_ST00387" HPOS="1788" VPOS="583" WIDTH="108" HEIGHT="43" CONTENT="Und" WC="0.99" CC="100"/>
						<SP ID="P11_SP00326" HPOS="1896" VPOS="626" WIDTH="46"/>
						<String ID="P11_ST00388" HPOS="1942" VPOS="585" WIDTH="250" HEIGHT="45" CONTENT="bedenken" WC="1.00" CC="40000001"/>
						<SP ID="P11_SP00327" HPOS="2192" VPOS="630" WIDTH="49"/>
						<String ID="P11_ST00389" HPOS="2241" VPOS="588" WIDTH="91" HEIGHT="56" CONTENT="Sie," WC="0.99" CC="0400"/>
						<SP ID="P11_SP00328" HPOS="2332" VPOS="644" WIDTH="48"/>
						<String ID="P11_ST00390" HPOS="2380" VPOS="589" WIDTH="108" HEIGHT="44" CONTENT="dass" WC="0.96" CC="0100"/>
						<SP ID="P11_SP00329" HPOS="2488" VPOS="644" WIDTH="48"/>
						<String ID="P11_ST00391" HPOS="2536" VPOS="590" WIDTH="78" HEIGHT="45" CONTENT="Sie" WC="0.98" CC="050"/>
					</TextLine>
					<TextLine ID="P11_TL00063" HPOS="1434" VPOS="647" WIDTH="1180" HEIGHT="58">
						<String ID="P11_ST00392" HPOS="1434" VPOS="647" WIDTH="149" HEIGHT="45" CONTENT="schon" WC="0.99" CC="10500"/>
						<SP ID="P11_SP00330" HPOS="1583" VPOS="692" WIDTH="49"/>
						<String ID="P11_ST00393" HPOS="1632" VPOS="650" WIDTH="177" HEIGHT="44" CONTENT="einmal" WC="1.00" CC="002000"/>
						<SP ID="P11_SP00331" HPOS="1809" VPOS="694" WIDTH="52"/>
						<String ID="P11_ST00394" HPOS="1861" VPOS="654" WIDTH="105" HEIGHT="43" CONTENT="eine" WC="1.00" CC="0020"/>
						<SP ID="P11_SP00332" HPOS="1966" VPOS="697" WIDTH="55"/>
						<String ID="P11_ST00395" HPOS="2021" VPOS="655" WIDTH="226" HEIGHT="46" CONTENT="ähnliche" WC="0.99" CC="16020000"/>
						<SP ID="P11_SP00333" HPOS="2247" VPOS="701" WIDTH="53"/>
						<String ID="P11_ST00396" HPOS="2300" VPOS="658" WIDTH="314" HEIGHT="47" CONTENT="Unwahrheit" WC="1.00" CC="0300044000"/>
					</TextLine>
					<TextLine ID="P11_TL00064" HPOS="1434" VPOS="719" WIDTH="1177" HEIGHT="67">
						<String ID="P11_ST00397" HPOS="1434" VPOS="719" WIDTH="93" HEIGHT="43" CONTENT="wie" WC="1.00" CC="000"/>
						<SP ID="P11_SP00334" HPOS="1527" VPOS="762" WIDTH="21"/>
						<String ID="P11_ST00398" HPOS="1548" VPOS="720" WIDTH="107" HEIGHT="53" CONTENT="jetzt" WC="1.00" CC="00200"/>
						<SP ID="P11_SP00335" HPOS="1655" VPOS="773" WIDTH="20"/>
						<String ID="P11_ST00399" HPOS="1675" VPOS="720" WIDTH="80" HEIGHT="44" CONTENT="die" WC="0.98" CC="040"/>
						<SP ID="P11_SP00336" HPOS="1755" VPOS="773" WIDTH="19"/>
						<String ID="P11_ST00400" HPOS="1774" VPOS="725" WIDTH="271" HEIGHT="54" CONTENT="gegenüber" WC="0.99" CC="400030600"/>
						<SP ID="P11_SP00337" HPOS="2045" VPOS="779" WIDTH="18"/>
						<String ID="P11_ST00401" HPOS="2063" VPOS="726" WIDTH="195" HEIGHT="57" CONTENT="Chagall" WC="0.99" CC="6640010"/>
						<SP ID="P11_SP00338" HPOS="2258" VPOS="783" WIDTH="22"/>
						<String ID="P11_ST00402" HPOS="2280" VPOS="729" WIDTH="331" HEIGHT="57" CONTENT="behaupteten," WC="1.00" CC="500000000060"/>
					</TextLine>
					<TextLine ID="P11_TL00065" HPOS="1433" VPOS="787" WIDTH="1181" HEIGHT="65">
						<String ID="P11_ST00403" HPOS="1433" VPOS="787" WIDTH="159" HEIGHT="46" CONTENT="haben" WC="0.99" CC="30001"/>
						<SP ID="P11_SP00339" HPOS="1592" VPOS="833" WIDTH="31"/>
						<String ID="P11_ST00404" HPOS="1623" VPOS="793" WIDTH="395" HEIGHT="45" CONTENT="zurücknehmen" WC="1.00" CC="025000200401"/>
						<SP ID="P11_SP00340" HPOS="2018" VPOS="838" WIDTH="24"/>
						<String ID="P11_ST00405" HPOS="2042" VPOS="801" WIDTH="210" HEIGHT="51" CONTENT="müssen," WC="0.99" CC="0502040"/>
						<SP ID="P11_SP00341" HPOS="2252" VPOS="852" WIDTH="23"/>
						<String ID="P11_ST00406" HPOS="2275" VPOS="799" WIDTH="237" HEIGHT="44" CONTENT="nachdem" WC="1.00" CC="2000000"/>
						<SP ID="P11_SP00342" HPOS="2512" VPOS="852" WIDTH="24"/>
						<String ID="P11_ST00407" HPOS="2536" VPOS="800" WIDTH="78" HEIGHT="46" CONTENT="Sie" WC="1.00" CC="000"/>
					</TextLine>
					<TextLine ID="P11_TL00066" HPOS="1434" VPOS="858" WIDTH="1180" HEIGHT="62">
						<String ID="P11_ST00408" HPOS="1434" VPOS="858" WIDTH="103" HEIGHT="43" CONTENT="sich" WC="0.99" CC="0400"/>
						<SP ID="P11_SP00343" HPOS="1537" VPOS="901" WIDTH="51"/>
						<String ID="P11_ST00409" HPOS="1588" VPOS="861" WIDTH="255" HEIGHT="57" CONTENT="überzeugt" WC="0.99" CC="060400201"/>
						<SP ID="P11_SP00344" HPOS="1843" VPOS="918" WIDTH="32"/>
						<String ID="P11_ST00410" HPOS="1875" VPOS="863" WIDTH="174" HEIGHT="57" CONTENT="hatten," WC="1.00" CC="0040030"/>
						<SP ID="P11_SP00345" HPOS="2049" VPOS="920" WIDTH="49"/>
						<String ID="P11_ST00411" HPOS="2098" VPOS="865" WIDTH="109" HEIGHT="45" CONTENT="dass" WC="0.97" CC="0100"/>
						<SP ID="P11_SP00346" HPOS="2207" VPOS="920" WIDTH="34"/>
						<String ID="P11_ST00412" HPOS="2241" VPOS="867" WIDTH="77" HEIGHT="45" CONTENT="Sie" WC="1.00" CC="000"/>
						<SP ID="P11_SP00347" HPOS="2318" VPOS="920" WIDTH="32"/>
						<String ID="P11_ST00413" HPOS="2350" VPOS="882" WIDTH="94" HEIGHT="31" CONTENT="von" WC="0.99" CC="002"/>
						<SP ID="P11_SP00348" HPOS="2444" VPOS="920" WIDTH="31"/>
						<String ID="P11_ST00414" HPOS="2475" VPOS="871" WIDTH="139" HEIGHT="43" CONTENT="ihren" WC="0.99" CC="00505"/>
					</TextLine>
					<TextLine ID="P11_TL00067" HPOS="1434" VPOS="929" WIDTH="1179" HEIGHT="68">
						<String ID="P11_ST00415" HPOS="1434" VPOS="929" WIDTH="376" HEIGHT="59" CONTENT="geschwätzigen" WC="1.00" CC="0000300754002"/>
						<SP ID="P11_SP00349" HPOS="1810" VPOS="988" WIDTH="63"/>
						<String ID="P11_ST00416" HPOS="1873" VPOS="933" WIDTH="472" HEIGHT="48" CONTENT="Gewährsmännern" WC="1.00" CC="00000400022043"/>
						<SP ID="P11_SP00350" HPOS="2345" VPOS="988" WIDTH="67"/>
						<String ID="P11_ST00417" HPOS="2412" VPOS="939" WIDTH="201" HEIGHT="58" CONTENT="belogen" WC="0.99" CC="7000004"/>
					</TextLine>
					<TextLine ID="P11_TL00068" HPOS="1433" VPOS="1003" WIDTH="1182" HEIGHT="52">
						<String ID="P11_ST00418" HPOS="1433" VPOS="1013" WIDTH="179" HEIGHT="31" CONTENT="waren." WC="0.99" CC="002040"/>
						<SP ID="P11_SP00351" HPOS="1612" VPOS="1044" WIDTH="77"/>
						<String ID="P11_ST00419" HPOS="1689" VPOS="1003" WIDTH="63" HEIGHT="43" CONTENT="Es" WC="1.00" CC="00"/>
						<SP ID="P11_SP00352" HPOS="1752" VPOS="1046" WIDTH="43"/>
						<String ID="P11_ST00420" HPOS="1795" VPOS="1004" WIDTH="127" HEIGHT="43" CONTENT="wird" WC="0.99" CC="0060"/>
						<SP ID="P11_SP00353" HPOS="1922" VPOS="1047" WIDTH="38"/>
						<String ID="P11_ST00421" HPOS="1960" VPOS="1006" WIDTH="147" HEIGHT="43" CONTENT="Ihnen" WC="0.99" CC="00400"/>
						<SP ID="P11_SP00354" HPOS="2107" VPOS="1049" WIDTH="40"/>
						<String ID="P11_ST00422" HPOS="2147" VPOS="1008" WIDTH="88" HEIGHT="43" CONTENT="mit" WC="1.00" CC="000"/>
						<SP ID="P11_SP00355" HPOS="2235" VPOS="1051" WIDTH="44"/>
						<String ID="P11_ST00423" HPOS="2279" VPOS="1009" WIDTH="142" HEIGHT="44" CONTENT="Ihren" WC="0.99" CC="00402"/>
						<SP ID="P11_SP00356" HPOS="2421" VPOS="1053" WIDTH="39"/>
						<String ID="P11_ST00424" HPOS="2460" VPOS="1025" WIDTH="155" HEIGHT="30" CONTENT="neuen" WC="0.98" CC="02506"/>
					</TextLine>
					<TextLine ID="P11_TL00069" HPOS="1434" VPOS="1072" WIDTH="1180" HEIGHT="64">
						<String ID="P11_ST00425" HPOS="1434" VPOS="1072" WIDTH="227" HEIGHT="59" CONTENT="frivolen" WC="0.77" CC="42005502"/>
						<SP ID="P11_SP00357" HPOS="1661" VPOS="1131" WIDTH="0"/>
						<String ID="P11_ST00426" HPOS="1661" VPOS="1072" WIDTH="428" HEIGHT="59" CONTENT="Verdächtigungen" WC="0.77" CC="000000009570040"/>
						<SP ID="P11_SP00358" HPOS="2089" VPOS="1131" WIDTH="19"/>
						<String ID="P11_ST00427" HPOS="2108" VPOS="1078" WIDTH="133" HEIGHT="43" CONTENT="nicht" WC="1.00" CC="40000"/>
						<SP ID="P11_SP00359" HPOS="2241" VPOS="1131" WIDTH="17"/>
						<String ID="P11_ST00428" HPOS="2258" VPOS="1078" WIDTH="172" HEIGHT="46" CONTENT="anders" WC="0.99" CC="500040"/>
						<SP ID="P11_SP00360" HPOS="2430" VPOS="1131" WIDTH="19"/>
						<String ID="P11_ST00429" HPOS="2449" VPOS="1080" WIDTH="165" HEIGHT="56" CONTENT="gehen." WC="1.00" CC="000000"/>
					</TextLine>
					<TextLine ID="P11_TL00070" HPOS="1435" VPOS="1141" WIDTH="1181" HEIGHT="63">
						<String ID="P11_ST00430" HPOS="1435" VPOS="1141" WIDTH="151" HEIGHT="56" CONTENT="Denn," WC="0.99" CC="00400"/>
						<SP ID="P11_SP00361" HPOS="1586" VPOS="1197" WIDTH="33"/>
						<String ID="P11_ST00431" HPOS="1619" VPOS="1155" WIDTH="144" HEIGHT="31" CONTENT="wenn" WC="0.99" CC="0012"/>
						<SP ID="P11_SP00362" HPOS="1763" VPOS="1197" WIDTH="47"/>
						<String ID="P11_ST00432" HPOS="1810" VPOS="1144" WIDTH="124" HEIGHT="44" CONTENT="auch" WC="0.98" CC="1205"/>
						<SP ID="P11_SP00363" HPOS="1934" VPOS="1197" WIDTH="49"/>
						<String ID="P11_ST00433" HPOS="1983" VPOS="1147" WIDTH="205" HEIGHT="57" CONTENT="Ludwig" WC="1.00" CC="000030"/>
						<SP ID="P11_SP00364" HPOS="2188" VPOS="1204" WIDTH="36"/>
						<String ID="P11_ST00434" HPOS="2224" VPOS="1149" WIDTH="213" HEIGHT="44" CONTENT="Rubiner" WC="0.99" CC="2170300"/>
						<SP ID="P11_SP00365" HPOS="2437" VPOS="1204" WIDTH="47"/>
						<String ID="P11_ST00435" HPOS="2484" VPOS="1150" WIDTH="132" HEIGHT="45" CONTENT="nicht" WC="0.99" CC="10060"/>
					</TextLine>
					<TextLine ID="P11_TL00071" HPOS="1433" VPOS="1211" WIDTH="1181" HEIGHT="57">
						<String ID="P11_ST00436" HPOS="1433" VPOS="1211" WIDTH="142" HEIGHT="43" CONTENT="mehr" WC="0.98" CC="0034"/>
						<SP ID="P11_SP00366" HPOS="1575" VPOS="1254" WIDTH="31"/>
						<String ID="P11_ST00437" HPOS="1606" VPOS="1213" WIDTH="111" HEIGHT="55" CONTENT="lebt," WC="0.99" CC="00103"/>
						<SP ID="P11_SP00367" HPOS="1717" VPOS="1268" WIDTH="49"/>
						<String ID="P11_ST00438" HPOS="1766" VPOS="1228" WIDTH="53" HEIGHT="29" CONTENT="so" WC="1.00" CC="00"/>
						<SP ID="P11_SP00368" HPOS="1819" VPOS="1268" WIDTH="48"/>
						<String ID="P11_ST00439" HPOS="1867" VPOS="1215" WIDTH="97" HEIGHT="43" CONTENT="lebt" WC="0.98" CC="0046"/>
						<SP ID="P11_SP00369" HPOS="1964" VPOS="1268" WIDTH="33"/>
						<String ID="P11_ST00440" HPOS="1997" VPOS="1216" WIDTH="125" HEIGHT="45" CONTENT="doch" WC="1.00" CC="0000"/>
						<SP ID="P11_SP00370" HPOS="2122" VPOS="1268" WIDTH="33"/>
						<String ID="P11_ST00441" HPOS="2155" VPOS="1219" WIDTH="131" HEIGHT="43" CONTENT="seine" WC="1.00" CC="00000"/>
						<SP ID="P11_SP00371" HPOS="2286" VPOS="1268" WIDTH="32"/>
						<String ID="P11_ST00442" HPOS="2318" VPOS="1220" WIDTH="124" HEIGHT="43" CONTENT="Frau" WC="0.98" CC="1304"/>
						<SP ID="P11_SP00372" HPOS="2442" VPOS="1268" WIDTH="32"/>
						<String ID="P11_ST00443" HPOS="2474" VPOS="1221" WIDTH="140" HEIGHT="44" CONTENT="noch." WC="0.98" CC="62020"/>
					</TextLine>
					<TextLine ID="P11_TL00072" HPOS="1434" VPOS="1281" WIDTH="1181" HEIGHT="66">
						<String ID="P11_ST00444" HPOS="1434" VPOS="1281" WIDTH="108" HEIGHT="45" CONTENT="Und" WC="0.97" CC="070"/>
						<SP ID="P11_SP00373" HPOS="1542" VPOS="1326" WIDTH="32"/>
						<String ID="P11_ST00445" HPOS="1574" VPOS="1282" WIDTH="78" HEIGHT="45" CONTENT="Sie" WC="0.99" CC="030"/>
						<SP ID="P11_SP00374" HPOS="1652" VPOS="1327" WIDTH="32"/>
						<String ID="P11_ST00446" HPOS="1684" VPOS="1284" WIDTH="127" HEIGHT="44" CONTENT="wird" WC="0.99" CC="0040"/>
						<SP ID="P11_SP00375" HPOS="1811" VPOS="1328" WIDTH="31"/>
						<String ID="P11_ST00447" HPOS="1842" VPOS="1286" WIDTH="150" HEIGHT="45" CONTENT="Ihnen" WC="0.99" CC="00500"/>
						<SP ID="P11_SP00376" HPOS="1992" VPOS="1331" WIDTH="34"/>
						<String ID="P11_ST00448" HPOS="2026" VPOS="1299" WIDTH="112" HEIGHT="44" CONTENT="gern" WC="0.98" CC="0025"/>
						<SP ID="P11_SP00377" HPOS="2138" VPOS="1343" WIDTH="47"/>
						<String ID="P11_ST00449" HPOS="2185" VPOS="1290" WIDTH="273" HEIGHT="57" CONTENT="bestätigen," WC="1.00" CC="00000009000"/>
						<SP ID="P11_SP00378" HPOS="2458" VPOS="1347" WIDTH="48"/>
						<String ID="P11_ST00450" HPOS="2506" VPOS="1291" WIDTH="109" HEIGHT="45" CONTENT="dass" WC="1.00" CC="0000"/>
					</TextLine>
					<TextLine ID="P11_TL00073" HPOS="1435" VPOS="1352" WIDTH="1180" HEIGHT="64">
						<String ID="P11_ST00451" HPOS="1435" VPOS="1352" WIDTH="79" HEIGHT="45" CONTENT="Sie" WC="0.98" CC="004"/>
						<SP ID="P11_SP00379" HPOS="1514" VPOS="1397" WIDTH="23"/>
						<String ID="P11_ST00452" HPOS="1537" VPOS="1354" WIDTH="164" HEIGHT="44" CONTENT="Worte" WC="0.99" CC="20300"/>
						<SP ID="P11_SP00380" HPOS="1701" VPOS="1398" WIDTH="23"/>
						<String ID="P11_ST00453" HPOS="1724" VPOS="1356" WIDTH="99" HEIGHT="42" CONTENT="und" WC="0.97" CC="520"/>
						<SP ID="P11_SP00381" HPOS="1823" VPOS="1398" WIDTH="23"/>
						<String ID="P11_ST00454" HPOS="1846" VPOS="1355" WIDTH="135" HEIGHT="46" CONTENT="Sätze" WC="1.00" CC="00010"/>
						<SP ID="P11_SP00382" HPOS="1981" VPOS="1401" WIDTH="22"/>
						<String ID="P11_ST00455" HPOS="2003" VPOS="1369" WIDTH="152" HEIGHT="45" CONTENT="genau" WC="0.98" CC="80201"/>
						<SP ID="P11_SP00383" HPOS="2155" VPOS="1414" WIDTH="23"/>
						<String ID="P11_ST00456" HPOS="2178" VPOS="1373" WIDTH="54" HEIGHT="30" CONTENT="so" WC="0.86" CC="20"/>
						<SP ID="P11_SP00384" HPOS="2232" VPOS="1414" WIDTH="31"/>
						<String ID="P11_ST00457" HPOS="2263" VPOS="1361" WIDTH="153" HEIGHT="43" CONTENT="falsch" WC="1.00" CC="004000"/>
						<SP ID="P11_SP00385" HPOS="2416" VPOS="1414" WIDTH="32"/>
						<String ID="P11_ST00458" HPOS="2448" VPOS="1361" WIDTH="167" HEIGHT="55" CONTENT="hören," WC="0.99" CC="043020"/>
					</TextLine>
					<TextLine ID="P11_TL00074" HPOS="1434" VPOS="1423" WIDTH="1180" HEIGHT="65">
						<String ID="P11_ST00459" HPOS="1434" VPOS="1423" WIDTH="94" HEIGHT="44" CONTENT="wie" WC="0.99" CC="030"/>
						<SP ID="P11_SP00386" HPOS="1528" VPOS="1467" WIDTH="32"/>
						<String ID="P11_ST00460" HPOS="1560" VPOS="1423" WIDTH="79" HEIGHT="45" CONTENT="Sie" WC="0.98" CC="040"/>
						<SP ID="P11_SP00387" HPOS="1639" VPOS="1468" WIDTH="31"/>
						<String ID="P11_ST00461" HPOS="1670" VPOS="1425" WIDTH="165" HEIGHT="44" CONTENT="Bilder" WC="0.99" CC="005003"/>
						<SP ID="P11_SP00388" HPOS="1835" VPOS="1469" WIDTH="32"/>
						<String ID="P11_ST00462" HPOS="1867" VPOS="1427" WIDTH="160" HEIGHT="45" CONTENT="sehen." WC="1.00" CC="000020"/>
						<SP ID="P11_SP00389" HPOS="2027" VPOS="1472" WIDTH="64"/>
						<String ID="P11_ST00463" HPOS="2091" VPOS="1428" WIDTH="172" HEIGHT="46" CONTENT="Leider" WC="1.00" CC="000001"/>
						<SP ID="P11_SP00390" HPOS="2263" VPOS="1474" WIDTH="31"/>
						<String ID="P11_ST00464" HPOS="2294" VPOS="1431" WIDTH="185" HEIGHT="44" CONTENT="fürchte" WC="1.00" CC="0040000"/>
						<SP ID="P11_SP00391" HPOS="2479" VPOS="1475" WIDTH="45"/>
						<String ID="P11_ST00465" HPOS="2524" VPOS="1434" WIDTH="90" HEIGHT="54" CONTENT="ich," WC="1.00" CC="0000"/>
					</TextLine>
					<TextLine ID="P11_TL00075" HPOS="1434" VPOS="1493" WIDTH="1182" HEIGHT="65">
						<String ID="P11_ST00466" HPOS="1434" VPOS="1505" WIDTH="141" HEIGHT="30" CONTENT="wenn" WC="0.99" CC="0030"/>
						<SP ID="P11_SP00392" HPOS="1575" VPOS="1535" WIDTH="33"/>
						<String ID="P11_ST00467" HPOS="1608" VPOS="1493" WIDTH="80" HEIGHT="45" CONTENT="ich" WC="0.99" CC="030"/>
						<SP ID="P11_SP00393" HPOS="1688" VPOS="1538" WIDTH="39"/>
						<String ID="P11_ST00468" HPOS="1727" VPOS="1496" WIDTH="179" HEIGHT="44" CONTENT="einmal" WC="1.00" CC="001000"/>
						<SP ID="P11_SP00394" HPOS="1906" VPOS="1540" WIDTH="37"/>
						<String ID="P11_ST00469" HPOS="1943" VPOS="1511" WIDTH="59" HEIGHT="29" CONTENT="zu" WC="0.93" CC="10"/>
						<SP ID="P11_SP00395" HPOS="2002" VPOS="1540" WIDTH="30"/>
						<String ID="P11_ST00470" HPOS="2032" VPOS="1498" WIDTH="162" HEIGHT="45" CONTENT="Ihrem" WC="1.00" CC="30000"/>
						<SP ID="P11_SP00396" HPOS="2194" VPOS="1543" WIDTH="31"/>
						<String ID="P11_ST00471" HPOS="2225" VPOS="1500" WIDTH="134" HEIGHT="55" CONTENT="„Fall" WC="0.99" CC="00030"/>
						<SP ID="P11_SP00397" HPOS="2359" VPOS="1555" WIDTH="31"/>
						<String ID="P11_ST00472" HPOS="2390" VPOS="1501" WIDTH="226" HEIGHT="57" CONTENT='Chagall"' WC="0.99" CC="50000070"/>
					</TextLine>
					<TextLine ID="P11_TL00076" HPOS="1433" VPOS="1564" WIDTH="1183" HEIGHT="57">
						<String ID="P11_ST00473" HPOS="1433" VPOS="1564" WIDTH="367" HEIGHT="57" CONTENT="vorgedrungen" WC="0.99" CC="423800235033"/>
						<SP ID="P11_SP00398" HPOS="1800" VPOS="1621" WIDTH="33"/>
						<String ID="P11_ST00474" HPOS="1833" VPOS="1567" WIDTH="95" HEIGHT="54" CONTENT="bin," WC="0.99" CC="3020"/>
						<SP ID="P11_SP00399" HPOS="1928" VPOS="1621" WIDTH="34"/>
						<String ID="P11_ST00475" HPOS="1962" VPOS="1568" WIDTH="126" HEIGHT="43" CONTENT="wird" WC="0.99" CC="0050"/>
						<SP ID="P11_SP00400" HPOS="2088" VPOS="1621" WIDTH="31"/>
						<String ID="P11_ST00476" HPOS="2119" VPOS="1569" WIDTH="149" HEIGHT="45" CONTENT="Ihnen" WC="0.99" CC="00204"/>
						<SP ID="P11_SP00401" HPOS="2268" VPOS="1621" WIDTH="41"/>
						<String ID="P11_ST00477" HPOS="2309" VPOS="1571" WIDTH="158" HEIGHT="44" CONTENT="Hören" WC="0.99" CC="50002"/>
						<SP ID="P11_SP00402" HPOS="2467" VPOS="1621" WIDTH="50"/>
						<String ID="P11_ST00478" HPOS="2517" VPOS="1572" WIDTH="99" HEIGHT="44" CONTENT="und" WC="0.97" CC="440"/>
					</TextLine>
					<TextLine ID="P11_TL00077" HPOS="1434" VPOS="1634" WIDTH="1181" HEIGHT="64">
						<String ID="P11_ST00479" HPOS="1434" VPOS="1634" WIDTH="155" HEIGHT="45" CONTENT="Sehen" WC="0.99" CC="00061"/>
						<SP ID="P11_SP00403" HPOS="1589" VPOS="1679" WIDTH="39"/>
						<String ID="P11_ST00480" HPOS="1628" VPOS="1637" WIDTH="155" HEIGHT="56" CONTENT="längst" WC="0.99" CC="501000"/>
						<SP ID="P11_SP00404" HPOS="1783" VPOS="1693" WIDTH="32"/>
						<String ID="P11_ST00481" HPOS="1815" VPOS="1639" WIDTH="333" HEIGHT="43" CONTENT="vollkommen" WC="1.00" CC="0052002003"/>
						<SP ID="P11_SP00405" HPOS="2148" VPOS="1693" WIDTH="38"/>
						<String ID="P11_ST00482" HPOS="2186" VPOS="1652" WIDTH="267" HEIGHT="46" CONTENT="vergangen" WC="1.00" CC="005003003"/>
						<SP ID="P11_SP00406" HPOS="2453" VPOS="1698" WIDTH="48"/>
						<String ID="P11_ST00483" HPOS="2501" VPOS="1643" WIDTH="114" HEIGHT="43" CONTENT="sein." WC="1.00" CC="01020"/>
					</TextLine>
					<TextLine ID="P11_TL00078" HPOS="1433" VPOS="1705" WIDTH="1182" HEIGHT="63">
						<String ID="P11_ST00484" HPOS="1433" VPOS="1705" WIDTH="185" HEIGHT="43" CONTENT="Darum" WC="0.99" CC="01200"/>
						<SP ID="P11_SP00407" HPOS="1618" VPOS="1748" WIDTH="32"/>
						<String ID="P11_ST00485" HPOS="1650" VPOS="1708" WIDTH="103" HEIGHT="43" CONTENT="will" WC="1.00" CC="0000"/>
						<SP ID="P11_SP00408" HPOS="1753" VPOS="1751" WIDTH="33"/>
						<String ID="P11_ST00486" HPOS="1786" VPOS="1708" WIDTH="77" HEIGHT="44" CONTENT="ich" WC="0.99" CC="003"/>
						<SP ID="P11_SP00409" HPOS="1863" VPOS="1752" WIDTH="33"/>
						<String ID="P11_ST00487" HPOS="1896" VPOS="1708" WIDTH="134" HEIGHT="44" CONTENT="mich" WC="0.98" CC="5200"/>
						<SP ID="P11_SP00410" HPOS="2030" VPOS="1752" WIDTH="33"/>
						<String ID="P11_ST00488" HPOS="2063" VPOS="1709" WIDTH="124" HEIGHT="45" CONTENT="doch" WC="0.99" CC="0003"/>
						<SP ID="P11_SP00411" HPOS="2187" VPOS="1754" WIDTH="38"/>
						<String ID="P11_ST00489" HPOS="2225" VPOS="1712" WIDTH="201" HEIGHT="56" CONTENT="beeilen," WC="0.99" CC="60004030"/>
						<SP ID="P11_SP00412" HPOS="2426" VPOS="1768" WIDTH="39"/>
						<String ID="P11_ST00490" HPOS="2465" VPOS="1712" WIDTH="150" HEIGHT="44" CONTENT="Ihnen" WC="0.99" CC="40003"/>
					</TextLine>
					<TextLine ID="P11_TL00079" HPOS="1433" VPOS="1775" WIDTH="1183" HEIGHT="61">
						<String ID="P11_ST00491" HPOS="1433" VPOS="1775" WIDTH="106" HEIGHT="45" CONTENT="eine" WC="0.99" CC="0020"/>
						<SP ID="P11_SP00413" HPOS="1539" VPOS="1820" WIDTH="47"/>
						<String ID="P11_ST00492" HPOS="1586" VPOS="1776" WIDTH="209" HEIGHT="58" CONTENT="Ahnung" WC="0.98" CC="700219"/>
						<SP ID="P11_SP00414" HPOS="1795" VPOS="1834" WIDTH="47"/>
						<String ID="P11_ST00493" HPOS="1842" VPOS="1776" WIDTH="160" HEIGHT="46" CONTENT="davon" WC="1.00" CC="00003"/>
						<SP ID="P11_SP00415" HPOS="2002" VPOS="1834" WIDTH="52"/>
						<String ID="P11_ST00494" HPOS="2054" VPOS="1793" WIDTH="57" HEIGHT="29" CONTENT="zu" WC="1.00" CC="00"/>
						<SP ID="P11_SP00416" HPOS="2111" VPOS="1834" WIDTH="47"/>
						<String ID="P11_ST00495" HPOS="2158" VPOS="1780" WIDTH="312" HEIGHT="56" CONTENT="verschaffen," WC="1.00" CC="205000340000"/>
						<SP ID="P11_SP00417" HPOS="2470" VPOS="1836" WIDTH="52"/>
						<String ID="P11_ST00496" HPOS="2522" VPOS="1783" WIDTH="94" HEIGHT="43" CONTENT="wie" WC="1.00" CC="000"/>
					</TextLine>
					<TextLine ID="P11_TL00080" HPOS="1433" VPOS="1846" WIDTH="1182" HEIGHT="57">
						<String ID="P11_ST00497" HPOS="1433" VPOS="1846" WIDTH="206" HEIGHT="57" CONTENT="Ludwig" WC="0.99" CC="260060"/>
						<SP ID="P11_SP00418" HPOS="1639" VPOS="1903" WIDTH="45"/>
						<String ID="P11_ST00498" HPOS="1684" VPOS="1848" WIDTH="215" HEIGHT="44" CONTENT="Rubiner" WC="0.99" CC="7404004"/>
						<SP ID="P11_SP00419" HPOS="1899" VPOS="1903" WIDTH="44"/>
						<String ID="P11_ST00499" HPOS="1943" VPOS="1850" WIDTH="122" HEIGHT="42" CONTENT="über" WC="1.00" CC="0001"/>
						<SP ID="P11_SP00420" HPOS="2065" VPOS="1903" WIDTH="46"/>
						<String ID="P11_ST00500" HPOS="2111" VPOS="1850" WIDTH="254" HEIGHT="43" CONTENT="Herwarth" WC="0.99" CC="30405402"/>
						<SP ID="P11_SP00421" HPOS="2365" VPOS="1903" WIDTH="48"/>
						<String ID="P11_ST00501" HPOS="2413" VPOS="1851" WIDTH="202" HEIGHT="45" CONTENT="Waiden" WC="0.99" CC="001006"/>
					</TextLine>
					<TextLine ID="P11_TL00081" HPOS="1433" VPOS="1916" WIDTH="1182" HEIGHT="62">
						<String ID="P11_ST00502" HPOS="1433" VPOS="1916" WIDTH="184" HEIGHT="46" CONTENT="dachte." WC="1.00" CC="0001600"/>
						<SP ID="P11_SP00422" HPOS="1617" VPOS="1962" WIDTH="63"/>
						<String ID="P11_ST00503" HPOS="1680" VPOS="1919" WIDTH="65" HEIGHT="43" CONTENT="Er" WC="0.94" CC="01"/>
						<SP ID="P11_SP00423" HPOS="1745" VPOS="1962" WIDTH="32"/>
						<String ID="P11_ST00504" HPOS="1777" VPOS="1919" WIDTH="81" HEIGHT="44" CONTENT="hat" WC="1.00" CC="000"/>
						<SP ID="P11_SP00424" HPOS="1858" VPOS="1963" WIDTH="22"/>
						<String ID="P11_ST00505" HPOS="1880" VPOS="1920" WIDTH="236" HEIGHT="44" CONTENT="während" WC="0.99" CC="0004040"/>
						<SP ID="P11_SP00425" HPOS="2116" VPOS="1964" WIDTH="33"/>
						<String ID="P11_ST00506" HPOS="2149" VPOS="1920" WIDTH="83" HEIGHT="46" CONTENT="des" WC="1.00" CC="000"/>
						<SP ID="P11_SP00426" HPOS="2232" VPOS="1966" WIDTH="22"/>
						<String ID="P11_ST00507" HPOS="2254" VPOS="1922" WIDTH="192" HEIGHT="56" CONTENT="Krieges" WC="1.00" CC="0000000"/>
						<SP ID="P11_SP00427" HPOS="2446" VPOS="1978" WIDTH="31"/>
						<String ID="P11_ST00508" HPOS="2477" VPOS="1924" WIDTH="138" HEIGHT="43" CONTENT="einen" WC="0.99" CC="00402"/>
					</TextLine>
					<TextLine ID="P11_TL00082" HPOS="1433" VPOS="1989" WIDTH="1182" HEIGHT="57">
						<String ID="P11_ST00509" HPOS="1433" VPOS="1989" WIDTH="213" HEIGHT="57" CONTENT="einzigen" WC="0.99" CC="01327004"/>
						<SP ID="P11_SP00428" HPOS="1646" VPOS="2046" WIDTH="24"/>
						<String ID="P11_ST00510" HPOS="1670" VPOS="1989" WIDTH="134" HEIGHT="44" CONTENT="Brief" WC="1.00" CC="04000"/>
						<SP ID="P11_SP00429" HPOS="1804" VPOS="2046" WIDTH="16"/>
						<String ID="P11_ST00511" HPOS="1820" VPOS="2004" WIDTH="86" HEIGHT="29" CONTENT="aus" WC="1.00" CC="000"/>
						<SP ID="P11_SP00430" HPOS="1906" VPOS="2046" WIDTH="23"/>
						<String ID="P11_ST00512" HPOS="1929" VPOS="1990" WIDTH="87" HEIGHT="44" CONTENT="der" WC="0.98" CC="004"/>
						<SP ID="P11_SP00431" HPOS="2016" VPOS="2046" WIDTH="21"/>
						<String ID="P11_ST00513" HPOS="2037" VPOS="1990" WIDTH="219" HEIGHT="46" CONTENT="Schweiz" WC="1.00" CC="0050000"/>
						<SP ID="P11_SP00432" HPOS="2256" VPOS="2046" WIDTH="20"/>
						<String ID="P11_ST00514" HPOS="2276" VPOS="2006" WIDTH="62" HEIGHT="30" CONTENT="an" WC="0.84" CC="03"/>
						<SP ID="P11_SP00433" HPOS="2338" VPOS="2046" WIDTH="22"/>
						<String ID="P11_ST00515" HPOS="2360" VPOS="1994" WIDTH="255" HEIGHT="44" CONTENT="Herwarth" WC="0.99" CC="40000370"/>
					</TextLine>
					<TextLine ID="P11_TL00083" HPOS="1432" VPOS="2058" WIDTH="1186" HEIGHT="63">
						<String ID="P11_ST00516" HPOS="1432" VPOS="2058" WIDTH="204" HEIGHT="46" CONTENT="Waiden" WC="0.99" CC="005001"/>
						<SP ID="P11_SP00434" HPOS="1636" VPOS="2104" WIDTH="33"/>
						<String ID="P11_ST00517" HPOS="1669" VPOS="2060" WIDTH="241" HEIGHT="56" CONTENT="gerichtet." WC="1.00" CC="0030000000"/>
						<SP ID="P11_SP00435" HPOS="1910" VPOS="2116" WIDTH="64"/>
						<String ID="P11_ST00518" HPOS="1974" VPOS="2061" WIDTH="167" HEIGHT="44" CONTENT="Dieser" WC="0.99" CC="200004"/>
						<SP ID="P11_SP00436" HPOS="2141" VPOS="2116" WIDTH="32"/>
						<String ID="P11_ST00519" HPOS="2173" VPOS="2062" WIDTH="132" HEIGHT="43" CONTENT="Brief" WC="0.99" CC="05000"/>
						<SP ID="P11_SP00437" HPOS="2305" VPOS="2116" WIDTH="42"/>
						<String ID="P11_ST00520" HPOS="2347" VPOS="2063" WIDTH="116" HEIGHT="44" CONTENT="aber" WC="0.97" CC="1507"/>
						<SP ID="P11_SP00438" HPOS="2463" VPOS="2116" WIDTH="45"/>
						<String ID="P11_ST00521" HPOS="2508" VPOS="2063" WIDTH="110" HEIGHT="58" CONTENT="geht" WC="1.00" CC="0000"/>
					</TextLine>
					<TextLine ID="P11_TL00084" HPOS="1430" VPOS="2129" WIDTH="1185" HEIGHT="59">
						<String ID="P11_ST00522" HPOS="1430" VPOS="2129" WIDTH="47" HEIGHT="44" CONTENT="in" WC="0.63" CC="06"/>
						<SP ID="P11_SP00439" HPOS="1477" VPOS="2173" WIDTH="27"/>
						<String ID="P11_ST00523" HPOS="1504" VPOS="2131" WIDTH="132" HEIGHT="44" CONTENT="einer" WC="0.99" CC="02002"/>
						<SP ID="P11_SP00440" HPOS="1636" VPOS="2175" WIDTH="22"/>
						<String ID="P11_ST00524" HPOS="1658" VPOS="2143" WIDTH="116" HEIGHT="45" CONTENT="ganz" WC="0.99" CC="0030"/>
						<SP ID="P11_SP00441" HPOS="1774" VPOS="2188" WIDTH="19"/>
						<String ID="P11_ST00525" HPOS="1793" VPOS="2132" WIDTH="210" HEIGHT="44" CONTENT="anderen" WC="0.99" CC="1200506"/>
						<SP ID="P11_SP00442" HPOS="2003" VPOS="2188" WIDTH="20"/>
						<String ID="P11_ST00526" HPOS="2023" VPOS="2133" WIDTH="207" HEIGHT="45" CONTENT="Melodie" WC="1.00" CC="0010050"/>
						<SP ID="P11_SP00443" HPOS="2230" VPOS="2188" WIDTH="22"/>
						<String ID="P11_ST00527" HPOS="2252" VPOS="2133" WIDTH="100" HEIGHT="45" CONTENT="und" WC="0.98" CC="050"/>
						<SP ID="P11_SP00444" HPOS="2352" VPOS="2188" WIDTH="23"/>
						<String ID="P11_ST00528" HPOS="2375" VPOS="2136" WIDTH="145" HEIGHT="43" CONTENT="lautet" WC="1.00" CC="400000"/>
						<SP ID="P11_SP00445" HPOS="2520" VPOS="2188" WIDTH="23"/>
						<String ID="P11_ST00529" HPOS="2543" VPOS="2150" WIDTH="72" HEIGHT="29" CONTENT="so:" WC="1.00" CC="000"/>
					</TextLine>
					<TextLine ID="P11_TL00085" HPOS="1429" VPOS="2237" WIDTH="1185" HEIGHT="59">
						<String ID="P11_ST00530" HPOS="1429" VPOS="2237" WIDTH="70" HEIGHT="45" CONTENT="25-" WC="0.60" CC="308"/>
						<SP ID="P11_SP00446" HPOS="1499" VPOS="2282" WIDTH="21"/>
						<String ID="P11_ST00531" HPOS="1520" VPOS="2237" WIDTH="215" HEIGHT="45" CONTENT="Februar" WC="0.99" CC="1000303"/>
						<SP ID="P11_SP00447" HPOS="1735" VPOS="2282" WIDTH="19"/>
						<String ID="P11_ST00532" HPOS="1754" VPOS="2239" WIDTH="112" HEIGHT="44" CONTENT="1917" WC="0.95" CC="1000"/>
						<SP ID="P11_SP00448" HPOS="1866" VPOS="2283" WIDTH="248"/>
						<String ID="P11_ST00533" HPOS="2114" VPOS="2240" WIDTH="187" HEIGHT="56" CONTENT="Zürich," WC="0.98" CC="2057060"/>
						<SP ID="P11_SP00449" HPOS="2301" VPOS="2296" WIDTH="20"/>
						<String ID="P11_ST00534" HPOS="2321" VPOS="2240" WIDTH="220" HEIGHT="44" CONTENT="Hadlaub" WC="0.77" CC="5005050"/>
						<SP ID="P11_SP00450" HPOS="2541" VPOS="2296" WIDTH="22"/>
						<String ID="P11_ST00535" HPOS="2563" VPOS="2243" WIDTH="51" HEIGHT="43" CONTENT="11" WC="0.65" CC="70"/>
					</TextLine>
					<TextLine ID="P11_TL00086" HPOS="1432" VPOS="2320" WIDTH="1183" HEIGHT="58">
						<String ID="P11_ST00536" HPOS="1432" VPOS="2320" WIDTH="284" HEIGHT="56" CONTENT="„Herwarth" WC="0.99" CC="330000044"/>
						<SP ID="P11_SP00451" HPOS="1716" VPOS="2376" WIDTH="34"/>
						<String ID="P11_ST00537" HPOS="1750" VPOS="2321" WIDTH="231" HEIGHT="45" CONTENT="Waldens" WC="1.00" CC="0000000"/>
						<SP ID="P11_SP00452" HPOS="1981" VPOS="2376" WIDTH="33"/>
						<String ID="P11_ST00538" HPOS="2014" VPOS="2323" WIDTH="164" HEIGHT="55" CONTENT="„Buch" WC="0.98" CC="26701"/>
						<SP ID="P11_SP00453" HPOS="2178" VPOS="2378" WIDTH="38"/>
						<String ID="P11_ST00539" HPOS="2216" VPOS="2323" WIDTH="87" HEIGHT="44" CONTENT="der" WC="1.00" CC="000"/>
						<SP ID="P11_SP00454" HPOS="2303" VPOS="2378" WIDTH="30"/>
						<String ID="P11_ST00540" HPOS="2333" VPOS="2324" WIDTH="251" HEIGHT="46" CONTENT="Menschen" SUBS_TYPE="HypPart1" SUBS_CONTENT='Menschenliebe"' WC="1.00" CC="00300004"/>
						<HYP HPOS="2584" VPOS="2324" WIDTH="31" CONTENT="-"/>
					</TextLine>
					<TextLine ID="P11_TL00087" HPOS="1430" VPOS="2390" WIDTH="1186" HEIGHT="60">
						<String ID="P11_ST00541" HPOS="1430" VPOS="2390" WIDTH="155" HEIGHT="44" CONTENT='liebe"' SUBS_TYPE="HypPart2" SUBS_CONTENT='Menschenliebe"' WC="0.99" CC="010303"/>
						<SP ID="P11_SP00455" HPOS="1585" VPOS="2434" WIDTH="33"/>
						<String ID="P11_ST00542" HPOS="1618" VPOS="2392" WIDTH="131" HEIGHT="44" CONTENT="leitet" WC="1.00" CC="200000"/>
						<SP ID="P11_SP00456" HPOS="1749" VPOS="2436" WIDTH="30"/>
						<String ID="P11_ST00543" HPOS="1779" VPOS="2392" WIDTH="107" HEIGHT="44" CONTENT="eine" WC="0.98" CC="0340"/>
						<SP ID="P11_SP00457" HPOS="1886" VPOS="2436" WIDTH="40"/>
						<String ID="P11_ST00544" HPOS="1926" VPOS="2406" WIDTH="123" HEIGHT="31" CONTENT="neue" WC="0.99" CC="5000"/>
						<SP ID="P11_SP00458" HPOS="2049" VPOS="2437" WIDTH="31"/>
						<String ID="P11_ST00545" HPOS="2080" VPOS="2392" WIDTH="196" HEIGHT="58" CONTENT="Epoche" WC="1.00" CC="000010"/>
						<SP ID="P11_SP00459" HPOS="2276" VPOS="2450" WIDTH="38"/>
						<String ID="P11_ST00546" HPOS="2314" VPOS="2394" WIDTH="85" HEIGHT="44" CONTENT="der" WC="0.99" CC="003"/>
						<SP ID="P11_SP00460" HPOS="2399" VPOS="2450" WIDTH="32"/>
						<String ID="P11_ST00547" HPOS="2431" VPOS="2395" WIDTH="159" HEIGHT="43" CONTENT="Litera" SUBS_TYPE="HypPart1" SUBS_CONTENT="Literatur" WC="0.99" CC="005000"/>
						<HYP HPOS="2590" VPOS="2395" WIDTH="26" CONTENT="-"/>
					</TextLine>
					<TextLine ID="P11_TL00088" HPOS="1429" VPOS="2463" WIDTH="199" HEIGHT="44">
						<String ID="P11_ST00548" HPOS="1429" VPOS="2466" WIDTH="77" HEIGHT="39" CONTENT="tur" SUBS_TYPE="HypPart2" SUBS_CONTENT="Literatur" WC="0.97" CC="051"/>
						<SP ID="P11_SP00461" HPOS="1506" VPOS="2505" WIDTH="32"/>
						<String ID="P11_ST00549" HPOS="1538" VPOS="2463" WIDTH="90" HEIGHT="44" CONTENT="ein." WC="0.99" CC="0240"/>
					</TextLine>
					<TextLine ID="P11_TL00089" HPOS="1429" VPOS="2535" WIDTH="1187" HEIGHT="58">
						<String ID="P11_ST00550" HPOS="1429" VPOS="2535" WIDTH="83" HEIGHT="43" CONTENT="Ich" WC="1.00" CC="000"/>
						<SP ID="P11_SP00462" HPOS="1512" VPOS="2578" WIDTH="21"/>
						<String ID="P11_ST00551" HPOS="1533" VPOS="2535" WIDTH="158" HEIGHT="43" CONTENT="kenne" WC="1.00" CC="00100"/>
						<SP ID="P11_SP00463" HPOS="1691" VPOS="2578" WIDTH="20"/>
						<String ID="P11_ST00552" HPOS="1711" VPOS="2536" WIDTH="51" HEIGHT="43" CONTENT="in" WC="0.76" CC="04"/>
						<SP ID="P11_SP00464" HPOS="1762" VPOS="2579" WIDTH="23"/>
						<String ID="P11_ST00553" HPOS="1785" VPOS="2536" WIDTH="167" HEIGHT="43" CONTENT="keiner" WC="1.00" CC="000400"/>
						<SP ID="P11_SP00465" HPOS="1952" VPOS="2579" WIDTH="22"/>
						<String ID="P11_ST00554" HPOS="1974" VPOS="2535" WIDTH="216" HEIGHT="58" CONTENT="Sprache" WC="0.99" CC="0050050"/>
						<SP ID="P11_SP00466" HPOS="2190" VPOS="2593" WIDTH="28"/>
						<String ID="P11_ST00555" HPOS="2218" VPOS="2537" WIDTH="138" HEIGHT="43" CONTENT="einen" WC="1.00" CC="00000"/>
						<SP ID="P11_SP00467" HPOS="2356" VPOS="2593" WIDTH="23"/>
						<String ID="P11_ST00556" HPOS="2379" VPOS="2536" WIDTH="237" HEIGHT="46" CONTENT="lebenden" WC="0.99" CC="50002004"/>
					</TextLine>
					<TextLine ID="P11_TL00090" HPOS="1429" VPOS="2603" WIDTH="1189" HEIGHT="60">
						<String ID="P11_ST00557" HPOS="1429" VPOS="2603" WIDTH="119" HEIGHT="45" CONTENT="oder" WC="0.98" CC="1051"/>
						<SP ID="P11_SP00468" HPOS="1548" VPOS="2648" WIDTH="22"/>
						<String ID="P11_ST00558" HPOS="1570" VPOS="2608" WIDTH="129" HEIGHT="41" CONTENT="toten" WC="1.00" CC="01000"/>
						<SP ID="P11_SP00469" HPOS="1699" VPOS="2649" WIDTH="23"/>
						<String ID="P11_ST00559" HPOS="1722" VPOS="2606" WIDTH="347" HEIGHT="57" CONTENT="Zeitgenossen," WC="1.00" CC="2004000107040"/>
						<SP ID="P11_SP00470" HPOS="2069" VPOS="2663" WIDTH="20"/>
						<String ID="P11_ST00560" HPOS="2089" VPOS="2606" WIDTH="87" HEIGHT="44" CONTENT="der" WC="0.97" CC="005"/>
						<SP ID="P11_SP00471" HPOS="2176" VPOS="2663" WIDTH="16"/>
						<String ID="P11_ST00561" HPOS="2192" VPOS="2610" WIDTH="146" HEIGHT="41" CONTENT="etwas" WC="1.00" CC="00000"/>
						<SP ID="P11_SP00472" HPOS="2338" VPOS="2663" WIDTH="19"/>
						<String ID="P11_ST00562" HPOS="2357" VPOS="2606" WIDTH="145" HEIGHT="57" CONTENT="(auch" WC="0.99" CC="02300"/>
						<SP ID="P11_SP00473" HPOS="2502" VPOS="2663" WIDTH="24"/>
						<String ID="P11_ST00563" HPOS="2526" VPOS="2622" WIDTH="92" HEIGHT="29" CONTENT="nur" WC="0.96" CC="322"/>
					</TextLine>
					<TextLine ID="P11_TL00091" HPOS="1430" VPOS="2676" WIDTH="1186" HEIGHT="58">
						<String ID="P11_ST00564" HPOS="1430" VPOS="2676" WIDTH="327" HEIGHT="58" CONTENT="annähernd!)" WC="0.99" CC="07400030018"/>
						<SP ID="P11_SP00474" HPOS="1757" VPOS="2734" WIDTH="48"/>
						<String ID="P11_ST00565" HPOS="1805" VPOS="2691" WIDTH="53" HEIGHT="30" CONTENT="so" WC="1.00" CC="00"/>
						<SP ID="P11_SP00475" HPOS="1858" VPOS="2734" WIDTH="38"/>
						<String ID="P11_ST00566" HPOS="1896" VPOS="2677" WIDTH="334" HEIGHT="44" CONTENT="Bedeutendes" WC="1.00" CC="60002003000"/>
						<SP ID="P11_SP00476" HPOS="2230" VPOS="2734" WIDTH="32"/>
						<String ID="P11_ST00567" HPOS="2262" VPOS="2678" WIDTH="354" HEIGHT="45" CONTENT="veröffentlicht" WC="1.00" CC="00500003040040"/>
					</TextLine>
					<TextLine ID="P11_TL00092" HPOS="1429" VPOS="2747" WIDTH="143" HEIGHT="44">
						<String ID="P11_ST00568" HPOS="1429" VPOS="2747" WIDTH="143" HEIGHT="44" CONTENT="hätte." WC="1.00" CC="000002"/>
					</TextLine>
					<TextLine ID="P11_TL00093" HPOS="1430" VPOS="2818" WIDTH="1185" HEIGHT="47">
						<String ID="P11_ST00569" HPOS="1430" VPOS="2818" WIDTH="169" HEIGHT="44" CONTENT="Dieser" WC="0.99" CC="020006"/>
						<SP ID="P11_SP00477" HPOS="1599" VPOS="2862" WIDTH="22"/>
						<String ID="P11_ST00570" HPOS="1621" VPOS="2819" WIDTH="188" HEIGHT="45" CONTENT="Roman" WC="0.98" CC="32043"/>
						<SP ID="P11_SP00478" HPOS="1809" VPOS="2864" WIDTH="33"/>
						<String ID="P11_ST00571" HPOS="1842" VPOS="2820" WIDTH="84" HEIGHT="45" CONTENT="hat" WC="0.99" CC="300"/>
						<SP ID="P11_SP00479" HPOS="1926" VPOS="2865" WIDTH="29"/>
						<String ID="P11_ST00572" HPOS="1955" VPOS="2822" WIDTH="96" HEIGHT="43" CONTENT="mir" WC="0.99" CC="003"/>
						<SP ID="P11_SP00480" HPOS="2051" VPOS="2865" WIDTH="32"/>
						<String ID="P11_ST00573" HPOS="2083" VPOS="2820" WIDTH="77" HEIGHT="45" CONTENT="die" WC="0.98" CC="050"/>
						<SP ID="P11_SP00481" HPOS="2160" VPOS="2865" WIDTH="32"/>
						<String ID="P11_ST00574" HPOS="2192" VPOS="2820" WIDTH="186" HEIGHT="45" CONTENT="tiefsten" WC="1.00" CC="06000000"/>
						<SP ID="P11_SP00482" HPOS="2378" VPOS="2865" WIDTH="33"/>
						<String ID="P11_ST00575" HPOS="2411" VPOS="2820" WIDTH="175" HEIGHT="45" CONTENT="brüder" SUBS_TYPE="HypPart1" SUBS_CONTENT="brüderlichen" WC="0.99" CC="750103"/>
						<HYP HPOS="2586" VPOS="2820" WIDTH="29" CONTENT="-"/>
					</TextLine>
					<TextLine ID="P11_TL00094" HPOS="1429" VPOS="2889" WIDTH="1186" HEIGHT="60">
						<String ID="P11_ST00576" HPOS="1429" VPOS="2889" WIDTH="160" HEIGHT="44" CONTENT="lichen" SUBS_TYPE="HypPart2" SUBS_CONTENT="brüderlichen" WC="1.00" CC="300000"/>
						<SP ID="P11_SP00483" HPOS="1589" VPOS="2933" WIDTH="65"/>
						<String ID="P11_ST00577" HPOS="1654" VPOS="2890" WIDTH="426" HEIGHT="46" CONTENT="Glücksmomente" WC="1.00" CC="5300070300000"/>
						<SP ID="P11_SP00484" HPOS="2080" VPOS="2936" WIDTH="51"/>
						<String ID="P11_ST00578" HPOS="2131" VPOS="2893" WIDTH="228" HEIGHT="56" CONTENT="gebracht" WC="0.99" CC="00600006"/>
						<SP ID="P11_SP00485" HPOS="2359" VPOS="2949" WIDTH="49"/>
						<String ID="P11_ST00579" HPOS="2408" VPOS="2917" WIDTH="56" HEIGHT="5" CONTENT="—" WC="0.20" CC="8"/>
						<SP ID="P11_SP00486" HPOS="2464" VPOS="2949" WIDTH="52"/>
						<String ID="P11_ST00580" HPOS="2516" VPOS="2891" WIDTH="99" HEIGHT="44" CONTENT="und" WC="0.98" CC="220"/>
					</TextLine>
					<TextLine ID="P11_TL00095" HPOS="1429" VPOS="2960" WIDTH="1186" HEIGHT="60">
						<String ID="P11_ST00581" HPOS="1429" VPOS="2960" WIDTH="127" HEIGHT="45" CONTENT="wird" WC="0.97" CC="3450"/>
						<SP ID="P11_SP00487" HPOS="1556" VPOS="3005" WIDTH="33"/>
						<String ID="P11_ST00582" HPOS="1589" VPOS="2961" WIDTH="69" HEIGHT="44" CONTENT="sie" WC="1.00" CC="000"/>
						<SP ID="P11_SP00488" HPOS="1658" VPOS="3005" WIDTH="30"/>
						<String ID="P11_ST00583" HPOS="1688" VPOS="2963" WIDTH="128" HEIGHT="43" CONTENT="noch" WC="0.99" CC="3000"/>
						<SP ID="P11_SP00489" HPOS="1816" VPOS="3006" WIDTH="32"/>
						<String ID="P11_ST00584" HPOS="1848" VPOS="2963" WIDTH="156" HEIGHT="44" CONTENT="vielen" WC="1.00" CC="000002"/>
						<SP ID="P11_SP00490" HPOS="2004" VPOS="3007" WIDTH="31"/>
						<String ID="P11_ST00585" HPOS="2035" VPOS="2964" WIDTH="259" HEIGHT="44" CONTENT="Menschen" WC="1.00" CC="00000005"/>
						<SP ID="P11_SP00491" HPOS="2294" VPOS="3008" WIDTH="32"/>
						<String ID="P11_ST00586" HPOS="2326" VPOS="2964" WIDTH="200" HEIGHT="56" CONTENT="bringen" WC="0.98" CC="6500902"/>
						<SP ID="P11_SP00492" HPOS="2526" VPOS="3020" WIDTH="33"/>
						<String ID="P11_ST00587" HPOS="2559" VPOS="2988" WIDTH="56" HEIGHT="5" CONTENT="—" WC="0.20" CC="8"/>
					</TextLine>
					<TextLine ID="P11_TL00096" HPOS="1429" VPOS="3030" WIDTH="1125" HEIGHT="62">
						<String ID="P11_ST00588" HPOS="1429" VPOS="3030" WIDTH="79" HEIGHT="44" CONTENT="die" WC="1.00" CC="010"/>
						<SP ID="P11_SP00493" HPOS="1508" VPOS="3074" WIDTH="19"/>
						<String ID="P11_ST00589" HPOS="1527" VPOS="3031" WIDTH="294" HEIGHT="46" CONTENT="Gedrucktes" WC="1.00" CC="3002400000"/>
						<SP ID="P11_SP00494" HPOS="1821" VPOS="3077" WIDTH="21"/>
						<String ID="P11_ST00590" HPOS="1842" VPOS="3035" WIDTH="274" HEIGHT="57" CONTENT="überhaupt" WC="0.99" CC="040500700"/>
						<SP ID="P11_SP00495" HPOS="2116" VPOS="3092" WIDTH="22"/>
						<String ID="P11_ST00591" HPOS="2138" VPOS="3034" WIDTH="251" HEIGHT="45" CONTENT="erwecken" WC="1.00" CC="04000003"/>
						<SP ID="P11_SP00496" HPOS="2389" VPOS="3092" WIDTH="23"/>
						<String ID="P11_ST00592" HPOS="2412" VPOS="3034" WIDTH="142" HEIGHT="43" CONTENT="kann." WC="0.99" CC="00130"/>
					</TextLine>
					<TextLine ID="P11_TL00097" HPOS="1428" VPOS="3101" WIDTH="1186" HEIGHT="48">
						<String ID="P11_ST00593" HPOS="1428" VPOS="3101" WIDTH="137" HEIGHT="46" CONTENT="Nach" WC="0.98" CC="1005"/>
						<SP ID="P11_SP00497" HPOS="1565" VPOS="3147" WIDTH="61"/>
						<String ID="P11_ST00594" HPOS="1626" VPOS="3104" WIDTH="212" HEIGHT="45" CONTENT="hundert" WC="0.99" CC="0520050"/>
						<SP ID="P11_SP00498" HPOS="1838" VPOS="3149" WIDTH="60"/>
						<String ID="P11_ST00595" HPOS="1898" VPOS="3105" WIDTH="175" HEIGHT="44" CONTENT="Jahren" WC="1.00" CC="000302"/>
						<SP ID="P11_SP00499" HPOS="2073" VPOS="3149" WIDTH="63"/>
						<String ID="P11_ST00596" HPOS="2136" VPOS="3105" WIDTH="126" HEIGHT="44" CONTENT="wird" WC="0.99" CC="0060"/>
						<SP ID="P11_SP00500" HPOS="2262" VPOS="3149" WIDTH="61"/>
						<String ID="P11_ST00597" HPOS="2323" VPOS="3119" WIDTH="94" HEIGHT="30" CONTENT="von" WC="0.98" CC="004"/>
						<SP ID="P11_SP00501" HPOS="2417" VPOS="3149" WIDTH="70"/>
						<String ID="P11_ST00598" HPOS="2487" VPOS="3106" WIDTH="127" HEIGHT="42" CONTENT="allen" WC="0.98" CC="03405"/>
					</TextLine>
					<TextLine ID="P11_TL00098" HPOS="1428" VPOS="3175" WIDTH="1186" HEIGHT="48">
						<String ID="P11_ST00599" HPOS="1428" VPOS="3177" WIDTH="224" HEIGHT="45" CONTENT="Büchern" WC="0.99" CC="4000041"/>
						<SP ID="P11_SP00502" HPOS="1652" VPOS="3222" WIDTH="34"/>
						<String ID="P11_ST00600" HPOS="1686" VPOS="3177" WIDTH="243" HEIGHT="46" CONTENT="zwischen" WC="0.99" CC="00400306"/>
						<SP ID="P11_SP00503" HPOS="1929" VPOS="3223" WIDTH="35"/>
						<String ID="P11_ST00601" HPOS="1964" VPOS="3177" WIDTH="114" HEIGHT="45" CONTENT="1880" WC="0.77" CC="0224"/>
						<SP ID="P11_SP00504" HPOS="2078" VPOS="3223" WIDTH="36"/>
						<String ID="P11_ST00602" HPOS="2114" VPOS="3176" WIDTH="101" HEIGHT="44" CONTENT="und" WC="0.95" CC="570"/>
						<SP ID="P11_SP00505" HPOS="2215" VPOS="3223" WIDTH="34"/>
						<String ID="P11_ST00603" HPOS="2249" VPOS="3177" WIDTH="112" HEIGHT="43" CONTENT="1916" WC="0.83" CC="0600"/>
						<SP ID="P11_SP00506" HPOS="2361" VPOS="3223" WIDTH="38"/>
						<String ID="P11_ST00604" HPOS="2399" VPOS="3190" WIDTH="92" HEIGHT="29" CONTENT="nur" WC="0.98" CC="023"/>
						<SP ID="P11_SP00507" HPOS="2491" VPOS="3223" WIDTH="38"/>
						<String ID="P11_ST00605" HPOS="2529" VPOS="3175" WIDTH="85" HEIGHT="45" CONTENT="das" WC="0.96" CC="045"/>
					</TextLine>
					<TextLine ID="P11_TL00099" HPOS="1428" VPOS="3246" WIDTH="1183" HEIGHT="58">
						<String ID="P11_ST00606" HPOS="1428" VPOS="3246" WIDTH="164" HEIGHT="56" CONTENT="„Buch" WC="0.99" CC="04300"/>
						<SP ID="P11_SP00508" HPOS="1592" VPOS="3302" WIDTH="34"/>
						<String ID="P11_ST00607" HPOS="1626" VPOS="3246" WIDTH="87" HEIGHT="46" CONTENT="der" WC="0.99" CC="002"/>
						<SP ID="P11_SP00509" HPOS="1713" VPOS="3302" WIDTH="37"/>
						<String ID="P11_ST00608" HPOS="1750" VPOS="3247" WIDTH="416" HEIGHT="45" CONTENT='Menschenliebe"' WC="1.00" CC="00300000000002"/>
						<SP ID="P11_SP00510" HPOS="2166" VPOS="3302" WIDTH="34"/>
						<String ID="P11_ST00609" HPOS="2200" VPOS="3247" WIDTH="249" HEIGHT="57" CONTENT="geblieben" WC="0.99" CC="902400304"/>
						<SP ID="P11_SP00511" HPOS="2449" VPOS="3304" WIDTH="48"/>
						<String ID="P11_ST00610" HPOS="2497" VPOS="3247" WIDTH="114" HEIGHT="43" CONTENT="sein." WC="1.00" CC="00000"/>
					</TextLine>
					<TextLine ID="P11_TL00100" HPOS="1428" VPOS="3317" WIDTH="1186" HEIGHT="60">
						<String ID="P11_ST00611" HPOS="1428" VPOS="3318" WIDTH="109" HEIGHT="43" CONTENT="Und" WC="1.00" CC="000"/>
						<SP ID="P11_SP00512" HPOS="1537" VPOS="3361" WIDTH="22"/>
						<String ID="P11_ST00612" HPOS="1559" VPOS="3332" WIDTH="48" HEIGHT="31" CONTENT="es" WC="0.95" CC="00"/>
						<SP ID="P11_SP00513" HPOS="1607" VPOS="3363" WIDTH="19"/>
						<String ID="P11_ST00613" HPOS="1626" VPOS="3318" WIDTH="127" HEIGHT="45" CONTENT="wird" WC="0.99" CC="0040"/>
						<SP ID="P11_SP00514" HPOS="1753" VPOS="3363" WIDTH="16"/>
						<String ID="P11_ST00614" HPOS="1769" VPOS="3321" WIDTH="268" HEIGHT="56" CONTENT="ungealtert" WC="1.00" CC="2000135040"/>
						<SP ID="P11_SP00515" HPOS="2037" VPOS="3377" WIDTH="21"/>
						<String ID="P11_ST00615" HPOS="2058" VPOS="3319" WIDTH="89" HEIGHT="44" CONTENT="mit" WC="1.00" CC="000"/>
						<SP ID="P11_SP00516" HPOS="2147" VPOS="3377" WIDTH="21"/>
						<String ID="P11_ST00616" HPOS="2168" VPOS="3317" WIDTH="314" HEIGHT="46" CONTENT="herrlichster" WC="0.99" CC="506550020002"/>
						<SP ID="P11_SP00517" HPOS="2482" VPOS="3377" WIDTH="16"/>
						<String ID="P11_ST00617" HPOS="2498" VPOS="3317" WIDTH="87" HEIGHT="44" CONTENT="Auf" SUBS_TYPE="HypPart1" SUBS_CONTENT="Aufwühlung" WC="1.00" CC="000"/>
						<HYP HPOS="2585" VPOS="3317" WIDTH="29" CONTENT="-"/>
					</TextLine>
					<TextLine ID="P11_TL00101" HPOS="1426" VPOS="3388" WIDTH="700" HEIGHT="58">
						<String ID="P11_ST00618" HPOS="1426" VPOS="3388" WIDTH="237" HEIGHT="58" CONTENT="wühlung" SUBS_TYPE="HypPart2" SUBS_CONTENT="Aufwühlung" WC="1.00" CC="0001210"/>
						<SP ID="P11_SP00518" HPOS="1663" VPOS="3446" WIDTH="30"/>
						<String ID="P11_ST00619" HPOS="1693" VPOS="3391" WIDTH="189" HEIGHT="55" CONTENT="gelesen" WC="1.00" CC="0060000"/>
						<SP ID="P11_SP00519" HPOS="1882" VPOS="3446" WIDTH="32"/>
						<String ID="P11_ST00620" HPOS="1914" VPOS="3391" WIDTH="212" HEIGHT="44" CONTENT="werden." WC="1.00" CC="0020020"/>
					</TextLine>
					<TextLine ID="P11_TL00102" HPOS="1426" VPOS="3459" WIDTH="1187" HEIGHT="46">
						<String ID="P11_ST00621" HPOS="1426" VPOS="3459" WIDTH="61" HEIGHT="43" CONTENT="Es" WC="0.98" CC="00"/>
						<SP ID="P11_SP00520" HPOS="1487" VPOS="3502" WIDTH="33"/>
						<String ID="P11_ST00622" HPOS="1520" VPOS="3459" WIDTH="61" HEIGHT="43" CONTENT="ist" WC="0.99" CC="200"/>
						<SP ID="P11_SP00521" HPOS="1581" VPOS="3502" WIDTH="38"/>
						<String ID="P11_ST00623" HPOS="1619" VPOS="3460" WIDTH="77" HEIGHT="44" CONTENT="ein" WC="0.99" CC="020"/>
						<SP ID="P11_SP00522" HPOS="1696" VPOS="3504" WIDTH="34"/>
						<String ID="P11_ST00624" HPOS="1730" VPOS="3460" WIDTH="276" HEIGHT="45" CONTENT="wirkliches" WC="1.00" CC="0050000000"/>
						<SP ID="P11_SP00523" HPOS="2006" VPOS="3505" WIDTH="34"/>
						<String ID="P11_ST00625" HPOS="2040" VPOS="3460" WIDTH="133" HEIGHT="45" CONTENT="Buch" WC="0.98" CC="1405"/>
						<SP ID="P11_SP00524" HPOS="2173" VPOS="3505" WIDTH="41"/>
						<String ID="P11_ST00626" HPOS="2214" VPOS="3459" WIDTH="84" HEIGHT="45" CONTENT="der" WC="0.99" CC="002"/>
						<SP ID="P11_SP00525" HPOS="2298" VPOS="3505" WIDTH="31"/>
						<String ID="P11_ST00627" HPOS="2329" VPOS="3460" WIDTH="253" HEIGHT="45" CONTENT="Menschen" SUBS_TYPE="HypPart1" SUBS_CONTENT='Menschenliebe."' WC="1.00" CC="00300600"/>
						<HYP HPOS="2582" VPOS="3460" WIDTH="31" CONTENT="-"/>
					</TextLine>
					<TextLine ID="P11_TL00103" HPOS="1424" VPOS="3529" WIDTH="173" HEIGHT="44">
						<String ID="P11_ST00628" HPOS="1424" VPOS="3529" WIDTH="173" HEIGHT="44" CONTENT='liebe."' SUBS_TYPE="HypPart2" SUBS_CONTENT='Menschenliebe."' WC="0.99" CC="2003004"/>
					</TextLine>
					<TextLine ID="P11_TL00104" HPOS="2160" VPOS="3604" WIDTH="454" HEIGHT="57">
						<String ID="P11_ST00629" HPOS="2160" VPOS="3604" WIDTH="206" HEIGHT="57" CONTENT="Ludwig" WC="1.00" CC="041000"/>
						<SP ID="P11_SP00526" HPOS="2366" VPOS="3661" WIDTH="32"/>
						<String ID="P11_ST00630" HPOS="2398" VPOS="3604" WIDTH="216" HEIGHT="44" CONTENT="Rubiner" WC="0.99" CC="5000006"/>
					</TextLine>
					<TextLine ID="P11_TL00105" HPOS="1423" VPOS="3698" WIDTH="1188" HEIGHT="58">
						<String ID="P11_ST00631" HPOS="1423" VPOS="3698" WIDTH="97" HEIGHT="43" CONTENT="Das" WC="1.00" CC="000"/>
						<SP ID="P11_SP00527" HPOS="1520" VPOS="3741" WIDTH="33"/>
						<String ID="P11_ST00632" HPOS="1553" VPOS="3698" WIDTH="154" HEIGHT="57" CONTENT="klingt" WC="0.99" CC="030500"/>
						<SP ID="P11_SP00528" HPOS="1707" VPOS="3755" WIDTH="31"/>
						<String ID="P11_ST00633" HPOS="1738" VPOS="3699" WIDTH="133" HEIGHT="43" CONTENT="fatal!" WC="0.99" CC="700100"/>
						<SP ID="P11_SP00529" HPOS="1871" VPOS="3755" WIDTH="62"/>
						<String ID="P11_ST00634" HPOS="1933" VPOS="3699" WIDTH="144" HEIGHT="45" CONTENT="Nicht" WC="0.99" CC="00050"/>
						<SP ID="P11_SP00530" HPOS="2077" VPOS="3755" WIDTH="31"/>
						<String ID="P11_ST00635" HPOS="2108" VPOS="3699" WIDTH="152" HEIGHT="57" CONTENT="wahr," WC="0.99" CC="00220"/>
						<SP ID="P11_SP00531" HPOS="2260" VPOS="3756" WIDTH="40"/>
						<String ID="P11_ST00636" HPOS="2300" VPOS="3700" WIDTH="123" HEIGHT="44" CONTENT="Herr" WC="0.98" CC="3020"/>
						<SP ID="P11_SP00532" HPOS="2423" VPOS="3756" WIDTH="32"/>
						<String ID="P11_ST00637" HPOS="2455" VPOS="3699" WIDTH="125" HEIGHT="45" CONTENT="West" SUBS_TYPE="HypPart1" SUBS_CONTENT="Westheim?" WC="1.00" CC="0000"/>
						<HYP HPOS="2580" VPOS="3699" WIDTH="31" CONTENT="-"/>
					</TextLine>
					<TextLine ID="P11_TL00106" HPOS="1424" VPOS="3768" WIDTH="1189" HEIGHT="61">
						<String ID="P11_ST00638" HPOS="1424" VPOS="3768" WIDTH="162" HEIGHT="46" CONTENT="heim?" SUBS_TYPE="HypPart2" SUBS_CONTENT="Westheim?" WC="0.98" CC="00406"/>
						<SP ID="P11_SP00533" HPOS="1586" VPOS="3814" WIDTH="49"/>
						<String ID="P11_ST00639" HPOS="1635" VPOS="3770" WIDTH="95" HEIGHT="44" CONTENT="Das" WC="0.99" CC="020"/>
						<SP ID="P11_SP00534" HPOS="1730" VPOS="3814" WIDTH="33"/>
						<String ID="P11_ST00640" HPOS="1763" VPOS="3770" WIDTH="126" HEIGHT="45" CONTENT="wird" WC="0.99" CC="0030"/>
						<SP ID="P11_SP00535" HPOS="1889" VPOS="3815" WIDTH="31"/>
						<String ID="P11_ST00641" HPOS="1920" VPOS="3770" WIDTH="187" HEIGHT="57" CONTENT="einigen" WC="1.00" CC="0042000"/>
						<SP ID="P11_SP00536" HPOS="2107" VPOS="3827" WIDTH="26"/>
						<String ID="P11_ST00642" HPOS="2133" VPOS="3773" WIDTH="199" HEIGHT="44" CONTENT="Teufeln" WC="0.99" CC="0030014"/>
						<SP ID="P11_SP00537" HPOS="2332" VPOS="3827" WIDTH="33"/>
						<String ID="P11_ST00643" HPOS="2365" VPOS="3784" WIDTH="84" HEIGHT="45" CONTENT="gar" WC="0.98" CC="006"/>
						<SP ID="P11_SP00538" HPOS="2449" VPOS="3829" WIDTH="32"/>
						<String ID="P11_ST00644" HPOS="2481" VPOS="3770" WIDTH="132" HEIGHT="45" CONTENT="nicht" WC="1.00" CC="00000"/>
					</TextLine>
					<TextLine ID="P11_TL00107" HPOS="1423" VPOS="3840" WIDTH="1187" HEIGHT="60">
						<String ID="P11_ST00645" HPOS="1423" VPOS="3840" WIDTH="49" HEIGHT="45" CONTENT="in" WC="0.73" CC="05"/>
						<SP ID="P11_SP00539" HPOS="1472" VPOS="3885" WIDTH="34"/>
						<String ID="P11_ST00646" HPOS="1506" VPOS="3840" WIDTH="86" HEIGHT="45" CONTENT="das" WC="1.00" CC="010"/>
						<SP ID="P11_SP00540" HPOS="1592" VPOS="3885" WIDTH="34"/>
						<String ID="P11_ST00647" HPOS="1626" VPOS="3841" WIDTH="216" HEIGHT="58" CONTENT="Konzept" WC="1.00" CC="4110000"/>
						<SP ID="P11_SP00541" HPOS="1842" VPOS="3899" WIDTH="35"/>
						<String ID="P11_ST00648" HPOS="1877" VPOS="3855" WIDTH="188" HEIGHT="45" CONTENT="passen." WC="1.00" CC="0000000"/>
						<SP ID="P11_SP00542" HPOS="2065" VPOS="3900" WIDTH="64"/>
						<String ID="P11_ST00649" HPOS="2129" VPOS="3843" WIDTH="89" HEIGHT="44" CONTENT="Die" WC="1.00" CC="000"/>
						<SP ID="P11_SP00543" HPOS="2218" VPOS="3900" WIDTH="31"/>
						<String ID="P11_ST00650" HPOS="2249" VPOS="3843" WIDTH="152" HEIGHT="44" CONTENT="Toten" WC="0.99" CC="40002"/>
						<SP ID="P11_SP00544" HPOS="2401" VPOS="3900" WIDTH="47"/>
						<String ID="P11_ST00651" HPOS="2448" VPOS="3841" WIDTH="162" HEIGHT="45" CONTENT="reden." WC="1.00" CC="200000"/>
					</TextLine>
				</TextBlock>
			</PrintSpace>
		</Page>
	</Layout>
</alto>
