2768 4125
181 3953 91 37 124

182 128 92 43 Das
308 128 132 42 Wort
472 127 153 55 Gipfel
657 127 124 43 wird
814 141 92 28 von
946 126 109 43 dem
1087 126 256 42 Einzelnen

182 197 359 54 gefühlsmässig
572 211 52 27 so
657 196 306 55 empfunden,
1012 197 91 40 wie
1150 209 50 28 er
1247 195 98 41 und

181 280 90 27 nur
303 279 49 28 er
383 265 99 42 und
520 269 137 38 unter
702 265 215 43 welchen
955 265 289 41 Umständen
1296 277 49 28 er

178 336 133 40 einen
338 334 152 56 Gipfel
515 336 174 40 einmal
713 334 200 54 gesehen
949 334 91 42 hat.
1096 334 86 42 Um
1216 334 128 42 diese

177 404 360 54 Vieldeutigkeit
564 403 81 43 des
666 402 435 57 Geftihlsmässigen
1134 404 183 43 verhält-

177 474 248 54 nismässig
475 487 55 28 zu
584 473 210 42 Gunsten
847 473 130 42 einer
1037 473 304 42 bestimmten

176 542 321 55 Empfindung
544 543 418 51 einzuschränken,
1017 543 188 42 wendet
1258 543 85 43 der

176 613 191 41 Dichter
400 612 82 42 das
693 626 73 28 an.
831 614 91 40 Das
955 613 164 42 heisst:
1154 627 50 27 er
1235 627 80 27 ver-

175 681 136 43 sucht
358 681 151 43 durch
557 681 495 55 Wortverbindungen
1102 684 104 40 eine
1258 683 56 41 be-

176 751 259 42 stimmtere
457 750 293 44 Assoziation
779 766 56 28 zu
864 752 161 54 geben.
1089 751 90 42 Um
1213 751 129 43 diese

172 817 290 46 Assoziation
513 821 47 40 in
615 821 84 42 der
743 821 302 54 Vorstellung
1097 821 81 42 des
1226 820 86 43 Auf-

173 890 298 43 nehmenden
506 891 130 42 nicht
667 904 91 29 nur
797 891 220 53 sichtbar,
1066 890 122 43 auch
1226 891 86 42 hör-

171 960 86 42 bar
287 959 193 47 werden
513 974 56 27 zu
601 961 154 41 lassen
788 960 203 42 braucht
1030 959 85 42 der
1148 960 193 42 Dichter

172 1028 88 42 den
286 1028 281 56 Rhythmus,
604 1029 84 43 der
706 1028 84 44 das
823 1028 278 56 eigentliche
1119 1028 99 42 und
1251 1042 59 28 un-

170 1099 238 41 mittelbar
440 1098 344 43 künstlerische
806 1099 145 41 Mittel
986 1098 84 42 der
1104 1098 236 55 Dichtung

170 1168 70 41 ist.
302 1167 115 42 Eine
451 1168 236 55 Dichtung
718 1168 126 43 ohne
884 1168 330 55 rhythmische
1248 1167 60 43 Ge-

171 1237 202 54 staltung
403 1237 59 42 ist
494 1237 76 42 nie
592 1238 163 53 Kunst,
789 1239 67 41 sie
887 1238 59 41 ist
967 1236 219 56 Aussage.
1230 1238 106 41 Man

170 1306 135 55 prüfe
328 1305 82 43 das
430 1305 198 44 Gedicht
645 1307 202 42 Goethes
871 1307 86 42 auf
975 1307 161 42 seinen
1156 1307 151 55 Rhyth-

169 1389 119 29 mus.
352 1374 105 43 Und
485 1390 112 28 man
631 1376 118 42 höre
781 1377 91 42 wie
899 1377 112 41 weit
1044 1376 76 42 die
1143 1375 196 43 Absicht

172 1444 82 43 der
276 1444 420 56 gefühlsmässigen
720 1445 294 43 Assozialion
1037 1445 301 57 rhythmisch

169 1529 82 27 zur
283 1514 274 56 Gestaltung
588 1516 284 54 gekommen
904 1516 72 42 ist.

169 1574 168 52 Über
369 1585 179 42 allen
583 1583 275 57 Gipfeln
891 1585 87 42 ist
1010 1585 135 42 Ruh

169 1653 193 44 Absicht
414 1653 83 42 der
542 1653 423 57 gefühlsmässigen
1019 1655 294 43 Assoziation
1329 1670 7 27 :

168 1723 147 44 Ruhe.
407 1723 92 43 Der
550 1723 271 55 Klangwert
882 1724 84 42 der
1018 1723 161 45 Silben
1243 1725 96 55 gibt

169 1793 297 55 rhythmisch
499 1792 76 43 die
607 1793 235 43 sichtbare
864 1794 302 55 Vorstellung
1188 1794 148 43 Ruhe.

168 1862 100 43 Nur
290 1864 58 40 ist
376 1862 83 42 der
482 1861 105 44 Satz
617 1863 68 42 im
717 1864 253 53 gewollten
994 1862 116 45 Sinn
1145 1863 85 43 der
1260 1876 52 43 ge-

169 1932 361 54 fühlsmässigen
551 1931 157 44 Werte
732 1931 84 44 der
832 1932 189 43 Wörter
1037 1933 138 42 keine
1193 1933 117 43 Dich-

169 2004 122 51 tung,
341 2014 50 29 er
421 2001 59 43 ist
517 2001 103 43 eine
652 2001 223 56 Aussage.
952 2001 60 43 Es
1059 2002 124 43 wird
1230 2016 82 29 aus-

169 2074 164 51 gesagt,
381 2069 106 43 dass
536 2071 117 42 über
698 2072 125 42 allen
857 2071 188 56 Gipfeln
1083 2072 136 42 Ruhe
1265 2072 71 43 ist.

171 2138 220 44 Dadurch
424 2140 122 43 wird
591 2140 75 44 die
699 2141 302 56 Vorstellung
1033 2142 136 42 Ruhe
1207 2142 132 42 nicht

170 2210 216 53 sichtbar,
421 2210 66 42 sie
509 2210 123 43 wird
654 2225 91 28 nur
767 2211 457 54 verstandesmässig
1255 2225 83 28 zur

169 2279 224 42 Kenntnis
426 2280 216 55 gegeben.
706 2280 59 43 Es
807 2281 183 43 scheint
1035 2282 123 43 auch
1209 2283 130 42 nicht

170 2348 109 43 sehr
308 2349 138 55 ruhig
476 2363 58 29 zu
572 2351 114 54 sein,
739 2351 121 42 denn
909 2351 49 43 in
1007 2351 85 43 der
1136 2352 198 43 zweiten

171 2419 9 12 r
181 2420 17 26 z
569 2435 7 10 «

232 2443 11 17 i
251 2453 9 7 *
323 2448 27 12 L..
385 2444 10 16 Jt
404 2448 16 13 oi
429 2443 2 20 -
454 2450 10 10 4.
533 2449 18 13 O
568 2455 6 8 4

169 2496 62 34 in
265 2490 178 42 allen
477 2490 296 55 Wipfeln
807 2497 273 50 spürest
1113 2493 87 42 Du

169 2558 50 42 In
252 2558 151 43 dieser
433 2561 197 42 zweiten
653 2561 123 43 Zeile
808 2562 110 55 liegt
950 2563 104 42 eine
1087 2562 250 43 andere

170 2627 202 44 hörbare
393 2629 231 57 Wirkung
655 2645 98 30 vor.
818 2632 94 42 Der
943 2632 273 56 Klangwert
1252 2632 84 42 der

171 2696 126 44 Silbe
330 2703 87 51 spü
450 2699 94 55 gibt
579 2700 82 43 der
692 2702 124 42 Zeile
854 2703 104 41 eine
1005 2702 209 43 stärkere
1246 2702 60 42 Be-

169 2779 197 45 wegung
403 2768 146 44 schon
598 2772 125 41 ohne
771 2771 88 42 den
894 2771 443 45 Assoziationswert

170 2838 80 43 des
283 2839 185 43 Wortes
515 2845 188 50 spüren.
765 2841 134 44 Auch
948 2842 129 43 diese
1108 2843 126 43 Zeile
1277 2844 60 42 ist

170 2909 102 42 eine
294 2907 217 58 Aussage.
574 2911 94 42 Der
699 2911 191 43 Dichter
920 2913 272 56 behauptet,
1228 2913 107 44 dass

171 2978 115 42 über
316 2979 124 41 allen
475 2979 185 55 Gipfeln
695 2981 135 43 Ruhe
862 2982 67 42 sei
962 2982 98 44 und
1103 2982 109 44 dass
1259 2984 78 43 ich

169 3047 48 41 in
241 3048 121 42 allen
381 3048 209 56 Wipfeln
614 3054 154 51 spüre,
791 3064 100 30 was
915 3066 50 28 er
986 3052 163 43 weder
1171 3053 165 44 fühlen

172 3116 120 43 noch
315 3118 185 54 wissen,
534 3119 206 43 sondern
773 3120 254 45 höchstens
1066 3123 270 57 behaupten

171 3186 137 42 kann.
371 3186 159 44 Daher
562 3188 139 44 dritte
732 3191 124 43 Zeile

171 3255 193 43 Kaum
402 3258 193 43 einen
628 3259 40 42 H
689 3274 59 28 au
765 3274 26 30 c
808 3262 31 41 h

171 3325 111 43 Wer
307 3327 110 54 jetzt
449 3327 130 43 nicht
610 3329 148 43 schon
791 3330 83 44 das
908 3331 171 43 Wesen
1113 3333 98 42 und
1255 3333 83 43 das

170 3394 317 45 Wesentliche
510 3397 80 44 des
614 3399 267 56 Rhythmus
911 3401 47 42 in
993 3401 85 44 der
1102 3403 237 56 Dichtung

172 3464 269 56 empfindet,
489 3467 57 42 ist
578 3481 51 30 so
663 3469 246 55 verbildet,
958 3471 107 43 dass
1099 3486 51 28 er
1191 3473 146 42 kaum

174 3534 122 42 noch
334 3535 75 43 die
447 3537 243 56 Fähigkeit
730 3553 83 28 zur
851 3540 321 57 Anschauung
1210 3544 127 42 eines

173 3603 331 45 Kunstwerkes
557 3608 220 55 erlangen
825 3610 135 42 wird.
1024 3612 93 42 Der
1162 3612 154 43 intelli-

174 3677 132 50 gente
353 3675 141 42 Leser
548 3677 122 42 wird
718 3679 296 53 einwenden,
1067 3680 106 44 dass
1226 3697 112 28 man

174 3742 116 42 eben
316 3742 74 44 die
419 3746 162 42 zweite
613 3747 99 42 und
745 3748 137 43 dritte
904 3750 125 42 Zeile
1060 3765 278 30 zusammen

172 3812 126 42 lesen
323 3828 142 29 muss.
525 3816 157 43 Muss?
722 3818 120 43 Darf
868 3833 110 29 man
1012 3833 47 29 es
1093 3821 123 43 auch
1250 3836 89 28 nur

1418 127 95 49 tun,
1547 138 140 28 wenn
1724 123 180 42 Goethe
1938 122 129 44 diese
2104 125 164 40 zweite
2307 120 99 44 und
2454 121 136 43 dritte

1416 193 125 41 Zeile
1573 192 208 42 sichtbar
1813 196 168 48 trennt,
2016 192 226 41 metrisch
2275 195 168 39 trennt
2497 192 93 41 Das

1418 275 129 28 muss
1572 261 124 42 doch
1718 261 132 42 wohl
1879 261 104 41 eine
2016 260 347 43 künstlerische
2395 260 197 42 Absicht

1417 331 112 41 sein.
1595 329 127 43 Oder
1764 330 101 42 will
1912 343 111 28 man
2060 329 180 43 Goethe
2288 329 149 42 damit
2484 343 80 29 ver-

1415 399 217 55 teidigen,
1668 399 107 42 dass
1800 399 117 41 eben
1942 399 104 42 hier
2074 399 138 41 keine
2243 398 349 43 künstlerische

1415 468 196 42 Absicht
1642 468 211 54 vorliegt.
1917 468 118 42 Dass
2085 482 50 28 er
2180 482 108 27 zum
2322 467 145 55 Spass
2516 467 76 41 die

1416 538 138 42 dritte
1585 539 125 41 Zeile
1742 538 156 42 hinter
1931 538 76 41 die
2055 538 165 42 zweite
2267 538 182 54 gestellt
2497 536 93 42 hat.

1416 606 127 43 Oder
1574 608 101 41 will
1712 621 111 28 man
1858 607 181 42 Goethe
2087 606 150 43 damit
2283 605 307 55 verteidigen,

1415 675 107 44 dass
1548 689 49 28 er
1624 676 100 42 sich
1758 691 82 28 um
1875 677 89 42 den
1989 677 269 55 Rhythmus
2293 676 130 42 einer
2446 675 117 42 Dich-

1412 748 115 53 tung
1550 745 130 42 nicht
1708 746 255 42 kümmert.
2028 745 129 43 Oder
2188 746 103 42 will
2323 759 112 28 man
2470 748 122 39 etwa

1412 815 287 55 behaupten,
1750 816 107 42 dass
1891 830 49 28 es
1973 814 230 44 kleinlich
2237 815 80 53 sei,
2366 815 110 42 weil
2514 814 76 42 ich

1414 884 179 43 Goethe
1616 898 51 30 so
1691 887 110 48 lese,
1835 886 92 42 wie
1952 899 59 28 er
2033 899 48 29 es
2105 886 193 54 gewollt
2321 884 94 42 hat.
2468 884 126 42 Aber

1411 968 111 29 man
1558 955 176 42 ändere
1767 955 84 42 das
1884 954 284 55 graphische
2201 953 132 44 Bild:

1411 1023 59 42 In
1519 1025 150 42 allen
1715 1024 259 55 Wipfeln
2030 1028 225 51 spürest
2301 1023 81 42 Du
2429 1023 163 42 kaum

1412 1094 159 41 einen
1607 1094 204 42 Hauch.

1411 1163 113 43 Wer
1552 1164 101 41 will
1683 1164 288 55 behaupten,
2007 1163 85 43 der
2122 1163 152 43 hören
2308 1164 141 52 kann,
2484 1161 108 42 dass

1409 1234 48 41 in
1492 1232 182 43 diesem
1712 1233 269 55 Rhythmus
2014 1234 148 41 kaum
2210 1233 75 42 ein
2320 1231 167 43 Hauch
2535 1245 58 27 zu

1411 1307 177 50 spüren
1622 1303 72 41 ist.
1760 1303 96 42 Der
1887 1303 271 56 Rhythmus
2192 1303 97 54 gibt
2321 1314 152 43 genau
2509 1300 83 43 das

1412 1371 240 56 Gegenteil
1683 1372 81 43 des
1790 1372 344 43 Gefühlswerts
2168 1371 156 42 dieser
2346 1371 137 51 Zeile,
2517 1370 76 43 die

1411 1443 115 41 aber
1559 1453 81 43 gar
1673 1443 171 41 keinen
1880 1441 321 43 Gefühlswert
2239 1441 96 50 hat,
2383 1440 209 43 sondern

1411 1510 182 44 wieder
1628 1512 104 42 eine
1764 1511 211 56 Aussage
2022 1512 72 41 ist.
2159 1510 107 43 Und
2313 1524 130 29 zwar
2489 1510 105 42 eine

1411 1580 209 57 Aussage
1653 1581 131 43 nicht
1813 1582 178 41 einmal
2025 1580 81 43 des
2131 1581 220 42 Dichters
2385 1579 207 43 sondern

1412 1651 105 42 eine
1548 1651 315 55 Behauptung
1896 1651 118 42 über
2046 1650 77 43 die
2155 1650 275 42 Aufnahme
2463 1650 129 41 eines

1411 1719 182 44 andern
1628 1720 153 43 durch
1820 1721 132 43 seine
1984 1720 223 55 Aussage.

1412 1791 100 42 Die
1548 1790 233 55 Vöglein
1816 1790 321 56 schweigen
2178 1790 74 42 im
2284 1789 195 44 Walde

1411 1861 196 43 Absicht
1660 1861 85 42 der
1796 1860 430 55 gefühlsmässigen
2275 1858 317 44 Assoziation:

1410 1931 149 43 Ruhe.
1611 1932 95 41 Der
1726 1931 273 54 Klangwert
2019 1930 84 42 der
2121 1928 163 45 Silben
2303 1929 97 55 gibt
2427 1928 140 57 rhyth-

1411 2001 155 43 misch
1620 2001 76 42 die
1743 2000 209 43 hörbare
1999 2000 327 54 Vorstellung:
2379 1999 215 55 Klingen.

1411 2072 113 42 Also
1550 2071 82 43 das
1658 2071 242 54 Gegenteil
1930 2069 84 43 der
2046 2069 429 55 gefühlsmässigen
2499 2068 64 43 Ab-

1411 2141 134 43 sicht.
1608 2140 96 43 Auf
1731 2140 76 42 die
1839 2141 192 42 betonte
2049 2138 132 46 Silbe
2214 2138 190 45 Schwei
2436 2139 156 55 folgen

1410 2211 119 42 zwei
1548 2211 259 42 unbetonte
1827 2210 159 44 Silben
2342 2208 77 43 die
2439 2208 152 43 durch

1402 2281 277 56 Pihythmus
1696 2294 281 29 zusammen
1994 2279 285 56 phonetisch
2298 2279 106 42 eine
2421 2278 174 43 leichte

1410 2351 271 55 Bewegung
1713 2351 218 54 ergeben.
1995 2351 87 41 Die
2100 2349 237 43 Verszeile
2361 2349 148 43 selbst
2536 2349 59 43 ist

1407 2420 186 44 wieder
1625 2423 35 39 A
1676 2434 67 29 .iss
1751 2433 94 38 a£:>,
1879 2418 101 46 und
2012 2421 70 42 als
2115 2419 166 44 solche
2309 2418 133 44 nicht
2463 2420 106 42 sinn-

1779 2465 24 11 cj
1837 2460 7 14 7

1409 2491 143 55 fällig,
1592 2492 66 41 sie
1691 2490 125 43 wird
1853 2491 102 42 rein
1989 2489 468 55 verstandesgemäss
2491 2490 78 41 auf-

1410 2572 300 43 genommen.

1407 2631 225 43 Warte
1664 2645 124 27 nur
1819 2629 200 43 balde

1407 2702 48 41 in
1491 2700 156 44 dieser
1677 2701 128 42 Zeile
1854 2701 111 54 liegt
2013 2699 271 57 überhaupt
2330 2700 139 43 keine
2516 2710 53 44 ge-

1409 2770 340 57 fiihlsmässige
1783 2770 310 44 Assoziation.
2157 2768 78 45 Sie
2266 2770 60 43 ist
2361 2771 107 42 eine
2500 2770 64 43 An-

1409 2842 202 56 sprache
1633 2856 60 29 an
1717 2841 92 44 den
1835 2842 158 43 Leser.
2045 2841 52 42 In
2122 2840 87 44 der
2229 2840 366 57 rhythmischen

1410 2912 234 56 Wirkung
1674 2926 95 29 von
1804 2911 307 44 neckischem
2144 2911 204 43 Tonfall.
2413 2909 181 45 Daher:

1409 2983 255 43 Ruhest
1694 2982 89 43 Du
1818 2983 167 43 auch

1409 3053 136 43 Auch
1578 3053 130 43 diese
1740 3053 127 43 Zeile
1896 3053 61 43 ist
1989 3053 127 43 ohne
2164 3050 431 59 gefühlsmässigen

1409 3123 144 44 Wert.
1603 3123 77 44 Sie
1702 3123 61 43 ist
1785 3123 105 43 eine
1913 3121 209 56 Aussage
2157 3123 119 42 über
2308 3121 107 44 eine
2437 3121 132 56 Tätig-

1409 3194 96 42 keit
1553 3193 83 44 des
1682 3191 420 45 Aufnehmenden.
2162 3193 96 43 Der
2303 3191 292 56 intelligente

1410 3264 146 43 Leser
1580 3264 127 43 kann
1733 3262 100 45 sich
1858 3264 76 42 bei
1954 3262 157 44 dieser
2126 3262 129 44 Zeile
2271 3262 95 44 viel
2390 3261 204 45 denken.

1409 3334 223 44 Nämlich
1666 3332 77 45 die
1774 3334 430 55 gefühlsmässigen
2235 3331 359 46 Assoziationen

1412 3403 82 44 des
1519 3403 196 56 Begriffs
1739 3403 148 44 Ruhe.
1938 3402 108 45 Und
2067 3416 130 31 zwar
2230 3402 44 56 je
2305 3402 123 45 nach
2453 3402 107 43 Tem-

1410 3478 263 52 perament,
1722 3473 169 46 Schlaf
1932 3473 119 43 oder
2097 3472 119 44 Tod.
2294 3473 89 43 Die
2428 3473 140 43 künst-

1410 3543 174 45 lerisch
1617 3544 257 44 scheinbar
1920 3543 221 57 gewollte
2174 3542 299 44 Assoziation
2521 3557 50 29 er-

1410 3614 96 55 gibt
1529 3614 102 43 sich
1659 3628 131 31 zwar
1819 3614 133 43 nicht
1984 3627 85 29 aus
2103 3613 158 44 dieser
2293 3614 139 42 einen
2455 3613 140 55 Zeile,

1410 3698 103 29 was
1545 3685 321 44 künstlerisch
1899 3682 239 59 gefordert
2168 3683 198 46 werden
2401 3688 193 41 miisste.

1411 3751 78 45 Sie
1522 3755 148 55 ergibt
1703 3755 101 43 sich
1837 3755 259 43 höchstens
2131 3754 157 44 durch
2326 3754 269 56 Rezieliung

1411 3825 84 41 auf
1523 3824 76 43 die
1631 3824 212 44 anderen
1876 3826 269 43 Verszeilen
2181 3825 100 44 und
2314 3826 150 56 ergibt
2497 3826 74 42 ein-
