2913 4206
2572 4073 61 47 23

224 230 136 40 Anna
385 228 168 42 Blume
576 229 85 42 auf
689 230 75 42 die
787 230 163 58 Hügel.
1014 234 73 41 Du
1114 235 104 41 hast
1241 236 46 41 in
1314 235 82 44 der

223 300 135 38 roten
383 295 126 44 Erde
533 297 125 43 ohne
681 298 504 59 Anführungszeichen
1211 305 153 42 Sturm-

223 366 142 41 kunst
414 364 49 42 in
516 364 501 59 Anführungszeichen
1070 373 322 54 geklammert.

223 434 76 41 Du
330 434 207 42 wolltest
569 438 145 41 etwas
748 437 143 45 Gutes
923 444 96 39 tun.
1084 442 74 42 Du
1190 445 206 41 wollfest

224 506 83 38 etw
308 515 7 11 T
320 515 49 29 as
408 506 250 41 vertreten.
722 505 108 45 Sieh
868 509 148 43 Deine
1057 510 208 44 schiefen
1300 512 63 42 Ab-

222 574 137 39 sätze.
423 571 125 56 Sieh,
572 573 150 43 Deine
750 576 209 44 schiefen
983 578 218 44 Aufsätze
1232 580 161 43 finden

222 639 276 43 reissenden
547 640 182 45 Absatz.
791 646 112 42 Also
950 648 92 41 wie
1089 649 111 42 sehr
1246 651 149 42 stellst

222 709 74 41 Du
332 708 119 44 Dich
487 710 145 44 bloss.
693 712 81 43 Ich
812 716 101 41 will
946 717 122 42 Dich
1107 718 286 44 klarstellen.

220 778 80 43 Ich
348 778 124 43 habe
511 780 121 43 Dich
679 783 75 41 nie
802 785 215 53 gekannt.
1081 786 69 43 Da
1189 788 207 43 kommst

221 849 88 53 Du,
334 851 172 40 streust
527 851 212 54 rolgelbe
757 853 237 43 Hasserde
1012 856 84 41 auf
1109 856 285 44 Schwitters'

223 917 169 56 Haupt,
413 932 82 28 um
510 919 886 61 DeineinnereLeereundmangelnde

221 987 429 56 Gestaltungskraft
696 992 258 53 vergebens
1003 1008 57 27 zu
1111 999 284 39 zerstreuen.

219 1057 138 53 Rosa,
376 1057 138 55 Rosa,
540 1072 97 28 nun
661 1059 155 44 kenne
838 1062 77 42 ich
935 1063 147 42 Deine
1103 1064 291 57 Proselyten.

221 1126 74 42 Du
328 1125 215 45 würdest
574 1140 157 45 sagen,
766 1129 148 43 Deine
943 1131 147 45 Prosa
1122 1134 65 42 sei
1221 1134 175 53 „herbe

220 1195 263 56 Brechung,
516 1197 48 42 in
600 1197 85 44 der
708 1199 161 44 Fahne
902 1201 315 56 ausklingend
1250 1208 146 39 etwas

218 1279 95 29 von
346 1265 175 44 Pathos
560 1266 101 43 und
944 1270 156 43 Herbe
1133 1272 262 49 Brechung,

218 1335 47 42 in
301 1333 86 45 der
420 1335 165 44 Fahne
616 1338 328 55 ausklingend.
1009 1340 104 43 Wie
1146 1341 124 43 wird
1303 1342 93 42 mir

218 1417 53 29 so
319 1403 125 43 übel.
505 1404 82 45 Ich
637 1406 123 44 habe
811 1408 119 43 Dich
968 1410 186 55 geahnt,
1198 1426 28 29 o
1259 1413 136 52 Rosa,

219 1474 89 43 ehe
338 1474 79 43 ich
451 1476 122 43 Dich
606 1477 187 43 kannte.
856 1479 97 44 Vor
985 1479 207 45 hundert
1218 1482 176 43 Jahren

218 1543 190 44 schrieb
444 1544 78 43 ich
559 1557 144 44 gegen
738 1548 122 43 Dich
898 1561 139 44 sogar
1071 1552 119 42 zwei
1221 1552 173 43 Zeilen.

216 1613 107 44 Wie
342 1615 147 43 heisst
508 1615 86 43 der
610 1617 130 55 Vers,
764 1618 86 43 der
868 1619 120 43 Dich
1008 1620 180 45 betraf?
1212 1622 183 43 Taucht

216 1684 87 42 tief
319 1684 74 43 ins
416 1684 111 43 Blut
550 1684 77 44 die
649 1686 199 45 Federn.
901 1689 123 43 Rosa
1055 1690 174 43 tünche
1253 1691 141 44 nicht.

216 1754 137 54 Rosa,
389 1755 76 42 Du
496 1755 170 43 kennst
699 1758 123 43 noch
853 1760 172 42 keinen
1049 1760 346 57 Sturmangriff.

218 1824 309 44 Sturmfahne
573 1826 163 56 klingt,
783 1829 296 44 zerbröckelt
1123 1835 102 38 rote
1272 1831 124 45 Erde

216 1893 158 44 stäubt
409 1895 68 42 im
508 1895 164 44 Nebel.
736 1898 310 44 Sturmfahne
1084 1901 58 42 ist
1174 1902 93 42 Das
1300 1901 64 43 An-

216 1965 446 55 führungszeichen.
741 1968 122 44 Dem
922 1970 149 43 Ritter
1122 1971 274 44 Schwitters

215 2033 161 45 reiche
398 2034 79 44 ich
502 2034 76 45 die
601 2036 153 45 Tatze.
818 2038 135 47 Hoch
980 2038 147 45 blühe
1150 2041 246 43 Annarose

216 2104 185 44 Blume.

1095 2110 114 45 Otto
1244 2111 152 45 Nebel

216 2379 597 69 Mordmaschine
849 2390 86 60 43

214 2495 136 49 Kurt
390 2493 296 54 Schwitters

214 2597 362 57 Willkommen,
610 2600 85 43 260
708 2601 197 43 lausend
938 2615 117 30 ccm.

211 2668 80 43 Ich
327 2667 180 57 deiner,

214 2738 75 43 Du
326 2740 199 55 meiner,

211 2809 104 43 Wir
348 2810 107 45 mir.

213 2879 106 44 Und
343 2880 159 45 Sonne
526 2881 369 45 Unendlichkeil
917 2883 177 43 lichten
1119 2883 78 44 die
1216 2885 175 43 Sterne.

211 2949 178 44 Leiden
425 2950 143 44 leidet
601 2953 114 41 Tau.

213 3019 36 43 0
284 3019 138 44 wehe
455 3020 66 43 du
553 3021 113 43 mir!

210 3088 283 46 Amtliches:

209 3160 117 44 5000
356 3161 137 44 Mark
526 3161 300 58 Belohnung!

210 3229 118 44 Eine
352 3231 128 44 Kiste
502 3232 61 42 ist
585 3232 183 56 schräg,
802 3233 261 43 besonders
1089 3232 138 44 deine
1251 3235 139 41 Kiste.

210 3301 61 44 Es
324 3303 99 55 gibt
473 3303 109 42 kein
642 3303 251 56 Eigentum
949 3303 150 55 mehr,
1160 3317 90 29 nur
1309 3303 85 43 der

209 3373 400 43 Kommunismus
657 3374 146 42 kennt
841 3373 126 44 noch
1008 3373 265 56 Eigentum.

207 3443 82 44 Ich
313 3445 157 44 welke
493 3444 85 45 das
601 3445 145 55 Rohr,
781 3444 124 43 denn
938 3458 48 29 es
1009 3444 96 56 gibt
1129 3444 106 43 kein
1262 3444 130 43 Hohr

209 3513 150 44 mehr.

206 3583 83 44 Ich
320 3585 172 43 blättre
525 3585 79 44 die
627 3585 113 56 Uhr,
774 3585 127 46 denn
934 3599 48 30 es
1011 3585 97 57 gibt
1129 3586 139 43 keine
1292 3585 99 43 Uhr

207 3654 154 43 mehr.

211 3723 36 54 1,
279 3725 40 53 2,
353 3725 40 54 3,
426 3725 41 56 4,
500 3725 40 56 5,
573 3726 41 55 6,
653 3725 178 44 sieben.

207 3792 211 58 Sonntag
449 3800 141 52 grünt
623 3796 208 44 Wärme.

206 3862 97 43 Der
333 3863 201 45 Elefant.

207 3932 96 44 Der
336 3933 139 46 dicke
508 3936 199 43 Elefant.

1467 237 125 44 Falls
1625 239 218 47 mehrere
1866 241 236 43 Personen
2135 245 85 41 auf
2248 245 74 42 die
2351 246 277 47 Belohnung

1467 305 249 56 Anspruch
1741 310 205 42 erheben
1971 313 184 53 sollten,
2187 314 218 43 behallen
2431 317 87 41 wir
2541 331 86 29 uns

1467 373 76 43 die
1566 376 268 56 Verteilung
1865 383 137 38 unter
2024 380 283 44 Ausschluss
2332 382 80 43 des
2438 384 164 43 Rechts-

1465 456 155 43 weges
1654 459 96 29 vor.
1977 449 94 42 Der
2102 451 236 53 Magistrat

1637 513 84 42 der
1743 515 173 55 königi.
1941 517 179 56 Haupt-
2144 519 98 42 und
2264 521 365 42 Residenzstadt.

2000 587 31 41 I.
2050 588 50 42 V.
2135 588 162 43 Leber.

1466 649 116 43 Eine
1616 651 177 44 Stunde
1824 655 58 41 ist
1914 655 228 55 schwarz,
2174 657 93 42 viel
2292 657 154 42 Leben
2473 659 154 41 lieben

1464 721 201 55 streben,
1729 722 123 43 denn
1921 724 76 42 die
2065 725 138 42 Katze
2253 729 124 38 tanzt
2427 726 201 43 Mücken

1466 801 165 43 wogen
1645 791 151 43 Strick
1813 793 549 43 schwarzeTinteSilber
2380 794 252 43 schweben

1467 858 329 54 Regenwurm.
1822 881 6 4 -
1860 862 136 54 Soda,
2046 862 136 54 Soda,
2228 863 138 42 mehr
2415 863 125 43 Soda
2585 865 47 40 in

1468 926 75 43 die
1576 928 186 44 Leiche.
1824 929 212 44 Bedenkt
2067 931 137 54 doch,
2243 931 112 44 5000
2384 933 130 41 Mark
2548 933 57 42 Be-

1467 996 227 55 lohnung.
1757 999 231 43 Bildende
2011 1001 221 42 Künstler
2260 1001 106 42 sind
2399 1002 236 43 natürlich

1467 1067 403 54 ausgeschlossen.
1939 1070 237 42 Zunächst
2223 1072 130 41 lerne
2400 1086 109 28 man
2559 1072 77 42 die

1467 1136 320 53 primitivsten
1841 1138 174 55 Regeln
2068 1139 84 42 der
2198 1141 162 41 Kunst.
2431 1140 202 43 Schulen

1468 1204 94 55 gibt
1595 1219 47 28 es
1677 1206 129 42 nicht
1837 1207 152 55 mehr,
2025 1207 124 44 denn
2183 1223 48 28 es
2264 1210 95 54 gibt
2392 1223 89 28 nur
2512 1211 124 42 noch

1468 1273 248 44 Fabriken.
1794 1276 150 43 Kunst
1994 1279 124 42 wird
2169 1279 47 41 in
2269 1279 367 43 Kunstfabriken

1467 1343 252 44 fabriziert.
1782 1345 139 43 Jeder
1967 1347 222 43 Künstler
2239 1349 248 41 bekommt
2533 1350 105 42 eine

1468 1413 138 55 Zelle,
1646 1427 77 29 am
1768 1415 161 43 besten
1973 1417 153 53 gleich
2173 1418 86 41 mit
2305 1418 333 55 Zwangsjacke

1468 1479 127 56 (zum
1630 1483 199 44 Schutze
1869 1485 80 42 des
1984 1486 316 55 Publikums).
2365 1488 272 42 Maschinen

1468 1553 234 55 stampfen
1738 1554 184 43 kreisen
1946 1555 157 42 Räder
2130 1556 129 42 Hirn.
2323 1557 158 41 Damit
2512 1557 126 54 fängt

1467 1636 48 28 es
1553 1636 74 29 an.
1690 1624 80 42 Ich
1817 1625 114 55 will,
1980 1625 77 42 ich
2101 1627 119 42 will!
2276 1626 146 43 Greift
2467 1627 169 42 Riesen

1466 1692 191 43 wölben
1690 1694 237 45 überlaut:
1960 1696 80 42 Ich
2063 1697 162 41 muss?
2257 1697 135 53 Nein,
2412 1696 226 42 niemand

1468 1776 131 29 muss
1632 1767 208 39 müssen.
1905 1765 94 43 Der
2031 1766 222 43 Künstler
2292 1767 118 53 will,
2450 1780 49 28 er
2535 1766 103 44 will

1468 1834 160 52 etwas,
1669 1832 226 55 Technik,
1938 1836 160 54 Moral,
2140 1835 155 55 Ideen,
2339 1835 297 54 Kathedrale,

1467 1902 133 42 kurz:
1655 1903 295 55 Programm.
2013 1905 113 43 5000
2177 1905 134 42 Mark
2357 1905 281 54 Belohnung

1467 1972 75 41 für
1575 1972 104 42 eine
1712 1973 194 56 schräge
1930 1973 144 44 Kiste!
2110 1974 103 53 Gut,
2247 1975 278 42 fabrizieren
2549 1974 89 43 wir

1468 2041 105 42 eine
1595 2042 508 57 Regenwurmpalette,
2123 2043 236 56 dreieckig
2387 2043 249 55 Segantini.

1468 2109 89 57 (De
1594 2112 200 43 mortuis
1834 2114 79 53 nil,
1953 2114 91 42 nisi
2081 2112 152 57 bene).
2296 2114 132 42 Rohr
2464 2114 172 42 blitzen

1468 2180 213 44 Schleier
1738 2182 159 43 Schilf.
1979 2184 167 43 Welch
2205 2184 72 42 ein
2338 2184 296 54 Programm!

1467 2250 79 43 Ich
1580 2252 146 43 herbe
1758 2252 142 55 Rohr,
1930 2252 85 44 der
2048 2253 223 43 Schmerz
2304 2254 179 55 schlägt
2500 2253 134 44 Tore.

1467 2321 124 43 Weil
1625 2321 139 44 deine
1797 2323 232 43 Schenkel
2062 2323 226 56 sprühen.

1467 2391 95 42 Der
1594 2391 253 44 Schlüssel.

1466 2462 97 42 Der
1610 2462 241 44 Schlüssel
1890 2464 59 42 ist
1989 2466 232 41 verloren.
2284 2464 50 47 (I.
2364 2464 51 43 V.
2448 2463 187 55 Leber).

1466 2532 114 43 5000
1618 2533 134 42 Mark
1790 2533 283 56 Belohnung
2111 2546 142 42 gegen
2293 2533 91 42 den
2424 2533 214 42 Urheber

1467 2602 82 42 des
1574 2602 152 43 Herrn
1752 2603 380 55 Stadldirektors,
2166 2603 77 43 ich
2267 2603 153 43 welke
2453 2602 183 44 windes

1465 2674 136 43 Blatt.

1468 2744 37 54 1,
1537 2746 40 52 2,
1613 2744 37 53 1,
1683 2744 39 54 2,
1757 2744 38 54 1,
1828 2746 40 52 2,
1904 2744 35 42 1.

1467 2815 111 41 Hier
1607 2815 128 41 starb
1765 2814 84 42 der
1877 2814 206 43 Besitzer
2124 2813 84 42 der
2241 2812 395 57 Adlerapotheke.

1467 2885 100 43 Von
1601 2885 180 42 seinem
1815 2884 287 55 plötzlichen
2126 2883 131 43 Tode
2290 2883 147 54 ereilt,
2470 2883 168 43 wurde

1465 2960 184 50 gestern
1712 2954 199 42 Senator
1971 2954 232 42 Wilhelm
2264 2952 198 56 Kyland.
2547 2953 91 42 Zur

1465 3024 275 56 Linderung
1773 3024 84 42 der
1888 3022 268 44 Kohlennot
2188 3023 124 42 hatte
2345 3022 84 44 der
2461 3023 177 55 hiesige

1463 3094 236 43 Arbeiter-
1750 3094 100 43 und
1902 3093 299 44 Soldatenrat
2253 3092 152 43 durch
2457 3106 151 30 unvor-

1464 3164 196 55 sichtige
1693 3165 230 55 Spielerei
1960 3164 87 43 mit
2085 3163 288 43 städtischen
2408 3163 228 42 Knochen

1463 3235 119 42 zwei
1604 3235 171 54 Finger
1799 3233 84 43 der
1910 3235 193 41 rechten
2127 3233 139 43 Hand
2288 3234 233 53 verloren,
2554 3233 84 42 der

1462 3304 151 44 Notar
1653 3304 168 44 wurde
1861 3304 305 55 aufgerissen.
2230 3304 92 42 Das
2362 3303 125 42 kann
2527 3302 108 42 kein

1463 3377 134 52 guter
1616 3375 265 42 Deutscher
1902 3388 36 29 w
1939 3388 8 13 r
1952 3375 141 42 ollen.
2147 3374 103 43 Wir
2276 3377 193 38 müssen
2493 3386 144 29 unser

1462 3445 259 44 Vaterland
1743 3459 87 29 vor
1860 3445 110 43 dem
1994 3445 334 43 Schlimmsten
2355 3443 279 44 bewahren!

1464 3516 92 42 Das
1603 3516 60 42 ist
1703 3515 338 56 jedermannes
2080 3514 180 42 Pflicht.
2461 3513 176 43 meldet

1462 3585 121 44 euch
1603 3586 259 54 freiwillig!
1889 3585 189 43 Schützt
2095 3584 87 42 mit
2199 3598 88 28 uns
2307 3583 82 44 die
2389 3583 217 44 Nationa-

1462 3656 379 55 lversammlung!
1895 3655 139 54 Zeigt,
2083 3654 108 42 dass
2239 3668 48 28 es
2334 3654 123 43 noch
2504 3657 132 39 treue

1463 3725 227 43 deutsche
1712 3726 197 43 Männer
1940 3725 115 55 gibt!
2089 3723 61 44 Es
2173 3724 96 55 gibt
2290 3723 139 44 keine
2452 3724 182 45 Waffen

1460 3795 154 55 mehr,
1648 3795 85 43 das
1765 3796 59 42 ist
1857 3795 84 43 der
1971 3794 455 56 Expressionismus.

1462 3865 187 43 Brüder
1679 3866 68 42 im
1779 3864 192 44 Reiche!

1462 3936 248 43 Millionen
1758 3950 94 29 von
1899 3934 255 45 Menschen
2206 3934 211 43 arbeiten
2465 3934 171 56 täglich
