3129 4475
189 99 53 44 10

182 190 264 99 BEN
520 190 592 122 JONSON:
1188 190 394 99 INIGO

177 312 465 122 JONES:
721 312 858 99 INVENTORS.

180 439 142 66 BY
423 439 333 66 PAUL
850 439 729 66 McPHARLIN.

183 1804 128 32 THE
345 1803 443 41 BANQUETING
823 1802 238 34 HOUSE.
1119 1802 218 34 WHITE
1381 1802 193 33 HALL.

552 1871 33 33 A
611 1872 68 32 cut
703 1870 49 42 by
781 1871 113 33 PAUL
920 1871 279 33 McPHARLIN.

181 1955 92 34 This
313 1954 255 43 Banqueting
606 1956 144 36 House,
788 1953 98 34 built
908 1954 47 41 by
988 1954 115 41 Inigo
1129 1955 122 39 Jones
1284 1953 41 33 in
1357 1956 103 40 1619,
1495 1964 82 23 was

176 2002 65 32 the
265 2003 89 36 only
373 2003 97 38 part
493 2000 55 41 of
562 2000 63 34 his
649 2001 139 39 design
803 1999 79 40 for
903 2010 25 22 a
953 2000 105 40 huge
1089 2010 87 22 new
1201 2001 142 40 palace
1376 2001 87 32 that
1495 2010 82 23 was

173 2048 222 40 completed,
437 2048 82 31 and
551 2046 129 33 which
715 2046 166 40 escaped
901 2055 25 23 a
963 2046 74 38 fire
1060 2044 42 33 in
1134 2048 93 38 1698
1260 2046 87 33 that
1374 2046 205 42 destroyed

174 2093 65 33 the
263 2093 110 33 older
395 2092 160 34 section.
588 2093 80 33 The
692 2093 164 40 Masque
881 2091 54 40 of
1143 2093 183 41 January
1359 2095 102 35 1622,
1495 2102 82 22 was

176 2139 64 32 the
257 2140 97 40 first
380 2138 52 41 of
447 2148 115 30 many
592 2137 124 42 given
752 2138 42 32 in
832 2137 63 33 the
931 2137 85 32 hall
1037 2138 86 32 that
1147 2138 178 40 occupies
1350 2138 65 33 the
1453 2140 125 38 upper

173 2187 120 37 story.
326 2185 80 33 The
429 2186 183 31 accoufits
639 2183 53 41 of
708 2184 65 32 the
804 2184 221 32 Treasurer
1046 2183 54 41 of
1116 2184 64 32 the
1200 2184 194 33 Chamber
1413 2182 161 42 specify,

214 2231 64 33 the
302 2232 125 39 upper
447 2235 107 37 story
578 2230 61 42 [rs
662 2230 46 41 by
733 2239 66 23 no
825 2228 58 43 by]
902 2238 46 31 55
955 2228 90 41 feet
1062 2229 40 32 in
1119 2229 146 41 height,
1288 2232 38 30 to
1352 2230 63 32 the
1439 2231 138 38 laying

173 2288 50 21 on
247 2275 54 41 of
317 2277 63 32 the
404 2276 135 41 roof...
564 2276 96 32 with
686 2284 42 32 14
754 2275 186 33 windows
963 2285 49 22 on
1037 2276 97 31 each
1157 2275 84 33 side
1267 2276 101 41 [that
1391 2275 34 32 is
1450 2285 43 31 14
1519 2275 53 42 divided

173 2275 52 33 by
251 2275 78 33 two
355 2275 156 33 sides]
537 2275 78 33 and
641 2275 78 33 one
745 2275 130 33 great
901 2275 157 33 window
1084 2275 52 33 at
1162 2275 78 33 the
1266 2275 130 33 upper
1422 2275 157 33 end...

174 2368 97 35 with
295 2378 24 23 a
341 2370 156 40 gallery
521 2370 102 40 upon
649 2367 62 34 the
738 2370 74 30 two
836 2366 100 34 sides

289 2518 113 43 Cette
425 2518 97 43 lutte
555 2524 110 37 entre
706 2517 108 44 deux
845 2518 178 44 hommes
1070 2521 239 46 superieurs,
1347 2517 228 53 egalement

173 2584 234 49 energlques
439 2586 40 36 et
509 2579 145 44 author
655 2584 149 45 itahes,
839 2587 59 35 est
929 2596 54 25 au
998 2577 116 53 fond
1138 2578 101 42 celle
1260 2578 52 42 de
1334 2577 107 43 deux
1479 2596 71 24 con-

174 2647 190 46 ceptions,
399 2639 50 44 de
480 2640 108 43 deux
621 2641 190 50 elemens,
848 2640 52 43 de
931 2640 107 43 deux
1071 2646 82 37 arts
1183 2655 72 37 qui
1291 2657 44 25 se
1371 2639 204 52 disputent

174 2704 43 42 la
249 2701 332 53 preponderance
616 2702 106 48 dans
757 2703 38 42 le
826 2702 140 43 ballet.

661 2777 100 35 Paul
787 2777 170 42 Reyher.
987 2777 75 33 Les
1085 2777 186 42 Masques
1294 2775 185 41 Anglais.

175 2876 385 134 WILLIAM
601 2862 327 59 Drummond
955 2860 249 60 received
1232 2862 113 57 Ben
1380 2859 193 74 Jonson

386 2963 56 33 as
507 2938 80 58 his
655 2953 150 61 guest
870 2953 51 43 at
987 2937 409 58 Hawthornden
1449 2961 124 34 near

174 3015 313 75 Edinburgh
528 3015 79 59 for
664 3015 164 59 about
884 3041 31 33 a
974 3014 242 78 fortnight
1255 3017 54 56 in
1347 3014 225 75 January

181 3093 159 67 1619,
382 3092 105 58 and
529 3092 126 73 kept
694 3107 148 43 notes
895 3090 55 59 of
994 3089 132 60 their
1183 3092 388 57 conversations

174 3169 254 78 together.
508 3169 195 72 Jonson
743 3167 178 59 talked
960 3168 159 58 much
1144 3167 163 58 about
1346 3167 224 68 himself,

173 3245 105 60 and
321 3244 351 67 Drummond,
714 3244 226 75 perhaps
979 3269 30 32 a
1050 3243 128 59 little
1211 3267 195 52 weary,
1435 3268 102 34 sum-

171 3321 123 60 med
335 3323 107 58 him
482 3347 72 48 up
594 3321 114 59 thus
749 3321 159 59 when
947 3320 69 59 he
1055 3320 107 59 had
1205 3344 166 52 gone:

171 3403 42 56 is
254 3424 32 33 a
326 3414 145 61 great
509 3398 147 59 lover
683 3398 105 58 and
829 3399 196 72 praiser
1050 3398 55 58 of
1131 3396 223 69 himself,
1384 3423 32 33 a
1443 3422 96 34 con-

169 3492 200 43 temner
407 3474 106 58 and
557 3475 228 59 Scorner
810 3474 55 58 of
885 3473 190 67 others,
1114 3475 153 75 given
1307 3473 171 59 rather
1516 3488 54 43 to

167 3553 138 58 losse
345 3578 31 32 a
415 3550 188 67 friend,
645 3550 122 60 than
820 3577 32 31 a
908 3551 117 73 jest,
1067 3550 199 74 jealous
1316 3549 54 58 of
1409 3574 161 50 every

170 3628 149 60 word
359 3628 104 58 and
504 3631 171 55 action
716 3628 53 58 of
796 3626 150 59 those
975 3626 161 59 about
1182 3625 183 61 him....
1406 3626 70 59 he
1524 3630 43 55 is

169 3704 351 77 passionately
557 3704 178 76 kynde
763 3704 104 59 and
909 3728 177 53 angry,
1116 3704 262 58 carelesse
1403 3702 165 60 either

167 3799 53 42 to
261 3784 153 75 gaine
454 3805 59 36 or
551 3781 220 74 keep....
839 3780 339 75 Interpreteth
1206 3780 117 58 best
1361 3781 205 74 sayings

169 3859 104 58 and
296 3857 170 60 deeds
505 3857 145 59 often
689 3873 52 43 to
769 3856 88 59 the
893 3871 185 45 worst:
1121 3856 291 75 oppressed
1439 3857 128 59 with

167 3936 237 66 fantasie,
433 3934 178 59 which
637 3935 124 58 hath
787 3958 125 35 ever
937 3934 262 59 mastered
1241 3934 78 59 his
1359 3958 203 44 reason,

166 4038 32 33 a
237 4012 231 78 generall
508 4012 207 59 disease
755 4015 54 56 in
848 4035 154 51 many
1042 4028 149 57 poets

282 4090 180 58 There
501 4091 45 56 is
606 4114 68 33 no
735 4104 396 58 contemporary
1189 4101 227 46 account
1454 4086 110 60 that

169 4190 58 33 so
265 4165 128 75 fully
420 4165 240 59 sketches
688 4163 89 60 the
804 4163 266 60 character
1096 4163 54 59 of
1190 4163 146 77 Inigo
1384 4163 175 73 Jones.

167 4241 144 62 That
349 4235 69 66 he
458 4266 109 36 was
609 4241 202 61 neither
862 4241 153 60 meek
1073 4264 94 35 nor
1224 4243 334 65 unassertive,

1634 192 266 67 however,
1942 193 42 58 is
2027 192 123 59 well
2177 192 210 61 known.
2465 195 94 57 He
2587 193 105 61 had
2723 205 136 49 been
2885 221 106 35 com-

1633 268 286 58 missioned
1957 282 53 44 to
2051 284 320 44 reconstruct
2409 294 32 33 a
2480 271 164 72 porch
2671 271 77 58 for
2787 272 117 59 Old
2946 272 79 60 St.

1636 343 195 68 Paul's,
1873 345 107 57 and
2006 345 54 57 in
2086 345 155 58 order
2281 361 53 42 to
2362 347 119 74 give
2509 346 79 58 his
2616 348 184 75 design
2822 374 30 32 a
2879 351 146 66 vista,

1630 421 70 57 he
1760 419 192 60 started
2011 435 54 42 to
2130 436 111 43 tear
2297 421 163 58 down
2506 423 87 57 the
2640 423 127 59 little
2832 425 194 58 church

1630 496 56 58 of
1745 497 79 58 St.
1887 497 244 74 Gregory
2182 496 176 59 which
2417 497 198 76 closely
2672 501 352 59 encroached.

1632 573 67 57 Its
1740 572 255 58 incensed
2023 572 347 74 parishioners
2396 576 173 57 raised
2598 601 31 32 a
2663 601 89 50 cry
2798 577 104 58 and
2931 602 62 49 ap-

1630 647 195 75 pealed
1865 663 54 42 to
1961 647 321 73 parliament.
2363 648 123 59 The
2533 652 262 75 Surveyor
2845 653 54 57 of
2936 653 89 59 the

1632 724 198 60 Works
1871 724 177 59 issued
2088 724 77 59 his
2207 726 314 61 ultimatum:
2575 727 68 58 he
2702 729 179 59 would
2936 745 89 43 not

1629 799 287 60 undertake
1956 799 87 59 the
2084 804 195 71 repairs
2333 826 68 34 on
2450 802 80 61 St.
2573 804 178 59 Paul's
2850 806 174 58 unless

1628 878 69 57 he
1736 877 162 73 might
1937 877 71 57 be
2047 875 88 59 the
2177 877 110 58 sole
2328 879 261 70 monarch,
2619 900 57 38 or
2701 881 161 77 might
2888 882 134 58 have

1628 953 86 58 the
1742 952 330 75 principality
2094 953 202 60 thereof
2441 955 95 59 Pie
2559 981 108 34 was
2693 958 327 60 reasonable.

1627 1030 103 58 But
1768 1028 322 76 legislatures
2131 1029 145 60 favor
2301 1030 166 59 ethics
2497 1032 182 59 before
2719 1033 301 67 aesthetics,

1624 1105 107 59 and
1770 1105 87 59 the
1898 1104 362 74 parishioners,
2304 1108 265 58 sustained
2616 1112 53 54 in
2709 1109 132 60 their
2879 1135 106 34 com-

1624 1180 179 74 plaint,
1846 1180 192 59 rebuilt
2078 1180 86 59 the
2194 1181 198 60 broken
2419 1183 122 58 wall
2569 1184 53 57 of
2648 1184 133 60 their
2827 1185 194 59 church

1624 1256 128 60 with
1793 1272 147 44 stone
1990 1258 107 57 that
2154 1259 157 71 Jones
2363 1258 107 59 had
2531 1260 222 78 brought
2803 1262 80 58 for
2933 1263 88 58 the

1624 1331 147 60 work
1812 1358 69 33 on
1921 1334 80 58 St.
2043 1333 197 58 Paul's.

1740 1408 183 59 These
1963 1424 107 45 two
2109 1413 224 71 positive
2372 1435 140 44 men,
2554 1428 52 43 at
2652 1413 87 58 the
2767 1413 172 59 desire
2967 1414 53 58 of

1623 1484 167 58 Anne
1830 1484 54 59 of
1925 1485 286 67 Denmark,
2253 1510 175 49 queen
2456 1486 53 59 of
2535 1488 172 73 James
2751 1489 36 67 I,
2815 1505 106 44 met
2967 1504 52 45 to

1627 1585 221 50 prepare
1888 1587 32 31 a
1958 1587 236 50 masque.
2278 1564 308 76 Disguising
2624 1565 105 58 had
2758 1566 139 59 been
2923 1590 63 49 po-

1627 1637 147 73 pular
1812 1637 128 59 with
1978 1640 88 57 the
2109 1637 220 78 English
2389 1655 144 43 court
2583 1643 145 55 since
2768 1641 87 57 the
2895 1645 122 56 time

1625 1712 55 59 of
1740 1712 237 60 Edward
2033 1715 65 58 III
2159 1730 53 43 to
2264 1715 266 58 celebrate
2596 1716 265 76 birthdays
2912 1717 105 59 and

1625 1791 280 74 marriages
1945 1791 105 59 and
2091 1806 53 44 to
2184 1795 252 56 entertain
2488 1791 275 61 illustrious
2823 1809 191 60 guests.

1625 1866 56 58 In
1721 1866 86 58 the
1848 1869 144 73 reign
2032 1867 54 60 of
2123 1869 172 72 James
2354 1869 89 58 the
2500 1894 218 49 masque
2757 1870 259 58 achieved

1623 1945 294 72 surpassing
1959 1938 273 79 splendor;
2281 1959 108 43 two
2427 1969 122 34 men
2601 1969 143 35 were
2803 1970 183 47 respon-

1623 2017 152 60 sible.

1738 2095 41 58 It
1822 2095 107 58 had
1987 2095 88 58 the
2133 2095 252 59 elements
2443 2096 56 58 of
2556 2096 144 60 what
2757 2121 85 35 we
2894 2121 123 36 now

1623 2170 101 59 call
1764 2196 178 50 opera,
1984 2175 52 57 in
2075 2197 30 34 a
2146 2197 206 34 reverse
2398 2176 129 56 ratio
2574 2173 55 59 of
2668 2176 347 72 importance:

1623 2247 187 69 dance,
1851 2272 180 44 scene,
2060 2252 183 56 music.
2304 2248 123 60 The
2456 2274 174 49 queen
2657 2250 193 59 herself
2875 2252 142 57 often

1622 2323 122 59 took
1783 2340 141 58 part;
1968 2324 311 60 discovered
2321 2350 70 34 on
2431 2326 86 57 the
2572 2342 144 60 stage
2756 2327 127 58 with
2926 2327 91 58 her

1625 2399 169 60 ladies
1944 2426 136 33 en
2081 2402 92 69 tableau,
2216 2402 93 57 she
2351 2402 87 57 led
2481 2402 140 58 them
2662 2403 162 60 down
2852 2418 52 44 to
2932 2403 87 59 the

1623 2476 127 58 floor
1788 2476 197 69 where,
2028 2478 130 59 after
2215 2481 242 72 stepping
2518 2502 32 35 a
2608 2479 185 75 stately
2837 2479 178 75 figure,

1622 2552 94 58 she
1756 2553 278 64 advanced
2076 2568 52 44 to
2168 2553 89 59 the
2298 2548 143 64 chair
2480 2554 55 59 of
2573 2570 128 43 state
2729 2556 105 58 and
2875 2554 142 60 bade

1620 2628 88 60 the
1755 2628 121 77 king
1925 2629 69 59 be
2034 2629 92 59 her
2165 2631 229 73 dancing
2433 2647 221 57 partner.
2697 2632 56 61 In
2794 2646 223 44 contrast

1620 2719 54 44 to
1714 2705 88 59 the
1844 2730 154 50 grace
2037 2708 54 57 of
2144 2707 87 59 the
2278 2707 247 77 galliards
2584 2708 107 58 and
2744 2725 271 43 corantoes

1620 2782 146 58 there
1807 2807 145 34 were
1994 2798 275 60 grotesque
2310 2787 164 56 antics
2535 2784 72 75 by
2646 2784 88 59 the
2773 2788 212 56 antimas-

1620 2883 176 49 quers,
1855 2860 184 59 whose
2097 2855 251 79 make-up
2401 2860 106 59 and
2574 2877 234 43 costume
2873 2886 142 34 were

1622 2935 269 60 contrived
1929 2952 55 43 to
2042 2952 79 43 set
2178 2937 70 58 off
2306 2937 150 58 those
2508 2937 53 58 of
2602 2938 88 57 the
2730 2962 282 50 masquers.

1619 3012 123 58 The
1783 3036 178 43 scene,
2004 3037 70 34 on
2112 3037 32 33 a
2184 3027 144 61 stage
2370 3012 216 59 erected
2622 3028 51 43 at
2700 3038 103 33 one
2831 3014 105 59 end
2963 3014 54 59 of

1620 3086 88 59 the
1747 3088 124 68 hall,
1920 3086 222 61 showed
2202 3089 215 74 painted
2470 3089 237 58 classical
2767 3114 247 45 avenues,

1620 3164 202 70 forests,
1865 3168 291 57 mountains
2197 3167 107 58 and
2345 3191 134 34 seas.
2561 3167 273 77 Buildings
2873 3192 142 35 were

1620 3244 157 72 given
1815 3241 89 59 the
1943 3267 333 49 appearance
2316 3243 55 58 of
2410 3241 228 77 solidity,
2681 3268 101 34 one
2823 3268 193 33 canvas

1619 3318 118 58 face
1777 3319 204 58 toward
2023 3319 88 57 the
2140 3333 303 60 spectators,
2485 3319 89 58 the
2615 3319 146 58 other
2795 3323 220 73 running

1622 3394 135 60 back
1796 3398 54 56 in
1890 3395 130 60 false
2048 3399 350 71 perspective.
2480 3396 177 68 Later,
2687 3412 53 43 to
2767 3396 249 60 facilitate

1619 3471 158 74 quick
1817 3471 247 78 changes,
2105 3466 177 65 which
2320 3471 128 60 took
2488 3473 153 73 place
2681 3473 219 58 without
2925 3473 89 58 the

1619 3546 255 78 lowering
1912 3550 55 58 of
2005 3573 32 33 a
2076 3551 212 66 curtain,
2330 3549 159 73 Jones
2530 3549 275 72 perfected
2851 3575 32 33 a
2909 3574 78 34 se-

1617 3628 100 55 ries
1757 3625 55 58 of
1850 3629 165 73 wings
2056 3626 129 59 such
2212 3652 56 33 as
2296 3650 142 36 were
2478 3626 157 57 taken
2662 3650 125 35 over
2827 3626 71 76 by
2925 3626 89 60 the

1617 3701 181 75 public
1839 3701 198 60 theatre
2078 3701 105 60 and
2224 3702 133 60 used
2395 3701 127 60 until
2580 3702 88 59 the
2728 3702 284 77 beginning

1618 3779 54 58 of
1710 3777 101 60 this
1854 3794 231 60 century.

1733 3855 285 60 Machines
2076 3855 109 60 that
2230 3880 132 45 rose,
2405 3855 144 70 sank,
2591 3855 297 68 advanced,
2930 3882 54 33 re-

1615 3930 178 61 ceded
1835 3932 107 59 and
1982 3931 272 70 revolved,
2297 3931 240 78 together
2575 3932 127 59 with
2742 3931 179 75 plenty
2960 3931 55 58 of

1614 4007 215 61 colored
1890 4009 165 74 lamps
2113 4009 107 59 and
2279 4009 223 67 torches,
2563 4009 303 73 completed
2925 4009 87 59 the

1613 4085 284 76 spectacle.
1980 4086 223 67 Verses,
2245 4089 175 73 giving
2462 4111 31 33 a
2531 4081 184 65 thread
2744 4086 54 58 of
2824 4086 109 74 plot
2959 4101 53 42 to

1613 4157 89 64 the
1742 4162 216 67 dances,
2001 4186 145 35 were
2187 4162 165 59 either
2391 4186 130 52 sung
2560 4188 57 33 or
2658 4161 273 60 delivered
2959 4163 53 58 in

1614 4240 287 59 recitative.
1982 4240 193 73 Jonson
2216 4238 303 76 developed
2561 4264 32 33 a
2633 4238 129 60 form
2801 4238 55 60 of
2881 4240 130 59 anti-
