3154 4474
177 87 60 44 40

181 178 128 44 THE
367 179 138 45 LIFE
569 181 85 45 OF
701 183 408 47 BENVENUTO

179 240 254 52 CELLINI,
480 243 250 45 Translated
749 245 54 54 by
827 247 128 44 Anne
976 249 97 43 Mac-

174 301 181 45 donnell.
395 303 277 46 Introduction
708 306 54 54 by
805 307 149 56 Henry
1001 309 80 45 Wil-

172 381 86 26 son.
317 363 39 54 J.
391 364 66 45 M.
493 366 117 43 Dent
641 367 45 44 &
718 368 120 44 Sons.
882 370 93 55 7/6
1022 379 81 37 net.

180 425 127 43 THE
373 426 289 46 TRAVELS
726 430 86 43 OF
867 431 239 46 MARCO

171 486 174 44 POLO
377 489 95 44 with
506 507 56 26 an
611 491 270 45 introduction
914 493 54 54 by
994 494 108 52 John

175 547 253 60 Masejield.
471 550 40 53 J.
566 550 70 47 M.
692 552 117 46 Dent
856 554 46 44 &
954 556 109 44 Sons
1083 575 16 32 ;

171 609 99 56 7/6
304 618 84 36 net.

168 731 229 102 THESE
436 746 83 34 two
568 736 220 46 admirable
837 740 167 54 reprints
1057 741 45 44 of

287 807 85 33 two
430 797 164 45 notable
649 799 129 45 books
809 800 83 46 will
943 800 102 46 form
1077 821 25 25 a

168 856 187 46 valuable
408 860 186 44 addition
657 872 43 33 to
762 880 124 38 every
937 862 163 57 library.

166 919 191 45 Uniform
388 920 41 43 in
460 920 168 53 edition,
666 922 96 57 they
794 941 68 26 are
884 924 100 45 both
1008 925 92 45 well

165 980 233 51 illustrated,
453 982 82 44 and
590 987 162 41 contain
800 1004 53 25 an
907 988 193 43 immense

164 1054 170 33 amount
366 1042 44 45 of
440 1046 231 55 enjoyment
719 1046 63 45 for
816 1066 23 25 a
881 1066 95 39 very
1009 1067 60 26 mo-

165 1104 141 46 derate
338 1107 123 54 price.

224 1166 150 46 Marco
437 1167 139 46 Polo's
629 1180 109 44 great
792 1169 128 46 travel
973 1171 125 51 book,

164 1230 169 55 treating
364 1229 45 45 of
440 1228 60 46 his
533 1230 240 45 marvellous
793 1232 243 45 adventures
1057 1235 41 43 in

164 1289 69 45 the
266 1292 147 43 Orient
445 1291 44 45 of
522 1292 67 44 the
645 1292 217 46 thirteenth
915 1307 181 45 century,

165 1355 169 42 remains
366 1371 103 27 even
504 1354 125 56 today
663 1354 70 45 the
763 1355 110 45 chief
893 1357 203 57 authority

167 1413 63 45 for
260 1425 109 46 parts
402 1414 44 45 of
478 1415 169 45 Central
679 1417 104 43 Asia
815 1417 83 44 and
930 1418 136 44 China
1085 1436 11 33 ;

161 1477 28 43 it
222 1477 31 43 is
303 1475 71 46 full
406 1477 45 45 of
483 1477 85 45 rich
604 1477 82 45 and
718 1477 171 46 brilliant
943 1479 152 52 colour,

161 1537 43 45 of
237 1549 156 44 strange
435 1539 82 44 and
567 1541 157 43 curious
776 1540 98 46 facts
907 1541 83 44 and
1023 1542 49 45 de-

161 1600 99 50 tails,
294 1600 99 45 with
426 1601 111 45 vivid
569 1601 263 57 descriptions
863 1603 45 45 of
929 1603 167 45 oriental

160 1673 173 33 customs
381 1662 82 44 and
496 1674 144 39 courts,
690 1665 81 44 and
804 1665 214 56 especially
1051 1665 45 45 of

164 1723 68 44 the
266 1723 94 57 long
392 1726 162 54 sojourn
587 1725 100 45 with
721 1725 68 44 the
822 1738 107 44 great
962 1727 127 45 Khan

160 1785 155 45 Kublai
368 1786 266 58 (Coleiidge's
724 1787 139 45 Kubla
897 1788 126 45 Khan

159 1846 97 45 who
288 1848 186 45 received
523 1849 69 44 the
639 1849 205 46 Venetian
893 1849 201 46 travellers

209 1908 255 59 honourably
517 1910 81 44 and
661 1910 220 58 graciously
1008 1926 66 30 nta-

158 1969 93 57 king
283 1971 121 45 much
436 1971 215 59 especially
683 1973 45 43 of
765 1973 148 45 Marco
946 1983 27 17 *'
996 1974 97 45 who

157 2050 83 27 was
275 2032 96 45 then
398 2052 25 25 a
453 2052 138 38 young

218 2093 137 46 There
388 2095 105 45 have
528 2096 104 44 been
677 2116 120 37 many
845 2097 172 45 editions
1049 2098 44 44 of

159 2156 75 44 this
267 2156 157 45 famous
468 2157 113 45 work
613 2159 40 43 in
686 2159 185 44 different
925 2159 143 56 langua-

155 2236 67 36 ges
241 2236 11 32 ;
287 2218 70 45 but
391 2218 69 46 the
512 2231 158 45 present
719 2239 92 31 one,
846 2221 100 45 with
1004 2222 85 45 Mr.

157 2279 249 46 Masefield's
460 2280 104 46 keen
607 2283 81 45 and
737 2282 257 45 informative
1027 2283 42 45 In-

156 2343 228 43 troduction
417 2343 81 44 and
532 2344 190 57 Itinerary
755 2344 44 44 of
821 2344 140 46 Polo's
981 2346 87 55 jour-

156 2404 177 56 neyings,
368 2403 68 47 the
492 2405 126 45 Index
665 2406 82 44 and
801 2424 121 39 many
956 2406 133 45 Notes

155 2465 82 43 and
268 2465 265 53 illustrations,
565 2467 85 50 fthe
698 2469 240 44 convenient
986 2469 103 44 form

155 2526 81 44 and
269 2526 80 47 low
381 2530 124 54 price,
545 2528 145 47 should
736 2530 142 45 render
910 2531 28 44 it
971 2549 94 39 espe-

152 2587 118 58 cially
301 2589 186 57 popular.

215 2650 189 46 Uniform
437 2653 99 45 with
569 2652 76 46 this
686 2653 174 52 volume,
895 2654 67 45 the
995 2672 91 28 new

153 2712 154 45 edition
341 2714 44 44 of
418 2714 68 45 the
539 2714 69 46 life
640 2715 44 44 of
716 2715 242 46 Benvenuto
991 2716 73 45 Cel-

152 2774 83 50 lini,
260 2793 76 26 one
361 2775 43 45 of
427 2777 67 44 the
528 2789 109 43 great
659 2777 361 58 autobiographies
1041 2778 45 45 of

152 2836 67 44 the
242 2837 144 51 world,
421 2838 100 45 with
553 2841 48 43 its
633 2839 196 47 crowded
865 2840 143 45 record
1041 2841 44 44 of

151 2899 254 51 adventures,
427 2902 199 55 intrigues,
655 2903 154 50 crimes,
832 2902 198 51 scandals,
1053 2905 32 42 is

152 2978 41 25 as
227 2960 196 45 welcome
456 2981 42 25 as
531 2980 111 29 ever.
707 2963 80 45 Far
819 2982 112 27 more
978 2966 85 43 exci-

148 3023 83 55 ting
264 3022 97 45 than
394 3036 102 32 most
550 3024 153 52 novels,
742 3027 29 43 it
818 3028 32 42 is
898 3026 93 44 well
1039 3038 42 32 to

150 3083 96 45 read
279 3086 31 43 it
341 3085 102 45 after
473 3105 82 38 you
588 3088 105 44 have
728 3088 103 44 been
865 3099 42 33 to
950 3087 100 59 Italy
1069 3106 10 33 ;

148 3147 81 44 and
265 3158 41 33 to
338 3149 96 45 read
482 3151 30 42 it
561 3151 117 54 again
726 3150 103 44 after
860 3167 82 40 you
975 3149 106 46 have

148 3208 108 45 lived
289 3208 113 47 there
434 3229 111 26 some
576 3229 129 39 years.

154 3342 128 44 THE
309 3342 420 47 DECAMERON
747 3345 115 53 from
896 3346 66 44 the
994 3346 64 44 Ita-

151 3405 89 43 lian
272 3406 55 52 of
351 3406 251 45 Boccaccio.

153 3466 129 45 THE
314 3467 473 46 GRASSHOPPER
835 3469 91 45 and
964 3470 113 45 other

145 3528 189 52 Stories;
375 3530 59 45 A.
471 3530 212 54 Chekhov.
756 3532 88 44 The
889 3531 163 45 Interna-

144 3591 134 44 tional
307 3591 189 55 Library.
538 3593 178 54 Stanley
764 3593 116 47 Paul
914 3594 45 44 &
994 3594 76 46 Co.

143 3654 91 57 2/6
268 3671 27 26 a
334 3654 178 45 volume.

149 3715 131 45 THE
333 3715 337 46 SHOOTING
731 3718 233 44 PARTY
1020 3718 54 54 by

143 3778 58 44 A.
239 3777 212 55 Chekhov.
516 3778 177 55 Stanley
736 3780 118 44 Paul
902 3779 45 45 &
999 3780 72 44 Co.

141 3839 110 55 7/6.

143 3955 266 102 MESSRS
442 3956 254 45 STANLEY
743 3958 152 44 PAUL
943 3960 108 43 conti-

305 4036 78 27 nue
432 4018 101 45 their
594 4018 128 46 useful
777 4019 115 46 work
944 4020 46 44 of
1020 4021 36 44 is-

140 4081 113 55 suing
300 4080 113 45 small
467 4081 82 44 and
595 4082 258 56 inexpensive
900 4082 173 45 editions

140 4142 45 44 of
215 4144 217 54 important
481 4143 218 57 European
736 4143 146 46 works.
946 4144 126 45 Some

141 4205 44 44 of
218 4204 100 45 their
350 4203 157 47 Dumas
561 4205 268 57 publications
877 4206 106 44 have
1015 4206 38 44 al-

141 4267 126 56 ready
301 4266 103 46 been
437 4268 158 56 praised
627 4269 41 44 in
691 4268 110 45 these
832 4287 133 38 pages,
989 4269 81 45 and

1159 205 64 27 we
1257 204 96 29 now
1395 188 196 45 welcome
1624 209 24 25 a
1683 190 159 46 volume
1874 191 45 46 of
1951 193 110 45 Chek-

1156 249 116 45 hov's
1305 251 150 50 stories,
1491 251 134 57 newly
1657 252 221 46 translated
1911 252 54 59 by
1999 255 86 44 Mr.

1154 311 61 44 A.
1248 311 52 45 E.
1337 312 192 52 Chamot,
1567 312 95 45 who
1716 313 84 45 also
1841 315 245 45 contributes

1155 389 51 27 an
1255 372 275 46 introduction
1579 374 162 58 dealing
1795 376 99 45 with
1947 377 112 44 Chek-

1153 433 116 45 hov's
1317 433 70 45 life
1441 435 83 44 and
1575 435 128 47 work.
1900 439 32 43 is
1980 439 88 44 diffi-

1152 495 80 44 cult
1333 514 88 39 says
1466 496 85 45 Mr.
1601 498 193 51 Chamot,
1968 501 119 44 make

1152 575 24 24 a
1210 555 193 47 selection
1436 558 44 44 of
1512 558 239 46 Chekhov's
1773 562 152 48 stories,
1951 561 136 46 which

1152 619 42 42 in
1228 619 161 54 general
1422 637 68 26 are
1523 638 44 26 so
1599 621 121 56 equal
1753 623 41 42 in
1827 624 130 49 merit,
2002 624 83 44 and

1152 679 113 45 those
1298 697 65 28 we
1396 681 102 44 offer
1544 681 70 45 the
1647 682 144 45 reader
1842 684 104 44 have
1979 684 106 45 been

1150 741 155 44 chosen
1337 759 147 39 among
1516 743 60 44 his
1608 743 89 44 best
1730 744 82 44 and
1851 757 102 33 most
1986 747 74 43 cha-

1149 804 221 43 racteristic
1403 804 146 50 works,
1584 815 40 33 to
1664 805 115 46 show
1822 807 82 44 him
1938 809 42 42 in
2013 826 47 27 va-

1151 864 107 44 rious
1294 864 157 51 moods,
1488 865 101 45 both
1622 885 76 38 gay
1730 867 83 45 and
1845 868 73 45 sad

1263 926 94 43 The
1389 926 73 45 last
1496 927 113 44 three
1662 931 138 42 stories
1853 930 106 44 have
2013 943 69 32 not

1152 986 107 45 been
1292 987 218 45 translated
1566 989 154 51 before,
1771 991 82 44 and
1888 992 96 57 they
2015 1011 68 26 are

1147 1050 120 53 given
1300 1068 41 25 as
1373 1052 225 54 specimens
1644 1051 46 44 of
1720 1052 61 44 his
1829 1053 108 58 early
1968 1055 114 56 style,

1152 1110 136 45 which
1320 1129 84 26 was
1437 1112 147 57 chiefly
1617 1112 45 45 of
1693 1131 25 25 a
1751 1113 94 56 light
1879 1115 83 44 and
2005 1117 50 44 hu-

1147 1189 160 27 morous
1340 1185 140 33 nature
1488 1192 155 39 very
1676 1174 186 46 different
1897 1177 101 44 from
2021 1178 60 44 his

1147 1233 96 44 later
1276 1234 132 45 works
1465 1239 42 40 in
1556 1235 149 52 which,
1759 1236 80 46 like
1893 1257 23 25 a
1949 1239 132 44 skilful

1146 1294 156 52 doctor,
1337 1295 52 45 he
1422 1296 146 57 probes
1600 1298 152 45 human
1785 1311 139 34 nature
1946 1311 41 34 to
2013 1301 68 45 the

1149 1375 97 36 very
1279 1357 148 57 depths
1459 1359 45 44 of
1535 1359 69 45 the
1636 1359 87 45 soul

1206 1418 94 45 The
1363 1418 115 46 other
1539 1438 95 29 new
1697 1421 162 46 volume
1914 1423 44 44 of
2010 1423 70 45 the

1143 1478 155 46 edition
1338 1482 32 43 is
1418 1500 53 26 an
1506 1483 246 56 expurgated
1801 1484 277 47 Decameron.

1143 1541 107 45 And
1284 1561 106 27 even
1423 1543 122 45 shorn
1578 1544 44 44 of
1654 1545 135 50 much,
1824 1545 96 47 how
1944 1558 112 34 enter-

1144 1605 149 55 taining
1314 1623 66 26 are
1415 1605 112 45 these
1559 1605 140 45 Tales.
1756 1607 33 44 It
1813 1609 32 42 is
1865 1608 146 45 useless
2034 1621 41 32 to

1143 1665 71 46 ask
1288 1667 97 56 why
1406 1679 218 45 expurgate
1643 1674 18 38 ?
1735 1668 62 44 for
1819 1669 79 46 Dr.
1919 1670 124 46 Bowd-

1143 1726 56 45 ler
1234 1740 100 32 must
1368 1747 123 27 never
1534 1729 51 45 be
1620 1730 157 56 proved
1808 1742 43 33 to
1889 1731 105 46 have
2027 1733 30 44 li-

1143 1788 80 45 ved
1258 1792 40 42 in
1331 1791 108 44 vain.

1204 1851 81 45 But
1337 1870 80 26 one
1469 1852 145 45 wishes
1667 1853 86 45 that
1802 1854 68 46 the
1917 1855 156 57 Family

1142 1911 195 48 Bowdler
1384 1933 108 26 were
1538 1916 164 45 extinct.
1768 1916 97 45 One
1911 1917 162 45 realizes

1142 1973 95 57 they
1269 1994 68 25 are
1368 1988 70 32 not
1470 1994 54 26 on
1562 1977 164 55 reading
1769 1977 83 46 that
1902 1979 172 57 thrilling

1139 2046 109 47 story
1333 2037 95 46 The
1459 2037 201 58 Shooting
1702 2039 125 56 Party
1937 2041 136 45 which

1140 2099 31 42 is
1203 2109 80 40 cut,
1316 2117 45 26 or
1399 2118 127 27 seems
1574 2111 41 33 to
1664 2101 52 44 be
1764 2114 81 42 cut,
1900 2102 55 58 by
2004 2103 69 46 the

1140 2159 221 52 translator,
1395 2179 46 26 or
1472 2180 104 28 even
1609 2162 56 57 by
1697 2162 67 46 the
1796 2164 146 45 author
1968 2164 78 46 him-

1140 2222 87 50 self,
1261 2222 76 50 for,
1371 2223 109 55 good
1528 2243 44 25 as
1618 2225 31 44 it
1698 2227 44 49 is,
1791 2227 29 43 it
1869 2225 202 48 hesitates.

1138 2283 28 44 1
1181 2283 96 45 here
1320 2302 69 28 are
1437 2286 178 44 Russian
1662 2289 165 48 writers,
1876 2288 195 51 Pushkin,

1140 2344 61 45 for
1235 2346 198 57 example,
1469 2347 95 46 who
1596 2366 123 26 never
1751 2368 107 26 seem
1892 2361 42 33 to
1967 2350 84 45 hesi-

1137 2418 96 40 tate,
1268 2408 81 44 and
1383 2408 97 57 they
1512 2409 58 46 do
1602 2409 109 46 well.
1744 2411 82 46 But
1858 2423 71 33 not
1951 2430 120 39 many

1137 2471 153 43 writers
1322 2489 76 25 can
1431 2473 115 43 write
1576 2471 98 45 such
1708 2491 24 25 a
1780 2473 134 45 clever
1961 2486 108 44 story

1136 2549 43 26 as
1212 2531 76 44 this
1321 2550 92 32 one,
1464 2551 73 26 nor
1572 2532 95 46 lend
1699 2536 30 43 it
1762 2535 115 45 those
1919 2535 150 57 deeper

1136 2592 137 45 values
1307 2594 151 51 which,
1507 2595 61 44 for
1616 2595 90 45 lack
1752 2597 45 45 of
1842 2615 25 26 a
1914 2598 155 45 shorter

1135 2655 130 51 word,
1301 2674 79 27 one
1411 2676 77 25 can
1521 2658 72 44 but
1625 2657 76 46 call
1743 2658 209 46 beautiful.

1136 2787 42 44 A
1242 2787 227 45 SHORT
1514 2789 271 45 ITALIAN
1828 2791 204 46 DICTIO-

1132 2848 198 46 NARY
1359 2850 127 57 (New
1519 2852 89 43 and
1628 2852 218 55 Enlarged
1876 2853 188 60 Edition)

1131 2911 55 54 by
1219 2911 160 53 Alfred
1406 2912 163 46 Hoare.
1630 2913 92 46 Vol.
1771 2916 50 44 2.
1870 2915 197 57 English-

1131 2974 169 45 Italian.
1338 2974 246 57 Cambridge
1643 2975 236 56 University
1925 2978 137 45 Press.

1130 3036 125 44 Price
1296 3036 121 57 10/6
1451 3045 82 36 net.

1129 3151 164 102 MR.
1335 3153 144 44 Hoare
1533 3153 73 45 has
1658 3154 214 45 conferred
1906 3175 24 24 a
1983 3156 81 45 real

1276 3213 110 45 boon
1420 3233 55 26 on
1510 3215 333 57 Italian-English
1881 3218 181 45 students

1127 3275 55 57 by
1215 3276 67 44 the
1314 3276 261 57 compilation
1623 3278 44 44 of
1714 3278 60 45 his
1823 3280 238 55 up-to-date

1126 3337 286 51 Dictionaries,

1187 3401 127 44 Some
1347 3400 160 45 months
1554 3420 78 37 ago
1665 3420 66 27 we
1768 3403 188 45 received
1991 3403 68 45 the

1124 3461 106 57 large
1262 3462 226 45 handsome
1537 3464 278 51 one-volume,
1897 3465 161 45 Italian-

1124 3523 240 59 Dictionary
1451 3525 135 45 which
1624 3528 215 54 comprises
1872 3527 100 45 both
2006 3546 51 26 an

1124 3587 329 57 Italian-English
1486 3589 82 45 and
1603 3588 327 57 English-Italian
1969 3608 67 26 sec-

1125 3650 100 45 tion.

1188 3711 95 45 The
1327 3711 95 52 first,
1527 3712 501 57 Italian-Englishsec-

1122 3775 84 42 tion
1238 3773 44 44 of
1315 3773 74 44 this
1437 3773 72 45 has
1557 3774 165 57 already
1775 3775 207 57 appeared
2015 3777 41 44 in

1122 3854 24 25 a
1178 3834 131 58 cheap
1341 3834 82 46 and
1456 3835 141 58 handy
1628 3837 182 50 edition;
1845 3837 81 45 and
1959 3856 96 27 now

1122 3897 68 44 the
1218 3897 329 56 English-Italian
1593 3901 154 43 section
1797 3899 164 45 reaches
1994 3917 57 34 us,

1121 3961 40 43 in
1194 3978 24 25 a
1250 3977 93 28 new
1376 3960 82 45 and
1492 3960 188 57 enlarged
1735 3962 169 50 edition,
1960 3961 95 46 well

1121 4021 174 57 printed,
1329 4023 41 43 in
1402 4040 24 25 a
1460 4022 146 45 format
1629 4023 95 56 light
1758 4023 83 45 and
1873 4024 180 56 pleasant

1119 4095 42 33 to
1195 4082 163 52 handle,
1394 4085 81 43 and
1508 4095 41 33 at
1580 4103 24 25 a
1628 4103 98 38 very
1749 4085 156 45 modest
1928 4087 124 55 price.

1180 4146 94 45 The
1307 4145 115 46 work
1453 4148 31 43 is
1533 4158 202 46 compact,
1787 4148 236 56 comprehen-

1119 4209 84 43 sive
1257 4207 83 45 and
1394 4207 212 58 scholarly,
1647 4211 81 43 and
1783 4211 180 44 contains
2000 4228 52 27 an

1119 4269 242 47 abundance
1392 4269 45 46 of
1468 4271 209 46 idiomatic
1709 4271 178 57 phrases.

2146 193 281 46 WILLIAM
2453 195 218 46 BLAKE
2699 197 54 55 by
2788 197 147 47 Oslerl
2955 200 81 47 Bur-

2136 255 99 46 dett.
2299 257 174 55 English
2507 258 107 44 Men
2647 259 54 53 of
2725 259 155 46 Letters
2915 261 146 49 Series.

2135 317 273 47 Macmillan.
2472 318 126 45 Price
2630 320 158 57 5/-net.

2133 446 235 102 THOSE
2400 442 97 46 who
2529 443 123 46 know
2685 444 68 45 the
2784 444 124 57 larger
2941 446 120 47 Lives

2258 503 42 45 of
2349 503 129 45 Blake
2526 505 82 45 will
2641 506 173 56 perhaps
2846 507 83 45 find
2961 508 98 46 little

2137 565 86 44 that
2256 567 31 42 is
2320 583 91 28 new
2445 576 43 35 to
2522 566 108 45 them
2664 569 41 42 in
2739 568 75 45 this
2846 586 104 35 one;
2988 570 72 45 but

2136 627 30 43 it
2198 626 81 45 will
2312 626 52 45 be
2396 627 226 46 welcomed
2645 628 55 57 by
2723 648 120 38 many
2864 630 97 45 who
2993 650 68 27 are

2135 699 73 33 not
2262 688 167 45 familiar
2460 690 99 44 with
2613 708 111 26 more
2756 691 176 45 detailed
2965 694 73 44 Bio-

2135 748 184 58 graphies
2351 750 45 45 of
2438 750 76 45 this
2561 763 110 44 great
2723 754 138 50 artist;
2895 754 82 44 and
3019 757 40 42 in

2133 828 81 39 any
2246 830 105 31 case,
2386 830 76 26 can
2495 831 66 27 we
2591 831 80 38 any
2704 814 45 45 of
2770 832 44 26 us
2847 815 97 45 read
2990 828 69 33 too

2133 872 114 45 often
2283 873 68 44 the
2385 873 67 45 life
2484 874 45 45 of
2561 875 77 44 this
2670 894 106 26 man.

2131 1002 112 44 DIE
2321 1004 128 44 THE
2450 1005 41 43 A
2502 1005 393 46 TERDEKORA
2907 1007 152 45 TION

2131 1063 122 45 DES
2282 1065 450 46 BAROCKPaul
2752 1068 180 53 Zucker.
2965 1069 62 45 Ru-

2130 1126 101 54 dolf
2243 1126 179 45 Kaemm
2427 1146 62 26 ere
2493 1147 18 26 r
2536 1128 166 57 Verlag.
2721 1129 159 52 Berlin,
2907 1131 150 46 1925.

2131 1188 122 44 Price
2285 1188 151 54 Marks
2469 1190 84 44 45.

2127 1251 115 10 IHrWl
2442 1253 30 9 -
2481 1252 88 10 IIMIMM
2694 1254 19 9 Hill
2716 1251 43 17 III
2765 1251 3 17 I
2772 1254 27 10 III
2834 1251 1 17 I
2838 1255 21 10 llllll
2862 1251 8 17 11
2874 1256 20 9 MM
2903 1256 15 9 III
2923 1256 5 9 II
3010 1251 2 17 I
3021 1251 3 17 I
3043 1258 9 10 g

2133 1310 26 99 1
2197 1298 121 61 Begin
2372 1316 42 32 to
2462 1304 115 46 think
2622 1305 85 46 that
2745 1308 29 43 it
2827 1325 85 28 was
2961 1328 95 39 very

2198 1384 95 37 easy
2325 1377 42 32 to
2401 1366 52 44 be
2484 1385 51 26 an
2583 1379 111 33 actor
2730 1370 40 42 in
2802 1368 68 47 the
2918 1371 139 45 Greek

2129 1425 170 52 theatre,
2331 1427 193 57 although
2554 1429 16 45 I
2601 1448 103 26 once
2737 1429 95 46 held
2854 1444 110 44 quUe
2988 1432 68 45 the

2128 1490 186 55 opposite
2347 1491 105 44 view
2474 1492 82 45 and
2580 1490 93 46 held
2697 1491 85 45 that
2805 1503 42 33 to
2880 1495 175 55 perform

2128 1568 25 26 a
2186 1550 140 45 Greek
2358 1551 94 57 play
2505 1571 42 25 as
2578 1554 29 42 it
2641 1552 145 45 should
2820 1554 52 45 be
2904 1555 148 57 played

2121 1630 84 27 was
2238 1623 102 34 most
2372 1613 180 47 difficult.
2616 1615 117 56 Why
2765 1616 15 44 I
2814 1634 95 28 now
2942 1618 112 44 think

2121 1675 30 42 it
2183 1684 102 34 must
2339 1674 106 45 have
2499 1676 105 45 been
2656 1695 95 38 easy
2804 1679 30 43 is
2881 1679 173 45 because

2123 1735 112 45 there
2266 1753 85 27 was
2382 1736 96 57 only
2511 1756 79 26 one
2621 1740 279 55 performance
2921 1742 131 54 given,

2122 1798 80 45 and
2236 1815 54 26 no
2321 1816 80 26 one
2448 1799 84 45 had
2566 1799 94 45 time
2709 1812 42 33 to
2784 1801 53 45 be
2888 1803 163 50 critical,

2121 1858 175 45 because
2337 1860 97 56 they
2487 1879 108 26 were
2647 1874 71 32 not
2760 1864 117 55 going
2909 1874 42 33 to
2984 1883 67 26 see

2121 1922 30 42 it
2175 1939 131 37 again,
2327 1922 83 44 and
2434 1922 66 44 the
2521 1935 200 44 spectator
2753 1924 82 45 had
2869 1936 42 33 to
2942 1938 110 32 exert

2120 1981 159 46 himself
2332 1994 42 33 to
2417 1996 65 43 get
2528 1985 70 43 the
2645 1985 135 45 whole
2834 1987 131 45 worth
3007 1989 45 43 of

2119 2045 29 43 it
2182 2044 96 45 then
2311 2044 81 45 and
2426 2046 109 44 there
2568 2064 45 26 or
2645 2047 83 45 lose
2760 2049 29 42 it
2810 2048 240 57 altogether.

2120 2105 105 45 And
2258 2106 16 44 I
2307 2106 77 44 feel
2437 2107 211 45 somehow
2702 2109 85 45 that
2822 2110 85 46 Mr.
2943 2110 107 45 Paul

2120 2166 177 52 Zucker,
2333 2168 67 45 the
2433 2170 143 44 author
2598 2170 44 44 of
2664 2170 76 45 this
2762 2171 124 51 book,
2906 2172 144 45 should

2120 2229 106 45 have
2259 2230 105 44 been
2396 2249 24 25 a
2452 2230 141 46 Greek
2624 2244 125 39 actor,
2794 2233 173 45 because
2998 2234 52 45 he

2120 2290 136 45 makes
2288 2310 24 27 a
2345 2304 109 44 great
2486 2293 119 45 effect
2637 2293 99 46 with
2768 2295 61 45 his
2861 2295 77 45 first
2961 2314 67 38 per-

2119 2352 206 45 formance
2345 2372 10 32 ;
2388 2373 46 25 so
2467 2354 119 45 much
2618 2375 44 25 so
2686 2356 84 44 that
2802 2375 55 25 on
2888 2357 162 56 looking

2118 2415 200 58 carefully
2371 2415 171 56 through
2595 2417 60 45 his
2709 2417 110 45 book
2854 2418 14 45 I
2921 2418 128 45 found

2117 2476 56 45 all
2206 2476 70 45 the
2328 2476 129 58 plums
2504 2490 40 33 at
2591 2498 118 28 once.
2775 2480 33 44 It
2840 2498 84 27 was
2954 2481 96 56 only

2116 2549 40 33 at
2191 2538 68 46 the
2290 2541 150 44 second
2493 2540 84 45 and
2614 2541 106 45 third
2772 2541 139 57 glance
2963 2542 85 45 that

2117 2599 68 46 the
2219 2601 118 44 faults
2379 2601 130 57 began
2542 2613 42 33 to
2616 2622 86 39 pop
2730 2615 85 39 out,
2854 2604 81 44 and
2953 2604 95 44 here

2116 2680 68 27 are
2215 2681 112 27 some
2359 2662 45 45 of
2439 2664 108 45 them
2568 2684 10 25 :

2177 2725 71 44 He
2297 2725 135 57 places
2486 2725 213 46 Girolamo
2754 2727 185 46 Fontana
2988 2729 60 44 far

2112 2796 71 34 too
2215 2786 110 59 early
2355 2789 41 43 in
2428 2787 60 45 his
2520 2788 111 44 book
2652 2805 9 38 ;
2699 2790 77 51 for,
2825 2789 121 45 while
2979 2791 68 43 the

2114 2849 155 54 picture
2321 2848 52 45 he
2426 2849 137 45 shows
2614 2869 45 26 us
2691 2852 32 43 is
2754 2871 25 24 a
2832 2852 138 55 design
3002 2853 43 43 of

2123 2910 127 49 1690,
2299 2910 53 45 he
2404 2911 134 57 places
2589 2914 30 42 it
2652 2912 188 46 between
2892 2932 78 25 one
3003 2915 44 44 of

2121 2971 115 45 1652
2285 2972 84 45 and
2423 2972 133 46 others
2587 2974 44 45 of
2687 2975 128 50 1474,
2865 2975 182 45 whereas

2112 3034 30 43 it
2173 3033 148 45 should
2354 3034 106 46 have
2507 3054 117 27 come
2656 3036 102 45 after
2793 3037 115 46 both.
2971 3039 48 44 Ni-

2111 3095 93 44 colo
2239 3095 190 46 Michetti
2466 3097 139 45 whose
2640 3098 97 45 date
2778 3100 32 42 is
2850 3100 129 50 1729,
3014 3102 30 42 is

2110 3156 148 57 placed
2292 3158 140 45 before
2465 3159 155 56 designs
2652 3161 45 44 of
2737 3161 129 45 1674.

2172 3219 71 45 He
2276 3221 109 55 gives
2418 3222 28 42 8
2484 3220 158 58 designs
2691 3222 54 56 by
2780 3222 161 57 Filippo
2974 3222 48 58 Ju-

2110 3298 114 28 varra
2257 3282 82 44 and
2370 3300 90 39 says
2494 3283 113 45 these
2646 3302 109 27 were
2787 3284 157 56 designs
2977 3285 63 44 for

2108 3361 24 25 a
2166 3343 153 44 theatre
2352 3354 41 34 at
2424 3344 170 52 Torino,
2631 3348 80 44 and
2761 3346 117 45 dates
2933 3346 109 45 them

2116 3405 129 46 1750.
2310 3407 114 45 Now
2455 3407 96 56 they
2598 3426 108 27 were
2740 3407 61 45 for
2832 3427 25 25 a
2888 3408 155 45 theatre

2106 3467 40 44 in
2179 3467 133 45 Rome
2366 3471 81 44 and
2498 3469 101 45 their
2653 3471 114 45 dates
2819 3488 68 26 are
2926 3471 115 45 1710

2106 3539 43 35 to
2190 3530 130 44 1712.

2167 3592 71 44 He
2271 3593 109 54 gives
2412 3611 45 27 us
2488 3605 85 34 two
2595 3594 158 56 designs
2776 3594 55 57 by
2855 3594 162 46 Bartolo-

2105 3671 92 26 meo
2229 3654 93 44 Poli
2354 3655 82 44 and
2468 3655 114 46 dates
2605 3657 111 44 these
2736 3657 125 44 about
2893 3658 10 44 1
2918 3657 88 45 740
3025 3674 15 32 ;

2104 3714 73 46 but
2231 3716 261 45 Bartolomeo
2545 3718 97 44 died
2694 3720 40 43 in
2775 3719 127 52 1737,
2957 3721 82 43 and

2104 3777 76 44 this
2229 3777 15 44 I
2278 3777 78 45 feel
2405 3779 84 47 Mr.
2543 3780 163 45 Zucker
2756 3780 124 56 might
2934 3781 105 45 have

2103 3840 253 46 discovered.

2164 3902 177 56 Writing
2372 3903 45 45 of
2449 3902 68 46 the
2549 3904 185 46 different
2767 3923 123 38 opera
2933 3905 77 44 hou-

2101 3981 60 26 ses
2193 3963 45 44 of
2260 3964 173 51 Venice,
2458 3966 51 44 he
2530 3984 89 38 says
2642 3967 86 44 that
2753 3967 67 44 the
2842 3967 47 45 S-
2916 3968 122 44 Mose

2102 4043 83 26 was
2234 4026 183 46 founded
2470 4029 40 43 in
2551 4029 127 51 1641,
2738 4028 183 45 whereas
2969 4029 69 45 the

2102 4087 154 45 theatre
2309 4089 52 44 he
2417 4108 137 26 means
2605 4092 33 43 is
2685 4090 68 45 the
2779 4091 85 45 San
2897 4091 139 46 Moise

2100 4148 185 47 founded
2316 4152 42 43 in
2398 4153 182 45 1638-9.

2162 4211 140 57 Again
2333 4212 53 45 he
2417 4232 90 38 says
2539 4214 69 45 the
2640 4214 45 44 S.
2721 4214 151 52 Lucca,
2908 4215 102 57 (mea-

2099 4275 94 55 ning
2226 4273 68 47 the
2326 4276 86 45 San
2470 4275 147 61 Luca),
2650 4295 84 28 was
2780 4276 183 49 founded
2996 4279 41 47 in
