3192 4435
194 86 58 45 44

193 181 81 43 tain
306 190 91 46 tops
429 180 43 45 of
503 180 116 56 logic.
683 181 48 44 A
775 180 178 45 London
1000 182 105 54 parti-

191 242 110 44 cular
333 260 85 27 was
448 242 165 57 beyond
646 241 107 46 them
774 261 10 33 ;
837 242 96 57 they
965 241 98 45 held
1097 245 28 41 it

192 303 50 44 all
275 314 70 33 too
376 303 211 56 highbrow
621 303 44 45 of
697 303 67 45 the
787 303 130 57 police
941 316 42 32 to
1005 305 120 44 allow

192 365 102 44 that.
360 365 80 44 But
475 365 67 44 the
573 366 103 54 signs
699 366 96 56 they
815 366 72 45 did
911 365 117 45 make
1051 385 76 24 can

191 425 51 45 all
275 427 52 43 be
360 427 128 44 found
518 428 42 42 in
600 428 75 43 this
727 427 97 43 little
878 428 150 44 tribute
1083 428 45 44 of

191 488 79 44 five
303 488 186 44 hundred
508 507 120 36 pages
646 501 40 31 to
710 498 27 14 44
754 488 96 45 The
873 489 192 56 Mummy

190 549 81 45 and
303 550 64 44 Sir
388 549 147 47 Wallis
568 550 145 56 Budge
746 549 71 45 has
839 550 121 45 made
981 550 52 44 all
1056 550 70 45 the

189 613 101 54 signs
322 611 105 44 clear
459 623 42 33 to
524 611 68 44 the
614 611 154 45 reader.
814 612 125 45 After
960 612 166 56 reading

188 691 25 25 a
243 691 104 38 page
378 689 47 28 or
459 683 84 34 two
565 691 161 39 anyone
748 692 77 26 can
849 675 115 44 write
986 691 25 26 a
1031 674 96 55 long

188 734 114 44 letter
334 736 41 42 in
408 734 347 57 Egyptian—and
797 747 133 33 actors
979 746 40 33 at
1052 735 73 44 last

188 795 106 45 have
325 815 25 24 a
381 796 228 57 dictionary
641 796 136 46 which
818 797 105 44 need
956 809 70 32 not
1061 808 65 33 tax

189 858 101 43 their
322 857 248 56 intelligence
604 860 40 42 in
677 858 69 44 the
779 876 97 38 very
906 858 118 46 least.

251 919 48 45 A
330 920 253 55 magnificent
615 921 114 55 piece
761 920 44 44 of
837 920 129 46 work.

195 1056 20 44 /
228 1056 30 44 6
300 1056 82 44 TO
413 1057 87 44 20.
535 1056 54 53 by
623 1056 138 44 Robin
811 1056 213 56 Douglas.
1067 1058 58 43 A•

187 1118 71 45 M.
290 1117 173 54 Philpot
493 1117 99 45 Ltd.
627 1118 122 44 Price
781 1118 56 57 7/
843 1118 48 45 6.

187 1234 140 101 AT
361 1233 69 44 the
463 1233 80 45 end
576 1235 45 45 of
653 1234 75 45 this
761 1234 79 45 first
864 1234 113 45 book
1001 1234 44 45 of
1066 1236 59 43 his

324 1296 84 45 Mr.
442 1295 194 57 Douglas,
670 1296 101 44 after
817 1296 98 46 wild
969 1296 130 46 adven-

189 1369 102 34 tures
322 1359 40 43 in
395 1357 190 51 London,
617 1358 103 45 finds
750 1357 157 46 himself
955 1359 170 44 married

188 1430 40 34 at
261 1429 268 47 twenty-one.

247 1481 94 45 The
389 1482 141 43 notion
577 1481 32 44 is
660 1500 25 25 a
733 1482 107 55 good
891 1499 95 27 one.
1052 1482 72 44 He

187 1542 72 44 has
290 1542 149 45 chosen
462 1561 24 25 a
503 1542 222 56 profession
746 1543 83 44 and
847 1545 31 42 is
901 1561 23 26 a
942 1543 181 45 member

184 1604 45 44 of
281 1604 69 44 the
402 1604 264 56 Advertising
708 1604 267 56 Department
1022 1605 44 44 of
1098 1624 24 25 a

184 1684 125 39 group
358 1665 44 45 of
448 1682 159 41 papers,
654 1668 82 44 and
769 1669 31 42 is
833 1667 213 44 ambitious
1079 1678 41 33 to

182 1730 82 41 win
297 1727 60 46 his
388 1745 94 39 way
513 1740 43 32 to
588 1729 69 43 the
697 1739 74 45 top
802 1728 44 44 of
893 1728 86 44 that
1027 1746 70 39 pro-

184 1790 161 45 fession.
429 1790 61 44 So
543 1789 173 57 perhaps
764 1807 65 27 we
882 1789 101 45 shall
1035 1791 85 43 lose

183 1851 169 44 another
383 1851 127 56 gifted
544 1854 147 43 writer.
757 1852 80 44 But
888 1860 112 36 what
1032 1853 31 42 is
1095 1871 24 25 a

184 1915 131 44 writer
363 1924 43 33 to
438 1912 56 46 do
541 1913 98 45 who
671 1912 107 46 can't
811 1925 64 45 get
924 1912 98 58 paid
1056 1914 63 44 for

181 1975 128 45 work.
375 1975 34 43 It
440 1975 100 45 does
571 1985 71 34 not
675 1975 94 44 feed
812 1977 84 42 him
928 1975 83 44 and
1059 1975 59 44 his

181 2036 137 57 family
349 2036 31 45 if
410 2055 82 38 you
525 2036 68 45 tell
625 2037 83 44 him
740 2036 87 45 that
859 2037 75 44 lots
965 2036 44 44 of
1056 2055 42 26 ar-

179 2101 97 48 tists,
325 2100 151 43 writers
523 2098 82 45 and
643 2099 208 45 musicians
897 2099 105 43 have
1034 2098 82 44 had

181 2172 152 45 twenty
363 2179 116 38 years
511 2161 45 44 of
586 2160 87 45 that
704 2172 80 33 sort
816 2160 45 45 of
892 2172 223 38 treatment,

181 2222 172 45 because
385 2222 52 45 he
470 2233 103 34 must
605 2222 124 45 know
762 2222 85 45 that
880 2222 70 44 the
996 2225 121 42 strain

181 2283 142 45 breaks
372 2284 127 45 down
545 2295 71 33 too
671 2302 120 39 many
825 2302 93 27 men
949 2285 82 44 and
1065 2284 52 44 he

179 2345 158 47 doesn't
369 2358 110 33 want
510 2356 43 33 to
586 2346 125 45 break
732 2346 127 45 down
880 2358 40 32 at
944 2358 146 45 twenty-

179 2408 91 50 five,
304 2407 126 45 break
462 2426 56 38 up
550 2408 60 44 his
641 2408 127 45 house
791 2420 39 32 at
869 2410 246 55 twenty-six,

179 2469 125 46 break
336 2469 68 45 the
436 2480 68 34 ten
536 2470 348 44 commandments
906 2469 135 46 which
1064 2470 52 44 he

178 2531 142 46 knows
352 2551 68 24 are
452 2532 145 50 sound,
614 2531 125 46 break
760 2531 227 46 someone's
1008 2531 108 45 head

178 2595 81 45 and
292 2593 174 57 perhaps
496 2612 113 26 some
640 2594 83 57 day
755 2593 125 46 break
896 2595 85 43 into
1003 2612 111 37 song.

240 2656 60 45 So
332 2674 93 39 may
457 2655 53 45 be
543 2655 68 45 the
643 2656 261 55 Advertising
938 2656 177 44 business

177 2718 42 44 in
251 2718 69 45 the
353 2736 97 38 very
483 2717 124 56 thing,
673 2718 15 45 I
717 2718 121 45 know
861 2737 23 24 a
909 2717 206 57 charming

179 2779 135 47 fellow
368 2780 97 44 who
518 2779 96 45 lives
659 2782 42 42 in
755 2780 141 50 Paris;
920 2807 61 7 —
1012 2797 104 27 once

177 2854 129 33 wrote
352 2841 83 45 and
482 2842 115 45 drew
645 2845 81 40 and
767 2843 83 44 had
894 2859 24 26 a
950 2843 164 49 studio;

177 2922 102 38 gave
312 2905 90 44 that
433 2903 52 45 all
514 2921 56 40 up
603 2904 173 44 because
808 2904 69 43 the
925 2902 190 57 breaking

177 2968 40 42 in
250 2983 161 39 process
457 2965 134 45 struck
638 2966 83 44 him
772 2985 42 25 as
870 2976 69 33 too
971 2965 142 57 costly.

176 3028 113 46 Now
322 3027 52 45 he
405 3027 73 46 has
510 3046 52 26 an
594 3028 244 54 advertising
861 3028 190 57 business^

238 3090 117 44 How
387 3108 121 38 many
541 3089 221 45 thousands
793 3090 45 44 of
871 3089 131 45 francs
1024 3107 89 39 pass

176 3151 81 44 and
304 3169 135 39 repass
493 3151 170 56 through
711 3151 60 45 his
819 3151 141 56 fingers
1012 3150 103 45 each

174 3224 163 45 quarter
367 3214 16 43 I
415 3231 124 28 never
586 3213 130 47 dared
765 3225 43 34 to
857 3213 100 50 ask;
991 3212 73 45 but
1099 3213 14 44 I

174 3274 125 46 know
345 3274 97 58 they
490 3288 103 33 must
642 3276 54 44 be
743 3294 123 38 many
912 3275 203 45 thousand

174 3337 235 45 thousands.

236 3400 72 44 He
339 3398 73 46 has
444 3418 107 27 none
583 3400 45 45 of
659 3398 72 47 the
760 3399 144 57 liberty
952 3399 45 45 of
1045 3398 69 46 the

172 3462 108 44 artist
311 3461 65 45 for
406 3462 70 44 the
508 3462 115 45 office
655 3464 72 42 ties
758 3461 84 45 him
875 3461 141 45 down.
1080 3462 34 45 It

172 3523 141 46 would
366 3523 125 46 break
543 3542 65 27 me
661 3524 127 45 down
809 3550 62 7 —
894 3523 71 45 but
1000 3523 113 45 there

170 3603 83 40 you
301 3602 95 34 are;
447 3586 121 44 that's
615 3598 71 33 not
734 3586 60 44 his
842 3585 133 45 brittle
1007 3598 106 44 spot,

171 3649 83 45 and
287 3647 70 45 the
388 3647 122 58 lucky
542 3648 110 57 thing
684 3651 31 42 is
748 3659 42 33 to
822 3647 122 46 know
977 3648 138 44 where

172 3709 87 46 that
312 3709 118 46 weak
482 3723 90 44 spot
604 3712 46 44 is.
716 3710 133 57 Many
899 3708 86 46 folk
1031 3709 83 46 lose

172 3772 221 56 thirty-five
439 3791 116 37 years
601 3772 175 56 locating
821 3775 30 42 it
900 3771 81 45 and
1015 3773 99 43 then

172 3834 117 45 don't
321 3834 185 45 discover
539 3836 44 44 it.

233 3896 81 46 But
332 3896 113 45 what
466 3897 127 44 about
615 3896 69 45 the
700 3908 133 44 strong
851 3896 114 57 point
978 3899 19 41 ?
1032 3895 35 45 Is
1084 3896 29 44 it

171 3977 95 26 ever
275 3958 132 45 worth
417 3959 219 57 sacrificing
651 3958 113 46 one's
777 3976 135 27 career
925 3957 63 45 for
1000 3957 113 45 that?

235 4021 79 44 But
359 4039 83 38 you
489 4021 106 45 have
644 4032 42 34 to
735 4021 84 45 find
868 4020 70 44 the
980 4031 133 45 strong

169 4084 129 54 point.
363 4084 117 45 How
512 4082 121 47 much
665 4085 97 44 time
793 4101 77 26 can
890 4100 84 39 you
995 4101 117 38 spare

170 4156 42 33 to
245 4144 54 44 do
332 4144 87 46 that
436 4150 20 40 ?

231 4206 139 46 These
400 4209 230 45 reflections
650 4207 87 47 Mr.
757 4206 219 58 Douglas's
998 4205 113 47 book

169 4268 189 47 awakens
389 4271 41 45 in
463 4288 78 28 me.

1174 182 298 47 SONNETS
1614 183 237 47 VERSES
1894 185 54 54 by
1999 185 116 44 Enid

1178 247 124 54 Clay.
1374 247 89 44 The
1514 247 163 44 Golden
1729 247 197 53 Cockerel
1975 247 136 45 Press.

1183 308 153 46 1926.
1399 309 17 43 1
1426 308 75 59 5/-
1552 317 81 37 net.
1693 308 199 54 {Limited
1941 308 171 45 Edition

1175 370 57 43 od
1263 370 106 44 450
1404 371 169 57 copies).

1175 485 165 101 THE
1372 504 140 39 poems
1542 504 69 26 are
1644 496 132 45 pretty
1823 486 82 43 and
1938 486 69 45 the
2039 504 48 25 en-

1296 550 181 54 gravings
1524 565 68 27 are
1640 559 120 33 stern.
1828 548 87 46 Mr.
1949 547 85 45 Gill
2065 549 45 48 is,

1174 608 45 45 of
1249 627 153 33 course,
1437 628 24 25 a
1494 609 339 56 wood-engraver
1865 611 82 44 and
1980 628 25 25 a
2028 609 85 44 half

1177 698 56 6 —
1251 690 24 25 a
1307 672 102 43 born
1440 670 214 45 craftsman
1673 690 10 26 :
1718 670 70 44 but
1821 671 28 43 it
1874 674 31 43 is
1927 673 69 44 the
2019 689 94 37 way

1175 733 69 44 the
1276 733 112 45 book
1418 735 31 43 is
1482 735 158 55 printed
1675 734 81 45 and
1788 732 141 48 bound
1976 733 136 45 which

1175 795 64 44 for
1270 795 69 45 the
1372 808 178 32 moment
1583 796 118 45 holds
1734 813 68 38 my
1835 797 212 44 attention.

1237 856 87 46 Mr.
1360 857 135 45 Gibbs
1527 857 72 45 has
1631 855 219 59 composed
1884 858 68 44 the
2003 856 109 55 thing

1174 917 108 47 well.
1325 918 94 45 The
1441 937 107 38 press
1571 919 113 46 work
1705 921 55 57 by
1781 919 61 44 A.
1867 921 52 44 C.
1945 920 166 54 Cooper

1174 980 83 45 and
1289 982 76 45 W.
1403 981 56 44 R.
1496 981 113 44 Mills
1640 985 32 42 is
1704 982 121 59 good.

1237 1042 94 45 The
1364 1042 130 45 books
1526 1042 102 46 from
1662 1044 68 44 the
1763 1043 168 45 Golden
1949 1040 135 46 Cocke-

1176 1103 56 45 rel
1265 1104 116 45 Press
1412 1122 108 27 were
1551 1105 152 56 always
1749 1107 241 53 interesting,
2040 1103 70 42 but

1175 1164 115 45 those
1323 1166 16 43 I
1370 1166 184 44 chanced
1586 1178 43 32 to
1660 1186 66 25 see
1759 1187 108 26 were
1897 1178 72 33 not
2001 1182 88 27 care-

1174 1227 99 57 fully
1305 1228 160 55 enough
1498 1228 155 50 bound,
1687 1247 73 25 nor
1804 1248 85 26 was
1922 1227 68 45 the
2032 1237 59 32 set-

1174 1290 80 55 ting
1286 1289 80 44 and
1399 1291 170 54 printing
1601 1292 111 53 quite
1735 1309 43 26 as
1800 1291 108 56 good
1931 1307 42 26 as
1997 1288 114 44 these

1172 1350 46 44 of
1249 1370 23 24 a
1305 1350 111 45 swell
1472 1351 52 44 de
1566 1354 94 42 luxe
1707 1352 111 45 book
1867 1351 123 56 might
2042 1349 68 44 be.

1172 1411 87 45 Mr.
1313 1412 215 56 Gibbings,
1578 1415 134 54 seeing
1759 1414 90 51 this,
1884 1411 99 47 took
2013 1427 97 28 over

1170 1472 68 45 the
1272 1485 276 45 management
1581 1474 45 45 of
1658 1475 68 44 the
1759 1477 128 49 Press,
1911 1472 83 47 and
2016 1491 94 26 now

1169 1553 123 38 every
1324 1554 115 38 page,
1474 1537 165 54 margin,
1681 1538 132 49 stitch,
1863 1538 118 54 hinge
2028 1534 81 45 and

1169 1615 142 26 corner
1341 1596 134 45 shows
1508 1597 88 44 that
1629 1597 69 45 the
1730 1617 76 38 eye
1824 1599 83 45 and
1931 1597 113 46 mind
2067 1594 43 45 of

1169 1658 84 44 Mr.
1288 1659 202 55 Gibbings
1522 1660 31 43 is
1584 1671 39 32 at
1657 1660 126 45 work.

1228 1719 96 45 The
1356 1720 168 45 Golden
1571 1721 198 45 Cockerel
1806 1722 137 51 Press,
1970 1721 73 51 has
2073 1739 25 25 a

1166 1781 132 44 future
1338 1782 141 45 before
1526 1784 43 49 it,
1619 1801 112 27 more
1761 1783 215 56 especially
2007 1782 31 45 if
2068 1784 30 43 it

1167 1843 81 45 will
1280 1846 103 43 issue
1412 1846 78 54 just
1523 1864 24 24 a
1579 1844 82 46 few
1692 1846 128 56 rough
1852 1848 82 43 and
1972 1845 127 56 ready

1165 1905 173 56 popular
1387 1906 187 45 booklets
1623 1925 55 26 on
1731 1909 49 43 its
1811 1909 58 42 off
1903 1909 115 56 days,
2052 1908 48 42 its

1165 1968 208 56 Saturday
1395 1968 244 51 afternoons,
1663 1968 68 45 the
1752 1969 207 45 workmen
1984 1970 118 54 being

1164 2029 175 45 allowed
1380 2041 42 33 to
1470 2049 52 37 go
1568 2031 119 56 along
1734 2031 122 57 easily
1900 2030 99 46 with
2032 2030 69 44 the

1165 2091 114 51 craft,
1313 2092 124 55 doing
1468 2092 103 44 their
1604 2093 88 45 best
1731 2093 72 44 but
1854 2104 72 33 not
1973 2094 129 55 trying

1165 2164 42 33 to
1240 2154 52 44 be
1325 2165 70 33 too
1426 2153 156 57 perfect
1616 2154 62 44 for
1700 2157 149 43 words.

1228 2215 127 56 Being
1401 2215 165 45 careless
1595 2218 33 42 is
1659 2228 70 33 not
1776 2217 111 44 what
1920 2217 16 44 I
1971 2234 129 33 mean,

1164 2276 73 45 but
1268 2279 118 54 going
1418 2297 24 24 a
1475 2278 58 44 bit
1566 2296 110 27 more
1729 2279 136 56 easily,
1921 2280 180 55 carrying

1166 2337 240 47 themselves
1437 2359 24 25 a
1493 2340 128 45 shade
1663 2341 74 45 less
1783 2341 129 57 stiffly.
1976 2341 122 57 They

1164 2418 76 28 can
1272 2401 152 56 always
1454 2401 58 45 do
1546 2401 83 45 that
1662 2421 54 26 on
1748 2402 204 57 Sundays.

1171 2535 129 44 THE
1357 2534 227 45 LITTLE
1639 2535 202 44 ROOM
1889 2535 54 54 by
2001 2536 95 54 Guy

1164 2596 183 55 Pococfc,
1371 2597 234 44 illustrated
1623 2598 55 54 by
1700 2597 146 53 Henry
1871 2597 46 44 S.
1941 2598 155 46 Sands.

1158 2658 37 53 /.
1229 2659 69 44 M.
1332 2659 117 44 Dent
1480 2659 46 43 &
1559 2660 120 45 Sons.
1743 2660 124 44 Price
1903 2659 71 57 6/-
2014 2668 80 36 net.

1163 2775 102 101 A
1298 2776 117 44 series
1446 2775 45 45 of
1523 2775 181 58 pleasant
1734 2775 109 45 short
1875 2793 134 40 essays
2041 2794 54 27 on

1299 2840 227 53 interesting
1565 2839 132 55 things
1746 2837 205 56 including
1995 2838 101 45 such

1161 2899 175 55 subjects
1388 2918 42 26 as
1481 2900 150 44 Fairies
1678 2899 83 45 and
1810 2899 283 57 Fairy-Tales,

1163 2961 175 51 Ballads,
1371 2961 95 45 The
1499 2963 145 54 Origin
1666 2961 45 45 of
1733 2961 268 51 Mezzotinto,
2026 2962 69 45 the

1163 3024 172 54 Making
1365 3024 45 43 of
1441 3024 284 56 Anthologies,
1750 3024 154 44 Ghosts
1932 3026 41 41 in
1996 3025 97 50 Arfc>

1161 3086 94 44 The
1290 3087 195 49 Bassoon,
1507 3087 68 44 the
1598 3086 189 56 Building
1809 3085 44 45 of
1875 3104 24 26 a
1916 3086 176 51 Picture,

1161 3148 82 45 and
1276 3147 116 46 other
1424 3147 174 46 kindred
1631 3149 170 45 themes.

1168 3281 130 45 THE
1330 3280 128 45 OLD
1500 3280 249 45 BRIDGE
1791 3280 55 54 by
1904 3280 188 45 William

1155 3343 40 53 J.
1231 3342 154 53 Locke.
1440 3342 90 46 The
1561 3342 169 54 Bodley
1769 3342 145 45 Head.
1970 3342 122 46 Price

1161 3406 91 57 7/6
1287 3413 82 37 net.

1160 3521 236 101 THOSE
1426 3522 97 46 who
1545 3521 79 45 like
1647 3521 83 45 Mr.
1756 3520 174 46 Locke's
1951 3520 141 58 kindly

1250 3585 84 44 and
1386 3583 176 59 graceful
1614 3584 98 44 tales
1758 3583 83 46 will
1893 3582 199 47 welcome

1160 3648 78 44 this
1269 3666 93 26 new
1392 3659 110 45 story
1532 3647 45 45 of
1620 3647 73 50 his,
1741 3645 63 45 for
1850 3646 68 45 the
1965 3645 100 45 back-

1160 3709 155 58 ground
1347 3709 44 44 of
1423 3709 120 45 much
1575 3709 45 44 of
1650 3708 138 45 which
1820 3708 53 45 he
1910 3708 71 44 has
2028 3727 42 25 se-

1161 3772 132 45 lected
1327 3771 210 52 Florence,
1575 3771 205 56 depicting
1811 3770 69 45 the
1902 3770 190 44 humours

1160 3835 44 44 of
1234 3836 49 43 its
1315 3835 188 55 pensions
1534 3834 83 44 and
1650 3834 158 43 tourists
1840 3851 43 25 as
1915 3832 93 44 well
2051 3850 41 25 as

1159 3896 226 56 describing
1417 3895 337 56 enthusiastically
1787 3894 68 45 the
1877 3896 152 55 beauty
2052 3905 40 34 to

1159 3959 54 44 be
1246 3959 127 44 found
1405 3959 41 44 in
1479 3958 69 45 the
1580 3959 82 55 city
1693 3956 119 56 itself,
1860 3958 47 43 its
1954 3968 138 33 streets

1157 4021 84 45 and
1259 4021 190 57 galleries,
1467 4022 82 44 and
1567 4021 85 44 that
1672 4029 25 16 44
1712 4020 134 44 Ponte
1863 4019 189 45 Vecchio

1157 4083 105 46 from
1297 4083 135 46 which
1465 4082 53 45 he
1549 4082 113 45 takes
1694 4082 69 45 the
1794 4099 133 28 name.

2153 1664 530 73 EDITORIAL
2731 1661 323 69 NOTES.

2285 1831 604 66 MIRACLE.

2149 2001 117 26 HOW
2301 2001 64 24 TO
2403 1999 160 26 BRING
2593 1996 282 32 GRIMALDI,
2911 1993 167 32 KEAN,

2149 2047 318 32 BUCKSTONE,
2501 2046 99 25 AND
2636 2043 196 28 OTHERS
2858 2042 60 25 TO
2953 2040 126 25 LIFE.

2152 2161 279 101 HAVING
2462 2158 217 47 described
2713 2158 52 44 all
2797 2156 68 46 the
2886 2156 195 44 wonders

2286 2224 136 45 which
2458 2240 73 27 our
2580 2221 233 45 forefathers
2862 2217 214 47 witnessed

2148 2297 42 33 at
2222 2285 70 45 the
2338 2285 70 46 old
2458 2282 181 48 Sadler's
2694 2282 133 46 Wells
2881 2280 196 50 Theatre,

2148 2347 148 56 having
2328 2346 153 57 spoken
2517 2346 44 43 of
2608 2346 68 43 the
2723 2343 140 56 glories
2919 2342 43 44 of
3010 2341 68 45 the

2147 2410 128 56 place,
2310 2409 45 44 of
2385 2409 125 54 King,
2543 2407 68 44 the
2633 2406 164 55 original
2820 2415 26 15 44
2870 2406 65 43 Sir
2958 2404 120 43 Peter

2146 2471 153 45 Teazle
2399 2471 45 44 of
2476 2469 47 48 £
2564 2470 162 49 10,000
2757 2467 160 44 cleared
2964 2468 42 41 in
3054 2485 24 24 a

2145 2533 122 56 single
2297 2550 156 32 season,
2488 2532 44 44 of
2563 2531 69 44 the
2663 2529 237 56 astounding
2920 2527 134 57 perfor-

2145 2613 161 27 mances
2338 2594 45 45 of
2415 2602 27 17 44
2465 2593 69 45 the
2582 2591 199 45 immortal
2830 2591 102 56 Joey
2982 2591 95 42 Gri*

2145 2657 124 46 maldi
2350 2655 46 45 of
2418 2654 195 46 Edmund
2635 2652 157 48 Kean's
2809 2669 267 40 appearance,

2144 2720 44 43 of
2223 2720 102 43 Mrs.
2360 2718 270 49 Fitzwilliam,
2663 2716 44 45 of
2739 2714 232 46 Buckstone
2993 2713 90 45 and;

2143 2781 38 56 J.
2216 2780 52 46 B.
2307 2780 152 50 Booth,
2504 2779 44 45 of
2594 2779 55 45 T.
2698 2778 51 45 P.
2799 2776 147 45 Cooke
2993 2774 90 46 and.

2143 2841 167 47 Samuel
2341 2841 167 57 Phelps,
2542 2859 24 26 a
2597 2841 134 44 writer
2761 2840 40 43 in
2836 2847 26 17 44
2884 2839 129 45 Notes
3036 2841 47 39 &

2143 2905 175 55 Queries
2415 2904 86 44 that
2533 2920 95 28 ever
2681 2900 213 56 delightful
2943 2900 115 56 publi-

2143 2968 150 49 cation,
2326 2965 134 46 winds
2492 2983 56 39 up
2580 2982 52 27 an
2663 2965 228 53 interesting
2939 2961 140 45 article

2142 3029 102 44 with
2275 3047 53 26 an
2360 3026 199 46 immortal
2590 3026 174 57 phrase:
2775 3052 54 5 —

2329 3113 26 18 u
2376 3114 38 32 It
2437 3111 35 35 is
2497 3112 108 34 these
2623 3110 155 42 glories
2803 3109 88 34 that
2916 3120 85 30 are,
3041 3108 46 41 if

2237 3161 24 18 11
2283 3160 65 33 the
2376 3159 120 34 Duke
2531 3158 55 41 of
2612 3157 290 34 Devonshire's
2936 3156 144 41 appeal

2237 3206 24 19 a
2281 3208 120 32 meets
2423 3206 98 33 with
2546 3215 25 23 a
2590 3214 200 32 generous
2813 3205 197 40 response,
3037 3205 39 30 to

2283 3254 44 33 be
2351 3262 90 24 now
2465 3252 166 35 revived

2206 3337 167 52 Which,
2392 3337 131 45 unless
2544 3337 126 54 King,
2699 3335 215 51 Grimaldi,
2939 3335 135 49 Kean,

2143 3400 245 53 Buckstone,
2427 3400 151 49 Booth,
2615 3398 133 51 Cook,
2793 3400 81 43 and
2923 3398 153 55 Phelps

2141 3482 77 26 can
2250 3462 84 46 also
2366 3462 53 45 be
2449 3462 183 49 revived,
2665 3478 127 28 seems
2823 3471 42 34 to
2887 3459 53 45 be
2968 3461 85 55 opti-

2145 3526 144 45 mistic.

2204 3588 69 43 To
2303 3587 138 44 revive
2486 3585 142 57 glories
2674 3603 79 26 one
2801 3595 102 34 must
2951 3583 53 45 be
3051 3602 25 24 a

2144 3650 210 56 magician.
2416 3649 69 44 To
2516 3659 133 33 create
2681 3665 94 27 new
2808 3647 139 56 glories
2980 3644 95 57 only

2144 3730 53 26 an
2228 3713 110 42 artist
2369 3711 31 44 is
2434 3709 161 47 needed
2628 3736 60 8 —
2721 3709 73 44 but
2828 3708 118 45 make
2985 3725 88 27 sure

2143 3774 111 44 these
2286 3772 140 58 glories
2458 3791 77 26 can
2568 3789 190 39 compare
2790 3770 100 46 with
2913 3769 68 45 the
3003 3769 69 44 old

2143 3854 113 28 ones.
2319 3835 61 45 So
2412 3834 120 57 hurry
2564 3853 56 39 up
2639 3839 10 40 !
2683 3833 120 45 Look
2834 3831 157 47 around
3014 3831 62 44 for

2142 3897 138 50 talent,
2314 3915 104 27 even
2449 3899 150 54 genius.
2639 3896 122 55 Bring
2792 3897 30 42 it
2854 3896 85 43 into
2971 3896 82 42 exis-

2145 3971 115 33 tence
2302 3986 59 7 —
2395 3958 114 58 bring
2540 3960 28 43 it
2601 3976 56 39 up
2699 3985 53 5 —
2792 3958 115 55 bring
2952 3957 30 44 it
3032 3967 61 33 to-

2145 4021 191 45 London.
2401 4021 83 45 But
2516 4019 93 46 take
2640 4038 105 33 care,
2769 4019 62 45 for
2852 4037 104 27 even
2978 4017 96 46 then

2143 4085 30 44 it
2205 4084 124 56 might
2359 4094 72 33 not
2463 4083 84 45 find
2580 4084 49 43 its
2670 4101 94 38 way
2812 4100 56 38 up
2915 4092 43 33 to
3006 4082 69 42 the

2144 4164 92 27 new
2269 4144 177 47 Sadler's
2477 4144 132 48 Wells
2641 4144 134 45 which
2818 4144 69 44 the
2937 4151 25 17 44
2986 4142 88 44 Old

2145 4208 83 45 Vic
2310 4226 127 39 group
2471 4207 100 46 with
2604 4207 103 45 Miss
2741 4206 135 57 Baylis
2916 4224 67 26 are
3030 4222 43 27 so
3092 4206 4 59 >

2146 4271 102 45 keen
2279 4282 43 34 to
2353 4289 67 27 see
2452 4269 109 46 filled
2592 4268 101 48 with
2714 4268 68 46 the
2804 4285 102 40 poor
2928 4266 149 59 people
