3129 4475
180 81 57 44 24

176 178 399 81 IBSEN'S

174 284 155 79 AT
382 287 221 79 THE
644 287 373 81 ROYAL
1058 289 512 82 THEATRE

379 391 976 84 COPENHAGEN

171 506 90 44 AN
305 506 345 49 INTERVIEW
693 511 168 44 WITH
912 511 104 44 MR.
1064 511 267 46 GORDON
1377 511 193 49 CRAIG

171 567 85 46 ON
294 570 130 46 THE
457 570 246 46 RECENT
747 572 299 46 FESTIVAL
1090 572 480 47 PERFORMANCE.

173 716 198 128 THE
409 709 173 74 Royal
647 709 233 58 Theatre
938 710 54 57 of
1052 710 364 77 Copenhagen
1475 712 93 57 has

324 788 121 73 long
485 785 125 59 held
651 810 30 33 a
722 786 379 74 distinguished
1142 790 224 70 position
1400 791 53 55 in
1480 788 88 59 the

172 862 178 59 annals
409 861 55 60 of
520 861 86 58 the
668 861 179 74 Europ
852 886 100 33 ean
1007 862 251 60 Theatre.
1340 863 38 58 It
1416 865 151 57 ranks

174 938 125 78 high
338 961 188 51 among
564 937 88 59 the
690 952 145 61 great
860 938 212 59 historic
1099 938 333 74 playhouses,
1460 941 107 58 and

169 1040 267 47 possesses
477 1016 87 56 the
630 1013 299 60 distinction
993 1015 54 58 of
1114 1016 159 75 being
1340 1017 227 74 actually

169 1091 144 58 three
353 1091 259 58 Theatres
658 1093 52 55 in
771 1115 118 42 one,
934 1093 143 56 since
1119 1092 215 66 Drama,
1378 1092 187 75 Opera

168 1167 104 57 and
314 1167 170 58 Ballet
522 1168 145 74 reign
706 1166 145 58 there
891 1167 236 75 together
1165 1167 220 58 without
1413 1194 122 47 quar-

167 1243 199 76 relling.
447 1243 124 57 The
610 1246 234 70 portraits
884 1246 54 54 in
977 1246 62 56 its
1090 1244 164 70 foyer
1301 1247 170 72 testify
1510 1261 55 42 to

167 1343 31 32 a
238 1319 119 75 long
398 1321 297 57 succession
736 1319 53 56 of
830 1318 221 59 brilliant
1089 1318 104 59 and
1222 1323 194 55 serious
1444 1345 89 48 per-

168 1396 263 58 sonalities
471 1394 122 60 who
652 1394 133 59 have
839 1394 215 60 worked
1114 1398 53 55 in
1208 1397 104 57 and
1369 1397 79 57 for
1486 1399 73 65 it;

167 1473 105 57 and
311 1474 39 56 it
389 1497 110 34 was
540 1474 52 55 in
631 1470 200 58 honour
872 1472 54 58 of
981 1487 106 43 two
1127 1476 231 54 eminent
1397 1497 123 33 mem-

167 1549 118 57 bers
325 1548 55 58 of
418 1572 102 34 one
559 1547 55 58 of
651 1547 87 57 the
778 1545 90 61 old
907 1548 234 58 Theatre
1193 1548 220 58 families
1453 1549 108 57 that

167 1624 87 59 the
318 1639 178 44 recent
559 1623 205 58 festival
831 1624 357 73 performance
1245 1624 55 59 of
1358 1624 201 60 Ibsen's

242 1699 316 60 Pretenders
705 1723 109 35 was
892 1702 156 75 given
1114 1724 69 35 on
1250 1700 310 60 November

177 1775 122 60 14th
347 1777 141 58 1926
515 1777 64 54 <«>.

278 1851 133 60 This
451 1850 375 76 performance,
887 1853 53 56 in
981 1850 320 60 celebration
1358 1853 53 57 of
1471 1853 86 58 the

165 1929 327 74 twenty-fifth
508 1943 145 60 stage
680 1930 327 71 anniversary
1034 1928 53 58 of
1127 1928 147 58 those
1310 1943 104 43 two
1442 1929 74 58 Da-

163 2005 114 59 nish
303 2022 185 52 actors,
520 2006 186 58 Adam
734 2004 105 58 and
877 2003 261 73 Johannes
1179 2004 230 60 Poulsen
1449 2006 106 58 and

163 2083 201 58 carried
403 2097 89 44 out
520 2081 125 59 with
672 2080 88 59 the
789 2080 375 59 collaboration
1192 2081 53 59 of
1273 2081 109 60 Mr.
1416 2083 104 57 Gor-

162 2159 108 57 don
291 2160 175 76 Craig,
489 2182 112 34 was
623 2183 31 33 a
675 2156 213 59 notable
910 2172 157 43 event
1086 2159 53 56 in
1160 2158 87 58 the
1272 2158 283 73 European

163 2235 268 67 Theatre;
475 2236 300 74 interesting
816 2248 89 43 not
953 2232 120 77 only
1113 2235 53 56 in
1194 2232 154 69 itself,
1380 2234 91 58 but
1498 2260 56 33 as

162 2310 257 58 evidence
459 2310 53 58 of
551 2310 87 57 the
678 2311 148 71 spirit
864 2309 55 57 of
957 2309 87 57 the
1085 2333 122 35 new
1259 2326 296 42 movement

160 2387 176 59 which
374 2390 43 56 is
456 2387 325 74 manifesting
821 2385 138 58 itself
997 2387 54 56 in
1077 2410 125 35 ever
1227 2386 139 59 fresh
1401 2412 121 48 quar-

160 2479 99 42 ters
284 2488 12 40 ;
341 2461 313 75 continually
692 2464 305 72 reasserting
1025 2464 62 56 its
1115 2461 196 75 vitality
1338 2462 218 77 through

160 2563 68 34 an
268 2541 291 74 increasing
598 2537 220 60 number
856 2537 54 59 of
948 2537 278 59 adherents
1266 2539 106 58 and
1430 2564 126 34 over

162 2641 66 33 an
270 2615 193 76 always
503 2616 168 58 wider
709 2613 142 60 field.

271 2692 270 76 Knowing
581 2692 106 59 that
728 2691 109 60 Mr.
880 2692 160 75 Craig
1067 2691 106 58 had
1202 2691 141 58 been
1371 2691 184 60 drawn

162 2785 53 42 to
256 2768 364 75 Copenhagen
647 2768 71 74 by
746 2767 87 59 the
860 2770 268 57 invitation
1155 2767 53 59 of
1233 2768 188 59 Adam
1448 2768 106 59 and

155 2845 259 72 Johannes
493 2845 245 66 Poulsen,
805 2845 105 58 and
986 2845 382 76 remembering
1448 2845 107 58 that

158 2921 109 58 Mr.
309 2921 259 73 Johannes
609 2920 231 59 Poulsen
878 2920 107 58 had
1025 2922 159 59 about
1226 2946 29 32 a
1293 2946 122 48 year
1456 2946 98 51 ago

155 2997 282 74 expressed
464 3001 52 56 in
545 2997 86 58 the
667 2997 175 70 Daily
879 2996 292 73 Telegraph
1209 2997 78 57 his
1330 2998 191 57 admira-

157 3077 107 55 tion
291 3073 55 59 of
386 3073 107 60 Mr.
539 3072 206 75 Craig's
784 3072 143 58 work
954 3073 127 57 with
1123 3073 427 74 understanding,

157 3151 17 57 1
230 3149 187 75 sought
469 3174 67 34 an
588 3151 333 72 opportunity
967 3163 52 44 to
1077 3149 90 59 ask
1226 3149 109 59 Mr.
1392 3152 160 74 Craig

154 3226 288 75 something
483 3226 162 58 about
684 3224 148 59 these
874 3219 232 65 brothers
1147 3224 250 70 Poulsen,
1447 3227 107 57 and

153 3302 87 58 the
278 3302 174 75 Royal
498 3302 249 66 Theatre,
795 3301 104 59 and
946 3317 53 43 to
1039 3302 241 58 discover
1320 3317 51 43 to
1411 3303 144 59 what

154 3393 175 45 extent
369 3379 87 59 the
499 3379 145 59 New
686 3378 313 58 Movement
1039 3379 92 57 has
1185 3379 225 59 affected
1465 3379 86 59 the

153 3454 294 76 Copenhag
450 3481 66 33 en
557 3455 232 59 Theatre
830 3480 55 34 as
926 3480 31 33 a
997 3454 191 60 whole.

272 3533 18 56 I
331 3532 175 68 knew,
550 3556 134 33 even
724 3530 182 60 before
959 3530 111 60 Mr.
1132 3533 161 75 Craig
1348 3530 203 60 himself

154 3607 231 59 referred
435 3623 52 43 to
539 3610 53 65 it,
649 3607 107 58 that
808 3608 88 58 the
949 3607 140 59 chief
1138 3632 187 34 reason
1377 3609 174 59 which

151 3685 107 59 had
299 3685 181 59 drawn
520 3685 106 58 him
666 3701 52 43 to
757 3685 365 75 Copenhagen
1160 3684 106 59 had
1296 3685 139 59 been
1462 3685 88 59 the

150 3760 168 60 direct
343 3762 104 58 and
477 3760 172 75 manly
676 3760 217 60 attitude
921 3760 53 59 of
1001 3763 146 56 these
1175 3762 231 59 Poulsen
1433 3762 88 58 bro-

150 3836 136 60 thers
327 3838 230 59 towards
597 3838 123 58 him.

242 4020 47 42 (i)
315 4020 99 33 This
440 4020 32 34 is
512 4021 66 33 the
615 4021 147 34 second
801 4020 95 34 time
924 4020 29 34 it
990 4022 72 33 has
1087 4021 98 34 been
1223 4020 216 43 produced,
1483 4023 67 33 the

148 4065 84 34 first
256 4066 236 41 production
517 4066 118 43 being
660 4067 39 33 in
728 4069 101 38 3871.
850 4068 179 43 January
1069 4068 88 39 nth,
1183 4067 97 35 with
1307 4068 103 32 Emil
1439 4069 89 33 Poul-

148 4122 70 24 sen
239 4111 142 42 (father
404 4113 45 33 of
470 4113 126 34 Adam
622 4113 78 33 and
717 4113 235 40 Johannes),
989 4124 44 23 as
1057 4113 146 41 Bishop
1218 4114 179 33 Nikolas.
1425 4114 35 33 It
1476 4114 33 33 is
1526 4126 23 23 a

147 4158 249 34 remarkable
421 4158 79 35 fact
524 4159 88 34 that
637 4159 66 33 the
731 4159 125 44 Royal
898 4160 173 33 Theatre
1110 4169 79 24 was
1228 4159 81 34 this
1344 4170 94 31 year
1463 4170 66 31 pre-

148 4205 123 41 pared
296 4207 37 31 to
358 4205 128 33 revise
525 4206 63 32 the
628 4206 125 32 entire
775 4205 238 41 production
1052 4205 79 34 and
1170 4210 160 36 present
1365 4206 66 34 the
1456 4206 91 43 play

148 4250 171 35 without
344 4250 119 42 being
486 4250 81 35 tied
590 4255 41 30 to
656 4252 50 34 its
729 4250 112 36 older
865 4251 162 35 method
1050 4252 45 33 of
1113 4252 285 40 presentation.

1735 180 123 60 The
1879 207 116 34 sons
2025 183 53 58 of
2105 183 86 57 the
2219 188 161 71 tragic
2407 202 157 52 actor,
2597 187 140 59 Emil
2766 189 247 70 Poulsen,

1618 256 106 59 and
1753 259 254 71 nephews
2030 259 56 58 of
2111 259 131 58 Olaf
2269 260 246 69 Poulsen,
2544 263 86 58 the
2660 267 169 55 comic
2855 282 159 51 actor,

1617 333 123 74 they
1791 336 155 73 enjoy
1985 359 31 33 a
2056 335 197 59 natural
2291 340 226 74 prestige
2577 341 52 56 in
2670 340 86 57 the
2812 341 202 60 Danish

1617 409 250 59 Theatre.
1937 409 108 58 Mr.
2088 411 187 59 Adam
2302 414 228 58 Poulsen
2570 441 110 33 was
2719 416 77 58 for
2835 442 32 32 a
2891 420 123 56 time

1617 485 89 58 the
1733 485 228 58 director
1988 486 53 59 of
2068 486 86 59 the
2182 488 141 74 large
2352 489 198 59 theatre
2578 494 54 54 in
2660 491 353 77 Helsingfors,

1617 561 243 67 Finland,
1901 562 158 58 while
2101 562 109 61 Mr.
2252 554 262 85 johannes
2572 569 230 58 Poulsen
2862 570 152 58 holds

1616 637 89 58 the
1744 640 225 71 position
2007 639 55 57 of
2101 640 141 58 chief
2267 656 142 44 actor
2436 645 54 55 in
2516 642 88 59 the
2632 644 172 73 Royal
2831 645 146 60 Thea-

1616 729 75 42 tre
1731 715 55 57 of
1827 715 362 79 Copenhagen
2213 742 12 40 ;
2267 717 106 59 and
2420 720 38 56 it
2496 743 110 34 was
2647 722 260 73 primarily
2944 748 69 34 on

1616 790 78 57 his
1735 791 250 57 initiative
2037 791 108 58 that
2183 791 88 60 the
2312 795 266 57 invitation
2618 810 52 43 to
2700 795 107 60 Mr.
2851 800 162 74 Craig

1616 889 110 34 was
1774 866 286 67 extended,
2102 870 103 71 just
2242 894 57 33 as
2338 871 40 56 it
2434 869 104 59 had
2597 871 139 58 been
2793 872 218 77 through

1614 941 79 58 his
1716 942 314 59 enthusiasm
2050 943 107 59 that
2178 945 88 58 the
2293 947 144 71 spirit
2463 947 54 57 of
2538 946 86 60 the
2646 949 146 59 New
2813 950 157 59 Move-

1613 1034 142 42 ment
1794 1018 92 58 has
1927 1018 77 59 for
2044 1044 145 34 some
2228 1023 123 58 time
2392 1048 122 33 now
2554 1023 176 78 begun
2771 1040 53 44 to
2850 1051 155 33 move

1613 1096 52 54 in
1705 1093 87 57 the
1834 1095 173 73 Royal
2060 1096 250 58 Theatre.

1728 1171 118 67 For,
1888 1171 158 58 when
2088 1172 18 58 I
2161 1173 162 59 asked
2385 1173 107 60 Mr.
2554 1175 160 77 Craig
2768 1192 52 44 to
2867 1178 142 58 what

1613 1260 177 43 extent
1829 1246 88 58 the
1959 1248 146 56 New
2154 1248 311 59 Movement
2524 1250 91 58 has
2655 1253 226 59 affected
2921 1255 88 57 the

1612 1322 366 76 Copenhagen
2018 1324 249 69 Theatre,
2310 1326 66 58 he
2417 1326 205 73 replied
2726 1328 100 59 Far
2864 1354 145 35 more

1611 1396 122 58 than
1774 1398 18 56 1
1834 1398 187 59 should
2062 1401 135 58 have
2237 1401 216 76 thought
2479 1426 110 34 was
2618 1403 232 73 possible
2881 1431 93 33 con-

1609 1473 230 76 sidering
1880 1474 107 59 that
2026 1477 38 56 it
2103 1479 41 55 is
2185 1502 31 32 a
2260 1478 146 57 State
2446 1478 231 60 Theatre
2804 1481 106 57 and
2939 1482 67 58 he

1609 1564 141 42 went
1788 1575 68 33 on
1896 1566 52 42 to
1989 1552 212 73 explain
2241 1553 108 58 that
2385 1554 261 73 Johannes
2686 1557 104 57 and
2820 1557 186 60 Adam

1607 1625 231 60 Poulsen
1877 1627 106 58 had
2026 1628 124 58 both
2204 1631 139 58 been
2384 1631 233 59 students
2677 1633 54 57 of
2769 1633 77 58 his
2888 1637 88 56 wri-

1606 1704 133 71 tings
1801 1704 144 57 since
1994 1704 159 69 1901,
2194 1705 105 59 and
2420 1707 53 57 of
2511 1707 69 58 all
2638 1732 85 51 my
2773 1711 128 57 1901
2954 1726 52 42 to

1614 1779 143 57 1908
1799 1778 261 77 drawings
2222 1782 142 58 That
2420 1782 123 75 they
2594 1783 136 60 have
2789 1785 214 60 studied

1604 1857 54 55 in
1696 1881 32 31 a
1767 1855 140 76 good
1950 1860 159 70 spirit,
2169 1873 53 42 to
2279 1858 141 60 learn
2479 1859 104 59 and
2643 1862 257 68 advance,
2961 1867 43 54 is

1603 1930 298 60 evidenced
1945 1933 71 73 by
2054 1933 260 72 Johannes
2356 1935 276 59 Poulsen's
2672 1962 124 34 own
2824 1939 175 59 words

1601 2006 213 60 relative
1855 2024 53 42 to
1950 2009 108 58 Mr.
2101 2012 204 74 Craig's
2346 2027 179 43 recent
2564 2015 153 57 visit:
2863 2015 103 59 Gor-

1602 2083 108 58 don
1749 2084 161 74 Craig
1950 2084 92 58 has
2082 2085 179 76 taught
2299 2112 86 33 me
2425 2112 59 34 so
2524 2089 153 57 much
2705 2089 72 74 by
2803 2094 197 72 saying,

1602 2159 105 58 and
1748 2160 234 76 drawing
2022 2165 249 56 attention
2312 2179 70 51 to,
2423 2188 155 51 many
2618 2165 167 79 things
2826 2169 175 58 which

1603 2260 142 35 were
1797 2236 163 75 really
2020 2262 55 34 as
2135 2238 141 59 clear
2333 2266 56 33 as
2468 2240 312 76 daylight....
2843 2244 158 58 when

1602 2337 134 34 once
1776 2312 123 74 they
1938 2312 106 59 had
2087 2312 138 60 been
2252 2315 131 60 said.
2453 2318 310 75 Constantly
2792 2318 18 58 I
2839 2320 161 59 asked

1601 2387 219 75 myself:
1867 2395 12 19 '
1904 2387 151 75 Why
2111 2390 211 60 haven't
2361 2415 102 50 you
2520 2393 163 60 found
2738 2394 107 58 that
2910 2413 89 42 out

1603 2465 225 75 yourself
1848 2473 23 50 ?
1951 2465 124 60 You
2117 2466 158 61 know
2313 2467 108 59 that
2459 2471 39 57 it
2538 2473 40 54 is
2620 2471 132 76 right
2782 2471 33 59 '.

1719 2541 217 76 Having
1988 2541 317 60 understood
2345 2544 109 58 that
2510 2545 86 58 the
2638 2547 362 77 Copenhagen

1603 2617 171 75 Royal
1835 2617 296 75 Playhouse
2191 2622 42 56 is
2288 2621 141 59 what
2486 2647 118 50 may
2646 2625 68 57 be
2754 2624 174 59 called
2968 2652 31 31 a

1669 2695 291 58 traditional
2065 2695 214 68 theatre,
2324 2721 66 33 an
2436 2697 400 63 old-fashioned
2877 2725 119 45 one,

1604 2771 184 58 ....that
1828 2775 60 65 is,
1931 2772 301 71 up-to-date
2271 2776 53 55 in
2376 2775 265 59 machines
2694 2779 94 57 but
2839 2777 133 59 tradi-

1601 2846 160 60 tional
1800 2848 53 58 in
1893 2851 320 69 expression,
2257 2848 18 58 I
2316 2848 163 60 asked
2521 2851 108 60 Mr.
2661 2854 161 76 Craig
2849 2852 110 60 whe-

1601 2923 113 58 ther
1740 2923 109 59 Mr.
1881 2925 247 68 Poulsen,
2157 2925 217 59 imbued
2402 2927 127 59 with
2556 2928 87 59 the
2672 2954 121 34 new
2826 2928 168 70 ideas,

1601 2998 92 59 the
1733 2998 138 59 fresh
1910 3000 197 74 vitality
2145 3002 54 56 in
2239 3001 87 58 the
2365 3002 198 61 theatre
2604 3003 89 60 life
2730 3006 54 57 of
2816 3021 180 42 recent

1602 3100 167 49 years,
1811 3077 195 60 wishes
2046 3077 228 75 actually
2312 3092 53 45 to
2406 3078 127 60 alter
2571 3081 123 60 that.
2929 3082 67 59 he

1601 3152 191 74 aiming
1849 3168 54 42 to
1943 3155 70 57 do
2054 3153 98 59 this
2204 3156 400 75 systematically
2624 3165 24 52 ?
2751 3158 17 57 I
2810 3157 185 69 asked,

1665 3252 59 33 or
1763 3228 108 59 will
1910 3254 129 48 your
2065 3232 117 56 visit
2209 3229 134 60 have
2373 3231 139 59 been
2539 3232 123 76 only
2689 3259 101 34 one
2820 3250 175 53 event,

1601 3303 104 60 and
1745 3304 88 59 the
1872 3299 90 65 old
2021 3306 267 59 traditions
2327 3308 105 59 and
2479 3309 243 60 methods
2763 3311 123 59 then
2925 3312 71 58 be

1598 3381 241 58 resumed
1861 3388 24 51 ?

1781 3458 91 58 No
1974 3459 277 59 answered
2308 3459 109 60 Mr.
2468 3463 178 76 Craig,
2756 3463 41 59 It
2836 3466 61 64 is,
2939 3489 56 33 as

1598 3556 103 52 you
1741 3558 107 51 say,
1893 3534 109 61 Mr.
2045 3534 230 60 Poulsen
2332 3537 123 58 who
2495 3541 41 55 is
2577 3542 191 74 aiming
2808 3556 51 42 at
2898 3539 98 60 this

1599 3612 201 73 change
1842 3612 103 58 and
1988 3612 255 59 advance.
2308 3614 206 59 Fifteen
2540 3629 54 44 to
2623 3632 195 60 twenty
2846 3641 150 51 years

1598 3711 100 52 ago
1738 3692 39 54 it
1815 3688 180 60 would
2042 3688 136 60 have
2219 3689 140 60 been
2403 3690 306 74 impossible
2756 3708 52 42 to
2862 3693 134 58 have

1598 3763 157 61 made
1794 3765 88 59 the
1922 3790 396 35 commonsense
2359 3767 230 76 changes
2615 3768 177 60 which
2832 3770 18 58 1
2886 3795 110 34 was

1597 3840 141 68 then,
1782 3842 19 57 1
1843 3842 225 67 believe,
2110 3867 103 34 one
2253 3843 54 57 of
2345 3843 87 60 the
2472 3844 104 59 first
2628 3859 52 44 to
2740 3845 256 59 advocate

1597 3942 56 33 as
1693 3917 125 59 well
1858 3943 56 33 as
1955 3920 256 71 practise:
2253 3943 122 34 now
2436 3920 67 59 all
2564 3920 146 60 these
2766 3922 230 76 changes

1597 3994 133 58 have
1758 3994 140 60 been
1926 3994 252 75 adopted.
2243 3994 172 76 Many
2455 3997 55 58 of
2548 4022 86 49 my
2674 4003 322 72 suggestions

1595 4071 135 59 have
1771 4070 139 60 been
1950 4075 53 55 in
2049 4071 194 78 nightly
2303 4097 93 34 use
2455 4077 52 55 in
2547 4074 99 58 this
2705 4077 291 58 traditional

1594 4146 297 77 stronghold
1933 4148 76 58 for
2049 4173 142 33 some
2230 4173 148 50 years

1781 4224 122 61 The
1943 4225 285 69 machines,
2271 4226 175 60 which
2503 4252 86 34 we
2628 4226 55 61 of
2722 4228 86 59 the
2850 4229 146 65 New
