3129 4475
2814 105 59 46 35

23 201 65 47 But
120 216 43 28 as
194 195 53 49 he
279 195 201 46 wouldn't
515 197 157 55 quarrel
705 197 98 46 with
853 196 83 46 him

23 265 37 44 he
108 272 71 46 put
226 277 54 24 on
327 260 91 41 airs.
484 257 118 51 Alas,
653 270 41 33 to
727 260 67 44 the
828 270 108 45 great

22 326 63 43 loss
118 322 45 44 of
195 321 68 43 the
296 318 146 44 British
475 330 123 44 stage.
663 321 71 43 He
767 321 170 44 became

23 402 96 30 snore
152 382 81 45 and
266 398 110 26 more
407 380 231 55 impossible
670 392 42 33 to
734 383 200 54 Burbage.

22 446 60 48 He
115 455 129 33 wrote
275 460 42 25 as
349 441 52 44 he
433 441 96 56 jolly
563 442 92 45 well
679 446 163 42 wanted
877 455 58 38 to,

21 506 144 48 instead
198 503 44 45 of
273 505 148 54 paying
459 505 195 42 attention
704 515 41 32 to
793 505 142 49 chairs,

21 569 125 48 doors,
178 567 111 46 exits,
339 564 82 44 and
468 563 69 45 the
586 566 117 42 other
749 566 188 43 harmless

21 644 197 40 necessary
249 636 83 34 cats
364 625 44 44 of
439 625 69 44 the
540 629 238 52 menagerie.

75 691 71 44 He
178 705 133 38 agrees
343 687 100 44 with
477 686 185 56 Burbage
695 699 43 32 to
760 699 86 46 stay
868 699 68 33 out

18 751 40 44 if
80 752 65 43 the
163 749 220 58 playhouse
401 767 10 25 :
435 747 52 45 he
509 749 131 44 didn't
658 768 101 26 even
781 749 157 44 trouble

23 825 35 32 to
89 830 69 38 say
257 811 72 42 but
362 809 15 44 I
410 809 99 45 shall
559 812 115 43 write
721 812 76 53 just
846 830 41 24 as
924 811 14 44 I

21 876 113 53 fancy
263 871 111 45 Poor
423 870 200 57 Burbage,
678 872 86 44 he's
805 874 40 42 in
877 872 61 44 for

18 940 26 42 it
75 951 108 28 now.

123 995 124 56 Julius
269 994 150 44 Caesar
479 996 144 43 arrives
641 1006 40 32 at
699 994 69 44 the
786 994 150 50 Globe,

18 1077 24 25 a
72 1055 193 46 beautiful
296 1074 120 37 poem
449 1056 40 44 in
521 1074 78 26 one
641 1074 131 26 scene.
839 1056 76 43 Bur-

23 1120 99 54 bage
155 1117 201 56 probably
388 1117 192 56 chopped
612 1119 29 42 it
673 1117 52 44 all
758 1135 55 38 up
846 1117 93 49 and,

17 1180 101 45 after
149 1179 98 55 days
279 1178 81 44 and
393 1178 129 56 nights
555 1178 45 44 of
630 1196 145 38 agony,
820 1178 121 44 made

19 1260 25 26 a
73 1239 243 46 serviceable
348 1239 111 45 chair
490 1251 69 33 out
592 1241 43 43 of
668 1242 42 43 it*
765 1239 150 45 Shakes-

17 1321 134 38 peare,
174 1300 213 57 probably,
411 1318 123 27 never
556 1321 83 25 saw
663 1320 23 25 a
708 1300 123 56 single
853 1318 66 39 per-

22 1366 216 42 formance.
303 1362 71 44 He
407 1381 85 25 was
526 1381 94 26 now
654 1373 40 33 at
726 1361 114 46 work
888 1380 53 26 on

17 1425 167 44 another
216 1442 120 37 poem
370 1434 42 33 to
445 1424 51 43 be
529 1424 128 43 called
681 1424 55 56 by
759 1424 185 54 Burbage

72 1484 165 46 Hamlet
359 1486 70 44 He
451 1486 118 43 sends
592 1504 95 26 over
759 1484 183 46 Twelfth

20 1547 124 56 Night
228 1546 54 56 by
315 1564 23 25 a
371 1564 219 38 messenger
613 1558 41 33 to
720 1545 82 45 Mr.
821 1546 120 45 Rich.

19 1608 199 54 Burbage,
252 1608 94 43 The
395 1608 136 43 Globe
712 1608 87 43 Am
832 1608 15 43 I
901 1619 42 32 to

19 1672 94 42 wait
146 1669 63 43 for
242 1687 51 26 an
326 1686 169 34 answer,
539 1670 65 44 Sir
619 1675 19 39 ?
738 1669 87 44 asks
875 1669 68 43 the

21 1747 233 40 messenger.
371 1731 70 44 No
526 1749 88 38 says
647 1730 294 56 Shakespeare,

70 1794 75 54 just
176 1791 71 45 ask
281 1791 62 45 for
364 1811 24 25 a
409 1794 151 54 receipt
659 1792 81 45 and
763 1792 52 44 he
836 1803 107 32 turns

20 1865 42 32 to
145 1853 168 44 Hamlet
398 1855 115 54 again
536 1880 61 8 —
628 1853 85 46 that
737 1853 205 56 profound

19 1933 119 37 poem
157 1933 12 32 ;
202 1915 96 43 then
320 1926 42 33 to
432 1916 103 43 Lear
604 1915 80 44 and
708 1926 41 33 to
822 1914 90 44 Mac-

21 1977 96 43 beth
201 1975 80 45 and
314 1975 146 46 others.
528 1976 71 44 He
632 1977 71 44 has
743 1975 200 56 forgotten

21 2037 72 44 the
125 2037 176 46 damned
335 2037 169 45 theatre.

84 2099 80 44 But
197 2099 110 45 what
329 2117 50 25 an
402 2099 127 45 awful
562 2100 99 55 pity.
728 2099 71 44 He
821 2097 122 57 keeps

17 2159 78 44 •his
143 2179 54 36 up
244 2160 101 45 until
399 2161 128 49 1611,
561 2161 82 44 and
677 2159 95 44 then
804 2160 80 49 off.
901 2171 43 32 to

23 2220 310 46 Warwickshire
359 2250 55 4 —
433 2240 122 26 never
577 2224 116 54 again
741 2234 43 32 to
831 2223 114 43 write

21 2281 109 58 plays
162 2300 45 26 or
239 2301 66 25 see
336 2302 24 25 a
393 2283 223 56 playhouse
638 2310 58 6 —
716 2284 41 43 in
792 2282 78 45 fact
904 2284 41 42 in

28 2344 110 43 1612
174 2344 135 54 public
343 2346 297 55 performances
673 2344 44 45 of
739 2344 115 57 plays
878 2363 67 24 are

21 2404 216 45 forbidden
268 2417 40 33 at
341 2406 203 44 Stratford
578 2407 55 55 by
665 2424 24 26 a
731 2405 215 45 resolution

20 2467 140 55 passed
191 2467 57 56 by
280 2467 69 44 the
397 2479 111 33 town
556 2466 157 46 council
738 2493 52 7 —-
814 2467 81 44 and
929 2467 14 43 I

19 2527 156 45 believe
221 2528 277 57 Shakespeare
546 2528 84 45 had
677 2547 24 26 a
750 2528 108 44 hand
905 2530 40 42 in

19 2589 101 45 that.
182 2589 68 44 To
282 2608 144 39 escape
459 2591 187 55 Burbage
667 2590 81 44 and
772 2590 68 44 fall
861 2591 85 42 into

23 2650 68 45 the
122 2650 129 45 hands
283 2652 44 43 of
357 2671 111 25 some
516 2651 102 45 local
667 2663 196 33 amateurs
887 2677 57 9 —

22 2712 156 44 heaven
210 2713 150 45 forbid.

83 2773 136 46 These
263 2775 129 55 things
439 2774 85 45 that
559 2774 14 45 I
607 2774 105 45 have
759 2774 88 44 said
879 2792 67 26 are

23 2854 43 26 as
99 2834 119 59 likely
251 2855 42 25 as
326 2847 69 33 not
428 2847 41 33 to
502 2835 105 45 have
630 2836 104 44 been
757 2854 43 26 as
823 2836 14 44 1
861 2854 83 38 say,

23 2897 80 44 and
137 2897 81 45 Mr.
254 2898 108 44 Brad
367 2897 87 57 by's
486 2897 109 45 book
626 2898 148 44 caused
807 2916 64 26 me
903 2908 44 33 to

26 2977 65 25 see
124 2958 95 46 how
252 2958 119 57 likely
405 2960 94 55 they
533 2977 121 28 were.

85 3019 113 57 Only
231 3040 54 25 on
316 3039 79 27 one
428 3024 113 54 point
566 3022 55 44 do
654 3021 15 44 I
703 3021 117 45 differ
843 3021 103 43 from

28 3080 82 45 Mr.
143 3082 167 57 Bradby
329 3101 10 31 ;
361 3109 57 7 —
442 3083 15 45 I
490 3082 135 45 allude
646 3094 43 33 to
712 3082 68 45 the
802 3100 144 27 reason

26 3142 232 58 underlying
290 3144 316 57 Shakespeare's
622 3144 168 56 bequest
824 3155 42 33 to
887 3144 60 44 his

26 3204 92 45 wife
150 3208 126 42 Anne
307 3206 43 44 of
428 3207 58 43 his
510 3205 150 45 second
682 3206 89 43 best
803 3205 82 44 bed

87 3266 84 46 Mr.
223 3268 166 56 Bradby
439 3269 200 44 discovers
686 3269 41 42 in
774 3267 76 44 this
882 3278 65 32 act

28 3344 108 28 some
167 3329 270 51 unkindness;
473 3332 29 42 it
585 3341 146 33 cannot
771 3328 176 57 possibly

28 3388 51 44 be
110 3391 196 54 regarded
339 3410 42 25 as
413 3410 24 25 a
471 3390 110 45 mark
614 3390 42 45 of
678 3409 125 27 warm
824 3390 104 44 affec-

27 3452 107 43 ction
266 3452 84 51 No,
385 3453 85 44 that
502 3454 32 42 is
566 3464 85 32 true
670 3471 9 26 :
728 3469 45 28 or
815 3452 133 44 rather

28 3513 134 45 would
220 3514 52 44 be
326 3525 84 33 true
459 3514 31 44 if
537 3513 280 57 Shakespeare
865 3513 82 45 had

164 3594 50 25 an
246 3577 197 43 eccentric
476 3576 220 43 Londoner
728 3575 43 44 of
818 3576 130 43 1926.

30 3635 76 44 But
130 3636 50 46 he
199 3656 81 27 was
303 3637 97 45 such
423 3656 51 26 an
494 3638 188 55 ordinary
706 3656 92 25 man
820 3636 43 44 of
881 3638 67 42 the

28 3697 142 51 world,
218 3699 77 44 this
341 3711 113 44 poet.
521 3699 71 44 He
637 3699 83 44 had
767 3699 98 44 such
898 3716 52 25 an

28 3759 184 58 ordinary
244 3779 141 25 reason
433 3760 61 45 for
544 3761 156 55 leaving
746 3760 59 45 his
853 3760 96 44 wife

29 3818 66 46 the
127 3821 82 45 bad
243 3823 96 43 bed.
405 3823 32 44 It
459 3840 83 26 was
564 3823 170 43 because
757 3822 70 44 she
840 3821 108 44 liked

27 3882 42 42 it.
133 3884 79 43 For
244 3902 114 38 years
390 3884 69 44 she
492 3884 82 45 had
607 3884 102 56 slept
742 3884 93 45 well
856 3885 41 43 in
919 3884 30 42 it

33 3969 52 5 —
108 3944 52 45 he
193 3945 81 46 had
308 3964 110 26 some
450 3947 58 43 six
539 3964 45 26 or
615 3964 122 26 seven
778 3944 99 46 beds
909 3945 41 43 in

30 4003 65 46 the
127 4006 124 45 house
277 4034 55 6 —
365 4007 52 44 he
449 4007 83 44 had
565 4007 110 45 what
723 4008 51 43 he
817 4008 110 43 consi-

30 4064 122 48 dered
187 4069 68 44 the
287 4068 86 45 best
407 4069 96 51 bed,
536 4069 82 44 and
651 4068 110 44 what
785 4070 50 43 he
852 4086 72 26 con-

27 4128 156 47 sidered
217 4130 67 44 the
315 4131 152 44 second
505 4131 85 44 best
623 4130 70 44 she
726 4130 81 44 had
832 4129 119 45 taken

30 4206 22 26 a
84 4190 118 58 fancy
235 4203 56 34 to.
355 4192 136 45 There
522 4210 69 27 are
621 4192 151 45 several
793 4209 158 27 reasons

28 4259 41 35 to
85 4264 170 35 account
279 4253 59 45 for
358 4252 105 47 Mrs.
486 4252 311 58 Shakespeare's
815 4252 133 58 fancy.

985 194 94 48 The
1113 195 79 47 first
1223 199 32 42 is
1288 198 85 44 that
1406 196 68 46 the
1507 196 81 46 bed
1621 215 84 29 was
1727 199 71 44 her
1831 201 78 43 size

986 286 57 5 —
1064 260 67 43 the
1162 260 151 43 second
1345 260 70 43 she
1448 260 126 43 found
1606 262 28 41 it
1669 278 108 26 more
1799 279 81 28 com-

986 319 173 45 fortable
1183 347 58 5 —
1258 321 69 43 the
1360 321 105 43 third
1498 322 30 42 is
1566 321 71 44 she
1685 321 109 45 liked
1843 322 67 43 the

984 394 157 42 pattern
1174 382 148 43 carved
1355 400 55 25 on
1443 382 67 44 the
1531 384 80 43 end
1634 381 43 44 of
1709 384 28 41 it
1762 409 51 7 —
1843 383 67 44 the

987 442 134 45 fourth
1153 444 30 42 is
1216 445 29 41 it
1279 444 111 43 filtrd
1425 444 70 42 her
1518 461 112 26 room
1655 470 59 5 —
1738 444 66 44 the
1823 444 86 44 fifth

986 505 30 42 is
1049 504 70 44 she
1152 504 121 44 could
1308 505 68 43 sell
1409 505 68 43 the
1510 504 87 44 best
1630 504 80 44 bed
1743 506 80 42 and
1847 517 62 43 get

985 584 24 25 a
1041 583 92 28 new
1167 565 106 44 table
1305 566 82 43 and
1420 568 56 41 six
1498 565 126 44 chairs
1647 566 81 43 and
1750 566 133 43 Shake-

985 645 142 37 speare
1159 627 139 55 hoped
1331 627 70 43 she
1434 627 139 44 would
1620 627 55 43 do
1723 627 85 44 that
1850 653 60 8 —

985 689 68 42 the
1084 689 102 43 sixth
1219 689 30 42 is
1282 688 83 44 that
1398 688 147 55 people
1594 688 132 45 didn't
1768 688 142 45 collect

989 749 69 44 the
1092 749 102 43 beds
1225 748 43 44 of
1301 750 154 42 famous
1488 768 91 24 men
1612 751 41 41 in
1676 749 113 44 those
1810 750 101 55 days

986 837 60 6 —
1068 809 81 44 and
1183 810 67 44 the
1281 810 167 44 seventh
1479 813 32 40 is
1532 810 70 44 she
1625 811 163 44 wanted
1810 811 101 45 Will

986 883 43 33 to
1061 870 105 46 have
1199 871 67 44 the
1299 889 95 38 very
1427 872 111 44 best:
1575 872 81 43 and
1690 872 68 43 the
1779 873 73 43 last
1881 874 30 42 is

987 933 85 44 that
1104 934 28 42 it
1168 931 142 46 wasn't
1343 932 120 55 really
1498 933 68 43 the
1599 933 87 43 best
1717 945 40 31 at
1790 933 64 44 all.

1050 994 239 54 Goodnight
1324 1005 40 32 to
1398 993 123 46 them.

998 1155 127 44 THE
1154 1154 266 44 SCIENCE
1442 1154 85 44 OF
1542 1155 77 43 PL
1625 1155 94 43 AY
1725 1155 147 45 WRIT-

991 1216 116 45 ING
1136 1217 54 52 by
1233 1217 71 44 M.
1339 1216 50 45 L.
1424 1217 288 53 Malevinsky.
1777 1217 105 44 Bren-

991 1286 111 36 tano.
1166 1277 108 45 New
1316 1278 111 52 York
1432 1313 9 9 .
1476 1276 177 53 $5.00.

990 1422 103 100 A
1126 1422 222 45 handsome
1382 1420 160 46 volume
1547 1440 83 25 —a
1671 1421 132 57 heavy
1834 1441 79 26 one

1127 1484 81 43 and
1250 1484 92 43 well
1385 1483 172 57 printed,
1591 1511 60 4 —
1688 1484 225 56 explaining

992 1544 154 57 exactly
1178 1544 110 45 what
1320 1564 24 25 a
1382 1545 93 56 play
1512 1547 45 47 is,
1590 1544 32 44 if
1673 1562 80 39 you
1799 1545 113 44 leave

994 1606 207 45 Moli&e's
1234 1606 111 56 plays
1377 1618 69 32 out
1479 1606 43 43 of
1550 1606 68 44 the
1649 1607 200 54 question.

1053 1668 104 45 And
1192 1686 42 25 as
1266 1668 60 44 his
1373 1667 115 60 plays
1535 1686 67 25 are
1634 1668 154 44 seldom
1820 1686 93 25 seen

991 1747 45 26 or
1067 1729 97 44 read
1197 1730 28 42 it
1231 1773 13 18 #
1258 1730 31 42 is
1327 1748 42 25 as
1416 1728 91 46 well
1555 1739 42 33 to
1643 1728 114 44 leave
1803 1730 110 42 them

991 1791 135 44 where
1145 1790 94 56 they
1258 1808 80 31 are,
1361 1790 94 50 and,
1480 1791 55 54 by
1565 1789 189 57 speaking
1776 1791 42 43 of
1840 1791 75 43 less

990 1852 151 56 perfect
1176 1852 141 55 things,
1350 1852 44 44 of
1427 1853 169 42 modern
1628 1851 124 56 plays,
1777 1863 42 32 to
1841 1871 48 25 en-

991 1913 352 56 lighten—slowly
1390 1913 288 55 enlighten—a
1726 1914 92 51 few,
1869 1933 44 25 so

991 1975 84 44 that
1109 1975 96 54 they
1237 1977 40 42 in
1310 1976 93 42 time
1439 1993 116 26 come
1604 1985 40 32 to
1691 1975 114 44 blaze
1837 1974 77 45 like

990 2053 80 39 any
1101 2036 220 56 halfpenny
1342 2038 85 54 dip.
1449 2036 212 45 Whoever
1684 2038 30 41 is
1735 2055 115 36 eager
1872 2047 42 32 to

993 2097 88 45 dish
1113 2116 55 37 up
1201 2116 22 25 a
1257 2098 93 55 play
1397 2097 145 44 should
1585 2109 63 43 get
1683 2097 74 44 this
1790 2097 123 52 book,

994 2159 60 44 for
1086 2161 29 41 it
1147 2161 30 41 is
1210 2158 68 45 the
1311 2177 95 38 very
1439 2158 103 46 Mrs.
1575 2159 157 44 Beaton
1764 2160 44 43 of
1845 2159 69 43 the

994 2219 167 45 Drama.

1053 2281 118 44 Take
1202 2299 117 32 care;
1330 2307 41 7 —
1385 2280 138 46 follow
1557 2281 68 44 the
1654 2280 175 45 author's
1852 2283 42 43 di-

994 2346 169 41 rections
1202 2342 277 57 exactly—do
1528 2354 68 33 not
1643 2342 121 45 allow
1795 2361 95 38 your-

992 2404 75 44 self
1097 2422 78 38 any
1207 2404 174 45 liberties
1399 2424 10 31 ;
1442 2405 81 43 and
1556 2423 81 37 you
1670 2422 92 39 may
1794 2405 120 56 easily

992 2478 200 32 construct
1244 2485 24 24 a
1321 2466 95 56 play
1463 2466 134 45 which
1651 2466 80 45 will
1773 2477 142 33 attract

994 2528 85 43 that
1112 2528 103 54 huge
1247 2528 137 56 public
1416 2527 133 45 which
1583 2529 108 42 loves
1712 2529 47 41 its
1789 2546 105 25 cross-

994 2589 116 45 word
1143 2590 160 55 puzzles
1336 2622 58 13 ....
1411 2591 81 44 and
1527 2588 93 45 who
1653 2589 126 56 today
1816 2589 99 45 does

993 2662 71 33 not
1097 2652 125 43 adore
1255 2650 109 45 these
1382 2656 20 39 ?

1084 2712 95 44 The
1209 2712 240 56 ingredients
1479 2730 67 26 are
1582 2713 105 49 nine,
1724 2730 88 38 says
1843 2729 72 27 our

993 2773 157 46 author.

1054 2835 131 45 What
1219 2835 110 44 these
1361 2836 92 43 nine
1485 2853 67 26 are
1583 2853 82 39 you
1698 2845 101 33 must
1832 2834 83 45 find

994 2908 70 32 out
1096 2897 56 54 by
1184 2900 147 53 getting
1362 2898 69 42 the
1455 2896 460 56 book—remembering

994 2958 85 44 that
1111 2977 102 26 even
1235 2959 101 44 after
1357 2976 82 38 you
1460 2958 107 45 have
1590 2959 138 44 Robin
1752 2958 163 45 Hood's

994 3020 98 44 bow
1122 3021 40 43 in
1194 3038 101 37 your
1326 3019 143 50 hands,
1519 3020 223 55 something
1773 3021 43 43 of
1849 3020 66 44 the

994 3093 59 33 art
1084 3081 77 46 still
1192 3082 67 44 lies
1291 3083 41 43 in
1365 3082 119 54 being
1517 3082 98 44 able
1648 3094 41 32 to
1728 3082 113 45 draw
1873 3084 42 43 it.

1002 3242 128 45 THE
1147 3243 326 45 ROMANCE
1495 3244 85 43 OF
1613 3243 124 45 THE
1759 3243 119 44 AME-

996 3305 205 45 RICAN
1236 3305 305 45 THEATRE
1580 3305 53 53 by
1666 3305 134 53 Mary
1836 3305 81 44 G>

996 3369 127 42 roline
1148 3367 234 52 Crawford.
1446 3366 125 45 Little
1594 3368 152 43 Brown
1770 3367 45 44 &
1841 3368 75 44 Co.

996 3429 172 45 Boston.
1212 3428 150 46 1925.
1398 3428 68 51 $4
1500 3437 80 36 net.

996 3574 252 101 ABOUT
1281 3594 23 24 a
1337 3575 132 44 dozen
1516 3593 113 38 years
1676 3593 91 37 ago,
1799 3575 121 45 when

1133 3637 68 44 the
1234 3636 79 45 first
1362 3639 153 42 edition
1548 3637 43 43 of
1641 3636 101 43 Miss
1774 3637 115 45 Craw-

995 3697 126 46 ford's
1153 3698 113 44 work
1298 3698 218 56 appeared,
1541 3698 111 44 there
1685 3698 151 44 existed
1867 3717 54 26 no

996 3759 200 57 complete
1254 3761 169 55 History
1476 3760 44 44 of
1572 3759 69 45 the
1699 3761 221 43 American

996 3822 192 44 Theatre.
1237 3821 121 46 Then
1390 3822 81 44 Mr.
1499 3822 153 43 Arthur
1690 3820 230 46 Hornblow

997 3902 114 26 came
1143 3883 117 56 along
1292 3884 82 44 and
1406 3885 39 43 in
1483 3884 114 44 1919
1630 3883 208 56 produced
1862 3883 60 43 his

998 3957 83 33 two
1113 3944 95 45 well
1229 3945 150 44 known
1402 3945 193 45 volumes.
1659 3943 89 47 Mr.
1780 3945 113 44 Horn-

998 4006 109 45 blow
1154 4009 32 42 is
1234 4006 195 45 indebted
1478 4018 40 33 to
1558 4006 101 44 Miss
1692 4006 228 49 Crawford,

998 4069 81 45 and
1113 4069 77 43 this
1220 4068 97 57 lady
1348 4070 40 42 in
1436 4069 70 44 her
1554 4086 92 26 new
1695 4068 152 44 edition
1880 4068 43 43 of

997 4130 71 44 her
1100 4130 69 45 old
1213 4130 110 44 book
1370 4131 108 54 gives
1525 4130 143 44 herself
1715 4130 68 44 the
1815 4130 87 56 plea-

998 4210 87 26 sure
1133 4192 44 44 of
1226 4191 191 57 thanking
1467 4192 84 51 Mr,
1598 4192 231 45 Hornblow
1863 4190 60 46 for

1000 4252 59 46 his
1092 4253 128 45 work.

2020 198 106 46 Hers
2157 199 31 45 is
2220 217 23 26 a
2276 198 205 56 charming
2528 198 187 51 volume;
2749 199 104 45 admi-

1956 261 113 56 rably
2102 272 70 44 put
2206 261 178 54 together
2416 259 81 45 and
2520 260 91 45 well
2633 260 238 51 illustrated;

1957 322 70 44 full
2058 322 44 43 of
2135 322 66 44 the
2247 323 99 43 facts
2394 340 64 26 we
2505 332 110 34 want
2652 333 41 31 to
2726 322 120 45 know
2867 340 11 32 ;

1957 383 93 44 well
2096 383 142 44 stated.
2319 383 134 44 These
2502 382 99 45 facts
2652 383 71 44 she
2776 402 103 26 even

1959 444 134 44 makes
2142 463 26 35 p
2171 444 8 21 ]
2184 455 135 33 easant
2366 444 222 56 reading....
2638 462 50 26 an
2736 444 143 45 almost

1957 505 228 56 impossible
2219 505 97 44 task.

2020 567 84 44 She
2137 568 31 41 is
2199 566 185 56 properly
2420 566 51 43 all
2519 567 236 49 American,
2794 566 81 45 and

1957 627 100 44 hails
2088 646 42 24 as
2162 630 220 42 American
2431 627 128 55 things
2608 627 134 46 which
2773 628 109 45 have

1959 699 69 32 not
2074 688 105 44 been
2228 689 160 44 created
2426 689 55 55 by
2524 690 204 43 America.
2794 689 89 46 She

1957 752 31 41 is
2021 750 151 50 forced,
2207 752 30 42 it
2284 768 137 31 seems,
2453 752 237 47 sometimes,
2731 761 41 33 to
2810 768 71 38 say

1959 822 70 33 too
2044 811 98 44 little
2165 811 123 44 about
2312 830 110 25 some
2444 812 43 43 of
2511 811 66 44 the
2600 811 128 56 things
2744 811 138 45 which

1959 872 122 55 really
2112 891 69 25 are
2213 874 110 54 quite
2356 874 235 43 American.

2021 933 102 44 Miss
2155 934 216 45 Crawford
2403 934 135 44 claims
2570 934 84 44 that
2687 935 197 43 America

1958 996 31 42 is
2022 1013 94 27 now
2164 995 68 44 the
2279 996 83 43 heir
2399 995 44 44 of
2485 995 398 56 everything;—her

1959 1055 71 45 last
2079 1056 133 44 words
2259 1075 67 26 are
2347 1072 9 30 :
2544 1056 68 44 the
2660 1058 223 42 American

1958 1117 179 44 Theatre
2184 1130 174 43 presents
2406 1118 138 55 today,
2577 1137 41 25 as
2657 1136 121 26 never
2810 1117 50 45 be-

1959 1178 99 50 fore,
2091 1197 51 25 an
2176 1197 106 37 open
2314 1180 103 43 door
2464 1180 43 43 of
2544 1182 262 54 opportunity
2837 1191 45 31 to

1959 1240 195 44 members
2201 1241 43 43 of
2291 1258 120 39 every
2450 1258 104 32 race,
2602 1258 122 39 every
2766 1241 117 49 craft,

1959 1319 122 39 every
2114 1302 118 43 creed
2279 1302 81 43 and
2408 1320 120 38 every
2561 1302 141 55 calling
2734 1314 41 31 to
2808 1303 50 43 de-

1959 1364 80 54 pict
2062 1363 81 43 and
2166 1363 181 43 advance
2378 1382 121 36 every
2521 1382 118 25 cause
2702 1382 10 31 ;
2747 1363 137 45 which

1959 1425 31 42 is
2030 1424 111 56 bully
2189 1424 61 44 for
2298 1425 101 43 Miss
2449 1425 231 50 Crawford,
2731 1424 70 44 but
2834 1426 48 48 is,

1961 1485 14 44 I
2010 1484 80 46 will
2123 1498 67 30 not
2223 1504 70 37 say
2322 1486 293 56 unfortunately
2638 1504 43 25 or
2704 1486 158 44 fortuna-

1960 1547 91 54 tely,
2074 1549 82 47 but,
2182 1547 54 56 by
2255 1548 66 43 the
2339 1559 138 32 nature
2495 1547 43 44 of
2554 1565 148 32 causes,
2722 1547 160 49 creeds,

1961 1608 161 56 callings
2144 1609 83 43 and
2259 1627 121 32 races,
2414 1621 68 31 not
2505 1608 155 57 exactly
2682 1609 67 44 the
2771 1625 107 27 case.

2023 1669 79 44 But
2135 1670 61 43 for
2219 1669 112 45 those
2373 1682 43 32 to
2464 1670 137 45 whom
2632 1688 187 26 romance
2850 1672 34 41 is

1959 1730 204 56 anything,
2190 1731 74 44 this
2292 1731 203 55 charming
2529 1731 107 44 book
2657 1733 31 42 is
2714 1733 77 54 just
2813 1731 68 44 the

1961 1810 96 38 very
2091 1792 110 44 book
2232 1792 30 44 if
2293 1792 63 45 it's
2387 1793 177 44 Theatre
2595 1811 81 37 you
2708 1803 110 33 want
2839 1803 45 33 to

1961 1853 52 44 be
2034 1855 193 43 romantic
2249 1853 140 47 about.
2439 1854 14 44 I
2477 1865 68 38 do,
2570 1873 44 26 so
2636 1854 61 45 it's
2720 1854 60 45 for
2803 1872 80 26 me.

1962 1982 296 44 ANTOINE
2316 1983 141 45 AND
2516 1983 129 45 THE
2694 1983 152 44 THEA-

1968 2044 124 43 TRE
2106 2045 191 43 LIBRE
2336 2045 54 53 by
2426 2045 171 44 Samuel
2633 2044 251 54 Montefiore

1971 2106 222 44 Waxman.
2231 2106 246 56 Cambridge
2496 2125 16 32 ;
2545 2106 199 45 Harvard
2779 2105 79 44 Uni-

1964 2173 147 46 versity
2139 2167 137 44 Press.
2343 2169 121 42 Price
2497 2169 33 43 3
2564 2167 51 52 $.

1961 2282 308 99 ANTOINE
2299 2284 31 42 is
2363 2281 68 45 the
2462 2294 108 43 great
2601 2300 92 27 man
2735 2283 41 43 in
2815 2282 71 44 the

2100 2344 157 43 French
2296 2344 179 44 Theatre
2523 2345 43 43 of
2613 2344 139 56 today,
2800 2345 84 44 and

1963 2405 184 44 Antoine
2201 2407 31 41 is
2283 2407 155 54 writing
2490 2406 154 44 articles
2698 2406 61 44 for
2812 2405 71 45 the

1963 2485 267 38 newspapers.

2022 2528 95 44 The
2165 2527 200 45 Com£die
2413 2527 214 55 Frangaise
2659 2529 31 43 is
2721 2527 76 45 still
2843 2529 42 44 in

1963 2589 67 44 the
2061 2607 109 27 same
2201 2591 173 54 position
2406 2590 136 43 where
2575 2590 123 44 Louis
2731 2590 67 43 the
2819 2607 45 26 ar-

1962 2651 147 44 chitect
2142 2650 146 57 placed
2320 2652 28 43 it
2371 2652 40 43 in
2431 2651 69 44 the
2521 2670 95 37 year
2646 2651 127 49 1790,
2798 2651 89 50 but*

1961 2712 99 45 until
2091 2713 185 43 Antoine
2307 2714 31 42 is
2368 2714 41 42 in
2441 2712 69 44 the
2542 2713 198 44 Comedie
2757 2712 105 45 Fran-

1963 2777 105 51 gaise
2099 2792 42 25 as
2173 2776 47 42 its
2253 2775 197 49 Director,
2483 2774 68 44 the
2603 2774 153 44 theatre
2803 2774 83 45 wiU

1963 2836 151 44 remain
2147 2847 151 45 empty.
2364 2835 80 44 For
2477 2836 59 44 his
2584 2854 94 27 own
2725 2834 108 51 sake,
2868 2836 18 44 I

1963 2897 139 44 would
2150 2909 70 32 not
2267 2897 101 45 wish
2418 2897 80 44 him
2547 2897 138 45 there:
2722 2897 62 44 for
2817 2897 71 44 the

1964 2957 185 46 theatre's
2181 2958 94 45 sake
2309 2959 14 44 I
2358 2977 64 25 am
2472 2977 86 26 sure
2608 2958 84 45 that
2727 2958 15 44 I
2776 2969 112 34 want

1964 3020 83 44 him
2080 3031 42 33 to
2156 3020 52 44 be
2241 3020 108 44 there
2368 3038 10 33 ;
2413 3021 71 43 but
2518 3021 60 43 for
2610 3020 69 44 the
2718 3019 94 45 sake
2843 3019 47 45 of

1964 3082 167 49 France,
2180 3082 96 45 how
2324 3100 75 25 can
2448 3082 51 43 he
2547 3092 69 34 not
2663 3083 52 43 be
2747 3082 140 44 there!

1963 3143 110 45 That
2105 3146 32 41 is
2168 3143 110 45 what
2312 3144 14 44 I
2359 3155 108 33 want
2500 3154 42 34 to
2575 3143 136 45 know.

2026 3205 189 56 Suppose
2248 3204 51 45 he
2321 3222 110 28 were
2453 3217 42 31 to
2512 3205 181 56 produce
2713 3205 175 44 Mo!i&re

1966 3268 40 43 in
2030 3285 24 25 a
2078 3266 185 45 different
2285 3285 93 37 way
2396 3267 101 44 from
2514 3266 85 45 that
2622 3285 64 26 we
2703 3284 67 27 are
2787 3266 99 45 used

1966 3339 42 32 to
2029 3355 53 5 —
2107 3328 121 44 could
2261 3329 29 42 it
2323 3328 67 44 fail
2430 3339 41 32 to
2520 3329 51 43 be
2621 3330 228 53 interesting
2868 3333 20 39 ?

1964 3389 159 46 Would
2145 3391 28 42 it
2196 3388 135 47 wreck
2543 3395 18 39 ?
2596 3390 130 45 What
2748 3389 138 46 would

1964 3452 30 42 it
2027 3451 113 46 do....
2197 3452 15 43 I
2246 3469 131 32 mean,
2427 3451 110 45 what
2585 3451 110 45 harm
2714 3457 19 38 ?
2787 3452 102 44 Was

1966 3531 94 26 ever
2091 3532 45 24 so
2169 3513 119 43 much
2321 3513 83 43 fear
2436 3532 42 24 as
2510 3513 72 45 has
2613 3514 105 43 been
2747 3512 143 46 shown

1966 3576 40 42 in
2039 3576 76 43 this
2146 3585 165 45 century
2342 3576 41 42 in
2404 3575 114 44 Paris
2539 3575 81 44 and
2641 3577 41 42 in
2714 3574 176 44 London

1968 3636 139 44 before
2144 3636 68 44 the
2261 3654 91 26 man
2384 3636 44 44 of
2459 3636 151 57 ability.
2674 3636 94 44 The
2800 3654 59 26 mo-

1968 3710 107 32 ment
2131 3717 24 25 a
2204 3716 92 27 man
2343 3698 44 44 of
2437 3697 140 56 ability
2615 3699 31 43 is
2686 3697 203 57 proposed

1970 3759 60 45 for
2063 3779 23 24 a
2117 3761 149 43 certain
2297 3761 185 55 position,
2521 3758 233 58 everyone's
2800 3758 90 46 face

1969 3824 176 52 registers
2167 3831 139 35 terror.

2030 3884 110 48 You,
2173 3885 99 43 dear
2295 3882 151 51 reader,
2469 3901 92 38 may
2582 3881 174 58 possibly
2785 3882 106 45 have

1970 3944 160 45 noticed
2164 3948 28 40 it
2224 3944 189 57 yourself.
2450 3944 12 43 I
2506 3963 122 25 never
2679 3943 120 45 failed
2846 3955 45 32 to

1971 4007 51 43 be
2053 4006 133 45 struck
2218 4025 54 25 on
2304 4008 168 53 arriving
2494 4018 39 32 at
2556 4007 113 44 Paris
2692 4005 99 46 with
2815 4004 76 45 this

1970 4070 156 42 curious
2173 4068 106 43 fixed
2328 4070 227 54 expression
2597 4067 44 44 of
2672 4079 124 32 terror
2838 4085 53 26 on

1971 4129 68 45 the
2086 4129 244 45 inhabitants
2378 4130 44 44 of
2453 4130 69 44 the
2573 4146 76 39 gay
2681 4131 94 54 city,
2809 4128 82 44 and

1971 4191 98 44 until
2101 4209 96 26 now
2231 4191 13 44 I
2279 4209 120 27 never
2432 4190 122 45 could
2576 4193 110 54 quite
2708 4191 183 44 discover

1970 4252 96 56 why
2098 4254 32 44 is
2162 4271 83 28 was
2277 4254 95 54 they
2403 4251 149 47 looked
2599 4271 46 27 so
2692 4251 170 47 terrified
2881 4270 10 33 ;
