3129 4475
2896 86 51 45 17

120 160 208 64 Isadora
388 160 228 60 Duncan
676 184 109 35 was
844 160 228 79 dancing
1131 184 58 35 or
1247 160 262 60 Eleonora

122 241 150 59 Diise
311 238 191 75 acting.

233 314 119 57 Can
391 337 87 34 we
518 310 209 76 explain
766 314 38 57 it
849 314 53 57 in
929 313 163 59 either
1118 337 121 34 case
1254 319 24 52 ?
1306 313 90 57 Do
1423 337 86 34 we

121 407 114 55 stop
278 395 92 51 to?
409 387 169 59 rather
618 386 72 59 do
731 412 85 34 we
856 391 155 71 enjoy
1038 387 105 59 and
1170 412 185 34 reason
1385 387 125 59 later

121 468 37 59 if
197 489 85 34 we
323 488 114 34 can.
480 464 21 57 I
540 462 136 60 have
715 488 160 40 never
912 465 193 58 known
1145 488 203 51 anyone
1387 464 123 58 who

120 540 155 62 could
297 539 209 73 explain
527 540 140 57 what
694 564 109 33 was
825 540 87 58 the
934 555 76 43 art
1030 540 52 58 of
1103 540 86 57 the
1211 540 296 75 performer.

233 617 100 59 But
353 616 129 59 with
502 616 88 59 the
612 630 77 45 art
708 617 54 58 of
783 617 190 74 Byron,
997 617 182 59 Heine
1207 641 58 35 or
1287 617 223 74 Symons

120 719 83 34 we
381 716 40 33 can
422 715 169 45 reason;
633 691 145 58 there
818 716 89 35 are
945 694 149 57 those
1133 692 123 59 who
1296 716 99 35 can
1421 692 91 59 tell

121 795 56 34 us
216 767 141 61 what
395 771 43 56 is
478 767 87 59 the
604 782 74 45 art
717 767 53 59 of
794 771 221 75 writing.
1047 768 153 59 Even
1227 768 88 59 the
1340 771 172 74 magic

121 860 109 62 part
270 843 53 59 of
362 845 37 57 it
438 843 124 74 they
601 868 98 35 can
738 845 230 59 unravel.

237 921 111 58 Not
389 945 58 34 so
487 920 128 59 with
654 923 174 73 acting
868 946 58 35 or
963 921 129 60 with
1138 921 247 76 dancing.

231 995 157 69 And,
428 996 229 77 learning
698 998 86 58 the
805 998 129 59 craft
971 998 54 58 of
1063 1000 221 72 writing,
1315 1021 134 35 even
1476 996 38 60 if

121 1099 81 34 we
243 1087 190 43 cannot
470 1096 153 36 come
662 1087 52 43 to
755 1076 148 56 write
930 1072 104 60 like
1063 1073 190 74 Byron,
1282 1096 86 36 we
1395 1097 118 50 may

121 1148 225 78 anyhow
385 1174 150 33 come
576 1165 50 42 to
668 1152 151 57 write
859 1149 140 60 well.
1042 1149 164 60 Some
1245 1174 136 35 even
1409 1148 104 60 like

121 1226 263 59 Flaubert,
424 1224 172 59 others
635 1224 104 60 like
781 1226 275 67 Stendhal,
1105 1250 57 34 or
1213 1224 104 61 like
1358 1226 156 58 Pater

125 1327 56 35 or
226 1301 197 59 Defoe.

238 1378 112 59 Not
390 1377 19 58 I
437 1409 74 8 —
538 1391 90 44 not
666 1400 103 52 you
809 1402 120 51 may
954 1377 71 60 be
1054 1411 68 6 —
1155 1378 92 59 but
1291 1402 31 35 a
1376 1376 134 61 third

122 1453 268 75 assuredly
430 1477 99 36 can
568 1453 105 58 and
715 1453 149 61 does.

234 1530 102 59 For
372 1529 89 59 the
501 1546 76 42 art
616 1530 55 59 of
709 1541 218 63 writing,
949 1529 107 60 and
1096 1539 220 64 writing,
1338 1555 89 33 are
1456 1555 56 34 as

120 1605 209 61 distinct
366 1605 127 60 from
532 1631 102 34 one
673 1607 215 58 another
915 1632 56 33 as
991 1632 86 33 are
1105 1607 88 58 the
1221 1607 105 59 Art
1345 1605 54 60 of
1425 1605 87 60 the

127 1683 233 58 Theatre
399 1683 103 58 and
541 1683 311 60 theatricals.

231 1759 426 75 Improvvisation
704 1759 179 74 (given
910 1784 30 32 a
967 1760 195 58 certain
1190 1757 322 77 knowledge

118 1835 54 59 of
209 1835 87 59 the
336 1835 177 73 tricks)
555 1859 101 35 can
694 1859 180 35 amaze
915 1835 87 59 the
1056 1834 457 61 world....charms

120 1937 57 34 us
216 1911 70 60 all
438 1915 44 56 is
521 1911 310 60 admirable.
873 1911 108 60 Art
1019 1914 43 57 is
1101 1913 144 73 quite
1298 1910 215 61 another

123 1988 159 76 thing.

233 2066 19 58 I
291 2066 357 72 improvise....
690 2064 124 60 here
863 2065 20 59 I
941 2088 68 51 go
1070 2063 302 77 gallopping
1423 2087 87 44 on,

122 2155 88 44 not
248 2143 53 56 in
342 2165 100 51 any
482 2140 264 78 charming
785 2165 59 35 or
893 2140 291 59 admirable
1244 2163 120 51 way
1421 2139 94 58 but

121 2242 66 33 on
228 2220 52 56 in
319 2240 86 51 my
444 2240 123 35 own
606 2216 276 75 particular
922 2242 120 50 way
1066 2242 13 34 :
1122 2216 236 66 whereas
1401 2215 108 60 Mr.

122 2292 206 75 Welby
366 2295 192 58 writes.

234 2371 94 59 He
366 2373 42 57 is
447 2370 89 58 the
577 2371 156 66 artist,
778 2370 17 58 I
836 2394 85 36 am
959 2369 123 76 only
1120 2369 88 58 the
1268 2370 212 74 improvi-

117 2460 187 45 satore.
384 2445 133 60 Had
557 2470 86 51 my
668 2445 190 76 calling
892 2446 140 59 been
1070 2445 106 60 that
1203 2444 55 59 of
1282 2470 31 33 a
1340 2446 174 57 writer

122 2522 17 58 I
179 2521 182 61 would
400 2522 135 60 have
588 2525 204 57 written
845 2522 103 60 like
990 2521 108 60 Mr.
1139 2520 210 76 Welby
1406 2520 106 60 and

117 2599 122 59 then
278 2599 257 59 achieved
564 2614 52 43 to
645 2599 111 59 Mr.
786 2600 240 75 Symons,
1056 2599 104 59 and
1188 2599 167 73 lastly,
1383 2597 130 60 after

117 2700 65 34 an
221 2675 160 61 awful
422 2675 178 68 climb,
640 2675 136 59 have
814 2675 136 59 tried
990 2690 52 44 to
1071 2690 85 61 get
1181 2700 125 33 near
1333 2673 179 60 where

116 2776 85 50 my
238 2752 253 60 favourite
532 2752 221 76 English
792 2755 172 57 writer
1004 2755 86 56 sits
1129 2751 169 60 rather
1338 2750 171 70 alone,

118 2827 92 59 but
248 2828 127 59 with
402 2828 87 59 the
531 2827 142 75 Alps
713 2844 52 42 at
809 2828 79 59 his
929 2828 105 59 feet
1072 2827 106 60 and
1218 2826 210 76 looking
1454 2851 56 35 as

116 2905 194 75 though
348 2906 68 58 he
456 2905 169 59 rather
663 2905 229 75 enjoyed
930 2906 89 58 the
1059 2908 155 56 view.

228 2977 122 62 The
390 2981 504 76 artist-philosopher
939 2982 93 59 has
1091 2982 419 74 compensations

115 3081 57 34 so
211 3061 252 56 immense
503 3058 108 59 that
649 3084 88 34 we
776 3058 141 59 need
958 3074 90 43 not
1099 3060 110 73 pity
1268 3057 108 60 him
1434 3056 76 59 for

116 3159 66 33 an
221 3135 264 74 imagined
529 3133 294 60 loneliness.

187 3209 124 60 The
352 3226 75 43 art
447 3211 54 58 of
540 3213 205 74 writing
767 3226 52 42 at
859 3212 63 57 its
949 3209 179 75 height
1153 3212 42 56 is
1236 3209 88 59 the
1364 3209 146 77 thing

115 3308 83 53 my
238 3287 181 60 author
445 3289 265 73 practises.
753 3287 197 58 Others
991 3289 150 56 write
1179 3286 107 59 and
1320 3288 158 73 impro-

113 3364 110 58 vise
287 3367 54 56 in
381 3364 88 59 the
508 3366 92 66 air,
643 3367 274 72 swooping
958 3363 127 59 here
1132 3389 70 34 on
1246 3366 168 75 wings
1454 3387 58 35 or

115 3438 193 71 flames,
348 3441 144 59 often
531 3466 125 50 very
694 3441 188 75 lovely,
911 3465 124 51 very
1061 3441 329 76 enchanting,
1419 3439 94 60 but

115 3531 88 43 not
242 3519 205 74 writing
487 3519 53 56 in
579 3517 88 58 the
708 3519 142 57 strict
891 3541 152 34 sense
1095 3516 55 59 of
1202 3516 86 59 the
1343 3516 166 59 word.

225 3594 137 59 And
402 3594 39 60 if
478 3596 63 57 its
582 3609 90 44 not
711 3609 53 44 to
807 3594 68 59 be
916 3596 157 64 strict,
1104 3593 99 58 this
1231 3593 279 75 discipline

112 3693 125 36 over
275 3670 87 59 the
403 3687 115 44 arts,
565 3669 248 78 goodbye
852 3686 55 43 to
946 3670 68 59 all
1054 3670 87 59 the
1183 3686 99 42 arts
1324 3693 188 36 sooner

110 3770 57 33 or
207 3747 144 67 later,
395 3747 104 58 and
541 3772 87 34 we
667 3747 141 58 need
850 3762 89 43 not
993 3745 197 60 delude
1244 3745 265 60 ourselves

107 3822 108 59 that
253 3824 88 59 the
381 3824 129 59 hour
539 3823 106 60 will
687 3824 159 74 delay
872 3848 101 35 one
1023 3823 227 67 second;
1280 3823 78 60 for
1386 3825 123 58 time

107 3898 184 61 abides
334 3900 193 75 strictly
565 3899 73 75 by
677 3899 297 74 discipline,
1006 3899 106 58 and
1153 3899 227 75 perhaps
1421 3899 88 60 the

106 3974 133 61 hour
276 3978 54 58 of
371 3977 86 59 the
498 3977 163 59 death
699 3977 56 59 of
793 3971 86 65 the
922 3993 99 43 arts
1062 3979 42 57 is
1132 3975 157 61 much
1329 4001 181 35 nearer

107 4053 122 58 than
273 4078 87 36 we
399 4078 121 51 may
559 4079 248 49 suppose.

229 4129 107 60 Mr.
381 4130 224 74 Symons
644 4131 92 61 has
778 4144 91 61 put
910 4129 69 58 off
1016 4128 88 61 the
1145 4126 129 61 hour
1321 4129 75 58 for
1449 4154 59 35 us

103 4206 52 60 in
195 4232 57 34 as
291 4206 158 64 much
488 4232 57 38 as
592 4206 67 63 he
723 4206 96 61 has
880 4209 205 58 written
1142 4229 155 52 prose
1357 4232 58 34 as
1472 4210 40 57 it

1556 187 171 35 seems
1774 179 54 43 to
1888 189 83 36 me
2027 170 40 57 it
2125 170 187 59 should
2365 172 71 58 be
2483 175 210 59 written
2709 201 13 42 ;
2765 177 107 61 and
2911 180 40 58 it

1555 240 42 56 is
1639 255 90 44 not
1768 240 217 61 without
2025 245 332 76 significance
2398 248 108 59 that
2610 249 69 61 he
2717 252 93 61 has
2849 255 75 58 vir-

1555 314 160 73 tually
1753 318 220 72 ignored
2012 319 88 58 the
2149 321 122 59 18th
2310 338 213 58 century

1669 393 19 55 I
1729 393 161 58 adore
1917 394 108 58 that
2063 413 214 60 century
2318 400 184 60 ....and
2521 404 40 56 it
2597 404 44 56 is
2669 426 86 50 my
2793 407 130 72 privi-

1555 464 122 78 lege
1716 493 56 34 as
1813 493 101 35 one
1954 471 123 59 who
2116 475 304 73 improvises
2478 492 52 43 to
2591 478 71 58 be
2721 481 228 59 immune

1554 541 129 60 from
1721 546 64 57 its
1824 546 103 59 evil
1968 548 194 60 effects.

1672 620 17 57 I
1733 620 69 58 do
1842 636 90 44 not
1970 624 109 59 fear
2105 625 108 58 that
2239 626 204 73 period,
2473 630 61 56 its
2562 630 305 76 artificiality
2893 658 58 34 or

1556 708 65 44 its
1707 711 76 44 art
1832 746 12 20 ,
1888 697 229 61 because
2159 702 19 58 I
2220 702 196 78 belong
2458 719 51 43 to
2550 730 31 33 a
2619 732 121 34 race
2774 709 177 59 which

1557 770 92 59 has
1688 771 78 61 for
1805 795 123 38 ever
1974 776 310 74 pretended.
2346 780 118 58 Our
2521 805 121 36 race
2700 785 106 57 and
2858 809 93 36 our

1559 846 198 61 theatre
1816 874 88 34 are
1965 875 192 55 young,
2219 852 104 60 and
2378 856 108 59 will
2545 860 54 56 in
2638 859 88 58 the
2783 861 168 59 future

1557 931 228 69 perhaps
1810 950 150 36 come
1981 942 54 44 to
2055 931 130 57 their
2204 955 195 34 senses.
2429 931 158 78 They
2609 959 141 34 were
2777 962 172 50 young

1559 998 104 60 and
1703 1001 135 60 have
1896 1003 211 61 refused
2167 1020 51 44 to
2277 1031 146 52 grow
2482 1033 86 50 up.
2624 1011 186 61 That's
2863 1012 88 60 the

1559 1075 279 62 Theatre's
1879 1082 180 75 saving
2100 1106 153 54 grace
2294 1083 105 59 and
2439 1087 62 56 its
2542 1085 198 62 defect.

1674 1153 154 60 Even
1848 1180 93 34 our
1968 1181 152 36 sense
2148 1160 53 57 of
2227 1162 354 71 appreciation
2603 1165 41 56 is
2666 1163 94 60 but
2778 1189 174 52 young

1556 1228 198 61 indeed
1780 1257 11 41 ;
1834 1257 92 33 see
1966 1233 122 60 how
2126 1236 374 68 inadequately
2538 1238 122 60 how
2705 1241 199 63 flashily
2931 1245 20 57 I

1637 1308 11 10 #
1785 1308 14 8 A*
1858 1309 11 7 «
1897 1311 10 9 y
2467 1306 15 5 —
2871 1294 22 21 J

1557 1321 148 43 write
1745 1332 55 35 or
1838 1316 97 51 this
1988 1316 100 53 fine
2142 1326 142 44 artist
2310 1346 72 7 —
2412 1316 53 56 of
2509 1316 222 74 Symons
2761 1350 68 7 —
2860 1318 92 60 but

1557 1405 102 35 one
1700 1383 54 59 of
1794 1407 58 35 us
1893 1410 144 34 some
2079 1386 103 75 day
2223 1387 108 60 will
2374 1388 16 57 I
2432 1388 141 76 hope
2613 1393 150 57 make
2812 1395 139 75 good

1556 1458 72 75 by
1667 1459 290 78 producing
1995 1462 78 60 his
2114 1463 144 75 plays
2299 1464 127 59 with
2464 1490 146 35 some
2650 1468 147 74 style.

1672 1576 61 40 By
1758 1576 65 32 the
1849 1577 207 33 Producer
2076 1577 55 41 of
2145 1579 23 17 ft
2185 1579 96 33 Acts
2304 1579 83 33 and
2412 1580 165 35 Galatea
2657 1583 163 34 London
2850 1595 101 31 igoi.

1560 2068 772 71 ENTHUSIASM
2398 2070 104 69 IN
2558 2073 395 66 THREE

1821 2174 849 71 THEATRES.

1561 2339 71 100 IN
1664 2339 67 44 the
1764 2339 195 46 Norwich
1992 2340 266 46 Elizabethan
2279 2341 179 45 Theatre
2479 2343 178 45 directed
2682 2343 54 55 by
2759 2343 82 45 Mr.
2865 2343 60 45 Nu-

1616 2412 89 44 gent
1725 2401 156 44 Monck
1899 2402 67 43 the
1987 2402 195 44 audience
2202 2420 197 38 expresses
2414 2404 48 43 its
2484 2406 193 43 attention
2698 2404 56 56 by
2775 2407 180 54 agreeing

1559 2473 43 33 to
1635 2462 103 57 keep
1770 2462 90 51 still,
1891 2462 82 46 and
2005 2474 69 33 not
2107 2463 244 56 applauding
2383 2464 141 56 during
2554 2483 25 25 a
2610 2483 130 27 scene.

1679 2524 42 45 In
1754 2524 67 45 the
1853 2524 188 45 Moscow
2073 2525 81 43 Art
2176 2524 177 45 Theatre
2374 2525 191 56 applause
2586 2544 83 26 was
2690 2544 121 27 never
2830 2526 125 47 heard

1558 2585 97 44 until
1686 2603 51 26 an
1767 2585 81 44 end
1879 2585 44 45 of
1954 2604 51 26 an
2036 2596 79 34 act.

1681 2646 115 44 How
1828 2665 83 26 was
1941 2649 29 42 it
2002 2646 208 57 expressed
2246 2647 128 44 then?
2407 2647 55 56 by
2494 2647 68 45 the
2592 2647 157 46 silence.

1680 2707 92 45 The
1803 2708 233 56 performers
2068 2726 107 26 were
2206 2710 120 43 made
2358 2710 109 54 quite
2499 2727 43 25 as
2573 2708 101 45 keen
2706 2710 53 56 by
2792 2708 75 46 this
2903 2712 34 42 si-

1557 2767 113 46 lence
1701 2787 42 25 as
1774 2787 72 26 our
1878 2770 149 43 Actors
2057 2787 70 38 say
2166 2768 94 57 they
2306 2787 67 26 are
2420 2769 56 57 by
2520 2770 148 57 sundry
2716 2789 112 37 gasps
2875 2772 79 44 and

1557 2830 216 44 emotional
1804 2831 148 44 rounds
1983 2830 43 44 of
2057 2830 190 56 applause
2268 2856 74 24 —,
2381 2830 93 57 they
2522 2830 95 57 kept
2665 2832 173 55 bursting
2884 2844 71 33 out

1562 2919 49 4 —
1648 2891 175 56 bursting
1853 2894 41 42 in
1928 2903 128 32 —at
2090 2891 67 44 the
2191 2891 169 56 Beggars
2392 2893 156 55 Opera.
2613 2893 71 43 On
2727 2892 67 44 the
2840 2893 115 45 other

1557 2952 109 45 hand
1701 2954 14 43 I
1748 2971 97 30 saw,
1879 2954 80 43 and
1992 2952 142 51 heard,
2173 2971 24 25 a
2230 2953 131 44 mixed
2398 2954 170 44 Russian
2617 2954 195 44 audience
2855 2955 99 45 with

1558 3032 119 38 many
1708 3014 178 44 students
1916 3016 42 42 in
1990 3016 42 47 it,
2066 3014 90 44 Boo
2188 3033 23 24 a
2242 3025 108 44 great
2383 3014 228 56 performer.
2676 3014 33 45 It
2741 3034 84 25 was
2846 3018 82 42 Rus-

1555 3077 85 42 sian
1670 3075 223 56 approval;
1925 3075 81 44 and
2039 3085 42 34 to
2111 3093 78 37 cap
2220 3075 76 44 this
2326 3075 94 56 they
2453 3076 130 44 throw
2615 3076 101 45 their
2736 3076 219 57 head-gear

1557 3155 54 26 on
1643 3136 67 45 the
1741 3148 121 44 stage,
1898 3137 64 44 the
1994 3137 93 44 idea
2119 3135 116 55 being
2269 3148 41 32 to
2342 3136 128 45 throw
2503 3139 29 42 it
2566 3136 104 46 back
2701 3140 129 54 again.

1679 3199 103 43 And
1815 3216 93 26 now
1943 3199 60 43 for
2034 3197 199 45 Venezia.

1680 3261 63 42 At
1776 3259 67 44 the
1873 3260 89 43 four
2000 3258 256 55 Ospedaletti
2303 3257 67 45 the
2416 3258 112 45 finest
2576 3261 149 54 singing
2771 3262 42 43 in
2855 3260 99 57 Italy

1558 3337 83 27 was
1673 3333 41 31 to
1747 3321 52 43 be
1830 3321 141 44 heard.
2037 3319 171 45 Visitors
2239 3338 106 26 were
2375 3319 215 46 forbidden
2622 3332 42 33 to
2695 3321 177 57 applaud
2895 3348 59 7 —

1558 3381 72 44 but
1662 3382 93 55 they
1788 3381 195 56 managed
2016 3392 42 33 to
2089 3392 65 43 get
2185 3380 130 44 round
2353 3380 67 46 the
2466 3382 100 44 rules
2598 3409 58 6 —
2690 3382 62 45 for
2799 3395 39 32 at
2886 3383 68 45 the

1559 3461 104 37 apex
1694 3444 44 43 of
1770 3462 24 24 a
1825 3444 153 55 perfect
2010 3442 208 54 rendering
2251 3442 55 55 by
2336 3460 111 25 some
2479 3444 127 54 singer
2643 3444 68 44 the
2758 3444 196 45 audience

1558 3504 166 56 audibly
1755 3504 115 45 drew
1901 3507 40 42 in
1975 3504 99 44 their
2106 3502 139 44 breath
2277 3502 169 57 through
2479 3504 101 45 their
2612 3505 144 56 pursed
2788 3505 88 57 lips.

1682 3566 91 43 The
1804 3566 115 55 place
1950 3575 101 34 must
2088 3564 106 44 have
2239 3564 184 46 sounded
2470 3584 43 25 as
2561 3566 150 57 though
2757 3585 25 25 a
2826 3567 129 55 gentle

1559 3627 192 44 wateifall
1784 3645 83 25 was
1897 3629 41 41 in

1679 3688 201 45 Whether
1911 3688 67 43 the
2011 3686 220 45 merchants
2263 3685 43 45 of
2338 3685 176 46 London
2545 3688 121 45 could
2713 3707 165 36 manage
2924 3691 30 42 it

1556 3750 74 54 just
1664 3768 41 24 as
1738 3749 133 55 neatly
1902 3768 41 26 as
1975 3749 69 43 the
2075 3747 222 45 merchants
2328 3748 45 44 of
2405 3749 182 45 Venezia
2611 3749 73 45 did
2725 3752 170 43 remains
2911 3761 43 33 to

2822 3810 41 58 J.
2896 3810 53 48 B.

1560 3811 51 44 be
1644 3811 138 45 heard.
