2232 3703
2024 163 75 53 615

726 178 145 30 COURS
906 182 58 26 DU
999 168 200 40 COLLÈGÈ
1233 183 55 24 DE
1323 180 169 27 FRANCE

116 280 185 45 donner,
325 276 102 41 c'est
451 290 86 27 une
569 278 159 52 simple
753 280 308 39 énumération
1097 277 298 42 d'intervalles
1418 287 40 32 et
1477 276 226 42 d'accords
1730 292 6 25 :
1764 277 76 40 dès
1883 273 105 54 qu'il
2016 273 66 41 s'a-

111 349 63 49 git
195 346 52 40 de
271 353 197 32 montrer
489 355 224 30 comment
736 346 62 39 les
822 355 187 43 paquets
1033 347 53 39 de
1105 355 125 31 notes
1255 347 157 52 qu'elle
1435 351 94 35 crée
1553 360 46 26 se
1620 346 156 40 relient
1788 346 90 39 l'un
1901 349 20 34 à
1948 345 157 39 l'autre

110 423 39 33 et
172 412 301 42 s'enchaînent
496 413 52 40 de
571 412 129 51 façon
725 418 21 35 à
790 413 165 40 former
979 428 84 25 une
1096 423 138 31 trame
1256 417 176 37 vivante
1463 423 40 32 et
1542 416 224 45 continue,
1804 413 82 41 elle
1927 412 179 40 devient

113 483 292 50 impuissante
430 495 8 34 ;
462 494 55 26 ou
538 480 119 51 bien,
684 483 34 37 si
739 481 82 40 elle
842 490 103 32 veut
967 480 172 41 fournir
1159 496 86 26 une
1261 483 278 51 explication,
1553 482 82 40 elle
1658 481 250 50 estobligée
1930 479 149 41 d'abdi-

114 563 121 40 quer,
263 549 52 40 de
339 562 45 27 se
397 548 293 40 transformer
712 557 40 31 et
764 549 53 39 de
830 547 253 41 s'absorber
1098 549 111 39 dans
1227 550 38 38 la
1285 550 204 49 mélodie,
1505 550 272 40 c'est-à-dire
1793 550 52 40 de
1866 550 210 50 décompo-

113 632 70 26 ser
202 618 62 39 les
287 616 181 41 accords
485 614 159 54 qu'elle
664 631 21 25 a
710 616 268 41 échafaudés
1010 626 40 31 et
1073 617 98 39 d'en
1195 618 252 40 considérer
1463 618 171 52 chaque
1657 627 102 31 note
1781 632 171 26 comme
1975 631 19 24 «
2019 630 86 27 une

115 686 115 40 force
251 684 73 55 qui
341 700 50 26 va
418 701 17 19 »
461 693 40 32 et
525 686 90 50 qui,
638 689 21 35 à
683 699 143 26 aucun
844 694 198 31 moment
1061 684 54 40 de
1138 685 40 39 la
1203 686 159 50 phrase
1386 686 227 48 musicale,
1639 700 54 26 ne
1712 695 103 43 peut
1837 690 89 36 être
1950 689 130 48 appré-

116 756 88 38 ciée
225 757 21 36 à
268 767 45 26 sa
336 755 122 38 vraie
479 753 154 40 valeur
651 767 55 26 en
729 753 162 40 dehors
920 753 53 39 de
992 753 126 39 l'idée
1138 753 54 40 de
1216 766 80 27 son
1322 756 124 50 point
1468 754 52 39 de
1544 755 154 51 départ
1721 763 40 31 et
1781 755 53 39 de
1858 768 80 27 son
1980 755 127 51 point

116 821 225 42 d'arrivée.
362 820 235 54 Incapable
628 820 271 54 d'expliquer
991 825 21 35 à
1049 821 82 40 elle
1152 821 120 40 seule
1376 821 61 40 les
1464 822 302 41 modulations
1796 823 62 39 les
1881 823 99 51 plus
2001 824 79 38 sim-

116 891 107 51 ples,
249 890 82 39 elle
353 898 65 31 est
440 889 233 52 incapable
692 890 54 39 de
780 903 114 28 nous
917 889 173 40 fournir
1122 889 40 40 la
1188 889 169 40 théorie
1380 890 52 39 de
1465 891 212 50 procédés
1708 896 85 34 très
1817 891 166 50 usuels,
2026 891 79 39 tels

118 971 82 39 que
220 958 62 40 les
304 958 169 41 retards
489 966 41 31 et
553 958 62 39 les
636 959 314 50 anticipations
976 959 93 50 qui,
1094 971 90 26 non
1218 958 247 40 seulement
1486 972 54 26 ne
1559 960 209 38 viennent
1788 972 79 38 pas
1894 959 126 39 d'elle
2051 972 56 27 ou

117 1041 53 26 ne
190 1035 99 32 sont
308 1039 78 38 pas
402 1026 53 40 de
484 1039 80 27 son
587 1027 222 49 domaine,
837 1028 111 38 mais
988 1034 100 32 sont
1110 1039 54 26 en
1206 1027 321 40 contradiction
1550 1035 40 32 et
1628 1040 53 26 en
1717 1028 254 50 opposition
2008 1040 102 27 avec

123 1094 96 40 elle.

174 1162 31 40 Il
226 1176 26 38 y
277 1176 21 26 a
319 1164 318 39 certainement
667 1163 111 39 dans
812 1172 110 31 cette
942 1164 197 38 manière
1164 1162 54 40 de
1253 1164 94 38 voir
1370 1176 85 26 une
1477 1172 96 43 part
1597 1163 52 39 de
1666 1164 159 48 vérité;
1846 1164 261 51 cependant,

120 1232 27 40 il
183 1232 132 38 serait
357 1231 274 52 chimérique
682 1240 40 30 et
769 1231 254 50 dangereux
1046 1231 53 39 de
1139 1232 139 38 croire
1322 1231 134 51 qu'on
1492 1239 103 43 peut
1634 1232 168 39 étudier
1841 1231 38 39 la
1921 1232 190 39 mélodie

122 1298 158 54 (même
304 1297 308 55 unissonique)
637 1313 104 26 sans
764 1298 109 41 faire
892 1300 239 39 intervenir
1152 1298 62 40 les
1240 1300 178 38 notions
1438 1299 291 40 d'harmonie.
1744 1298 86 40 Les
1850 1303 167 35 mêmes
2030 1300 81 38 lois

123 1369 72 49 qui
226 1368 218 48 régissent
484 1367 39 39 la
559 1366 314 55 superposition
913 1367 77 39 des
1026 1375 126 31 notes
1175 1367 112 39 dans
1326 1381 58 25 un
1418 1368 155 38 accord
1604 1368 218 49 régissent
1858 1368 119 39 aussi
2019 1367 93 39 leur

113 1434 313 53 juxtaposition
466 1435 112 39 dans
620 1448 86 27 une
736 1435 199 40 chanson
975 1435 246 51 populaire,
1245 1443 40 31 et
1327 1434 111 40 dans
1474 1435 38 39 la
1548 1448 178 36 gamme
1750 1436 75 50 qui
1843 1435 60 40 lui
1943 1444 87 31 sert
2060 1435 52 39 de

125 1502 117 40 base.
270 1501 116 41 Sans
409 1503 148 50 doute,
583 1503 63 39 les
685 1516 109 37 gens
814 1503 57 39 du
907 1503 160 51 peuple
1091 1516 55 26 ou
1165 1511 61 31 les
1263 1502 224 52 primitifs,
1525 1505 73 49 qui
1623 1503 207 40 chantent
1860 1503 123 40 selon
2019 1503 94 39 leur

125 1583 131 37 cœur,
283 1583 53 27 ne
358 1573 286 38 connaissent
680 1571 244 40 nullement
947 1571 62 38 les
1042 1571 251 39 conditions
1326 1570 54 39 de
1400 1571 37 38 la
1463 1571 263 40 dissonance
1753 1580 40 31 et
1814 1571 108 39 delà
1953 1583 133 27 conso-

125 1651 150 35 nance,
302 1639 124 40 telles
466 1653 85 38 que
574 1639 61 40 les
656 1640 252 51 physiciens
945 1639 61 40 les
1031 1647 74 31 ont
1141 1638 185 40 établies
1346 1639 155 52 depuis
1523 1639 36 39 le
1579 1654 104 25 XVIII
1689 1644 14 17 c
1723 1639 128 40 siècle
1878 1649 8 37 ;
1911 1640 112 39 mais
2043 1652 69 26 ces

125 1707 156 50 règles,
307 1707 53 39 ils
380 1707 62 40 les
482 1708 237 39 observent
757 1709 374 38 instinctivement
1156 1723 7 32 ;
1190 1716 41 31 et
1263 1720 113 27 nous
1431 1709 74 49 qui
1536 1707 190 40 voulons
1756 1707 205 51 analyser
1995 1707 117 40 leurs

126 1788 185 35 œuvres,
332 1789 112 26 nous
465 1789 195 26 sommes
684 1775 173 50 obligés
880 1776 52 39 de
952 1774 214 41 formuler
1192 1789 100 26 avec
1322 1776 220 51 précision
1566 1775 62 39 les
1652 1776 220 50 principes
1899 1775 213 50 auxquels

127 1843 51 40 ils
198 1852 75 31 ont
296 1844 396 40 inconsciemment
715 1843 115 40 obéi.
855 1843 121 40 Pour
1007 1856 113 27 nous
1141 1844 261 39 convaincre
1421 1843 53 40 de
1497 1851 109 32 cette
1626 1844 229 46 nécessité,
1881 1843 141 51 jetons
2056 1857 58 26 un

127 1912 170 39 dernier
315 1925 112 39 coup
448 1912 118 40 d'œil
590 1926 75 26 sur
687 1912 62 40 les
771 1921 134 31 textes
927 1925 84 39 que
1033 1925 110 27 vous
1167 1925 102 27 avez
1292 1920 122 31 entre
1450 1911 62 39 les
1548 1912 159 38 mains.

181 1980 209 40 Chacune
413 1981 52 39 de
498 1994 80 27 nos
611 1980 212 40 mélodies
863 1995 21 24 a
924 1994 59 26 un
1024 1982 123 50 point
1183 1980 53 40 de
1266 1980 157 52 départ
1462 1979 154 52 appelé
1649 1980 195 50 tonique.
1872 1978 63 41 De
1966 1980 38 38 là
2034 1979 82 39 elle

129 2047 171 51 s'élève,
336 2062 103 26 avec
478 2062 86 26 une
595 2050 209 38 intensité
826 2048 302 52 d'expression
1153 2050 260 45 croissante,
1440 2052 20 35 à
1498 2062 59 25 un
1580 2048 134 49 degré
1747 2049 230 50 supérieur
1999 2047 52 39 de
2075 2047 39 39 la

127 2130 176 36 gamme
327 2119 75 49 qui
421 2126 64 31 est
509 2130 173 27 comme
713 2117 38 40 le
774 2125 190 32 sommet
996 2117 52 39 de
1072 2130 47 26 sa
1155 2116 210 47 formule;
1393 2118 100 50 puis
1528 2116 82 40 elle
1646 2129 53 26 en
1733 2116 237 39 redescend
2005 2128 112 38 pour

129 2194 225 31 retourner
378 2190 20 34 à
441 2185 39 40 la
522 2187 181 50 tonique
725 2185 254 40 elle-même
1009 2194 40 31 et
1073 2197 112 28 nous
1211 2186 169 39 donner
1407 2186 112 38 ainsi
1549 2185 299 51 l'impression
1887 2184 58 39 du
1968 2195 145 40 repos,

129 2259 125 46 après
285 2254 106 39 celle
414 2254 57 40 du
495 2262 298 32 mouvement.
821 2253 125 41 Cette
969 2255 285 50 progression
1290 2262 41 31 et
1368 2262 108 31 cette
1510 2255 252 48 régression
1789 2252 51 39 de
1865 2252 38 39 la
1927 2252 188 39 mélodie

130 2330 96 31 sont
248 2322 62 40 les
334 2326 166 36 mêmes
535 2323 110 39 dans
675 2322 272 51 l'éloquence
979 2321 176 40 verbale
1190 2331 40 30 et
1270 2321 38 40 la
1345 2321 310 40 déclamation.
1682 2319 203 53 Lorsque
1923 2321 60 38 M.
2011 2319 103 51 Got,

130 2392 227 38 sociétaire
379 2391 52 39 de
455 2391 39 39 la
519 2390 488 51 Comédie-Française,
1033 2390 185 40 donnait
1238 2390 75 39 des
1337 2390 148 49 leçons
1508 2389 53 40 de
1583 2389 165 40 diction
1773 2392 22 35 à
1820 2388 164 40 l'Ecole
2009 2402 79 26 nor-

130 2458 112 40 male
267 2456 159 53 (c'était
459 2459 39 39 le
522 2467 143 44 temps
690 2465 56 33 où
769 2458 61 39 M.
858 2458 212 51 Legouvé
1093 2460 116 38 avait
1233 2459 84 38 mis
1357 2462 21 35 à
1416 2458 38 39 la
1491 2458 130 39 mode
1645 2458 96 39 l'art
1778 2457 51 39 de
1853 2457 39 39 la
1916 2457 197 52 lecture),

130 2527 27 39 il
182 2528 150 38 aimait
350 2531 21 35 à
393 2528 179 38 insister
591 2540 75 26 sur
683 2536 109 31 cette
816 2527 120 50 règle
962 2541 7 25 :
996 2525 161 52 Quand
1193 2540 112 26 vous
1329 2540 103 26 avez
1456 2540 86 26 une
1562 2526 180 51 période
1766 2530 21 34 à
1811 2525 94 48 lire,
1941 2534 175 31 trouvez

130 2594 179 40 d'abord
341 2596 38 38 le
401 2604 92 32 mot
527 2597 74 50 qui
623 2609 184 38 marque
833 2608 81 26 son
955 2597 123 49 point
1101 2594 245 41 culminant
1373 2606 7 37 ;
1406 2594 283 40 élevez-vous
1713 2594 170 51 jusqu'à
1908 2594 61 39 lui
2002 2606 53 26 en
2080 2593 38 39 le

130 2661 159 42 faisant
310 2665 219 47 ressortir,
562 2665 99 50 puis
685 2662 173 42 baissez
883 2677 82 38 peu
991 2668 21 34 à
1036 2677 84 38 peu
1153 2663 39 39 le
1228 2672 75 31 ton
1341 2676 113 38 pour
1492 2662 237 52 reprendre
1752 2662 280 39 l'intonation
2060 2663 57 37 du

131 2730 147 42 début.
313 2731 71 48 Ici,
419 2732 39 40 la
483 2741 103 31 note
614 2734 74 50 qui
712 2745 185 39 marque
921 2732 37 39 le
993 2733 125 51 point
1150 2732 245 40 culminant
1431 2732 53 38 de
1516 2744 81 26 nos
1621 2730 213 40 mélodies
1858 2737 64 31 est
1951 2729 107 39 celle
2096 2735 20 33 à

131 2801 92 38 côté
244 2800 52 39 de
317 2801 74 51 qui
414 2813 111 27 nous
547 2813 138 27 avons
706 2806 185 45 marqué
915 2813 84 26 une
1022 2800 208 47 division,
1256 2813 85 26 une
1362 2799 174 50 virgule
1556 2812 55 27 ou
1633 2813 58 25 un
1714 2797 401 52 point-et-virgule,

130 2874 40 33 et
191 2867 80 40 elle
296 2869 109 39 n'est
425 2868 245 41 nullement
693 2867 231 41 arbitraire
950 2880 9 38 ;
993 2869 83 39 elle
1099 2867 169 40 semble
1291 2867 270 40 déterminée
1595 2879 79 39 par
1696 2879 85 27 une
1821 2866 58 39 loi
1901 2878 9 35 ;
1948 2864 104 41 c'est
2077 2865 38 40 la

132 2933 240 44 dominante
378 2968 10 20 ,
414 2937 150 51 placée
583 2951 75 26 sur
677 2937 40 40 le
748 2937 249 51 cinquième
1017 2937 135 50 degré
1174 2937 53 39 de
1251 2936 39 39 la
1312 2948 179 38 gamme
1514 2946 7 27 :

187 3284 47 41 Si
263 3285 38 53 je
320 3299 110 28 veux
452 3286 229 53 expliquer
703 3285 40 41 le
765 3285 91 41 rôle
877 3284 160 54 capital
1061 3284 52 40 de
1138 3291 108 33 cette
1270 3291 115 41 note,
1408 3281 38 53 je
1467 3284 92 38 suis
1583 3278 151 53 obligé
1766 3280 53 40 de
1853 3278 108 40 faire
1984 3279 115 39 inter-

131 3355 122 38 venir
275 3355 38 39 la
338 3355 168 41 théorie
523 3356 53 39 de
598 3355 39 40 la
658 3368 181 37 gamme
870 3363 41 31 et
934 3353 106 40 celle
1063 3352 76 40 des
1162 3352 179 40 accords
1370 3352 260 51 principaux
1659 3350 74 52 qui
1758 3349 39 39 la
1819 3349 269 39 constituent
2111 3359 7 26 :

134 3423 175 40 accords
348 3425 52 38 de
438 3426 197 50 tonique,
677 3423 180 41 accords
881 3423 53 40 de
969 3422 272 39 dominante.
1274 3420 49 54 Je
1356 3421 112 38 serai
1512 3418 149 50 obligé
1700 3418 53 39 de
1788 3420 230 36 connaître
2060 3415 62 40 les

136 3492 102 37 trois
263 3492 175 39 accords
473 3494 199 38 suivants
694 3505 7 26 :
