2232 3703
118 171 78 48 604

804 183 323 27 PUBLICATIONS
1163 182 256 28 NOUVELLES

118 290 195 27 sommes
335 278 194 40 heureux
552 278 53 40 de
626 277 110 41 faire
759 284 229 36 connaître
1019 280 282 52 aujourd'hui
1322 280 40 39 la
1387 280 251 40 traduction
1661 283 75 49 qui
1758 283 119 40 vient
1900 282 99 41 d'en
2022 287 90 37 être

117 344 119 42 faite.
263 345 85 41 Ces
372 346 150 41 lettres
538 360 114 28 nous
677 348 175 40 initient
873 362 55 26 au
966 362 156 27 roman
1144 353 107 35 vécu
1287 362 79 38 par
1390 347 205 51 Wagner
1614 357 41 31 et
1686 362 115 27 nous
1822 350 158 41 offrent
2003 360 110 31 cette

118 416 194 50 surprise
336 413 104 43 d'un
462 414 203 52 Wagner
683 417 157 49 ignoré
856 416 54 40 de
931 430 113 27 nous
1068 432 7 26 :
1101 417 173 53 simple,
1310 415 108 48 naïf,
1444 421 101 35 ému
1568 419 6 37 !
1598 415 124 42 Nous
1745 417 39 39 le
1807 431 174 39 voyons
2015 428 99 32 tour

120 486 22 36 à
166 491 100 32 tour
287 481 195 43 confiant
501 497 56 27 ou
581 488 188 47 réservé,
793 485 194 41 heureux
1007 486 54 40 de
1080 488 140 38 croire
1243 499 57 27 ou
1322 485 267 51 découragé,
1617 485 241 41 audacieux
1878 495 41 31 et
1943 489 171 46 timide,

119 553 113 38 mais
265 552 200 52 toujours
498 554 168 39 sincère
686 568 8 34 ;
720 567 113 27 nous
870 567 194 28 sommes
1094 552 120 43 enfin
1255 567 54 27 en
1347 558 209 48 présence
1592 553 104 40 d'un
1735 553 180 42 homme
1957 557 74 50 qui
2069 570 45 27 se

122 620 174 51 réjouit,
320 621 75 51 qui
421 619 163 42 souffre
607 630 40 31 et
671 623 75 50 qui
771 622 167 52 pleure,
1039 623 94 40 àla
1158 623 124 52 place
1303 622 59 40 du
1385 626 156 36 maître
1578 623 257 40 autoritaire
1870 625 243 50 impérieux

119 696 41 32 et
176 687 167 52 parfois
364 692 170 47 égoïste
557 690 172 52 jusqu'à
748 689 353 50 l'inconscience,
1121 705 85 38 que
1229 705 112 26 nous
1365 692 312 39 connaissions
1698 689 87 42 !Et
1806 699 94 32 tout
1922 694 171 39 naturel-

120 757 163 40 lement
305 770 82 28 nos
411 758 278 52 sympathies
717 768 108 32 vont
847 764 21 35 à
889 774 46 26 ce
957 760 204 51 Wagner
1183 772 205 28 nouveau
1413 760 74 52 qui
1510 773 80 38 par
1613 772 82 28 son
1715 761 132 49 génie
1871 760 247 52 s'imposait

120 828 21 36 à
167 837 129 37 nous,
315 826 113 40 mais
446 826 164 41 n'avait
630 841 78 38 pas
726 842 51 26 su
793 831 237 50 conquérir
1046 837 99 33 tous
1164 829 63 40 les
1245 842 158 27 cœurs.
1430 826 150 51 Enfin,
1606 828 41 40 la
1671 828 275 52 publication
1970 830 53 40 de
2046 844 69 27 ces

120 893 165 51 lettres,
311 896 75 50 qui
419 908 113 27 nous
567 894 95 42 font
685 901 228 37 connaître
936 898 40 40 la
999 898 178 52 loyauté
1199 906 41 33 et
1279 898 39 40 la
1348 896 119 41 force
1498 896 145 41 d'âme
1666 896 54 40 de
1755 896 219 52 Wagner,
2000 912 112 27 nous

120 971 265 42 permettent
408 963 53 40 de
484 965 146 39 mieux
653 966 290 51 comprendre
966 974 41 32 et
1038 966 53 40 de
1120 967 206 47 motiver,
1348 979 112 39 pour
1482 966 114 40 ainsi
1623 965 161 53 parler,
1809 966 61 41 les
1895 969 220 38 émotions

120 1032 271 39 successives
425 1030 281 54 qu'éveillent
728 1047 53 26 en
802 1048 114 27 nous
940 1035 62 40 les
1023 1033 215 42 sublimes
1260 1043 173 32 accents
1456 1034 53 39 de
1532 1033 179 41 Tristan
1735 1042 41 33 et
1809 1034 193 41 d'lseult.
2030 1034 87 42 Car

120 1112 57 26 on
194 1100 85 39 sait
303 1113 85 39 que
411 1113 47 26 ce
476 1100 335 53 chef-d'œuvre,
837 1105 104 38 écrit
957 1117 106 27 sous
1083 1103 198 52 l'empire
1304 1104 53 39 de
1380 1103 40 40 la
1450 1103 197 52 passion,
1673 1102 112 41 n'est
1802 1117 85 38 que
1907 1101 185 55 l'expres-

120 1167 97 39 sion
240 1168 174 49 géniale
454 1169 53 39 de
529 1169 189 42 l'amour
739 1171 54 39 de
814 1170 205 52 Wagner
1048 1185 114 38 pour
1183 1172 146 40 l'amie
1357 1170 108 53 qu'il
1496 1171 148 40 devait
1681 1169 212 53 sacrifier,
1931 1181 40 31 et
2007 1171 107 54 qu'il

120 1233 191 53 sacrifia,
335 1234 89 41 afin
447 1237 53 39 de
518 1246 138 32 rester
677 1238 135 51 digne
840 1239 130 40 d'elle
989 1248 41 31 et
1053 1240 52 39 de
1128 1253 234 27 conserver
1385 1237 186 42 l'estime
1590 1239 54 40 de
1667 1239 111 40 celui
1803 1240 74 51 qui
1904 1242 116 39 avait
2049 1245 68 37 été

123 1316 80 27 son
227 1303 281 50 bienfaiteur,
533 1305 60 40 M,
617 1305 309 43 Wesendonk.

171 1370 229 53 Quelques
424 1375 205 39 citations
651 1373 144 43 feront
819 1381 241 46 connaître,
1087 1378 145 39 mieux
1257 1376 164 53 qu'une
1448 1376 128 41 sèche
1610 1376 197 52 analyse,
1834 1376 186 41 l'intérêt
2052 1377 53 41 de

122 1453 69 26 ces
215 1440 148 40 lettres
383 1455 8 26 :

175 1507 223 54 (Wagner
420 1513 210 38 remercie
652 1511 218 41 Mathilde
894 1512 295 42 Wesendonk
1228 1514 54 40 de
1315 1512 160 42 l'envoi
1511 1512 105 42 d'un
1659 1512 217 54 coussin.)
1908 1513 141 54 «Jen
2069 1528 24 27 o-

121 1579 115 37 serai
261 1578 158 51 jamais
441 1592 27 38 y
491 1588 157 32 mettre
672 1595 69 25 ma
767 1585 108 36 tête!
921 1595 79 38 pas
1025 1586 142 36 même
1192 1583 148 51 quand
1362 1583 39 52 je
1439 1584 113 38 serai
1576 1582 175 40 malade
1773 1581 6 39 !
1815 1590 94 32 tout
1933 1597 54 25 au
2017 1583 99 51 plus

124 1646 149 51 quand
297 1647 38 51 je
354 1648 114 39 serai
491 1658 116 31 mort
624 1651 8 36 !
656 1647 132 42 Alors
812 1651 37 51 je
868 1651 212 39 voudrais
1103 1651 190 40 coucher
1315 1665 70 26 ma
1423 1654 82 37 tête
1526 1651 210 40 dessus...
1758 1650 291 41 Vous-même
2074 1651 38 40 la

121 1714 272 52 disposeriez
418 1729 111 39 pour
547 1718 88 39 moi
652 1720 7 36 !
684 1717 128 42 Voilà
831 1732 105 27 mon
954 1728 237 31 testament
1207 1720 6 37 !

185 1796 19 24 «
228 1781 56 42 Et
299 1798 72 25 ma
394 1784 128 39 chère
545 1785 129 40 Muse
691 1799 46 27 se
759 1788 219 39 tient-elle
995 1789 199 51 toujours
1214 1788 90 40 loin
1328 1788 53 39 de
1403 1789 89 38 moi
1515 1786 104 41 ?En
1644 1787 163 40 silence
1829 1788 70 52 j'ai
1935 1788 179 40 attendu

126 1865 45 26 sa
192 1853 191 40 visite...
410 1851 88 41 Car
533 1853 38 40 la
593 1853 143 48 Muse,
764 1868 171 27 comme
956 1855 215 50 l'Amour,
1199 1856 228 52 n'apporte
1451 1857 38 39 la
1514 1856 160 40 félicité
1698 1869 85 38 que
1805 1856 253 52 lorsqu'elle
2076 1856 36 40 la

125 1928 119 31 veuto

183 2000 88 27 «...
298 1987 207 41 Malheur
528 1993 21 35 à
567 1988 221 53 l'insensé,
816 1992 203 40 malheur
1039 1996 20 36 à
1085 1992 210 40 l'homme
1317 2006 103 26 sans
1438 2005 157 27 amour
1615 1992 75 51 qui
1712 2000 103 32 veut
1839 1990 179 42 obtenir
2037 2006 80 38 par

127 2055 38 39 la
189 2055 199 40 violence
411 2070 47 26 ce
479 2055 160 53 qu'elle
662 2072 54 26 ne
739 2059 148 40 donne
910 2074 85 38 que
1015 2065 344 47 spontanément
1380 2063 5 37 !
1414 2073 19 24 »
1456 2060 99 52 (Eté
1585 2060 53 40 de
1665 2058 138 54 1858.)

183 2154 43 8 ...
241 2122 169 53 (Lettre
432 2126 132 39 écrite
588 2132 127 46 après
736 2127 39 40 le
797 2128 155 52 départ
969 2129 52 39 de
1041 2126 272 56 Wagner)...
1338 2127 211 53 «Quand,
1569 2128 28 40 il
1620 2142 71 38 ya
1715 2142 60 26 un
1792 2129 130 46 mois,
1942 2126 152 54 j'expri-

126 2193 113 39 mais
264 2196 22 35 à
302 2201 75 31 ton
401 2195 111 38 mari
545 2208 71 25 ma
634 2195 197 41 décision
853 2197 54 39 de
927 2210 177 39 rompre
1122 2206 143 31 toutes
1287 2198 212 39 relations
1534 2196 307 53 personnelles
1884 2209 103 27 avec
2005 2209 110 27 vous

127 2260 129 50 deux,
281 2260 208 52 j'avais...
511 2267 189 35 renoncé
725 2267 20 35 à
771 2265 80 38 toi.
883 2263 263 53 Cependant
1168 2265 38 52 je
1225 2278 55 27 ne
1303 2279 70 26 me
1394 2265 164 39 sentais
1575 2277 79 39 pas
1677 2277 157 26 encore
1864 2272 95 31 tout
1995 2267 21 36 à
2037 2263 77 40 fait

127 2342 135 38 pur...
292 2327 280 55 Pourrais-je
595 2343 158 28 encore
771 2343 163 39 songer
964 2336 20 35 à
1025 2332 38 40 la
1101 2331 233 42 fondation
1357 2333 104 40 d'un
1497 2332 161 40 nouvel
1693 2331 152 41 Asile?
1889 2329 169 55 [C'était
2080 2332 34 38 le

128 2411 94 25 nom
260 2397 49 39 de
333 2397 39 39 la
391 2401 215 50 propriété
638 2397 161 42 habitée
816 2407 83 47 par
947 2399 209 55 Wagner,
1203 2407 35 34 et
1261 2402 103 39 dont
1385 2400 61 40 M.
1503 2400 272 40 Wesendonk
1806 2399 101 40 était
1929 2399 163 55 proprié-

127 2464 176 49 taire)...
329 2479 113 38 pour
470 2467 105 46 moi,
602 2466 114 41 m'en
749 2468 108 39 aller
878 2469 115 50 d'ici,
1028 2470 92 39 cela
1145 2468 231 52 signifie...
1402 2468 194 53 périr!...

183 2546 19 24 «
225 2533 50 54 Je
298 2546 53 27 ne
370 2534 199 40 viendrai
593 2549 78 38 pas
705 2549 112 27 vous
855 2539 97 38 voir
974 2547 202 42 souvent,
1200 2552 72 26 car
1305 2551 111 27 vous
1452 2551 53 27 ne
1527 2538 133 40 devez
1699 2550 70 26 me
1793 2545 265 42 rencontrer,
2092 2540 20 35 à

127 2600 197 48 l'avenir,
346 2616 85 37 que
454 2603 150 52 quand
625 2604 38 52 je
678 2606 114 38 serai
810 2607 164 39 certain
993 2606 53 40 de
1065 2608 189 51 pouvoir
1277 2615 197 32 montrer
1486 2621 60 25 un
1565 2608 154 49 visage
1741 2606 141 40 calme
1901 2614 41 32 et
1956 2606 154 38 serein.

186 2683 19 24 «
225 2667 117 42 Août
367 2670 128 55 1858.
595 2671 144 41 Adieu
758 2674 6 39 !
785 2672 142 43 Adieu
944 2677 103 37 !ma
1068 2674 275 42 bien-aimée
1362 2674 81 56 !Je
1467 2675 115 39 m'en
1603 2677 97 37 vais
1723 2688 103 26 avec
1863 2674 152 40 calme.
2047 2671 68 41 Où

129 2752 85 37 que
238 2739 37 51 je
299 2740 106 49 sois,
430 2740 37 51 je
490 2742 115 38 serai
628 2742 291 41 entièrement
943 2747 21 35 à
988 2745 76 39 toi.
1091 2744 101 40 Fais
1212 2757 54 27 en
1290 2752 117 32 sorte
1438 2744 54 40 de
1515 2757 70 26 me
1604 2756 234 28 conserver
1860 2742 163 40 l'Asile.
2049 2739 65 41 Au

130 2808 165 39 revoir!
318 2822 53 25 au
395 2810 166 38 revoir!
588 2808 144 42 Chère
757 2813 96 38 âme
882 2811 53 40 de
958 2825 106 27 mon
1089 2815 120 38 âme!
1233 2811 199 43 Adieu...
1458 2821 40 32 et
1523 2827 53 25 au
1601 2813 167 39 revoir!
1793 2825 19 23 »

184 2874 120 42 C'est
327 2876 39 39 là
393 2891 58 25 un
493 2891 157 26 roman
680 2882 21 35 à
741 2879 39 39 la
807 2879 225 52 Werther,
1055 2883 113 38 mais
1206 2881 200 41 d'autant
1434 2881 100 52 plus
1573 2883 266 38 intéressant
1875 2879 103 52 qu'il
2009 2876 105 41 n'est

128 2957 80 39 pas
241 2957 151 28 œuvre
415 2943 354 53 d'imagination,
799 2956 40 32 et
861 2963 85 38 que
969 2962 114 28 nous
1119 2963 54 26 en
1195 2951 292 40 connaissons
1512 2950 38 39 le
1570 2949 147 40 héros.
1741 2948 32 40 Il
1813 2957 73 32 eut
1918 2962 57 25 un
2003 2944 90 41 chef-

129 3010 197 43 d'œuvre
349 3027 113 38 pour
485 3014 312 53 dénouement,
823 3031 47 26 ce
887 3019 75 52 qui
985 3027 104 31 vaut
1122 3020 146 38 mieux
1293 3032 85 39 que
1402 3018 39 40 le
1468 3032 113 38 coup
1618 3018 52 39 de
1694 3017 201 53 pistolet!

183 3080 125 42 Nous
333 3096 163 27 savons
520 3083 225 41 d'ailleurs
767 3098 85 39 que
874 3085 201 52 Wagner
1098 3087 221 40 demanda
1343 3088 39 39 la
1407 3088 293 51 suppression
1722 3086 54 40 de
1813 3093 109 33 cette
1957 3094 137 30 corres-

129 3151 247 50 pondance,
403 3165 85 38 que
525 3151 47 40 M
576 3157 47 17 me
658 3152 219 42 Mathilde
911 3154 295 42 Wesendonk
1247 3165 73 31 eut
1364 3156 249 40 l'heureuse
1645 3155 96 40 idée
1778 3154 53 40 de
1870 3164 243 34 conserver,

128 3219 265 52 puisqu'elle
438 3222 105 38 était
578 3234 86 27 une
705 3220 287 54 justification
1034 3238 112 38 pour
1197 3225 271 47 elle-même,
1512 3238 54 26 en
1612 3228 143 36 même
1795 3231 141 43 temps
1983 3219 132 53 qu'un

129 3288 166 40 témoin
319 3297 93 32 tout
438 3292 21 36 à
480 3286 237 44 l'honneur
739 3292 53 38 de
823 3291 202 42 l'illustre
1048 3295 325 50 compositeur.

1754 3291 58 42 A.
1844 3290 106 42 SOL.

185 3424 89 41 LES
299 3425 205 42 MAITRES
528 3441 53 26 DE
619 3443 51 24 LA
704 3442 214 36 MUSIQUE,
960 3445 79 37 par
1061 3431 142 41 écoles
1243 3431 98 53 (par
1379 3430 143 42 Fabre
1560 3440 42 32 et
1644 3429 52 42 E.
1739 3427 233 55 Deheym),
2014 3424 99 41 chez

130 3491 50 40 A.
220 3493 161 53 Joanin
437 3504 40 31 et
535 3495 65 40 C
605 3528 6 16 ie
611 3491 3 57 ,
665 3511 63 36 32,
770 3511 76 27 rue
893 3498 76 40 des
1023 3498 327 50 Saints-Pères,
1404 3500 145 40 Paris.

1714 3497 273 42 L'intention
2041 3497 74 34 des
