2232 3703
2022 196 74 51 603

802 201 319 35 PUBLICATIONS
1154 209 255 27 NOUVELLES

125 307 61 37 jDâr
202 301 226 38 l'exécution,
451 313 64 29 par
536 302 296 43 l'enseignement
856 314 44 21 ou
924 314 63 29 par
1021 306 31 29 le
1072 304 125 31 travail
1217 304 267 42 philologique,
1505 313 61 24 ont
1585 306 189 33 contribué
1795 308 17 30 à
1847 305 173 32 l'histoire
2056 305 42 31 de

123 353 32 32 la
180 351 173 40 musique.
376 351 24 30 Il
425 361 17 21 a
465 351 93 31 enfin
594 351 160 32 examiné
773 355 48 28 les
844 352 250 39 publications
1126 353 191 40 françaises
1352 356 49 28 les
1424 356 79 37 plus
1540 355 234 40 importantes
1812 355 46 32 du
1895 361 67 25 xix°
1993 354 105 32 siècle

125 400 160 33 relatives
310 402 64 29 àla
397 400 163 41 musique
595 400 194 41 religieuse
805 408 32 24 et
858 403 17 29 à
898 403 31 29 la
952 401 166 40 musique
1140 402 147 39 profane
1311 402 86 32 dans
1420 405 49 30 les
1485 403 163 40 périodes
1667 405 179 32 suivantes
1867 410 69 26 :i°
1952 403 146 42 période

125 449 177 42 primitive
322 460 45 20 ou
393 448 270 42 préhellénique
683 459 67 26 ;2
757 454 10 10 0
794 448 163 42 musique
979 450 239 40 gréco-latine
1238 461 8 26 -,
1277 462 16 30 3
1300 457 12 15 0
1340 451 243 40 plaint-chant
1618 461 31 24 et
1686 454 164 41 musique
1873 455 158 30 mesurée
2053 453 44 32 du

125 508 125 31 moyen
275 502 64 37 âge
360 510 7 24 ;
391 509 20 30 4
416 502 9 11 0
445 498 166 41 musique
630 498 42 31 de
694 501 33 29 la
762 498 241 32 Renaissance
1025 506 33 24 et
1080 499 61 31 des
1167 506 117 33 temps
1309 501 198 31 modernes.
1543 502 50 31 De
1613 501 170 33 l'examen
1802 503 44 31 de
1875 513 57 21 ces
1954 510 145 25 travaux

124 548 137 41 (études
294 546 198 43 originales
512 555 35 24 et
578 547 211 41 rééditions)
807 547 22 31 il
855 558 17 21 a
913 547 66 32 tiré
1002 559 46 20 un
1071 548 129 39 exposé
1220 548 60 31 des
1300 551 116 39 règles
1435 551 18 29 à
1475 549 129 39 suivre,
1627 551 66 32 soit
1726 552 87 32 dans
1833 563 46 20 un
1900 552 124 32 travail
2056 552 42 32 de

125 597 164 40 critique,
308 596 67 32 soit
396 596 87 33 dans
510 596 160 33 l'édition
694 597 105 31 d'une
818 607 122 22 œuvre
966 596 186 33 ancienne.
1255 596 31 42 b)
1311 598 95 31 Dans
1447 600 32 29 la
1503 600 153 31 seconde
1691 601 113 39 partie
1834 602 45 30 du
1921 612 116 27 cours,
2068 604 30 29 le

128 647 199 40 professeur
346 657 16 21 a
384 647 176 39 présenté,
586 646 106 32 d'une
730 647 101 40 façon
854 645 94 33 aussi
970 649 177 37 complète
1171 655 69 32 que
1263 646 168 40 possible,
1453 657 68 22 une
1558 648 268 42 bibliographie
1865 650 153 41 critique
2053 650 42 31 de

127 694 179 33 l'Histoire
326 696 168 40 générale
515 695 44 32 de
578 697 32 30 la
630 695 178 41 musique,
826 700 235 35 comprenant
1077 697 17 29 à
1118 698 31 29 la
1171 695 66 31 fois
1263 698 49 28 les
1336 706 139 21 œuvres
1493 695 191 42 françaises
1706 706 32 23 et
1757 699 217 41 étrangères.
2000 699 98 31 Cette

125 744 104 33 étude
251 755 17 21 a
294 744 157 40 compris
475 744 85 32 trois
583 751 113 25 sortes
718 744 212 42 d'ouvrages
952 755 8 22 :
987 749 34 25 i°
1044 746 50 30 les
1129 744 214 39 répertoires
1380 744 209 42 (généraux)
1616 746 42 31 de
1689 747 270 42 bibliographie
1992 748 87 31 musi-

126 796 73 30 cale
222 805 8 25 ;
256 803 14 21 2
277 799 14 16 0
316 795 49 29 les
388 793 256 32 dictionnaires
666 793 44 31 de
726 793 165 41 musique
906 803 44 33 ;3
958 798 10 10 0
991 796 49 28 les
1064 793 176 32 Histoires
1256 795 186 40 générales
1458 803 228 31 proprement
1703 795 91 33 dites
1809 796 41 31 de
1872 800 31 28 la
1921 797 175 41 musique.

127 843 79 32 Tels
228 850 80 25 sont
329 845 50 29 les
402 843 90 31 deux
509 853 159 32 groupes
684 843 44 31 de
750 843 109 40 sujets
879 842 60 41 qui
961 850 61 24 ont
1046 842 55 33 été
1121 842 122 33 traités
1268 843 88 32 dans
1378 846 49 29 les
1446 847 119 37 leçons
1586 844 44 31 du
1655 845 109 41 jeudi.

168 892 39 31 11.
293 893 94 30 Dans
410 894 48 29 les
481 894 119 39 leçons
619 892 46 31 du
692 891 114 38 lundi,
831 892 49 30 M.
908 892 98 38 Jules
1042 890 214 34 Combarieu
1280 892 82 31 s'est
1388 894 141 30 attaché
1551 899 67 24 :i°
1640 896 16 29 à
1680 893 127 32 définir
1825 897 30 29 la
1873 894 164 42 musique
2055 905 41 21 en

126 943 201 30 elle-même
350 953 8 24 ;
383 951 16 20 2
405 947 13 15 0
433 943 18 29 à
472 951 165 30 marquer
654 951 37 21 sa
706 943 103 38 place
827 941 88 31 dans
941 943 32 29 la
997 948 124 24 nature
1141 953 8 24 ;
1175 939 33 34 3°
1225 943 17 29 à
1264 941 210 31 rechercher
1496 953 35 20 sa
1550 941 158 33 fonction
1731 943 132 32 sociale
1891 951 33 23 et
1948 953 54 22 ses
2025 943 54 32 ori-

125 990 114 41 gines.
264 990 24 30 Il
306 1000 17 21 a
345 990 130 40 exposé
497 997 33 25 et
553 990 137 31 discuté
710 993 49 28 les
778 988 212 42 principaux
1013 993 173 38 systèmes
1204 1000 59 21 sur
1289 1000 57 22 ces
1364 990 84 32 trois
1466 990 133 41 points.
1621 992 140 38 —a)Il
1783 1002 17 21 a
1822 991 120 33 étudié
1958 1002 120 22 succes-

124 1039 170 32 sivement
318 1049 6 21 :
346 1042 32 28 la
401 1038 164 42 musique
587 1046 33 25 et
650 1038 231 40 l'expression
905 1039 44 31 du
971 1038 191 33 sentiment
1190 1051 7 25 ;
1226 1042 49 29 les
1300 1040 136 40 images
1456 1040 159 31 réalisées
1621 1066 6 13 ,
1646 1040 86 32 dans
1755 1043 31 29 le
1807 1044 92 39 style
1919 1041 148 32 musical
2086 1051 8 25 ;

125 1092 30 28 la
179 1087 164 41 musique
364 1095 33 25 ©t
414 1087 258 42 l'intelligence
696 1099 7 25 ;
726 1088 87 31 dans
830 1099 46 19 un
893 1089 130 31 second
1041 1098 140 32 groupe
1200 1089 44 31 de
1266 1090 119 39 leçons
1402 1099 7 20 :
1435 1091 31 30 la
1481 1089 163 40 musique
1659 1090 137 40 d'après
1809 1093 32 29 la
1864 1090 232 42 physiologie

125 1146 31 24 et
190 1137 135 40 d'après
345 1139 49 30 les
418 1136 311 41 mathématiques.
813 1137 31 40 b)
873 1137 259 40 Comparaison
1157 1137 45 32 du
1235 1148 68 22 son
1324 1145 31 25 et
1375 1139 43 30 de
1443 1141 31 28 la
1498 1141 147 29 couleur
1665 1148 7 29 ;
1691 1142 100 37 place
1814 1139 41 31 de
1878 1143 31 28 la
1933 1141 164 39 musique

125 1186 111 42 parmi
267 1189 49 29 les
339 1187 244 39 phénomènes
612 1185 245 41 périodiques.
945 1188 33 38 c)
1018 1188 97 30 Pour
1139 1197 38 21 ce
1199 1186 61 42 qui
1296 1197 176 22 concerne
1507 1190 48 29 les
1579 1188 171 41 origines,
1771 1189 47 30 M.
1842 1189 214 32 Combarieu
2081 1200 17 20 a

127 1235 117 33 étudié
266 1238 49 29 les
338 1238 170 38 systèmes
531 1235 41 32 de
595 1236 150 31 Herbert
770 1235 172 40 Spencer,
965 1235 42 32 de
1024 1235 164 38 Darwin,
1215 1237 41 30 de
1283 1237 83 31 Karl
1387 1237 153 31 Bûcher.
1569 1237 46 31 Sa
1638 1237 208 32 conclusion
1866 1249 17 20 a
1905 1239 55 31 été
1978 1248 68 30 que
2063 1238 32 31 ni

127 1286 30 31 la
179 1284 243 42 physiologie,
443 1284 35 31 ni
501 1284 247 41 l'acoustique,
774 1284 34 31 ni
826 1284 188 38 l'histoire,
1037 1284 170 33 n'étaient
1229 1294 128 23 encore
1380 1295 41 22 en
1456 1287 72 30 état
1561 1286 41 31 de
1623 1285 138 32 donner
1782 1286 67 32 soit
1873 1296 67 22 une
1963 1287 136 32 théorie

127 1333 237 33 satisfaisante
383 1334 43 31 de
448 1336 32 29 la
505 1333 191 32 formation
736 1334 42 30 de
806 1336 32 29 la
868 1343 143 32 gamme
1040 1341 32 24 et
1105 1333 61 32 des
1186 1336 116 39 règles
1325 1334 42 31 de
1392 1334 222 36 l'harmonie,
1640 1335 67 32 soit
1731 1336 42 31 de
1799 1336 166 31 résoudre
1994 1336 20 31 d
2030 1346 69 22 une

128 1384 100 40 façon
252 1381 186 33 définitive
459 1385 32 29 le
506 1382 185 40 problème
711 1382 60 32 des
791 1382 175 41 origines.
1044 1384 51 30 Au
1117 1393 105 21 cours
1248 1383 42 31 de
1310 1393 57 22 ces
1390 1386 134 38 leçons,
1550 1386 49 29 les
1619 1384 90 31 deux
1733 1386 114 30 thèses
1881 1384 216 40 principales

130 1431 83 42 qu'il
235 1433 80 30 s'est
329 1432 141 31 attaché
489 1433 16 30 à
529 1442 150 29 exposer
701 1438 31 25 et
753 1433 18 30 à
794 1431 168 32 défendre
989 1438 79 25 sont
1086 1434 48 29 les
1172 1431 182 33 suivantes
1375 1444 6 19 :
1416 1437 34 26 i°
1477 1435 31 29 la
1531 1432 179 41 musique,
1733 1440 77 25 tout
1844 1444 40 20 en
1915 1434 95 31 étant
2036 1444 63 29 par

127 1483 198 30 excellence
346 1480 77 32 l'art
453 1480 43 32 de
518 1480 138 31 donner
678 1491 69 21 une
766 1481 118 40 image
906 1481 46 30 du
985 1480 193 33 sentiment
1203 1488 33 24 et
1274 1480 78 33 d'en
1370 1481 176 40 exprimer
1568 1484 31 29 le
1621 1482 218 40 dynamisme
1844 1507 8 12 ,
1870 1490 49 23 est
1940 1484 136 30 caracté-

127 1530 89 32 risée
240 1540 63 29 par
324 1539 44 21 lin
393 1530 97 30 mode
510 1528 39 32 de
565 1531 134 40 pensée
738 1529 134 40 spécial
895 1540 42 21 au
969 1529 173 33 musicien
1167 1542 7 24 ;
1199 1541 15 20 2
1221 1536 12 15 0
1253 1529 27 32 si
1300 1541 43 21 on
1367 1530 107 32 laisse
1497 1530 43 32 de
1562 1531 77 31 côté
1673 1533 30 29 la
1738 1531 146 40 période
1918 1532 160 39 préhisto-

130 1579 112 40 rique,
261 1578 237 33 abandonnée
518 1588 67 21 aux
606 1578 218 40 hypothèses
859 1589 90 29 pour
967 1579 70 31 s'en
1075 1578 94 33 tenir
1192 1590 66 21 aux
1283 1579 210 32 documents
1519 1579 153 37 formels,
1692 1582 31 29 la
1745 1580 172 39 première
1940 1580 156 32 fonction

130 1628 130 32 sociale
277 1628 43 31 de
341 1630 33 29 la
394 1627 166 41 musique
581 1637 36 21 se
652 1634 124 25 trouve
799 1628 88 31 dans
909 1630 50 29 les
978 1627 83 32 rites
1085 1637 110 22 oraux
1228 1628 44 31 de
1294 1630 31 29 la
1364 1628 117 41 magie
1504 1628 280 40 (incantations).
1815 1629 86 31 Bien
1940 1629 85 41 qu'il
2053 1628 45 33 ait

131 1678 165 32 consacré
316 1676 179 41 plusieurs
512 1679 121 38 leçons
651 1678 16 30 à
691 1686 38 22 ce
760 1678 105 40 sujet,
891 1677 45 31 M.
962 1676 213 32 Combarieu
1204 1687 17 21 a
1253 1687 40 21 eu
1319 1680 31 27 le
1371 1677 78 31 soin
1472 1677 42 31 de
1536 1677 166 40 prévenir
1723 1678 85 40 qu'il
1844 1687 42 21 ne
1906 1678 194 39 présentait

131 1738 60 29 pas
211 1733 91 24 cette
325 1725 162 32 doctrine
507 1735 138 22 comme
670 1726 135 31 arrêtée
827 1725 87 32 dans
941 1732 117 25 toutes
1082 1736 54 21 ses
1160 1725 145 40 parties,
1327 1725 87 32 mais
1427 1736 137 21 comme
1585 1738 45 19 un
1653 1726 87 31 essai
1764 1726 85 40 qu'il
1873 1736 36 21 se
1931 1725 168 33 réservait

131 1776 41 31 de
191 1776 194 38 compléter
397 1785 43 20 ou
465 1774 41 32 de
531 1772 174 39 modifier,
727 1774 52 31 s'il
802 1785 21 29 y
848 1785 17 20 a
888 1774 84 32 lieu.
1055 1774 117 42 Ayant
1195 1776 207 30 commencé
1430 1785 62 21 son
1513 1785 103 21 cours
1640 1785 63 29 par
1721 1775 170 41 l'analyse
1913 1775 44 31 du
1990 1775 91 32 senti-

132 1832 94 24 ment
245 1824 160 39 musical,
428 1834 91 29 pour
537 1833 124 30 passer
680 1823 139 32 ensuite
842 1826 17 29 à
879 1826 87 29 celle
988 1824 61 31 des
1067 1823 206 32 sensations
1295 1833 149 22 sonores
1470 1830 31 25 et
1523 1823 170 32 n'arriver
1710 1823 103 41 qu'en
1834 1824 142 32 dernier
1994 1824 68 32 lieu
2082 1826 16 29 à

132 1877 30 29 la
196 1873 213 40 conception
452 1879 188 33 purement
678 1872 177 41 objective
880 1873 60 32 des
964 1873 67 31 lois
1060 1873 42 31 de
1127 1875 32 30 la
1181 1872 166 41 musique
1367 1880 33 24 et
1428 1873 43 31 de
1499 1883 37 21 sa
1565 1875 101 37 place
1683 1873 88 32 dans
1801 1875 32 30 la
1867 1872 56 33 vie
1955 1873 141 37 sociale,

132 1924 44 30 M.
202 1922 211 32 Combarieu
435 1932 17 21 a
475 1921 151 32 terminé
651 1931 54 22 ses
743 1924 121 38 leçons
887 1922 45 31 du
957 1922 99 31 lundi
1077 1932 64 30 par
1165 1931 69 22 une
1256 1920 252 33 classification
1533 1929 31 24 et
1583 1932 68 21 une
1674 1922 247 40 comparaison
1947 1922 61 31 des
2032 1930 69 24 arts

130 1972 43 32 du
200 1972 139 40 rythme
361 1982 43 21 ou
432 1971 44 31 de
497 1973 31 30 la
551 1971 109 31 durée
679 1978 32 24 et
731 1970 61 32 des
812 1978 70 24 arts
902 1971 199 41 plastiques
1120 1970 59 42 (ou
1204 1978 73 25 arts
1296 1971 43 31 de
1372 1970 178 41 l'espace).

1640 1972 43 31 H.
1710 1973 44 33 R.

184 2052 120 40 Dans
337 2052 61 39 les
422 2066 27 25 n
452 2056 33 18 os
506 2052 53 39 de
581 2052 167 52 janvier
768 2056 20 35 à
810 2050 232 41 décembre
1068 2064 117 38 1905,
1221 2051 38 39 la
1294 2051 141 40 Revue
1454 2050 198 39 musicale
1676 2065 20 25 a
1725 2050 149 52 publié
1906 2063 45 28 ce
1975 2063 125 28 cours

134 2120 349 50 intégralement.

186 2224 140 41 EMILE
346 2224 214 41 BAUMANN
583 2235 8 28 :
612 2224 80 39 Les
708 2223 187 54 grandes
924 2224 162 51 formes
1110 2224 49 39 de
1178 2223 40 40 la
1246 2223 188 54 musique
1458 2238 11 32 ;
1499 2223 168 40 Vœuvre
1684 2223 49 39 de
1757 2221 179 41 Camille
1959 2221 142 40 Saint-

132 2292 131 40 Saëns
280 2293 37 48 (i
345 2293 106 47 vol.,
477 2293 101 39 chez
600 2290 281 50 Ollendorff).
978 2291 59 39 La
1060 2291 139 40 Revue
1227 2291 198 39 musicale
1446 2305 21 25 a
1492 2291 95 51 déjà
1608 2294 207 36 consacré
1853 2303 86 27 une
1974 2290 127 39 étude

134 2360 268 40 d'ensemble
425 2364 21 35 à
463 2360 186 39 l'auteur
670 2360 76 39 des
770 2358 208 39 Mélodies
999 2366 195 45 persanes
1200 2390 9 16 ,
1235 2367 40 31 et
1310 2359 82 38 elle
1416 2372 44 26 se
1492 2371 190 39 propose
1703 2359 52 38 de
1779 2358 198 39 l'étudier
2006 2371 72 38 pro-

135 2428 274 39 chainement
433 2432 20 35 à
478 2442 58 25 un
556 2429 123 50 point
698 2427 53 39 de
763 2440 83 27 vue
866 2439 216 27 nouveau.
1108 2425 96 40 Elle
1226 2435 63 31 est
1309 2426 216 39 heureuse
1547 2426 52 39 de
1614 2425 192 50 signaler
1825 2425 277 52 aujourd'hui

136 2510 57 25 un
216 2496 153 38 travail
393 2495 190 50 original
604 2508 75 26 sur
700 2503 124 31 notre
846 2494 140 50 grand
1007 2495 298 50 compositeur
1326 2493 204 50 français.

189 2561 75 41 S'il
288 2571 64 31 est
372 2576 85 26 une
476 2563 131 39 chose
627 2575 110 37 rare,
763 2562 102 40 c'est
897 2577 58 24 un
978 2564 183 49 critique
1181 2564 73 49 qui
1279 2562 83 38 soit
1383 2574 53 26 en
1460 2565 142 35 même
1622 2569 140 43 temps
1791 2575 58 25 un
1872 2566 139 46 poète.
2042 2560 61 39 Le

136 2629 102 41 livre
261 2631 24 39 d
305 2625 140 45 EMILE
470 2630 216 40 BAUMANN
711 2630 174 51 remplit
901 2637 109 32 cette
1042 2628 162 40 double
1227 2629 224 39 condition
1471 2643 6 24 :
1523 2626 130 42 d'une
1675 2632 150 47 portée
1863 2627 240 40 doctrinale

137 2700 71 48 qui
231 2696 163 42 s'étend
414 2712 52 26 au
487 2698 96 39 delà
614 2698 52 38 de
689 2697 38 39 la
752 2698 205 50 musique
973 2697 273 47 elle-même,
1273 2696 205 51 synthèse
1521 2696 172 38 concise
1735 2703 41 31 et
1816 2693 288 53 approfondie

136 2763 74 41 des
240 2765 191 49 grandes
451 2764 163 41 formes
638 2765 234 39 musicales
913 2764 234 40 modernes
1171 2766 259 47 envisagées
1449 2762 110 40 dans
1591 2762 94 39 leur
1706 2762 223 39 évolution
1967 2762 114 39 histo-

139 2846 120 37 rique
278 2841 40 31 et
338 2833 194 51 logique,
552 2833 155 51 depuis
727 2832 39 40 la
792 2834 204 50 musique
1035 2832 54 39 de
1120 2830 207 41 chambre
1350 2828 171 54 jusqu'à
1545 2827 178 41 l'œuvre
1757 2830 223 50 scénique,
2018 2829 27 39 il
2082 2844 20 24 a

137 2912 107 38 pour
263 2908 144 32 centre
431 2900 37 40 le
501 2900 364 52 développement
900 2900 57 40 du
981 2900 98 51 plus
1115 2899 205 51 complet,
1355 2898 58 39 du
1450 2897 97 51 plus
1570 2897 219 51 classique
1821 2896 75 40 des
1933 2898 171 38 artistes

138 2969 368 51 contemporains,
531 2969 53 38 de
607 2968 110 40 celui
738 2981 84 37 que
841 2967 200 49 Wagner
1069 2975 40 31 et
1134 2966 120 40 Liszt
1293 2965 248 51 appelaient
1566 2977 19 24 «
1627 2964 36 39 le
1705 2964 100 52 plus
1846 2964 141 50 grand
2029 2964 76 40 des

139 3036 233 39 musiciens
392 3034 189 51 français
606 3048 36 26 ».
668 3034 32 40 Il
724 3037 85 38 suit
829 3035 39 39 la
901 3034 237 40 formation
1158 3035 154 38 intime
1331 3033 52 39 de
1406 3046 81 26 son
1505 3040 78 39 art,
1618 3032 62 40 les
1703 3040 170 43 aspects
1894 3033 142 38 variés
2054 3031 53 39 de

140 3114 66 27 ses
228 3103 284 51 productions
533 3116 103 27 avec
673 3116 86 27 une
790 3103 211 40 certitude
1036 3102 377 51 d'interprétation
1436 3108 39 32 et
1499 3115 58 25 un
1578 3100 109 52 style
1710 3101 72 49 qui
1822 3098 91 41 font
1954 3112 153 39 passer

142 3168 106 41 dans
281 3169 61 42 les
360 3180 113 31 mots
491 3172 38 39 la
574 3170 236 41 substance
830 3171 76 39 des
928 3175 179 47 poèmes
1128 3173 208 47 évoqués.

193 3274 206 42 RICHARD
434 3276 209 43 WAGNER
680 3292 25 23 A
751 3276 239 40 MATHILDE
1022 3275 300 41 WESENDONK
1368 3273 182 54 Journal
1585 3282 41 31 et
1658 3273 164 47 lettres,
1859 3273 245 50 1853-1871.

140 3340 265 42 Traduction
425 3343 52 40 de
499 3343 252 40 l'allemand
774 3357 80 37 par
879 3342 190 53 Georges
1083 3340 208 55 Khnopff.
1317 3338 140 54 (Chez
1479 3338 52 42 O.
1561 3339 154 50 Mieth,
1735 3354 41 35 4,
1812 3352 74 26 rue
1907 3338 51 39 de
1983 3337 122 47 Buci,

141 3406 157 54 Paris.)
385 3409 124 41 Nous
534 3425 136 26 avons
691 3415 200 35 annoncé
906 3411 28 38 il
951 3423 69 39 ya
1042 3421 60 28 un
1122 3423 70 33 an,
1208 3409 109 39 dans
1341 3417 124 31 notre
1481 3413 47 35 n°
1549 3421 42 26 21
1610 3406 8 48 (
1634 3422 10 24 i
1653 3412 33 17 er
1702 3405 237 41 novembre
1970 3404 135 51 1904),

143 3473 36 40 la
202 3475 270 51 publication
513 3479 52 39 de
597 3492 70 27 ces
710 3484 85 35 très
829 3481 314 37 intéressantes
1183 3477 165 46 lettres,
1390 3476 100 40 chez
1525 3476 196 48 Dunker,
1748 3478 21 35 à
1793 3473 147 40 Berlin
1964 3488 7 24 :
1999 3483 110 29 nous
