4308 5603
837 4870 82 57 48

826 546 186 61 selon
1061 543 220 79 lequel
1330 541 95 63 les
1472 536 353 85 syndicats
1874 529 520 88 professionnels
2444 524 280 64 doivent
2773 538 66 44 se
2890 517 247 61 borner
3186 516 34 61 à
3274 532 70 45 se
3394 517 359 61 concerter

827 658 175 61 pour
1034 663 24 30 «
1090 634 257 64 l'étude
1381 639 69 58 et
1483 634 62 61 la
1582 631 271 64 défense
1891 629 81 61 de
2002 627 178 63 leurs
2212 621 285 66 intérêts
2529 612 478 83 économiques
3040 634 46 37 ».

1005 732 152 63 Cela
1191 729 236 64 devait
1455 724 276 66 arriver.
1764 726 127 60 Les
1918 741 183 45 rares
2129 717 244 85 esprits
2404 714 462 78 clairvoyants
2895 705 117 83 qui
3046 724 81 42 ne
3159 724 69 42 se
3264 702 203 64 firent
3494 704 254 81 jamais

831 824 376 64 d'illusions
1249 841 115 45 sur
1401 824 68 61 la
1508 822 237 63 valeur
1787 819 82 62 de
1906 817 64 63 la
2013 815 88 63 loi
2145 815 81 63 de
2272 810 184 73 1884,
2500 805 329 66 l'avaient
2869 800 156 63 bien
3069 798 237 83 prévu.
3352 797 56 62 L
3437 798 184 63 étude
3667 819 80 42 en

827 937 322 44 commun
1190 917 113 63 des
1340 913 285 65 intérêts
1664 913 150 82 plus
1850 930 88 44 ou
1975 907 220 64 moins
2228 903 409 82 identiques,
2678 898 139 63 cela
2856 898 166 80 peut
3059 893 169 63 faire
3264 891 362 83 beaucoup
3670 891 83 63 de

829 1012 156 64 bien
1024 1017 69 57 et
1129 1012 142 62 cela
1308 1030 83 43 ne
1427 1010 128 61 fait
1594 1008 80 63 de
1711 1007 137 62 mal
1886 1005 35 63 à
1960 1020 351 66 personne.
2350 998 172 64 Mais
2556 996 63 63 la
2656 993 276 83 défense,
2951 988 166 63 c'est
3152 1007 136 44 une
3323 990 202 59 autre
3562 986 188 82 paire

831 1107 83 62 de
961 1107 345 62 manches.
1359 1105 149 73 Car,
1560 1122 82 44 en
1689 1100 288 64 matière
2021 1096 349 83 syndicale
2417 1108 263 48 comme
2727 1107 81 42 en
2858 1083 284 64 matière
3191 1081 376 75 nationale,
3599 1083 112 79 qui-

827 1220 269 61 conque
1135 1205 170 57 veut
1344 1201 328 78 attaquer
1709 1201 246 56 trouve
1994 1191 315 81 toujours
2350 1188 116 62 des
2507 1184 345 83 prétextes
2895 1176 342 66 défensifs.

1005 1294 98 63 La
1142 1294 92 61 loi
1276 1293 81 62 de
1405 1293 166 62 1884
1613 1289 112 63 n'a
1765 1288 226 66 oublié
2031 1286 253 83 qu'une
2326 1284 218 70 chose,
2590 1278 115 83 qui
2746 1274 323 83 s'appelle
3108 1272 59 63 le
3210 1269 308 85 principe
3562 1271 83 62 de
3687 1272 63 61 la

826 1388 545 83 responsabilité.
1411 1388 99 62 La
1549 1384 321 65 coalition
1909 1403 83 42 ne
2028 1386 167 78 peut
2233 1398 120 64 pas
2390 1379 322 80 apporter
2751 1372 79 61 de
2868 1369 333 64 solutions
3239 1366 509 83 économiques,

832 1501 115 42 car
986 1482 122 61 elle
1152 1482 178 61 n'est
1371 1499 123 63 pas
1533 1479 248 63 fondée
1820 1496 111 44 sur
1972 1477 64 61 la
2077 1474 237 64 valeur
2355 1472 113 61 des
2510 1467 305 65 services.
2863 1464 145 61 Llle
3051 1482 40 43 n
3123 1464 293 79 apporte
3459 1479 133 61 que
3635 1460 118 61 des

832 1577 336 63 solutions
1208 1574 388 83 politiques,
1643 1593 200 62 parce
1884 1570 244 83 qu'elle
2168 1572 104 59 est
2311 1565 243 65 fondée
2593 1582 112 44 sur
2744 1564 63 59 la
2849 1560 183 61 force
3073 1557 93 64 du
3208 1555 286 63 nombre
3538 1576 82 42 ou
3670 1555 85 63 de

831 1669 64 62 la
932 1669 361 81 puissance
1327 1667 294 83 acquise.
1664 1667 88 64 Ce
1787 1665 175 61 n'est
1997 1684 122 61 pas
2153 1664 59 61 le
2250 1659 315 84 syndicat
2600 1653 115 85 qui
2754 1655 298 61 donnera
3090 1670 137 44 aux
3264 1648 306 65 ouvriers
3604 1648 149 65 leur

834 1765 188 80 juste
1085 1764 111 72 dû,
1262 1784 134 40 non
1462 1782 122 61 pas
1647 1758 623 85 corporativement
2329 1755 168 63 mais
2558 1748 635 66 individuellement
3255 1745 170 63 dans
3489 1743 269 83 chaque

836 1857 437 81 corporation
1325 1877 12 41 :
1391 1857 168 61 c'est
1603 1852 460 66 l'association
2114 1847 484 67 contractuelle
2649 1845 82 62 de
2775 1841 272 65 travail.

1015 1951 78 63 13
1130 1951 171 63 Mai.
1342 1990 86 6 —
1469 1950 103 62 On
1613 1968 69 43 se
1723 1948 284 81 prépare
2035 1946 45 63 'à
2123 1963 66 44 se
2229 1943 227 64 réunir
2493 1943 38 61 à
2573 1941 132 80 Spa
2744 1945 193 56 entre
2974 1935 207 64 Alliés
3220 1938 69 59 et
3328 1933 427 73 Allemands,

836 2045 172 62 mais
1056 2063 86 43 on
1190 2043 325 64 continue
1562 2045 36 61 à
1647 2063 66 43 se
1760 2043 232 63 battre
2035 2058 167 46 avec
2246 2055 156 64 rage
2448 2038 37 63 à
2532 2036 180 63 Kiev
2758 2038 191 57 entre
2993 2033 254 61 Russes
3294 2034 68 58 et
3410 2028 345 74 Polonais,

836 2136 196 64 sinon
1063 2143 193 57 entre
1286 2138 252 61 Russes
1569 2141 69 58 et
1667 2136 274 63 Russes.
1975 2134 586 61 Reverrons-nous
2592 2148 89 42 un
2710 2129 154 80 jour
2891 2128 58 59 le
2981 2129 224 76 temps
3237 2124 79 63 où
3352 2123 63 62 la
3447 2121 311 64 violence

834 2231 461 81 apparaissait
1337 2231 37 63 à
1418 2236 159 56 tout
1618 2231 61 61 le
1720 2229 250 63 monde
2013 2244 262 46 comme
2317 2244 129 43 une
2490 2221 513 64 manifestation
3046 2217 311 65 imbécile
3401 2216 117 62 des
3565 2216 161 62 diffé-

837 2343 232 45 rences
1115 2331 68 56 et
1229 2326 115 61 des
1391 2324 435 81 divergences
1872 2341 130 63 que
2045 2322 93 61 les
2182 2319 306 64 hommes
2512 2322 156 58 sont
2688 2316 313 81 toujours
3051 2312 399 65 finalement
3496 2310 257 82 obligés

839 2419 81 61 de
966 2419 188 63 subir
1196 2424 70 58 et
1310 2417 550 65 d'accommoder
1904 2417 34 63 à
1984 2417 176 61 leurs
2206 2414 265 64 besoins
2514 2412 428 81 réciproques
2974 2410 33 61 ?
3054 2405 373 66 Peut-être.
3476 2407 88 63 Ce
3608 2424 149 46 sera

837 2512 273 81 lorsque
1149 2514 93 61 les
1286 2514 278 81 peuples
1604 2512 339 81 aveugles,
1985 2510 100 63 las
2128 2510 78 61 de
2248 2507 264 64 n'avoir
2551 2527 80 43 eu
2673 2526 169 62 pour
2883 2504 185 62 chefs
3108 2522 132 63 que
3283 2502 115 62 des
3438 2500 314 83 borgnes,

834 2605 457 64 réclameront
1332 2607 64 62 la
1444 2605 330 63 direction
1823 2605 81 61 de
1950 2624 169 42 ceux
2163 2602 117 83 qui
2326 2607 122 57 ont
2488 2602 177 61 leurs
2710 2600 178 61 deux
2932 2617 202 63 yeux.

1020 2700 78 63 15
1137 2700 168 63 Mai.
1345 2739 88 7 —-
1471 2700 127 61 Les
1635 2703 281 77 troupes
1957 2698 81 61 de
2074 2697 64 62 la
2179 2695 430 64 Reichswehr
2648 2698 213 78 ayant
2898 2691 254 65 évacué
3188 2691 64 61 la
3294 2690 217 74 Ruhr,
3555 2690 198 62 celles

841 2793 81 61 de
966 2793 63 61 la
1073 2793 261 61 France
1378 2796 169 58 vont
1589 2791 291 63 évacuer
1925 2790 589 62 Francfort.Much
2558 2788 130 63 ado
2731 2786 213 63 about
2990 2783 308 83 nothing.
3344 2783 176 64 Mais
3562 2783 54 63 si
3657 2783 98 63 les

837 2886 375 81 prétendus
1249 2885 288 82 dangers
1572 2885 119 82 qui
1726 2890 124 57 ont
1886 2885 257 62 motivé
2179 2903 106 42 ces
2319 2885 474 60 mouvements
2829 2879 350 63 militaires
3213 2878 241 62 vident
3493 2896 91 44 un
3621 2896 129 63 peu

839 2979 151 80 plus
1029 2981 93 61 les
1164 2979 249 82 poches
1455 2979 116 61 des
1610 2978 509 64 contribuables
2157 2976 292 80 français
2488 2981 66 58 et
2593 2974 395 73 allemands,
3032 2993 85 44 on
3157 2993 166 44 aura
3366 2973 81 62 de
3489 2976 154 78 part
3686 2976 69 58 et

836 3072 272 65 d'autre
1151 3072 225 63 donné
1417 3093 140 44 aux
1596 3072 345 82 généraux
1984 3078 69 57 et
2092 3091 137 44 aux
2253 3071 279 62 officiers
2575 3071 323 81 quelques
2925 3069 346 81 prétextes
3313 3067 440 63 d'existence.

839 3166 129 64 Sur
1022 3186 74 42 ce
1152 3167 217 80 point,
1428 3167 95 63 les
1579 3167 461 61 militarism.es
2096 3171 230 57 seront
2377 3164 313 81 toujours
2746 3162 335 75 d'accord,
3140 3167 68 58 et
3264 3162 317 82 toujours
3635 3181 80 42 au-

839 3260 235 66 dessus
1120 3260 90 61 du
1257 3260 456 82 patriotisme,
1760 3260 117 82 qui
1926 3259 268 62 devrait
2238 3257 379 85 cependant
2665 3257 325 64 consister
3035 3257 36 61 à
3118 3257 320 81 ménager
3481 3257 61 61 le
3587 3272 170 65 sang

839 3359 70 57 et
953 3355 93 61 les
1088 3372 379 44 ressources
1513 3354 115 62 des
1676 3354 272 81 patries.
1999 3354 105 62 On
2151 3372 80 43 ne
2275 3352 218 63 fusille
2538 3371 118 62 pas
2703 3371 168 62 pour
2915 3352 141 63 cela
3101 3371 100 44 ses
3247 3350 364 83 partisans.
3664 3350 89 65 Ce

841 3445 472 83 désagrément
1381 3445 298 64 n'arriva
1747 3447 161 79 qu'à
1974 3447 325 79 quelques
2365 3445 440 75 aventuriers,
2874 3464 260 42 comme
3201 3447 295 79 naguère
3555 3443 197 65 Rolo.

837 3558 266 46 comme
1164 3542 440 79 aujourd'hui
1687 3540 238 83 Toqué
1975 3547 70 55 et
2097 3558 100 44 ses
2239 3540 251 62 émules
2534 3540 81 62 de
2654 3542 63 60 la
2759 3564 24 32 «
2825 3540 285 62 Gazette
3152 3538 115 63 des
3308 3540 356 62 Ardennes
3706 3562 44 49 »,

834 3633 403 64 malhabiles
1284 3635 36 61 à
1367 3633 317 63 concilier
1726 3635 178 61 leurs
1950 3633 249 81 petites
2245 3633 267 63 affaires
2556 3652 164 44 avec
2764 3633 60 61 le
2871 3633 180 61 culte
3096 3633 115 61 des
3257 3633 232 63 idoles.

925 3728 85 61 20
1036 3726 171 64 Mai.
1240 3729 58 61 A
1327 3746 252 63 propos
1610 3726 91 63 du
1730 3728 283 79 change.
2024 3765 75 5 —
2129 3726 104 63 On
2263 3731 312 58 constate
2604 3726 235 81 depuis
2868 3726 327 81 quelques
3220 3726 190 81 jours
3438 3746 132 43 une
3598 3724 159 65 vive

836 3821 303 63 réaction
1178 3821 171 64 dans
1383 3823 61 61 le
1477 3821 278 63 marché
1791 3821 83 63 de
1908 3821 281 83 change.
2226 3823 96 59 La
2358 3821 220 63 baisse
2612 3821 410 63 continuelle
3054 3821 88 61 du
3179 3821 192 63 franc
3403 3821 128 63 fait
3567 3821 191 81 place

837 3914 158 64 àun
1019 3916 421 62 relèvement
1464 3916 322 79 brusque,
1814 3919 65 58 et
1908 3921 196 56 notre
2150 3914 186 81 signe
2392 3914 376 63 monétaire
2788 3931 290 64 regagne
3101 3934 82 43 en
3206 3916 168 62 trois
3401 3934 86 43 ou
3513 3919 247 78 quatre

832 4006 193 84 jours
1059 4026 73 44 ce
1166 4007 168 81 qu'il
1366 4007 194 65 avait
1594 4007 214 81 perdu
1845 4028 80 42 en
1963 4011 153 77 près
2150 4007 79 61 de
2267 4007 177 61 deux
2478 4007 192 65 mois.
2707 4007 91 63 Le
2834 4007 234 73 dollar,
3101 4009 65 61 la
3198 4007 191 75 livre,
3427 4012 67 58 et
3526 4014 234 58 autres

839 4102 264 63 devises
1129 4102 81 63 de
1240 4121 173 64 pays
1439 4102 118 80 qui
1581 4109 122 54 ont
1733 4102 307 81 échappé
2072 4102 37 61 à
2140 4102 62 63 la
2233 4117 257 65 guerre,
2526 4121 84 42 ou
2642 4102 138 81 qui,
2805 4122 42 60 y
2880 4102 196 63 étant
3105 4104 245 73 entrés,
3386 4107 122 58 ont
3537 4102 223 64 moins

836 4214 133 62 que
1014 4197 59 61 le
1117 4199 196 59 nôtre
1352 4195 197 63 laissé
1594 4195 325 63 s'avarier
1960 4197 146 61 leur
2150 4197 321 71 finances,
2515 4195 236 63 voient
2793 4195 335 63 diminuer
3167 4197 144 61 leur
3352 4197 408 64 formidable

839 4290 410 80 plus-value.

927 4383 88 63 Ce
1046 4381 426 82 phénomène
1503 4402 90 42 va
1625 4400 154 44 sans
1813 4381 211 63 doute
2053 4381 251 80 réjouir
2334 4383 93 61 les
2460 4381 404 82 optimistes.
2900 4383 127 61 Les
3057 4383 325 81 Pangloss
3416 4385 88 61 du
3538 4385 185 62 natio-

839 4476 285 63 nalisme
1230 4476 117 82 qui
1439 4476 367 73 d'ailleurs,
1899 4476 400 63 affectaient
2390 4476 83 63 de
2565 4476 387 63 n'attacher
3029 4480 255 79 qu'une
3332 4478 428 83 importance

836 4568 360 64 restreinte
1259 4569 41 63 à
1371 4569 64 63 la
1503 4568 466 83 dépréciation
2033 4569 81 63 de
2172 4574 196 56 notre
2409 4569 318 63 monnaie
2793 4569 483 65 relativement
3315 4591 137 43 aux
3503 4578 252 69 autres,

839 4669 168 56 vont
1051 4663 437 62 maintenant
1537 4664 371 80 s'emparer
1969 4663 81 64 de
2111 4664 62 61 la
2238 4663 460 81 dépréciation
2783 4664 80 61 de
2924 4664 286 63 celles-ci
3261 4685 171 61 pour
3465 4668 297 62 affirmer
