4308 5603
925 4834 36 50 4

924 621 179 67 pour
1156 595 169 78 moi,
1355 595 129 66 P...
1537 587 203 71 avait
1763 583 251 70 enlevé
2039 580 102 66 les
2190 571 244 94 grains
2486 570 97 68 du
2636 561 243 73 collier
2930 578 186 70 pour
3167 556 68 68 le
3289 555 378 88 déprécier
3719 561 76 63 et

924 702 254 68 l'avoir
1233 702 36 64 à
1328 695 324 68 meilleur
1704 692 313 83 compte.
2078 682 94 69 Ce
2222 676 246 72 collier
2519 668 250 69 venait
2825 665 98 67 du
2978 663 169 88 pèie
3204 661 82 66 dt
3352 660 122 67 5...
3533 665 78 61 et
3667 660 123 69 5...

927 824 88 47 ne
1059 800 284 70 voulait
1388 817 132 69 pas
1564 795 62 66 le
1672 781 574 80 vendre.C'était
2290 802 98 45 un
2437 775 231 71 colliei
2725 770 253 67 monte
3023 770 173 62 tout
3245 763 198 68 droit
3494 763 90 68 de
3633 763 20 68 1
3687 785 72 46 es-

927 905 173 88 pèce
1144 903 149 66 dite
1338 927 26 34 «
1406 897 241 69 collier
1691 893 88 68 de
1823 890 206 69 chien
2073 914 27 35 »
2143 890 73 62 et
2260 905 35 46 c
2327 880 185 69 était
2554 895 178 71 pour
2781 893 71 46 se
2898 866 417 76 conformer
3359 864 42 70 à
3447 864 155 68 cela
3648 885 149 69 que

930 1008 115 68 5...
1106 1005 122 90 qui
1284 1002 185 69 était
1521 997 192 71 aussi
1769 1017 93 46 un
1918 993 184 68 idiot
2155 986 249 70 faisait
2456 986 246 87 porter
2754 978 63 64 le
2873 973 245 69 collier
3172 990 136 69 par
3362 990 134 47 son
3553 968 239 69 chien.

930 1110 114 66 Un
1095 1110 162 86 jour
1306 1107 65 64 le
1418 1101 240 70 collier
1709 1100 352 86 disparut.
2116 1093 203 68 Nous
2368 1081 582 93 soupçonnâmes
3000 1076 105 68 P..
3164 1074 86 66 de
3301 1073 268 69 l'avoir
3619 1073 175 88 pris,

929 1210 184 69 mais
1144 1232 37 46 c
1213 1206 183 70 était
1428 1227 92 44 un
1560 1203 142 68 ami
1736 1206 73 61 et
1841 1200 183 66 dans
2055 1217 78 45 ce
2165 1215 120 47 cas
2315 1193 68 66 là
2419 1212 91 45 on
2546 1208 39 46 a
2615 1184 341 87 toujours
2988 1200 179 67 peur
3201 1178 92 66 de
3325 1196 74 48 se
3430 1183 360 81 tromper.

930 1311 220 68 Enfin
1191 1330 142 46 une
1369 1305 164 69 nuit
1567 1323 142 70 que
1743 1300 266 91 j'avais
2045 1296 270 68 couche
2354 1293 171 68 chez
2564 1289 129 66 P...
2737 1284 164 68 bien
2942 1303 142 68 que
3120 1281 74 90 je
3230 1281 66 66 le
3333 1279 232 68 tinsse
3607 1300 177 66 poui

930 1435 97 46 un
1061 1415 255 66 voleur
1349 1432 120 45 car
1503 1408 188 68 voilà
1731 1406 166 66 bien
1931 1403 102 66 les
2067 1393 636 93 compromissions
2742 1391 85 66 de
2862 1388 68 67 la
2964 1388 142 76 vie,
3147 1386 132 66 P...
3321 1406 19 44 1
3360 1388 214 64 entra
3613 1384 44 66 cl
3694 1403 101 47 un

930 1516 115 68 bal
1083 1513 330 69 costumé
1448 1532 177 45 avec
1658 1510 66 66 le
1757 1506 240 70 collier
2031 1505 88 66 de
2153 1501 206 68 chien
2395 1518 120 47 sur
2549 1516 127 46 son
2715 1511 263 70 propre
3011 1510 161 47 cou.
3211 1488 95 67 Je
3340 1508 91 47 ne
3467 1486 330 69 dormais

930 1638 154 70 pas,
1134 1618 72 86 je
1252 1616 112 66 vis
1411 1620 93 61 où
1552 1613 49 66 il
1648 1613 65 66 le
1762 1606 271 93 plaçait
2080 1611 73 63 et
2202 1603 210 88 après
2458 1620 127 47 son
2637 1594 352 80 sommeil,
3040 1596 21 86 j
3106 1591 203 69 allais
3359 1591 64 68 le
3475 1589 322 90 prendre

930 1725 77 62 et
1042 1720 66 66 le
1147 1718 256 66 rendre
1442 1718 40 66 à
1523 1735 129 47 son
1694 1708 494 93 propriétaire,
2229 1708 71 86 je
2337 1699 371 73 retrouvai
2749 1698 190 69 aussi
2981 1698 103 66 les
3121 1694 270 90 grains.
3440 1692 310 70 Connaît-

934 1841 89 48 on
1081 1841 141 68 que
1276 1819 130 67 P...
1465 1838 116 46 me
1630 1814 223 68 traite
1907 1814 85 65 de
2045 1811 252 66 voleur
2331 1808 34 66 ?
2424 1806 164 68 Cela
2641 1801 216 69 faillit
2912 1803 237 64 même
3204 1799 178 66 aller
3435 1797 154 68 très
3643 1796 149 69 loin

934 1921 308 88 puisque
1281 1923 39 64 à
1362 1938 120 47 ma
1520 1918 201 67 table
1760 1916 88 66 de
1887 1933 234 57 noces,
2163 1913 63 64 le
2265 1911 164 86 jour
2470 1908 86 66 de
2595 1926 171 46 mon
2807 1904 343 86 mariage,
3194 1901 46 66 il
3286 1906 127 62 eut
3453 1901 342 66 l'audace

934 2024 183 66 dans
1164 2041 80 48 sa
1288 2021 169 68 folie
1506 2019 368 68 d'homme
1918 2016 154 66 ivre
2121 2014 86 65 de
2256 2013 148 66 dire
2453 2031 140 66 que
2639 2009 20 88 j
2702 2007 201 68 avais
2952 2028 97 44 un
3099 2004 231 69 casier
3375 2002 417 90 judiciaire.

932 2126 91 66 Je
1073 2145 115 47 me
1235 2123 258 67 bornai
1545 2124 41 65 à
1636 2121 188 88 prier
1875 2119 126 66 des
2050 2117 181 68 amis
2283 2116 85 64 de
2417 2114 64 66 le
2531 2112 179 66 faire
2759 2109 237 69 sortir,
3050 2109 168 90 puis
3265 2106 348 91 j'exigeai
3667 2106 130 67 des

932 2246 322 48 excuses.
1310 2226 194 66 Tout
1555 2224 88 66 de
1694 2224 232 65 même
1975 2221 49 64 il
2075 2241 36 44 a
2166 2216 314 88 compris
2531 2236 76 46 ce
2658 2234 138 68 que
2851 2212 177 68 c'est
3081 2233 139 67 que
3277 2212 88 65 de
3416 2211 229 67 voler.

1122 2329 145 65 Peu
1323 2327 88 67 de
1457 2331 244 81 temps
1750 2322 208 88 après
2007 2327 192 61 cette
2249 2324 192 63 sotte
2490 2317 320 78 histoire,
2862 2317 70 87 je
2984 2314 273 90 quittai
3309 2316 66 66 le
3426 2312 378 92 régiment

935 2429 88 68 de
1066 2427 642 88 Preparparensky
1748 2431 73 61 et
1860 2426 64 66 le
1975 2426 576 86 gouvernement
2585 2421 86 66 de
2712 2419 420 68 Missmolen
3186 2422 95 65 où
3325 2424 215 61 notre
3582 2438 160 47 mau-

932 2529 200 69 vaise
1184 2529 346 68 conduite
1575 2548 182 45 nous
1802 2526 204 67 avait
2050 2524 257 69 mérité
2349 2524 65 66 le
2468 2522 266 88 mépris
2788 2522 311 88 général.
3160 2521 292 67 J'avais
3506 2519 289 68 obtenu

942 2651 131 68 par
1117 2632 64 65 la
1239 2631 270 66 famille
1562 2629 86 66 de
1697 2648 121 47 ma
1867 2627 266 66 femme
2182 2646 139 46 une
2371 2625 204 87 place
2624 2624 398 66 excellente
3071 2625 42 65 à
3166 2622 519 88 Pétersbourg.

2004 2766 350 68 JAMAIS
2410 2764 240 70 PLUS
2688 2766 12 64 !

1120 2890 112 67 Tu
1272 2910 80 46 as
1391 2890 184 66 vécu
1620 2908 84 44 en
1747 2888 159 64 face
1950 2888 86 64 de
2075 2886 315 87 l'Eglise,
2437 2886 180 66 dans
2663 2886 122 66 des
2829 2886 208 66 salles
3081 2886 167 66 bien
3293 2885 226 67 cirées
3562 2890 93 62 où
3704 2886 91 66 de

932 2991 207 66 chers
1184 2990 369 66 vieillards
1597 2986 488 88 t'enseignent
2128 2988 67 66 la
2243 2993 213 61 vertu
2507 3006 166 48 sans
2718 2986 324 68 lunettes
3088 2993 71 61 et
3206 3008 134 66 par
3372 2986 418 90 l'exemple.

932 3093 110 66 Tu
1078 3111 79 48 as
1189 3091 182 66 vécu
1408 3111 167 46 sous
1609 3091 173 66 l'arc
1819 3091 87 65 de
1938 3089 367 87 triomphe
2339 3110 176 47 avec
2551 3091 123 65 des
2708 3089 305 68 échelles
3049 3096 72 61 et
3162 3091 125 66 des
3318 3091 262 88 jeunes
3614 3110 181 69 gens

930 3183 286 69 blonds.

1120 3284 110 65 Tu
1264 3303 78 47 as
1374 3283 185 67 vécu
1592 3283 182 66 dans
1806 3284 100 66 les
1938 3283 235 67 hôtels
2205 3284 326 66 meublés
2561 3289 88 61 où
2686 3284 100 66 les
2820 3284 290 88 plantes
3145 3286 126 66 des
3299 3286 288 88 jardins
3621 3291 173 63 sont

934 3384 442 68 artificielles
1410 3389 72 61 et
1516 3387 87 63 où
1643 3389 168 61 tout
1845 3389 162 61 sent
2038 3384 64 66 le
2134 3384 209 66 moisi
2376 3387 232 65 même
2641 3386 101 68 les
2774 3389 556 66 conversations
3364 3394 425 63 nocturnes.

1120 3487 112 65 Tu
1274 3506 80 46 as
1394 3486 100 66 bu
1540 3486 124 66 des
1708 3486 198 67 nuits
1950 3487 306 66 entières
2300 3487 180 66 dans
2525 3489 320 68 d'autres
2888 3491 259 79 hôtels,
3198 3513 177 46 avec
3423 3492 127 68 des
3594 3514 150 46 com-

935 3587 300 87 pagnies
1303 3592 74 61 et
1443 3587 129 66 des
1640 3586 279 67 divans.

1120 3689 98 66 Et
1262 3694 85 59 tu
1393 3687 155 66 n'as
1596 3708 127 67 pas
1769 3691 218 84 songé
2031 3711 141 66 que
2214 3696 130 61 ton
2390 3692 174 65 Père
2610 3694 274 66 Céleste
2927 3701 74 61 te
3045 3697 395 87 regardait,
3491 3719 142 68 que
3682 3706 113 61 tes

929 3787 225 68 frères
1210 3789 299 66 célestes
1565 3789 124 88 qui
1748 3796 168 59 sont
1970 3791 100 66 les
2128 3809 218 70 anges
2398 3799 73 61 te
2529 3796 479 86 regardaient.

1117 3889 470 67 Maintenant
1638 3895 83 61 tu
1775 3890 183 66 crois
2011 3912 140 66 que
2204 3894 66 66 la
2322 3895 115 65 vie
2488 3902 341 63 terrestre
2881 3901 349 67 continue
3284 3924 217 66 parce
3555 3906 239 88 qu'un

929 3990 267 66 démon
1237 3990 125 87 qui
1403 3992 388 66 ressemble
1831 4012 92 46 au
1965 3995 212 83 poète
2229 3995 195 66 Fritz
2476 3997 424 90 Vanderpyl
2957 4002 324 80 t'invite,
3335 4006 110 66 t'a
3491 4004 242 69 invité
3777 4029 13 43 :

929 4090 50 66 il
1020 4112 225 46 ouvre
1288 4112 142 46 une
1472 4099 357 81 soupente
1874 4114 181 66 pour
2094 4095 105 66 toi
2243 4117 84 46 en
2370 4099 333 67 ricanant
2744 4109 74 59 et
2859 4104 88 76 là,
2967 4111 83 59 tu
3096 4126 71 46 es
3213 4105 185 70 dans
3442 4129 142 46 une
3629 4109 168 68 nuit

927 4210 171 50 sans
1142 4192 298 66 lucarne
1486 4199 74 59 et
1606 4212 169 49 sans
1821 4195 256 87 espoir.
2131 4197 445 68 Serait-ce....
2619 4202 33 64 ?
2702 4202 325 68 Horreur
3061 4207 11 64 !
3127 4209 171 86 quoi
3348 4229 175 47 mon
3575 4210 215 78 Dieu,

927 4312 152 47 mes
1118 4292 268 67 larmes
1430 4314 88 45 ne
1560 4314 185 47 vous
1785 4297 647 69 toucheront-elles
2476 4322 131 66 pas
2642 4304 36 66 ?

1123 4393 56 65 Il
1215 4398 112 61 est
1359 4398 167 82 trop
1562 4395 169 66 tard
1767 4397 10 64 !
1819 4417 121 46 ma
1973 4400 155 64 tête
2163 4400 337 68 heurtera
2539 4405 61 65 ie
2634 4407 144 64 toit
2813 4412 73 61 et
2922 4409 62 66 le
3020 4431 166 45 mur
3221 4417 77 63 et
3331 4414 158 67 cela
3528 4436 161 47 sera
3726 4417 69 66 la

927 4493 164 68 nuit
1132 4495 362 85 toujours.
1542 4497 103 66 La
1689 4500 213 75 terre,
1929 4497 70 69 la
2043 4500 206 66 chère
2295 4507 212 73 terre,
2553 4505 64 66 le
2661 4507 220 73 soleil,
2930 4510 63 66 le
3039 4514 167 64 cher
3254 4514 225 66 soleil,
3530 4517 269 63 iamais

927 4595 164 86 plus
1125 4595 14 66 I

2999 4651 220 67 MAX
3272 4654 330 71 JACOB.
