4308 5603
850 4865 84 58 52

1032 568 232 81 Alfred
1318 566 428 83 Wolfensteiri
1801 588 10 39 :

1032 688 25 30 «
1105 662 86 61 Je
1211 659 246 83 naquis
1480 679 83 43 en
1585 659 358 81 beaucoup
1970 659 81 61 de
2071 659 207 80 jours.
2310 656 127 77 Qui
2463 656 250 79 malgré
2737 654 139 61 cela
2901 671 36 42 a
2962 669 93 42 vu
3077 651 63 60 la
3164 649 194 62 lueur
3382 645 90 65 du
3497 645 275 73 monde,

857 772 85 44 ne
981 757 166 78 peut
1188 752 252 63 décrire
1480 771 73 44 sa
1592 752 110 63 vie
1741 752 171 63 dans
1948 749 411 64 l'obscurité.
2403 749 95 62 La
2539 745 394 83 biographie
2972 742 288 63 n'existe
3299 757 122 65 pas
3446 761 16 52 ;
3507 739 265 79 chaque

857 852 146 59 mot
1033 849 114 81 qui
1181 847 110 63 n'a
1321 867 122 61 pas
1472 847 108 63 été
1609 847 166 73 créé,
1807 866 38 42 a
1875 845 151 63 subi
2055 866 89 40 un
2175 845 135 61 viol
2341 849 206 56 muet.
2583 840 152 65 Seul
2766 859 69 44 ce
2866 838 211 82 qu'un
3106 837 274 61 homme
3409 832 361 73 construit,

857 959 41 44 a
945 960 132 43 une
1120 940 291 81 langue;
1462 959 173 62 pour
1679 938 249 63 former
1972 938 323 61 l'homme
2344 960 10 38 :
2407 942 67 57 et
2520 935 180 63 seule
2745 937 178 59 cette
2969 950 232 43 œuvre
3248 947 38 44 a
3333 945 134 44 une
3511 927 259 62 valeur.

862 1035 53 61 11
957 1038 256 60 restera
1252 1054 93 42 un
1382 1033 312 65 fantôme
1721 1055 13 51 ;
1780 1052 112 44 car
1931 1052 69 42 sa
2043 1032 352 62 naissance
2434 1050 81 42 ne
2552 1028 383 81 représente
2974 1043 122 63 pas
3137 1042 132 44 une
3306 1020 256 83 origine
3602 1025 65 57 et
3707 1021 66 61 la

857 1133 185 56 mort
1098 1147 83 42 ne
1233 1126 369 63 terminera
1657 1126 160 61 rien.
1880 1126 180 63 C'est
2112 1126 64 61 là
2232 1128 195 58 notre
2483 1121 401 73 délivrance,
2944 1138 130 61 que
3130 1135 169 44 nous
3353 1120 246 57 tenons
3658 1113 115 62 des

859 1221 237 63 étoiles
1125 1257 86 8 —
1243 1226 70 58 et
1345 1221 166 63 c'est
1541 1221 65 61 là
1641 1240 82 42 en
1753 1218 222 64 même
2004 1223 225 76 temps
2259 1218 304 62 l'éternel
2596 1218 251 79 danger
2881 1213 201 62 d'une
3115 1213 108 61 vie
3255 1208 517 83 crépusculaire.

857 1314 175 63 Mais
1064 1319 198 58 toute
1296 1314 225 80 poésie
1555 1333 68 42 se
1657 1333 248 61 moque
1941 1313 88 61 du
2066 1313 251 79 danger
2353 1318 66 56 et
2454 1313 119 61 elle
2607 1309 340 83 proclame
2982 1330 12 40 :
3032 1308 189 60 Nous
3257 1304 257 63 devons
3548 1302 190 63 exclu-

859 1407 339 63 sivement
1240 1407 393 82 reproduire
1677 1426 73 42 ce
1792 1406 117 83 qui
1953 1411 102 56 est
2097 1407 215 60 nôtre.
2361 1406 54 61 A
2461 1407 196 58 notre
2696 1402 236 63 tombe
2974 1401 366 62 viendront
3382 1397 174 63 seuls
3604 1413 171 45 ceux

861 1499 117 83 qui
1027 1519 84 43 ne
1157 1499 235 63 voient
1440 1518 122 62 pas
1613 1519 120 43 nos
1778 1499 270 63 formes.
2100 1523 24 32 »

1035 1594 95 61 Et
1176 1592 152 81 puis
1377 1611 107 44 ces
1530 1592 233 81 lignes,
1814 1611 130 61 que
1990 1592 61 61 le
2099 1592 150 80 plus
2297 1590 291 82 profond
2637 1595 64 56 et
2750 1590 60 60 le
2855 1589 153 81 plus
3054 1585 220 63 lucide
3323 1584 286 81 critique
3658 1582 117 64 des

857 1687 381 62 tentatives
1287 1685 608 83 expressionnistes
1944 1685 187 63 Kurt
2180 1685 316 63 Pinthuis
2544 1685 144 61 leur
2737 1704 37 42 a
2827 1682 387 62 consacrées
3267 1702 10 41 :

1037 1804 25 34 «
1110 1778 267 65 Jamais
1440 1778 318 63 l'esthète
1824 1783 66 56 et
1955 1778 181 63 l'Art
2224 1795 171 63 pour
2476 1777 181 62 l'Art
2723 1795 82 43 ne
2871 1775 230 63 furent
3169 1775 37 61 à
3274 1792 89 42 un
3431 1772 93 60 tel
3573 1768 199 83 degré

859 1873 213 61 voués
1113 1892 86 42 au
1243 1871 249 82 mépris
1535 1890 133 63 que
1706 1871 379 82 justement
2127 1870 168 64 dans
2339 1875 178 57 cette
2556 1868 388 64 littérature
2984 1868 115 80 qui
3142 1870 103 59 est
3287 1866 168 61 dans
3497 1883 120 43 son
3660 1883 78 43 en-

861 1965 171 64 tière
1067 1966 341 80 éruption,
1452 1965 372 81 explosion,
1863 1965 325 62 intensité
2227 1970 68 57 et
2332 1965 117 81 qui
2488 1965 144 61 doit
2667 1961 194 65 l'être
2898 1981 169 61 pour
3106 1978 229 64 percer
3384 1958 266 62 d'outre
3689 1976 84 44 en

862 2064 199 56 outre
1083 2059 62 61 la
1162 2063 237 57 croûte
1423 2056 286 64 revêche
1736 2058 87 61 du
1851 2058 214 81 passé.
2097 2058 178 62 C'est
2300 2056 335 83 pourquoi
2657 2058 121 59 elle
2803 2054 257 82 néglige
3094 2071 263 44 comme
3394 2070 249 62 moyen
3690 2051 83 61 de

859 2153 373 72 sentation,
1272 2153 66 60 la
1381 2153 413 79 description
1836 2151 406 64 naturaliste
2283 2151 81 61 de
2400 2153 63 60 la
2503 2151 234 62 réalité
2778 2149 296 81 quoique
3113 2168 73 42 ce
3223 2147 134 61 réel
3396 2146 232 81 pourri
3665 2146 108 61 fût

861 2244 54 63 si
945 2244 307 81 tangible
1281 2266 13 49 ;
1330 2244 171 63 mais
1535 2244 122 63 elle
1687 2264 69 43 se
1787 2244 147 63 crée
1965 2242 376 65 elle-même
2369 2263 165 42 avec
2564 2263 129 42 une
2725 2241 263 83 énergie
3015 2241 227 62 inouïe
3272 2244 68 59 et
3370 2239 269 63 brutale
3670 2256 103 44 ses

861 2356 284 62 moyens
1201 2335 462 83 d'expression
1719 2342 70 56 et
1839 2337 95 63 les
1987 2342 245 58 trouve
2286 2337 168 61 dans
2507 2337 62 61 la
2623 2335 180 63 force
2855 2334 470 64 accélératrice
3379 2334 81 61 de
3511 2330 262 83 l'esprit

859 2430 117 73 (ne
1027 2430 393 80 s'efîorçant
1472 2430 376 63 nullement
1902 2429 339 66 d'ailleurs
2295 2430 152 61 d'en
2500 2429 215 62 éviter
2764 2430 93 61 les
2910 2429 169 60 abus
3108 2430 45 75 !)
3209 2427 146 62 Elle
3404 2427 193 62 lance
3650 2444 122 44 son

861 2540 494 44 cosmorama...
1414 2542 82 42 en
1550 2542 90 42 un
1696 2542 411 63 paroxysme
2158 2523 376 82 extatique,
2590 2542 79 42 en
2723 2542 131 42 une
2905 2522 303 62 tristesse
3258 2518 514 83 martyrisante,

861 2633 81 44 en
969 2635 134 42 une
1128 2616 214 61 douce
1379 2622 68 55 et
1482 2616 325 63 musicale
1829 2616 226 80 élégie,
2095 2635 166 42 avec
2295 2618 64 59 la
2397 2615 458 62 simultanéité
2894 2616 80 61 de
3010 2613 403 64 sentiments
3450 2613 117 81 qui
3602 2613 139 63 s'en-

857 2710 481 81 trechoquent,
1382 2710 170 61 dans
1587 2710 66 62 la
1694 2710 420 62 destruction
2156 2708 366 83 chaotique
2561 2710 79 62 de
2678 2710 62 61 la
2778 2711 265 78 langue,
3087 2708 168 63 dans
3292 2708 61 63 la
3397 2706 378 63 caricature

859 2801 395 63 térébrante
1304 2803 83 61 de
1431 2803 241 61 l'enfer
1718 2806 340 71 terrestre,
2112 2803 168 61 dans
2329 2821 71 44 sa
2452 2803 329 81 nostalgie
2832 2803 316 61 démente
3198 2803 81 61 de
3326 2801 197 75 Dieu,
3579 2801 79 61 de
3709 2799 63 65 la

859 2896 234 73 bonté,
1132 2896 81 61 de
1245 2896 291 63 l'amour
1570 2901 68 58 et
1674 2898 81 61 de
1785 2898 65 61 la
1883 2896 644 63 fraternisation.Et
2559 2898 169 61 ainsi
2761 2898 61 61 le
2854 2896 203 63 social
3093 2916 82 43 ne
3208 2896 289 63 sera-t-il
3526 2894 247 81 jamais

859 2987 317 82 présenté
1210 3008 81 42 en
1330 2987 206 63 détail
1574 2994 220 68 exact,
1833 3008 81 42 en
1950 3008 133 42 une
2115 2987 314 83 peinture
2463 2989 340 80 objective
2839 2989 81 61 de
2952 2989 63 63 la
3050 2989 241 61 misère
3323 2989 293 80 (comme
3651 3006 124 63 par

856 3082 162 63 l'art
1047 3082 83 63 de
1160 3082 219 75 1890),
1411 3082 169 63 mais
1607 3082 44 61 il
1682 3102 146 43 sera
1855 3082 313 81 toujours
2197 3082 313 81 envisagé
2540 3102 263 44 comme
2830 3102 132 43 une
2989 3082 424 81 perspective
3438 3080 332 83 générale,

859 3175 367 80 enregistré
1267 3175 169 61 dans
1474 3175 95 63 les
1602 3175 292 82 grandes
1929 3175 181 63 idées
2148 3175 511 63 humanitaires.
2700 3175 221 63 Même
2955 3177 65 61 la
3057 3192 232 65 guerre
3330 3175 111 82 qui
3484 3194 34 44 a
3560 3175 210 82 broyé

859 3267 357 81 beaucoup
1264 3268 83 61 de
1389 3287 108 42 ces
1541 3272 254 76 poètes,
1845 3268 174 63 n'est
2060 3268 247 82 jamais
2351 3268 250 63 décrite
2645 3289 163 44 avec
2852 3268 374 65 réalisme...
3275 3294 24 32 »

1035 3362 388 61 Résumons
1467 3384 12 40 :
1526 3362 98 61 La
1668 3362 410 62 matérialité
2122 3362 115 62 des
2278 3362 163 62 faits
2483 3368 102 56 est
2627 3363 383 63 considérée
3052 3380 262 46 comme
3355 3362 413 74 secondaire,

857 3455 219 61 seules
1121 3455 381 79 importent
1548 3455 95 62 les
1690 3455 290 81 grandes
2031 3455 357 62 directives
2437 3456 115 80 qui
2600 3455 327 83 régissent
2972 3458 63 61 la
3086 3456 127 61 vie.
3265 3455 385 64 L'incident
3702 3461 68 56 et

854 3546 278 63 l'à-côté
1171 3566 83 43 ne
1289 3553 156 56 sont
1479 3548 144 61 rien
1662 3548 169 62 dans
1868 3568 129 42 une
2032 3548 293 62 totalité.
2366 3550 650 81 L'expressionniste
3052 3550 262 62 déteste
3348 3553 159 59 tout
3543 3568 71 44 ce
3651 3550 119 81 qui

857 3643 105 57 est
1000 3639 228 63 relatif
1269 3644 68 56 et
1375 3639 583 82 compromission,
2002 3641 42 61 il
2087 3660 67 42 se
2193 3646 244 58 trouve
2476 3661 80 43 en
2598 3643 217 79 pleine
2855 3643 432 79 atmosphère
3316 3643 80 61 de
3433 3641 333 64 l'Absolu.

856 3731 89 64 Ce
978 3732 118 82 qui
1128 3751 85 44 ne
1242 3737 167 56 veut
1442 3751 121 61 pas
1597 3732 141 63 dire
1768 3734 166 80 qu'il
1966 3734 234 61 habite
2229 3736 95 59 les
2354 3741 322 56 sommets
2710 3739 68 58 et
2806 3736 93 61 les
2930 3739 191 59 tours
3155 3736 302 74 d'ivoire,
3492 3754 87 44 au
3612 3754 119 44 con-

852 3826 231 74 traire,
1127 3826 44 60 il
1213 3826 261 81 préfère
1514 3826 143 62 être
1696 3827 225 63 écrasé
1963 3848 122 60 par
2122 3829 63 61 la
2227 3827 109 63 vie
2376 3848 131 60 que
2549 3829 151 63 d'en
2742 3829 141 63 être
2921 3829 278 83 éloigné.
3252 3831 50 61 Il
3345 3831 145 61 hait
3531 3831 63 62 la
3641 3829 97 64 dis-

852 3920 205 60 tance
1110 3924 69 56 et
1232 3937 320 61 compose
1624 3939 104 42 ses
1799 3920 256 70 visions
2127 3922 310 78 toujours
2508 3922 410 81 grandioses,
2994 3924 314 79 toujours
3385 3922 383 83 cosmiques

852 4029 85 45 en
979 4013 442 61 accumulant
1467 4013 81 61 de
1591 4032 294 63 pauvres
1928 4013 247 82 petites
2217 4015 252 63 choses.
2518 4017 133 61 Son
2695 4017 403 81 pathétique
3138 4017 334 74 moralise,
3519 4037 114 44 car
3673 4019 93 62 les

851 4105 479 63 malédictions
1369 4112 67 56 et
1472 4107 95 61 les
1604 4107 401 62 anathèmes
2043 4108 169 61 dont
2246 4108 44 61 il
2329 4108 272 63 accable
2637 4110 174 63 Dieu
2849 4115 66 58 et
2950 4112 93 61 les
3081 4112 328 73 hommes,
3448 4115 322 78 reposent

852 4215 115 46 sur
1013 4217 71 44 sa
1135 4198 278 63 volonté
1462 4198 213 64 ferme
1723 4205 67 56 et
1836 4200 466 64 inébranlable
2351 4201 81 63 de
2478 4203 291 80 changer
2815 4205 57 61 le
2921 4208 297 59 contenu
3267 4205 90 62 du
3406 4205 269 64 inonde.

2986 4335 175 62 POL
3206 4335 380 65 MICHEL.
