4308 5603
3480 4806 80 58 39

598 543 55 61 Il
707 543 183 73 s'est,
949 562 88 42 on
1091 546 168 78 peut
1315 543 162 75 dire,
1533 541 345 83 magnifié.
1936 543 127 61 Les
2116 540 548 66 établissements
2720 536 117 83 qui
2891 533 281 66 avaient
3228 530 288 66 d'abord

592 635 184 83 surgi
808 635 441 83 simplement
1281 657 71 42 se
1386 641 178 68 sont,
1602 655 168 44 avec
1802 635 63 62 le
1899 638 249 71 succès,
2187 633 291 64 enrichis
2512 635 69 60 et
2617 629 432 65 ornementés
3082 631 90 71 et,
3215 626 303 63 devenus

592 728 318 74 célèbres,
954 733 124 61 ont
1115 726 206 66 attiré
1362 729 95 63 les
1497 729 368 82 étrangers.
1907 728 173 64 Mais
2121 728 313 72 Lautrec,
2475 723 308 83 lorsqu'il
2825 719 339 75 débutait,
3206 714 315 68 trouvait

592 822 460 63 Montmartre
1083 821 171 64 dans
1284 839 73 46 sa
1386 821 193 64 fleur.
1614 822 178 65 C'est
1824 839 73 44 ce
1924 821 456 62 Montmartre
2410 838 153 64 que,
2596 816 197 84 porté
2822 833 154 45 vers
3003 816 59 61 la
3099 812 107 63 vie
3237 812 284 82 joyeuse

595 934 174 63 pour
802 936 81 42 en
917 916 183 81 jouir
1132 921 67 59 et
1232 916 181 81 jouir
1448 916 88 62 du
1574 916 232 81 plaisir
1840 916 79 62 de
1953 916 64 62 la
2051 916 261 72 rendre,
2349 914 43 61 il
2429 933 37 44 a
2500 931 93 46 vu
2630 917 68 58 et
2734 909 338 83 pratiqué.

2410 1038 518 76 THÉODORE
2993 1045 345 66 DURET.

710 1220 191 44 Extrait
933 1220 113 42 d'un
1078 1235 215 38 cuivrage
1326 1220 28 42 à
1380 1220 217 52 paraître
1630 1234 91 27 aux
1751 1219 210 42 éditions
1996 1220 273 41 Bernheim.

1780 1739 569 140 Lipchitz

783 1982 487 83 L'inquiétude
1314 1982 329 61 immense
1690 1984 68 59 et
1802 1980 63 63 le
1912 1979 234 62 besoin
2195 1977 406 63 d'aventure
2647 1974 117 81 qui
2813 1992 39 43 a
2899 1972 53 61 si
3001 1969 532 84 profondément

605 2079 234 62 remué
883 2079 66 61 la
996 2075 315 83 peinture
1358 2074 324 64 moderne
1731 2072 237 81 depuis
2017 2090 90 44 un
2159 2070 429 71 demi-siècle,
2640 2065 408 64 semblaient
3096 2062 194 62 avoir
3336 2058 198 83 passé

608 2173 246 80 auprès
910 2170 115 61 des
1081 2168 382 82 sculpteurs
1518 2185 154 44 sans
1729 2165 200 81 qu'ils
1985 2184 80 42 en
2122 2162 539 81 témoignassent
2715 2158 357 78 beaucoup
3133 2151 398 65 d'émotion.

607 2263 257 65 Tandis
913 2282 134 62 que
1093 2263 94 61 les
1236 2260 300 83 peintres
1584 2256 262 65 frétant
1897 2258 115 61 des
2059 2255 364 64 vaisseaux
2471 2253 291 81 fragiles,
2816 2248 347 85 partaient
3214 2263 154 44 vers
3421 2245 115 61 des

610 2358 447 64 découvertes
1108 2353 426 73 incertaines,
1594 2356 67 58 et
1716 2353 606 78 courageusement
2376 2346 366 81 cinglaient
2796 2361 154 46 vers
3006 2343 115 61 des
3177 2338 324 64 constella-

607 2451 184 63 tions
817 2449 348 63 nouvelles
1192 2468 87 42 au
1304 2446 227 81 risque
1562 2446 81 61 de
1668 2465 70 42 se
1763 2443 213 64 briser
2002 2448 66 57 et
2098 2443 80 61 de
2208 2441 424 81 disparaître,
2661 2439 94 60 les
2782 2436 383 81 sculpteurs
3192 2431 346 79 adoptant

610 2565 134 42 une
783 2543 306 64 attitude
1128 2541 359 81 prudente,
1533 2536 611 83 accompagnaient
2183 2536 97 61 les
2319 2548 384 66 voyageurs
2747 2531 81 61 de
2865 2529 182 61 leurs
3087 2544 234 53 vœux,
3367 2521 172 64 mais

610 2637 472 65 demeuraient
1128 2634 564 81 tranquillement
1733 2651 84 42 au
1877 2634 177 78 port.
2085 2627 256 65 Faut-il
2398 2629 95 59 les
2552 2646 83 41 en
2693 2624 264 63 blâmer
2987 2622 33 61 ?
3082 2617 356 64 Peut-être
3494 2634 45 63 y

610 2731 305 64 aurait-il
952 2731 295 81 quelque
1282 2725 322 82 injustice
1641 2731 68 55 et
1746 2724 293 83 quelque
2076 2720 273 65 naïveté
2388 2719 37 62 à
2461 2720 64 61 la
2564 2717 186 73 faire,
2794 2734 112 44 car
2942 2715 42 61 il
3026 2710 320 83 apparaît
3384 2709 128 62 clai-

610 2827 267 61 rement
923 2842 134 61 que
1101 2841 125 62 par
1272 2839 269 44 essence
1587 2819 64 62 la
1699 2819 347 79 sculpture
2093 2817 195 59 court
2335 2814 151 81 plus
2535 2812 83 61 de
2662 2808 263 82 risques
2974 2807 169 62 dans
3189 2807 96 59 les
3333 2820 165 44 aven-

610 2925 208 56 tures.
867 2917 99 61 La
1011 2913 288 65 sévérité
1347 2913 169 61 dont
1562 2913 120 60 elle
1728 2930 83 43 11e
1856 2908 258 63 saurait
2159 2927 68 42 se
2273 2903 322 85 départir,
2642 2903 406 78 l'esclavage
3091 2896 208 63 étroit
3345 2896 88 61 où
3477 2895 66 61 la

612 3012 179 64 tient
837 3012 66 61 la
954 3008 304 68 matière,
1309 3007 292 62 rendent
1650 3023 172 61 pour
1873 3003 120 61 elle
2041 3003 95 59 les
2183 3005 232 57 routes
2468 2996 301 63 difficiles
2820 2995 37 61 à
2908 2990 352 84 parcourir
3311 2993 69 58 et
3431 3007 75 44 ex-

613 3103 315 83 pliquent
967 3122 132 61 que
1140 3118 102 44 ses
1280 3100 238 79 étapes
1557 3096 220 63 soient
1816 3096 152 80 plus
2005 3095 280 79 longues
2325 3096 65 56 et
2432 3091 152 80 plus
2627 3090 220 59 dures.
2891 3086 59 61 D
2984 3084 271 63 ailleurs
3296 3081 125 61 elle
3460 3100 84 42 ne

615 3196 320 63 demeura
984 3213 122 63 pas
1153 3191 536 81 complètement
1733 3186 364 64 insensible
2144 3205 88 44 au
2278 3183 215 83 grand
2542 3183 447 61 mouvement
3036 3174 119 85 qui
3204 3171 337 66 soulevait

612 3293 64 59 la
717 3289 315 82 peinture
1071 3293 69 57 et
1177 3288 329 79 quelques
1545 3281 377 66 tentatives
1958 3277 379 67 méritoires
2374 3276 300 83 quoique
2713 3272 137 65 mal
2891 3269 379 83 préparées,
3314 3267 234 63 furent

615 3382 202 63 faites
862 3401 82 41 en
991 3399 107 43 ces
1143 3377 339 65 dernières
1526 3376 269 73 années,
1843 3374 44 61 il
1934 3372 176 63 n'est
2156 3391 129 61 que
2330 3371 183 79 juste
2561 3369 81 59 de
2684 3367 61 61 le
2791 3362 450 65 reconnaître.

791 3494 285 61 Aucune
1104 3491 82 61 de
1213 3508 106 44 ces
1345 3487 381 65 tentatives
1751 3504 83 43 11e
1861 3484 226 81 paraît
2114 3482 191 63 avoir
2332 3479 259 64 abouti.
2630 3479 53 61 Il
2710 3477 154 63 faut
2891 3477 276 61 surtout
3196 3491 81 42 en
3304 3471 246 62 rendre

613 3584 473 85 responsables
1115 3584 94 61 les
1240 3581 386 64 conditions
1656 3584 156 76 trop
1844 3576 449 66 hasardeuses
2324 3574 169 61 dans
2522 3570 355 82 lesquelles
2909 3569 126 61 elle
3064 3567 232 61 furent
3326 3569 185 57 entre-

618 3679 231 81 prises.
899 3679 300 79 Jacques
1242 3674 316 83 Lipchitz
1604 3677 102 58 est
1750 3674 61 61 le
1856 3669 290 83 premier
2192 3669 38 61 à
2274 3686 161 44 mon
2484 3684 171 52 sens,
2706 3662 115 81 qui
2871 3681 157 44 sans
3074 3658 164 63 hâte
3280 3655 266 73 inutile,

617 3791 157 45 sans
810 3775 222 77 gestes
1071 3767 538 64 déclamatoires,
1648 3765 100 63 ait
1783 3762 177 64 mûri
1993 3763 383 61 lentement
2412 3779 71 42 sa
2520 3755 396 75 résolution,
2959 3758 69 58 et
3064 3752 293 64 sachant
3392 3748 158 63 bien

620 3865 156 83 quel
808 3863 130 65 but
969 3863 46 61 il
1049 3862 265 62 voulait
1348 3858 344 65 atteindre
1724 3857 131 64 soit
1890 3855 183 83 parti
2107 3874 113 42 sur
2254 3872 92 44 un
2379 3850 241 64 navire
2650 3848 158 64 bien
2840 3846 176 83 gréé,
3053 3848 217 78 ayant
3304 3841 130 65 mis
3470 3840 83 64 de

620 3979 122 44 son
772 3958 151 63 côté
952 3962 232 57 toutes
1211 3957 97 62 les
1338 3955 290 62 chances
1660 3950 364 64 d'aboutir.
2059 3950 87 62 Je
2175 3946 171 63 crois
2376 3965 134 63 que
2539 3945 167 62 c'est
2737 3946 181 60 cette
2948 3955 288 66 sagesse,
3270 3955 76 44 ce
3377 3935 176 64 désir

622 4050 367 66 d'avancer
1037 4050 313 79 toujours
1399 4048 349 61 sûrement
1797 4062 156 44 sans
1998 4039 249 85 jamais
2295 4039 228 63 brûler
2573 4055 133 44 une
2754 4034 222 82 étape,
3030 4031 117 81 qui
3197 4033 268 78 permet
3516 4046 37 44 a

618 4146 288 63 l'œuvre
933 4144 83 61 de
1040 4141 315 83 Lipchitz
1384 4138 325 64 d'arriver
1738 4138 37 62 à
1804 4136 115 63 des
1946 4134 393 71 certitudes,
2371 4136 68 59 et
2466 4131 118 83 qui
2606 4129 99 65 lui
2730 4148 37 44 a
2798 4128 156 81 déjà
2979 4124 218 65 rendu
3224 4121 332 84 possibles

627 4238 113 62 des
791 4236 445 64 découvertes
1280 4231 514 64 indiscutables.

798 4348 259 64 Tandis
1108 4366 134 63 que
1292 4344 331 83 quelques
1673 4343 403 81 sculpteurs,
2134 4336 506 84 s'imaginaient
2693 4353 166 44 avec
2913 4329 301 66 candeur
3267 4326 292 83 pouvoir

625 4449 280 60 trouver
955 4443 63 62 le
1069 4437 586 66 renouvellement
1709 4436 171 62 dont
1931 4434 81 63 ils
2066 4431 342 64 sentaient
2461 4431 62 61 le
2576 4427 257 73 besoin,
2893 4426 171 62 dans
3114 4424 22 61 1
3170 4420 249 83 emploi
3477 4420 79 61 de

625 4536 341 74 matières,
1004 4532 321 85 jusqu'ici
1365 4531 354 83 négligées,
1761 4547 87 45 ou
1890 4529 171 63 dans
2098 4546 134 42 une
2269 4522 302 66 certaine
2608 4519 359 66 confusion
3009 4519 117 61 des
3162 4532 240 66 genres
3439 4514 117 81 qui

627 4627 413 83 mélangeait
1086 4629 64 62 la
1201 4625 349 83 sculpture
1599 4625 68 61 et
1714 4624 64 61 la
1829 4620 337 83 peinture,
2217 4615 315 83 Lipchitz
2583 4632 155 46 sans
2788 4610 294 85 prendre
3126 4608 97 63 les
3272 4624 287 64 moyens
