4308 5603
980 4815 78 56 24

1010 525 326 81 auxquels
1371 523 61 63 le
1468 520 139 83 pire
1644 517 112 62 des
1794 508 439 70 entêtements
2270 518 82 46 ne
2387 496 163 85 peut
2587 510 68 46 se
2692 483 295 67 dérober.
3027 479 183 63 Pour
3244 476 68 64 la
3351 473 337 84 première
3727 474 131 68 fois

1012 623 64 61 ie
1110 618 246 78 respire
1391 620 70 59 et
1493 615 66 81 je
1598 610 234 64 devine
1867 625 90 44 un
1994 622 127 64 peu
2159 589 399 92 Apollinaire
2585 611 15 51 ;
2639 583 166 66 mias
2843 596 164 48 avec
3042 576 21 62 1
3093 589 342 48 excessive
3476 569 382 68 sensibilité

1014 713 113 63 des
1181 683 322 99 malades,'
1552 706 342 83 j'éprouve
1950 713 251 47 comme
2255 689 283 85 quelque
2595 681 192 64 chose
2843 666 479 88 d'irreparable
3381 669 70 59 et
3512 664 84 64 de
3654 669 201 63 triste

1010 826 106 43 ces
1201 807 205 61 lignes
1489 802 87 62 du
1651 799 204 62 début
1924 793 111 83 qui
2109 792 116 60 ont
2269 804 128 44 une
2468 772 317 72 solennité
2860 771 41 61 d
2931 767 196 65 adieu
3175 768 68 59 et
3290 782 92 43 un
3431 766 427 78 avant-gout

1011 900 353 62 d'oraison.
1395 898 90 61 Le
1513 894 179 65 crual
1719 896 66 59 et
1814 891 91 62 fin
1932 884 219 66 André
2174 884 247 63 Breton
2448 867 381 72 médite-t-il
2858 864 150 83 déjà
3034 864 63 62 la
3126 863 181 60 mort
3340 858 82 62 de
3451 877 123 43 son
3603 859 253 65 Maître

1140 1012 182 43 coeur
1367 989 308 82 singulier
1722 986 111 82 qui
1883 981 138 64 doit
2067 999 65 43 se
2180 975 304 64 chercher
2531 970 110 61 des
2690 961 299 83 chagrins
3040 963 66 57 et
3157 957 112 61 des
3319 953 309 62 remords
3679 975 165 61 poui

1010 1105 212 45 cesser
1263 1083 227 74 d'être,
1536 1102 79 43 en
1656 1083 62 61 la
1761 1079 219 82 prison
2025 1075 78 62 de
2142 1069 241 73 cristal,
2424 1068 61 62 le
2524 1059 488 87 mystificateur
3052 1053 126 64 aile
3221 1054 69 60 et
3330 1051 21 62 1
3384 1049 126 64 elfe
3556 1049 231 64 stérile
3828 1053 26 62 ?

1178 1483 119 61 Ces
1334 1480 322 64 semaines
1695 1478 384 64 d'automne
2114 1493 66 44 se
2214 1468 414 88 précipitent,
2668 1461 351 86 qu'emplit
3051 1461 61 63 le
3149 1458 188 64 bruit
3378 1458 115 62 des
3535 1458 318 84 Empires

1005 1574 115 83 qui
1156 1574 398 63 s'écroulent
1588 1578 68 57 et
1693 1573 112 62 des
1842 1569 320 65 dernières
2199 1563 432 67 canonnades.
2670 1557 286 68 J'arrive
2990 1556 39 64 à
3066 1554 188 64 Paris
3293 1554 332 81 quelques
3660 1554 193 81 jours

1002 1671 196 78 après
1229 1668 403 64 l'armistice.
1669 1668 185 60 Dans
1884 1666 61 62 le
1976 1664 211 63 fracas
2221 1662 88 61 du
2341 1661 315 69 moment,
2690 1652 332 85 j'entends
3058 1651 37 64 à
3130 1649 199 85 peine
3361 1668 135 44 une
3533 1651 320 64 nouvelle

1000 1761 302 74 funèbre,
1347 1764 325 80 pourtant
1713 1761 147 81 plus
1898 1759 406 81 importante
2343 1773 132 45 aux
2516 1752 257 63 Lettres
2815 1767 129 63 qqe
2983 1747 61 63 le
3086 1749 139 59 sort
3273 1745 205 63 d'une
3522 1744 331 83 province

1002 1874 86 42 ou
1132 1855 61 61 le
1237 1859 317 57 montant
1600 1854 198 62 d'une
1838 1850 381 65 indemnité.
2269 1850 145 63 Une
2457 1847 104 63 vie
2607 1845 148 82 déjà
2799 1862 281 63 presque
3125 1840 226 65 enfuie
3398 1839 249 66 n'était
3694 1842 156 81 plus

1002 1947 279 81 capable
1322 1947 81 63 de
1441 1947 264 63 résister
1742 1967 86 43 au
1869 1947 159 61 choc
2069 1945 78 63 de
2186 1964 101 42 ces
2328 1942 311 64 achevées
2680 1944 66 59 et
2783 1935 474 86 impitoyables
3298 1935 285 85 phrases
3625 1935 120 83 qui
3784 1937 68 62 la

1000 2040 278 63 tiraient
1376 2042 164 62 dans
1625 2040 334 64 l'au-delà.
2047 2038 89 63 Le
2219 2038 170 83 petit
2436 2033 346 66 meurtrier
2829 2054 37 42 a
2919 2032 384 64 consommé
3378 2050 122 44 son
3584 2050 263 58 œuvre,

999 2138 216 76 ayant
1256 2135 352 81 emprunté
1645 2137 61 61 le
1745 2133 322 83 poignard
2109 2133 78 63 de
2226 2131 273 82 Lalique
2539 2131 80 61 de
2655 2130 384 62 l'Amazone
3081 2147 87 44 ou
3207 2128 62 61 le
3310 2126 259 63 sourire
3610 2147 194 42 mono-

999 2226 184 63 cléen
1225 2226 168 63 dont
1417 2228 389 63 Giraudoux
1844 2226 369 63 inventorie
2248 2228 90 61 les
2380 2225 312 64 cadavres
2733 2225 77 61 de
2851 2225 227 81 poètes
3117 2264 86 5 —
3244 2242 220 44 armes
3508 2223 342 81 exquises,

997 2319 247 63 flèches
1278 2319 339 65 aériennes
1652 2319 80 63 de
1766 2340 100 42 ses
1896 2321 200 73 aînés,
2130 2321 91 61 les
2255 2319 173 63 deux
2460 2319 372 63 charmeurs
2866 2336 80 44 en
2981 2318 114 81 qui
3129 2336 69 44 se
3229 2316 238 64 reflète
3500 2318 318 62 l'lnsensi-

999 2411 189 64 bilité
1234 2413 81 64 de
1359 2419 192 58 notre
1595 2419 240 76 temps.
1884 2414 400 81 Apollinaire
2328 2419 98 58 est
2470 2418 173 59 mort
2690 2436 14 41 :
2748 2414 250 63 Breton
3042 2414 90 63 l'a
3176 2413 139 64 tué.

2824 2522 315 78 ANDRÉ
3203 2536 457 64 GERMAIN.

1747 2901 257 69 NOUS
2064 2902 384 72 SOMMES
2499 2906 374 71 TOUTES
2926 2908 125 69 LA

1173 3134 54 63 Il
1275 3155 106 44 me
1432 3138 312 64 semblait
1791 3141 188 63 avoir
2026 3162 129 44 une
2203 3163 154 63 pose
2404 3146 134 63 fort
2585 3153 468 78 avantageuse,
3081 3151 154 65 bien
3263 3173 133 63 que
3447 3155 195 83 pieds
3693 3177 154 54 nus,

992 3224 142 65 tête
1185 3246 132 44 nue
1366 3234 68 56 et
1481 3231 93 61 les
1622 3233 261 79 jambes
1932 3234 293 77 croisées,
2277 3238 239 62 habillé
2567 3241 194 64 d'une
2810 3248 177 59 sorte
3037 3246 82 63 de
3168 3250 298 81 complet
3515 3250 198 66 lâche
3764 3272 84 44 en

988 3317 180 65 laine
1215 3321 82 61 de
1341 3321 250 83 berger,
1640 3344 85 44 ne
1767 3328 447 82 m'appuyant
2257 3351 128 61 que
2428 3353 110 44 sur
2582 3355 88 42 un
2714 3338 312 83 moignon
3075 3341 79 63 de
3200 3361 217 46 canne
3464 3365 83 42 en
3593 3346 259 63 lanière

994 3412 40 61 d
1065 3414 320 79 éléphant
1435 3417 168 63 dont
1649 3419 66 80 je
1764 3422 332 75 caressais,
2148 3444 119 61 par
2313 3426 306 79 instants,
2668 3432 61 61 le
2775 3432 164 65 bout
2988 3455 154 45 sans
3191 3439 470 65 terminaison.

1163 3507 113 63 Ma
1319 3507 210 81 figure
1559 3510 32 63 ?
1634 3512 150 63 Cela
1820 3514 66 81 je
1923 3534 83 44 ne
2042 3515 147 65 sais.
2230 3519 83 63 Je
2348 3522 244 63 sentais
2629 3524 110 64 des
2778 3527 298 66 cheveux
3115 3551 68 42 se
3220 3532 322 66 balancer
3578 3536 234 83 juvéni-

988 3598 254 63 lement
1288 3604 351 62 au-dessus
1686 3607 81 63 de
1810 3626 157 45 mon
2011 3610 202 75 front,
2258 3632 138 44 mes
2441 3615 112 65 cils
2595 3620 275 82 respirer
2914 3642 152 46 sans
3110 3626 205 77 bruit,
3364 3629 141 64 loin
3554 3632 83 63 de
3683 3632 164 75 moi,

990 3709 261 45 comme
1283 3693 129 63 fait
1444 3697 59 59 le
1539 3715 200 44 cœui.
1774 3700 169 63 Mais
1974 3702 66 81 je
2072 3724 41 40 n
2143 3705 183 63 avais
2360 3727 252 48 aucune
2643 3712 144 64 idee
2819 3736 129 62 que
2976 3719 244 81 j'eusse
3256 3724 113 62 des
3403 3744 186 63 yeux
3623 3731 71 59 et
3732 3727 118 63 des

987 3785 220 62 traits.
1242 3788 163 61 Mon
1437 3790 229 83 visage
1717 3793 240 65 n'était
1989 3798 208 80 qu'un
2240 3807 278 59 contour
2550 3805 162 64 dont
2743 3810 64 80 je
2839 3817 359 76 percevais,
3237 3819 90 62 du
3361 3825 200 70 reste,
3598 3822 66 64 la
3699 3822 115 83 pré-

987 3895 210 44 cision
1229 3881 137 59 très
1398 3886 432 75 personnelle,
1867 3886 38 63 à
1937 3908 128 61 peu
2098 3893 147 78 près
2275 3893 165 64 ainsi
2472 3917 127 62 que
2628 3900 293 68 l'entend
2951 3907 59 62 le
3041 3910 262 81 peintre
3334 3913 305 77 Matisse,
3677 3917 173 64 dans

988 3988 102 44 ses
1141 3971 244 81 figures
1435 3974 420 82 dépourvues
1905 3981 81 63 de
2030 3983 196 64 faces.

1159 4066 85 61 Je
1281 4069 337 80 legardais
1657 4073 159 79 quoi
1855 4074 78 63 de
1969 4095 157 45 mon
2164 4079 94 63 air
2292 4083 439 81 lamartinien,
2770 4091 166 68 mêlé
2975 4098 79 63 de
3085 4100 350 67 Brummel
3474 4110 70 59 et
3584 4106 83 63 de
3706 4127 110 52 svs-

983 4159 185 61 teme
1210 4159 292 64 Duncan
1532 4162 34 63 ?
1612 4164 108 63 Au
1764 4166 168 64 bord
1979 4169 198 66 d'une
2218 4179 193 61 route
2453 4181 153 74 sale,
2648 4222 86 8 -
2777 4206 113 44 car
2931 4191 45 63 il
3020 4194 188 65 avait
3254 4200 137 79 plu,
3442 4200 46 62 il
3535 4201 315 82 pleuvait

985 4267 218 44 meme
1232 4257 341 75 peut-etre
1601 4276 236 45 encore
1861 4299 86 9 —
1976 4262 40 61 d
2047 4284 128 44 une
2201 4274 193 58 route
2418 4272 274 80 glissant
2721 4298 117 46 son
2868 4283 117 66 dos
3015 4293 187 59 entre
3234 4293 113 62 des
3378 4299 472 61 accotements

985 4342 251 62 herbus
1290 4345 379 83 detrempes
1720 4371 115 61 qui
1888 4354 354 67 bornaient
2292 4362 110 64 des
2451 4367 265 66 labours
2768 4374 81 64 de
2897 4377 193 78 boue,
3142 4382 68 80 je
3258 4389 347 73 regardais
3657 4391 198 63 venir

983 4454 90 40 un
1102 4440 278 78 etrange
1403 4443 334 80 troupeau
1764 4450 308 78 composé
2101 4452 200 66 d'une
2324 4459 238 64 chèvre
2585 4465 180 65 noire
2788 4474 68 59 et
2880 4471 284 69 blanche
3188 4479 207 66 vêtue
3422 4482 166 65 d'un
3615 4486 233 62 boléro

982 4547 84 42 en
1097 4545 227 64 grosse
1356 4533 176 63 laine
1564 4555 115 61 qui
1710 4538 95 63 lui
1835 4543 257 80 partait
2125 4547 88 62 du
2243 4559 225 71 garrot
2499 4574 85 44 au
2616 4560 222 66 milieu
2870 4567 88 63 du
2993 4570 139 77 dos,
3169 4574 163 64 d'un
3364 4577 208 66 vieux
3606 4582 246 63 cheval

982 4620 221 76 obese,
1234 4643 168 54 noir,
1432 4628 64 61 la
1527 4647 276 49 crimere
1828 4635 380 79 ebourifïee,
2238 4647 164 79 type
2431 4647 87 64 du
2546 4652 315 69 tâcheron
2893 4662 80 63 de
3000 4664 227 77 ferme,
3263 4670 162 66 d'un
3456 4677 160 61 tout
3642 4675 210 81 jeune
