4308 5603
779 4818 80 58 56

996 535 109 59 Cet
1149 541 96 54 art
1283 541 92 53 est
1406 533 332 76 analogue
1777 535 30 55 à
1853 533 55 57 la
1951 531 217 71 danse,
2214 530 166 59 mais
2422 528 380 59 infiniment
2843 521 333 80 supérieur
3218 537 117 59 par
3381 513 355 80 l'ampleur

828 631 75 59 de
959 632 57 56 la
1074 630 186 58 scène
1314 637 58 52 et
1426 647 114 40 son
1597 625 516 64 extraordinaire
2167 624 414 80 dynamisme
2633 622 158 58 dans
2845 619 86 57 les
2986 616 154 61 trois
3195 612 405 61 dimensions
3655 610 77 60 de

833 723 288 77 l'espace.

996 834 114 60 J'ai
1165 838 289 58 constaté
1502 835 304 59 combien
1859 836 37 56 il
1949 842 89 52 est
2087 833 189 59 facile
2328 835 31 55 à
2409 833 56 56 la
2519 830 171 58 foule
2738 823 376 81 spectatrice
3164 822 74 58 de
3286 821 213 57 suivre
3549 826 60 52 et
3656 818 73 59 de

826 931 435 76 comprendre
1308 929 87 59 les
1442 927 333 61 moindres
1825 946 284 41 nuances
2159 927 105 60 des
2313 926 334 59 différents
2697 924 157 57 états
2905 916 205 62 d'âme
3158 917 74 58 de
3282 916 15 56 1
3328 916 311 57 aviateur.

995 1032 197 61 Etant
1246 1032 251 61 donnée
1555 1031 521 61 l'identification
2133 1031 86 58 du
2276 1030 196 77 pilote
2550 1035 59 51 et
2688 1026 73 57 de
2842 1041 112 40 son
3037 1016 368 79 aéroplane,
3469 1008 259 63 celui-ci

827 1127 261 60 devient
1127 1128 55 59 le
1226 1127 507 77 prolongement
1773 1125 74 59 de
1892 1144 113 39 son
2052 1143 186 58 corps
2291 1144 10 39 :
2346 1125 85 58 les
2471 1142 91 50 os,
2613 1121 84 59 les
2741 1117 295 68 tendons,
3086 1115 86 57 les
3214 1108 280 62 muscles
3537 1114 56 50 et
3640 1104 85 60 les

825 1222 177 58 nerfs
1048 1240 59 41 se
1159 1222 394 75 prolongent
1601 1220 160 60 dans
1807 1221 87 59 les
1941 1220 98 58 fils
2087 1226 60 53 et
2192 1220 87 57 les
2327 1217 232 60 câbles.
2615 1216 46 57 II
2710 1212 104 79 n'y
2865 1233 31 37 a
2945 1227 269 61 presque
3263 1225 110 59 pas
3423 1203 72 59 de
3544 1199 151 61 diffé-

825 1334 190 41 rence
1053 1321 179 54 entre
1271 1316 86 58 les
1397 1315 163 59 bons
1599 1313 373 61 chauffeurs
2010 1311 496 62 d'automobiles
2545 1310 75 59 de
2657 1327 222 41 course
2918 1325 11 51 ;
2969 1324 83 39 on
3092 1308 149 53 note
3281 1319 81 39 au
3403 1295 322 63 contraire

826 1428 123 57 que
1006 1409 252 77 chaque
1314 1409 292 59 aviateur
1662 1429 33 39 a
1748 1428 63 40 sa
1872 1408 290 59 manière
2219 1406 277 78 spéciale
2551 1403 77 60 de
2681 1402 198 60 voler.
2946 1400 96 57 Un
3102 1396 289 61 aviateur
3449 1411 78 39 ne
3583 1388 142 60 vole

824 1522 113 58 pas
999 1504 299 75 toujours
1360 1503 74 59 de
1493 1503 59 59 la
1605 1501 218 61 même
1883 1502 312 59 manière.
2261 1501 81 59 Le
2400 1498 101 59 vol
2561 1505 93 52 est
2714 1497 168 59 donc
2943 1495 297 73 toujours
3305 1490 14 58 1
3348 1485 374 80 expression

823 1597 250 78 précise
1128 1597 75 60 de
1257 1594 179 63 l'état
1489 1592 217 64 d'âme
1760 1597 84 59 du
1900 1596 219 77 pilote.
2182 1597 76 57 Le
2313 1594 271 77 looping
2637 1590 342 60 manifeste
3034 1584 438 79 l'impatience
3525 1600 83 39 ou
3666 1579 55 57 la

824 1691 231 62 colère.
1115 1690 111 60 Les
1281 1697 515 53 renversements
1852 1690 278 60 alternés
2186 1691 33 56 à
2272 1689 208 60 droite
2530 1694 59 51 et
2640 1689 32 55 à
2724 1683 253 78 gauche
3030 1680 345 76 indiquent
3432 1674 248 59 noncha-

824 1786 185 58 lance
1055 1784 314 76 étourdie,
1422 1794 58 50 et
1524 1786 86 58 les
1646 1787 202 73 (longs
1894 1784 137 58 vols
2079 1784 223 76 planés
2349 1781 368 78 expriment
2762 1780 57 57 la
2870 1774 316 77 nostalgie
3234 1780 59 52 et
3339 1772 57 57 la
3445 1769 272 75 fatigue»

822 1880 113 57 Les
988 1878 199 59 arrêts
1240 1877 309 61 soudains
1599 1877 199 60 suivis
1850 1877 74 60 de
1976 1877 267 78 spirales
2295 1877 144 77 plus
2491 1894 84 39 ou
2628 1875 214 57 moins
2895 1871 407 78 prolongées,
3362 1866 85 57 les
3503 1863 180 58 cabre-

818 1977 237 65 ments,
1112 1973 85 58 les
1248 1972 386 76 plongeons,
1689 1979 60 52 et
1792 1979 210 52 toutes
2052 1972 86 58 les
2189 1969 489 61 combinaisons
2726 1966 258 59 infinies
3035 1964 73 58 de
3157 1980 97 40 ces
3303 1974 418 43 manœuvres

820 2065 296 61 donnent
1170 2065 59 61 la
1285 2066 514 76 représentation
1856 2070 214 55 exacte
2125 2072 60 53 et
2238 2064 197 59 claire
2484 2063 197 58 d'une
2734 2062 162 58 suite
2944 2058 230 61 d'états
3228 2052 229 62 d'âme.
3515 2051 64 59 Si
3630 2069 87 40 on

819 2160 331 76 multiplie
1206 2161 86 58 les
1347 2160 400 76 aéroplanes,
1802 2178 87 39 on
1948 2159 206 60 arrive
2208 2159 317 58 aisément
2578 2160 33 54 à
2665 2172 336 59 composer
3056 2152 74 58 de
3191 2147 337 61 véritables
3587 2146 98 58 dia-

822 2255 221 74 logues
1096 2262 56 51 et
1206 2252 75 61 de
1332 2253 280 76 grandes
1663 2253 251 60 actions
1967 2253 466 76 dramatiques.
2488 2251 166 59 Tous
2708 2268 155 40 ceux
2919 2247 112 77 qui
3080 2252 117 53 ont
3248 2243 219 59 assisté
3523 2244 33 56 à
3610 2239 106 60 des

817 2347 295 60 combats
1159 2350 250 57 aériens
1454 2356 116 51 ont
1615 2349 319 58 aisément
1978 2347 298 77 apprécié
2324 2347 85 58 les
2455 2345 334 60 différents
2835 2342 507 76 tempéraments
3389 2337 105 59 des
3543 2353 130 41 com-

817 2442 308 70 battants,
1183 2442 138 58 leur
1369 2443 263 58 volonté
1684 2442 345 76 agressive,
2085 2441 139 59 leur
2273 2440 250 59 adresse
2569 2439 473 76 enveloppante
3094 2442 57 53 et
3199 2434 140 59 leur
3389 2430 328 79 prudence

817 2534 307 61 calculée.
1178 2536 47 57 Il
1275 2534 107 78 n'y
1433 2535 176 60 avait
1655 2541 313 70 pourtant
2015 2536 58 58 là
2120 2555 123 57 que
2294 2534 105 60 des
2450 2534 311 59 éléments
2812 2532 74 59 de
2933 2530 246 61 théâtre
3229 2528 239 59 aérien.
3525 2525 193 60 Notre

815 2628 248 60 théâtre
1113 2630 218 58 aérien
1384 2630 304 60 futuriste
1738 2650 60 38 se
1851 2648 276 58 propose
2176 2626 411 62 d'accentuer
2635 2634 59 54 et
2744 2627 74 59 de
2870 2624 480 79 perfectionner
3395 2622 89 59 les
3537 2638 141 41 acro-

813 2723 202 59 baties
1066 2722 106 60 des
1222 2723 380 77 aéroplanes
1653 2733 59 51 et
1762 2724 187 58 celles
2000 2723 105 59 des
2157 2725 319 57 aviateurs
2527 2724 133 75 qui,
2716 2722 290 76 grimpés
3058 2739 107 38 sur
3213 2720 58 57 le
3318 2716 288 76 fuselage
3657 2721 59 52 et

813 2837 109 39 sur
966 2819 86 57 les
1096 2816 153 61 ailes
1295 2826 225 50 savent
1562 2818 303 58 modifier
1907 2826 60 51 et
2011 2820 254 56 animer
2308 2818 88 58 les
2440 2815 222 79 profils
2708 2816 104 60 des
2859 2815 398 78 aéroplanes.

980 2929 176 59 Dans
1220 2948 116 40 nos
1400 2931 136 57 vols
1601 2930 339 76 dialogués
2003 2937 58 51 et
2123 2948 116 40 nos
2302 2937 168 52 mots
2534 2937 59 50 et
2655 2928 229 59 libérté
2948 2927 268 69 aériens,
3285 2926 55 58 le
3402 2944 139 40 sexe
3606 2923 106 59 des

811 3031 253 52 acteurs
1117 3042 134 40 sera
1305 3025 124 58 mis
1480 3044 75 37 en
1613 3023 184 59 relief
1848 3042 119 59 par
2018 3025 57 57 la
2130 3025 210 57 forme
2393 3023 106 59 des
2552 3022 399 77 aéroplanes,
3008 3023 58 57 la
3118 3021 149 58 voix
3316 3020 85 59 du
3455 3027 260 52 moteur

810 3126 58 52 et
912 3118 54 59 le
1010 3117 261 77 rythme
1316 3119 239 74 spécial
1602 3118 85 58 du
1733 3119 127 59 vol.
1909 3119 82 57 La
2035 3119 149 57 voix
2228 3117 85 60 du
2359 3125 257 52 moteur
2658 3125 153 69 peut
2851 3116 129 59 être
3023 3116 212 76 réglée
3282 3135 76 38 en
3405 3114 175 77 plein
3626 3131 84 41 ou

808 3211 272 71 réduite,
1145 3211 244 60 hachée
1446 3232 78 40 en
1585 3212 197 59 éclats
1842 3212 318 77 brusques
2214 3220 59 51 et
2334 3213 382 75 impérieux,
2780 3230 82 39 ou
2922 3210 301 59 modulée
3274 3229 80 39 en
3416 3226 293 59 gammes

807 3307 227 58 hautes
1083 3313 65 54 et
1198 3306 235 69 basses,
1494 3326 68 39 ce
1616 3307 115 75 qui
1785 3307 324 59 constitue
2160 3324 128 41 une
2341 3307 370 76 expression
2766 3304 311 59 musicale
3130 3312 56 51 et
3243 3305 300 59 bruitiste
3594 3304 115 77 quî

806 3401 394 74 complétera
1256 3400 50 59 le
1359 3399 225 60 drame
1635 3400 243 60 aérien.
1937 3401 290 71 Russolo,
2280 3396 396 64 l'inventeur
2725 3400 105 59 des
2882 3400 323 59 bruiteurs
3259 3399 357 69 futuristes,
3675 3416 32 40 a

804 3495 143 58 créé
993 3513 128 40 une
1166 3500 224 71 capote
1435 3494 384 77 métallique
1866 3496 107 74 qui
2023 3502 353 69 augmente
2422 3495 86 59 les
2552 3495 206 58 bruits
2805 3495 85 58 du
2936 3501 255 53 moteur
3235 3500 58 53 et
3339 3513 88 39 un
3473 3493 195 78 échap-

805 3595 266 70 pement
1123 3589 108 75 qui
1291 3608 78 38 en
1426 3588 177 77 règle
1658 3588 56 59 la
1773 3588 309 71 sonorité,
2144 3608 145 40 sans
2346 3609 77 38 en
2479 3588 302 60 modifier
2836 3589 56 59 la
2948 3588 197 60 force.
3202 3588 266 77 Chaque
3521 3589 184 59 aérot

801 3682 192 77 plane
1033 3689 59 53 et
1131 3682 250 77 chaque
1422 3681 361 77 dirigeable
1822 3701 134 41 sera
1999 3682 202 78 peint,
2242 3702 86 40 ou
2372 3684 317 59 camouflé
2731 3682 359 73 (animaux,
3137 3683 360 77 machines,
3545 3684 120 59 mai-

802 3778 175 70 sons)
1037 3784 59 52 et
1147 3776 186 76 signé
1387 3796 118 57 par
1558 3798 90 37 un
1704 3777 253 77 peintre
2013 3777 324 60 futuriste.
2398 3777 111 60 Les
2564 3779 279 75 peintres
2898 3778 333 60 futuristes
3288 3778 199 70 Balla,
3550 3778 116 59 Rus-

802 3871 155 76 solo,
1025 3870 186 72 Funi,
1277 3870 274 77 Depero,
1617 3870 400 72 Dudreville,
2085 3870 383 72 Baldessari,
2536 3873 208 76 Rosai,
2810 3872 303 71 Ferrazzi,
3180 3873 234 71 Ginna,
3483 3874 221 58 Primo

800 3964 215 71 Conti,
1077 3962 238 74 Sironi,
1376 3972 146 58 etc.,
1582 3974 114 52 ont
1750 3964 149 77 déjà
1949 3967 231 58 trouvé
2235 3966 73 59 de
2363 3966 428 77 fantastiques
2847 3966 407 62 décorations
3311 3986 164 59 pour
3529 3969 140 58 aéro-

800 4060 244 75 planes.
1099 4058 170 60 Nous
1319 4077 243 41 aurons
1612 4080 73 39 en
1739 4066 185 53 outre
1974 4061 55 58 le
2080 4061 370 58 lancement
2500 4062 309 76 expressif
2860 4061 75 60 de
2985 4063 357 76 poussières
3395 4063 303 71 colorées,

799 4151 324 72 confettis,
1180 4152 150 59 feux
1381 4152 319 61 d'artifice
1752 4153 502 76 perfectionnés,
2313 4156 406 75 parachutes,
2778 4155 334 61 fantoches
3160 4177 80 39 en
3293 4157 403 77 baudruche,

798 4246 190 77 petits
1043 4246 256 60 ballons
1357 4247 270 70 colorés,
1689 4254 120 53 etc.
1870 4248 112 58 Les
2042 4248 321 59 aviateurs
2421 4249 334 62 futuristes
2814 4251 378 60 réaliseront
3253 4252 160 60 dans
3470 4253 54 60 le
3582 4254 117 59 ciel

796 4339 76 61 de
924 4338 198 61 Milan
1174 4338 76 63 de
1298 4339 280 78 grandes
1629 4342 549 77 représentations
2230 4342 73 60 de
2353 4343 247 61 théâtre
2648 4345 216 59 aérien
2913 4345 162 72 (vols
3127 4346 360 78 dialogués,
3543 4368 118 58 pan-

795 4435 326 70 tomimes,
1169 4433 230 61 danses
1442 4444 59 50 et
1544 4435 244 76 grands
1832 4438 260 74 poèmes
2134 4436 483 62 mots-libristes
2661 4441 267 69 aériens,
2978 4443 173 57 créés
3194 4461 117 58 par
3355 4444 85 58 les
3486 4445 213 76 poètes

795 4528 337 60 futuristes
1194 4527 352 80 Marinetti,
1612 4530 210 69 Buzzi,
1888 4528 222 73 Corra,
2179 4529 293 80 Folgore,
2540 4533 231 71 Mazza,
2837 4533 363 76 Settimelli,
3269 4537 197 71 Chiti,
3534 4538 124 61 Can-

794 4622 230 76 giullo,
1071 4621 247 79 Jamar,
1366 4622 329 80 Nannetti,
1743 4625 220 77 Dessy,
2010 4625 192 71 Vieri,
2251 4626 175 72 etc.).
2474 4627 122 60 Sur
2639 4629 86 58 les
2767 4629 495 62 innombrables
3306 4640 393 67 spectateurs
