3259 4264
2612 3739 99 51 189

291 402 170 55 Mais
491 402 40 55 il
561 428 71 30 ne
663 409 129 51 faut
822 429 107 48 pas
960 406 213 56 rendre
1204 408 16 53 1
1246 424 91 39 art
1366 434 273 33 nouveau
1686 416 388 69 responsable
2116 416 72 56 de
2230 443 96 31 ces
2370 441 335 38 errements.

292 486 197 55 Parmi
538 488 83 55 les
669 490 354 55 architectes
1068 491 326 73 également
1436 495 37 53 il
1507 522 45 47 y
1594 521 146 31 aura
1783 500 267 68 toujours
2093 500 104 56 des
2240 505 352 56 marchands
2634 508 71 54 de

344 573 371 55 confections
758 599 71 29 en
869 599 137 49 gros
1123 593 182 56 ayant
1344 603 69 31 en
1459 582 168 55 stock
1670 583 104 54 des
1862 584 259 56 modèles
2164 587 234 57 dernier
2438 594 82 51 cri
2634 593 71 55 de

287 672 176 39 vente
495 674 302 40 courante.

291 743 87 54 La
408 747 186 52 vérité
626 749 272 67 pourrait
927 754 295 65 peut-être
1255 773 58 31 se
1345 753 284 55 formuler
1658 778 225 32 comme
1916 759 116 52 suit
2062 783 9 28 :

291 843 44 51 1.
471 842 152 54 Lors
654 842 74 56 de
758 843 56 55 la
844 848 407 54 construction
1283 846 71 56 de
1385 865 129 40 tout
1549 851 225 65 édifice,
1816 852 56 56 la
1915 857 465 70 préoccupation
2427 863 282 66 première

288 940 56 39 et
373 927 334 55 essentielle
740 952 131 31 sera
900 928 357 59 d'atteindre
1288 932 326 74 l'optimum
1646 937 268 56 d'utilité.

287 1023 48 56 2.
471 1026 83 53 Le
587 1026 174 55 choix
791 1026 105 56 des
928 1044 328 40 matériaux
1286 1048 55 38 et
1370 1032 104 56 des
1505 1035 307 56 méthodes
1855 1036 74 56 de
1968 1037 55 55 la
2066 1056 404 41 construction
2514 1062 199 38 seront

287 1124 387 42 entièrement
705 1112 418 58 subordonnes
1153 1119 33 51 à
1217 1115 54 56 la
1302 1135 306 54 poursuite
1641 1120 78 57 du
1751 1147 269 48 principe
2052 1124 309 57 ci-dessus.

286 1211 49 52 3.
374 1209 185 54 —La
588 1209 214 56 beaute
836 1234 129 32 sera
997 1211 51 55 la
1082 1213 324 57 résultante
1436 1215 104 57 des
1582 1234 282 59 rapports
1905 1220 220 56 directs
2168 1239 162 40 entre
2372 1224 247 57 l'œuvre
2659 1244 54 39 et

286 1293 52 54 le
371 1294 104 55 but
505 1295 221 74 auquel
757 1297 108 54 elle
896 1312 89 40 est
1015 1298 292 67 destinée;
1346 1302 107 55 elle
1483 1303 275 58 dérivera
1788 1330 110 49 par
1928 1310 369 72 conséquent
2325 1309 104 56 des
2460 1312 253 72 qualités

286 1380 323 56 naturelles
659 1382 105 55 des
814 1399 329 41 matériaux
1197 1387 220 56 choisis
1465 1406 56 38 et
1573 1390 73 56 de
1702 1392 14 53 1
1742 1393 278 72 élégance
2076 1393 106 56 des
2239 1396 287 55 solutions
2578 1422 100 32 con-

287 1469 335 54 structives.

470 1566 49 53 L
543 1566 337 75 esthetique
910 1567 74 56 de
1015 1568 16 55 1
1055 1570 396 57 architecture
1481 1575 282 56 moderne
1793 1601 71 31 ne
1896 1580 309 53 reconnait
2235 1603 105 48 pas
2380 1580 71 54 de
2488 1580 188 57 démar-

287 1666 198 41 cation
517 1667 165 41 entre
711 1653 57 55 la
797 1653 214 69 façade
1043 1670 55 41 et
1128 1656 50 55 le
1210 1657 158 73 plan,
1394 1658 51 56 le
1469 1660 222 57 devant
1714 1686 75 32 ou
1816 1664 262 55 l'arrière
2103 1664 72 55 de
2201 1665 54 54 la
2279 1671 404 54 construction
2705 1695 9 37 ;

287 1761 60 31 ni
388 1754 164 39 entre
597 1738 244 68 celle-ci,
885 1740 56 56 la
982 1758 188 49 route,
1214 1742 56 56 la
1312 1768 145 33 cour
1497 1761 56 40 et
1594 1771 64 32 ce
1708 1773 102 49 qui
1853 1750 376 56 l'entourera.
2274 1751 219 57 Aucun
2536 1754 179 56 détail

284 1848 37 29 n
348 1839 184 39 existe
565 1849 108 48 par
715 1825 326 67 lui-même;
1086 1827 39 55 il
1167 1853 36 30 n
1228 1844 89 41 est
1354 1855 209 45 jamais
1605 1834 219 73 qu'une
1868 1852 191 55 partie
2102 1836 310 56 inhérante
2453 1838 77 57 du
2577 1840 137 72 plan

284 1910 257 72 général.
568 1911 161 56 Tout
758 1937 65 30 ce
853 1937 103 49 qui
985 1938 33 30 a
1049 1939 114 31 une
1192 1915 267 57 fonction
1490 1918 377 68 déterminée,
1898 1945 34 31 a
1961 1921 118 56 bon
2111 1938 222 57 aspect.
2365 1924 176 56 Nous
2567 1949 148 32 nous

283 1996 132 56 refu
424 2021 139 31 sons
595 1997 73 55 de
698 2023 191 32 croire
921 2024 115 50 que
1068 2025 65 31 ce
1163 2025 103 50 qui
1297 2018 87 41 est
1413 2004 271 67 efficient,
1717 2032 202 48 puisse
1949 2032 172 32 avoir
2150 2009 182 56 vilain
2363 2028 221 56 aspect.

282 2098 49 53 5.
369 2097 187 54 —La
597 2121 247 42 maison,
889 2097 151 57 dans
1083 2098 18 54 1
1125 2100 300 56 ensemble
1468 2127 223 32 comme
1735 2104 151 56 dans
1929 2106 51 55 le
2023 2106 199 66 détail,
2262 2132 71 31 ne
2376 2113 240 52 connait
2658 2114 56 51 ni

283 2179 410 59 démarcation
724 2208 59 30 ni
811 2184 329 56 isolement.
1175 2187 116 54 Les
1333 2186 212 58 détails
1589 2191 315 55 n'existent
1945 2193 178 73 qu'en
2165 2194 271 56 fonction
2478 2194 72 56 de
2591 2196 126 56 leur

278 2268 99 70 jeu
408 2268 252 66 mutuel;
692 2269 57 56 la
777 2273 230 53 maison
1044 2272 245 56 n'existe
1332 2274 174 74 qu'en
1551 2277 267 56 fonction
1862 2277 73 57 de
1977 2278 178 57 celles
2198 2283 103 70 qui
2342 2279 372 59 l'entourent.

284 2353 135 56 Elle
449 2370 89 40 est
567 2356 56 55 la
651 2357 329 56 résultante
1011 2358 73 56 de
1115 2376 387 58 conceptions
1533 2363 341 57 collectives
1900 2380 56 40 et
1980 2366 266 56 sociales.
2282 2368 88 55 La
2399 2371 314 70 répétition

283 2455 89 40 est
401 2440 330 68 désirable;
763 2467 29 32 c
818 2459 90 40 est
936 2443 53 56 le
1020 2446 233 56 facteur
1286 2446 54 56 le
1383 2447 133 74 plus
1558 2451 325 71 important
1925 2451 74 56 de
2041 2451 148 56 l'art.
2239 2453 129 56 Des
2413 2470 268 41 construc-

283 2541 155 41 tions
465 2527 311 57 similaires
801 2554 155 49 pour
978 2530 106 57 des
1109 2531 241 57 besoins
1377 2535 323 56 similaires.
1736 2537 117 55 Les
1878 2554 346 57 exceptions
2249 2564 71 30 ne
2346 2555 133 39 sont
2500 2540 179 57 admis-

283 2612 112 57 sibl
401 2639 62 30 es
494 2615 178 75 qu'en
702 2641 100 31 cas
833 2616 74 57 de
940 2617 240 57 besoins
1211 2621 461 73 exceptionnels.
1708 2624 123 56 Ces
1869 2624 240 57 besoins
2141 2629 441 70 exceptionnels
2612 2631 99 70 qui

279 2699 328 75 légitiment
653 2702 86 56 les
789 2720 347 57 exceptions
1185 2705 151 57 dans
1384 2706 56 57 la
1486 2711 317 70 répétition
1853 2710 139 56 d'un
2043 2719 186 48 même
2273 2713 151 73 style
2466 2738 71 30 ne
2582 2729 133 41 sont

279 2786 259 57 admises
588 2813 72 30 en
703 2793 271 71 principe
1017 2815 117 50 que
1175 2791 271 77 lorsqu'il
1488 2794 169 74 s'agit
1698 2794 409 58 d'immeubles
2149 2801 34 53 à
2225 2798 137 56 buts
2405 2799 306 66 collectifs,

278 2873 38 55 d
340 2881 216 49 intérêt
587 2875 199 56 social.
823 2878 277 73 Lorsque
1130 2893 130 42 tout
1289 2894 88 41 est
1406 2880 142 56 basé
1580 2906 100 31 sur
1709 2907 113 30 une
1849 2907 161 32 saine
2036 2883 205 66 utilité,
2268 2884 14 53 l
2309 2884 141 56 utile
2474 2884 240 57 devient

279 2986 116 31 une
424 2961 81 56 loi
536 2963 354 75 esthétique.

282 3049 100 56 Un
416 3048 289 57 bâtiment
735 3075 134 31 sera
896 3050 173 68 beau,
1101 3052 80 57 du
1211 3071 260 39 moment
1498 3055 75 55 où
1604 3054 133 73 déjà
1766 3055 79 56 du
1876 3055 219 58 dehors
2125 3057 38 54 il
2193 3061 382 52 manifestera
2606 3082 105 32 son

279 3134 320 57 efficience.
632 3137 174 54 IVlais
837 3162 79 31 un
947 3138 289 57 bâtiment
1263 3165 73 30 ne
1366 3139 127 57 doit
1521 3165 108 49 pas
1662 3166 60 30 se
1751 3166 132 32 voir
1914 3142 325 56 seulement
2262 3142 72 57 de
2360 3143 350 57 l'extérieur.

278 3222 179 56 Nous
479 3249 47 46 y
555 3226 421 71 pénétrerons;
1020 3250 151 33 nous
1200 3227 395 74 regarderons
1639 3228 88 56 s'il
1770 3245 88 39 est
1898 3233 307 52 conforme
2234 3235 33 52 à
2300 3255 105 30 son
2436 3231 106 56 but
2572 3229 138 58 d'un

278 3308 147 56 bout
462 3312 33 52 à
538 3308 19 55 1
580 3325 187 40 autre.
815 3311 172 57 C'est
1027 3316 35 52 à
1100 3312 288 57 l'examen
1427 3313 73 56 de
1551 3339 62 30 sa
1657 3313 385 57 distribution
2084 3316 137 56 bien
2264 3316 135 73 plus
2441 3341 80 48 qu
2546 3341 71 31 en
2660 3316 51 56 le

277 3396 409 73 contemplant
728 3396 82 57 du
848 3397 239 65 dehors,
1125 3424 117 51 que
1277 3425 152 32 nous
1468 3416 414 42 constaterons
1914 3405 48 52 si
1991 3428 78 30 un
2106 3402 288 56 bâtiment
2423 3417 89 41 est
2540 3403 171 65 beau,

275 3506 30 32 c
330 3486 177 52 est-à-
513 3481 145 68 dire,
686 3483 89 56 s'il
805 3499 90 42 est
922 3485 345 57 réellement
1295 3486 220 75 adapté
1554 3491 35 52 à
1633 3513 64 30 sa
1737 3487 381 57 destination.
2163 3489 64 55 Si
2269 3489 77 54 tel
2390 3505 88 39 est
2506 3489 52 55 le
2594 3513 116 42 cas,

274 3569 42 55 il
345 3594 73 30 ne
448 3570 306 73 répondra
782 3596 112 49 pas
926 3572 330 58 seulement
1284 3577 34 53 à
1347 3572 106 58 des
1482 3574 259 67 besoins,
1774 3577 146 54 mais
1958 3575 38 56 il
2038 3575 84 56 les
2166 3577 345 71 organisera
2549 3575 161 56 selon
