3259 4264
2600 3833 148 56 195

218 353 315 60 TËK
613 358 60 55 H
754 360 60 53 H
895 351 47 62 É

215 513 98 40 que,
341 513 21 27 a
388 498 134 42 établi
548 513 61 27 un
633 498 157 43 service
814 498 250 43 d'incendie
1088 512 39 31 et
1153 515 59 26 un
1238 498 156 43 service

217 562 50 40 de
291 560 154 54 police,
473 572 40 30 et
538 576 22 26 a
586 576 52 26 en
664 576 127 26 cours
819 560 231 54 beaucoup
1075 561 193 42 d'autres
1292 576 76 40 pro-

216 622 83 53 jets
340 622 208 43 d'intérêt
588 622 172 54 général
799 637 117 38 pour
955 624 40 42 la
1035 622 278 43 collectivité.
1358 621 37 45 Il

215 684 91 54 agit
328 699 173 27 comme
521 685 251 53 organisme
791 684 268 41 consultatif
1084 685 50 40 de
1157 685 38 41 la
1228 700 21 25 «
1274 684 91 43 Rad-

217 746 117 42 burn
366 746 287 42 Association
689 761 22 26 »
748 746 92 54 qui,
876 760 72 27 sur
981 748 56 41 les
1069 756 122 32 taxes
1223 760 174 39 perçues

216 823 74 28 sur
316 808 58 42 les
397 807 260 55 propriétés,
689 807 178 43 fournit
895 809 56 40 les
980 807 140 44 fonds
1145 808 252 42 nécessaires

215 870 23 42 à
265 872 40 41 la
330 870 185 54 plupart
542 870 51 42 de
618 885 64 27 ces
707 869 211 43 activités.

287 943 59 42 Le
375 943 169 55 budget
575 943 50 42 de
660 945 39 41 la
739 959 23 25 «
796 943 223 43 Radburn
1050 943 287 43 Association
1372 958 23 26 »

216 1019 118 40 pour
363 1020 124 39 1930
511 1021 41 26 se
575 1016 155 31 monte
751 1006 22 41 à
800 1019 180 41 34,130
1005 1005 181 42 dollars.
1212 1005 64 43 La
1298 1018 100 31 taxe

218 1067 207 43 annuelle
451 1068 116 42 dont
591 1067 31 43 il
652 1083 22 26 a
702 1067 65 42 été
789 1065 210 57 question
1024 1066 102 56 plus
1150 1068 112 43 haut
1287 1068 112 44 n'est

217 1144 79 39 pas
331 1129 135 54 payée
502 1130 243 43 seulement
779 1145 74 27 sur
887 1131 58 42 les
981 1127 245 57 propriétés
1262 1129 138 42 bâties

217 1192 99 53 (elle
351 1203 62 31 est
449 1191 135 54 payée
620 1207 79 38 par
737 1190 284 44 mensualités
1057 1207 80 38 par
1176 1190 57 44 les
1273 1192 100 43 habi-

1543 513 119 30 tants
1680 501 30 53 ),
1744 502 109 41 mais
1883 514 60 30 est
1974 503 133 53 payée
2136 505 114 41 aussi
2280 520 73 26 sur
2385 505 55 43 les
2471 508 241 53 propriétés

1542 578 84 39 que
1654 564 11 40 I
1688 578 59 27 on
1778 565 219 41 construit
2025 579 39 30 et
2090 581 72 27 sur
2189 566 35 41 le
2249 568 160 41 terrain
2435 582 158 29 vacant
2619 569 93 55 prêt

1543 640 115 37 pour
1689 626 38 40 la
1757 626 306 42 construction
2094 630 160 51 auquel
2284 630 57 41 les
2372 630 175 42 services
2576 631 114 41 d'uti-

1544 686 74 41 lité
1647 687 218 54 publique
1893 700 83 30 ont
2006 688 62 41 été
2098 689 195 43 étendus.

1548 797 260 43 Ressources
1839 796 259 44 financières
2128 814 114 37 pour
2272 799 370 53 Vaménagement
2671 801 50 43 de

1616 858 43 42 la
1683 858 117 43 ville.

1614 945 133 42 Tout
1774 946 35 40 le
1833 945 148 54 projet
2009 946 384 55 d'aménagement
2420 949 51 41 de
2499 950 218 43 Radburn

1546 1018 62 31 est
1640 1007 177 41 financé
1850 1022 79 37 par
1965 1010 39 41 la
2047 1023 22 26 «
2106 1008 107 53 City
2249 1009 210 56 Housing
2492 1011 199 53 Corpora-

1548 1068 98 42 tion
1682 1084 39 28 ».
1755 1070 121 42 C'est
1907 1084 84 27 une
2023 1070 154 42 société
2207 1071 22 41 à
2261 1070 238 44 dividende
2529 1073 139 42 limité
2700 1073 20 40 à

1550 1131 24 41 6
1600 1145 82 39 p.c.
1710 1131 77 54 qui
1812 1146 21 27 a
1858 1131 283 44 maintenant
2166 1133 188 41 environ
2383 1149 263 39 3,000,000
2670 1135 51 42 de

1548 1192 167 43 dollars
1759 1209 52 26 en
1855 1194 370 53 capital-actions.
2273 1195 141 42 Outre
2460 1197 36 41 le
2541 1197 180 52 capital-

239 3768 122 47 Plan
384 3768 301 57 schématique
709 3767 62 45 du
824 3772 37 22 1er
884 3770 180 41 secteur
1090 3765 57 45 de
1171 3764 223 45 Radburn
