3513 4402
1708 133 107 51 259

187 247 329 55 Unterschiede
545 254 168 61 mögen
743 269 84 31 uns
859 254 99 49 hier
986 258 91 48 und
1109 260 56 50 da
1194 261 83 51 das
1303 264 268 52 historische
1599 270 87 50 Ver-

188 326 220 52 ständniss
438 326 309 59 erschweren,
788 330 330 55 nimmermehr
1158 338 162 52 dürfen
1358 343 63 48 sie
1457 343 85 48 den
1581 363 108 33 uner-

187 407 164 47 hörten
365 402 321 51 Missverstand
710 407 362 69 entschuldigen,
1101 414 120 51 kraft
1242 418 159 49 dessen
1431 420 286 70 Drieberg

191 480 313 67 (Aufschlüsse
532 480 118 49 über
678 481 73 50 die
774 484 151 50 Musik
954 487 81 50 der
1061 490 243 69 Griechen)
1335 495 91 48 und
1457 496 93 49 ihm
1580 501 109 47 nach-

188 555 273 52 schreibend
483 557 161 50 Marx
666 557 66 65 (in
753 561 257 69 Schilling's
1035 567 382 70 Univ.-Lexikon)
1440 573 71 48 die
1533 579 155 47 sämmt-

187 635 147 49 licben
360 635 270 49 Tonnamen
661 637 82 50 auf
767 637 88 51 den
876 642 130 66 Kopf
1029 646 161 59 stellte,
1219 664 77 33 um
1321 649 107 66 jene
1457 651 237 65 unbegreif-

188 712 146 50 lichen
358 712 263 49 Tonleitern
648 715 432 70 herauszuklügeln,
1103 740 147 47 gegen
1274 725 86 49 den
1383 727 156 50 klaren
1560 730 128 50 Wort-

192 788 212 49 verstand
435 788 77 49 des
545 785 98 61 o£v
675 792 91 49 und
796 794 141 67 Bagv
976 815 35 32 z.
1043 800 51 48 B.
1125 801 284 50 Gaudentius
1439 804 59 49 6:
1531 804 50 47 oi
1621 821 67 32 na-

210 865 148 47 kcClOl
588 879 103 31 XOV
870 880 150 33 71CCVX
1175 882 75 32 (UV
1431 870 33 58 ß
1524 886 34 31 CT
1617 885 29 53 Q
1698 888 26 31 V
1115 891 27 30 O

666 945 254 64 sxccl.ovv,
973 968 160 47 /j,excc
1193 952 58 51 de
1301 971 143 33 avxo
1486 973 238 35 exccööov

188 1036 227 52 ■vncixrjv
456 1026 233 46 V7iat(öv
728 1062 84 13 ...
1104 1030 58 51 de
1199 1050 345 55 TCCCQVTKXXTJV
1581 1055 141 32 V7IA-

189 1115 110 33 X(ov
337 1102 108 64 xtjg
485 1117 228 52 vTvcxxTjg
1096 1129 43 32 u.
1170 1130 33 32 s.
1235 1131 55 33 w.
1322 1117 118 47 Was
1470 1135 104 32 man
1605 1121 117 47 auch

189 1178 149 50 fabele
370 1180 117 48 über
512 1181 235 49 irrational
779 1189 390 49 conventioneilen
1188 1192 434 66 Sprachgebrauch,
1652 1197 72 49 die

192 1256 170 49 Worte
605 1261 92 47 und
1312 1260 33 61 ß
1396 1276 168 51 agvg
996 1266 96 48 sind
1146 1271 350 66 unzweideutig,
1543 1274 178 49 keinem

189 1333 352 50 Missverstande
569 1338 287 64 zugänglich,
901 1341 216 51 während
1148 1346 245 67 allerdings
1423 1366 138 32 unser
1589 1352 132 47 Hoch

186 1411 94 48 und
310 1411 107 48 Tief
493 1413 239 64 gleichwie
761 1415 122 52 altus
912 1420 91 48 und
1019 1422 280 66 profundus
1308 1426 416 66 —mehrdeutiger

183 1488 72 57 ist,
285 1489 66 47 als
379 1489 122 67 Spitz
531 1491 91 48 und
653 1492 207 58 Schwer,
901 1498 165 50 acutus
1095 1501 91 48 und
1217 1501 179 67 gravis,
1435 1505 169 48 Scharf
1630 1506 90 48 und

183 1567 191 65 Dumpf.
429 1568 61 47 Es
521 1568 54 48 ist
602 1570 95 49 also
737 1572 117 48 nach
885 1572 103 51 dem
1019 1576 184 67 Obigen
1499 1581 221 58 benannt,

183 1644 65 50 als
277 1643 81 50 das
386 1646 329 66 Ehrwürdige,
746 1650 374 67 Vorzüglichere,
1162 1656 71 49 die
1263 1650 167 74 dgxrj,
1461 1660 138 48 deren
1631 1662 60 48 Ge-

182 1722 200 65 genthei)
407 1722 61 49 im
492 1723 157 50 selben
673 1726 129 49 Bilde
824 1728 143 50 lautet
993 1743 66 34 TO
1089 1746 214 46 veaxov,
1345 1731 178 70 xoQdrj
1555 1751 161 51 Vinxt],

181 1799 81 50 das
291 1799 174 59 Letzte,
494 1802 278 66 Niedrigste,
812 1806 275 52 Gemeinste.
1636 1815 53 49 be-

178 1877 208 49 zeichnet
421 1878 87 50 den
542 1879 252 51 sinnlichen
824 1883 253 61 Eindruck,
1645 1891 71 51 die

179 1954 205 50 ethische
413 1956 369 67 Rangordnung.

295 2033 75 48 An
398 2032 143 49 vielen
572 2034 148 49 Orten
763 2037 188 49 werden
996 2039 82 49 wir
1115 2056 51 33 so
1197 2041 118 49 über
1343 2042 72 49 die
1444 2046 243 65 etymologi-

175 2108 107 50 sche
325 2109 93 49 und
460 2112 358 51 Conventionelle
861 2114 276 68 Bedeutung
1179 2118 82 48 der
1306 2119 169 50 Worte
1517 2121 196 61 belehrt,

174 2201 38 30 z.
240 2185 60 47 B:
511 2180 421 68 'Aqiiovia,Tonfügung,
960 2191 198 45 Tonart;
1407 2188 176 47 sowohl
1613 2207 65 29 ma-

174 2259 329 50 thematischer
532 2259 225 56 Ganzton,
798 2259 66 48 als
901 2259 116 47 auch
1048 2260 198 54 Tonart;
1287 2254 194 58 Mel.og
1511 2257 200 63 Gesang,

174 2338 65 48 im
283 2334 273 66 Gegentheil
603 2335 83 50 der
730 2333 272 70 Kqovoig,
1057 2333 654 65 Instrumental-Begleitung;

181 2406 269 73 Mehpdia
482 2412 204 66 Vortrag
715 2412 79 48 des
833 2412 234 66 Gesanges
1096 2428 168 34 u.s.w.
1290 2410 241 50 —Neben
1562 2410 151 47 diesen

177 2492 216 48 möchten
424 2490 84 47 wir
536 2492 118 48 noch
683 2490 79 49 das
795 2490 141 49 Wort
1230 2507 11 30 '
1247 2507 42 30 m
1334 2488 381 66 ursprünglichen

178 2566 96 50 und
310 2568 305 63 abgeleiteten
645 2568 139 48 Sinne
827 2566 258 50 betrachtet
1125 2568 159 56 sehen,
1330 2566 118 49 denn
1491 2582 47 31 es
1581 2565 137 47 heisst

179 2662 160 34 ausser
380 2646 282 58 Darmsaite,
702 2645 267 64 Klangsaite
1012 2645 116 48 auch
1171 2644 267 65 überhaupt
1478 2643 238 54 Tonstufe,

183 2723 89 49 wie
301 2723 123 48 nicht
452 2721 132 51 allein
615 2723 72 48 die
716 2724 272 47 Tonnamen
1447 2737 58 31 sc.

184 2801 82 49 für
295 2801 86 49 alle
409 2801 307 49 Instrumente
739 2800 92 48 und
855 2800 225 48 Stimmen
1104 2799 245 54 beweisen,
1378 2799 198 48 sondern
1599 2798 117 48 auch

186 2879 72 49 die
287 2878 419 50 Intervall-Namen
747 2878 284 48 Tetrachord
1063 2894 45 32 u.
1137 2893 34 32 s.
1202 2894 55 31 w.
1313 2876 286 49 Aehnlichen
1630 2875 58 48 Ge-

186 2956 174 50 brauch
391 2973 85 32 von
508 2973 33 46 %
548 2972 26 30 o
579 2953 104 71 qdx}
716 2955 154 50 finden
897 2955 85 48 wir
1010 2972 56 33 an
1090 2955 142 48 vielen
1256 2954 187 57 Stellen,
1473 2972 35 30 z.
1529 2954 52 48 B.
1605 2953 113 48 Plat.

184 3035 117 65 Rep.
325 3033 51 57 3,
403 3033 109 50 399
518 3027 19 27 d
542 3068 11 18 ,
584 3047 73 30 wo
686 3034 235 48 tonreiche
944 3034 308 47 Instrumente
1282 3031 242 65 allgemein

184 3102 325 75 %ogd6xaxa
548 3106 199 61 heissen;
790 3110 139 50 Arist.
959 3111 74 49 Pr.
1068 3109 87 58 19,
1189 3109 85 57 12,
1313 3125 73 32 wo

183 3189 172 48 notirte
384 3189 131 48 Töne
544 3196 160 56 gesagt
732 3189 54 47 ist
816 3186 128 66 (Hm.
978 3185 151 66 113);
1155 3186 148 48 ferner
1331 3186 118 48 Plut.
1478 3201 116 32 mus.
1625 3182 96 50 28:

184 3261 329 71 nqoaxogöa
553 3278 240 52 xQoveiv,
821 3283 101 30 zum
955 3265 211 65 Gesänge
1197 3265 160 47 unison
1386 3264 197 64 spielen;
1626 3261 94 48 und

183 3344 281 64 neuerdings
492 3342 119 50 noch
640 3359 90 33 une
756 3341 105 52 voix
876 3344 135 63 forte
1038 3344 44 48 et
1095 3356 124 54 pure
1241 3341 161 66 jusqu'
1431 3356 97 33 aux
1565 3339 159 49 cordes

184 3420 64 51 les
276 3420 115 70 plus
431 3421 175 50 hautes.
661 3421 160 48 Damit
856 3421 177 48 scheint
1061 3420 82 48 der
1171 3420 184 65 Vorzug
1383 3419 78 48 des
1490 3417 198 49 Saiten-

184 3499 178 66 spiels
408 3499 387 66 ausgesprochen,
845 3499 86 48 den
976 3500 86 47 alle
1104 3497 405 49 mittelländischen
1547 3494 177 49 Völker

184 3593 87 33 von
299 3576 160 50 Indien
498 3576 69 48 bis
607 3593 102 30 zum
742 3576 305 48 Abendlande
1091 3575 268 65 gegenüber
1400 3574 86 49 den
1517 3572 204 49 Völkern

187 3654 82 49 der
306 3655 285 48 Dunkelheit
635 3654 257 55 festhalten,
941 3652 233 50 einerseits
1214 3654 102 47 weil
1357 3668 57 33 an
1449 3651 85 48 den
1566 3650 156 48 Saiten

186 3730 72 51 die
287 3732 253 49 rationalen
572 3731 395 48 Tonverhältnisse
996 3748 74 31 am
1106 3730 263 48 leichtesten
1409 3727 193 56 fasslicb,
1642 3742 53 33 an-

188 3809 243 50 dererseits
460 3810 99 47 weil
603 3810 60 47 im
694 3809 326 66 Saitenklange
1057 3809 80 48 das
1165 3809 218 48 Ethische
1420 3807 103 49 dem
1553 3805 140 49 Pathe-

184 3886 174 50 tischen
403 3886 277 65 überwiegt,
723 3886 221 50 während
986 3886 43 48 in
1061 3883 102 51 dem
1203 3885 328 66 orgiastischen
1562 3882 160 48 Cultus

187 3965 79 49 das
296 3966 184 48 Flöten-
520 3963 92 50 und
644 3963 354 66 Posaunenspiel
1039 3965 253 48 vorwaltet.
1346 3962 103 51 Und
1478 3979 50 33 so
1557 3961 56 48 ist
1641 3961 81 48 der

187 4042 338 51 kitharodische
553 4042 175 50 Nomos
769 4041 81 49 der
887 4041 378 66 altgriechischen
1296 4041 242 49 Tonkunst
1566 4038 129 66 eigen-

1815 275 218 50 thümlich
2066 278 126 65 (Hm.
2224 282 107 64 66),
2371 286 235 62 gleichwie
2634 288 100 48 dem
2766 291 158 48 Hindu
2954 292 71 48 die
3060 293 132 57 Vina,
3234 296 101 49 dem

1816 357 209 59 späteren
2049 357 325 50 Abendländer
2394 360 80 50 das
2498 363 283 66 Geigenspiel
2806 368 42 47 in
2873 368 284 50 besonderen
3182 372 153 49 Ehren

1816 430 143 55 steht;
2007 434 114 45 auch
2154 433 164 51 deuten
2350 438 68 47 ein
2451 439 207 48 Gleiches
2686 442 71 48 die
2788 443 308 52 Volksnamen
3128 448 81 48 der
3251 449 53 49 ki-

1818 505 420 54 tharodischen
2270 513 231 48 Tonarten
2531 515 196 59 dorisch,
2757 518 188 60 ionisch,
2975 524 184 55 äolisch,
3189 524 147 50 denen

1818 581 72 49 die
1932 584 358 51 auletischen
2336 590 80 47 mit
2445 592 401 52 Barbarennamen
2891 600 445 63 gegenüberstehen,

1820 659 62 47 als
1913 659 184 65 lydisch,
2127 663 258 66 phrygisch,
2417 668 310 65 mixolydisch,
2757 672 304 67 hypolydiscb.
3117 678 75 48 Sei
3221 681 117 46 auch

1820 734 71 48 die
1920 736 196 50 Aulodia
2146 739 87 48 den
2263 741 224 50 Griechen
2521 745 130 49 frühe
2681 747 216 59 bekannt,
2925 767 50 30 so
3002 754 97 47 sind
3129 755 115 47 doch
3269 755 73 50 die

1820 811 267 51 asiatischen
2416 813 87 68 avXrjxai,
2504 821 526 64 lnstrumental-Virtuosen,
3065 834 150 61 später
3244 833 72 47 ein-

1820 891 268 60 gewandert
2116 893 126 63 (Hm.
2275 895 114 65 75);
2440 898 70 47 bei
2543 899 174 48 Homer
2757 901 54 47 ist
3132 908 90 48 und
3264 923 51 32 xi-

1821 966 158 64 xhaQa
2032 969 85 48 den
2173 973 229 57 Achäern,
2451 970 162 51 ctvXoi
2657 976 85 49 den
2788 980 174 48 Troern
3015 987 328 62 vorzugsweise

1823 1042 226 64 gegeben,
2078 1045 93 48 und
2201 1049 300 49 Aristoxenus
2530 1053 163 48 erhebt
2719 1054 80 48 das
2828 1056 267 68 Saitenspiel
3127 1062 115 48 über
3272 1062 71 50 die

1823 1120 202 56 Auletik,
2054 1122 99 47 weil
2177 1122 128 65 jenes
2334 1126 291 64 geistreicher
2656 1130 89 47 und
2774 1133 293 66 schwieriger
3096 1139 77 48 sei.

1941 1197 151 49 Ueber
2113 1199 70 48 ein
2210 1201 189 48 anderes
2422 1204 418 66 vielbesprochenes
2859 1210 155 59 Wort,
3029 1210 310 70 Jiaywvia,

1821 1272 182 50 können
2042 1277 83 46 wir
2167 1294 82 32 uns
2289 1280 119 48 nicht
2451 1280 252 67 beruhigen
2745 1285 69 48 bei
2854 1286 81 49 der
2975 1304 99 33 vom
3107 1291 235 51 Verfasser

1821 1350 108 49 Hm.
1976 1351 104 48 116
2129 1354 266 64 gegebenen
2440 1357 232 68 Deutung.
2736 1362 117 49 Dass
3249 1369 93 49 und

1823 1421 284 71 dia(p(üvicc
2140 1448 188 33 unserer
2359 1434 264 50 Consonanz
2652 1439 90 47 und
2775 1441 247 48 Dissonanz
3057 1445 123 48 nicht
3207 1446 133 66 völlig

1819 1505 143 62 gleich
1994 1506 116 58 sind,
2138 1507 54 49 ist
2220 1525 81 32 aus
2332 1512 223 49 manchen
2587 1515 168 48 Stellen
2785 1519 278 57 ersichtlich;
3100 1524 87 46 wie
3229 1524 113 48 aber

1819 1581 71 48 die
1922 1583 222 51 Griechen
2176 1603 247 34 unseren
2455 1590 178 65 Begriff
2654 1592 82 49 der
2759 1594 249 50 Dissonanz
3038 1599 302 58 ausdrücken,

1816 1660 174 47 sowohl
2021 1661 58 47 im
2113 1663 279 65 Gegensatze
2420 1683 80 31 zur
2529 1667 266 51 Consonanz
2831 1671 65 50 als
2933 1674 115 47 auch
3079 1691 78 32 zur
3185 1676 124 55 Kako-

1818 1736 165 65 phonie
2012 1738 79 50 des
2121 1742 229 48 Unreinen
2380 1743 112 50 oder
2521 1746 278 66 Unsinnigen
2840 1749 112 64 (was
2981 1752 146 65 einige
3155 1754 184 50 Neuere

1815 1815 116 47 nach
1964 1816 298 66 Hauptmann
2294 1821 277 49 Discordanz
2602 1824 281 67 benennen);
2921 1827 80 50 das
3042 1830 54 48 ist
3133 1846 82 33 aus
3251 1831 87 50 den

1816 1891 120 47 alten
1960 1892 225 51 Schriften
2215 1896 122 48 nicht
2365 1914 48 31 so
2442 1915 83 48 gar
2555 1900 134 49 leicht
2717 1920 52 31 zu
2798 1904 290 52 entnehmen.
3118 1907 97 49 Für
3242 1907 96 59 das,

1815 1984 94 31 was
1934 1968 244 66 Westphal
2210 1990 80 32 aus
2315 1975 282 49 Gaudentius
2625 1978 195 50 treffend
2850 1981 207 58 anführt,
3086 1989 122 44 wäre
3237 1986 102 48 kein

1812 2061 195 33 neueres
2058 2050 143 48 Wort
2247 2053 401 65 entsprechender,
2698 2057 63 48 als
2809 2057 80 50 das
2938 2058 397 63 mittelalterliche,

1812 2122 219 51 ebenfalls
2060 2126 144 49 durch
2237 2130 343 66 Uebersetzung
2607 2133 229 64 gebildete
3115 2159 60 23 =
3190 2141 117 50 Zwie-

1811 2212 76 26 ffPC
1895 2213 102 25 Ong,
2042 2203 33 23 C*
2089 2219 17 6 ~
2113 2220 28 17 0
2204 2221 28 15 c
2349 2222 27 15 w
2386 2222 5 4 •
2437 2208 28 14 n
2500 2207 27 14 11
3269 2220 12 11 i

1810 2250 182 64 klänge.
2035 2250 62 47 Es
2124 2250 57 47 ist
2209 2249 71 48 ein
2309 2245 298 57 Uebelstand,
2637 2245 101 50 dass
2768 2244 287 49 Gaudentius
3082 2245 47 46 P.
3169 2243 60 49 11
3265 2243 71 49 die

1811 2328 259 63 Diaphonie
2098 2343 87 33 nur
2213 2325 226 65 negativ
2468 2323 186 49 definirt
2682 2324 64 47 als
2768 2320 419 65 Zusammenklang
3209 2320 96 48 meh-

1814 2422 127 31 rerer
1981 2405 242 55 Stimmen,
2265 2404 72 48 die
2376 2401 148 51 nichts
2568 2401 81 49 mit
2690 2399 218 51 einander
2950 2399 179 63 gemein
3173 2399 167 54 haben,

1814 2483 132 48 keirffe
1969 2481 199 68 XQäoig
2190 2483 111 47 oder
2320 2480 282 64 jtwie
2625 2478 71 49 die
2714 2479 283 53 Consonanz,
3023 2470 313 71 OVfMpaivitt.

1815 2560 157 48 Wenn
2016 2559 111 47 aber
2164 2559 220 48 Euklides
2421 2558 48 47 P.
2502 2556 31 50 8
2576 2555 205 66 positiv
2823 2552 206 50 definirt:
3070 2531 270 85 jidfpwvcc

1812 2630 73 53 xä
1923 2627 270 55 eXdxxova
2234 2648 102 33 xov
2395 2630 399 69 diaxeoociQ(t)v,
2851 2624 94 53 xal
3002 2643 69 33 ta

1814 2729 110 33 x(ov
1964 2726 312 55 ovfi(f(t)vo)v
2314 2726 184 33 Ttavxa
2541 2734 54 20 =
2643 2711 255 66 Diaphonie
2955 2710 54 47 ist
3063 2709 125 56 alles,
3246 2723 94 31 was

1816 2794 226 48 kleiner
2070 2795 64 46 als
2164 2794 71 47 die
2267 2794 196 57 Quarte,
2492 2790 93 50 und
2616 2806 92 34 was
2736 2789 283 49 zwischen
3049 2786 86 48 den
3169 2785 142 48 Conso-

1816 2886 173 34 nanzen
2013 2871 93 47 sich
2133 2871 204 64 bewegt;
2367 2885 133 32 wenn
2531 2885 50 31 er
2609 2866 216 50 hiernach
2854 2866 72 47 die
2953 2864 117 49 eben
3100 2861 242 50 definirten

1818 2949 170 48 einzeln
2018 2947 212 56 aufzählt,
2279 2946 94 48 und
2420 2961 121 33 zwar
2590 2945 63 47 als
2695 2945 259 47 kleinere
3002 2941 87 48 den
3135 2940 209 54 Viertel-,

1818 3026 143 48 Halb-
2006 3025 93 48 und
2139 3026 223 56 Ganzton,
2403 3024 86 48 den
2527 3022 310 50 Anderthalb-
2882 3019 95 50 und
3019 3017 221 57 Zweiton,
3279 3017 64 47 als

1816 3102 437 65 zwischenliegende
2289 3102 86 49 den
2412 3101 215 50 Tritonus
2654 3121 60 22 =
2741 3100 325 65 Ueberquarte
3104 3095 90 49 und
3225 3095 86 47 Min-

1819 3181 264 66 derquinte;
2105 3181 278 48 Tetratonus
2398 3200 58 23 =
2472 3176 340 69 Ueberquinte;
2836 3177 278 47 Pentatonus
3128 3195 59 20 =
3199 3171 148 48 kleine

1818 3259 227 64 Septime:
2074 3274 50 33 so
2152 3259 57 48 ist
2238 3259 114 55 klar,
2383 3256 101 48 d'ass
2514 3255 123 49 diese
2666 3256 85 47 alle
2781 3255 42 48 in
2853 3254 86 48 den
2978 3251 248 50 modernen
3259 3250 56 48 Be-

1819 3336 113 66 griff
1953 3335 80 49 der
2064 3336 251 48 Dissonanz
2347 3335 151 56 fallen,
2533 3349 359 49 ausgenommen
2921 3330 70 48 die
3022 3330 158 47 letzten
3211 3334 133 40 unter

1820 3414 86 48 den
1938 3414 250 57 kleineren,
2225 3402 391 76 XQlß]fAixbviov
2643 3410 93 48 und
2768 3403 227 61 dixovog
3023 3425 58 22 =
3114 3403 24 51 1
3253 3402 91 48 und

1821 3491 32 50 2
1885 3492 119 55 Ton,
2046 3491 42 48 d.
2120 3491 43 48 h.
2193 3506 164 32 unsere
2395 3490 186 47 kleine
2625 3487 90 48 und
2747 3501 197 50 grosse
2976 3485 156 54 Terz,
3174 3481 72 48 die
3276 3481 69 47 bei

1821 3570 87 48 den
1952 3567 408 50 mittelalterlichen
2402 3567 259 47 Theoreten
2703 3581 84 32 von
2827 3565 179 47 Franco
3049 3562 83 47 her
3174 3558 147 49 unvoll-

1820 3647 248 48 kommene
2087 3646 325 48 Consonanzen
2437 3645 192 47 heissen.
2653 3642 255 64 Uebrigens
2931 3640 93 48 hält
3046 3637 116 51 auch
3183 3635 160 48 Euklid

1820 3723 88 50 den
1938 3723 238 65 negativen
2210 3722 175 65 Begriff
2411 3722 106 47 fest:
2559 3721 71 48 die
2661 3720 258 64 Diaphonie
2955 3718 63 47 sei
3056 3717 77 48 das
3165 3715 148 59 Gegen-

1819 3802 109 48 theil
1971 3802 80 47 der
2092 3800 199 67 ytQäöig
2332 3800 132 64 [xätv
2503 3796 355 68 GVfMpwvaiv],
2895 3797 62 47 sie
2997 3796 61 47 sei
3100 3793 98 47 eine
3230 3784 103 51 dvo

1839 3871 271 76 (pfrbyywv
2967 3892 75 50 /xrj
3207 3871 141 52 oiovx

1821 3960 290 66 %vv&rjvai
2150 3960 107 64 xrjv
2296 3949 195 75 axoijv.
2538 3957 120 50 Geht
2687 3974 91 31 nun
2808 3971 81 32 aus
2919 3953 165 49 diesem
3115 3949 117 50 allen
3263 3963 55 32 un-

1820 4038 271 51 zweifelhaft
2127 4038 183 56 hervor,
2360 4037 101 48 dass
2500 4036 72 48 die
2615 4035 133 49 Alten
2799 4032 79 47 mit
2930 4028 258 66 Diaphonie
3226 4024 121 50 nicht

3054 4105 61 66 n
