2952 3048
1334 2508 67 66 1

1317 945 45 40 C.
1393 945 64 40 M.

820 1016 505 69 GIOVANNI
1389 1016 560 69 SEGANTINI.

990 1111 51 32 15.
1066 1108 126 41 Januar
1223 1111 85 32 1858
1381 1110 55 33 28.
1463 1106 195 43 September
1689 1111 95 32 1899.

817 1178 100 34 Noch
934 1177 76 34 sind
1027 1178 57 33 auf
1101 1190 155 21 unserem
1273 1177 129 34 Tische
1420 1177 52 33 die
1490 1176 142 34 Blumen
1651 1177 92 34 nicht
1761 1189 88 30 ganz
1866 1178 177 40 verwelkt,

724 1224 52 34 die
800 1237 64 21 uns
891 1225 172 33 Giovanni
1090 1224 175 42 Segantini
1292 1227 113 38 jüngst
1436 1234 77 24 zum
1540 1223 128 33 Grusse
1698 1223 116 34 sandte
1843 1224 68 33 und
1941 1225 103 34 schon

723 1271 116 33 stehen
856 1274 64 30 wir
938 1283 62 21 vor
1026 1271 100 33 ihnen
1143 1270 68 34 und
1230 1274 117 30 sinnen
1364 1272 60 31 mit
1445 1271 170 39 traurigen
1634 1269 150 40 Blicken,
1809 1274 66 29 wie
1891 1274 64 30 wir
1974 1271 69 33 ihm

723 1317 122 34 daraus
864 1321 94 29 einen
976 1316 248 36 Todtenkranz
1246 1315 154 39 wänden,
1424 1327 58 21 um
1505 1314 58 33 ihn
1580 1327 44 21 an
1643 1315 62 33 den
1722 1315 114 33 besten
1862 1316 98 36 Platz
1987 1317 56 34 des

723 1365 145 39 Hauses,
889 1376 42 21 an
950 1367 115 30 seinen
1081 1363 224 41 mächtigsten
1323 1360 237 42 Grundpfeiler
1579 1372 41 23 zu
1638 1361 143 42 hängen,
1809 1361 63 34 den
1889 1375 34 21 er
1941 1363 102 35 selbst

722 1409 256 43 mitbegründen
1003 1409 68 34 und
1097 1409 206 33 miterbauen
1326 1407 81 33 half.
1448 1407 63 32 Die
1535 1407 225 41 Alpenrosen,
1787 1408 51 33 die
1861 1412 34 30 in
1918 1413 125 30 seinem

723 1456 138 34 Strauss
888 1470 37 20 so
949 1456 92 34 blass
1072 1455 181 43 geworden
1287 1453 88 39 sind,
1408 1453 137 34 werden
1570 1457 34 29 in
1629 1466 136 21 unserm
1790 1455 138 36 Kranze
1954 1456 89 34 dann

721 1503 86 33 noch
824 1503 94 33 mehr
936 1502 195 39 erbleichen,
1150 1501 77 33 aber
1245 1500 70 33 ihre
1333 1498 227 34 freundlichen
1575 1499 225 42 Schwestern,
1820 1501 105 35 denen
1942 1515 101 21 unser

722 1548 106 34 todter
855 1548 134 34 Freund
1015 1553 61 28 mit
1102 1552 106 28 seiner
1233 1545 256 35 Künstlerhand
1515 1549 52 30 ein
1593 1545 185 35 dauerndes
1798 1548 112 34 Leben
1935 1549 105 40 schuf,

721 1595 136 34 werden
883 1595 100 33 ihnen
1009 1607 67 20 von
1102 1593 88 33 ihrer
1208 1591 288 34 Unsterblichkeit
1521 1591 106 42 geben
1652 1593 69 34 und
1742 1597 52 30 ein
1813 1595 229 41 quellfrischer

722 1641 123 34 Hauch
870 1645 107 29 seiner
1003 1644 111 30 reinen
1139 1640 115 32 Kunst
1272 1637 87 34 wird
1384 1637 94 41 jeden
1496 1638 197 36 Moderduft
1711 1653 68 21 von
1800 1641 101 33 ihnen
1918 1641 123 34 weh'n.

721 1688 135 41 Klagen
873 1691 65 30 wir
963 1686 80 33 über
1069 1688 112 30 seinen
1208 1687 141 38 zeitigen
1373 1685 174 41 Hingang,
1580 1698 38 21 so
1650 1690 105 30 tröste
1778 1700 64 21 uns
1861 1687 59 34 das
1938 1688 102 34 Wort

722 1733 56 34 des
808 1734 172 33 Dichters:
1020 1732 107 40 „Nun
1159 1734 145 38 geniesst
1330 1743 34 20 er
1395 1734 46 29 im
1467 1731 191 35 Andenken
1688 1733 56 33 der
1770 1734 180 34 Nachwelt
1977 1734 62 33 den

721 1779 164 39 Vortheil,
911 1779 49 33 als
988 1782 51 30 ein
1065 1780 88 38 ewig
1170 1776 190 42 Tüchtiger
1380 1777 68 34 und
1466 1778 176 42 Kräftiger
1662 1791 40 24 zu
1721 1779 205 40 erscheinen;
1953 1780 86 33 denn

720 1829 34 29 in
779 1825 56 33 der
854 1825 140 38 Gestalt,
1021 1828 65 29 wie
1111 1827 52 29 ein
1181 1823 144 34 Mensch
1350 1823 52 33 die
1419 1823 88 34 Erde
1529 1825 154 40 verlässt,
1711 1826 147 33 wandelt
1884 1839 33 20 er
1942 1833 96 26 unter

720 1872 63 32 den
809 1871 160 34 Schatten
994 1870 68 33 und
1088 1882 38 20 so
1156 1869 103 34 bleibt
1288 1882 64 22 uns
1378 1871 113 34 Achill
1522 1872 50 33 als
1602 1876 88 38 ewig
1720 1872 190 34 strebender
1935 1873 84 39 Jüng-

719 1917 70 40 ling
815 1916 267 41 gegenwärtig.”
