2986 3048
1407 2458 70 74 9

582 453 141 41 ZWEI
754 441 528 57 SÄNFTENTRÄGER,
1312 451 94 40 EIN
1435 441 231 50 FÄCHER
1700 451 124 40 UND
1858 451 93 41 EIN
1983 451 332 42 WANDERER

741 514 108 42 ALS
880 514 337 41 SINNBILDER
1248 514 112 41 DER
1389 505 497 50 VERGÄNGLICHEN
1918 514 167 42 WELT
2114 538 47 4 -

938 577 59 40 IN
1028 576 343 42 STATIONEN
1401 578 112 40 DER
1543 576 431 42 LANDSTRASSE.

554 665 56 25 \T
626 674 39 17 on
695 662 49 29 der
774 661 91 29 Höhe
894 662 49 29 des
974 662 115 36 Hügels
1120 662 77 29 sieht
1225 674 71 17 man
1326 663 96 28 direkt

626 705 30 25 in
685 702 46 28 die
765 700 86 30 Stadt
882 701 150 29 hinunter*
1087 702 81 29 Zwei
1197 701 226 37 Sänftenträger

551 741 141 28 kommen
719 740 157 29 keuchend
898 741 76 28 oben
1004 753 48 16 an*
1093 741 84 29 Beim
1206 741 216 36 Herabsteigen

550 780 120 28 wählen
691 781 41 27 sie
754 780 46 28 die
821 780 181 29 unebensten
1024 780 124 34 Stellen;
1177 780 46 29 die
1244 779 179 37 Tragbahre

550 819 131 28 befindet
710 819 62 28 sich
802 822 31 25 in
863 822 78 26 einer
971 823 103 25 immer
1105 819 216 34 wechselnden,
1352 819 71 29 aber

551 861 75 33 ewig
648 858 132 29 schiefen
801 859 91 36 Lage*
935 860 60 28 Der
1016 859 113 28 Insasse
1159 859 50 28 der
1230 858 114 34 Sänfte,
1374 859 48 28 der

550 898 67 28 sehr
638 898 81 28 wohl
740 898 109 28 beleibt
870 901 48 30 ist,
939 898 83 29 kann
1043 898 83 28 nicht
1149 898 160 33 ausruhen,
1339 898 83 28 kann

551 937 56 29 den
628 937 135 28 Anblick
784 949 61 17 von
867 938 76 28 oben
964 938 54 28 in's
1040 936 83 29 Thal
1145 937 83 28 nicht
1250 948 161 24 gemessen*

1473 663 104 36 Gegen
1599 663 46 28 die
1666 662 158 29 Vorwürfe
1846 661 48 29 des
1921 661 108 33 Herrn,
2059 662 49 28 der
2138 665 47 26 ein
2206 663 137 29 Fremder

1472 712 36 20 zu
1523 705 62 25 sein
1600 702 125 33 scheint,
1739 701 205 35 vertheidigen
1958 703 41 26 sie
2013 700 63 29 sich
2091 704 53 25 mit
2158 702 185 29 komischem

1472 741 97 33 Ernst,
1590 741 164 35 schimpfen
1776 741 51 28 auf
1850 740 46 29 die
1924 739 171 29 schlechten
2117 740 144 34 Strassen,
2291 742 53 28 auf

1472 781 51 28 das
1539 780 192 36 Ungeschick
1747 780 48 29 des
1810 780 270 34 Laternenträgers,
2099 780 49 27 der
2163 781 179 34 vorangeht*

1472 820 61 28 Der
1554 820 97 28 Dicke
1672 819 79 30 zieht
1773 819 92 29 schon
1895 818 51 29 das
1976 818 86 29 dritte
2083 817 91 29 Tuch
2202 830 52 17 aus
2277 820 66 28 dem

1472 859 105 28 Gürtel
1591 859 61 29 und
1667 859 136 28 trocknet
1818 858 62 29 sich
1896 860 61 27 sein
1973 857 132 29 Gesicht*
2136 857 206 30 Gravitätisch

1472 898 71 36 geht
1566 901 46 25 ein
1634 901 107 26 vierter
1763 898 125 33 Geselle,
1918 897 49 29 der
1995 899 53 26 mit
2076 896 142 30 stoischer
2239 898 102 28 Miene

1472 937 50 29 das
1545 937 94 35 Opfer
1660 937 213 29 unaufhörlich
1894 937 122 33 fächelt,
2037 936 152 29 nebenbei*

2399 1116 249 28 JAPANISCHER

2395 1155 255 25 SCHABLONENSCHNITT
