2266 3611
351 212 307 57 COURS
727 215 120 57 DU
910 205 416 71 COLLÈGE
1407 222 101 56 DE
1571 223 354 60 FRANCE

190 449 565 45 INTRODUCTION
807 452 46 41 A
914 453 414 43 L’HISTOIRE
1389 447 387 52 GÉNÉRALE
1836 459 93 41 DE
1991 461 91 40 LA

873 520 312 46 MUSIQUE.
1224 520 39 46 —
1302 520 117 46 XI.

598 630 212 44 L'OEUVRE
848 647 222 27 MUSICALE
1103 649 52 25 ET
1190 649 77 26 LES
1309 640 136 37 ÊTRES
1471 651 205 27 VIVANTS.

303 729 205 56 (D'après
532 733 39 39 la
596 734 320 52 sténographie
948 734 55 40 de
1031 734 63 42 M.
1129 735 196 48 Flachat,
1367 740 22 36 à
1419 735 552 56 Montreuil-sous-Bois.)

358 872 248 41 MESDAMES
631 888 52 25 ET
705 872 277 52 MESSIEURS,

190 976 123 41 Dans
335 992 93 26 mes
451 979 224 40 dernières
708 979 164 50 leçons,
894 978 68 53 j'ai
988 980 182 52 indiqué
1192 980 38 39 la
1255 980 123 52 place
1404 994 85 38 que
1513 980 38 39 la
1590 982 208 50 musique
1834 993 164 40 occupe
2025 981 111 40 dans

134 1045 40 40 la
195 1054 183 41 nature;
398 1049 110 38 mais
533 1049 38 50 je
595 1048 86 39 n'ai
705 1061 158 27 encore
887 1049 122 50 parlé
1032 1062 86 38 que
1141 1049 77 39 des
1235 1049 146 51 phéno
1394 1054 152 35 mènes
1567 1051 287 50 mécaniques
1867 1065 6 24 :
1888 1049 248 40 vibrations

134 1122 40 31 et
212 1115 245 41 radiations
499 1117 265 50 produisant
784 1117 38 38 le
861 1129 96 35 son,
1006 1117 38 38 la
1087 1117 200 47 lumière,
1324 1115 284 49 l'électricité,
1645 1126 119 31 etc...
1804 1117 331 54 J'entreprends

136 1183 283 51 aujourd'hui
442 1184 52 39 de
532 1198 234 38 comparer
799 1186 365 38 sommairement
1197 1185 63 39 les
1299 1199 175 26 œuvres
1517 1186 237 39 musicales
1779 1199 105 27 avec
1924 1186 63 40 les
2022 1191 114 35 êtres

133 1252 191 46 vivants,
344 1261 41 31 et
405 1253 51 38 de
477 1252 257 40 rechercher
753 1254 51 45 si,
832 1266 78 38 par
933 1261 109 31 cette
1066 1254 328 50 comparaison,
1421 1266 113 27 nous
1557 1254 298 40 n'arriverons
1870 1268 79 37 pas
1974 1259 20 35 à
2015 1256 97 51 quel-

130 1333 109 37 ques
263 1322 220 50 principes
505 1329 196 42 pouvant
726 1324 90 36 être
846 1321 232 39 utilement
1117 1322 139 38 suivis
1289 1321 112 39 dans
1443 1321 218 40 l'histoire
1682 1322 209 49 générale
1934 1323 51 39 de
2021 1322 112 40 l'art.

187 1387 119 41 C'est
330 1401 156 27 encore
509 1402 60 26 un
611 1390 114 50 sujet
754 1402 222 32 nouveau,
1011 1397 40 31 et
1094 1390 76 50 qui
1213 1390 149 50 risque
1398 1390 55 38 de
1498 1389 196 40 sembler
1732 1390 258 51 paradoxal.
2013 1390 122 40 Deux

134 1456 150 40 motifs
302 1470 70 26 me
394 1457 293 39 déterminent
721 1461 21 35 à
760 1456 221 40 l'aborder
999 1456 250 51 librement,
1287 1470 103 26 sans
1430 1459 148 38 savoir
1602 1472 54 26 au
1695 1459 128 50 juste,
1849 1458 76 40 dès
1946 1460 163 38 mainte-

134 1534 122 35 nant,
284 1540 46 25 ce
353 1527 76 50 qui
466 1538 163 39 pourra
662 1526 188 39 résulter
872 1524 131 41 d'une
1039 1529 190 47 enquête
1268 1526 53 39 de
1363 1540 46 26 ce
1432 1540 137 35 genre
1589 1538 8 26 :
1623 1525 202 49 d'abord,
1846 1527 38 39 le
1926 1527 117 40 désir
2083 1528 53 39 de

133 1595 144 39 varier
299 1602 40 32 et
364 1594 52 40 de
440 1594 244 52 multiplier
707 1594 62 40 les
793 1595 148 51 points
965 1594 54 40 de
1040 1607 100 36 vue,
1156 1594 54 40 de
1233 1594 171 40 donner
1425 1599 21 34 à
1468 1607 80 27 nos
1569 1595 155 39 études
1749 1610 59 25 un
1825 1595 122 50 large
1971 1596 129 39 cadre
2125 1607 8 38 ;

134 1675 54 26 en
228 1662 162 40 second
421 1663 101 47 lieu,
564 1662 40 39 la
643 1664 218 38 nécessité
895 1662 292 40 d'introduire
1225 1662 218 52 quelques
1481 1661 120 42 idées
1630 1663 251 40 directrices
1922 1665 112 38 dans
2078 1679 58 24 un

134 1731 210 40 domaine
371 1737 56 34 où
448 1744 56 27 on
522 1732 92 38 voit
635 1734 159 47 régner
815 1740 97 42 trop
938 1738 188 32 souvent
1147 1730 36 39 la
1211 1730 158 52 simple
1390 1733 346 50 préoccupation
1761 1731 57 40 du
1842 1731 134 40 détail
1997 1741 136 38 exact,

133 1812 57 27 ou
212 1799 101 40 bien
331 1799 38 39 le
393 1813 82 37 pur
497 1800 435 51 impressionnisme,
959 1812 57 27 ou
1036 1812 159 27 encore
1219 1799 38 39 la
1280 1800 238 39 virtuosité
1540 1798 194 41 verbale.
1754 1799 64 40 Ce
1841 1800 210 39 domaine
2072 1809 64 31 est

130 1867 111 40 celui
266 1867 52 39 de
343 1867 38 39 la
416 1868 186 51 critique
626 1867 228 40 musicale.
892 1866 97 41 Elle
1036 1875 66 32 est
1126 1872 87 35 très
1249 1881 54 26 en
1339 1868 147 39 retard
1508 1881 77 26 sur
1607 1868 39 39 la
1668 1869 188 50 critique
1902 1868 227 46 littéraire,

129 1935 193 52 laquelle
346 1936 103 39 s'est
470 1935 271 52 développée
772 1939 21 35 à
809 1950 59 25 un
898 1935 57 40 tel
974 1937 123 50 point
1120 1949 58 37 qu
1198 1935 83 40 elle
1303 1944 66 31 est
1393 1937 169 38 arrivée
1585 1940 21 34 à
1630 1935 109 40 faire
1759 1937 140 50 partie
1922 1936 53 39 de
1997 1936 40 39 la
2063 1936 53 39 lit-

131 2009 193 34 térature
345 2003 160 52 qu'elle
525 2006 117 36 avait
664 2008 21 34 à
710 2004 139 51 juger.
873 2002 54 40 Et
945 2017 78 37 par
1046 2003 56 46 là,
1129 2004 38 51 je
1187 2016 180 27 neveux
1409 2004 124 51 point
1584 2003 94 39 dire
1711 2016 84 39 que
1820 2004 61 38 les
1917 2005 216 39 écrivains

133 2073 53 39 de
224 2072 138 39 talent
396 2070 171 40 fassent
600 2070 150 41 défaut
786 2075 21 35 à
848 2071 39 39 la
919 2072 188 50 critique
1145 2072 228 38 musicale.
1400 2070 62 40 Ce
1505 2073 75 49 qui
1620 2072 60 39 lui
1722 2085 194 37 manque
1943 2081 188 38 surtout,

132 2140 104 40 c'est
259 2152 86 27 une
381 2140 242 48 méthode;
668 2137 104 42 c'est
795 2152 87 27 une
902 2140 269 39 orientation
1195 2140 270 40 déterminée
1507 2154 80 36 par
1609 2154 59 26 un
1684 2141 137 50 esprit
1854 2138 280 54 scientifique

131 2217 40 31 et
195 2209 274 50 historique;
507 2207 104 40 c'est
635 2207 38 40 le
698 2220 101 27 sens
819 2208 53 38 de
914 2205 274 50 l'ensemble,
1214 2217 57 37 et,
1299 2212 21 35 à
1351 2207 150 41 défaut
1521 2208 54 40 de
1609 2222 19 24 «
1653 2208 118 40 lois»
1811 2216 197 44 pouvant
2045 2213 89 35 être

130 2276 370 40 immuablement
542 2277 180 46 suivies,
747 2291 60 24 un
842 2288 128 40 corps
1002 2276 165 40 d'idées
1191 2284 41 32 et
1261 2276 53 40 de
1348 2276 160 50 règles,
1554 2276 273 41 contestable
1853 2290 103 27 sans
2001 2277 132 39 doute

131 2358 172 27 comme
324 2353 100 31 tous
449 2344 62 39 les
532 2350 234 46 systèmes,
789 2346 113 37 mais
925 2353 197 43 pouvant
1148 2345 173 39 donner
1343 2344 87 40 lieu
1455 2349 22 34 à
1506 2359 59 26 un
1608 2345 157 40 travail
1786 2345 199 51 logique,
2009 2358 98 27 coor-

128 2414 163 46 donné,
330 2411 274 41 satisfaisant
624 2425 113 39 pour
772 2412 36 39 la
835 2415 167 38 raison.
1032 2412 62 41 Ce
1133 2427 86 38 que
1239 2426 113 27 nous
1388 2427 140 26 avons
1547 2413 53 40 de
1632 2415 161 48 mieux,
1827 2427 45 26 ce
1912 2422 100 31 sont
2055 2413 77 40 des

130 2481 349 52 monographies
518 2488 57 33 où
612 2480 254 41 l'érudition
902 2495 21 25 a
959 2481 159 40 éclairé
1159 2483 294 50 patiemment
1494 2482 77 39 des
1608 2483 135 50 sujets
1780 2482 278 52 particuliers
2089 2490 40 31 et

130 2550 163 40 limités
318 2564 9 33 ;
351 2563 46 26 ce
412 2563 83 38 que
518 2563 112 27 nous
654 2563 140 27 avons
819 2550 167 51 déplus
1016 2551 218 47 mauvais,
1261 2563 47 26 ce
1332 2558 116 40 sont,
1487 2552 121 38 aussi
1643 2549 102 40 bien
1768 2563 54 26 en
1846 2550 166 39 France
2029 2549 99 52 qu'à

131 2618 252 51 l'étranger,
423 2617 61 41 les
522 2617 215 40 Histoires
755 2618 50 39 de
835 2618 40 39 la
906 2617 190 53 musique
1103 2651 8 16 ,
1148 2618 108 40 dont
1274 2618 38 39 le
1331 2618 153 39 devoir
1503 2620 105 38 était
1640 2618 53 39 de
1715 2631 114 26 nous
1854 2618 168 39 donner
2045 2631 85 26 une

130 2688 225 50 synthèse,
381 2700 53 26 en
473 2695 240 43 marquant
743 2686 63 40 les
840 2694 206 44 rapports
1070 2695 40 31 et
1145 2686 372 40 l'enchaînement
1536 2687 77 38 des
1635 2685 118 41 faits.
1784 2684 87 41 Les
1893 2698 206 38 monogra-

129 2754 126 51 phies
281 2784 8 17 ,
315 2767 104 26 sans
440 2754 150 49 doute,
626 2761 101 33 sont
767 2751 254 41 infiniment
1054 2754 251 50 précieuses
1324 2763 9 39 ;
1369 2766 112 38 pour
1507 2750 288 42 l'édification
1836 2751 104 41 d'un
1973 2766 124 27 monu-

128 2831 133 31 ment.
282 2835 172 27 comme
478 2824 63 38 dit
560 2821 251 50 Nietzsche,
834 2822 27 39 il
887 2820 93 41 faut
1013 2821 76 39 des
1111 2822 199 39 ouvriers
1334 2823 75 49 qui
1430 2820 279 48 remblaient,
1736 2822 225 47 tamisent,
1992 2834 109 39 pous-

129 2900 94 30 sent
240 2891 39 39 la
306 2890 254 41 brouette...
585 2905 8 33 ;
614 2891 28 39 il
666 2889 94 41 faut
794 2891 119 39 aussi
946 2889 266 41 l'architecte
1249 2898 240 32 concevant
1516 2890 38 40 le
1578 2890 106 51 plan
1703 2890 197 50 général.

182 2958 126 41 Cette
331 2959 198 40 doctrine
553 2962 75 49 qui
647 2972 196 38 manque
868 2963 19 35 à
905 2959 39 39 la
960 2959 187 51 critique
1160 2958 230 47 musicale,
1407 2956 39 54 je
1461 2971 53 27 ne
1535 2958 216 52 l'apporte
1764 2972 80 38 pas
1862 2966 120 33 toute
1999 2956 103 43 faite
2117 2973 7 33 ;

127 3029 37 50 je
184 3028 39 39 la
248 3027 201 47 cherche,
473 3042 54 26 en
551 3029 372 50 communiquant
948 3025 184 41 d'abord
1165 3027 62 40 les
1244 3028 214 50 premiers
1480 3027 206 40 résultats
1706 3027 54 40 de
1777 3041 93 26 mes
1893 3027 232 40 réflexions

127 3097 322 50 personnelles.

180 3163 63 42 La
278 3166 207 51 question
506 3179 86 38 que
615 3166 37 51 je
674 3166 95 39 vais
794 3166 226 38 examiner
1042 3173 65 31 est
1146 3164 40 39 la
1222 3166 203 39 suivante
1452 3175 8 28 :
1499 3166 51 44 si,
1606 3170 126 47 après
1785 3166 123 38 avoir
1940 3165 184 51 indiqué

126 3246 45 26 ce
192 3247 85 38 que
300 3232 181 42 l'œuvre
505 3234 215 40 musicale
750 3248 22 24 a
795 3233 54 39 de
875 3234 219 38 vraiment
1119 3232 192 51 original
1335 3246 53 26 en
1425 3234 82 46 soi,
1533 3246 114 26 nous
1679 3232 299 41 l'examinons
2008 3246 116 39 pour

124 3302 111 39 ainsi
259 3302 93 39 dire
370 3302 58 39 du
451 3302 178 47 dehors,
657 3300 90 42 afin
767 3302 53 39 de
836 3302 273 39 déterminer
1147 3314 70 27 ses
1251 3307 243 35 caractères
1515 3303 306 49 extrinsèques
1845 3310 40 31 et
1916 3314 69 27 ses
2021 3315 64 25 ma-

125 3371 141 39 nières
290 3370 150 47 d'être,
465 3383 40 28 et
524 3369 120 42 enfin
664 3371 111 39 dans
791 3370 38 40 le
853 3370 78 40 but
954 3370 53 40 de
1030 3370 219 40 rattacher
1264 3370 117 40 l'une
1406 3374 21 35 à
1449 3370 159 40 l'autre
1632 3383 70 27 ses
1724 3370 197 39 diverses
1934 3368 183 47 formes,
