2273 3779
162 235 74 46 380

761 242 141 27 COURS
936 243 59 25 DU
1030 234 198 34 COLLÈGE
1261 241 54 24 DE
1348 241 166 25 FRANCE

155 335 130 49 dapte
302 346 19 23 »
348 347 81 25 aux
447 332 248 40 conditions
743 332 261 41 d'existence
1021 333 110 39 dans
1174 331 233 50 lesquelles
1443 331 28 38 il
1496 343 44 26 se
1564 339 151 31 trouve
1734 342 8 35 ;
1773 331 27 38 il
1837 329 115 40 subit
1975 344 45 25 ce
2038 344 82 37 que

158 400 52 40 G.
238 399 315 41 Saint-Hilaire
593 400 190 50 appelait
805 414 54 25 en
887 403 100 37 1828
1009 414 18 23 «
1047 400 37 39 le
1105 398 161 40 monde
1284 397 196 40 ambiant
1507 410 18 23 »
1549 406 39 30 et
1608 412 44 25 ce
1674 410 83 38 que
1778 409 111 27 nous
1908 398 211 50 appelons

157 466 279 52 aujourd'hui
461 479 19 24 «
504 466 39 38 le
565 466 205 39 milieu».
793 466 139 47 Ainsi,
959 467 60 39 les
1042 466 149 40 arbres
1214 466 57 38 du
1296 465 105 39 midi
1416 465 52 38 de
1491 464 39 39 la
1556 464 163 40 France
1741 471 99 32 sont
1861 464 179 51 adaptés
2065 478 52 25 au

156 534 146 39 climat
322 548 8 32 ;
374 542 307 42 transportons
715 548 58 24 un
812 534 153 38 olivier
1008 537 20 35 à
1055 533 140 49 Paris,
1226 532 110 39 dans
1372 532 37 38 le
1431 530 418 52 Champ-de-Mars,
1874 530 28 39 il
1926 544 191 26 mourra.

156 598 202 42 L'oeuvre
381 600 224 49 musicale,
631 600 81 38 elle
746 602 133 47 aussi,
924 600 195 51 s'adapte
1140 604 20 34 à
1193 600 39 38 la
1251 601 69 37 vie
1344 598 160 40 sociale
1527 604 54 33 où
1602 598 81 39 elle
1706 598 136 50 prend
1872 600 246 43 naissance,

156 675 40 31 et
219 680 52 26 ne
303 675 102 43 peut
422 668 119 38 vivre
562 680 83 37 que
665 666 109 39 dans
809 668 214 38 certaines
1051 667 247 39 conditions
1320 677 9 34 ;
1355 667 127 45 mais,
1509 679 53 25 au
1581 666 83 38 lieu
1694 664 52 39 de
1771 664 120 39 subir
1925 665 195 50 toujours

158 735 38 38 le
233 747 19 23 «
276 734 149 39 milieu
459 732 195 40 ambiant
673 746 36 33 »,
735 734 81 38 elle
837 743 102 41 peut
960 734 37 38 le
1033 732 299 47 transformer,
1360 734 84 38 soit
1466 745 53 26 en
1539 731 115 47 bien,
1682 733 81 37 soit
1779 744 53 26 en
1853 731 102 39 mal.
1980 730 94 40 Elle
2099 746 20 23 a

156 816 59 24 un
238 802 187 50 pouvoir
447 800 249 40 éducateur.
722 800 123 40 Cette
868 805 171 35 réserve
1070 800 119 45 faite,
1215 808 253 31 constatons
1502 799 254 39 l'évolution
1790 802 21 35 à
1853 798 190 51 laquelle
2082 798 37 39 la

158 870 202 49 musique
380 876 93 31 tout
513 869 162 38 entière
716 876 64 30 est
809 869 209 38 soumise.
1044 866 235 40 L'histoire
1320 866 52 38 de
1395 866 250 39 l'orchestre
1668 879 54 25 en
1760 873 63 31 est
1846 879 57 25 un
1926 865 196 51 exemple

157 937 196 49 typique.

212 1002 273 39 L'orchestre
507 1001 210 39 moderne
738 1002 117 37 vient
874 1000 283 39 directement
1172 1000 56 38 du
1246 999 144 39 chant.
1418 998 31 39 Il
1466 1007 101 42 peut
1589 1003 88 37 être
1696 999 224 39 considéré
1953 1012 170 27 comme

157 1083 58 25 un
237 1069 151 38 chœur
410 1073 56 33 où
489 1068 168 49 chaque
680 1068 347 38 instrumentiste
1043 1074 63 31 est
1126 1080 58 24 un
1201 1066 224 44 chanteur,
1452 1079 71 32 ou,
1542 1066 97 50 plus
1659 1075 282 36 exactement,
1954 1080 170 26 comme

157 1137 91 37 issu
271 1136 52 37 de
341 1135 38 38 la
400 1135 314 50 juxtaposition
734 1133 52 39 de
805 1135 106 37 trois
935 1133 189 45 chœurs,
1146 1134 106 38 dont
1271 1132 90 40 l'un
1378 1141 64 30 est
1464 1132 139 39 formé
1618 1147 77 36 par
1713 1133 60 39 les
1792 1136 285 36 instruments
2102 1138 20 34 à

158 1202 166 47 cordes,
344 1202 12 37 1
377 1209 120 31 autre
516 1214 79 37 par
613 1200 61 39 les
697 1202 287 38 instruments
1000 1213 54 25 en
1070 1199 97 40 bois
1191 1208 40 30 et
1255 1204 20 34 à
1298 1208 116 41 vent,
1440 1208 40 30 et
1505 1200 38 38 le
1563 1200 173 38 dernier
1758 1214 78 37 par
1858 1200 60 39 les
1938 1202 182 38 cuivres.

156 1267 61 41 Le
236 1270 195 48 principe
455 1270 73 48 qui
551 1268 240 38 détermine
813 1267 213 39 l'écriture
1045 1267 51 38 de
1119 1275 142 31 toutes
1280 1266 61 39 les
1365 1268 162 49 parties
1549 1280 111 38 pour
1682 1280 69 26 ces
1768 1268 142 38 divers
1933 1280 191 38 groupes

156 1335 160 40 fondus
336 1348 53 25 en
423 1349 59 24 un
506 1334 92 39 seul
623 1342 63 30 est
709 1334 37 38 le
764 1337 141 35 même
929 1347 83 38 que
1035 1334 109 38 celui
1161 1334 52 38 de
1236 1333 38 39 la
1299 1335 202 49 musique
1523 1334 149 39 vocale
1698 1343 8 38 ;
1741 1334 61 39 les
1836 1334 140 39 seules
2006 1333 100 39 diffé-

156 1415 165 36 rences,
344 1401 101 39 c'est
466 1414 84 38 que
584 1401 63 39 les
671 1401 160 39 limites
868 1401 111 38 dans
1021 1400 235 51 lesquelles
1295 1413 44 26 se
1374 1409 205 31 meuvent
1599 1401 61 39 les
1701 1402 285 38 instruments
2026 1409 98 31 sont

160 1470 192 38 reculées
388 1473 21 33 à
433 1466 136 51 l'aigu
586 1477 40 30 et
649 1482 54 24 au
722 1481 149 36 grave,
894 1468 101 38 c'est
1033 1480 85 37 que
1138 1467 38 39 le
1199 1467 109 51 style
1330 1475 102 43 peut
1461 1472 89 34 être
1590 1468 97 50 plus
1710 1468 262 51 compliqué,
2010 1477 40 30 et
2086 1468 37 38 la

156 1538 164 37 variété
336 1536 75 38 des
427 1534 121 40 effets
569 1535 51 38 de
640 1534 159 40 timbre
817 1534 229 51 beaucoup
1063 1534 99 51 plus
1183 1534 179 49 grande.
1384 1533 123 40 Cette
1524 1535 236 49 grandiose
1796 1536 203 49 musique
2033 1537 70 36 ins-

160 1602 275 46 trumentale,
461 1603 35 37 si
513 1614 56 26 on
591 1602 39 38 la
651 1601 191 39 rattache
866 1606 20 34 à
911 1614 68 25 ses
1002 1602 209 48 origines,
1237 1601 109 39 n'est
1367 1609 120 31 autre
1509 1602 131 38 chose
1655 1614 83 38 que
1752 1601 36 39 le
1806 1603 121 49 point
1947 1600 154 40 d'abou-

158 1672 227 38 tissement
407 1669 58 38 du
482 1668 128 39 chant
645 1668 187 51 primitif
850 1679 7 26 :
896 1682 21 24 a
943 1668 205 39 monodie
1189 1668 145 39 donne
1371 1670 365 37 successivement
1778 1670 228 38 naissance
2044 1672 21 34 à
2087 1668 37 38 la

159 1738 196 38 chanson
372 1739 21 35 à
418 1735 218 51 plusieurs
659 1736 176 49 parties,
859 1749 54 25 au
936 1735 233 49 madrigal,
1193 1749 53 25 au
1263 1743 149 41 motet,
1432 1749 53 25 au
1515 1736 147 38 choral
1686 1750 8 32 ;
1720 1744 55 38 et,
1803 1739 21 35 à
1850 1750 58 24 un
1931 1744 195 30 moment

158 1806 52 37 de
233 1804 227 46 l'histoire,
486 1802 37 38 la
546 1815 144 25 masse
709 1803 75 37 des
805 1804 99 37 voix
929 1806 199 46 apparaît
1151 1806 269 46 transposée,
1445 1815 112 38 pour
1573 1802 63 51 s'y
1658 1803 191 38 enrichir
1862 1802 53 40 de
1933 1815 169 26 ressour-

159 1883 69 26 ces
262 1868 242 47 nouvelles,
529 1868 109 39 dans
661 1868 37 39 le
727 1870 205 38 domaine
953 1869 323 38 instrumental.

215 1935 47 41 Si
304 1938 272 36 maintenant
618 1948 111 26 nous
771 1935 285 40 considérons
1098 1935 249 39 l'orchestre
1385 1948 53 25 en
1480 1936 247 45 lui-même,
1767 1948 110 26 nous
1915 1945 211 29 trouvons

159 2016 84 38 que
278 2016 78 25 son
392 2002 185 38 histoire
611 2010 65 30 est
717 2014 83 26 une
840 2002 224 38 évolution
1088 2014 121 26 assez
1233 2001 223 39 conforme
1486 2006 22 34 à
1539 2002 105 38 celle
1679 2002 74 38 des
1798 2006 111 35 êtres
1937 2004 186 37 vivants.

160 2070 30 38 Il
215 2078 64 31 est
298 2073 128 47 passé
445 2068 184 39 d'abord
661 2082 80 37 par
761 2082 58 25 un
843 2072 86 35 état
945 2068 287 39 indéterminé
1255 2077 40 30 et
1315 2068 353 51 embryonnaire,
1694 2075 55 33 où
1769 2069 28 38 il
1821 2082 53 25 ne
1903 2069 225 50 possédait

159 2150 77 37 pas
258 2145 97 30 tous
379 2148 69 26 ses
471 2148 188 36 organes
685 2146 8 36 ;
730 2135 28 38 il
782 2134 98 40 s'est
899 2134 77 40 fait
995 2148 83 37 peu
1099 2139 21 34 à
1154 2148 99 38 peu,
1275 2148 54 26 en
1351 2136 198 38 donnant
1588 2148 84 26 une
1695 2136 215 50 précision
1942 2136 52 38 de
2031 2136 98 50 plus

159 2216 53 26 en
232 2203 97 51 plus
349 2202 167 49 grande
537 2206 21 34 à
583 2210 98 31 tous
705 2214 68 27 ses
796 2202 209 39 éléments
1025 2211 300 42 composants,
1347 2211 41 30 et
1410 2215 53 26 en
1485 2202 134 39 allant
1639 2202 56 39 du
1727 2202 155 50 simple
1921 2216 54 25 au
2011 2215 89 26 com-

161 2270 163 51 pliqué,
348 2270 51 38 de
435 2268 281 49 l'homogène
736 2272 21 35 à
783 2268 309 49 l'hétérogène.

224 2344 35 30 i°
283 2336 30 38 Il
339 2350 21 24 a
381 2335 180 39 d'abord
586 2348 143 26 connu
764 2343 64 31 cet
850 2340 86 34 état
974 2348 155 26 encore
1160 2335 306 47 indéterminé,
1505 2336 255 38 caractérisé
1797 2349 78 37 par
1916 2337 213 37 certaines

163 2404 193 45 lacunes,
376 2409 55 33 où
449 2416 45 25 se
512 2411 152 30 trouve
686 2402 195 39 l'animal
901 2402 110 39 dans
1028 2402 38 39 la
1089 2403 249 38 succession
1362 2402 75 39 des
1460 2401 224 40 différents
1726 2401 145 41 stades
1894 2401 210 52 embryon-

162 2472 159 36 naires.
344 2468 141 47 Ainsi,
511 2483 52 25 au
586 2484 85 23 xvn
676 2474 15 16 e
713 2469 129 39 siècle
864 2477 40 31 et
924 2473 141 35 même
1086 2483 54 25 au
1158 2483 103 25 xvm
1266 2474 14 16 e
1287 2501 8 17 ,
1313 2477 141 31 toutes
1474 2469 60 38 les
1558 2470 161 49 parties
1736 2469 52 38 de
1805 2467 251 41 l'orchestre
2079 2482 52 26 ne

163 2545 98 30 sont
277 2549 77 38 pas
372 2538 152 37 écrites
544 2547 8 37 ;
578 2536 342 51 quelques-unes
941 2544 113 38 sont,
1075 2548 170 27 comme
1264 2548 112 27 nous
1398 2536 166 48 disons,
1590 2536 54 38 ad
1666 2535 163 39 libitum
1849 2547 7 35 ;
1882 2536 37 39 le
1955 2549 148 38 compo-

164 2606 135 36 siteur
321 2616 44 25 se
385 2607 239 46 préoccupe
645 2611 185 38 surtout,
844 2608 125 45 après
988 2604 120 38 avoir
1129 2608 152 34 trouvé
1303 2617 58 25 un
1385 2611 99 43 type
1503 2602 308 40 d'instrument
1834 2616 110 38 pour

164 2683 167 38 pagner
357 2670 38 39 le
418 2669 224 47 chanteur,
666 2669 178 40 d'écrire
867 2683 85 26 une
981 2669 129 40 basse
1135 2684 9 32 ;
1182 2682 74 27 sur
1284 2670 193 39 chacune
1512 2670 76 39 des
1628 2679 124 30 notes
1783 2670 52 39 de
1874 2678 107 32 cette
2004 2669 130 41 basse

164 2738 177 38 doivent
364 2736 231 51 s'appuyer
615 2737 75 38 des
714 2737 191 46 accords,
922 2738 111 38 mais
1056 2736 28 39 il
1109 2750 44 25 se
1174 2736 137 40 borne
1335 2741 20 34 à
1381 2737 61 39 les
1458 2742 271 47 représenter
1751 2751 77 37 par
1846 2738 76 38 des
1945 2736 189 43 chiffres,

165 2812 39 31 et
228 2804 102 39 c'est
353 2804 38 38 le
413 2804 292 49 claveciniste,
732 2804 122 51 placé
875 2818 53 24 au
960 2812 144 30 centre
1127 2804 52 38 de
1214 2804 268 48 l'orchestre,
1506 2806 90 49 qui,
1620 2804 133 49 guidé
1775 2818 79 37 par
1875 2817 68 26 ces
1967 2805 145 38 indica-

165 2872 131 47 tions,
321 2869 92 49 fait,
431 2883 120 26 assez
569 2870 247 47 librement,
840 2871 38 39 le
901 2872 257 38 nécessaire.
1176 2870 117 40 C'est
1310 2871 188 51 quelque
1519 2872 129 38 chose
1670 2884 169 26 comme
1858 2884 85 28 une
1967 2884 20 24 «
2012 2870 100 41 subs-

166 2946 124 30 tance
314 2950 103 26 sans
438 2946 165 30 texture
626 2938 267 38 déterminée
908 2950 37 37 »,
962 2940 111 37 mais
1098 2946 130 43 ayant
1252 2938 39 38 le
1313 2940 186 49 pouvoir
1521 2938 52 39 de
1595 2938 169 39 donner
1786 2940 230 38 naissance
2040 2943 22 33 à
2086 2938 52 40 de

167 3004 226 39 nouvelles
417 3004 192 39 cellules.
640 3004 69 40 Un
729 3005 76 39 des
829 3009 218 35 créateurs
1061 3006 52 38 de
1130 3004 177 52 l'opéra,
1328 3004 192 50 Caccini,
1544 3013 154 31 auteur
1710 3004 247 40 àbEuridice
1974 3004 9 51 (
1997 3004 139 52 1600),

168 3072 260 40 avertissait,
454 3083 54 27 en
528 3075 82 35 tête
633 3071 52 39 de
702 3084 45 26 sa
772 3073 223 49 partition,
1011 3070 105 52 qu'il
1134 3074 116 36 avait
1272 3077 198 46 marqué,
1486 3075 23 35 à
1532 3072 40 38 la
1595 3072 115 38 basse
1715 3103 9 18 ,
1739 3072 61 39 les
1819 3072 255 40 intervalles
2087 3073 52 39 de

168 3144 168 42 quarte,
362 3136 52 39 de
438 3138 106 37 sixte
562 3147 39 30 et
622 3138 52 39 de
692 3140 225 49 septième,
941 3139 61 38 les
1026 3141 153 37 tierces
1199 3140 217 50 majeures
1453 3147 39 31 et
1533 3140 236 48 mineures,
1790 3141 111 37 mais
1926 3152 83 38 que
2028 3152 112 38 pour

168 3203 61 39 les
245 3216 19 23 «
283 3204 97 37 voix
401 3203 56 39 du
474 3204 209 49 médium,
703 3208 269 36 nécessaires
997 3210 20 34 à
1042 3207 214 38 certaines
1277 3206 160 51 places,
1453 3206 29 38 il
1498 3204 89 40 s'en
1610 3208 217 38 remettait
1847 3220 54 25 au
1915 3207 225 50 jugement

167 3279 40 30 et
229 3284 53 25 au
301 3275 108 44 goût
431 3270 52 39 de
503 3269 257 41 l'exécutant
782 3284 35 24 ».
838 3270 142 41 Gluck
997 3273 243 46 lui-même,
1264 3275 74 48 qui
1355 3277 250 47 représente
1625 3282 207 42 pourtant
1855 3286 84 26 une
1962 3274 179 50 période

167 3337 52 38 de
242 3338 204 38 maturité
477 3336 59 52 (la
572 3338 187 39 seconde
779 3340 151 38 moitié
951 3340 56 38 du
1028 3354 103 24 xvm
1136 3349 14 19 e
1174 3340 163 49 siècle),
1360 3354 53 25 ne
1437 3340 100 40 s'est
1568 3354 78 36 pas
1684 3341 197 50 toujours
1916 3340 146 39 donné
2101 3340 38 39 la

168 3405 127 50 peine
318 3404 52 39 de
393 3412 124 31 noter
540 3412 92 31 tout
656 3417 45 26 ce
725 3418 83 37 que
833 3404 251 41 l'orchestre
1117 3408 114 38 avait
1272 3411 20 34 à
1331 3407 106 46 dire,
1470 3420 55 26 ou
1562 3407 51 39 de
1643 3409 277 38 mentionner
1952 3408 168 38 l'instru-

168 3480 119 30 ment
326 3471 159 51 auquel
505 3471 28 40 il
556 3471 183 40 donnait
762 3471 37 39 la
823 3472 164 51 parole.
1008 3472 307 52 Aujourd'hui,
1344 3475 91 37 rien
1455 3473 52 39 de
1539 3473 244 40 semblable
1802 3488 8 25 :
1849 3475 38 39 le
1920 3476 219 49 composi-
