2273 3779
754 220 144 27 COURS
933 221 58 26 DU
1027 214 200 33 COLLÈGE
1260 223 54 24 DE
1349 223 168 25 FRANCE

2052 213 73 47 385

143 310 133 41 neille
308 325 22 26 a
354 310 139 52 greffé
528 311 38 39 le
597 313 132 47 génie
754 311 107 40 latin
881 320 40 31 et
956 312 232 52 espagnol,
1223 321 40 30 et
1288 311 165 41 Racine
1477 313 39 40 le
1547 315 128 48 génie
1695 327 103 37 grec
1834 329 75 26 sur
1930 315 39 40 le
1988 318 139 37 nôtre.

140 378 68 40 En
251 381 223 50 musique,
514 379 39 39 la
606 379 58 39 loi
713 392 70 27 me
829 383 142 47 paraît
1001 383 90 36 être
1145 379 37 40 la
1223 383 163 37 même.
1437 380 121 41 Dans
1601 390 98 31 tous
1745 383 62 39 les
1850 397 123 38 pays,
2017 397 113 27 nous

141 459 171 39 voyons
346 447 105 51 qu'il
491 460 27 37 y
558 460 20 25 a
601 459 53 26 eu
678 460 86 27 une
793 448 206 49 musique
1022 447 224 40 nationale
1284 449 75 50 qui
1399 447 101 40 s'est
1533 448 269 53 développée
1841 464 127 37 parce
1993 451 137 50 qu'un

141 523 65 30 art
242 519 207 45 étranger
502 522 65 31 est
615 527 115 27 venu
790 513 138 40 s'unir
983 518 21 35 à
1041 515 97 39 elle.
1191 513 67 42 En
1295 513 171 49 Orient,
1512 529 45 26 se
1595 525 100 31 sont
1732 516 186 50 greffées
1969 531 74 27 sur
2090 518 38 40 la

141 584 207 50 musique
385 584 243 51 japonaise,
674 583 40 39 la
760 584 206 49 musique
1008 587 215 35 coréenne
1260 591 39 32 et
1321 583 41 39 la
1405 585 211 50 musique
1655 584 214 48 chinoise,
1907 587 75 50 qui
2023 586 86 39 elle-

142 654 144 36 même
319 653 117 38 avait
473 649 77 40 fait
601 650 76 39 des
707 659 228 43 emprunts
960 654 21 35 à
1023 651 106 39 celle
1164 651 77 39 des
1274 650 207 41 Hindous
1505 662 8 37 ;
1552 651 39 39 la
1622 654 206 49 musique
1867 652 77 40 des
1977 652 123 52 Egyp-

141 720 113 38 tiens
279 717 102 41 s'est
413 717 161 52 greffée
600 722 21 35 à
646 717 205 51 l'origine
884 731 75 26 sur
992 718 106 40 celle
1122 718 77 39 des
1237 717 238 53 Assyriens
1519 727 41 31 et
1592 720 77 38 des
1704 718 221 52 Hébreux,
1961 734 168 26 comme

141 786 100 51 plus
265 786 96 39 tard
381 786 105 40 celle
506 786 77 39 des
608 784 156 41 Perses
786 799 74 26 sur
882 786 107 39 celle
1020 786 76 39 des
1120 786 185 39 Arabes.
1332 785 118 40 Chez
1469 800 81 26 nos
1572 786 245 51 classiques
1839 801 19 24 «
1883 790 179 38 anciens
2088 801 37 37 »,

142 866 172 26 comme
345 852 237 42 l'attestent
614 854 62 38 les
699 867 128 27 noms
851 854 52 39 de
927 856 187 38 certains
1138 854 153 39 modes
1328 856 74 49 qui
1425 863 76 31 ont
1533 854 76 39 des
1648 867 129 26 noms
1818 859 245 46 étrangers,
2090 856 38 38 la

142 923 208 49 musique
390 921 211 41 orientale
641 936 22 24 a
705 926 179 47 pénétré
919 922 39 39 la
1002 923 204 50 musique
1239 935 207 38 grecque.
1491 920 118 41 Chez
1640 922 63 39 les
1736 922 252 47 modernes,
2034 923 96 41 l'art

140 990 77 38 des
234 988 309 49 Néerlandais,
571 990 73 50 qui
665 990 54 39 de
744 1002 102 38 1450
871 994 21 34 à
923 993 102 37 1600
1044 998 75 32 ont
1135 995 66 35 été
1224 990 62 39 les
1309 990 214 47 modèles,
1547 1004 21 24 a
1589 990 147 39 donné
1757 992 373 39 successivement

141 1070 46 26 sa
213 1062 116 42 sève,
357 1059 35 38 si
410 1059 38 50 je
467 1059 97 50 puis
597 1058 107 47 dire,
733 1072 54 25 au
809 1059 129 48 génie
970 1056 206 52 français,
1200 1059 99 50 puis
1324 1072 54 25 au
1401 1059 129 48 génie
1553 1058 152 40 italien
1723 1072 8 33 ;
1758 1058 96 40 l'art
1877 1058 153 40 italien
2055 1061 73 49 qui

142 1125 53 38 de
221 1128 104 37 1600
347 1129 21 35 à
399 1138 102 38 1700
525 1127 184 38 environ
735 1140 20 25 a
776 1130 67 35 été
866 1126 39 39 le
933 1126 99 51 plus
1055 1124 182 41 brillant
1270 1126 52 39 de
1343 1134 113 38 tous,
1483 1126 102 40 s'est
1610 1126 146 51 ajouté
1792 1139 54 26 au
1869 1127 130 49 génie
2022 1127 87 39 alle-

143 1193 133 39 mand
301 1202 8 40 ;
347 1202 41 30 et
411 1207 45 25 ce
479 1193 174 39 dernier
677 1195 89 49 qui,
795 1197 20 35 à
849 1195 138 49 partir
1005 1193 58 40 du
1095 1208 105 24 xvm
1205 1199 15 16 e
1243 1193 144 49 siècle,
1411 1208 21 25 a
1457 1207 53 26 eu
1534 1192 310 50 l'hégémonie,
1870 1194 102 39 s'est
1994 1193 136 51 greffé

144 1273 74 26 sur
237 1260 97 39 l'art
357 1261 53 39 de
434 1273 188 39 presque
646 1269 100 31 tous
769 1261 63 39 les
853 1269 146 31 autres
1022 1274 107 38 pays
1151 1261 52 39 de
1227 1260 221 52 l'Europe.
1485 1260 202 46 Partout,
1712 1274 114 26 nous
1848 1274 172 39 voyons
2053 1262 77 39 des

143 1329 305 47 croisements,
488 1329 76 38 des
588 1329 237 49 échanges,
850 1328 77 39 des
967 1329 355 50 superpositions
1347 1341 71 33 ou,
1453 1329 146 39 mieux
1622 1341 172 33 encore,
1820 1329 77 38 des
1926 1333 178 47 pénétra-

144 1397 132 38 tions.
303 1395 70 41 Un
413 1397 280 50 phénomène
725 1396 53 38 de
802 1408 45 26 ce
886 1408 136 37 genre
1054 1397 198 49 pourrait
1276 1404 173 31 surtout
1472 1396 89 38 être
1591 1396 147 39 étudié
1774 1409 54 26 en
1851 1396 183 50 France,
2074 1404 55 32 où

144 1463 280 40 l'éclectisme
448 1478 20 25 a
493 1464 199 49 toujours
721 1467 66 35 été
811 1468 86 33 très
920 1463 160 49 grand.

198 1529 128 42 Nous
362 1531 150 40 dirons
533 1531 127 45 donc,
692 1544 53 25 en
769 1530 301 50 généralisant
1094 1544 59 25 un
1184 1531 197 50 principe
1403 1527 231 42 d'histoire
1657 1531 217 38 naturelle
1895 1544 7 25 :
1930 1543 55 27 on
2009 1539 119 43 peut,

145 1611 55 27 on
237 1599 92 39 doit
361 1603 144 35 même
523 1596 176 52 greffer,
726 1597 275 40 c'est-à-dire
1023 1599 146 38 imiter
1201 1610 112 38 pour
1342 1599 123 37 avoir
1487 1597 51 39 de
1577 1596 142 40 beaux
1754 1598 217 49 produits.
2013 1597 115 40 Mais

144 1667 111 38 voici
280 1672 56 34 où
360 1667 39 38 la
426 1668 307 49 comparaison
754 1665 191 47 devient,
970 1666 38 50 je
1031 1667 128 48 crois,
1182 1666 306 45 intéressante,
1516 1673 40 31 et
1580 1673 102 42 peut
1704 1665 170 39 donner
1898 1665 86 39 lieu
2009 1669 21 34 à
2052 1665 77 40 des

143 1734 282 40 conclusions
447 1735 240 50 pratiques.

198 1801 86 40 Les
326 1802 284 40 naturalistes
649 1814 113 27 nous
788 1802 260 39 avertissent
1081 1800 134 51 qu'on
1247 1813 53 26 ne
1323 1799 136 50 greffe
1497 1813 80 38 pas
1610 1800 77 39 des
1711 1806 178 45 espèces
1923 1801 182 50 quelcon-

145 1882 123 38 ques.
324 1869 31 39 Il
394 1868 93 41 faut
524 1870 63 38 les
627 1869 191 48 choisir;
861 1870 145 44 sinon,
1047 1881 55 26 on
1142 1868 198 39 travaille
1390 1881 53 25 en
1476 1881 108 37 pure
1623 1876 140 42 perte.
1804 1866 207 41 L'erreur
2055 1868 77 39 des

145 1938 193 44 anciens,
365 1937 53 39 de
442 1936 167 51 Virgile
644 1945 40 31 et
714 1936 52 40 de
786 1935 142 47 Pline,
963 1938 104 37 était
1091 1936 52 38 de
1178 1936 175 39 vouloir
1375 1935 108 39 faire
1502 1948 188 38 pousser
1709 1935 38 39 la
1770 1936 130 49 vigne
1926 1949 74 26 sur
2020 1936 90 39 l'oli-

143 2006 107 47 vier,
277 2004 38 39 le
338 2004 116 40 houx
480 2018 74 26 sur
580 2004 39 39 le
645 2006 151 37 rosier.
834 2002 117 40 C'est
974 2016 46 26 ce
1053 2016 84 38 que
1158 2002 87 40 l'on
1266 2003 173 51 appelle
1462 2002 61 40 les
1546 2002 161 51 greffes
1732 2016 19 25 «
1777 2004 279 39 hétéroclites
2082 2016 40 26 ».

147 2069 74 40 Un
246 2072 334 50 contemporain
604 2071 52 39 de
690 2070 176 48 Buffon,
905 2070 221 40 Duhamel
1150 2071 57 39 du
1230 2069 234 50 Monceau,
1491 2084 21 25 a
1533 2075 174 35 montré
1744 2069 182 53 qu'elles
1968 2073 162 37 étaient

143 2137 303 51 impossibles.
481 2137 121 40 Pour
625 2139 165 37 arriver
823 2142 21 34 à
876 2152 60 25 un
970 2138 196 45 résultat,
1211 2138 28 38 il
1276 2136 93 40 faut
1408 2142 155 46 opérer
1585 2152 75 26 sur
1702 2139 75 38 des
1800 2138 173 51 plantes
2008 2140 119 38 aussi

143 2207 197 37 voisines
364 2218 84 38 que
467 2204 212 52 possible,
707 2214 130 42 ayant
858 2218 86 26 une
966 2209 181 47 parenté
1171 2204 240 52 botanique
1435 2207 168 37 étroite.
1695 2205 32 39 Il
1751 2219 53 26 en
1825 2215 64 30 est
1912 2206 52 39 de
1985 2210 144 35 même

145 2286 113 37 pour
281 2273 37 38 la
355 2272 272 40 transfusion
651 2272 57 39 du
745 2286 127 35 sang,
903 2274 230 49 pratiquée
1168 2273 75 38 dès
1279 2272 37 39 le
1348 2286 87 26 xvn
1440 2277 15 17 e
1488 2273 129 39 siècle
1643 2284 7 26 :
1677 2274 35 38 si
1752 2286 56 26 on
1831 2274 156 50 injecte
2020 2277 21 35 à
2072 2288 59 25 un

145 2340 175 39 malade
345 2340 57 39 du
424 2353 109 36 sang
557 2341 90 49 pris
668 2344 20 34 à
714 2353 86 26 une
823 2345 153 45 espèce
996 2338 241 46 différente,
1260 2353 89 25 non
1370 2340 245 39 seulement
1639 2354 55 26 on
1714 2354 54 25 ne
1789 2341 38 39 le
1850 2339 162 41 fortifie
2034 2354 95 38 pas,

145 2409 111 37 mais
281 2421 56 26 on
361 2416 104 42 peut
485 2408 36 38 le
542 2416 110 41 tuer,
675 2422 77 36 par
772 2408 112 38 suite
908 2408 52 38 de
980 2405 176 41 l'action
1178 2409 177 49 toxique
1376 2407 75 39 des
1469 2420 170 27 serums
1660 2406 193 42 d'autres
1876 2414 193 46 espèces,
2092 2417 40 31 et

145 2484 173 31 surtout
340 2476 53 38 de
416 2474 176 40 l'action
609 2474 287 50 globulicide.

199 2543 68 40 En
302 2544 184 38 matière
516 2543 126 49 d'art,
668 2551 40 31 et
740 2542 404 52 particulièrement
1182 2556 54 26 en
1267 2544 221 50 musique,
1512 2543 99 39 n'en
1634 2543 120 39 est-il
1778 2556 79 38 pas
1881 2543 53 39 de
1954 2547 143 35 même
2117 2548 15 34 ?

147 2609 47 41 Si
226 2611 38 39 la
289 2609 138 51 greffe
449 2610 57 40 du
534 2612 129 48 génie
683 2611 152 39 italien
856 2623 75 27 sur
962 2610 38 39 le
1022 2611 130 49 génie
1174 2608 192 51 français
1401 2624 19 25 a
1444 2610 176 51 produit
1644 2625 58 25 un
1723 2612 215 38 musicien
1962 2623 170 27 comme

147 2676 207 50 Gounod,
375 2679 178 38 n'est-ce
569 2692 79 38 pas
669 2691 129 39 parce
816 2677 159 52 qu'elle
998 2677 281 51 rapprochait
1299 2677 111 39 deux
1433 2691 121 26 races
1574 2681 229 47 parentes?
1824 2677 54 40 Et
1896 2677 160 40 l'échec
2079 2678 53 38 de

145 2748 215 37 certaines
385 2747 232 38 tentatives
660 2759 112 38 pour
797 2747 251 39 acclimater
1069 2759 54 26 en
1143 2746 167 39 France
1345 2743 193 42 d'autres
1565 2745 163 40 formes
1748 2746 53 38 de
1825 2746 97 39 l'art
1945 2746 185 39 musical

143 2813 166 40 n'est-il
335 2827 78 38 pas
439 2814 56 39 dù
512 2818 19 34 à
548 2827 86 26 une
646 2816 149 37 raison
813 2816 245 37 contraire?
1071 2813 260 49 L'analogie
1356 2826 84 37 que
1453 2813 211 51 j'indique
1685 2813 447 51 mesemblepouvoir

144 2884 88 36 être
270 2883 141 38 suivie
434 2894 157 27 encore
614 2882 157 51 jusque
809 2883 112 38 dans
954 2882 62 39 les
1040 2881 172 40 détails.
1248 2880 85 40 Les
1358 2880 281 39 naturalistes
1664 2881 251 47 modernes,
1943 2880 79 39 tels
2047 2893 84 38 que

145 2949 59 38 M.
230 2949 174 46 Dastre,
440 2962 111 27 nous
586 2950 144 39 disent
771 2963 85 36 que
886 2950 38 38 le
962 2950 197 51 principe
1183 2950 73 49 qui
1281 2948 141 39 exclut
1444 2947 62 39 les
1528 2946 160 50 greffes
1719 2947 279 40 hétéroclites
2030 2948 39 37 ri
2076 2954 56 32 est

143 3016 92 39 vrai
270 3031 54 38 qu
342 3018 24 37 à
390 3015 142 40 moitié
551 3031 7 24 :
599 3017 25 39 il
656 3025 64 31 est
757 3018 94 38 vrai
885 3030 112 38 pour
1032 3017 38 39 le
1109 3018 219 49 pommier
1364 3024 40 30 et
1443 3015 38 39 le
1520 3017 187 49 poirier;
1740 3016 28 39 il
1803 3024 64 31 est
1891 3015 101 40 faux
2017 3029 113 38 pour

145 3081 261 42 l'amnadier
441 3091 40 32 et
498 3083 38 40 le
558 3084 173 51 pêcher,
760 3085 38 38 le
821 3086 181 50 prunier
1021 3093 40 31 et
1083 3083 280 50 l'abricotier,
1394 3084 73 50 qui
1502 3092 99 31 sont
1625 3084 75 39 des
1720 3097 160 36 genres
1906 3084 99 51 plus
2029 3083 83 40 éloi-

145 3156 125 44 gnés.
294 3150 71 41 On
390 3165 21 25 a
449 3165 57 37 pu
529 3149 106 42 fixer
658 3152 187 40 l'olivier
867 3165 75 26 sur
964 3152 49 39 le.
1042 3152 98 39 lilas
1176 3160 39 31 et
1241 3164 75 26 sur
1347 3151 38 38 le
1405 3150 121 40 frêne
1546 3162 8 37 ;
1581 3156 268 35 récemment
1868 3151 62 39 M.
1955 3151 174 49 Daniel,

145 3223 155 35 maître
324 3219 52 39 de
399 3218 280 41 conférences
704 3224 21 34 à
759 3218 280 42 l'Université
1063 3220 53 38 de
1139 3218 194 49 Rennes,
1356 3227 64 31 est
1445 3220 140 38 arrivé
1620 3224 21 34 à
1674 3219 257 52 conjoindre
1971 3219 37 39 le
2033 3219 99 39 lilas

148 3299 101 27 avec
272 3285 231 41 l'érable...
545 3287 28 39 Il
597 3302 26 37 y
666 3302 21 24 a
726 3288 113 39 donc
861 3288 77 38 des
961 3288 269 50 exceptions.
1270 3285 131 51 Mais,
1444 3291 141 35 même
1609 3288 110 38 dans
1743 3295 110 31 cette
1876 3300 190 33 mesure,
2094 3295 38 30 et

148 3356 290 48 précisément
463 3359 20 34 à
508 3369 130 26 cause
670 3356 53 39 de
746 3368 70 27 ces
837 3357 254 49 exceptions
1114 3368 53 26 en
1191 3354 187 40 nombre
1401 3369 57 25 un
1481 3368 83 39 peu
1589 3355 309 46 indéterminé,
1941 3354 37 39 le
2010 3355 98 50 prin-

148 3422 91 50 cipe
277 3431 65 31 est
366 3422 245 52 applicable
637 3438 82 26 aux
743 3437 174 26 œuvres
947 3423 252 39 musicales.
1239 3421 124 41 Nous
1397 3437 136 27 avons
1570 3423 75 39 des
1669 3424 323 43 compositeurs
2013 3420 96 40 fran-

145 3490 93 47 çais
260 3492 88 49 qui,
375 3504 78 37 par
472 3491 76 39 des
568 3493 211 48 prodiges
799 3490 238 49 d'adresse,
1065 3499 99 31 sont
1185 3492 164 39 arrivés
1370 3496 20 34 à
1413 3491 108 40 faire
1544 3491 52 39 de
1619 3491 39 38 la
1683 3492 207 49 musique
1916 3490 136 47 slave,
2079 3488 53 39 de
