3553 4386
1775 135 112 56 204

268 288 221 65 Sängerin
521 287 246 57 Colbrand,
813 288 78 47 mit
933 287 82 48 der
1054 287 171 49 Rossini
1263 287 91 47 sich
1392 286 263 53 vermählte,
1693 283 90 47 und

270 366 89 48 ihm
396 366 138 48 selbst
571 366 129 47 einen
733 366 182 48 Anlheil
959 381 71 32 am
1064 364 328 64 Bankgewinn,
1436 364 80 47 der
1545 364 134 47 ihnen
1711 380 49 28 zu-

268 460 203 30 sammen
503 442 141 49 1000
670 443 205 47 Ducaten
902 442 189 63 jährlich
1117 441 327 63 einbrachte*).
1481 441 171 48 Wollte
1672 441 83 45 Hos-

267 519 81 49 sini
385 518 100 48 dem
528 521 114 47 Rule
684 519 195 47 anderer
909 519 335 49 Unternehmer
1288 519 166 61 folgen,
1500 536 72 29 um
1608 518 73 46 für
1723 517 61 45 sie

268 598 156 64 Opern
466 613 51 31 zu
560 597 255 56 schreiben,
856 613 48 31 so
949 603 166 41 musste
1159 613 49 31 er
1246 613 82 29 von
1374 593 196 67 Bärbaja
1608 593 176 49 Urlaub

268 674 194 48 nehmen
507 674 87 47 und
625 674 92 47 sein
749 674 165 48 Gehalt
945 675 68 47 fiel
1045 673 119 49 dann
1205 675 76 47 für
1310 674 120 47 diese
1460 674 97 47 Zeit
1586 688 95 33 aus.
1728 672 57 47 Es

267 767 96 32 war
405 750 41 49 in
486 750 80 47 der
613 750 352 49 Herbst-Saison
1007 767 82 33 von
1138 750 160 56 1815,
1336 750 65 49 als

267 829 71 48 die
366 837 115 40 erste
512 830 127 64 Oper
667 828 76 49 des
772 829 204 48 Meisters
1007 829 41 48 in
1079 829 188 65 Neapel,
1298 829 298 65 ungeheuren
1625 828 159 63 Erfolg

267 907 137 48 hatte.
532 933 8 9 •
726 904 35 51 .1
907 947 5 4 .

383 983 108 48 Bald
536 984 114 47 nach
691 983 81 48 der
810 984 301 64 Aufführung
1149 984 108 64 ging
1296 982 174 49 Rossini
1512 982 116 49 nach
1667 983 117 47 Rom

268 1059 89 50 und
390 1062 153 47 führte
573 1062 101 47 dort
712 1062 57 47 im
810 1060 165 50 Teairo
1020 1060 120 50 Valle
1175 1062 121 48 seine
1335 1062 128 63 Oper
1501 1058 236 51 Torwalcio
1765 1074 23 33 e

264 1135 215 52 Dorlisca
509 1139 92 56 auf,
631 1139 170 48 welche
823 1139 166 65 jedoch
1015 1147 111 40 trotz
1149 1140 80 47 der
1252 1147 140 57 guten
1416 1140 175 63 Sänger
1622 1139 135 64 haupt-

261 1215 193 50 sächlich
480 1215 141 50 durch
646 1217 70 48 die
747 1218 167 47 Schuld
941 1218 75 48 des
1044 1218 207 48 Dichters
1275 1218 160 47 keinen
1467 1217 317 48 bedeutenden

261 1294 162 63 Erfolg
466 1294 138 50 hatte.
663 1294 75 48 Bei
771 1295 297 65 Gelegenheit
1105 1295 146 49 dieser
1281 1295 301 64 Aufführung
1611 1293 174 48 erlebte

264 1371 175 47 Rossini
482 1371 99 50 eine
611 1371 161 56 Scene,
814 1373 70 48 die
927 1373 89 47 ihm
1055 1373 71 48 nie
1166 1389 80 32 aus
1275 1373 79 47 der
1383 1371 293 65 Erinnerung
1707 1388 50 47 ge-

264 1449 213 49 kommen
508 1450 91 48 und
628 1450 72 48 die
729 1467 49 31 er
806 1451 64 47 oft
896 1451 168 47 erzählt
1093 1451 90 49 hat.

382 1528 79 48 Als
503 1544 49 32 er
592 1528 113 48 nach
749 1530 116 46 Rom
914 1529 121 55 kam,
1078 1529 99 47 liess
1218 1545 48 31 er
1302 1529 91 47 sich
1432 1529 129 47 einen
1595 1526 190 50 Barbier

263 1605 213 48 kommen
509 1605 89 48 und
631 1605 165 48 behielt
827 1606 91 55 ihn,
949 1606 99 49 weil
1078 1623 50 32 er
1157 1606 104 49 sehr
1290 1614 81 56 gut
1401 1606 158 47 rasirte
1591 1605 88 48 und
1713 1605 70 48 ein

263 1681 339 56 bescheidener,
631 1683 352 64 schweigsamer
1006 1685 138 47 Mann
1172 1700 108 32 war.
1312 1684 124 48 Nach
1463 1684 178 62 einigen
1667 1684 77 47 Wo-

261 1761 131 56 chen,
423 1761 63 47 als
508 1760 71 48 die
603 1761 403 50 General-Proben
1036 1780 51 31 zu
1119 1763 80 48 der
1228 1779 145 32 neuen
1398 1763 128 63 Oper
1557 1763 226 63 beginnen

260 1839 175 53 sollten,
477 1838 159 48 rasirte
678 1838 80 49 der
791 1839 144 65 junge
962 1840 185 48 Mensch
1177 1840 85 48 den
1293 1840 199 48 Maestro
1538 1839 91 48 und
1662 1839 120 48 blieb

260 1916 308 64 schweigend,
608 1918 85 48 wie
736 1919 303 63 gewöhnlich.
1096 1919 79 48 Als
1214 1935 48 32 er
1310 1919 112 48 aber
1460 1919 124 47 seine
1623 1916 161 50 Arbeit

263 1994 250 48 vollbracht
551 1994 140 57 hatte,
736 1996 168 47 reichte
938 2013 50 30 er
1026 1996 174 49 Rossini
1241 1996 270 49 vortraulich
1545 1995 70 47 die
1648 1995 132 48 Hand

264 2071 90 48 und
395 2080 151 57 sagte:
603 2074 126 56 „Auf
1305 2075 140 56 „Wie
1490 2075 176 47 meinen
1711 2075 73 47 Sie

435 2158 129 57 sagte
593 2152 175 49 Rossini
801 2152 302 50 verwundert.
1206 2154 99 56 „Ja,
1337 2152 356 65 ja—sogleich,
1724 2152 58 49 im

608 2230 93 56 „Im
1087 2231 132 57 „Nun
1246 2231 195 56 freilich;
1470 2230 70 48 ich
1566 2230 123 51 blase
1713 2230 71 51 die

261 2314 117 40 erste
409 2306 245 50 Clarinette
683 2309 58 47 im

380 2384 99 48 Und
510 2385 40 47 in
581 2384 80 49 der
687 2386 135 56 That,
853 2386 83 48 fast
965 2387 84 47 alle
1079 2387 201 49 Musiker
1310 2386 77 48 des
1412 2387 220 49 Theaters
1658 2386 127 48 Valle

261 2460 174 51 trieben
465 2462 147 49 neben
637 2464 82 49 der
741 2465 166 57 Musik,
937 2465 70 49 die
1036 2466 62 47 sie
1126 2481 84 33 con
1237 2480 153 34 amore
1420 2466 223 48 ausübten
1674 2465 111 48 oder

260 2555 146 50 gegen
437 2542 188 64 geringe
651 2544 276 63 Bezahlung,
959 2544 68 48 ein
1060 2544 291 56 Handwerk;
1383 2545 273 47 namentlich
1690 2560 95 31 war

260 2619 116 47 auch
406 2617 80 50 der
515 2627 117 41 erste
665 2621 334 48 Contrabassist
1041 2622 70 47 ein
1153 2622 265 49 berühmter
1455 2622 186 56 Sattler,
1683 2621 100 48 dem

261 2711 46 31 es
338 2695 115 49 denn
495 2697 57 47 im
584 2697 249 50 Orchester
868 2699 115 49 auch
1022 2700 122 48 nicht
1181 2700 168 48 darauf
1380 2699 184 57 ankam,
1608 2700 100 47 dass
1738 2716 49 31 er

261 2774 164 49 einmal
458 2776 154 47 mitten
650 2776 42 48 in
734 2779 123 48 einer
888 2779 109 48 Arie
1032 2779 69 48 ein
1135 2780 117 47 Blatt
1293 2795 80 32 aus
1415 2779 80 47 der
1525 2780 260 47 Ouvertüre

263 2851 235 66 abspielte,
527 2852 79 50 das
628 2854 58 49 da
716 2855 373 66 hineingerathen
1119 2874 111 38 war,
1256 2857 89 47 und
1370 2856 103 48 dem
1501 2857 284 65 Dirigenten,

268 2928 81 49 der
387 2930 75 48 ihn
504 2948 79 31 zur
620 2932 228 66 Ordnung
891 2934 97 55 rief,
1037 2935 105 47 sehr
1180 2935 160 47 barsch
1378 2935 265 48 erwiderte:
1684 2934 101 55 „Ich

264 3007 154 65 spiele,
448 3025 93 32 was
570 3008 57 50 da
851 3011 169 50 —und
1051 3014 91 47 ihm
1172 3014 71 47 die
1272 3014 192 48 Stimme
1493 3014 201 48 hinhielt.

264 3086 192 57 Rossini,
486 3087 80 47 der
595 3104 56 31 an
682 3088 81 49 der
791 3090 149 65 Spitze
969 3090 76 48 des
1074 3091 272 48 Orchesters
1374 3091 105 48 sehr
1511 3091 132 65 hitzig
1675 3108 112 38 war,

260 3162 93 50 sich
397 3163 124 49 nicht
562 3165 163 49 immer
762 3167 43 48 in
851 3168 104 47 sehr
999 3168 431 50 schmeichelhaften
1474 3170 311 47 Redensarten

261 3241 275 49 ausdrückte
579 3243 89 49 und
714 3245 158 48 keinen
918 3247 436 48 Instrumentalisten
1404 3249 205 54 schonte,
1660 3255 127 57 sagte

261 3318 102 49 dem
394 3329 147 40 ersten
573 3322 334 50 Klarinettisten
938 3325 188 48 niemals
1164 3326 70 48 ein
1266 3326 150 48 hartes
1453 3326 137 50 Wort
1629 3326 41 47 in
1708 3325 80 49 der

264 3397 174 57 Probe;
470 3416 131 32 wenn
625 3401 144 49 dieser
800 3403 114 49 noch
941 3420 49 32 so
1023 3405 135 47 falsch
1192 3405 125 56 blies,
1349 3421 48 32 er
1427 3406 98 47 liess
1550 3421 45 31 es
1619 3405 138 47 durch-

261 3475 168 63 gehen,
458 3476 118 49 denn
590 3496 117 31 —er
736 3480 163 49 dachte
928 3481 160 57 daran,
1119 3482 101 48 dass
1249 3500 50 30 er
1328 3483 90 47 sich
1453 3483 151 49 diesen
1629 3483 156 55 Mann,

261 3552 102 48 dem
407 3570 51 32 er
499 3555 85 48 alle
627 3557 127 64 Tage
795 3558 122 49 seine
961 3560 145 48 Kehle
1158 3567 307 50 anvertraute,
1516 3561 121 47 nicht
1684 3579 101 30 zum

263 3630 169 49 Feinde
457 3633 189 49 machen
669 3635 144 49 dürfe.
844 3638 87 47 Am
962 3637 200 48 anderen
1195 3640 208 61 Morgen,
1434 3656 132 31 wenn
1597 3656 49 31 er
1675 3640 113 63 glatt

261 3710 133 48 rasirt
423 3727 113 41 war,
573 3713 142 65 zeigte
744 3731 50 31 er
823 3715 90 48 ihm
946 3717 79 47 mit
1053 3716 78 49 der
1162 3722 204 61 grössten
1402 3717 385 57 Freundlichkeit,

363 3868 35 47 *)
428 3870 103 36 Nach
560 3872 71 35 den
662 3873 175 45 Quellen,
868 3874 59 35 die
957 3874 165 38 Alexis
1153 3877 225 35 Azevedo
1411 3877 36 35 in
1479 3877 141 35 seinem
1651 3877 132 36 Abriss

259 3943 74 24 von
364 3931 183 37 Kossini's
574 3934 129 36 Leben
732 3935 51 35 im
814 3936 208 36 Menestrel
1047 3938 156 36 benutzt
1232 3940 64 34 hat
1323 3940 77 34 und
1430 3951 47 24 zu
1508 3940 119 35 denen
1656 3941 106 35 Rössi-

258 3990 72 35 ngs
358 3991 133 47 eigene
519 3993 295 49 Mittheilungen
849 3996 181 46 gehören,
1074 3998 47 35 ist
1161 3999 59 35 die
1263 4000 111 47 obige
1403 4000 293 47 Zahlenangabe
1726 4002 57 35 die

259 4052 173 47 richtige,
475 4054 179 36 während
695 4056 235 36 Stendhal
970 4057 40 36 in
1053 4061 122 34 seiner
1218 4061 228 48 Biographie
1487 4062 184 36 Kossini's
1714 4074 71 25 nur

259 4124 75 24 von
362 4110 153 40 30—40
542 4114 219 40 Louisd'ors
789 4119 154 46 spricht.

1886 300 91 30 was
2015 300 50 31 er
2104 284 41 47 in
2185 283 80 48 der
2299 283 148 50 Probe
2490 284 75 46 für
2608 283 163 48 Fehler
2807 282 213 63 gemacht
3061 283 137 60 habe,
3242 286 88 48 und
3362 306 46 32 so

1886 359 188 50 brachte
2103 378 49 31 er
2180 377 46 32 es
2257 361 153 55 dahin,
2453 361 130 48 einen
2615 368 139 56 guten
2786 359 335 51 Clarinettisten
3154 361 92 49 und
3278 363 128 51 einen

1882 439 326 64 zuverlässigen
2240 439 194 49 Barbier
2465 456 54 30 an
2550 438 93 48 ihm
2673 456 51 30 zu
2757 437 165 49 haben.

2000 515 304 49 Mittlerweile
2334 515 159 49 wurde
2532 515 90 49 ihm
2654 515 69 49 ein
2757 515 217 49 Contract
3002 531 100 33 vom
3130 518 273 64 Impresario

1884 592 77 48 des
1991 594 221 48 Theaters
2608 590 75 52 Di
2824 593 144 51 Torre
3166 592 255 68 Argentina
2838 592 219 49 ebenfalls
3086 594 43 48 in
3161 592 134 59 Rom,
3335 615 52 30 an-

1884 678 238 55 getragen,
2154 672 90 48 und
2273 673 178 48 Rossini
2483 672 136 48 nahm
2652 672 75 48 ihn
2758 688 71 32 an.
2864 672 155 47 Dieses
3049 673 277 48 Actenstück
3359 675 53 47 ist

1884 766 50 30 zu
1968 749 182 64 wichtig
2191 750 74 46 für
2302 750 71 47 die
2405 750 332 64 Beurtheilung
2773 749 81 48 der
2884 749 455 51 Theater-Zustände
3370 753 42 47 in

1887 827 155 47 Italien
2081 825 91 50 und
2211 827 80 48 der
2329 828 124 63 Lage
2492 827 81 47 der
2611 827 514 64 Opern-Componisten
3168 828 246 49 denselben

1886 904 283 64 gegenüber,
2212 905 62 47 als
2318 904 100 48 dass
2464 905 81 47 wir
2588 921 46 31 es
2672 904 85 48 den
2790 905 168 47 Lesern
2996 904 123 48 nicht
3148 907 267 64 vollständig

1887 983 248 48 mittheilen
2165 983 186 54 sollten;
2382 999 87 31 nur
2499 983 203 49 dadurch
2729 983 183 48 werden
2937 982 73 48 die
3039 983 143 49 nichts
3215 985 201 65 weniger

1886 1060 62 47 als
1978 1060 379 66 preiswürdigen,
2396 1062 197 48 sondern
2638 1078 193 31 unseren
2862 1060 230 65 Begriffen
3133 1063 113 48 nach
3281 1081 108 31 uner-

1886 1138 247 63 träglichen
2179 1138 323 54 Verhältnisse,
2546 1139 85 47 wie
2666 1139 62 47 sie
2770 1139 58 47 im
2875 1139 183 47 Ganzen
3099 1140 316 66 gegenwärtig

1887 1217 114 46 noch
2028 1217 231 55 existiren,
2283 1217 230 63 glaublich
2539 1217 280 48 erscheinen.
2852 1218 94 47 Der
2969 1217 199 64 Vertrag
3199 1219 217 62 lautet*):

2166 1291 171 60 „Nobil
2377 1293 164 51 Teatro
2577 1291 53 53 di
2662 1293 143 51 Torre
2833 1291 272 72 Argentina.

2413 1374 164 56 „Rom,
2607 1373 85 48 den
2724 1371 85 50 26.
2842 1374 259 48 December
3138 1373 160 52 1815.

2010 1450 186 55 „Durch
2227 1450 374 65 gegenwärtigen
2635 1450 265 48 Privat-Act
2939 1467 82 31 von
3062 1451 353 66 rechtsgültiger

1886 1526 131 49 Kraft
2056 1526 90 49 und
2185 1529 115 47 nach
2333 1528 86 48 den
2453 1528 347 64 Bedingungen,
2843 1528 113 48 über
2987 1529 173 49 welche
3189 1529 72 51 die
3290 1530 92 50 Con-

1883 1604 294 49 trahirenden
2207 1606 471 65 übereingekommen
2707 1606 117 58 sind,
2855 1606 52 49 ist
2932 1608 254 64 festgesetzt
3208 1609 207 58 worden,

1884 1699 93 32 was
2009 1684 129 65 folgt:

2010 1761 338 64 „SignorPuce
2372 1761 155 50 Sforza
2547 1763 220 55 Cesarini,
2785 1763 274 66 Impresario
3077 1764 77 48 des
3184 1764 119 48 oben
3336 1764 51 49 be-

1882 1846 159 58 sagten
2072 1841 239 55 Theaters,
2352 1841 209 64 engagirt
2602 1841 150 49 Herrn
2784 1841 199 49 Maestro
3015 1843 255 48 Gioacbino
3302 1845 85 47 Ros-

1882 1916 81 49 sini
1990 1919 76 47 für
2090 1918 70 48 die
2184 1919 183 47 nächste
2391 1919 162 48 Saison
2578 1918 77 48 des
2681 1919 244 49 Carnevals
2954 1919 79 49 des
3052 1920 166 48 Jahres
3248 1920 169 57 1816;

1886 1994 212 67 besagter
2119 1996 177 50 Rossini
2320 1998 250 64 verspricht
2592 1998 91 48 und
2709 1998 284 66 verpflichtet
3015 1999 112 57 sich,
3158 1999 80 48 das
3260 2001 159 47 zweite

1884 2072 232 50 komische
2145 2075 283 65 Schauspiel,
2461 2075 193 48 welches
2685 2075 40 48 in
2751 2075 81 50 der
2855 2085 260 56 genannten
3141 2076 158 50 Saison
3327 2078 89 48 und

1883 2152 82 49 auf
1998 2151 102 50 dem
2142 2160 261 57 genannten
2434 2154 202 48 Theater
2676 2154 271 65 aufgeführt
2977 2155 188 50 werden
3196 2154 132 58 wird,
3367 2174 50 29 zu

1883 2231 295 66 componiren
2210 2231 89 48 und
2332 2231 41 50 in
2399 2233 143 48 Scene
2573 2249 51 30 zu
2654 2239 166 51 setzen,
2851 2233 93 49 und
2973 2250 122 32 zwar
3124 2233 142 49 nach
3299 2234 117 48 dem

1884 2309 373 57 Textbuche,
2287 2310 249 48 welches
2575 2309 110 49 ihm
2727 2310 97 48 der
2852 2311 357 65 Impresario
3240 2311 179 64 geben

1886 2386 164 57 wird,
2095 2404 106 48 mag
2245 2387 144 49 dieses
2434 2389 122 47 Buch
2603 2389 78 48 alt
2723 2387 143 50 oder
2911 2406 99 31 neu
3050 2390 110 48 sein.
3217 2390 202 50 Maestro

1887 2465 174 48 Rossini
2094 2466 152 47 macht
2274 2466 91 48 sich
2399 2466 296 56 verbindlich,
2733 2467 122 49 seine
2884 2469 203 48 Partitur
3115 2469 164 48 Mitte
3321 2470 62 47 Ja-

1886 2561 137 32 nuar
2061 2544 276 49 abzuliefern
2368 2544 89 49 und
2489 2546 62 47 sie
2594 2545 103 48 den
2742 2546 272 50 Stimmen
3058 2547 99 49 der
3199 2549 221 47 San«er

1886 2639 374 48 anzupassen,
2304 2624 284 64 verpflichtet
2626 2624 92 48 sich
2757 2625 135 57 auch,
2939 2625 59 49 im
3027 2625 234 49 Nothfalle
3307 2626 112 48 alle

1888 2700 510 66 Veränderungen,
2441 2701 72 50 die
2544 2719 104 32 man
2686 2704 174 47 sowohl
2902 2704 75 47 für
3006 2704 71 48 die
3108 2704 309 64 Ausführung

1886 2779 80 47 der
1994 2779 166 54 Musik,
2192 2780 62 47 als
2283 2784 217 59 gemäss
2530 2779 118 49 dem
2682 2781 310 48 Gutfinden
3025 2782 102 47 und
3160 2782 106 49 den
3293 2784 95 48 For-

1884 2856 295 66 derungen
2238 2859 99 47 der
2389 2860 222 47 Herren
2655 2860 218 65 Sänger
2925 2860 77 49 für
3052 2861 160 65 nöthig
3264 2861 152 50 halten

1886 2935 131 57 wird,
2047 2935 142 48 damit
2219 2937 347 49 vorzunehmen.

1973 3015 125 56 „Der
2121 3015 199 48 Maestro
2344 3016 177 47 Rossini
2553 3016 248 65 verspricht
2833 3016 149 48 ferner
3014 3016 91 48 und
3139 3016 153 48 macht
3320 3016 94 48 sich

1884 3090 295 61 verbindlich,
2210 3092 91 47 sich
2332 3092 41 49 in
2408 3095 115 47 Rom
2556 3094 306 54 einzufinden,
2893 3111 74 31 um
2998 3095 170 48 seinem
3201 3095 183 63 Engage-

1886 3176 124 42 ment
2037 3188 52 30 zu
2119 3171 318 66 entsprechen,
2470 3171 89 50 und
2588 3189 123 32 zwar
2739 3172 123 50 nicht
2890 3177 150 60 später
3069 3174 64 48 als
3167 3174 127 48 Ende
3326 3175 60 47 De-

1884 3247 187 50 cember
2107 3247 77 50 des
2225 3250 244 48 laufenden
2497 3251 181 56 Jahres,
2699 3251 115 55 .und
2846 3251 103 48 dem
2984 3252 214 65 Copisten
3228 3251 87 50 den
3346 3269 47 32 er-

1883 3334 98 40 sten
2005 3327 88 47 Act
2114 3326 148 50 seiner
2291 3327 129 65 Oper
2450 3329 346 66 vollständig
2828 3330 175 65 fertig
3034 3330 85 48 den
3138 3329 85 50 20.
3242 3331 177 47 Januar

1892 3403 142 50 1816
2065 3422 52 31 zu
2149 3406 290 65 übergeben;
2485 3424 45 32 es
2563 3407 111 49 wird
2707 3407 80 49 der
2818 3407 86 50 20.
2934 3410 177 47 Januar
3151 3409 268 64 festgesetzt,

1886 3482 142 50 damit
2056 3483 71 50 die
2152 3483 182 50 Proben
2367 3485 90 48 und
2489 3485 71 49 die
2582 3486 273 48 Ensembles
2883 3487 169 49 schnell
3082 3486 213 66 gehalten
3327 3487 90 49 und

1884 3561 225 63 geordnet
2138 3562 186 48 werden
2368 3562 92 48 und
2504 3562 71 48 die
2605 3563 128 67 Oper
2775 3580 56 32 an
2875 3563 102 50 dem
3021 3566 145 64 Tage,
3208 3565 86 48 den
3340 3565 80 48 der

1887 3640 210 48 Director
2128 3638 249 60 bestimmt,
2423 3641 243 49 unfehlbar
2702 3643 41 47 in
2775 3643 145 49 Scene
2958 3643 147 65 gehen
3144 3642 167 56 könne,
3354 3643 42 49 in-

1886 3717 103 50 dem
2020 3717 72 50 die
2122 3726 118 42 erste
2272 3720 296 66 Vorstellung
2598 3720 211 50 desshalb
2838 3722 141 48 schon
3003 3722 112 65 jetzt
3144 3722 83 48 auf
3250 3721 87 49 den
3369 3725 48 47 5.

1890 3796 207 49 Februar
2127 3797 111 48 oder
2269 3798 230 65 ungefähr
2535 3806 230 56 angesetzt
2795 3800 128 48 wird.
2982 3801 175 48 Ferner
3188 3816 121 33 muss
3339 3800 81 49 der

1886 3875 199 48 Maestro
2112 3875 176 49 Rossini
2318 3877 153 47 seinen
2502 3878 188 47 zweiten
2723 3878 85 47 Act
2840 3877 217 50 ebenfalls
3086 3895 60 32 zu
3177 3877 97 50 der
3303 3894 113 33 vom

1987 4061 36 47 *)
2052 4063 224 36 Uebersetzt
2305 4074 67 24 aus
2409 4062 248 37 Escudier'
2671 4075 15 24 s
2727 4061 66 38 Vie
2821 4063 46 37 de
2896 4063 156 38 Eossini
3079 4077 37 24 u.
3146 4077 27 24 s.
3206 4077 58 32 w.,
3295 4065 121 43 Paris,

1883 4122 113 47 1854,
2025 4123 35 36 S.
2091 4121 49 39 35
2170 4136 36 24 u.
2234 4125 37 34 ff.
