2461 4137
384 272 92 54 456

1092 280 57 29 LE
1185 279 240 29 MERCURE
1461 277 219 31 MUSICAL

437 485 294 51 Annonçons
780 495 105 41 que,
927 495 82 41 par
1032 481 121 42 suite
1180 482 56 41 de
1263 495 87 27 son
1378 481 166 41 succès
1575 482 219 51 toujours
1834 479 252 52 croissant,
2116 487 118 35 cette
2264 483 96 50 jolie

382 545 298 55 publication
705 544 292 55 parisienne,
1025 543 78 56 qui
1130 558 25 27 a
1175 545 216 54 toujours
1415 557 50 28 sa
1491 543 234 42 direction
1745 552 45 33 et
1829 557 49 27 sa
1899 542 243 42 rédaction
2161 543 71 51 83,
2257 545 78 45 bou-

381 608 157 41 levard
571 606 339 53 Poniatowski,
939 621 25 26 a
996 607 63 41 dû
1082 615 295 46 transporter
1422 619 88 29 son
1538 606 385 41 administration
1949 606 358 52 (abonnements
2326 622 36 33 et

387 670 280 52 annonces),
691 682 70 37 10,
789 682 83 28 rue
896 668 179 54 Auber,
1110 669 25 41 à
1159 669 45 41 la
1227 669 177 55 grande
1436 669 189 55 Agence
1651 667 447 57 anglo-américaine
2136 667 79 56 qui
2253 669 108 47 édite

382 731 104 55 déjà
510 730 82 42 des
613 731 182 43 Revues
834 741 101 32 tant
960 731 260 55 françaises
1255 730 365 57 qu'étrangères.

437 850 301 42 Association
762 849 216 54 générale
1010 851 79 42 des
1111 851 277 52 publicistes
1405 851 204 53 français
1625 852 211 39 —Nous
1860 862 271 43 apprenons
2174 849 44 42 la
2261 865 77 31 con-

384 911 216 41 stitution
621 913 58 41 de
710 911 27 41 Y
741 913 294 42 Association
1058 913 223 57 générale
1300 914 76 41 des
1409 913 279 42 Publicistes
1719 913 221 58 français
1946 947 10 15 ,
2016 910 216 57 syndicat
2264 928 73 41 pro-

382 973 280 52 fessionnel,
685 974 117 42 dont
834 974 41 42 le
904 974 125 56 siège
1056 984 70 32 est
1147 976 23 40 à
1199 975 149 50 Paris,
1375 989 84 27 rue
1511 974 465 56 Grange-Batelière,
2011 987 51 29 no
2092 975 66 41 16.

440 1035 49 42 Lî
496 1037 291 41 Association
839 1037 218 57 générale
1081 1039 78 40 des
1183 1038 279 41 Publicistes
1475 1039 223 57 français
1723 1051 25 28 a
1787 1051 122 42 pour
1935 1038 84 41 but
2045 1054 22 21 <c
2116 1037 56 42 de
2209 1051 132 33 resser-

383 1112 73 28 rer
475 1098 68 42 les
564 1098 120 42 liens
712 1099 56 41 de
792 1098 242 42 fraternité
1055 1108 44 33 et
1124 1100 57 41 de
1208 1100 247 41 solidarité
1481 1108 129 33 entre
1634 1100 67 41 les
1728 1100 231 41 écrivains
1992 1099 202 55 français
2241 1103 97 44 adhé-

381 1168 129 34 rents
539 1174 9 39 ;
578 1162 56 40 de
660 1161 227 42 défendre
912 1162 68 41 les
1006 1162 194 42 intérêts
1223 1176 200 28 moraux
1445 1171 45 33 et
1513 1162 239 42 matériels
1780 1164 57 40 de
1862 1162 45 42 la
1952 1163 304 55 corporation
2283 1179 8 37 ;
2316 1168 46 41 de

380 1232 160 46 porter
564 1237 194 28 secours
786 1233 43 32 et
853 1225 156 54 prêter
1035 1225 262 42 assistance
1318 1225 24 41 à
1366 1239 73 28 ses
1465 1225 253 42 adhérents
1747 1239 9 38 ;
1781 1225 293 56 d'organiser
2111 1239 92 28 une
2229 1227 134 45 caisse

384 1286 56 42 de
465 1286 216 42 retraites
702 1300 123 41 pour
852 1301 73 28 ses
948 1288 238 41 membres
1214 1305 10 33 ;
1252 1288 57 41 de
1334 1291 247 52 s'occuper
1603 1289 57 42 de
1685 1289 103 40 leur
1812 1289 271 54 placement
2108 1301 57 28 en
2205 1302 73 28 cas
2317 1293 46 42 de

385 1348 172 42 besoin
577 1363 10 39 ;
623 1350 56 40 de
711 1348 116 43 faire
850 1348 194 57 profiter
1067 1364 73 28 ses
1163 1351 238 42 membres
1425 1352 57 40 de
1506 1359 109 33 tous
1634 1350 68 42 les
1737 1359 252 47 avantages
2017 1350 168 56 qu'elle
2206 1365 157 41 pourra

383 1411 188 42 obtenir
595 1425 57 28 en
679 1412 102 41 leur
807 1411 159 42 faveur
991 1426 62 28 ou
1079 1413 171 55 qu'elle
1276 1427 176 41 pourra
1472 1413 132 42 créer
1624 1427 112 28 avec
1759 1427 74 28 ses
1858 1426 200 42 propres
2083 1425 275 35 ressources.

442 1474 103 41 Elle
566 1488 103 27 sera
692 1489 65 26 un
775 1474 217 55 puissant
1015 1476 110 41 trait
1139 1475 196 42 d'union
1363 1484 130 33 entre
1519 1485 109 32 tous
1652 1489 118 28 ceux
1796 1475 80 56 qui
1897 1475 104 42 font
2020 1475 268 56 profession
2316 1479 47 42 de

384 1535 345 52 belles-lettres,,
759 1536 226 54 sciences,
1011 1537 268 52 éducation,
1304 1538 326 54 journalisme,
1655 1547 87 33 etc.
1768 1553 10 37 ;
1807 1538 89 42 elle
1917 1547 70 33 est
2009 1547 190 33 ouverte
2225 1539 24 41 à
2271 1548 92 35 tous

383 1597 69 42 les
471 1608 342 47 propagateurs
841 1599 55 41 de
919 1599 44 42 la
983 1601 176 54 pensée
1183 1614 86 41 par
1293 1601 43 41 la
1361 1615 179 41 presse,
1582 1601 45 41 la
1663 1601 180 55 parole,
1880 1601 44 41 la
1970 1601 160 56 plume
2178 1609 43 34 et
2271 1616 91 30 sans

388 1660 280 43 distinction
692 1661 247 56 d'opinion
965 1676 62 27 ou
1050 1663 57 41 de
1131 1663 121 54 parti
1274 1663 250 56 politique.

442 1724 65 40 Le
534 1724 247 41 Directeur
804 1724 56 41 de
883 1724 27 40 Y
914 1726 294 40 Association
1230 1726 225 56 générale
1479 1727 78 41 des
1601 1726 284 42 Publicistes
1902 1727 217 57 français
2147 1735 69 33 est
2245 1738 117 33 notre

385 1785 214 42 confrère
624 1786 246 54 Alphonse
905 1787 211 56 Bévylle,
1144 1787 173 56 auquel
1352 1802 63 27 on
1439 1797 115 46 peut
1586 1789 257 41 s'adresser
1875 1803 57 27 au
1959 1787 141 57 siège,
2128 1802 119 42 pour
2269 1798 93 35 tous

387 1848 424 55 renseignements.

440 1908 390 57 L'inauguration
863 1910 225 42 officielle
1126 1919 44 33 et
1209 1911 265 43 solennelle
1500 1913 56 41 de
1584 1912 334 43 l'Association
1942 1928 113 28 aura
2079 1914 95 42 lieu
2209 1928 55 28 en
2300 1929 42 28 oc-

383 1971 154 42 tobre.
567 1971 93 42 Dès
677 1973 294 41 maintenant
995 1973 238 42 félicitons
1253 1975 56 40 de
1335 1975 102 41 leur
1455 1975 257 55 généreuse
1738 1975 229 43 initiative
1993 1976 67 42 les
2086 1985 276 47 promoteurs

383 2034 56 40 de
463 2043 121 32 cette
618 2048 160 29 œuvre
803 2035 80 55 qui
910 2050 118 36 sera,
1062 2050 375 42 croyons-nous,
1481 2038 334 42 considérable
1854 2047 44 33 et
1941 2039 25 41 à
2011 2039 204 56 laquelle
2258 2053 104 28 nous

384 2095 279 43 souhaitons
689 2097 45 41 la
755 2098 265 56 prospérité
1046 2112 122 42 pour
1189 2098 42 41 le
1265 2099 111 41 bien
1399 2100 168 55 qu'elle
1585 2109 204 47 promet.

438 2212 184 44 Société
647 2215 287 43 Beethoven.
1041 2215 77 41 Un
1142 2229 179 42 groupe
1348 2216 360 42 d'admirateurs
1734 2218 56 41 de
1825 2218 276 43 Beethoven
2133 2232 26 28 a
2190 2232 173 42 songea

381 2274 160 42 réunir
573 2276 67 41 les
666 2276 122 43 vrais
816 2276 204 51 artistes,
1058 2277 67 42 les
1162 2286 237 33 amateurs
1430 2279 195 42 éclairés
1668 2289 140 46 ayant
1839 2281 42 41 le
1908 2281 126 42 culte
2068 2281 81 42 des
2184 2281 179 56 grandes

383 2351 189 28 œuvres
599 2339 62 41 du
689 2338 185 53 Maître,
896 2353 58 28 en
983 2354 92 27 une
1111 2340 188 42 Société
1323 2341 163 42 intime
1510 2342 194 55 (société
1726 2342 195 56 privée),
1949 2344 116 41 dont
2097 2345 44 40 la
2172 2343 191 42 création

381 2402 295 52 permettrait
698 2415 95 28 une
826 2401 90 42 fois
941 2411 108 33 tous
1082 2402 68 42 les
1183 2417 83 27 ans
1298 2403 249 43 l'audition
1590 2405 82 41 des
1721 2407 239 51 Quatuors
1999 2406 25 42 à
2060 2407 164 41 cordes
2251 2414 40 33 et
2317 2406 46 40 de

384 2462 230 55 quelques
661 2472 156 33 autres
851 2464 388 43 chefs-d'œuvre.
1279 2468 64 39 Le
1378 2467 216 51 Quatuor
1638 2468 56 41 de
1728 2467 43 42 la
1805 2468 270 42 Fondation
2110 2468 253 42 Beethoven

387 2524 207 53 (Tracol,
618 2526 136 41 Mont
758 2540 93 26 eux
857 2561 8 15 y
903 2527 289 55 Dulaurens,
1227 2523 282 59 Schnéklud)
1535 2544 48 27 se
1609 2539 95 32 met
1741 2531 23 40 à
1801 2530 43 42 la
1869 2531 286 56 disposition
2181 2531 53 41 de
2260 2538 103 34 cette

387 2586 204 42 Société.
622 2589 66 40 La
712 2587 183 43 Société
922 2589 274 43 Beethoven
1223 2591 251 41 donnerait
1495 2601 119 33 cette
1637 2592 150 42 année
1819 2606 59 30 10
1903 2594 201 49 séances,
2132 2593 109 42 salle
2258 2593 51 41 de
2328 2592 35 41 la

387 2648 186 42 Société
609 2651 56 40 de
692 2651 317 55 Géographie,
1040 2653 260 42 boulevard
1328 2653 403 53 Saint-Germain,
1767 2656 97 53 184.
1905 2658 128 39 Pour
2057 2665 107 33 tous
2200 2654 140 43 rensei-

385 2721 264 44 gnements,
674 2712 146 42 écrire
847 2715 23 39 à
898 2715 64 42 M.
992 2716 197 54 Jacques
1216 2716 230 42 Beltrand
1451 2749 9 19 ,
1484 2718 73 54 69,
1577 2718 260 43 boulevard
1863 2720 213 50 Pasteur,
2103 2718 233 43 Paris~XV
2340 2725 12 17 c
2358 2747 5 10 .

441 2831 97 41 Une
563 2833 226 50 surprise.
896 2832 102 43 Elle
1025 2847 102 28 sera
1150 2848 122 41 pour
1298 2835 42 41 le
1365 2850 14 26 i
1384 2844 34 20 er
1444 2837 275 50 novembre,
1746 2837 41 42 le
1806 2852 14 26 i
1824 2845 37 24 er
1877 2838 114 41 avril
2011 2838 126 42 étant
2154 2837 209 43 vraiment

383 2905 65 28 un
472 2905 92 42 peu
589 2893 116 42 loin.
734 2895 127 42 C'est
887 2909 92 28 une
1016 2896 132 42 lettre
1184 2897 175 42 inédite
1386 2898 57 42 de
1467 2899 298 55 l'inégalable
1792 2901 242 55 Mangeot,
2061 2900 79 56 qui
2165 2913 114 28 nous
2304 2905 59 34 est

383 2968 240 40 parvenue
669 2958 161 54 quand
872 2958 42 41 le
957 2959 192 54 présent
1183 2961 199 41 numéro
1408 2961 113 42 était
1552 2961 105 56 déjà
1694 2976 110 28 sous
1829 2976 160 41 presse
2017 2977 9 28 :
2053 2977 65 28 un
2141 2976 85 42 pur
2247 2958 92 44 chef-

387 3017 225 43 d'œuvre.

2044 3091 109 39 Pan.

1176 3754 67 45 Le
1281 3754 464 49 Directeur-Gérant
1771 3776 7 28 :
1829 3758 163 47 Louis
2031 3759 188 45 LALOY.

980 3861 114 31 Poitiers.
1111 3875 20 8 -
1144 3863 98 32 Société
1256 3866 119 37 française
1389 3868 168 34 d'lmprimerie
1575 3869 28 30 et
1620 3871 30 28 de
1672 3871 124 30 Librairie.
