2461 4137
1055 167 59 28 LE
1150 164 240 31 MERCURE
1424 164 221 32 MUSICAL

357 166 93 40 410

429 376 221 64 C'était,
677 373 287 70 jusqu'ici,
988 374 48 51 le
1065 374 118 53 seul
1225 373 280 54 musicien
1549 376 395 68 remarquable
1994 376 139 51 dont
2168 377 45 51 le
2231 395 124 39 nom

360 456 176 51 m'eût
556 451 193 68 frappé
778 462 13 55 ;
818 449 47 69 je
907 451 283 52 m'arrêtai
1221 452 276 68 quelques
1539 451 244 53 instants
1821 453 206 51 devant
2060 470 58 34 sa
2152 456 200 54 tombe.

430 551 26 27 «
481 527 183 63 Ainsi,
701 527 325 70 pensais-je,
1079 527 145 53 voici
1272 545 79 35 un
1390 529 205 69 peuple
1624 528 97 70 qui
1779 542 135 56 peut
1954 531 401 67 s'enorgueillir

359 608 67 50 de
451 623 85 33 ses
571 607 192 66 poètes
788 616 54 39 et
861 604 66 51 de
965 622 85 33 ses
1087 603 343 53 littérateurs
1464 622 117 34 non
1611 604 188 52 moins
1845 623 108 52 que
1995 607 66 51 de
2104 623 88 33 ses
2245 625 73 35 ma-

362 683 117 52 rins
500 696 55 37 et
576 681 68 50 de
670 697 87 34 ses
783 679 262 52 hommes
1065 682 68 51 de
1159 698 217 52 guerre.
1416 682 44 51 Il
1488 694 84 39 est
1597 682 215 70 unique
1840 701 69 34 au
1942 683 205 51 monde
2183 683 43 51 si
2253 684 102 54 l'on

363 757 292 54 considère
688 757 281 53 l'étendue
1002 758 66 52 de
1092 776 89 34 ses
1204 758 360 69 possessions
1594 771 14 54 ;
1643 758 37 52 il
1709 758 142 52 tient
1883 758 255 70 l'empire
2189 761 65 50 de
2311 763 44 52 la

362 853 122 36 mer
504 849 13 54 ;
543 853 60 33 sa
642 834 202 70 langue
870 847 82 38 est
974 835 287 69 répandue
1285 834 131 52 d'un
1448 835 127 69 pôle
1602 838 30 48 à
1657 835 196 53 l'autre
1882 849 13 55 ;
1924 835 37 53 il
2003 835 212 53 semble
2258 856 97 52 que

362 913 122 52 rien
506 929 69 33 ne
611 910 80 52 lui
713 927 267 52 manque.
1016 912 217 68 Jusque
1267 913 140 51 dans
1432 912 51 50 la
1515 912 263 69 peinture
1806 912 37 52 il
1877 932 29 32 a
1940 929 74 54 pu
2038 913 233 52 exceller
2310 932 45 37 et

362 990 219 51 donner
614 988 97 51 des
755 987 294 52 coloristes
1094 1004 221 36 comme
1352 988 292 70 Reynolds
1680 1002 53 38 et
1768 988 462 70 Gainsborough,
2265 992 87 52 des

362 1064 350 72 paysagistes
745 1082 221 34 comme
999 1065 244 66 Turner,
1296 1065 97 52 des
1427 1064 328 53 animaliers
1789 1083 222 36 comme
2060 1067 293 69 Landseer,

362 1145 97 51 des
509 1154 238 57 voyants
801 1158 221 34 comme
1065 1143 229 62 Watts;
1355 1159 107 52 que
1498 1142 207 71 peut-il
1764 1143 251 52 désirer?
2058 1143 205 52 Hélas!
2311 1147 41 50 le

359 1220 150 54 voilà
534 1219 318 70 cependant
877 1218 169 52 faible
1081 1235 100 53 par
1218 1219 245 70 quelque
1500 1223 138 49 côté.
1672 1219 337 52 Pourrait-il
2055 1238 144 34 nous
2230 1220 123 54 citer

362 1314 78 37 un
479 1295 279 54 musicien
796 1296 66 51 de
890 1295 159 69 génie
1073 1296 19 50 ?
1119 1295 235 55 N'a-t-il
1382 1314 97 51 pas
1526 1298 94 62 dû,
1649 1314 143 52 pour
1826 1314 69 35 ne
1930 1296 161 69 point
2124 1299 227 67 paraître

362 1392 70 33 en
473 1389 280 52 manquer
832 1371 463 69 complètement,
1370 1373 236 68 adopter
1676 1373 248 61 celui-ci,
1996 1374 259 62 Haendel,
2310 1376 41 50 le

362 1454 254 49 créateur
641 1449 72 52 du
1134 1448 226 63 Messie,
992 1465 77 35 un
1105 1448 324 64 Allemand,
1462 1465 199 35 encore
1695 1450 173 67 qu'on
1909 1450 48 51 le
1991 1449 118 52 dise
2132 1450 219 69 Anglais

364 1545 99 51 par
495 1524 370 53 l'éducation?
894 1547 23 25 »

437 1646 49 11 ...
512 1605 88 50 Au
626 1603 214 63 chœur,
881 1600 198 52 l'office
1134 1601 258 70 anglican
1431 1601 395 69 commençait.
1867 1605 151 50 Avec
2058 1616 141 40 cette
2239 1605 113 52 voix

363 1683 168 63 lente,
567 1695 185 52 grave,
809 1676 287 70 mystique
1147 1677 99 51 des
1296 1676 291 54 ministres
1630 1680 66 50 de
1746 1679 232 70 l'Eglise
2041 1680 237 65 Etablie,
2311 1683 40 50 le

363 1760 184 66 doyen
598 1754 297 53 entonnait
955 1754 79 52 les
1074 1754 234 70 prières.
1360 1756 356 51 Doucement
1766 1756 79 51 les
1890 1771 222 55 orgues,
2147 1774 204 36 comme

363 1832 352 54 conscientes
749 1832 66 51 de
834 1831 125 52 leur
976 1830 116 52 rôle
1126 1835 176 62 sacré,
1331 1830 383 71 gémissaient,
1742 1846 230 56 portant
2003 1837 29 47 à
2058 1848 207 38 travers
2283 1836 68 50 les

359 1915 201 48 voûtes
581 1910 152 51 leurs
752 1921 161 38 notes
928 1907 245 69 pieuses,
1190 1907 174 68 jetant
1389 1925 78 34 un
1483 1909 133 69 long
1636 1909 417 53 frémissement
2065 1929 68 33 au
2159 1911 115 52 sein
2293 1914 56 49 de

363 2000 140 39 cette
520 1987 145 51 forêt
691 1984 402 53 harmonieuse
1121 1985 65 51 de
1210 1985 290 66 colonnes,
1525 1985 138 53 fruit
1696 1987 74 51 du
1797 1989 127 67 plus
1950 2004 108 53 pur
2079 1989 272 69 gothique,

363 2065 72 52 où
471 2065 51 49 la
547 2061 239 55 lumière
809 2061 255 62 tamisée,
1102 2060 219 64 timide,
1361 2066 301 65 pénétrant
1695 2080 102 52 par
1831 2064 78 52 les
1943 2080 221 37 rosaces
2196 2065 130 51 histo-

363 2140 163 63 riées,
557 2158 56 33 se
649 2137 176 69 jouait
852 2138 66 51 de
951 2137 156 51 mille
1144 2137 302 52 manières.
1488 2138 158 67 Puis,
1683 2140 96 51 des
1813 2140 214 70 gosiers
2051 2154 123 39 tout
2206 2141 145 52 neufs

363 2217 66 51 de
463 2216 170 70 petits
668 2213 230 70 soprani
918 2231 69 34 en
1021 2213 213 70 surplis
1261 2213 268 54 sortirent
1552 2216 96 51 des
1669 2216 241 70 hymnes
1931 2217 260 68 fraîches,
2213 2218 111 51 char-

362 2306 241 39 mantes.
641 2291 160 65 Puis,
823 2291 313 52 lentement
1164 2307 223 50 encore,
1417 2292 48 51 le
1486 2291 155 53 bruit
1669 2295 95 50 des
1788 2310 203 53 orgues
2032 2311 170 46 cessa,
2239 2293 90 54 lais-

364 2382 125 38 sant
514 2385 79 37 un
633 2368 136 52 écho
797 2368 214 52 attardé
1051 2385 57 33 se
1164 2367 201 70 glisser
1397 2380 53 39 et
1503 2367 226 70 languir
1769 2368 47 51 le
1851 2370 135 69 long
2011 2371 97 52 des
2132 2387 168 49 murs,
2325 2373 24 47 à

363 2460 215 39 travers
612 2459 129 39 tous
776 2462 90 35 ces
898 2446 167 51 vieux
1097 2445 323 53 tombeaux.

434 2522 103 66 Or,
567 2523 65 52 de
656 2522 129 69 plus
813 2539 68 34 en
908 2521 146 70 plus,
1077 2539 78 35 un
1181 2521 292 70 problème
1509 2540 55 33 se
1586 2522 203 69 posait,
1821 2536 212 55 tenace,
2060 2523 283 64 lancinant,

363 2605 29 47 à
433 2616 137 36 mon
599 2598 177 70 esprit
816 2612 12 37 :
874 2597 295 69 Pourquoi
1204 2598 147 51 donc
1376 2598 78 51 les
1470 2598 257 70 Anglais,
1764 2599 98 70 qui
1900 2605 235 64 goûtent
2165 2601 106 52 fort
2306 2599 42 50 la

362 2674 285 72 musique,
687 2674 98 70 qui
804 2673 213 53 aiment
1039 2677 29 48 à
1091 2674 250 61 chanter,
1384 2676 257 50 n'ont-ils
1666 2695 97 51 pas
1797 2678 66 51 de
1890 2678 264 69 musique
2191 2677 130 52 natio-

362 2753 124 51 nale
514 2753 18 51 ?
555 2751 285 71 pourquoi
857 2751 371 69 l'Angleterre
1262 2751 385 69 n'a-t-ellepas
1680 2771 65 34 su
1774 2754 268 68 produire
2069 2756 66 50 de
2159 2754 185 70 grands

363 2829 325 66 musiciens,
722 2845 221 35 comme
974 2828 213 66 l'ltalie,
1225 2828 51 52 la
1304 2829 211 51 France
1549 2842 52 38 et
1636 2829 373 71 l'Allemagne
2036 2833 77 51 ?...

437 2947 56 12 ...
519 2907 64 51 Je
602 2904 193 54 venais
818 2906 66 50 de
912 2904 169 54 sortir
1103 2922 103 52 par
1232 2904 48 51 le
1317 2904 203 69 portail
1549 2908 29 48 à
1611 2907 146 51 deux
1782 2906 153 52 baies
1976 2908 287 52 surmonté
2287 2904 56 51 de

363 2984 50 51 la
440 2983 140 52 belle
608 2994 182 40 statue
814 2983 65 50 de
907 2982 50 51 la
988 2982 202 70 Vierge
1223 2982 343 66 bénissante,
1589 2983 128 52 telle
1742 3002 108 51 que
1883 2984 137 52 l'ont
2052 3001 202 49 conçue
2277 2980 66 51 les

363 3059 270 70 primitifs
674 3058 257 52 tailleurs
959 3058 292 71 d'images,
1281 3076 88 34 ces
1415 3058 243 70 inspirés
1696 3062 67 51 de
1798 3060 119 53 l'art
1950 3060 265 54 chrétien.
2251 3057 94 54 Sur

363 3138 48 51 le
440 3153 201 54 square
665 3137 75 50 du
766 3135 327 52 Parlement
1124 3138 94 62 où,
1253 3137 168 68 figées
1460 3138 139 51 dans
1627 3156 110 33 une
1785 3138 240 53 attitude
2071 3139 268 70 gourmée,

362 3213 292 70 président
679 3212 78 53 les
785 3224 212 41 statues
1025 3212 317 52 d'hommes
1364 3213 190 51 d'Etat
1577 3213 268 67 célèbres,
1872 3232 109 34 une
2004 3214 147 52 foule
2184 3213 133 67 bigar-

362 3295 110 61 rée,
501 3294 247 66 pressée,
791 3289 260 71 s'agitait.
1084 3290 111 51 Des
1227 3307 138 52 gens
1406 3290 313 58 couraient,
1760 3309 56 33 se
1856 3292 286 64 heurtant,
2196 3289 124 52 silen-

360 3367 180 66 cieux,
586 3365 282 65 abstraits,
921 3383 220 36 comme
1183 3367 68 52 de
1294 3367 178 50 froids
1514 3368 389 53 calculateurs.
1938 3369 109 51 Des
2098 3364 245 55 omnibus

360 3444 388 53 multicolores
769 3443 289 70 passaient
1089 3445 207 51 devant
1322 3459 120 37 mes
1474 3462 165 51 yeux,
1677 3459 248 56 coupant
1950 3447 51 50 la
2033 3438 309 58 monotonie

359 3523 66 51 de
462 3534 141 40 cette
637 3520 275 70 agitation
952 3519 365 69 journalière,
1355 3520 189 52 tandis
1601 3539 109 51 que
1742 3521 48 53 le
1835 3521 203 53 cocher
2070 3519 152 70 jetait
2253 3528 91 39 aux

359 3612 161 38 vents
562 3617 59 33 sa
646 3598 276 52 direction
946 3613 10 37 :
1629 3596 235 66 Strand,
2168 3599 179 62 Bank,

432 3676 77 50 Le
538 3674 291 70 problème
862 3675 67 51 de
969 3687 125 39 tout
1128 3678 29 48 à
1176 3674 209 52 l'heure
1413 3674 339 53 m'obsédait
1776 3688 72 53 et,
1879 3679 28 47 à
1942 3688 123 56 part
2089 3671 129 65 moi,
2245 3668 74 52 sin-

362 3754 301 63 cèrement,
686 3750 47 68 je
777 3751 207 52 n'osais
1017 3768 90 35 me
1134 3751 187 52 flatter
1348 3753 65 50 de
1470 3751 196 54 l'avoir
1708 3753 203 52 résolu.
1952 3754 156 51 Tout
2135 3767 64 34 au
2231 3745 109 71 plus
